3974 6144
375 288 507 377 1497

1195 306 1728 368 EPISTOLARUM
1765 306 1910 365 LIB.
1947 305 2016 366 ιν.
2053 327 2122 338 -
2159 301 2394 362 EPIST.
2430 297 2836 359 CCLXXVIII.

3472 291 3607 356 1498

372 432 482 488 τοϊς
529 422 622 475 τοῦ
670 420 846 476 πάντα
889 419 988 472 ὅσα
1014 415 1300 489 ,βούλονται
1349 417 1443 470 καὶ
1470 415 1724 485 δύνανται
1767 417 1941 468 ποιεῖν
1974 421 2008 474 Α

2088 421 2410 480 ιειοιεηιιιιιε
2447 407 2661 469 fecerit,
2693 386 3027 474 quaecunque
3051 399 3181 454 libet
3200 405 3480 470 potestque
3506 413 3605 468 pa-

373 511 638 577 δεδωκὼς,
689 502 842 572 οὗτος
887 507 1286 575 καταγέλαστος
1319 505 1491 570 ἔσται,
1533 504 1602 558 τὰ
1623 504 1730 558 τῶν
1765 502 1938 556 ἄλλων

2046 502 2240 566 trandi,
2286 500 2372 554 bic
2417 497 2774 568 perridiculos
2823 494 3037 556 evadet,
3089 491 3318 545 aliorum
3352 490 3396 544 si
3427 496 3608 554 errata

374 601 717 674 πειρώμενος
763 597 1028 670 διορθοῦν.
1057 598 1268 651 Ταυτδν
1311 597 1418 667 γὰρ
1466 597 1626 662 ποιεῖ,
1659 593 1847 663 ὥσπερ
1875 591 1941 644 ἂν

2088 593 2322 660 arrigere
2349 590 2566 644 audeat.
2597 587 2826 642 Perinde
2853 586 2996 638 enim
3035 581 3182 646 facit,
3208 592 3370 650 atque
3401 579 3447 634 si
3495 592 3612 633 me—
3691 579 3699 588 ’

377 694 430 744 εί
457 709 538 754 τις
574 690 756 762 ἰατρὸς
784 688 964 742 ἓλκεσι
994 687 1172 757 βρύων
1199 686 1267 739 τὰ
1286 685 1392 737 τῶν
1421 683 1590 748 πέλας
1621 679 1942 753 θεραπεύειν

378 783 702 855 ἐπιχειροίη.

713 887 890 956 Σοςῖ.
924 917 995 928 -
1026 885 1287 955 ΕΡΜΙΝῼ
1319 881 1611 936 ΚΟΜΗΤΙ.

382 988 458 1041 De
503 993 779 1056 grassante
834 983 1096 1048 Simonia,
1161 996 1252 1034 seu
1297 975 1585 1056 sacerdotii
1631 975 2028 1056 nundinatione.

2045 681 2202 735 ‘dicus
2235 679 2357 749 quis
2382 679 2653 734 ulceribus
2677 681 2892 731 scatens
2926 672 3150 728 aliorum
3177 683 3367 727 curare
3397 667 3616 725 morbos

2049 767 2330 837 suscipiat.
2510 771 2512 773 '

2317 835 2636 931 cenati.
2662 901 2734 913 -
2761 867 3072 940 HERMINO
3109 865 3364 922 conm.

2092 973 2198 1044 (De
2233 988 2344 1044 qua
2389 969 2570 1044 etlib.
2617 985 2656 1039 ι,
2713 969 2866 1037 epist.
2919 965 3020 1021 149
3056 971 3103 1020 et
3153 960 3280 1027 151,
3315 970 3363 1014 et
3395 959 3490 1014 lib.
3537 971 3618 1023 ιιι,

1503 1047 1657 1129 epist.
1698 1045 1823 1109 594,
1858 1052 1907 1097 et
1949 1041 2273 1112 injra‘epist.
2315 1041 2465 1107 395.)

455 1165 564 1220 Καὶ
590 1165 638 1216 οἱ
669 1162 1070 1234 πιπράσκοντες
1095 1157 1190 1210 καὶ
1227 1157 1276 1209 οἱ
1321 1152 1704 1223 ἀγοράζοντες,
1745 1151 1820 1213 ὡς
1858 1149 1949 1216 γέ-

383 1254 747 1330 γραφας.τὴν
795 1249 1112 1322 ἱερωσύνην,
1157 1246 1410 1316 μέγιστον
1453 1243 1573 1296 καθ’
1619 1241 1826 1294 ἑαυτῶν
1859 1241 1952 1291 ὲκ-

390 1351 614 1421 φέρουσι
631 1346 849 1414 δεῖγμα,
868 1338 936 1416 ἦς
957 1341 1134 1410 έχουσι
1157 1336 1396 1409 περὶτοῦ
1426 1335 1748 1406 πράγματος
1768 1331 1944 1400 δόξης.

2121 1148 2187 1202 Ει
2215 1149 2506 1206 vendentes
2532 1155 2586 1200 et
2619 1153 2880 1206 ementes,
2915 1151 2974 1196 ut
3003 1141 3069 1196 ad
3097 1155 3185 1195 me
3222 1135 3506 1206 scripsisti,
3537 1150 3626 1190 sa-

2054 1240 2375 1304 cerdotium,
2425 1238 2459 1290 ii
2493 1250 2740 1305 maguum
2786 1242 2973 1289 contra
3031 1245 3088 1286 se
3135 1228 3296 1301 643
3345 1226 3627 1295 proferunt

2054 1336 2424 1399 argumentum
2483 1341 2592 1381 sua:
2626 1339 2787 1394 quam
2819 1323 2886 1376 de
2915 1322 3018 1375 boc
3048 1317 3262 1388 negotio
3286 1316 3481 1369 habent
3511 1311 3626 1381 ορί-

388 1405 475 1498 (de.
498 1443 602 1512 γὰρ
649 1405 1075 1505 διν-έτόλμησναν,
1123 1433 1172 1486 οἱ
1209 1405 1307 1502 μὲν
1344 1405 1617 1497 πωλῆσαι,
1653 1426 1702 1478 oi
1735 1425 1792 1478 δὲ
1825 1425 1955 1492 ἀγο-

2093 1423 2253 1478 iouis.
2287 1419 2499 1489 Alioqui
2537 1433 2643 1476 non
2697 1423 2879 1476 essent
2929 1413 3044 1466 ausi
3085 1423 3266 1465 emere
3308 1417 3362 1460 et
3392 1405 3625 1459 vendere

397 1533 556 1602 ράσαι
588 1529 818 1599 πρᾶγμα
846 1525 1008 1589 θεῖον,
1033 1521 1131 1574 καὶ¹
1155 1520 1183 1572 ὃ
1217 1516 1461 1587 πολιτεία
1485 1515 1681 1586 ἀρίστῃ
1704 1513 1797 1566 καὶ
1836 1512 1960 1582 τρό-

393 1639 516 1684 ποις
536 1620 712 1690 ὀρθοῖς
747 1615 1118 1686 χρεωστεῖται.
1146 1609 1342 1664 Κανῶν
1373 1607 1480 1678 γὰρ
1510 1606 1601 1658 τοῦ
1639 1605 1962 1676 πράγματος

2058 1528 2170 1566 rem
2208 1511 2468 1573 divinam,
2501 1522 2620 1575 quae
2653 1506 2871 1576 optimae
2896 1501 3118 1556 debetur
3145 1489 3626 1552 administratiOni,

2063 1603 2330 1670 rectisque
2363 1598 2626 1653 moribus.
2644 1594 2849 1665 Regula
2873 1592 3015 1646 enim
3043 1588 3204 1656 hujus
3233 1585 3306 1639 rei
3345 1592 3447 1647 est,
3475 1589 3631 1647 aptus

396 1715 427 1781 ἡ
459 1665 829 1778 ὲζτιτῗηδεξότληῑς
848 1703 942 1756 τοῦ
966 1701 1353 1772 λαμϐάνοντος,
1383 1665 1432 1750 ἐι
1450 1665 1532 1767 ’μὴ
1564 1665 1809 1764 παίγνιον
1831 1665 1962 1746 αὺτδ
1993 1697 2008 1751 1

2088 1701 2122 1744 ιι
2145 1691 2214 1744 sit
2245 1665 2344 1759 qui
2372 1687 2615 1756 suscipit,
2646 1683 2746 1738 nisi
2778 1680 2987 1734 ludicra
3013 1665 3257 1746 qumdam
3307 1687 3390 1726 res
3433 1667 3632 1723 habea-

397 1798 535 1853 εἶναι
564 1800 847 1868 ἡγήσαιτο.
895 1793 1030 1846 Ποία
1060 1787 1153 1844 οὖν
1185 1790 1536 1844 ἀποκείσεται
1573 1786 1813 1858 τιμωρία
1850 1787 1964 1848 τοῖς

398 1891 685 1954 παίζουσιν
715 1888 771 1940 ἐν
815 1885 874 1938 ού
911 1884 1180 1943 παικτοίς,
1214 1882 1247 1949 ἡ
1279 1879 1346 1950 σὴ
1389 1877 1455 1931 ἂν
1482 1876 1647 1946 εἰδείη
1680 1877 1958 1947 φρόνησις.

399 1983 571 2035 Πάλαι
604 1979 700 2048 μὲν
730 1971 822 2030 οὖν
868 1976 959 2026 ἐπὶ
992 1973 1098 2027 τῶν
1162 1970 1436 2041 Ἑϐραίων
1497 1971 1561 2022 ὲκ
1594 1968 1785 2036 γένους
1833 1982 1966 2019 κατ-

402 2071 670 2143 αγομένης
693 2069 794 2138 τῆς
840 2065 1154 2136 ἱερωσύνης,
1201 2061 1511 2132 ἐμέμφοντο
1551 2058 1755 2123 πολλοὶ,
1803 2057 1871 2110 δι’
1903 2055 1969 2125 ἣν

405 2165 582 2218 αἰτίαν
628 2161 704 2230 τῷ
755 2159 939 2226 γένει,
985 2155 1101 2209 ἀλλ’
1153 2154 1212 2206 ού
1273 2154 1340 2222 τῇ
1393 2152 1558 2221 ἀρετῇ
1611 2146 1969 2217 ἁπενεμήθηο

406 2255 591 2325 ἐπειδὴ
629 2252 685 2306 δὲ
728 2253 822 2305 καὶ
867 2249 960 2300 ἐπὶ
993 2247 1054 2299 τὸ
1084 2246 1293 2315 βέλτιον
1327 2240 1732 2314 μετεκοσμήθη,
1759 2239 1856 2292 καὶ
1893 2240 1974 2300 εἰς

407 2351 503 2420 τὴν
545 2345 744 2418 ἀρετὴν
786 2338 1174 2413 μετεκομίσθη,
1227 2334 1489 2405 μειζόνως
1529 2330 1888 2400 παροινείται,
1939 2325 1973 2394 ἢ

406 2417 494 2494 δτέ
521 2417 615 2492 καὶ
644 2436 874 2489 ἐλάττων
905 2428 991 2501 ἦν,
1012 2431 1104 2484 καὶ
1126 2427 1205 2498 τῷ
1228 2426 1377 2495 γένει
1403 2421 1844 2492 ἀπεκεκλήρωτο.
1875 2417 1976 2470 Τό·-

409 2551 468 2585 τε
497 2530 593 2600 μὲν
622 2528 733 2598 γὰρ
759 2529 806 2579 εί
836 2526 928 2578 καὶ
950 2520 1088 2594 ἦσάν
1113 2535 1258 2581 τινες
1283 2515 1518 2580 ἀνάξιοι,
1549 2512 1686 2566 ἀλλὰ
1715 2507 1857 2581 ἦσαν
1885 2508 1980 2562 καὶ

412 2599 652 2694 ἄριστοι·
685 2619 744 2670 τὸ
768 2618 822 2670 δὲ
852 2616 1127 2686 χρήμασιν
1171 2606 1426 2662 ὠνεῖσθαι
1452 2603 1732 2664 παντελῶς
1767 2599 1980 2669 ἀπηγό-

417 2726 602 2783 ρευτοο
650 2711 765 2762 νυνι
794 2705 858 2758 δι’
887 2707 972 2756 ὅτε
1013 2701 1107 2755 καὶ
1155 2698 1245 2750 ἐπὶ
1268 2696 1329 2748 τὸ
1370 2696 1618 2764 κρεῖττον
1667 2689 1980 2750 ἐπιδέδωκε,

417 2777 511 2857 καὶ
532 2803 601 2874 τῇ
623 2801 788 2871 ἀρετῇ
812 2792 1152 2863 άπενεμήθη,
1189 2787 1454 2860 μειζόνως
1484 2779 1863 2850 κατεπατήθη.
1890 2777 1984 2841 Τίς

416 2895 524 2964 γὰρ
546 2891 656 2945 τῶν
690 2887 926 2959 ἀρίστων
953 2881 1176 2947 agnam
1203 2875 1553 2939 κολακεῦσαι,
1593 2872 1736 2925 ὥστε
1784 2868 1986 2937 ταύτης

2067 1793 2173 1838 tur.
2204 1783 2299 1837 Cui
2327 1781 2470 1834 enim
2499 1791 2671 1849 poenae
2693 1773 2960 1830 obnoxius
2997 1769 3243 1824 videatur
3271 1763 3463 1817 ludens
3492 1760 3544 1814 in
3575 1773 3634 1811 re

2067 1887 2172 1926 non
2201 1870 2430 1933 ludicra,
2468 1847 2555 1920 tua
2604 1881 2712 1918 non
2755 1865 2969 1932 ignorat
3011 1855 3299 1926 sapientia.
3336 1850 3475 1906 Olim
3514 1847 3636 1916 qui-

2069 1963 2189 2015 dem
2247 1974 2368 2014 cum
2409 1956 2551 2027 apud
2589 1953 2850 2009 Hebraeos
2891 1945 3246 2005 sacerdmalis
3278 1940 3511 2009 dignitas
3545 1936 3636 1990 uni

2071 2061 2232 2108 certa:
2265 2049 2482 2105 familia:
2525 2046 2796 2116 assignata
2866 2049 3030 2103 esset,
3078 2033 3490 2092 murmurabant
3533 2042 3636 2082 non

2075 2142 2256 2211 pauci,
2285 2154 2384 2193 cur
2409 2137 2485 2191 illi
2522 2136 2676 2204 stirpi
2710 2132 2888 2202 potius
2915 2145 2979 2184 ac
3022 2125 3208 2198 generi
3243 2135 3402 2192 quam
3458 2117 3638 2171 virtuti

2076 2235 2313 2287 daretur.
2345 2229 2636 2295 Postquam
2661 2239 2790 2278 vero
2809 2224 2920 2292 jam
2944 2217 3330 2276 sacerdotium,
3349 2224 3406 2267 et
3426 2211 3641 2281 dignius

2077 2336 2218 2384 esse,
2242 2329 2298 2375 et
2316 2318 2530 2373 virtutis
2563 2315 2748 2370 haberi
2779 2314 2916 2367 ratio
2944 2309 3132 2380 capit,
3175 2308 3381 2372 majore
3410 2301 3645 2354 afﬁcitur

2080 2411 2273 2477 injuria
2308 2423 2468 2478 quam
2501 2421 2622 2460 cum
2653 2401 2936 2473 ignobilius
2963 2406 3128 2462 esset,
3179 2409 3241 2448 ac
3280 2389 3432 2459 stirpi
3479 2389 3646 2441 haere-

2081 2501 2334 2554 ditarium
2367 2515 2382 2552 :
2407 2496 2506 2551 etsi
2531 2495 2675 2550 enim
2697 2506 2828 2546 tunc
2854 2487 3096 2545 nonnulli
3125 2481 3414 2550 eoindigni
3438 2485 3643 2536 essent.

2080 2601 2237 2648 erant
2285 2601 2460 2644 tamen
2523 2596 2578 2642 et.
2616 2586 2828 2655 optimi,
2891 2579 3118 2651 pecunia
3175 2589 3304 2630 vero
3355 2567 3652 2625 nundinari

2082 2684 2304 2740 omnino
2335 2682 2559 2734 vetitum
2593 2685 2734 2730 erat.
2785 2671 2938 2727 Nunc
2979 2683 3110 2723 vero
3146 2680 3268 2720 eum
3301 2673 3355 2716 et
3386 2669 3654 2730 prmstan-

2089 2778 2195 2830 tius
2227 2771 2593 2827 sacerdotium
2627 2768 2698 2822 sit
2723 2766 2910 2818 datum
2966 2768 3022 2814 et
3066 2755 3251 2811 virtuti
3313 2751 3659 2812 attributum,

2089 2865 2260 2931 magis
2288 2859 2670 2917 contemnitur.
2698 2856 2831 2920 Quis
2857 2853 2999 2907 enim
3047 2849 3130 2901 vir
3163 2847 3338 2901 bonus
3388 2836 3664 2896 assentari.

418 2932 630 3054 :cu;siv;
668 2980 700 3050 ἢ
732 2932 815 3040 τίς
857 2932 1420 3044 τολμῆσειχρήμασιν
1442 2932 1758 3020 ὼνύσασθαι
1797 2932 1988 3028 χρῆμα

2091 2957 2268 3020 vellet,
2306 2961 2367 3007 ut
2401 2951 2491 3005 illo
2514 2949 2756 3018 potiatur
2777 2946 2800 2999 ?
2823 2952 2916 2997 aut
2935 2942 3056 3010 quis
3089 2939 3222 2992 ausit
3264 2932 3484 3002 pecunia
3515 2942 3673 2984 mer--

2189 3047 2200 3054 ·
2370 3044 2382 3054 ·
2456 3042 2466 3052 ·
2667 3039 2720 3054 μί
2779 3033 3016 3054 Iacchus:
3051 3030 3225 3054 nm"...
3266 3023 3529 3054 ..ιι-..ιΛειηι
3563 3031 3659 3054 ηο-

420 3074 670 3142 ἁγγέλοις
718 3067 959 3138 πρέπον;
1006 3063 1068 3116 Εἰ
1113 3059 1292 3120 τοίνυν
1336 3049 1481 3109 οὗτοι
1515 3050 1638 3104 οὔτε
1673 3045 1988 3101 κολακεύειν

421 3134 679 3228 ἀξιοῦσιν,
705 3134 828 3210 οὔτε
858 3151 1127 3221 ἀγοράσαι
1154 3145 1444 3216 τολμῶσιν·
1486 3139 1595 3194 εἰσὶ
1633 3138 1700 3204 δ’,
1727 3135 1802 3198 ὡς
1827 3134 1988 3203 ἔφης,

423 3224 486 3308 οἱ-
501 3249 812 3309 κολακείαις
857 3245 950 3297 καὶ
974 3242 1217 3311 χρήμασι
1249 3236 1344 3304 τὴν
1377 3229 1674 3303 ἱερωσύνην
1706 3224 1996 3298 προπίνον-

422 3361 514 3406 τες
556 3343 628 3413 (0i
662 3337 869 3408 μυρίων
911 3310 1050 3395 ἄξιοι
1074 3327 1230 3396 δῆλον
1255 3327 1336 3378 ὅτι
1360 3318 1700 3392 τιμωριῶν),
1726 3310 1872 3370 οὗτοι
1903 3313 1996 3366 καὶ

430 3431 758 3489 κολακεῦσαι
813 3424 907 3478 καὶ⁸
959 3418 1231 3490 ἀγοράσαι
1281 3415 1381 3468 οὐκ
1424 3412 1490 3466 ἃν
1548 3407 1993 3479 παραιτήσοιντο.

431 3525 599 3591 Λόγος
617 3519 798 3574 τοίνυν
831 3509 1130 3583 περιφοιτᾷ
1172 3506 1313 3560 κατὰ
1339 3503 1444 3572 γῆν
1474 3500 1568 3555 καὶ
1591 3499 1889 3568 θάλατταν,
1913 3495 1995 3548 ὃτι

432 3614 603 3674 οὐδεὶς
629 3610 739 3664 τῶν
768 3603 826 3662 εὖ
859 3603 1118 3676 βιούντων
1143 3597 1327 3651 λοιπὸν
1351 3595 1430 3658 είς
1459 3590 1758 3664 ἱερωσύνην
1780 3602 1998 3659 προχει-

440 3705 776 3776 ρισθήσεται,
819 3699 919 3750 οὐκ
967 3693 1158 3763 ἐπειδὴ
1203 3690 1330 3752 τοὺς
1375 3686 1559 3752 ἀξίους
1621 3684 1722 3736 οὐκ
1774 3681 1890 3752 ἔχει
1938 3678 2000 3731 τὸ

382 3827 387 3833 -
439 3767 690 3863 πρᾶγ-μα,
735 3787 850 3844 ἀλλ’
894 3784 1082 3854 ἐπειδὴ
1104 3783 1166 3834 ού
1203 3780 1362 3851 μόνον
1389 3775 1468 3845 τῷ
1499 3773 1606 3827 τῶν
1636 3771 1846 3824 πολλῶν
1875 3767 2007 3840 κρύ-

442 3857 667 3936 πτονται
704 3877 918 3949 πλήθει,
965 3874 1101 3930 ἀλλὰ
1146 3871 1242 3926 καὶ
1310 3865 1618 3940 μισοῦνται,
1652 3862 1746 3915 καὶ
1790 3857 2009 3912 ἐπιϐου-

445 3973 706 4036 λεύονται,
735 3947 830 4023 καὶ
867 3964 1362 4036 ὲξοστρακίζονται,
1385 3957 1460 4021 ὡς
1481 3955 1590 4010 τῶν
1621 3951 1830 4006 πολλῶν
1859 3947 2010 4017 ὲλέγ-

447 4082 628 4138 χοντες
655 4061 767 4135 (78)
795 4061 887 4115 τὸν
913 4059 1048 4130 βίον.

917 4151 1077 4204 ΣΟΖν.
1101 4175 1172 4189 --
1199 4145 1286 4215 Tn
1319 4141 1521 4210 ΑΥΤῼ.

2015 3018 2056 3074 C
2092 3047 2202 3101 cari
2227 3018 2343 3098 rem
2370 3042 2502 3112 ipsis
2526 3039 2732 3108 angelis
2762 3033 3016 3103 dignam?
3047 3030 3227 3100 Quare
3266 3023 3530 3092 siquidem
3563 3031 3672 3072 ne-.

2089 3150 2194 3207 que
2243 3110 2451 3192 adulari
2488 3130 2676 3193 velint,
2730 3140 2903 3192 neque
2958 3111 3367 3194 [sacerdotium]
3428 3110 3671 3167 audeant:

2091 3205 2271 3281 emere
2301 3237 2316 3276 :
2342 3229 2466 3276 sunt
2498 3233 2649 3283 vero,
2683 3217 2760 3270 uti
2807 3211 3029 3273 scribis,
3055 3205 3448 3263 adulationibus
3479 3209 3531 3254 et
3565 3213 3660 3266 ρε-

2093 3316 2268 3372 enniis
2297 3310 2659 3368 sacerdotium
2708 3305 3059 3376 propinantes
3102 3299 3262 3368 (quos
3291 3293 3439 3349 mille
3460 3289 3666 3360 suppli-

2081 3405 2193 3468 _ciis
2213 3403 2405 3472 dignos
2437 3413 2557 3454 esse
2591 3395 2846 3462 constat),
2879 3391 2968 3447 isti
3001 3386 3233 3448 adulari,
3260 3392 3314 3439 et
3337 3395 3518 3436 emere
3556 3391 3664 3432 non

2102 3495 2451 3552 recusabunt.
2483 3487 2845 3555 Quamobrem
2875 3495 3054 3538 sermo
3080 3489 3221 3532 terra
3251 3473 3494 3539 marique
3520 3481 3684 3537 εμπ--

2103 3589 2267 3656 gitur,
2298 3581 2497 3638 nemini
2531 3588 2678 3634 recte
2703 3574 2906 3630 viventi
2938 3571 3002 3625 ad
3032 3564 3388 3624 sacerdotium
3418 3560 3527 3630 jam
3554 3557 3670 3613 adi-

2105 3689 2216 3732 tum
2261 3687 2469 3745 patere,
2515 3685 2619 3725 non
2659 3667 2802 3736 quod
2845 3663 2990 3732 digni
3028 3670 3175 3714 tanto
3216 3654 3390 3710 desint
3435 3647 3684 3711 muneri,

2102 3768 2198 3823 sed
2227 3737 2369 3834 quod
2411 3778 2515 3816 nou
2549 3759 2708 3813 modo
2741 3757 2791 3809 in
2823 3750 3165 3808 multitudine
3193 3744 3538 3804 delitescant,
3571 3737 3678 3790 sed.

2103 3867 2157 3914 et
2197 3855 2353 3910 invisi
2389 3853 2497 3906 sint
2523 3859 2576 3904 et
2601 3847 2954 3902 traducantur
3001 3849 3162 3907 atque
3195 3833 3550 3902 expellantur,
3587 3826 3683 3880 uix

2107 3947 2302 4002 mirum
2325 3942 2466 4013 quod
2500 3943 2786 3994 multorum
2825 3935 2992 3988 vitam
3023 3923 3439 3999 reprehendant.

2547 4115 2891 4179 cuLxxvn.
2909 4087 2990 4156 ’-
3014 4109 3242 4170 EIDEM.

1581 4230 1737 4285 Hosti
1769 4243 1990 4298 parcens
2013 4242 2126 4282 vere
2156 4223 2542 4294 magnanimus.
3702 4256 3704 4258 .

522 4347 686 4410 Ἴσθι,
738 4336 783 4395 ὧ
839 4337 1132 4410 θαυμάσιε,
1214 4333 1288 4396 ὡς
1367 4328 1524 4393 δόξαν
1612 4290 2008 4395 μεγαλοψυχίας

2088 4346 2089 4359 ι
2191 4319 2361 4382 Scito,
2399 4315 2480 4368 vir
2501 4309 2839 4368 admirande,
2885 4296 3342 4370 magnanimitatis
3367 4304 3419 4349 te
3461 4290 3702 4362 gloriarm

2519 4402 2532 4410 ·
2626 4401 2659 4410 ί·
2856 4409 2863 4410 κ
2925 4392 2976 4410 1—
3039 4409 3047 4410 κ
3087 4388 3223 4410 ..---..ι
3263 4395 3310 4410 ι..
3356 4385 3530 4410 :........-.
3571 4392 3687 4410 ...ηΩ

453 4439 671 4510 ἐκτήσω
727 4430 921 4503 ἐχθροῦ
999 4427 1360 4498 φεισάμενος’
1423 4419 1517 4471 καὶ
1547 4415 1689 4469 τοῦτ’
1753 4410 1883 4466 αὐτὸ
1916 4410 2014 4479 μὲν

452 4502 587 4593 τοὺς
614 4529 739 4590 σοὺς
761 4502 1004 4596 άκριδῶς
1024 4517 1385 4586 ἐπιστάμενος
1410 4510 1644 4582 τρόπους
1696 4502 2019 4572 προύλεγον,

455 4623 531 4684 ὡς
583 4617 720 4690 μετὰ
764 4592 851 4669 τὸν
880 4608 1260 4683 χειρώσασθαι.
1296 4603 1458 4667 δείξει
1521 4592 2024 4670 μεγαλοφροσύνην,

458 4681 552 4767 καὶ
574 4681 781 4778 έλέγξει
811 4681 935 4766 τούς
970 4681 1371 4773 μικροψύχους·
1405 4688 1545 4765 ἦσαν
1572 4689 1630 4741 δὲ
1667 4687 1716 4739 οἱ
1738 4681 2029 4738 ἀπιστούν-

459 4820 571 4867 τες,
624 4799 821 4860 οἵτινες
883 4795 947 4846 ἐκ
1006 4792 1112 4844 τῶν
1169 4787 1290 4841 καθ’
1333 4782 1558 4844 ἑαυτοὺς
1605 4779 1700 4832 καὶ
1749 4775 1874 4845 περὶ
1919 4774 2029 4825 τῶν

464 4863 634 4948 ἄλλων
685 4886 1040 4960 ψηφίζονταν
1080 4882 1228 4950 ὅμως
1277 4876 1337 4928 τὸ
1388 4874 1542 4934 τέλος
1595 4868 1815 4932 ἔδειξεν,
1862 4866 1936 4927 ὼς
1968 4863 2029 4914 ού

466 4985 550 5053 διή
561 4956 790 5053 μαρτὸεὲζ
817 4979 911 5031 Ὃν
932 4973 1038 5043 γὰρ
1063 4971 1202 5024 έλεῖν
1235 4965 1597 5026 ὲσπούδασας,
1634 4958 1767 5010 ἐλὼν
1788 4956 2030 5024 ἀφῆκας,

469 5043 571 5127 ἵνα.
590 5043 916 5144 μέγ’ὰσθενὴς
942 5060 1279 5134 νομισθείης,
1309 5055 1444 5110 ἀλλὰ
1473 5050 1694 5112 δυνατὸς
1721 5049 1814 5101 καὶ
1853 5043 2037 5114 φιλάν-

469 5165 497 5216 θ
508 5179 704 5236 ρωπος.

990 5261 1246 5314 Συιιν.-
1277 5253 1523 5322 ΠΕΤΡῼ.

2119 4413 2472 4462 consecutum
2519 4401 2662 4456 hosti
2711 4392 2985 4467 parcendo
3036 4388 3224 4460 :quod
3261 4395 3316 4441 et
3356 4385 3532 4454 ipsum
3571 4392 3702 4434 tuos

2121 4504 2374 4552 accurate
2423 4506 2602 4547 mores
2661 4488 2908 4558 cognitos
2956 4483 3160 4536 habens
3202 4475 3580 4548 praedixeram,
3633 4480 3698 4522 ut

2123 4587 2330 4657 agendo
2362 4583 2680 4639 ostenderes
2716 4590 2984 4634 summam
3014 4569 3453 4644 generositatem,
3484 4569 3539 4616 et
3584 4575 3684 4628 pu-
3790 4587 3800 4594 ε

2125 4677 2421 4733 sillauimes
2460 4684 2738 4742 argueres.
2773 4668 2943 4721 Erant
2984 4672 3165 4718 autem
3199 4657 3290 4728 qui
3330 4655 3382 4709 id
3424 4667 3529 4707 non
3575 4665 3694 4703 cre-

2128 4769 2347 4832 debant,
2383 4765 2416 4818 ii
2449 4763 2656 4818 scilicet
2693 4759 2786 4828 qui
2817 4773 2881 4813 ex
2927 4755 3116 4823 seipsis
3150 4751 3216 4805 de
3258 4747 3379 4802 aliis
3402 4742 3646 4814 iudicant
3674 4757 3699 4792 :~

2128 4857 2306 4910 exitus
2361 4865 2538 4907 tamen
2596 4857 2929 4913 eventusque
2972 4837 3209 4895 ostendit
3269 4849 3354 4888 me
3398 4847 3505 4886 non
3539 4831 3698 4882 aber-

2130 4964 2300 5004 rasse.
2327 4945 2496 5010 Quem
2538 4941 2682 4995 enim
2737 4949 2929 5004 capere
2969 4927 3248 4990 studuisti,
3299 4933 3513 4992 captum
3539 4917 3701 4972 dimi-

2131 5038 2270 5100 sisti,
2326 5051 2392 5088 ne
2442 5029 2724 5087 imbecillis
2759 5021 3104 5096 judicareris,
3144 5018 3240 5072 sed
3289 5025 3479 5086 potens
3511 5019 3565 5066 et
3599 5013 3700 5064 liu-

2134 5141 2345 5183 manus.

2544 5221 2904 5282 CCLKXVIII.
2938 5249 3007 5259 -
3041 5214 3290 5275 PETRO.

800 5358 907 5412 Cur
938 5352 1218 5408 sacerdotii
1252 5304 1707 5417 dignitasregibua
1737 5335 2031 5394 veneranda
2064 5330 2257 5401 passim
2291 5323 2573 5378 exstiterit.
2607 5317 2785 5388 (Conf.
2810 5315 2960 5384 epist.
2997 5313 3103 5366 568
3126 5322 3172 5363 et
3206 5304 3387 5374 alios.)

547 5455 618 5506 Σὺ
657 5453 754 5523 μὲν
800 5446 1118 5519 θαυμάζεις,
1159 5442 1225 5496 δι’
1291 5441 1356 5511 ἢν
1400 5435 1577 5489 αἰτίαν
1633 5433 1728 5485 ἐπὶ
1778 5430 1878 5500 μὲν
1929 5427 2036 5480 τῶν

2211 5418 2425 5473 Miraris
2463 5423 2517 5467 tu
2539 5413 2756 5482 quidem
2785 5423 2882 5464 cur
2911 5405 3048 5477 apud
3080 5403 3314 5473 majores
3345 5401 3589 5454 sincerus
3624 5407 3683 5449 es

1605 5547 1837 5604 VARle
1879 5539 2257 5601 LECTIONES
2294 5535 2380 5589 ET
2421 5532 2650 5588 ΝΟΤᾸΕ.

557 5687 666 5754 (ῑδ)
700 5685 799 5736 l‘ru
835 5680 1144 5748 ἐλέγχοντες
1176 5673 1326 5729 codd.
1377 5671 1494 5725 Vat.
1535 5669 1636 5723 630
1679 5677 1729 5725 cl
1768 5667 1874 5721 All.
1908 5663 2008 5720 scri

2091 5668 2145 5714 ut
2168 5656 2496 5725 ἐλέγχονται,
2529 5651 2738 5704 Possm.
