3974 6144
422 245 554 311 1493
1602 241 1691 306 .'S.
1733 246 2017 307 ISIDORI

2096 244 2495 307 'ELUSIOT/E
3522 232 3650 295 1500

420 358 487 409 nb
511 358 757 413 omnibus
784 356 954 411 honos
982 356 1352 411 sacerdotibus
1384 355 1622 420 habitus,
1648 355 1813 427 644
1851 372 1988 417 nunc

2096 358 2373 426 προγόνων
2404 352 2699 423 εἰλικρινὴς
2724 348 2860 423 τιμὴ
2894 347 3046 420 παρὰ
3075 347 3293 401 πάντων
3320 343 3436 405 τοῖς
3461 342 3656 411 ἐπεμ-

417 461 548 501 vero
572 448 850 516 prudentia
874 447 1014 515 pleni
1038 446 1283 500 homines
1313 457 1497 514 aperte
1531 462 1624 501 eos
1688 448 1981 513 reprehen-
2010 494 2013 495 ν

2096 449 2269 518 μένοις
2318 448 2419 515 τὴν
2475 444 2771 515 ἱερωσύνην
2851 441 3174 511 ἁπενέμετο,
3235 436 3332 490 νῦν
3374 434 3433 488 δέ
3469 434 3521 486 ot
3559 434 3657 503 μὲν

420 538 571 593 dant.
603 536 709 591 Alii
755 552 937 591 coram
977 537 1192 605 quidem
1240 545 1575 600 reverentur,
1615 535 1828 590 occulte
1858 551 1983 590 vero

421 614 797 680 criminantur.
835 626 899 679 Et
926 626 1015 679 alii
1056 626 1270 695 quidem
1305 625 1538 693 fugiunt,
1571 626 1660 680 alii
1702 640 1830 681 vero
1856 626 1984 695 ipsis

420 715 837 778 :nlblandientes,
886 730 992 783 quo
1022 715 1197 768 moliri
1240 716 1342 769 illis
1370 716 1592 770 insidias
1640 727 1860 785 queant,
1893 717 1987 769 ob-

422 815 670 856 trectanl.
698 804 894 859 Verum
921 805 970 857 id
996 820 1093 873 ego
1116 804 1248 858 nihil
1273 805 1459 863 miror.
1478 806 1611 859 Cum
1633 808 1775 860 enim
1800 808 1983 859 eadem

418 910 540 947 enm
579 894 710 961 ipsis
745 910 847 947 non
889 903 1071 963 agant,
1100 908 1199 947 nec
1229 894 1415 947 eadem
1450 894 1611 948 etiam
1643 909 1987 963 consequun-

420 992 511 1037 tur
540 1003 553 1038 :
581 985 675 1037 sed
702 984 809 1037 illis
845 984 1119 1038 contraria
1174 985 1477 1048 molientes,
1516 985 1789 1039 contraria
1826 1000 1987 1054 expe-

422 1074 653 1127 riuntur.
689 1072 887 1128 Contra
920 1074 1065 1128 enim
1090 1074 1467 1128 admirandum
1502 1080 1667 1136 esset,
1705 1074 1748 1127 si
1779 1074 1868 1142 qui
1905 1074 1987 1127 ni-

420 1164 497 1218 hil
529 1180 623 1232 par
655 1165 946 1232 majoribus
976 1174 1158 1235 agant,
1192 1180 1375 1235 parem
1412 1180 1537 1218 cum
1591 1164 1696 1219 illis
1722 1166 1985 1219 honorem

421 1264 905 1322 consequerentur.
931 1254 1012 1308 Ab
1045 1256 1149 1308 illis
1181 1255 1474 1324 majoribus
1498 1256 1659 1309 etiam
1703 1264 1988 1324 peccantes

420 1354 574 1407 reges
594 1340 1025 1409 castigabantur,
1061 1344 1128 1395 ab
1155 1343 1238 1395 his
1262 1357 1327 1395 ne
1355 1344 1547 1412 privati
1603 1344 1817 1412 quidem
1853 1358 1989 1413 opu—

422 1428 677 1484 lentiores
720 1448 735 1484 :
776 1432 1019 1496 quinimo
1079 1432 1122 1485 si
1173 1432 1256 1484 vel
1306 1446 1592 1499 pauperem
1639 1434 1872 1501 aliquem
1921 1433 1988 1487 ad

421 1518 631 1588 frugem
687 1521 965 1575 meliorem
1014 1536 1270 1576 revocare
1303 1524 1654 1588 contendunt,
1701 1523 1990 1577 exsibilan-

425 1618 533 1673 tnr,
582 1618 635 1663 ut
674 1610 764 1677 qui
806 1610 996 1664 iisdem
1046 1625 1188 1679 saepe
1250 1613 1395 1667 vitiis
1440 1614 1577 1678 capti
1611 1622 1880 1676 tenentur,
1920 1614 1987 1666 ob

422 1714 541 1767 ιιιιτε
568 1700 701 1753 alios
746 1701 945 1755 audent
993 1704 1409 1768 reprehendere.
1460 1702 1819 1768 Quamobrem
1858 1703 1993 1757 olim,

2096 1710 2205 1768 τοῖς
2281 1705 2464 1767 αὐτοῖς
2521 1703 2736 1765 ἁλόντες

422 1790 676 1845 Sacerdos
702 1791 894 1859 populo
917 1802 1033 1847 erat
1057 1793 1452 1857 formidabilis;
1493 1808 1633 1848 nunc
1674 1805 1859 1849 contra
1892 1812 1989 1864 po-

424 1879 578 1949 pnlus
613 1881 806 1936 terrori
841 1891 924 1937 est
955 1883 1245 1937 sacerdoti.

605 2003 927 2060 CCLXXIX.
952 2036 1025 2048 —
1057 2006 1421 2063 HERACLIDI
1451 2008 1801 2066 EPISCOPO.

2086 539 2427 608 φρονήματος
2476 535 2881 605 ἐμπλησθέντες
2940 530 3189 601 φανερῶς
3241 528 3441 589 αὐτοὺς
3502 543 3659 595 κωμ-

2085 626 2337 697 ῳδοῦσιν
2366 628 2413 678 οἱ
2444 626 2500 678 δέ
2538 626 2678 679 κατὰ
2728 623 3013 697 πρόσωπον
3047 619 3343 685 αἰδοῦνται,
3380 617 3557 687 λάθρα
3601 617 3659 671 δὲ

2086 716 2390 781 κακίζουσι.
2434 716 2545 770 Καὶ
2570 716 2619 768 oi
2656 715 2753 785 μέν
2783 712 3093 783 φεύγουσιν,
3123 713 3170 764 οί
3192 710 3250 763 δὲ
3274 709 3453 762 καίτοι
3490 708 3656 761 κολα-

2086 803 2335 865 κεύοντες
2368 803 2583 863 αὐτοὺς,
2631 800 2720 854 διὰ
2748 801 2810 853 τὸ
2836 800 2932 853 καὶ
2959 796 3332 851 ἐπιϐουλεύειν
3369 794 3652 856 δύνασθαι,

2085 889 2448 960 διασύρουσιν.
2513 888 2654 956 Ἐγὼ
2699 889 2755 942 δὲ
2800 889 2860 940 οὐ
2903 886 3060 940 τοῦτο
3114 882 3400 955 θαυμάζω.
3437 883 3510 935 Οὐ
3544 882 3654 951 γὰρ

2086 980 2154 1032 τὰ
2184 980 2321 1032 αὐτὰ
2358 978 2587 1040 ἐκείνοις
2625 977 2955 1047 πράττοντες
2997 974 3107 1028 τῶν
3143 974 3322 1027 αὐτῶν
3355 974 3417 1025 οὐ
3455 972 3659 1041 τυγχά-

2087 1087 2288 1133 νουσιν,
2319 1069 2457 1123 ἀλλὰ
2501 1068 2761 1123 τάναντία
2806 1067 3036 1130 ἐκείνοις
3087 1064 3517 1135 ἐπιτηδεύοντες,
3542 1062 3655 1116 τῶν

2088 1161 2344 1213 ἐναντίων
2381 1160 2699 1229 πειρῶνται.
2749 1158 3072 1211 Τούναντίον
3097 1157 3203 1227 γὰρ
3235 1156 3301 1209 ἂν
3354 1151 3421 1226 ἦν
3448 1156 3658 1225 θαυμα-

2090 1253 2232 1317 στὸν,
2258 1256 2305 1306 εί
2332 1252 2495 1322 μηδὲν
2518 1250 2795 1314 ποιοῦντες
2812 1249 2919 1303 τῶν
2937 1250 3215 1319 προγόνων
3238 1250 3374 1312 ἴσον,
3394 1247 3485 1300 καὶ
3508 1245 3653 1318 [τῆς]

2087 1344 2258 1414 αὐτῆς
2283 1342 2450 1412 τιμῆς
2477 1342 2704 1404 ἐκείνοις
2725 1340 3042 1410 ἐτύγχανον.
3086 1338 3212 1393 Ἐπὶ
3244 1337 3344 1408 μὲν
3370 1338 3479 1408 γάρ
3501 1337 3653 1390 ἐκεί-

2088 1450 2194 1486 νων
2232 1434 2327 1487 καὶ
2382 1431 2619 1502 βασιλεῖς
2673 1429 2959 1493 πταίοντες
3004 1428 3453 1500 ἐσωφρονίζοντο,
3485 1426 3655 1480 ἐτειδέ

2086 1522 2291 1575 τούτων
2333 1521 2453 1575 οὐδὲ
2488 1520 2693 1574 ἰδιῶται
2743 1517 2989 1573 πλούσιοι
3019 1535 3035 1549 ’
3083 1520 3190 1571 κᾶν
3224 1516 3554 1589 σωφρονίσαι
3598 1517 3654 1569 δέ

2090 1633 2214 1668 τινα
2250 1615 2461 1684 πένητα
2512 1613 2954 1683 ἐπιχειρήσωσιν,
3006 1611 3379 1675 ὀνειδίζονται,
3440 1609 3513 1672 ὡς
3565 1609 3659 1661 ἐπὶ

2788 1702 3073 1765 πολλάκις,
3135 1703 3220 1769 ἐφ’
3275 1699 3356 1765 οἷς
3418 1701 3659 1763 ἐκείνους

2098 1795 2426 1865 σωφρονίσαι
2466 1794 2851 1865 τετολμήκασι.
2893 1794 3093 1863 Διόπερ
3147 1792 3338 1863 πρώην
3389 1793 3487 1863 μὲν
3536 1787 3661 1861 ἦ·ιὸ

2099 1884 2277 1955 ἱερεὺς
2307 1884 2383 1953 τῷ
2414 1882 2528 1953 λαῷ
2562 1883 2812 1955 φοϐερὸς,
2850 1882 2945 1937 νῦν
2970 1883 3025 1936 δὲ
3058 1884 3087 1936 ὁ
3131 1882 3259 1945 λαὸς
3284 1882 3360 1953 τῷ
3398 1883 3553 1953 ίερεῖ.

2330 2012 2493 2065 ΣυΘ¹.
2531 2041 2601 2051 -
2632 2012 3029 2082 ΙΙΡΛΚΛΕΙΔῌ
3059 2009 3432 2079 ΕΠΙΣΚΟΠῼ.

1228 2100 1487 2155 Blandius
1515 2102 1793 2171 agendum,
1822 2120 1964 2157 more
2000 2104 2209 2167 medici,
2232 2105 2287 2157 in
2321 2103 2527 2156 delictis
2560 2103 2857 2169 puniendis.

494 2200 744 2271 Magnum
779 2203 1019 2272 proiecto
1067 2206 1323 2261 delictum
1364 2217 1467 2274 est,
1511 2211 1671 2263 venia
1704 2220 1883 2265 tamen
1912 2211 1992 2264 di-

425 2307 611 2357 gnum.
640 2292 966 2361 Castiganda
1018 2296 1198 2365 itaque
1231 2298 1479 2359 audacia.
1522 2300 1798 2367 animique
1821 2300 1991 2353 conii-

425 2382 625 2444 dentia,
654 2382 826 2436 danda
868 2385 1213 2439 nihilominus
1238 2388 1412 2442 venia.
1437 2387 1687 2441 Fortasse
1736 2390 1879 2442 enim
1924 2390 1989 2442 ad

425 2473 852 2527 emendationem
879 2475 1249 2543 medelamqne
1286 2478 1455 2531 tendit
1497 2480 1735 2533 morbus.
1767 2479 1993 2545 Quando

427 2572 484 2616 et
538 2565 969 2631 prazstantissimi
1025 2567 1386 2631 medici,cum
1442 2568 1608 2622 multa
1652 2570 1731 2623 eis
1772 2570 1992 2625 vulnera

428 2652 887 2722 mgritudinesque
916 2669 1037 2710 sese
1065 2656 1319 2722 olferunt,
1360 2673 1466 2712 non
1510 2668 1713 2714 tantam
1743 2660 1997 2715 adhibent

426 2758 637 2808 curam,
658 2755 915 2813 quantum
944 2762 1154 2802 summa
1185 2764 1273 2803 ars
1294 2750 1560 2819 exposcit,
1596 2750 1690 2805 sed
1732 2760 1993 2820 quantum

431 2834 611 2891 ferunt
634 2836 931 2893 laborantis
960 2840 1123 2906 vires,
1165 2856 1231 2895 ne
1275 2842 1400 2895 dum
1437 2842 1657 2896 vulnera
1684 2857 1880 2897 curare
1913 2842 1994 2898 ni-

432 2935 637 2995 tnntur,
671 2939 1020 2999 aegrotantem
1062 2946 1093 2985 e
1124 2933 1299 2986 medio
1324 2933 1532 2986 tollant.

2166 2211 2326 2277 Μέγα
2375 2209 2473 2280 μὲν
2525 2209 2689 2271 ὅντως
2741 2208 2803 2261 τὸ
2856 2210 3127 2279 πταῖσμα,
3172 2207 3285 2262 ἀλλ’
3323 2206 3385 2260 οὗ
3417 2204 3664 2274 συγγνώ-

2100 2319 2206 2371 μης
2228 2300 2409 2368 μεῖξον
2429 2317 2441 2329 ·
2466 2300 2543 2351 διὸ
2568 2300 2673 2369 χρὴ
2722 2298 2946 2352 κολάσαι
2977 2299 3076 2366 μὲν
3104 2297 3203 2369 τὴν
3229 2298 3497 2366 ἐτοιμίαν.
3532 2313 3666 2362 συγ-

2096 2393 2319 2462 γνώμην
2347 2391 2404 2443 δὲ
2438 2392 2639 2458 νεῖμαι.
2680 2390 2833 2460 Τάχα
2866 2407 2984 2452 πως
3005 2389 3098 2441 ἐπὶ
3128 2388 3421 2459 θεραπείαν
3454 2386 3663 2439 ὁδεύσει

2096 2484 2156 2537 τὸ
2182 2482 2352 2545 πάθος
2373 2498 2386 2511 ·
2415 2482 2537 2534 ἐπεὶ
2566 2481 2661 2533 καὶ
2706 2481 2755 2533 οἱ
2788 2479 2895 2533 τῶν
2926 2480 3125 2550 ἰατρῶν
3156 2478 3390 2548 ἄριστοι,
3434 2476 3560 2529 ὅταν
3584 2493 3666 2536 τις

2091 2572 2263 2627 πολλὰ
2294 2572 2619 2651 περικέηται
2650 2570 2964 2641 τραύματα,
3003 2570 3064 2622 ού
3089 2568 3360 2637 τοσαύτην
3401 2567 3668 2633 ἐπάγουσι

2092 2665 2412 2735 θεραπείαν,
2452 2665 2583 2733 ὅσην
2638 2663 2860 2715 ἀπαιτεῖ
2904 2661 3005 2730 τῆς
3056 2660 3254 2730 τέχνης
3305 2661 3340 2728 ἡ
3385 2657 3663 2727 ἀκρίϐεια,

2090 2757 2203 2810 ἀλλ’
2233 2756 2363 2823 ὅσην
2392 2753 2546 2822 φέρει
2570 2752 2664 2805 τοῦ
2700 2752 3002 2822 κάμνοντος
3033 2752 3067 2821 ἡ
3095 2750 3343 2819 δύναμις,
3377 2749 3464 2801 ἵνα
3503 2746 3579 2817 μὴ
3597 2747 3667 2799 τά

2091 2846 2380 2917 τραύματα
2423 2844 2879 2915 θεραπεύσαντες,
2942 2844 3034 2897 τὸν
3104 2843 3383 2913 κάμνοντα
3432 2839 3667 2910 διαφθεί-

2102 2954 2286 3009 ρωσιν.

869 3039 1166 3094 CCLXXX.
1200 3070 1267 3080 —
1296 3042 1546 3097 PETRO.

2631 3044 2754 3097 Σιιι.
2783 3072 2849 3086 -
2873 3042 3119 3113 ΠΕΤΡῼ.

427 3126 631 3183 Bonum
680 3145 772 3197 pro
804 3132 941 3183 malo
986 3133 1311 3201 rependendo
1343 3134 1514 3201 gratia
1562 3135 1755 3198 initur;
1786 3134 1909 3258 (Ssie
1930 3137 2177 3217 carbones
2183 3139 2338 3277 2ign)is
2366 3154 2607 3207 congeres
2646 3153 2804 3203 supra
2834 3146 2986 3203 caput
3012 3134 3146 3202 ejus.
3171 3150 3190 3185 ι
3220 3131 3400 3202 (Rana.
3445 3145 3543 3196 xu,
3574 3131 3663 3187 20.

1839 3221 1953 3272 upr.
1989 3221 2140 3274 epist.
2259 3249 2272 3262 .

1839 3221 1953 3272 upr.
1989 3221 2140 3274 epist.
2183 3221 2272 3262 20.

496 3304 607 3360 Etsi
640 3318 825 3359 netnm
848 3307 1096 3361 omnibus
1120 3308 1334 3377 exsistit
1366 3310 1619 3364 amentiae
1660 3324 1811 3365 reum
1837 3320 2001 3378 atque

424 3395 546 3449 odio
574 3396 779 3449 ebrium
811 3398 1179 3451 adversarium
1208 3412 1332 3452 esse
1356 3408 1529 3463 tuum,
1558 3400 1644 3453 illa
1675 3400 2001 3454 tamenel'l‘n-

428 3486 492 3536 tit
522 3499 643 3553 qure
674 3486 717 3539 si
754 3494 946 3554 potens
981 3495 1123 3540 esset
1168 3497 1577 3554 exsequeretur.
1620 3487 1812 3542 Verum
1846 3506 1913 3544 ne
1949 3490 1997 3542 id

2096 3497 2242 3565 ὅμως
2292 3496 2511 3549 ἐκλαλεῖ
2537 3495 2730 3559 ταῦτα,
2777 3494 2813 3547 ἃ
2840 3493 3089 3563 δυνηθεὶς
3128 3492 3347 3557 πράξει.
3409 3490 3568 3543 Ἀλλά
3606 3506 3666 3542 σε

425 3582 477 3629 te
511 3578 709 3641 turbet,
742 3592 916 3645 neque
951 3576 1146 3631 bellum
1171 3578 1436 3647 suscipito
1467 3578 1843 3646 implacabile;
1870 3580 1998 3646 quin

2096 3586 2254 3638 τοῦτο
2290 3587 2364 3657 μὴ
2392 3586 2733 3655 ταραττέτω,
2768 3585 2903 3655 μηδέ
2928 3586 3009 3647 είς
3047 3583 3108 3637 τὸ
3134 3583 3490 3636 ἀδιάλλακτον
3518 3598 3660 3652 χειρ-

423 3667 601 3734 potius
639 3670 772 3723 bene
808 3668 1063 3724 merendo
1105 3671 1279 3739 ipsum
1328 3672 1599 3726 invertere
1641 3672 1818 3726 stude.
1879 3674 1989 3727 Etsi

2097 3675 2401 3743 αγωγείτω,
2443 3676 2577 3729 ἀλλὰ
2604 3675 2695 3728 καὶ
2720 3676 2802 3738 εἰς
2844 3674 2904 3727 τὸ
2933 3670 2991 3727 εὖ
3030 3675 3202 3727 ποιεῖν
3230 3672 3395 3726 αὐτὸν
3439 3688 3666 3743 προτρε-

422 3763 563 3814 enim
612 3760 722 3814 fera
756 3769 896 3814 esset
921 3760 1177 3829 omnique
1203 3760 1389 3817 durior
1418 3773 1591 3832 petra,
1623 3773 1797 3819 tamen
1832 3765 1995 3819 bene-

2099 3766 2302 3821 πέσθω.
2350 3768 2411 3820 Εἰ
2444 3766 2551 3837 γὰρ
2598 3766 2784 3839 θηρίον
2825 3765 2933 3836 είη,
2970 3765 3065 3818 καὶ
3112 3764 3313 3827 παντὸς
3339 3762 3490 3817 λίθου
3518 3763 3667 3815 ἀναι-

423 3854 544 3908 ticio
578 3852 750 3908 victus
788 3862 899 3919 tuo,
925 3854 1109 3908 odium
1135 3863 1318 3924 ponet.

2096 3857 2431 3927 σθητότερος,
2476 3855 2591 3910 ἀλλ’
2647 3858 2795 3927 ὅμως
2840 3853 3109 3918 αἰδεσθεὶς
3157 3853 3255 3925 τὴν
3312 3852 3662 3922 εὐεργεσίαν,

2088 3948 2378 4001 κατάθοιτο
2406 3947 2505 4013 τὴν
2531 3946 2623 4017 ἐχθ
2633 3965 2754 4017 ραν.

667 4044 993 4101 (ICLXXXI.
1026 4076 1096 4087 —
1130 4044 1355 4102 PETRO
1387 4045 1736 4103 MONACIIO.

2292 4056 2462 4108 ΣΠΑυ.
2495 4084 2565 4095 -
2606 4053 2834 4124 ΠΕΤΡῼ
2858 4052 2970 4123 (so)
3008 4052 3443 4108 MONAZONTI.

423 4151 713 4220 Scriptura:
747 4153 917 4205 oratio
968 4151 1203 4217 humilis,
1234 4152 1324 4231 sed
1373 4169 1528 4231 mens
1558 4154 1818 4231 profunda
1855 4172 1873 4209 :
1917 4157 2146 4231 humana
2194 4172 2369 4214 autem
2406 4162 2661 4231 sapientia
2700 4161 2843 4213 (ulta
2874 4161 3058 4223 verbis,
3092 4176 3246 4216 sensu
3282 4179 3459 4216 cassa.
3493 4162 3665 4229 Quare

1296 4220 1427 4273 hanc
1450 4221 1547 4287 illi,
1572 4232 1624 4273 ut
1644 4225 1890 4278 ancillam
1913 4226 2167 4295 dominre,
2194 4232 2441 4285 inservire
2462 4220 2665 4299 u'quum
2685 4242 2781 4288 est.

2170 3317 2231 3368 Εί
2280 3316 2376 3369 καὶ
2428 3317 2560 3369 πᾶσι
2616 3314 2772 3383 δῆλόν
2820 3315 2990 3377 ἐστιν,
3042 3314 3123 3365 ὅτι
3181 3310 3370 3365 ἄνοιαν
3403 3309 3664 3377 ὀφλισκά-

2097 3423 2201 3457 νων
2225 3406 2356 3475 (79),
2385 3406 2479 3459 καὶ
2509 3406 2613 3458 ὑπὸ
2644 3406 2741 3474 τῆς
2766 3403 2965 3473 ἔχθρας
2996 3402 3215 3472 μεθύων
3246 3404 3274 3453 ὁ
3299 3400 3389 3463 σὸς
3410 3400 3664 3462 διάδικος,

496 4347 696 4399 Divinzn
725 4346 1080 4417 philosophiae
1118 4349 1293 4403 oratio
1338 4350 1391 4403 in
1420 4351 1592 4405 sacris
1624 4351 1850 4409 Litteris
1886 4355 1987 4409 hu-

2162 4359 2271 4429 Τῆς
2302 4359 2449 4423 θείας
2482 4362 2731 4431 σοφίαςή
2773 4362 2871 4432 μὲν
2919 4362 3063 4427 λέξις
3102 4363 3265 4431 πεζὴ,
3311 4363 3344 4432 ἠ
3400 4361 3577 4415 ἔννοια
3610 4360 3664 4414 δὲ

424 4436 565 4491 milis
618 4437 832 4505 quidem
857 4447 961 4503 est,
1000 4454 1192 4493 sensus
1230 4454 1357 4493 vero
1394 4442 1666 4508 sublimis,
1718 4445 1985 4515 planeque

2096 4448 2473 4519 οὐρανομήκης
2499 4467 2512 4480 ·
2550 4451 2649 4519 τῆς
2678 4450 2734 4503 δὲ
2757 4450 2956 4517 ἔξωθεν
2974 4452 3203 4521 λαμπρά
3227 4451 3327 4519 μὲν
3370 4451 3401 4520 ἡ
3439 4451 3660 4521 φράσις,

422 4527 686 4582 cmlestis.
728 4526 1089 4581 Externorum
1152 4542 1285 4583 sane
1339 4532 1666 4598 scriptorum
1717 4534 1992 4602 splendida

2096 4539 2429 4610 χαμαιπετὴς
2463 4540 2573 4610 δὲὴ
2607 4542 2826 4611 πρᾶξις.
2870 4540 2932 4593 Εί
2954 4541 3011 4593 δέ
3034 4558 3117 4604 τις
3150 4540 3410 4611 δυνηθείη
3436 4540 3536 4608 τῆς
3566 4538 3662 4607 μὲν

421 4630 506 4674 est
530 4619 726 4684 oratio,
771 4634 855 4673 res
884 4634 1009 4674 vero
1047 4620 1190 4673 humi
1226 4620 1381 4688 repit.
1423 4621 1477 4675 Si
1509 4623 1629 4691 quis
1663 4625 1825 4693 igitur
1853 4626 1994 4681 illius

2096 4630 2233 4699 ἔχειν
2261 4631 2359 4701 τὴν
2391 4630 2617 4695 ἔννοιαν,
2640 4631 2737 4699 τῆς
2762 4626 2819 4683 δὲ
2855 4630 2953 4702 τὴν
2987 4631 3207 4703 φράσιν,
3255 4629 3564 4698 σοφώτατος
3599 4628 3662 4680 ἂν

420 4709 598 4768 valeat
626 4710 883 4780 consequi
910 4726 1124 4775 sensus,
1166 4710 1325 4779 hujus
1371 4726 1498 4765 vero
1538 4714 1746 4769 dicendi
1775 4716 1990 4783 elegan-

2096 4718 2314 4780 δικαίως
2373 4717 2620 4789 κριθείη’
2671 4717 2895 4771 δύναται
2938 4718 3047 4787 γὰρ
3104 4717 3337 4789 ὄργανον
3378 4712 3519 4768 εἶναι
3568 4714 3661 4782 τῆς

423 4804 575 4868 tiam,
600 4818 679 4857 nte
724 4802 815 4857 ille
859 4802 1291 4870 sapientissimus
1335 4803 1618 4858 habeatur.
1669 4805 1991 4874 Eloquentia

2096 4808 2466 4878 ὑπερκοσμίου
2504 4807 2695 4877 σοφίας
2716 4808 2753 4878 ἡ
2783 4808 3107 4875 εύγλωττία,
3144 4809 3191 4859 εί
3217 4806 3472 4874 καθάπερ
3512 4804 3664 4871 σῶμα

421 4895 563 4949 enim
596 4896 1010 4948 instrumentum
1041 4908 1158 4947 esse
1182 4902 1346 4961 queat
1375 4894 1611 4947 caelestis
1636 4895 1904 4959 scientize,
1934 4897 1978 4950 si

421 4988 469 5040 ei
502 4993 560 5038 ιιι
581 4986 775 5040 animae
816 5001 1012 5051 corpus
1046 4983 1396 5052 subjiciatur,
1426 4992 1481 5037 et
1509 4993 1567 5038 nt
1615 4984 1725 5055 lyra
1771 4986 1988 5058 lyristae,

419 5075 583 5148 645
614 5076 746 5130 nihil
801 5077 1019 5145 quidem
1058 5075 1305 5145 privatim
1370 5073 1652 5141 innovans,
1685 5078 1777 5131 sed
1828 5078 1993 5132 inter-

2094 4900 2238 4971 ψυχῇ
2279 4900 2579 4964 ύποκέοιτο,
2612 4899 2645 4969 ἢ
2680 4898 2868 4969 ὥσπερ
2901 4898 3040 4969 λύρα
3073 4896 3314 4969 λυρῳδῷ,
3373 4896 3541 4965 μηδὲν
3572 4894 3663 4965 μὲν

2096 4987 2303 5040 οἴκοθεν
2330 4986 2725 5057 καινοτομοῦσα
2764 4986 3050 5059 νεώτερον,
3096 4985 3484 5057 ἐρμηνεύουσα
3512 4983 3568 5036 δὲ
3600 4982 3663 5034 τά

2052 5068 2055 5071 ’
2096 5079 2443 5149 οὐρανομήκη
2484 5078 2698 5150 ἐκείνης
2727 5080 3001 5149 νοήματα’
3031 5081 3079 5134 εί
3101 5080 3148 5133 δ’
3191 5078 3545 5149 ἀντιστρέφοι
3571 5076 3663 5147 τὴν

1559 5229 1790 5284 νΑιιιΑε
1831 5228 2209 5287 LECTIONES
2250 5228 2335 5283 ET
2374 5227 2605 5285 NOTAE.

494 5384 603 5454 (79)
640 5384 1105 5454 Demosthenicum
1143 5395 1245 5444 est.
1279 5387 1578 5453 παράνοιαν
1616 5386 1975 5452 ὀφλισκάνειν.

422 5464 559 5523 ornt.
596 5455 646 5505 in
682 5453 1038 5508 Timocratem
1073 5470 1086 5506 :
1127 5455 1240 5523 ’E'pj
1280 5457 1509 5509 ἑκάστου
1544 5455 1745 5507 τούτων
1793 5456 1969 5523 ἡλίκη·

2092 5388 2197 5457 rint
2218 5386 2449 5457 homines
2472 5389 2529 5457 in
2559 5403 2861 5457 unoquoque
2889 5386 3112 5440 horum?
3140 5386 3381 5443 Scno'r'r.

2154 5456 2265 5526 (80}
2297 5456 2408 5528 Non
2436 5456 2648 5528 _llérpcp
2676 5456 2784 5513 'sed
2820 5457 3011 5528 Πρίμῳ
3052 5458 3191 5514 hanc
3234 5456 3487 5511 inscribit
3524 5456 3658 5514 cod.

426 5524 491 5595 ᾃν
515 5522 827 5595 ὠφληκότες
870 5524 1172 5595 παράνοιαν
1207 5521 1329 5595 ἦτε·
1378 5524 1601 5588 Quanta:
1654 5521 1876 5595 insania:
1920 5521 1985 5575 ab

2096 5521 2259 5581 Vatic.
2284 5526 2406 5581 650.
2435 5521 2639 5582 Possm}

427 5590 717 5643 hominibus
748 5590 1151 5658 damnaremini,
1191 5590 1307 5649 cum
1345 5595 1574 5661 desipere
1602 5612 1689 5647 vos
1718 5594 1987 5662 judicave-
