3974 6144
461 284 593 348 Ῑ501
1294 294 1831 358 EPISTOLARUM
1872 300 2019 360 LIB.
2061 303 2129 363 V.
2164 327 2232 336 -
2259 302 2497 367 EPIST.
2533 305 2900 366 CCLXXXV.
3563 305 3704 373 1502

448 400 625 463 τάξιν,
659 400 754 451 καὶ
787 398 1058 451 δουλεύειν
1086 399 1400 469 ὀφείλουσα,
1433 406 1709 474 ἡγεῖσθαι,
1742 408 1941 477 μᾶλλον
1966 409 2017 461 δὲ

2130 421 2352 479 pretans
2373 412 2516 467 illius
2538 414 2921 469 meditationes
2979 430 2992 466 :
3030 413 3112 468 sin
3156 414 3402 472 ordinem
3445 416 3587 474 hunc
3613 420 3699 475 in-

447 490 731 559 τυραννεῖν
752 490 842 543 οἵα
873 507 930 542 τε
970 486 1111 545 εἶναι
1146 495 1377 564 νομίζοι,
1442 494 1928 567 ἐξοστρακισθῆναι
1956 498 2016 553 ἂν

2133 512 2326 569 vertat,
2363 513 2417 558 et
2455 518 2579 559 cum
2621 504 2817 559 debeat
2863 504 3089 573 servire,
3141 520 3335 576 regere
3386 517 3479 563 aut
3520 510 3702 578 potius

444 579 530 648 εἴη
563 579 769 636 δικαία.

2128 592 2397 664 imperare
2434 595 2572 660 vult,
2626 610 2840 665 aequum
2873 604 2957 650 est
2991 605 3050 650 ut
3082 596 3403 667 expellatur.

799 705 965 759 ΣηΒν.
996 735 1068 746 -
1098 709 1322 781 ΒυΗΘῼ
1354 713 1666 787 ΜυΝΑΧῼ.

2373 718 2722 775 CCLXXXII.
2756 752 2825 763 —
2863 720 3086 777 BOETO
3119 720 3471 778 MONACHO.

1007 822 1109 878 Dei
1143 826 1407 882 voluntate
1429 830 1562 899 justi
1586 833 1639 886 in
1674 836 1870 889 mundo
1892 852 2029 906 sirpe
2052 836 2371 907 afﬂiguntur.
2398 834 2639 907 (Confer.
2672 838 2824 905 epist.
2863 838 2895 891 6
2924 845 2973 891 et
3002 837 3117 907 86.)

508 946 600 1017 Μὴ
633 947 936 1018 θορυϐείτω
963 971 1022 1006 σε
1047 954 1109 1005 τὸ
1134 956 1365 1023 πολλοὺς
1387 959 1497 1013 τῶν
1519 962 1825 1031 φιλαρέτων
1848 966 2019 1035 μυρία

2194 965 2338 1021 Cave
2358 965 2644 1021 conturbet
2676 975 2731 1021 te
2757 966 2899 1035 quod
2940 966 3092 1021 multi
3132 966 3286 1036 probi
3319 966 3458 1021 mala
3490 966 3694 1023 inﬁnita

436 1037 674 1091 ἐνταῦθα
729 1042 962 1112 πάσχειν
1017 1045 1186 1111 δεινὰ,
1246 1048 1363 1101 ἀλλ’
1415 1052 1495 1114 είς
1535 1052 1742 1107 ἔννοιαν
1795 1054 2005 1125 ἀγέτω,

2123 1057 2429 1125 patiantur;
2464 1057 2558 1113 sed
2599 1057 2655 1111 in
2690 1068 2928 1113 mentem
2959 1072 3189 1125 revoca,
3221 1059 3363 1113 idem
3403 1060 3566 1114 etiam
3603 1074 3692 1113 re-

435 1129 515 1183 ὅτι
543 1130 639 1183 καὶ
669 1135 715 1185 οί
766 1134 875 1187 τῶν
914 1137 1007 1189 ἐπὶ
1040 1137 1147 1207 γῆς
1197 1139 1463 1209 βασιλέων
1509 1143 1671 1211 φίλοι,
1720 1138 1869 1200 οὗτοι
1908 1148 2004 1217 μά-

2120 1162 2244 1216 gum
2274 1147 2467 1201 amicis
2495 1147 2804 1202 usuvenire.
2840 1145 2909 1201 Hi
2936 1147 3079 1202 enim
3109 1148 3162 1202 in
3185 1146 3325 1203 bello
3348 1147 3689 1217 potissimum

435 1218 591 1273 λιστα
643 1225 1195 1293 παρακινδυνεύουσιν
1243 1232 1301 1282 ἐν
1357 1231 1639 1303 πολέμοις,
1698 1236 1792 1287 καὶ
1841 1236 2004 1307 τραύ-

2127 1235 2533 1305 periclitantur,
2572 1229 2965 1307 accipiuntque
2998 1237 3253 1302 vulnera,
3310 1238 3508 1307 quibus
3557 1236 3696 1307 erigi

436 1326 585 1379 ματα
607 1313 809 1383 ἔχουσι,
845 1316 914 1370 δι’
935 1310 1010 1371 ὧν
1036 1320 1105 1372 τά
1131 1321 1368 1392 τρόπαια
1414 1323 1671 1393 ἔστησαν,
1704 1326 2005 1397 ἀποδημίας

2119 1325 2290 1379 solent
2324 1334 2543 1396 tropaea,
2569 1336 2624 1381 et
2653 1328 2704 1382 in
2735 1326 3061 1397 longinquas
3080 1326 3401 1397 ablegantur
3418 1325 3688 1394 regiones.

436 1417 496 1451 τε
523 1403 742 1472 μακράς
782 1406 1111 1463 στέλλονται.
1158 1409 1220 1463 Ei
1244 1411 1299 1464 δὲ
1323 1413 1384 1464 οὺ
1414 1414 1706 1487 καταδέχῃ,
1734 1418 1903 1469 ἐννόει
1931 1419 2005 1471 ὅτι

2123 1414 2263 1482 Quod
2292 1416 2342 1470 si
2382 1430 2487 1471 non
2521 1417 2695 1485 capis,
2727 1417 2902 1485 cogita
2936 1423 2991 1471 et
3020 1429 3141 1470 esse
3184 1414 3457 1483 justorum
3488 1414 3692 1469 multos

433 1490 539 1542 εἰσί
568 1509 714 1556 τινες
741 1496 835 1547 καὶ
868 1498 976 1551 τῶν
1001 1498 1229 1555 δικαίων
1267 1503 1550 1557 κάνταῦθα
1587 1505 2002 1577 εὐημεροῦντες.

2119 1506 2350 1574 perbelle
2382 1506 2470 1561 hic
2502 1514 2724 1577 agentes
2750 1520 2815 1561 ac
2854 1505 3056 1574 quiete.
3114 1504 3299 1573 itaque
3334 1506 3379 1560 si
3410 1503 3688 1560 oﬂ‘endant

433 1578 598 1633 Ὥστε
648 1585 697 1637 εἰ
738 1587 1155 1653 σκανδαλίζουσί
1191 1609 1272 1658 σε,
1307 1593 1402 1647 ἆτε
1432 1595 1826 1668 ἀσθενέστερον
1854 1598 2002 1664 ὄντα,

2118 1595 2252 1649 velut
2280 1595 2690 1651 imbecilliorem
2722 1595 2811 1665 qui
2849 1595 2903 1649 in
2941 1595 3331 1650 tentationibus
3398 1604 3545 1657 sunt,
3576 1594 3687 1648 eri-

430 1671 479 1719 οἱ
529 1671 587 1723 ἐν
629 1678 980 1745 πειρασμοῖς,
1015 1679 1470 1751 οίκοδομείτωσάν
1503 1701 1561 1737 σε
1592 1687 1642 1737 οἱ
1696 1686 1754 1739 ἐν
1802 1686 1999 1741 ἀνέσει.

2123 1698 2235 1754 gant
2263 1688 2535 1758 tranquilli
2566 1706 2580 1742 :
2615 1697 2669 1741 et
2692 1689 2737 1743 si
2796 1685 3069 1742 offendant
3114 1687 3204 1756 qui
3242 1686 3296 1740 in
3333 1686 3590 1740 vitiorum
3622 1684 3692 1739 li-

431 1759 542 1811 Καὶ
571 1763 618 1814 εί
662 1764 1073 1831 σκανδαλίζουσί
1104 1786 1162 1822 σε
1188 1771 1237 1823 οἱ
1275 1772 1332 1824 ἐν
1370 1772 1553 1826 ἀνέσει
1584 1772 1695 1827 τῶν
1729 1775 2000 1848 πονηρῶν,

2121 1778 2285 1831 :entia
2317 1788 2626 1844 versantur,
2652 1779 2941 1833 emendent
2973 1789 3024 1834 te
3052 1779 3141 1848 qui
3187 1777 3362 1847 poenis
3395 1787 3449 1832 et
3473 1774 3690 1847 suppli-

428 1849 773 1921 όρθούτωσάν
813 1873 871 1910 σε
902 1860 951 1912 οί
995 1859 1055 1914 ἐν
1082 1861 1301 1916 κολάσει
1337 1865 1432 1917 καὶ
1464 1868 1779 1937 τιμωρίαις.

1003 1859 1055 1914 ἐν
1082 1861 1301 1916 κολάσει
1337 1865 1432 1917 καὶ
1464 1868 1779 1937 τιμωρίαις.
2114 1867 2214 1921 ciis
2249 1864 2572 1921 afﬁciuntur.

636 1985 800 2040 zur'.
847 2018 918 2027 —
947 1989 1274 2064 ΘΕΟΔΟΣΙῼ
1306 1996 1763 2069 ΣΧΟΛΑΣΤΙΚῼ.
2184 1995 2205 2050 (

2184 1993 2561 2051 CCLXXXIII.
2598 2026 2664 2040 —-
2694 1995 3085 2053 TIIEODOSIO
3118 1994 3625 2053 SCHOLASTICO..

1245 2104 1532 2172 Virtutum,
1558 2110 1910 2180 vitiorumque
1941 2108 2153 2164 nomina
2186 2125 2218 2161 a
2247 2109 2428 2161 multis
2452 2107 2871 2173 confunduntur.

497 2227 631 2283 Λίαν
670 2229 937 2300 θαυμάξω
997 2232 1106 2287 τῶν
1170 2236 1262 2288 καὶ
1310 2239 1379 2288 τά
1427 2239 1731 2309 πράγματα
1785 2240 1882 2294 καὶ
1935 2240 2008 2294 τά

2178 2238 2348 2293 Valde
2381 2238 2629 2308 equidem
2672 2253 2765 2294 eos
2794 2238 3063 2305 admiror,
3110 2240 3204 2309 qui
3238 2247 3293 2294 et
3348 2253 3436 2293 res
3492 2249 3547 2293 et
3587 2254 3692 2295 no-

425 2318 665 2388 όνόματα
696 2322 1056 2391 συγχεόντων.
1090 2326 1184 2388 Ei;
1203 2326 1455 2381 τοσοῦτον
1488 2330 1591 2401 γὰρ
1621 2331 1814 2400 σοφίας
1838 2331 1994 2401 ἤκου-

2111 2327 2249 2381 mina
2275 2328 2634 2382 confundunt.
2674 2327 2753 2381 Eo
2785 2328 2930 2382 enim
2961 2328 3204 2383 scientias
3232 2338 3450 2383 ventum
3478 2338 3581 2395 est,
3614 2340 3680 2386 ut

433 2427 541 2473 σιν,
568 2412 642 2475 ὡς
666 2413 765 2484 τὴν
796 2414 895 2484 μὲν
924 2418 1239 2489 παρρησίαν
1264 2420 1650 2490 ἀναισχυντίαν
1667 2422 1871 2489 καλεῖν,
1906 2422 2002 2494 τὴν

2111 2416 2317 2470 dicendi
2350 2415 2653 2470 libertatem
2678 2416 3060 2485 impudentiam
3078 2417 3398 2483 nominent;
3428 2427 3680 2472 etcontra

422 2501 478 2553 δὲ
503 2502 885 2573 ἀναισχυντίαν
913 2509 1249 2578 παρρησίαν,
1295 2512 1415 2563 κατ’
1451 2512 1618 2581 ἄμφω
1663 2512 1991 2583 ἁμαρτάνον-

2129 2506 2494 2574 mpudentiam
2525 2505 2775 2574 loquendi
2814 2514 3003 2560 vocent
3030 2506 3371 2573 libertatem,
3425 2506 3690 2577 utrinque-

421 2608 532 2654 τες.
566 2592 736 2646 Τοῦτο
769 2596 878 2667 γάρ
927 2597 1150 2669 δρῶσιν,
1180 2600 1212 2670 ἢ
1263 2602 1349 2654 ἵνα
1404 2601 1502 2673 τὴν
1534 2605 1845 2675 παρρησίαν
1877 2606 1990 2658 ἐπι-

2107 2605 2399 2650 errantes:
2438 2596 2597 2664 idque
2631 2595 2840 2650 faciunt
2868 2607 2925 2649 ut
2954 2597 3037 2650 vel
3074 2598 3325 2666 loquendi
3366 2597 3674 2654 libertatem

423 2684 768 2752 στομίσωσιν,
789 2686 820 2757 ἢ
842 2688 925 2740 ἵνα
939 2688 1035 2758 τὴν
1055 2690 1441 2760 ἀναισχυντίαν
1461 2695 1540 2756 εἰς
1562 2694 1782 2763 μείζονα
1803 2696 1992 2751 κακίαι

2110 2702 2193 2742 ore
2213 2688 2396 2741 clauso
2435 2696 2492 2741 et
2520 2690 2771 2742 obturato
2812 2686 3123 2763 refrenent',
3158 2689 3243 2743 vel
3288 2698 3347 2741 ut
3396 2689 3679 2759 impuden-

420 2775 931 2847 παιδοτριὸήσωσιν,
965 2781 1065 2833 οὐκ
1108 2781 1390 2855 είδότες,ἢ
1425 2783 1627 2847 εἰδότες
1660 2785 1780 2855 μὲν,
1822 2804 1989 2857 παρα-

2117 2780 2231 2832 iam
2260 2779 2325 2831 ad
2358 2778 2616 2848 majorem
2643 2779 2942 2848 nequitiam
2971 2779 3152 2847 pueris
3187 2778 3484 2847 instillent;
3518 2781 3686 2852 idque

418 2865 756 2937 λογιζόμενοι
791 2869 847 2921 δέ
872 2871 1118 2936 ἑαυτοὺς,
1156 2873 1238 2925 ὅτι.
1270 2874 1625 2942 ἀναισχυντία
1657 2875 1755 2946 μέν
1777 2876 1928 2931 ἐστιν
1966 2880 1987 2929 i

2111 2872 2314 2925 aescien
2325 2880 2402 2924 tes
2418 2870 2501 2923 vel
2529 2871 2763 2925 scientes
2783 2870 3020 2939 quidem,
3042 2870 3135 2925 sed
3163 2871 3371 2941 seipsos
3392 2870 3638 2928 fallentes
3654 2890 3673 2929 :

417 2958 512 3009 ἐπὶ
538 2960 651 3021 τοῖς
689 2961 991 3030 αἰσχίστοις
1032 2962 1261 3016 πάθεσιν
1300 2963 1524 3034 ἀναιδὴς
1552 2963 1813 3036 φλυαρία,
1857 2971 1986 3039 παῤ-

2115 2959 2242 3027 ιιιοά
2275 2960 2604 3026 impudentia
2633 2960 2850 3028 quidem
2874 2960 2947 3014 sit
2972 2961 3036 3013 de
3069 2960 3314 3029 turpibus
3333 2961 3684 3030 passionibus.

417 3047 583 3116 ῥησία
622 3048 678 3101 δὲ
716 3051 869 3119 ὴέπὶ
898 3053 1013 3113 τοῖς
1059 3052 1366 3115 καλλίστοις
1401 3051 1663 3124 εὖτολμος
1706 3055 1986 3124 ἀπολογία.

2105 3050 2459 3105 inverecunda
2496 3051 2739 3119 nugatio.
2776 3050 3004 3106 libertas
3044 3066 3170 3106 vero
3210 3053 3421 3108 dicendi
3479 3070 3667 3109 rerum

417 3138 540 3208 Χρὴ
577 3136 669 3193 οὖν
702 3116 775 3211 μὴ
810 3144 932 3203 ταῖς
965 3142 1074 3195 τῶν
1108 3143 1520 3214 διεφθαρμένων
1566 3116 1815 3214 γνώμαις
1868 3116 1986 3199 ἒ-πε-

2105 3138 2427 3207 optimarum
2471 3116 2645 3192 audax
2686 3138 2953 3194 defensio.
3017 3139 3134 3195 Non
3184 3141 3364 3211 itaque
3404 3144 3674 3215 corruptis

416 3229 576 3296 σθαι,
606 3231 742 3285 ἀλλά
770 3236 837 3302 τῇ
880 3233 988 3286 τῶν
1046 3235 1389 3303 πραγμάτων
1429 3235 1679 3307 ἀληθείᾳ.
1718 3237 1852 3289 Οὐδὲ
1886 3238 1985 3309 γάρ

2103 3230 2506 3284 assentiendum
2553 3230 2932 3298 Opinionibus,
2982 3232 3074 3287 sed
3124 3248 3303 3286 rerum
3354 3235 3533 3304 potius
3582 3235 3670 3289 in—

416 3324 555 3376 κατὰ
606 3323 914 3393 ἀνθρώπων
972 3326 1135 3396 μόνον
1173 3326 1484 3389 ὁπλίζουσιν
1539 3329 1587 3380 οί
1625 3328 1859 3383 τοιοῦτοι
1894 3330 1985 3394 τάς

2100 3320 2395 3375 sistendum
2423 3321 2658 3375 veritati.
2721 3319 2836 3374 Non
2867 3322 3010 3376 enim
3055 3323 3110 3377 lii
3163 3324 3216 3378 in
3259 3325 3509 3380 humines
3531 3326 3669 3381 dun-

413 3412 677 3480 γλώττας,
702 3415 839 3468 ἀλλά
861 3416 956 3468 καὶ
980 3416 1122 3474 κατά
1141 3418 1241 3488 τῆς
1263 3417 1412 3480 θείας
1427 3418 1729 3489 δυνάμεως.
1753 3420 1865 3490 Τὴν
1882 3420 1982 3491 γάρ

2101 3420 2248 3465 taxat
2303 3411 2512 3481 linguas
2567 3421 2789 3477 acuunt,
2839 3412 2934 3467 sed
2979 3422 3033 3467 et
3082 3412 3407 3469 indivinum
3437 3414 3665 3472 Numen.

419 3504 988 3577 μακροθυμίαναὺτῆς
1034 3509 1295 3578 ἀμέλειαν
1344 3510 1850 3583 προσαγορεύοντες
1885 3512 1988 3565 οὐκ

2097 3499 2585 3571 Longanimitatem
2611 3502 2756 3555 enim
2782 3500 2875 3555 Dei
2912 3501 3293 3571 negligentiam
3324 3502 3666 3574 interpretari

414 3597 761 3666 ἐρυθριῶσιν.
797 3600 963 3653 usas»;
985 3596 1077 3653 οὖν
1110 3600 1445 3671 θαυμαστὸν,
1483 3604 1532 3655 εί
1560 3603 1801 3672 ὀνόματα
1829 3603 1983 3673 ἀμεί-

2096 3609 2198 3647 ιιοη
2227 3592 2576 3648 erubescunt.
2622 3592 2759 3659 Quid
2804 3594 2999 3649 mirum
3032 3596 3194 3666 igitur
3232 3597 3277 3651 si
3309 3598 3526 3652 nomina
3578 3599 3665 3654 isti

415 3687 602 3739 ϐουσιν
631 3690 679 3741 οἱ
710 3691 1025 3761 πάντολμοι,
1068 3693 1228 3746 ὁπότε
1256 3694 1349 3746 καὶ
1382 3695 1461 3755 είς
1482 3694 1712 3764 οὐρανὸν
1739 3694 1809 3747 τά
1856 3694 1984 3765 βέλη

2099 3685 2335 3741 audaculi
2354 3693 2685 3755 permutant,
2713 3700 2836 3740 cum
2872 3696 2927 3741 et
2969 3686 3022 3741 in
3051 3688 3247 3743 coelum
3272 3689 3480 3758 jaciant
3524 3691 3668 3746 tela?

417 3775 717 3846 πέμπουσι.

694 3888 853 3941 ΣΠΔἏ
900 3920 970 3930 -
1016 3893 1234 3962 ΠΡΙΜῼ
1282 3892 1705 3948 ΜΟΝΔΖΟΝΤΙ.

2320 3884 2701 3941 CCLXXXIV.
2736 3914 2807 3926 --
2846 3886 3059 3943 PRIMO
3089 3887 3442 3944 MONACIIOr

528 4002 706 4057 Virtus
734 4020 822 4071 spe
856 4008 1059 4073 prwmii
1079 4008 1386 4073 sustinetur,
1421 4007 1510 4061 sed
1547 4017 1593 4061 et
1624 4007 1735 4076 ipsa
1776 4009 1937 4061 virtus
1975 4003 2073 4060 sibi
2105 3999 2379 4068 prwmium
2412 4016 2474 4053 ac
2505 4015 2719 4054 merces.
2750 3999 2929 4070 (Conf.
2958 4002 3109 4070 epist.
3140 4002 3231 4068 65,
3263 4003 3384 4068 150,
3409 4004 3563 4076 223.)

491 4131 550 4184 Ὀ
577 4132 840 4202 στέφανον
870 4135 1340 4206 ἐπαγγελλόμενος
1363 4135 1459 4207 τὴν
1478 4136 1680 4207 ἀρετὴν
1703 4135 1984 4196 ἀσκοῦντι,

2161 4127 2263 4195 Qui
2292 4142 2547 4183 coronam
2582 4128 2851 4198 promittit
2880 4129 3135 4185 virtutem
3166 4132 3434 4199 aperanti,
3467 4133 3661 4202 duplex

406 4222 500 4276 δύο
534 4226 816 4295 χαρίζεται
859 4226 1067 4296 δωρεάς
1102 4241 1116 4256 ⁸
1149 4228 1277 4297 μίαν
1320 4228 1421 4296 μὲν
1464 4228 1563 4298 τὴν
1612 4227 1829 4297 πρᾶξιν,
1866 4228 1975 4279 ἐτέ-

2092 4229 2310 4290 prmstat
2344 4220 2620 4289 praemium
2642 4260 2656 4285 ,
2683 4221 2909 4275 alterum
2939 4223 3118 4291 operis
3158 4223 3326 4293 ipsius
3357 4224 3534 4294 (cujus
3566 4240 3661 4295 per

408 4334 510 4385 ραν
543 4317 599 4369 δὲ
623 4318 720 4388 τὴν
749 4320 1003 4389 ἀμοιϐήν.
1050 4320 1204 4386 Ἐμοὶ
1233 4320 1339 4388 γάρ
1369 4320 1463 4373 καὶ
1490 4322 1517 4373 ό
1544 4315 1707 4382 ἆθλος
1731 4319 1914 4381 αὐτὸς,
1935 4319 1977 4370 εἰ

2087 4313 2505 4381 promissionem
2548 4328 2709 4366 causa
2743 4314 2882 4381 est),
2915 4314 3145 4368 alterum
3183 4317 3652 4372 remunerationis.

406 4407 499 4459 καὶ
547 4407 802 4470 ἐπίπονός
854 4409 991 4475 ἐστι,
1040 4408 1132 4461 τοῦ
1186 4408 1423 4461 ἐπάθλου
1451 4408 1549 4476 οὐχ
1587 4403 1752 4479 ⁴ἧττον
1803 4407 1975 4474 δωρεά

2090 4403 2269 4473 Neque
2344 4403 2485 4457 enim
2548 4417 2684 4471 opus
2737 4404 2908 4474 ipsum
2965 4406 3078 4458 sive
3123 4406 3336 4461 virtutis
3388 4417 3659 4462 certamen

402 4493 543 4549 εἶναι
597 4499 762 4562 δοκεῖ,
810 4501 923 4568 εἴγε
972 4501 1004 4570 ἡ
1056 4500 1151 4570 μὲν
1206 4499 1376 4570 ἀρετὴ
1425 4499 1680 4562 ὑπόθεσίς
1736 4496 1970 4550 ἐστιτοῦ

2087 4491 2295 4547 tametsi
2319 4491 2642 4545 laboriosum
2675 4492 2766 4556 sit,
2792 4492 2967 4546 minus
2990 4494 3267 4562 przemium
3292 4495 3506 4550 videtur
3534 4510 3656 4551 esse

405 4587 692 4659 στεφάνου,
716 4591 742 4642 ό
772 4589 829 4643 δὲ
856 4591 1118 4661 στέφανος
1141 4592 1199 4644 οὐ
1231 4592 1431 4645 δίδοται
1458 4591 1586 4644 ἄνευ
1621 4590 1846 4661 ἀρετῆς.

2088 4583 2269 4637 bravio
2296 4581 2433 4651 ipso,
2466 4597 2587 4636 cum
2626 4591 2679 4635 et
2705 4582 2874 4636 virtus
2911 4583 3020 4651 ipsa
3050 4585 3255 4654 prmmii
3291 4600 3455 4640 causa
3484 4587 3557 4641 sit
3599 4595 3657 4641 et

2083 4687 2317 4737 coronae,
2355 4686 2528 4741 neque
2560 4674 2674 4726 haec
2707 4674 2823 4727 sine
2856 4676 3054 4729 virtute
3083 4674 3416 4731 conferatur.

678 4785 845 4840 EIIE'.
885 4816 953 4827 -ρ
991 4790 1219 4842 omam
1246 4789 1670 4843 MONAZONTI.
2186 4782 2351 4854 646
2394 4782 2744 4839 CCLxxxv.
2782 4814 2851 4825 --
2888 4783 3121 4840 ORIONI
3167 4774 3519 4843 MONAGHO.

1135 4898 1356 4953 Prwslat
1387 4919 1487 4953 non
1519 4902 1734 4965 bellare,
1765 4917 1923 4970 quam
1953 4901 2203 4953 subsidiis
2234 4900 2351 4953 niti.
2381 4898 2562 4969 (Conf.
2594 4899 2747 4966 epist.
2774 4898 2922 4967 484.)

470 5030 610 5083 Πολὺ
650 5029 1055 5099 ἀσφαλέστερόν
1106 5028 1223 5080 ἐστι
1264 5028 1324 5081 τὸ
1378 5029 1456 5100 μὴ
1484 5029 1838 5099 πολεμεῖσθαι
1874 5029 1972 5082 τοῦ

2158 5028 2319 5083 Multo
2343 5029 2589 5084 seCurius
2623 5036 2701 5080 est
2748 5026 2886 5079 bello
2919 5041 3025 5079 non
3080 5028 3247 5095 premi
3276 5068 3291 5094 ,
3323 5045 3480 5097 quam
3518 5046 3651 5100 sup-

399 5120 834 5192 συμμαχεῖσθαιξ’
903 5121 963 5173 τὸ
1019 5120 1117 5189 μὲν
1183 5120 1291 5190 γὰρ
1356 5121 1584 5191 ἡσυχίαν
1638 5122 1968 5192 ἀπράγμονα

2081 5121 2254 5191 petias
2297 5121 2365 5174 ab
2396 5120 2517 5174 aliis
2556 5120 2845 5186 accipere:
2912 5118 3045 5173 illud
3085 5119 3228 5173 enim
3274 5122 3470 5189 quietis
3504 5131 3648 5179 tran-

397 5215 529 5282 ἔχει,
564 5212 624 5264 τὸ
652 5212 708 5265 δὲ
746 5211 1046 5279 ἀναγκάζει
1080 5211 1453 5281 συμπολεμεῖν
1500 5214 1613 5274 τοῖς
1642 5211 1966 5282 βοηθήσασι,

2077 5209 2467 5279 quillitatisque
2511 5209 2722 5276 plenum
2750 5217 2871 5270 est,
2923 5208 3024 5262 hoc
3046 5224 3172 5263 vero
3202 5226 3307 5263 una
3338 5227 3458 5265 cum
3491 5214 3645 5268 auxi-

397 5306 491 5358 καὶ
517 5308 566 5357 εί
594 5304 795 5365 ἀδίκως
838 5302 965 5355 πολε
976 5305 1146 5371 μοῖεν.
1200 5301 1465 5364 Πολλάκις
1487 5301 1596 5372 γάρ
1617 5301 1966 5371 ἀδικούμενοί

2077 5301 2332 5354 liantibus
2362 5314 2599 5369 pugnare
2621 5300 2781 5368 cogit,
2806 5300 2905 5353 etsi
2943 5309 3179 5369 pugnent
3211 5302 3425 5369 injuste.
3464 5303 3646 5374 Saepe-

394 5411 536 5455 τινες
577 5392 898 5462 συμμαχίαν
950 5391 1373 5444 ἐπεκαλέσαντο·
1424 5386 1491 5462 ἦς
1543 5391 1638 5443 καὶ
1694 5392 1963 5460 τυχόντες,

2072 5406 2299 5446 numero
2328 5392 2472 5445 enim
2508 5389 2698 5457 injuria
2728 5389 2901 5445 all‘ecti
2933 5392 3150 5459 quidam
3184 5394 3451 5447 sociorum
3486 5411 3640 5464 Opem

399 5488 511 5544 τοῖς
581 5481 975 5553 συμμαχήσασι
1065 5481 1287 5543 δικαίως
1363 5479 1810 5549 πολεμουμένοις,
1908 5480 1968 5532 οὺ

2071 5483 2437 5545 advocarunt,
2473 5494 2631 5548 quam
2680 5480 2863 5542 nacti,
2908 5481 3068 5534 etiam
3115 5482 3472 5536 auxiliaribus
3526 5485 3640 5539 suis

393 5577 615 5637 δικαίως
646 5575 936 5645 ἀμύνουσι,
970 5574 1127 5645 χάριν
1166 5573 1349 5629 ἀδικον
1384 5572 1505 5630 ἀντὶ
1548 5572 1761 5637 δικαίας
1797 5574 1962 5627 ἐκτιν-

2070 5572 2207 5626 bello
2233 5571 2380 5640 justo
2420 5571 2633 5640 petitis,
2670 5586 2776 5623 non
2817 5572 2961 5640 juSte
2993 5583 3346 5639 succurrunt,
3384 5573 3638 5644 injustam

394 5670 597 5729 νλντες,
2070 5679 2166 5732 pro
2198 5663 2339 5733 justa
2377 5662 2603 5730 gratiam
2641 5664 3014 5731 rcpendentcs.
