  <div class='ocr_page' id='page_1' title='image "/cluster/home/n/w/nwhite01/storage/ocr_20150623/78/mdp.39015010334699/760.png"; bbox 0 0 3974 6144; ppageno 0'>
   <div class='ocr_carea' id='block_1_1' title="bbox 369 304 508 371">
    <p class='ocr_par' dir='ltr' id='par_1_1' title="bbox 369 304 508 371">
     <span class='ocr_line' id='line_1_1' title="bbox 369 304 508 371; baseline -0.014 -1"><span class='ocrx_word' id='word_1_1' title='bbox 369 304 508 371; x_wconf 82' lang='grc'>1505</span> 
     </span>
    </p>
   </div>
   <div class='ocr_carea' id='block_1_2' title="bbox 1268 307 2744 375">
    <p class='ocr_par' dir='ltr' id='par_1_2' title="bbox 1268 307 2744 375">
     <span class='ocr_line' id='line_1_2' title="bbox 1268 307 2744 375; baseline 0.007 -10"><span class='ocrx_word' id='word_1_2' title='bbox 1268 307 1800 368; x_wconf 76' lang='lat' dir='ltr'><strong>EPISTOLARUM</strong></span> <span class='ocrx_word' id='word_1_3' title='bbox 1841 309 1991 375; x_wconf 55' lang='lat' dir='ltr'><strong>LIB;</strong></span> <span class='ocrx_word' id='word_1_4' title='bbox 2027 310 2096 369; x_wconf 69' lang='grc' dir='ltr'>ν.</span> <span class='ocrx_word' id='word_1_5' title='bbox 2137 334 2203 344; x_wconf 94' lang='grc'><strong><em>-</em></strong></span> <span class='ocrx_word' id='word_1_6' title='bbox 2234 310 2474 373; x_wconf 89' lang='lat' dir='ltr'><strong>EPIST.</strong></span> <span class='ocrx_word' id='word_1_7' title='bbox 2511 313 2744 375; x_wconf 80' lang='lat' dir='ltr'><strong>CCXCI.</strong></span> 
     </span>
    </p>
   </div>
   <div class='ocr_carea' id='block_1_3' title="bbox 3462 321 3604 388">
    <p class='ocr_par' dir='ltr' id='par_1_3' title="bbox 3462 321 3604 388">
     <span class='ocr_line' id='line_1_3' title="bbox 3462 321 3604 388; baseline 0.014 -2"><span class='ocrx_word' id='word_1_8' title='bbox 3462 321 3604 388; x_wconf 69' lang='lat'><strong>1506</strong></span> 
     </span>
    </p>
   </div>
   <div class='ocr_carea' id='block_1_4' title="bbox 371 411 1935 498">
    <p class='ocr_par' dir='ltr' id='par_1_4' title="bbox 371 411 1935 486">
     <span class='ocr_line' id='line_1_4' title="bbox 371 411 1935 486; baseline 0.001 -20"><span class='ocrx_word' id='word_1_9' title='bbox 371 411 540 482; x_wconf 82' lang='grc' dir='ltr'>σμούς</span> <span class='ocrx_word' id='word_1_10' title='bbox 561 426 575 442; x_wconf 77' lang='grc' dir='ltr'><strong>ο</strong></span> <span class='ocrx_word' id='word_1_11' title='bbox 614 411 666 466; x_wconf 86' lang='grc' dir='ltr'><strong>τί</strong></span> <span class='ocrx_word' id='word_1_12' title='bbox 696 413 805 485; x_wconf 81' lang='grc' dir='ltr'><strong>γὰρ</strong></span> <span class='ocrx_word' id='word_1_13' title='bbox 840 412 948 485; x_wconf 74' lang='grc' dir='ltr'><strong>ἔφη</strong></span> <span class='ocrx_word' id='word_1_14' title='bbox 969 414 999 468; x_wconf 92' lang='lat'><strong>6</strong></span> <span class='ocrx_word' id='word_1_15' title='bbox 1038 412 1170 476; x_wconf 83' lang='grc' dir='ltr'>Θεὸς</span> <span class='ocrx_word' id='word_1_16' title='bbox 1196 413 1275 484; x_wconf 82' lang='grc' dir='ltr'>τῷ</span> <span class='ocrx_word' id='word_1_17' title='bbox 1313 413 1612 486; x_wconf 78' lang='grc' dir='ltr'>Ίεζεκιήλ;</span> <span class='ocrx_word' id='word_1_18' title='bbox 1651 434 1670 467; x_wconf 80' lang='grc' dir='ltr'><strong>ι</strong></span> <span class='ocrx_word' id='word_1_19' title='bbox 1729 417 1838 469; x_wconf 75' lang='grc' dir='ltr'><strong>Καὶ</strong></span> <span class='ocrx_word' id='word_1_20' title='bbox 1872 417 1935 468; x_wconf 72' lang='grc' dir='ltr'><strong>σὺ</strong></span> 
     </span>
    </p>
   </div>
   <div class='ocr_carea' id='block_1_5' title="bbox 2040 411 3606 498">
    <p class='ocr_par' dir='ltr' id='par_1_5' title="bbox 2041 418 3606 498">
     <span class='ocr_line' id='line_1_5' title="bbox 2041 418 3606 498; baseline 0.012 -29"><span class='ocrx_word' id='word_1_21' title='bbox 2041 419 2104 482; x_wconf 71' lang='lat' dir='ltr'><strong>si:</strong></span> <span class='ocrx_word' id='word_1_22' title='bbox 2128 418 2334 472; x_wconf 68' lang='lat' dir='ltr'><strong>litoreas</strong></span> <span class='ocrx_word' id='word_1_23' title='bbox 2368 419 2680 488; x_wconf 78' lang='lat' dir='ltr'><strong>ambigens,</strong></span> <span class='ocrx_word' id='word_1_24' title='bbox 2710 421 2888 480; x_wconf 84' lang='lat' dir='ltr'><strong>divina</strong></span> <span class='ocrx_word' id='word_1_25' title='bbox 2915 424 3158 480; x_wconf 78' lang='lat' dir='ltr'><strong>recitabo</strong></span> <span class='ocrx_word' id='word_1_26' title='bbox 3187 425 3422 483; x_wconf 75' lang='lat' dir='ltr'><strong>oracula.</strong></span> <span class='ocrx_word' id='word_1_27' title='bbox 3465 431 3606 498; x_wconf 87' lang='lat' dir='ltr'><strong>Quid</strong></span> 
     </span>
    </p>
   </div>
   <div class='ocr_carea' id='block_1_6' title="bbox 369 503 1934 578">
    <p class='ocr_par' dir='ltr' id='par_1_6' title="bbox 369 503 1934 578">
     <span class='ocr_line' id='line_1_6' title="bbox 369 503 1934 578; baseline 0.003 -21"><span class='ocrx_word' id='word_1_28' title='bbox 369 504 465 557; x_wconf 79' lang='grc' dir='ltr'><strong>ὲάν</strong></span> <span class='ocrx_word' id='word_1_29' title='bbox 489 503 762 575; x_wconf 76' lang='grc' dir='ltr'>διαστείλῃ</span> <span class='ocrx_word' id='word_1_30' title='bbox 795 503 874 574; x_wconf 77' lang='grc' dir='ltr'>τῷ</span> <span class='ocrx_word' id='word_1_31' title='bbox 899 505 1107 574; x_wconf 80' lang='grc' dir='ltr'><strong>ἀνόμῳ,</strong></span> <span class='ocrx_word' id='word_1_32' title='bbox 1133 505 1227 558; x_wconf 79' lang='grc' dir='ltr'><strong>καὶ</strong></span> <span class='ocrx_word' id='word_1_33' title='bbox 1258 505 1334 575; x_wconf 80' lang='grc' dir='ltr'>μὴ</span> <span class='ocrx_word' id='word_1_34' title='bbox 1353 506 1673 578; x_wconf 76' lang='grc' dir='ltr'><strong>ἀποστρέψῃ</strong></span> <span class='ocrx_word' id='word_1_35' title='bbox 1695 506 1803 560; x_wconf 78' lang='grc' dir='ltr'><strong>ἀπὸ</strong></span> <span class='ocrx_word' id='word_1_36' title='bbox 1832 507 1934 576; x_wconf 74' lang='grc' dir='ltr'><strong>τῆς</strong></span> 
     </span>
    </p>
   </div>
   <div class='ocr_carea' id='block_1_7' title="bbox 369 593 1936 664">
    <p class='ocr_par' dir='ltr' id='par_1_7' title="bbox 369 593 1936 664">
     <span class='ocr_line' id='line_1_7' title="bbox 369 593 1936 664; baseline 0.002 -18"><span class='ocrx_word' id='word_1_37' title='bbox 369 593 600 662; x_wconf 78' lang='grc' dir='ltr'><strong>ἀνομίας</strong></span> <span class='ocrx_word' id='word_1_38' title='bbox 624 594 785 646; x_wconf 81' lang='grc' dir='ltr'>αὑτοῦ</span> <span class='ocrx_word' id='word_1_39' title='bbox 809 595 838 647; x_wconf 89' lang='lat'><strong>6</strong></span> <span class='ocrx_word' id='word_1_40' title='bbox 869 594 1090 664; x_wconf 75' lang='grc' dir='ltr'>ἄνομος,</span> <span class='ocrx_word' id='word_1_41' title='bbox 1114 595 1172 650; x_wconf 80' lang='grc' dir='ltr'>ὲν</span> <span class='ocrx_word' id='word_1_42' title='bbox 1200 597 1268 664; x_wconf 84' lang='grc' dir='ltr'>τῇ</span> <span class='ocrx_word' id='word_1_43' title='bbox 1300 595 1500 664; x_wconf 79' lang='grc' dir='ltr'>ἀνομίᾳ</span> <span class='ocrx_word' id='word_1_44' title='bbox 1527 596 1694 648; x_wconf 85' lang='grc' dir='ltr'>αὑτοῦ</span> <span class='ocrx_word' id='word_1_45' title='bbox 1732 596 1936 649; x_wconf 85' lang='grc' dir='ltr'>ἀποθα-</span> 
     </span>
    </p>
   </div>
   <div class='ocr_carea' id='block_1_8' title="bbox 367 681 1933 756">
    <p class='ocr_par' dir='ltr' id='par_1_8' title="bbox 367 681 1933 756">
     <span class='ocr_line' id='line_1_8' title="bbox 367 681 1933 756; baseline 0.002 -22"><span class='ocrx_word' id='word_1_46' title='bbox 367 683 559 734; x_wconf 80' lang='grc' dir='ltr'><strong>νεῖται·</strong></span> <span class='ocrx_word' id='word_1_47' title='bbox 579 682 644 734; x_wconf 74' lang='lat' dir='ltr'><strong>ab</strong></span> <span class='ocrx_word' id='word_1_48' title='bbox 669 682 725 734; x_wconf 81' lang='grc' dir='ltr'><strong>δὲ</strong></span> <span class='ocrx_word' id='word_1_49' title='bbox 751 681 849 752; x_wconf 81' lang='grc' dir='ltr'>τὴν</span> <span class='ocrx_word' id='word_1_50' title='bbox 874 681 1170 753; x_wconf 73' lang='grc' dir='ltr'>ψυχήνξσου</span> <span class='ocrx_word' id='word_1_51' title='bbox 1190 683 1354 756; x_wconf 77' lang='grc' dir='ltr'>ῥύσῃ.</span> <span class='ocrx_word' id='word_1_52' title='bbox 1372 701 1392 734; x_wconf 76' lang='grc' dir='ltr'><strong>ι</strong></span> <span class='ocrx_word' id='word_1_53' title='bbox 1427 683 1654 738; x_wconf 81' lang='grc' dir='ltr'>Σιωπῶν</span> <span class='ocrx_word' id='word_1_54' title='bbox 1680 684 1778 753; x_wconf 74' lang='grc' dir='ltr'><strong>μὲν</strong></span> <span class='ocrx_word' id='word_1_55' title='bbox 1802 686 1933 754; x_wconf 73' lang='grc' dir='ltr'>γὰρ,</span> 
     </span>
    </p>
   </div>
   <div class='ocr_carea' id='block_1_9' title="bbox 369 770 1932 844">
    <p class='ocr_par' dir='ltr' id='par_1_9' title="bbox 369 770 1932 844">
     <span class='ocr_line' id='line_1_9' title="bbox 369 770 1932 844; baseline -0.001 -18"><span class='ocrx_word' id='word_1_56' title='bbox 369 772 466 826; x_wconf 67' lang='grc' dir='ltr'>καὶ</span> <span class='ocrx_word' id='word_1_57' title='bbox 497 770 571 841; x_wconf 77' lang='grc' dir='ltr'>μὴ</span> <span class='ocrx_word' id='word_1_58' title='bbox 607 772 1112 842; x_wconf 73' lang='grc' dir='ltr'>παρρησιαζόμενος</span> <span class='ocrx_word' id='word_1_59' title='bbox 1141 811 1158 836; x_wconf 88' lang='grc'><strong>,</strong></span> <span class='ocrx_word' id='word_1_60' title='bbox 1199 775 1475 836; x_wconf 77' lang='grc' dir='ltr'><strong>κοινωνεῖς</strong></span> <span class='ocrx_word' id='word_1_61' title='bbox 1513 773 1725 842; x_wconf 76' lang='grc' dir='ltr'>ἐκείνῳ,</span> <span class='ocrx_word' id='word_1_62' title='bbox 1777 774 1932 844; x_wconf 65' lang='grc' dir='ltr'>φησι,</span> 
     </span>
    </p>
   </div>
   <div class='ocr_carea' id='block_1_10' title="bbox 366 860 1937 934">
    <p class='ocr_par' dir='ltr' id='par_1_10' title="bbox 366 860 1937 934">
     <span class='ocr_line' id='line_1_10' title="bbox 366 860 1937 934; baseline 0.001 -22"><span class='ocrx_word' id='word_1_63' title='bbox 366 861 466 928; x_wconf 86' lang='grc' dir='ltr'>τῆς</span> <span class='ocrx_word' id='word_1_64' title='bbox 490 860 777 930; x_wconf 74' lang='grc' dir='ltr'><strong>τιμωρίας.</strong></span> <span class='ocrx_word' id='word_1_65' title='bbox 805 861 1115 930; x_wconf 79' lang='grc' dir='ltr'>Προείρηκα</span> <span class='ocrx_word' id='word_1_66' title='bbox 1137 862 1296 931; x_wconf 53' lang='grc' dir='ltr'>γιαρμ</span> <span class='ocrx_word' id='word_1_67' title='bbox 1317 860 1444 914; x_wconf 73' lang='grc' dir='ltr'>Ἐἀν</span> <span class='ocrx_word' id='word_1_68' title='bbox 1471 860 1546 932; x_wconf 81' lang='grc' dir='ltr'>μὴ</span> <span class='ocrx_word' id='word_1_69' title='bbox 1563 861 1859 934; x_wconf 77' lang='grc' dir='ltr'>διαστείλῃ,</span> <span class='ocrx_word' id='word_1_70' title='bbox 1876 862 1937 914; x_wconf 78' lang='grc' dir='ltr'><strong>τὸ</strong></span> 
     </span>
    </p>
   </div>
   <div class='ocr_carea' id='block_1_11' title="bbox 367 942 1934 1020">
    <p class='ocr_par' dir='ltr' id='par_1_11' title="bbox 367 942 1934 1020">
     <span class='ocr_line' id='line_1_11' title="bbox 367 942 1934 1020; baseline 0.003 -19"><span class='ocrx_word' id='word_1_71' title='bbox 367 942 677 1018; x_wconf 77' lang='grc' dir='ltr'>αἴμααὺτοῦ</span> <span class='ocrx_word' id='word_1_72' title='bbox 701 951 766 1000; x_wconf 85' lang='grc' dir='ltr'>ὲκ</span> <span class='ocrx_word' id='word_1_73' title='bbox 783 947 882 1018; x_wconf 80' lang='grc' dir='ltr'>τῆς</span> <span class='ocrx_word' id='word_1_74' title='bbox 898 949 1077 1020; x_wconf 80' lang='grc' dir='ltr'>χειρός</span> <span class='ocrx_word' id='word_1_75' title='bbox 1099 966 1191 1001; x_wconf 82' lang='grc' dir='ltr'><strong>σου</strong></span> <span class='ocrx_word' id='word_1_76' title='bbox 1209 947 1513 1019; x_wconf 75' lang='grc' dir='ltr'>ὲκζητήσω.</span> <span class='ocrx_word' id='word_1_77' title='bbox 1542 968 1562 1001; x_wconf 76' lang='grc' dir='ltr'><strong>ι</strong></span> <span class='ocrx_word' id='word_1_78' title='bbox 1589 948 1669 1001; x_wconf 84' lang='grc' dir='ltr'><strong>Τά</strong></span> <span class='ocrx_word' id='word_1_79' title='bbox 1684 965 1750 1001; x_wconf 82' lang='grc' dir='ltr'>πε</span> <span class='ocrx_word' id='word_1_80' title='bbox 1760 950 1810 1018; x_wconf 75' lang='lat' dir='ltr'><strong>pl</strong></span> <span class='ocrx_word' id='word_1_81' title='bbox 1824 948 1934 1018; x_wconf 72' lang='lat'><strong>(86)</strong></span> 
     </span>
    </p>
   </div>
   <div class='ocr_carea' id='block_1_12' title="bbox 373 1038 1937 1110">
    <p class='ocr_par' dir='ltr' id='par_1_12' title="bbox 373 1038 1937 1110">
     <span class='ocr_line' id='line_1_12' title="bbox 373 1038 1937 1110; baseline 0 -18"><span class='ocrx_word' id='word_1_82' title='bbox 373 1038 570 1094; x_wconf 80' lang='grc' dir='ltr'>σαυτοῦ</span> <span class='ocrx_word' id='word_1_83' title='bbox 599 1038 656 1090; x_wconf 84' lang='grc' dir='ltr'>δὲ</span> <span class='ocrx_word' id='word_1_84' title='bbox 689 1039 956 1107; x_wconf 71' lang='grc' dir='ltr'>εἰσφέρων</span> <span class='ocrx_word' id='word_1_85' title='bbox 1005 1038 1327 1110; x_wconf 66' lang='grc' dir='ltr'>ἀπαλλάττῃ</span> <span class='ocrx_word' id='word_1_86' title='bbox 1358 1040 1456 1110; x_wconf 74' lang='grc' dir='ltr'>τῆς</span> <span class='ocrx_word' id='word_1_87' title='bbox 1500 1039 1818 1109; x_wconf 74' lang='grc' dir='ltr'><strong>καταδίκης.</strong></span> <span class='ocrx_word' id='word_1_88' title='bbox 1847 1039 1937 1110; x_wconf 83' lang='grc' dir='ltr'><strong>Τῷ</strong></span> 
     </span>
    </p>
   </div>
   <div class='ocr_carea' id='block_1_13' title="bbox 374 1127 1932 1199">
    <p class='ocr_par' dir='ltr' id='par_1_13' title="bbox 374 1127 1932 1199">
     <span class='ocr_line' id='line_1_13' title="bbox 374 1127 1932 1199; baseline 0 -16"><span class='ocrx_word' id='word_1_89' title='bbox 374 1129 472 1198; x_wconf 80' lang='grc' dir='ltr'>μὲν</span> <span class='ocrx_word' id='word_1_90' title='bbox 523 1129 633 1199; x_wconf 79' lang='grc' dir='ltr'><strong>γὰρ</strong></span> <span class='ocrx_word' id='word_1_91' title='bbox 677 1129 776 1181; x_wconf 78' lang='grc' dir='ltr'>καὶ</span> <span class='ocrx_word' id='word_1_92' title='bbox 819 1127 1212 1199; x_wconf 58' lang='grc' dir='ltr'>ἀηργαλεωτέρα</span> <span class='ocrx_word' id='word_1_93' title='bbox 1261 1129 1551 1199; x_wconf 82' lang='grc' dir='ltr'>γενήσεται</span> <span class='ocrx_word' id='word_1_94' title='bbox 1596 1129 1632 1199; x_wconf 76' lang='grc' dir='ltr'><strong>η</strong></span> <span class='ocrx_word' id='word_1_95' title='bbox 1679 1129 1932 1195; x_wconf 88' lang='grc' dir='ltr'>κόλασις,</span> 
     </span>
    </p>
   </div>
   <div class='ocr_carea' id='block_1_14' title="bbox 374 1219 1938 1292">
    <p class='ocr_par' dir='ltr' id='par_1_14' title="bbox 374 1219 1938 1292">
     <span class='ocr_line' id='line_1_14' title="bbox 374 1219 1938 1292; baseline 0 -19"><span class='ocrx_word' id='word_1_96' title='bbox 374 1221 508 1292; x_wconf 82' lang='grc' dir='ltr'>μηδὲ</span> <span class='ocrx_word' id='word_1_97' title='bbox 551 1221 650 1291; x_wconf 83' lang='grc' dir='ltr'><strong>τὴν</strong></span> <span class='ocrx_word' id='word_1_98' title='bbox 685 1221 785 1291; x_wconf 79' lang='grc' dir='ltr'>σὴν</span> <span class='ocrx_word' id='word_1_99' title='bbox 824 1219 1254 1290; x_wconf 54' lang='grc' dir='ltr'>παραδεξαμένη)</span> <span class='ocrx_word' id='word_1_100' title='bbox 1297 1221 1640 1288; x_wconf 82' lang='grc' dir='ltr'>παραίνεσιν.</span> <span class='ocrx_word' id='word_1_101' title='bbox 1674 1222 1747 1274; x_wconf 83' lang='grc' dir='ltr'><strong>Σὺ</strong></span> <span class='ocrx_word' id='word_1_102' title='bbox 1777 1221 1848 1273; x_wconf 74' lang='grc' dir='ltr'><strong>»δὲ</strong></span> <span class='ocrx_word' id='word_1_103' title='bbox 1875 1222 1938 1274; x_wconf 82' lang='grc' dir='ltr'>τὸ</span> 
     </span>
    </p>
   </div>
   <div class='ocr_carea' id='block_1_15' title="bbox 371 1312 1936 1385">
    <p class='ocr_par' dir='ltr' id='par_1_15' title="bbox 371 1312 1936 1385">
     <span class='ocr_line' id='line_1_15' title="bbox 371 1312 1936 1385; baseline -0.001 -18"><span class='ocrx_word' id='word_1_104' title='bbox 371 1314 656 1367; x_wconf 84' lang='grc' dir='ltr'>κελευσθὲν</span> <span class='ocrx_word' id='word_1_105' title='bbox 686 1313 1143 1384; x_wconf 78' lang='grc' dir='ltr'><strong>διαπραξάμενος,</strong></span> <span class='ocrx_word' id='word_1_106' title='bbox 1169 1312 1458 1376; x_wconf 81' lang='grc' dir='ltr'>ἀνεύθυνος</span> <span class='ocrx_word' id='word_1_107' title='bbox 1482 1314 1602 1385; x_wconf 78' lang='grc' dir='ltr'>ἔσῃ.</span> <span class='ocrx_word' id='word_1_108' title='bbox 1635 1313 1799 1366; x_wconf 75' lang='grc' dir='ltr'>Οὐδὲν</span> <span class='ocrx_word' id='word_1_109' title='bbox 1827 1314 1936 1385; x_wconf 84' lang='grc' dir='ltr'>γὰρ</span> 
     </span>
    </p>
   </div>
   <div class='ocr_carea' id='block_1_16' title="bbox 369 1404 1934 1476">
    <p class='ocr_par' dir='ltr' id='par_1_16' title="bbox 369 1404 1934 1476">
     <span class='ocr_line' id='line_1_16' title="bbox 369 1404 1934 1476; baseline 0 -17"><span class='ocrx_word' id='word_1_110' title='bbox 369 1406 464 1459; x_wconf 81' lang='grc' dir='ltr'>τοῦ</span> <span class='ocrx_word' id='word_1_111' title='bbox 491 1405 809 1459; x_wconf 76' lang='grc' dir='ltr'>διδασκάλου</span> <span class='ocrx_word' id='word_1_112' title='bbox 836 1405 1006 1469; x_wconf 71' lang='grc' dir='ltr'>ἐστὶν,</span> <span class='ocrx_word' id='word_1_113' title='bbox 1039 1404 1070 1474; x_wconf 83' lang='grc' dir='ltr'><strong>ἥ</strong></span> <span class='ocrx_word' id='word_1_114' title='bbox 1095 1405 1336 1474; x_wconf 83' lang='grc' dir='ltr'>ἄληπτον</span> <span class='ocrx_word' id='word_1_115' title='bbox 1365 1405 1674 1476; x_wconf 78' lang='grc' dir='ltr'>παρέχοντα</span> <span class='ocrx_word' id='word_1_116' title='bbox 1700 1406 1791 1457; x_wconf 85' lang='grc' dir='ltr'><strong>τὸν</strong></span> <span class='ocrx_word' id='word_1_117' title='bbox 1821 1405 1934 1475; x_wconf 87' lang='grc' dir='ltr'>βίον</span> 
     </span>
    </p>
   </div>
   <div class='ocr_carea' id='block_1_17' title="bbox 369 1495 1932 1568">
    <p class='ocr_par' dir='ltr' id='par_1_17' title="bbox 369 1495 1932 1568">
     <span class='ocr_line' id='line_1_17' title="bbox 369 1495 1932 1568; baseline -0.001 -18"><span class='ocrx_word' id='word_1_118' title='bbox 369 1497 662 1562; x_wconf 78' lang='grc' dir='ltr'>παιδεύειν,</span> <span class='ocrx_word' id='word_1_119' title='bbox 713 1495 977 1568; x_wconf 78' lang='grc' dir='ltr'>μηδαμῶς</span> <span class='ocrx_word' id='word_1_120' title='bbox 1009 1495 1324 1566; x_wconf 77' lang='grc' dir='ltr'>αἰδούμενον</span> <span class='ocrx_word' id='word_1_121' title='bbox 1371 1495 1479 1549; x_wconf 83' lang='grc' dir='ltr'><strong>τῶν</strong></span> <span class='ocrx_word' id='word_1_122' title='bbox 1512 1498 1932 1566; x_wconf 85' lang='grc' dir='ltr'>ἁμαρτανόντων</span> 
     </span>
    </p>
   </div>
   <div class='ocr_carea' id='block_1_18' title="bbox 368 1584 1937 1660">
    <p class='ocr_par' dir='ltr' id='par_1_18' title="bbox 368 1584 1937 1660">
     <span class='ocr_line' id='line_1_18' title="bbox 368 1584 1937 1660; baseline -0.001 -20"><span class='ocrx_word' id='word_1_123' title='bbox 368 1589 466 1660; x_wconf 81' lang='grc' dir='ltr'>τὴν</span> <span class='ocrx_word' id='word_1_124' title='bbox 495 1587 853 1654; x_wconf 81' lang='grc' dir='ltr'>ἀξιοπιστίαν.</span> <span class='ocrx_word' id='word_1_125' title='bbox 887 1584 960 1638; x_wconf 83' lang='grc' dir='ltr'>Τὸ</span> <span class='ocrx_word' id='word_1_126' title='bbox 990 1584 1046 1637; x_wconf 85' lang='grc' dir='ltr'>δὲ</span> <span class='ocrx_word' id='word_1_127' title='bbox 1080 1585 1342 1656; x_wconf 81' lang='grc' dir='ltr'>πράττειν</span> <span class='ocrx_word' id='word_1_128' title='bbox 1369 1585 1402 1655; x_wconf 79' lang='grc' dir='ltr'><strong>ἢ</strong></span> <span class='ocrx_word' id='word_1_129' title='bbox 1432 1587 1505 1656; x_wconf 85' lang='grc' dir='ltr'>μὴ</span> <span class='ocrx_word' id='word_1_130' title='bbox 1530 1625 1545 1649; x_wconf 89' lang='grc'><strong>,</strong></span> <span class='ocrx_word' id='word_1_131' title='bbox 1576 1587 1674 1655; x_wconf 81' lang='grc' dir='ltr'>τῆς</span> <span class='ocrx_word' id='word_1_132' title='bbox 1703 1586 1810 1639; x_wconf 89' lang='grc' dir='ltr'><strong>τῶν</strong></span> <span class='ocrx_word' id='word_1_133' title='bbox 1835 1603 1937 1656; x_wconf 85' lang='grc' dir='ltr'>μα-</span> 
     </span>
    </p>
   </div>
   <div class='ocr_carea' id='block_1_19' title="bbox 369 1674 1934 1748">
    <p class='ocr_par' dir='ltr' id='par_1_19' title="bbox 369 1674 1934 1748">
     <span class='ocr_line' id='line_1_19' title="bbox 369 1674 1934 1748; baseline -0.002 -17"><span class='ocrx_word' id='word_1_134' title='bbox 369 1677 747 1748; x_wconf 85' lang='grc' dir='ltr'>θητευομένων</span> <span class='ocrx_word' id='word_1_135' title='bbox 772 1677 1004 1748; x_wconf 78' lang='grc' dir='ltr'>ἤρτηται</span> <span class='ocrx_word' id='word_1_136' title='bbox 1026 1674 1251 1745; x_wconf 83' lang='grc' dir='ltr'>γνώμης</span> <span class='ocrx_word' id='word_1_137' title='bbox 1273 1717 1287 1739; x_wconf 93' lang='grc'><strong>,</strong></span> <span class='ocrx_word' id='word_1_138' title='bbox 1314 1675 1475 1729; x_wconf 85' lang='grc' dir='ltr'>παντί</span> <span class='ocrx_word' id='word_1_139' title='bbox 1510 1692 1571 1729; x_wconf 79' lang='grc' dir='ltr'><strong>τε</strong></span> <span class='ocrx_word' id='word_1_140' title='bbox 1600 1677 1693 1730; x_wconf 74' lang='grc' dir='ltr'><strong>καὶ</strong></span> <span class='ocrx_word' id='word_1_141' title='bbox 1729 1692 1934 1730; x_wconf 81' lang='grc' dir='ltr'>παντα-</span> 
     </span>
    </p>
   </div>
   <div class='ocr_carea' id='block_1_20' title="bbox 2032 505 3605 585">
    <p class='ocr_par' dir='ltr' id='par_1_20' title="bbox 2032 505 3605 585">
     <span class='ocr_line' id='line_1_20' title="bbox 2032 505 3605 585; baseline 0.01 -26"><span class='ocrx_word' id='word_1_142' title='bbox 2032 505 2184 585; x_wconf 13' lang='grc' dir='ltr'>νθιιῖυι</span> <span class='ocrx_word' id='word_1_143' title='bbox 2227 507 2304 560; x_wconf 80' lang='lat' dir='ltr'><strong>ait</strong></span> <span class='ocrx_word' id='word_1_144' title='bbox 2355 507 2500 562; x_wconf 88' lang='lat' dir='ltr'><strong>Deus</strong></span> <span class='ocrx_word' id='word_1_145' title='bbox 2548 509 2817 564; x_wconf 70' lang='lat' dir='ltr'><strong>Ezechieli</strong></span> <span class='ocrx_word' id='word_1_146' title='bbox 2853 529 2869 566; x_wconf 88' lang='lat'><strong>:</strong></span> <span class='ocrx_word' id='word_1_147' title='bbox 2930 530 2950 565; x_wconf 87' lang='grc' dir='ltr'><strong>ι</strong></span> <span class='ocrx_word' id='word_1_148' title='bbox 2979 511 3060 567; x_wconf 83' lang='lat' dir='ltr'><strong>Tu</strong></span> <span class='ocrx_word' id='word_1_149' title='bbox 3105 515 3152 568; x_wconf 89' lang='lat' dir='ltr'><strong>si</strong></span> <span class='ocrx_word' id='word_1_150' title='bbox 3196 517 3605 578; x_wconf 81' lang='lat' dir='ltr'><strong>aununtiaveris</strong></span> 
     </span>
    </p>
   </div>
   <div class='ocr_carea' id='block_1_21' title="bbox 2039 593 3602 672">
    <p class='ocr_par' dir='ltr' id='par_1_21' title="bbox 2039 593 3602 672">
     <span class='ocr_line' id='line_1_21' title="bbox 2039 593 3602 672; baseline 0.008 -25"><span class='ocrx_word' id='word_1_151' title='bbox 2039 593 2225 662; x_wconf 77' lang='lat' dir='ltr'><strong>impio,</strong></span> <span class='ocrx_word' id='word_1_152' title='bbox 2254 603 2310 650; x_wconf 85' lang='lat' dir='ltr'><strong>et</strong></span> <span class='ocrx_word' id='word_1_153' title='bbox 2337 595 2426 650; x_wconf 90' lang='lat' dir='ltr'><strong>ille</strong></span> <span class='ocrx_word' id='word_1_154' title='bbox 2453 610 2561 652; x_wconf 87' lang='lat' dir='ltr'><strong>non</strong></span> <span class='ocrx_word' id='word_1_155' title='bbox 2590 597 2752 652; x_wconf 82' lang='lat' dir='ltr'><strong>fuerit</strong></span> <span class='ocrx_word' id='word_1_156' title='bbox 2775 613 3068 656; x_wconf 83' lang='lat' dir='ltr'><strong>conversus</strong></span> <span class='ocrx_word' id='word_1_157' title='bbox 3091 601 3158 656; x_wconf 86' lang='lat' dir='ltr'><strong>ab</strong></span> <span class='ocrx_word' id='word_1_158' title='bbox 3185 601 3464 671; x_wconf 81' lang='lat' dir='ltr'><strong>impietate</strong></span> <span class='ocrx_word' id='word_1_159' title='bbox 3483 620 3602 672; x_wconf 78' lang='lat' dir='ltr'><strong>sua,</strong></span> 
     </span>
    </p>
   </div>
   <div class='ocr_carea' id='block_1_22' title="bbox 2039 682 3603 752">
    <p class='ocr_par' dir='ltr' id='par_1_22' title="bbox 2039 682 3603 752">
     <span class='ocr_line' id='line_1_22' title="bbox 2039 682 3603 752; baseline 0.008 -17"><span class='ocrx_word' id='word_1_160' title='bbox 2039 682 2237 751; x_wconf 82' lang='lat' dir='ltr'><strong>impius</strong></span> <span class='ocrx_word' id='word_1_161' title='bbox 2283 683 2341 738; x_wconf 81' lang='lat' dir='ltr'><strong>in</strong></span> <span class='ocrx_word' id='word_1_162' title='bbox 2393 683 2676 752; x_wconf 91' lang='lat' dir='ltr'><strong>iniquitate</strong></span> <span class='ocrx_word' id='word_1_163' title='bbox 2707 701 2803 740; x_wconf 83' lang='lat' dir='ltr'><strong>sua</strong></span> <span class='ocrx_word' id='word_1_164' title='bbox 2833 688 3132 742; x_wconf 88' lang='lat' dir='ltr'><strong>morietur:</strong></span> <span class='ocrx_word' id='word_1_165' title='bbox 3189 700 3245 744; x_wconf 90' lang='lat' dir='ltr'><strong>tu</strong></span> <span class='ocrx_word' id='word_1_166' title='bbox 3280 701 3456 747; x_wconf 77' lang='lat' dir='ltr'><strong>autem</strong></span> <span class='ocrx_word' id='word_1_167' title='bbox 3481 693 3603 748; x_wconf 81' lang='lat' dir='ltr'><strong>ani-</strong></span> 
     </span>
    </p>
   </div>
   <div class='ocr_carea' id='block_1_23' title="bbox 2038 775 3604 846">
    <p class='ocr_par' dir='ltr' id='par_1_23' title="bbox 2038 775 3604 846">
     <span class='ocr_line' id='line_1_23' title="bbox 2038 775 3604 846; baseline 0.007 -19"><span class='ocrx_word' id='word_1_168' title='bbox 2038 788 2180 829; x_wconf 90' lang='lat' dir='ltr'><strong>mam</strong></span> <span class='ocrx_word' id='word_1_169' title='bbox 2214 783 2361 830; x_wconf 85' lang='lat' dir='ltr'><strong>luam</strong></span> <span class='ocrx_word' id='word_1_170' title='bbox 2401 775 2640 831; x_wconf 71' lang='lat' dir='ltr'><strong>liberanti</strong></span> <span class='ocrx_word' id='word_1_171' title='bbox 2669 778 2736 835; x_wconf 84' lang='lat'><strong>&#39;°.</strong></span> <span class='ocrx_word' id='word_1_172' title='bbox 2766 797 2787 830; x_wconf 76' lang='grc' dir='ltr'><strong>ι</strong></span> <span class='ocrx_word' id='word_1_173' title='bbox 2832 777 3042 836; x_wconf 76' lang='lat' dir='ltr'><strong>Taceas</strong></span> <span class='ocrx_word' id='word_1_174' title='bbox 3070 783 3215 835; x_wconf 77' lang='lat' dir='ltr'><strong>enim</strong></span> <span class='ocrx_word' id='word_1_175' title='bbox 3237 821 3254 846; x_wconf 91' lang='lat'><strong>,</strong></span> <span class='ocrx_word' id='word_1_176' title='bbox 3298 798 3398 838; x_wconf 81' lang='lat' dir='ltr'><strong>nec</strong></span> <span class='ocrx_word' id='word_1_177' title='bbox 3435 784 3604 840; x_wconf 63' lang='lat' dir='ltr'><strong>bibere</strong></span> 
     </span>
    </p>
   </div>
   <div class='ocr_carea' id='block_1_24' title="bbox 2039 863 3606 940">
    <p class='ocr_par' dir='ltr' id='par_1_24' title="bbox 2039 863 3606 940">
     <span class='ocr_line' id='line_1_24' title="bbox 2039 863 3606 940; baseline 0.006 -24"><span class='ocrx_word' id='word_1_178' title='bbox 2039 863 2436 931; x_wconf 84' lang='lat' dir='ltr'><strong>reprehendens</strong></span> <span class='ocrx_word' id='word_1_179' title='bbox 2467 867 2770 935; x_wconf 78' lang='lat' dir='ltr'><strong>particeps,</strong></span> <span class='ocrx_word' id='word_1_180' title='bbox 2809 867 2915 932; x_wconf 85' lang='lat' dir='ltr'><strong>ait,</strong></span> <span class='ocrx_word' id='word_1_181' title='bbox 2970 867 3035 924; x_wconf 80' lang='lat' dir='ltr'><strong>iis</strong></span> <span class='ocrx_word' id='word_1_182' title='bbox 3063 870 3180 940; x_wconf 84' lang='lat' dir='ltr'><strong>ejus</strong></span> <span class='ocrx_word' id='word_1_183' title='bbox 3210 885 3400 939; x_wconf 61' lang='lat' dir='ltr'><strong>ptume.</strong></span> <span class='ocrx_word' id='word_1_184' title='bbox 3442 871 3606 926; x_wconf 78' lang='lat' dir='ltr'><strong>Paulo</strong></span> 
     </span>
    </p>
   </div>
   <div class='ocr_carea' id='block_1_25' title="bbox 2037 953 3670 1022">
    <p class='ocr_par' dir='ltr' id='par_1_25' title="bbox 2037 953 3670 1022">
     <span class='ocr_line' id='line_1_25' title="bbox 2037 953 3670 1022; baseline 0.006 -14"><span class='ocrx_word' id='word_1_185' title='bbox 2037 954 2180 1008; x_wconf 82' lang='lat' dir='ltr'><strong>enim</strong></span> <span class='ocrx_word' id='word_1_186' title='bbox 2215 963 2343 1008; x_wconf 79' lang='lat' dir='ltr'><strong>ante</strong></span> <span class='ocrx_word' id='word_1_187' title='bbox 2375 953 2488 1022; x_wconf 87' lang='lat' dir='ltr'><strong>jam</strong></span> <span class='ocrx_word' id='word_1_188' title='bbox 2512 955 2768 1010; x_wconf 75' lang='lat' dir='ltr'><strong>dixerat:</strong></span> <span class='ocrx_word' id='word_1_189' title='bbox 2831 973 2852 1007; x_wconf 87' lang='grc' dir='ltr'><strong>ι</strong></span> <span class='ocrx_word' id='word_1_190' title='bbox 2890 955 3028 1012; x_wconf 86' lang='lat' dir='ltr'><strong>Situ</strong></span> <span class='ocrx_word' id='word_1_191' title='bbox 3067 973 3172 1013; x_wconf 76' lang='lat' dir='ltr'><strong>non</strong></span> <span class='ocrx_word' id='word_1_192' title='bbox 3199 961 3606 1016; x_wconf 79' lang='lat' dir='ltr'><strong>annuntiaveris</strong></span> <span class='ocrx_word' id='word_1_193' title='bbox 3665 997 3670 1000; x_wconf 97' lang='lat'><strong><em>-</em></strong></span> 
     </span>
    </p>
   </div>
   <div class='ocr_carea' id='block_1_26' title="bbox 2035 1044 3606 1119">
    <p class='ocr_par' dir='ltr' id='par_1_26' title="bbox 2035 1044 3606 1119">
     <span class='ocr_line' id='line_1_26' title="bbox 2035 1044 3606 1119; baseline 0.004 -21"><span class='ocrx_word' id='word_1_194' title='bbox 2035 1044 2111 1110; x_wconf 80' lang='lat' dir='ltr'><strong>ei,</strong></span> <span class='ocrx_word' id='word_1_195' title='bbox 2131 1045 2448 1115; x_wconf 82' lang='lat' dir='ltr'><strong>sanguinem</strong></span> <span class='ocrx_word' id='word_1_196' title='bbox 2468 1045 2585 1116; x_wconf 88' lang='lat' dir='ltr'><strong>ejus</strong></span> <span class='ocrx_word' id='word_1_197' title='bbox 2601 1047 2667 1100; x_wconf 89' lang='lat' dir='ltr'><strong>de</strong></span> <span class='ocrx_word' id='word_1_198' title='bbox 2689 1062 2845 1102; x_wconf 85' lang='lat' dir='ltr'><strong>manu</strong></span> <span class='ocrx_word' id='word_1_199' title='bbox 2869 1059 2960 1102; x_wconf 82' lang='lat' dir='ltr'><strong>tua</strong></span> <span class='ocrx_word' id='word_1_200' title='bbox 2987 1051 3258 1119; x_wconf 79' lang='lat' dir='ltr'><strong>requiram</strong></span> <span class='ocrx_word' id='word_1_201' title='bbox 3276 1051 3344 1102; x_wconf 82' lang='grc'><strong>⁷¹.</strong></span> <span class='ocrx_word' id='word_1_202' title='bbox 3365 1070 3384 1102; x_wconf 82' lang='grc' dir='ltr'><strong>ι</strong></span> <span class='ocrx_word' id='word_1_203' title='bbox 3406 1051 3461 1105; x_wconf 86' lang='lat' dir='ltr'><strong>Si</strong></span> <span class='ocrx_word' id='word_1_204' title='bbox 3477 1067 3606 1105; x_wconf 83' lang='lat' dir='ltr'><strong>vero</strong></span> 
     </span>
    </p>
   </div>
   <div class='ocr_carea' id='block_1_27' title="bbox 2037 1135 3603 1203">
    <p class='ocr_par' dir='ltr' id='par_1_27' title="bbox 2037 1135 3603 1203">
     <span class='ocr_line' id='line_1_27' title="bbox 2037 1135 3603 1203; baseline 0.004 -14"><span class='ocrx_word' id='word_1_205' title='bbox 2037 1151 2105 1190; x_wconf 75' lang='lat' dir='ltr'><strong>ex</strong></span> <span class='ocrx_word' id='word_1_206' title='bbox 2130 1145 2181 1191; x_wconf 89' lang='lat' dir='ltr'><strong>te</strong></span> <span class='ocrx_word' id='word_1_207' title='bbox 2201 1135 2374 1191; x_wconf 86' lang='lat' dir='ltr'><strong>olIicio</strong></span> <span class='ocrx_word' id='word_1_208' title='bbox 2399 1136 2730 1192; x_wconf 83' lang='lat' dir='ltr'><strong>satisfeceris</strong></span> <span class='ocrx_word' id='word_1_209' title='bbox 2761 1146 2874 1203; x_wconf 80' lang='lat' dir='ltr'><strong>tuo,</strong></span> <span class='ocrx_word' id='word_1_210' title='bbox 2903 1154 3010 1193; x_wconf 86' lang='lat' dir='ltr'><strong>non</strong></span> <span class='ocrx_word' id='word_1_211' title='bbox 3034 1141 3143 1195; x_wconf 81' lang='lat' dir='ltr'><strong>eris</strong></span> <span class='ocrx_word' id='word_1_212' title='bbox 3173 1155 3318 1194; x_wconf 77' lang='lat' dir='ltr'><strong>reus.</strong></span> <span class='ocrx_word' id='word_1_213' title='bbox 3357 1139 3440 1195; x_wconf 89' lang='lat' dir='ltr'><strong>llli</strong></span> <span class='ocrx_word' id='word_1_214' title='bbox 3459 1142 3603 1196; x_wconf 83' lang='lat' dir='ltr'><strong>enim</strong></span> 
     </span>
    </p>
   </div>
   <div class='ocr_carea' id='block_1_28' title="bbox 2040 1227 3606 1298">
    <p class='ocr_par' dir='ltr' id='par_1_28' title="bbox 2040 1227 3606 1298">
     <span class='ocr_line' id='line_1_28' title="bbox 2040 1227 3606 1298; baseline 0.003 -18"><span class='ocrx_word' id='word_1_215' title='bbox 2040 1242 2196 1297; x_wconf 75' lang='lat' dir='ltr'><strong>poena</strong></span> <span class='ocrx_word' id='word_1_216' title='bbox 2234 1229 2450 1296; x_wconf 78' lang='lat' dir='ltr'><strong>gravior</strong></span> <span class='ocrx_word' id='word_1_217' title='bbox 2478 1227 2832 1296; x_wconf 84' lang='lat' dir='ltr'><strong>irrogabitur,</strong></span> <span class='ocrx_word' id='word_1_218' title='bbox 2861 1229 2954 1298; x_wconf 87' lang='lat' dir='ltr'><strong>qui</strong></span> <span class='ocrx_word' id='word_1_219' title='bbox 3002 1239 3146 1284; x_wconf 89' lang='lat' dir='ltr'><strong>tuam</strong></span> <span class='ocrx_word' id='word_1_220' title='bbox 3185 1245 3290 1285; x_wconf 89' lang='lat' dir='ltr'><strong>nou</strong></span> <span class='ocrx_word' id='word_1_221' title='bbox 3324 1232 3606 1286; x_wconf 85' lang='lat' dir='ltr'><strong>admiserit</strong></span> 
     </span>
    </p>
   </div>
   <div class='ocr_carea' id='block_1_29' title="bbox 2037 1317 3603 1388">
    <p class='ocr_par' dir='ltr' id='par_1_29' title="bbox 2037 1317 3603 1388">
     <span class='ocr_line' id='line_1_29' title="bbox 2037 1317 3603 1388; baseline 0.004 -19"><span class='ocrx_word' id='word_1_222' title='bbox 2037 1319 2479 1373; x_wconf 84' lang='lat' dir='ltr'><strong>admonitionem.</strong></span> <span class='ocrx_word' id='word_1_223' title='bbox 2521 1317 2598 1371; x_wconf 91' lang='lat' dir='ltr'><strong>Tu</strong></span> <span class='ocrx_word' id='word_1_224' title='bbox 2623 1334 2752 1373; x_wconf 89' lang='lat' dir='ltr'><strong>vero</strong></span> <span class='ocrx_word' id='word_1_225' title='bbox 2780 1321 2869 1388; x_wconf 90' lang='lat' dir='ltr'><strong>qui</strong></span> <span class='ocrx_word' id='word_1_226' title='bbox 2894 1321 3201 1374; x_wconf 84' lang='lat' dir='ltr'><strong>mandatum</strong></span> <span class='ocrx_word' id='word_1_227' title='bbox 3225 1323 3474 1386; x_wconf 80' lang='lat' dir='ltr'><strong>servasti,</strong></span> <span class='ocrx_word' id='word_1_228' title='bbox 3505 1336 3603 1376; x_wconf 75' lang='lat' dir='ltr'><strong>ex-</strong></span> 
     </span>
    </p>
   </div>
   <div class='ocr_carea' id='block_1_30' title="bbox 2038 1408 3605 1466">
    <p class='ocr_par' dir='ltr' id='par_1_30' title="bbox 2038 1408 3605 1466">
     <span class='ocr_line' id='line_1_30' title="bbox 2038 1408 3605 1466; baseline 0.003 -7"><span class='ocrx_word' id='word_1_229' title='bbox 2038 1420 2157 1462; x_wconf 87' lang='lat' dir='ltr'><strong>sors</strong></span> <span class='ocrx_word' id='word_1_230' title='bbox 2186 1409 2295 1461; x_wconf 86' lang='lat' dir='ltr'><strong>eris</strong></span> <span class='ocrx_word' id='word_1_231' title='bbox 2321 1408 2582 1463; x_wconf 87' lang='lat' dir='ltr'><strong>criminis.</strong></span> <span class='ocrx_word' id='word_1_232' title='bbox 2627 1409 2880 1464; x_wconf 88' lang='lat' dir='ltr'><strong>Docentis</strong></span> <span class='ocrx_word' id='word_1_233' title='bbox 2908 1413 3108 1464; x_wconf 89' lang='lat' dir='ltr'><strong>etenim</strong></span> <span class='ocrx_word' id='word_1_234' title='bbox 3146 1410 3375 1464; x_wconf 82' lang='lat' dir='ltr'><strong>oliicium</strong></span> <span class='ocrx_word' id='word_1_235' title='bbox 3403 1420 3485 1466; x_wconf 86' lang='lat' dir='ltr'><strong>est</strong></span> <span class='ocrx_word' id='word_1_236' title='bbox 3519 1413 3605 1464; x_wconf 87' lang='lat' dir='ltr'><strong>in-</strong></span> 
     </span>
    </p>
   </div>
   <div class='ocr_carea' id='block_1_31' title="bbox 2037 1498 3606 1567">
    <p class='ocr_par' dir='ltr' id='par_1_31' title="bbox 2037 1498 3606 1567">
     <span class='ocr_line' id='line_1_31' title="bbox 2037 1498 3606 1567; baseline 0.003 -17"><span class='ocrx_word' id='word_1_237' title='bbox 2037 1498 2356 1566; x_wconf 85' lang='lat' dir='ltr'><strong>culpabilein</strong></span> <span class='ocrx_word' id='word_1_238' title='bbox 2385 1499 2590 1567; x_wconf 82' lang='lat' dir='ltr'><strong>agendo</strong></span> <span class='ocrx_word' id='word_1_239' title='bbox 2617 1500 2819 1566; x_wconf 87' lang='lat' dir='ltr'><strong>vitam,</strong></span> <span class='ocrx_word' id='word_1_240' title='bbox 2855 1499 3135 1555; x_wconf 80' lang='lat' dir='ltr'><strong>instituere</strong></span> <span class='ocrx_word' id='word_1_241' title='bbox 3169 1501 3320 1564; x_wconf 88' lang='lat' dir='ltr'><strong>alios,</strong></span> <span class='ocrx_word' id='word_1_242' title='bbox 3351 1501 3484 1554; x_wconf 86' lang='lat' dir='ltr'><strong>nihil</strong></span> <span class='ocrx_word' id='word_1_243' title='bbox 3516 1516 3606 1555; x_wconf 86' lang='lat' dir='ltr'><strong>ve—</strong></span> 
     </span>
    </p>
   </div>
   <div class='ocr_carea' id='block_1_32' title="bbox 2037 1588 3602 1657">
    <p class='ocr_par' dir='ltr' id='par_1_32' title="bbox 2037 1588 3602 1657">
     <span class='ocr_line' id='line_1_32' title="bbox 2037 1588 3602 1657; baseline 0.003 -18"><span class='ocrx_word' id='word_1_244' title='bbox 2037 1590 2206 1641; x_wconf 86' lang='lat' dir='ltr'><strong>rendo</strong></span> <span class='ocrx_word' id='word_1_245' title='bbox 2236 1588 2577 1657; x_wconf 87' lang='lat' dir='ltr'><strong>peccantium</strong></span> <span class='ocrx_word' id='word_1_246' title='bbox 2602 1591 3002 1644; x_wconf 85' lang='lat' dir='ltr'><strong>auctoritatem.</strong></span> <span class='ocrx_word' id='word_1_247' title='bbox 3046 1589 3115 1645; x_wconf 91' lang='lat' dir='ltr'><strong>Ut</strong></span> <span class='ocrx_word' id='word_1_248' title='bbox 3145 1605 3234 1645; x_wconf 88' lang='lat' dir='ltr'><strong>res</strong></span> <span class='ocrx_word' id='word_1_249' title='bbox 3255 1591 3477 1653; x_wconf 83' lang='lat' dir='ltr'><strong>eonﬁat,</strong></span> <span class='ocrx_word' id='word_1_250' title='bbox 3512 1602 3602 1644; x_wconf 86' lang='lat' dir='ltr'><strong>aut</strong></span> 
     </span>
    </p>
   </div>
   <div class='ocr_carea' id='block_1_33' title="bbox 2037 1678 3608 1749">
    <p class='ocr_par' dir='ltr' id='par_1_33' title="bbox 2037 1678 3608 1749">
     <span class='ocr_line' id='line_1_33' title="bbox 2037 1678 3608 1749; baseline 0.002 -19"><span class='ocrx_word' id='word_1_251' title='bbox 2037 1692 2162 1742; x_wconf 88' lang='lat' dir='ltr'><strong>non,</strong></span> <span class='ocrx_word' id='word_1_252' title='bbox 2196 1678 2247 1732; x_wconf 88' lang='lat' dir='ltr'><strong>id</strong></span> <span class='ocrx_word' id='word_1_253' title='bbox 2269 1693 2332 1732; x_wconf 81' lang='lat' dir='ltr'><strong>ex</strong></span> <span class='ocrx_word' id='word_1_254' title='bbox 2366 1693 2522 1734; x_wconf 88' lang='lat' dir='ltr'><strong>sensu</strong></span> <span class='ocrx_word' id='word_1_255' title='bbox 2558 1680 2755 1749; x_wconf 84' lang='lat' dir='ltr'><strong>pendet</strong></span> <span class='ocrx_word' id='word_1_256' title='bbox 2785 1679 3116 1747; x_wconf 87' lang='lat' dir='ltr'><strong>auditorum,</strong></span> <span class='ocrx_word' id='word_1_257' title='bbox 3145 1681 3212 1734; x_wconf 88' lang='lat' dir='ltr'><strong>ab</strong></span> <span class='ocrx_word' id='word_1_258' title='bbox 3243 1680 3516 1744; x_wconf 90' lang='lat' dir='ltr'><strong>omnibus,</strong></span> <span class='ocrx_word' id='word_1_259' title='bbox 3554 1689 3608 1733; x_wconf 86' lang='lat' dir='ltr'><strong>et</strong></span> 
     </span>
    </p>
   </div>
   <div class='ocr_carea' id='block_1_34' title="bbox 370 1766 1935 1840">
    <p class='ocr_par' dir='ltr' id='par_1_34' title="bbox 370 1766 1935 1840">
     <span class='ocr_line' id='line_1_34' title="bbox 370 1766 1935 1840; baseline -0.003 -18"><span class='ocrx_word' id='word_1_260' title='bbox 370 1767 472 1840; x_wconf 79' lang='grc' dir='ltr'>χοῦ</span> <span class='ocrx_word' id='word_1_261' title='bbox 491 1769 586 1823; x_wconf 81' lang='grc' dir='ltr'>τοῦ</span> <span class='ocrx_word' id='word_1_262' title='bbox 609 1767 950 1836; x_wconf 76' lang='grc' dir='ltr'>αὐτεξουσίου</span> <span class='ocrx_word' id='word_1_263' title='bbox 985 1767 1405 1837; x_wconf 79' lang='grc' dir='ltr'>φυλαττομένου.</span> <span class='ocrx_word' id='word_1_264' title='bbox 1435 1767 1569 1820; x_wconf 81' lang='grc' dir='ltr'>Εἰδὲ</span> <span class='ocrx_word' id='word_1_265' title='bbox 1605 1766 1790 1837; x_wconf 72' lang='grc' dir='ltr'>φαίηςο</span> <span class='ocrx_word' id='word_1_266' title='bbox 1819 1766 1935 1830; x_wconf 77' lang='grc' dir='ltr'>Πῶς</span> 
     </span>
    </p>
   </div>
   <div class='ocr_carea' id='block_1_35' title="bbox 2040 1766 3605 1840">
    <p class='ocr_par' dir='ltr' id='par_1_35' title="bbox 2049 1767 3605 1839">
     <span class='ocr_line' id='line_1_35' title="bbox 2049 1767 3605 1839; baseline 0.004 -21"><span class='ocrx_word' id='word_1_267' title='bbox 2049 1767 2246 1837; x_wconf 81' lang='lat' dir='ltr'><strong>ubique</strong></span> <span class='ocrx_word' id='word_1_268' title='bbox 2268 1781 2476 1824; x_wconf 87' lang='lat' dir='ltr'><strong>servata</strong></span> <span class='ocrx_word' id='word_1_269' title='bbox 2503 1771 2785 1825; x_wconf 68' lang='lat' dir='ltr'><strong>sententia:</strong></span> <span class='ocrx_word' id='word_1_270' title='bbox 2814 1769 3080 1824; x_wconf 85' lang='lat' dir='ltr'><strong>libertate.</strong></span> <span class='ocrx_word' id='word_1_271' title='bbox 3115 1768 3265 1836; x_wconf 84' lang='lat' dir='ltr'><strong>Quod</strong></span> <span class='ocrx_word' id='word_1_272' title='bbox 3292 1770 3334 1824; x_wconf 90' lang='lat' dir='ltr'><strong>si</strong></span> <span class='ocrx_word' id='word_1_273' title='bbox 3362 1769 3605 1839; x_wconf 74' lang='lat' dir='ltr'><strong>ObjiCidS,</strong></span> 
     </span>
    </p>
   </div>
   <div class='ocr_carea' id='block_1_36' title="bbox 362 1855 1935 1930">
    <p class='ocr_par' dir='ltr' id='par_1_36' title="bbox 362 1855 1935 1930">
     <span class='ocr_line' id='line_1_36' title="bbox 362 1855 1935 1930; baseline -0.004 -15"><span class='ocrx_word' id='word_1_274' title='bbox 362 1859 461 1917; x_wconf 76' lang='grc' dir='ltr'>οὖν</span> <span class='ocrx_word' id='word_1_275' title='bbox 488 1863 516 1915; x_wconf 98' lang='lat'><strong>6</strong></span> <span class='ocrx_word' id='word_1_276' title='bbox 544 1860 752 1924; x_wconf 77' lang='grc' dir='ltr'>Παῦλος</span> <span class='ocrx_word' id='word_1_277' title='bbox 786 1860 878 1914; x_wconf 78' lang='grc' dir='ltr'><strong>τὸν</strong></span> <span class='ocrx_word' id='word_1_278' title='bbox 927 1859 1340 1928; x_wconf 85' lang='grc' dir='ltr'>πεπορνευκότα</span> <span class='ocrx_word' id='word_1_279' title='bbox 1383 1856 1610 1930; x_wconf 82' lang='grc' dir='ltr'><strong>ἀπεῖρξε</strong></span> <span class='ocrx_word' id='word_1_280' title='bbox 1636 1873 1650 1924; x_wconf 90' lang='grc'><strong>;</strong></span> <span class='ocrx_word' id='word_1_281' title='bbox 1687 1857 1870 1926; x_wconf 77' lang='grc' dir='ltr'>μεῖζον</span> <span class='ocrx_word' id='word_1_282' title='bbox 1902 1855 1935 1926; x_wconf 87' lang='grc' dir='ltr'>ἢ</span> 
     </span>
    </p>
   </div>
   <div class='ocr_carea' id='block_1_37' title="bbox 374 1945 1932 2022">
    <p class='ocr_par' dir='ltr' id='par_1_37' title="bbox 374 1945 1932 2022">
     <span class='ocr_line' id='line_1_37' title="bbox 374 1945 1932 2022; baseline -0.005 -17"><span class='ocrx_word' id='word_1_283' title='bbox 374 1955 485 2020; x_wconf 75' lang='grc' dir='ltr'><strong>ἐγὼ</strong></span> <span class='ocrx_word' id='word_1_284' title='bbox 527 1951 792 2022; x_wconf 82' lang='grc' dir='ltr'>βούλομαι</span> <span class='ocrx_word' id='word_1_285' title='bbox 827 1949 1003 2017; x_wconf 86' lang='grc' dir='ltr'>λέγεις</span> <span class='ocrx_word' id='word_1_286' title='bbox 1025 1965 1041 1978; x_wconf 77' lang='grc' dir='ltr'><strong>ο</strong></span> <span class='ocrx_word' id='word_1_287' title='bbox 1069 1949 1128 2001; x_wconf 81' lang='grc' dir='ltr'><strong>οὐ</strong></span> <span class='ocrx_word' id='word_1_288' title='bbox 1161 1946 1269 2017; x_wconf 84' lang='grc' dir='ltr'><strong>γὰρ</strong></span> <span class='ocrx_word' id='word_1_289' title='bbox 1292 1946 1592 2015; x_wconf 77' lang='grc' dir='ltr'>ὲτύπτησεν</span> <span class='ocrx_word' id='word_1_290' title='bbox 1619 1947 1656 2018; x_wconf 74' lang='grc' dir='ltr'>ἢ</span> <span class='ocrx_word' id='word_1_291' title='bbox 1689 1945 1932 2018; x_wconf 71' lang='grc' dir='ltr'>ὕϐρισεν,</span> 
     </span>
    </p>
   </div>
   <div class='ocr_carea' id='block_1_38' title="bbox 371 2037 1938 2113">
    <p class='ocr_par' dir='ltr' id='par_1_38' title="bbox 371 2037 1938 2113">
     <span class='ocr_line' id='line_1_38' title="bbox 371 2037 1938 2113; baseline -0.003 -17"><span class='ocrx_word' id='word_1_292' title='bbox 371 2043 485 2097; x_wconf 78' lang='grc' dir='ltr'>ἀλλ’</span> <span class='ocrx_word' id='word_1_293' title='bbox 514 2042 742 2113; x_wconf 70' lang='grc' dir='ltr'>ἐχώρισε</span> <span class='ocrx_word' id='word_1_294' title='bbox 764 2042 858 2112; x_wconf 77' lang='grc' dir='ltr'>τῆς</span> <span class='ocrx_word' id='word_1_295' title='bbox 891 2040 1115 2109; x_wconf 82' lang='grc' dir='ltr'>ἀγέλης,</span> <span class='ocrx_word' id='word_1_296' title='bbox 1158 2039 1246 2092; x_wconf 75' lang='grc' dir='ltr'><strong>ἵνα</strong></span> <span class='ocrx_word' id='word_1_297' title='bbox 1292 2037 1372 2110; x_wconf 76' lang='grc' dir='ltr'>μὴ</span> <span class='ocrx_word' id='word_1_298' title='bbox 1412 2039 1507 2092; x_wconf 77' lang='grc' dir='ltr'>καὶ</span> <span class='ocrx_word' id='word_1_299' title='bbox 1553 2039 1634 2102; x_wconf 73' lang='grc' dir='ltr'><strong>εἰς</strong></span> <span class='ocrx_word' id='word_1_300' title='bbox 1669 2041 1739 2091; x_wconf 83' lang='grc' dir='ltr'><strong>τὰ</strong></span> <span class='ocrx_word' id='word_1_301' title='bbox 1775 2038 1938 2092; x_wconf 86' lang='grc' dir='ltr'>λοιπά</span> 
     </span>
    </p>
   </div>
   <div class='ocr_carea' id='block_1_39' title="bbox 373 2129 1937 2205">
    <p class='ocr_par' dir='ltr' id='par_1_39' title="bbox 373 2129 1937 2205">
     <span class='ocr_line' id='line_1_39' title="bbox 373 2129 1937 2205; baseline -0.003 -18"><span class='ocrx_word' id='word_1_302' title='bbox 373 2134 618 2205; x_wconf 73' lang='grc' dir='ltr'>πρόϐατα</span> <span class='ocrx_word' id='word_1_303' title='bbox 646 2134 709 2186; x_wconf 70' lang='grc' dir='ltr'>τὸ</span> <span class='ocrx_word' id='word_1_304' title='bbox 733 2130 998 2202; x_wconf 80' lang='grc' dir='ltr'>λοιμῶδες</span> <span class='ocrx_word' id='word_1_305' title='bbox 1037 2129 1253 2200; x_wconf 83' lang='grc' dir='ltr'>διαδοθῇ</span> <span class='ocrx_word' id='word_1_306' title='bbox 1293 2131 1528 2199; x_wconf 87' lang='grc' dir='ltr'>νόσημα.</span> <span class='ocrx_word' id='word_1_307' title='bbox 1561 2130 1622 2182; x_wconf 79' lang='grc' dir='ltr'><strong>Εἰ</strong></span> <span class='ocrx_word' id='word_1_308' title='bbox 1669 2129 1728 2182; x_wconf 80' lang='grc' dir='ltr'>δὲ</span> <span class='ocrx_word' id='word_1_309' title='bbox 1773 2130 1937 2184; x_wconf 82' lang='grc' dir='ltr'>πάλιν</span> 
     </span>
    </p>
   </div>
   <div class='ocr_carea' id='block_1_40' title="bbox 375 2217 1936 2294">
    <p class='ocr_par' dir='ltr' id='par_1_40' title="bbox 375 2217 1936 2294">
     <span class='ocr_line' id='line_1_40' title="bbox 375 2217 1936 2294; baseline -0.002 -18"><span class='ocrx_word' id='word_1_310' title='bbox 375 2225 568 2294; x_wconf 82' lang='grc' dir='ltr'>φαίης·</span> <span class='ocrx_word' id='word_1_311' title='bbox 603 2223 724 2285; x_wconf 83' lang='grc' dir='ltr'>Πῶς</span> <span class='ocrx_word' id='word_1_312' title='bbox 754 2217 846 2276; x_wconf 84' lang='grc' dir='ltr'>οὖν</span> <span class='ocrx_word' id='word_1_313' title='bbox 871 2222 900 2272; x_wconf 89' lang='lat'><strong>6</strong></span> <span class='ocrx_word' id='word_1_314' title='bbox 945 2220 1093 2272; x_wconf 77' lang='grc' dir='ltr'>Ἠλεὶ</span> <span class='ocrx_word' id='word_1_315' title='bbox 1123 2218 1470 2289; x_wconf 69' lang='grc' dir='ltr'>νουθετήσας,</span> <span class='ocrx_word' id='word_1_316' title='bbox 1507 2220 1600 2272; x_wconf 71' lang='grc' dir='ltr'><strong>καὶ</strong></span> <span class='ocrx_word' id='word_1_317' title='bbox 1625 2218 1701 2290; x_wconf 77' lang='grc' dir='ltr'>μὴ</span> <span class='ocrx_word' id='word_1_318' title='bbox 1735 2218 1936 2283; x_wconf 78' lang='grc' dir='ltr'>ἀνύσας</span> 
     </span>
    </p>
   </div>
   <div class='ocr_carea' id='block_1_41' title="bbox 372 2307 1938 2380">
    <p class='ocr_par' dir='ltr' id='par_1_41' title="bbox 372 2307 1938 2380">
     <span class='ocr_line' id='line_1_41' title="bbox 372 2307 1938 2380; baseline -0.003 -16"><span class='ocrx_word' id='word_1_319' title='bbox 372 2312 570 2364; x_wconf 79' lang='grc' dir='ltr'>δέδωκε</span> <span class='ocrx_word' id='word_1_320' title='bbox 617 2311 808 2380; x_wconf 82' lang='grc' dir='ltr'>δίκην;</span> <span class='ocrx_word' id='word_1_321' title='bbox 847 2310 1117 2379; x_wconf 80' lang='grc' dir='ltr'>φήσαιμι,</span> <span class='ocrx_word' id='word_1_322' title='bbox 1150 2308 1232 2359; x_wconf 83' lang='grc' dir='ltr'><strong>ὅτι</strong></span> <span class='ocrx_word' id='word_1_323' title='bbox 1281 2307 1444 2359; x_wconf 77' lang='grc' dir='ltr'>παντὶ</span> <span class='ocrx_word' id='word_1_324' title='bbox 1485 2307 1582 2376; x_wconf 77' lang='grc' dir='ltr'>μὲν</span> <span class='ocrx_word' id='word_1_325' title='bbox 1629 2307 1806 2360; x_wconf 85' lang='grc' dir='ltr'>σθένει</span> <span class='ocrx_word' id='word_1_326' title='bbox 1845 2307 1938 2359; x_wconf 76' lang='grc' dir='ltr'><strong>ἐπὶ</strong></span> 
     </span>
    </p>
   </div>
   <div class='ocr_carea' id='block_1_42' title="bbox 374 2397 1935 2471">
    <p class='ocr_par' dir='ltr' id='par_1_42' title="bbox 374 2397 1935 2471">
     <span class='ocr_line' id='line_1_42' title="bbox 374 2397 1935 2471; baseline -0.001 -18"><span class='ocrx_word' id='word_1_327' title='bbox 374 2401 580 2454; x_wconf 81' lang='grc' dir='ltr'>παίδων</span> <span class='ocrx_word' id='word_1_328' title='bbox 625 2399 718 2454; x_wconf 74' lang='grc' dir='ltr'><strong>καὶ</strong></span> <span class='ocrx_word' id='word_1_329' title='bbox 769 2400 958 2471; x_wconf 79' lang='grc' dir='ltr'>ἱερέων</span> <span class='ocrx_word' id='word_1_330' title='bbox 980 2397 1084 2469; x_wconf 86' lang='grc' dir='ltr'><strong>χρὴ</strong></span> <span class='ocrx_word' id='word_1_331' title='bbox 1109 2399 1201 2452; x_wconf 74' lang='grc' dir='ltr'><strong>καὶ</strong></span> <span class='ocrx_word' id='word_1_332' title='bbox 1229 2397 1507 2461; x_wconf 74' lang='grc' dir='ltr'>ἐπεξιέναι</span> <span class='ocrx_word' id='word_1_333' title='bbox 1533 2437 1547 2462; x_wconf 95' lang='grc'><strong>,</strong></span> <span class='ocrx_word' id='word_1_334' title='bbox 1581 2398 1676 2450; x_wconf 77' lang='grc' dir='ltr'><strong>καὶ</strong></span> <span class='ocrx_word' id='word_1_335' title='bbox 1706 2397 1935 2452; x_wconf 85' lang='grc' dir='ltr'>κωλύειν</span> 
     </span>
    </p>
   </div>
   <div class='ocr_carea' id='block_1_43' title="bbox 371 2489 1935 2560">
    <p class='ocr_par' dir='ltr' id='par_1_43' title="bbox 371 2489 1935 2560">
     <span class='ocr_line' id='line_1_43' title="bbox 371 2489 1935 2560; baseline -0.002 -16"><span class='ocrx_word' id='word_1_336' title='bbox 371 2493 471 2560; x_wconf 80' lang='grc' dir='ltr'><strong>τῆς</strong></span> <span class='ocrx_word' id='word_1_337' title='bbox 513 2491 821 2560; x_wconf 80' lang='grc' dir='ltr'>ἁγιστείας,</span> <span class='ocrx_word' id='word_1_338' title='bbox 847 2495 942 2542; x_wconf 74' lang='grc' dir='ltr'><strong>καὶ</strong></span> <span class='ocrx_word' id='word_1_339' title='bbox 985 2491 1044 2553; x_wconf 75' lang='grc' dir='ltr'><strong>ἐξ</strong></span> <span class='ocrx_word' id='word_1_340' title='bbox 1073 2489 1248 2558; x_wconf 70' lang='grc' dir='ltr'>ὅψεως</span> <span class='ocrx_word' id='word_1_341' title='bbox 1284 2491 1479 2552; x_wconf 87' lang='grc' dir='ltr'>ποιεῖν,</span> <span class='ocrx_word' id='word_1_342' title='bbox 1518 2491 1611 2541; x_wconf 78' lang='grc' dir='ltr'><strong>καὶ</strong></span> <span class='ocrx_word' id='word_1_343' title='bbox 1649 2489 1935 2560; x_wconf 82' lang='grc' dir='ltr'>ἀποχειρο-</span> 
     </span>
    </p>
   </div>
   <div class='ocr_carea' id='block_1_44' title="bbox 372 2580 1938 2652">
    <p class='ocr_par' dir='ltr' id='par_1_44' title="bbox 372 2580 1938 2652">
     <span class='ocr_line' id='line_1_44' title="bbox 372 2580 1938 2652; baseline -0.001 -16"><span class='ocrx_word' id='word_1_344' title='bbox 372 2586 572 2637; x_wconf 59' lang='grc' dir='ltr'><strong>’πονεῖν⁸</strong></span> <span class='ocrx_word' id='word_1_345' title='bbox 617 2583 711 2637; x_wconf 79' lang='grc' dir='ltr'>καὶ</span> <span class='ocrx_word' id='word_1_346' title='bbox 745 2583 976 2652; x_wconf 81' lang='grc' dir='ltr'>μάλιστα</span> <span class='ocrx_word' id='word_1_347' title='bbox 1011 2583 1139 2634; x_wconf 85' lang='grc' dir='ltr'>ὅταν</span> <span class='ocrx_word' id='word_1_348' title='bbox 1163 2582 1244 2646; x_wconf 86' lang='grc' dir='ltr'>εἰς</span> <span class='ocrx_word' id='word_1_349' title='bbox 1295 2581 1356 2634; x_wconf 81' lang='grc' dir='ltr'>τὸ</span> <span class='ocrx_word' id='word_1_350' title='bbox 1386 2581 1540 2633; x_wconf 84' lang='grc' dir='ltr'>Θεῑον</span> <span class='ocrx_word' id='word_1_351' title='bbox 1579 2580 1796 2652; x_wconf 79' lang='grc' dir='ltr'>ἠῦὅρις</span> <span class='ocrx_word' id='word_1_352' title='bbox 1832 2581 1938 2634; x_wconf 86' lang='grc' dir='ltr'>δια-</span> 
     </span>
    </p>
   </div>
   <div class='ocr_carea' id='block_1_45' title="bbox 373 2672 1936 2749">
    <p class='ocr_par' dir='ltr' id='par_1_45' title="bbox 373 2672 1936 2749">
     <span class='ocr_line' id='line_1_45' title="bbox 373 2672 1936 2749; baseline -0.001 -22"><span class='ocrx_word' id='word_1_353' title='bbox 373 2676 554 2749; x_wconf 78' lang='grc' dir='ltr'>ϐαίνῃ.</span> <span class='ocrx_word' id='word_1_354' title='bbox 595 2675 683 2728; x_wconf 82' lang='grc' dir='ltr'><strong>Διὸ</strong></span> <span class='ocrx_word' id='word_1_355' title='bbox 712 2675 805 2728; x_wconf 75' lang='grc' dir='ltr'><strong>καὶ</strong></span> <span class='ocrx_word' id='word_1_356' title='bbox 845 2674 1272 2746; x_wconf 81' lang='grc' dir='ltr'>προσέκρουσεν·</span> <span class='ocrx_word' id='word_1_357' title='bbox 1313 2672 1480 2743; x_wconf 79' lang='grc' dir='ltr'>ἐχρῆν</span> <span class='ocrx_word' id='word_1_358' title='bbox 1519 2673 1627 2742; x_wconf 84' lang='grc' dir='ltr'>γὰρ</span> <span class='ocrx_word' id='word_1_359' title='bbox 1665 2673 1826 2726; x_wconf 80' lang='grc' dir='ltr'>αὑτὸν</span> <span class='ocrx_word' id='word_1_360' title='bbox 1861 2672 1936 2742; x_wconf 86' lang='grc' dir='ltr'><strong>μὴ</strong></span> 
     </span>
    </p>
   </div>
   <div class='ocr_carea' id='block_1_46' title="bbox 373 2763 1936 2838">
    <p class='ocr_par' dir='ltr' id='par_1_46' title="bbox 373 2763 1936 2838">
     <span class='ocr_line' id='line_1_46' title="bbox 373 2763 1936 2838; baseline -0.002 -17"><span class='ocrx_word' id='word_1_361' title='bbox 373 2769 517 2838; x_wconf 82' lang='grc' dir='ltr'>πέρα</span> <span class='ocrx_word' id='word_1_362' title='bbox 544 2766 640 2820; x_wconf 84' lang='grc' dir='ltr'>τοῦ</span> <span class='ocrx_word' id='word_1_363' title='bbox 667 2766 873 2830; x_wconf 85' lang='grc' dir='ltr'>δέοντος</span> <span class='ocrx_word' id='word_1_364' title='bbox 915 2765 1049 2819; x_wconf 74' lang='grc' dir='ltr'>εἶναι</span> <span class='ocrx_word' id='word_1_365' title='bbox 1098 2765 1411 2834; x_wconf 82' lang='grc' dir='ltr'>φιλόπαιδα,</span> <span class='ocrx_word' id='word_1_366' title='bbox 1455 2763 1591 2816; x_wconf 87' lang='grc' dir='ltr'><strong>ἀλλά</strong></span> <span class='ocrx_word' id='word_1_367' title='bbox 1619 2766 1731 2826; x_wconf 85' lang='grc' dir='ltr'>τοῖς</span> <span class='ocrx_word' id='word_1_368' title='bbox 1773 2765 1936 2828; x_wconf 84' lang='grc' dir='ltr'>θείοις</span> 
     </span>
    </p>
   </div>
   <div class='ocr_carea' id='block_1_47' title="bbox 373 2855 1937 2929">
    <p class='ocr_par' dir='ltr' id='par_1_47' title="bbox 373 2855 1937 2929">
     <span class='ocr_line' id='line_1_47' title="bbox 373 2855 1937 2929; baseline -0.004 -17"><span class='ocrx_word' id='word_1_369' title='bbox 373 2860 556 2929; x_wconf 85' lang='grc' dir='ltr'>νόμοις</span> <span class='ocrx_word' id='word_1_370' title='bbox 597 2857 873 2928; x_wconf 78' lang='grc' dir='ltr'>ἐπαμῦναι</span> <span class='ocrx_word' id='word_1_371' title='bbox 915 2855 1310 2927; x_wconf 76' lang='grc' dir='ltr'>ὑϐριζομένοις.</span> <span class='ocrx_word' id='word_1_372' title='bbox 1360 2855 1497 2907; x_wconf 84' lang='grc' dir='ltr'>Ποτὲ</span> <span class='ocrx_word' id='word_1_373' title='bbox 1531 2855 1588 2907; x_wconf 83' lang='grc' dir='ltr'><strong>δέ</strong></span> <span class='ocrx_word' id='word_1_374' title='bbox 1616 2871 1700 2918; x_wconf 86' lang='grc' dir='ltr'><strong>τις</strong></span> <span class='ocrx_word' id='word_1_375' title='bbox 1739 2856 1937 2908; x_wconf 84' lang='grc' dir='ltr'>ἀπολο-</span> 
     </span>
    </p>
   </div>
   <div class='ocr_carea' id='block_1_48' title="bbox 373 2944 1939 3018">
    <p class='ocr_par' dir='ltr' id='par_1_48' title="bbox 373 2944 1939 3018">
     <span class='ocr_line' id='line_1_48' title="bbox 373 2944 1939 3018; baseline -0.002 -18"><span class='ocrx_word' id='word_1_376' title='bbox 373 2947 644 3018; x_wconf 80' lang='grc' dir='ltr'>γήσασθαι</span> <span class='ocrx_word' id='word_1_377' title='bbox 685 2949 820 3017; x_wconf 65' lang='grc' dir='ltr'>ὑᾶτὲρ</span> <span class='ocrx_word' id='word_1_378' title='bbox 854 2947 1017 2998; x_wconf 79' lang='grc' dir='ltr'>αὑτοῦ</span> <span class='ocrx_word' id='word_1_379' title='bbox 1068 2945 1351 3016; x_wconf 77' lang='grc' dir='ltr'>βουληθεὶς</span> <span class='ocrx_word' id='word_1_380' title='bbox 1377 2944 1504 3014; x_wconf 66' lang='grc' dir='ltr'>ἔφη,</span> <span class='ocrx_word' id='word_1_381' title='bbox 1566 2945 1648 2998; x_wconf 81' lang='grc' dir='ltr'>ὅτι</span> <span class='ocrx_word' id='word_1_382' title='bbox 1692 2947 1939 3013; x_wconf 77' lang='grc' dir='ltr'>φαίνεται</span> 
     </span>
    </p>
   </div>
   <div class='ocr_carea' id='block_1_49' title="bbox 372 3035 1932 3106">
    <p class='ocr_par' dir='ltr' id='par_1_49' title="bbox 372 3035 1932 3106">
     <span class='ocr_line' id='line_1_49' title="bbox 372 3035 1932 3106; baseline -0.003 -15"><span class='ocrx_word' id='word_1_383' title='bbox 372 3040 471 3091; x_wconf 81' lang='grc' dir='ltr'><strong>οὐκ</strong></span> <span class='ocrx_word' id='word_1_384' title='bbox 501 3038 566 3092; x_wconf 83' lang='grc' dir='ltr'>ἂν</span> <span class='ocrx_word' id='word_1_385' title='bbox 613 3038 771 3100; x_wconf 75' lang='grc' dir='ltr'>αὐτὸς</span> <span class='ocrx_word' id='word_1_386' title='bbox 808 3037 962 3106; x_wconf 83' lang='grc' dir='ltr'>δίκην</span> <span class='ocrx_word' id='word_1_387' title='bbox 988 3037 1111 3098; x_wconf 74' lang='grc' dir='ltr'>δοὺς</span> <span class='ocrx_word' id='word_1_388' title='bbox 1143 3036 1413 3099; x_wconf 73' lang='grc' dir='ltr'>τοσοῦτον,</span> <span class='ocrx_word' id='word_1_389' title='bbox 1447 3037 1570 3088; x_wconf 84' lang='grc' dir='ltr'>ὅσον</span> <span class='ocrx_word' id='word_1_390' title='bbox 1622 3037 1670 3088; x_wconf 79' lang='grc' dir='ltr'>οἱ</span> <span class='ocrx_word' id='word_1_391' title='bbox 1709 3035 1897 3098; x_wconf 84' lang='grc' dir='ltr'>παῖδες</span> <span class='ocrx_word' id='word_1_392' title='bbox 1918 3052 1932 3066; x_wconf 88' lang='grc'><strong>·</strong></span> 
     </span>
    </p>
   </div>
   <div class='ocr_carea' id='block_1_50' title="bbox 372 3123 1931 3194">
    <p class='ocr_par' dir='ltr' id='par_1_50' title="bbox 372 3123 1931 3194">
     <span class='ocr_line' id='line_1_50' title="bbox 372 3123 1931 3194; baseline 0 -16"><span class='ocrx_word' id='word_1_393' title='bbox 372 3127 566 3178; x_wconf 81' lang='grc' dir='ltr'>ἐκεῖνοι</span> <span class='ocrx_word' id='word_1_394' title='bbox 605 3127 701 3194; x_wconf 83' lang='grc' dir='ltr'><strong>μὲν</strong></span> <span class='ocrx_word' id='word_1_395' title='bbox 747 3125 856 3194; x_wconf 67' lang='grc' dir='ltr'><strong>γὰρ</strong></span> <span class='ocrx_word' id='word_1_396' title='bbox 899 3124 1068 3194; x_wconf 59' lang='grc' dir='ltr'>ὀργῆς</span> <span class='ocrx_word' id='word_1_397' title='bbox 1122 3123 1529 3192; x_wconf 77' lang='grc' dir='ltr'>ἑπιπολασάσης</span> <span class='ocrx_word' id='word_1_398' title='bbox 1568 3124 1737 3188; x_wconf 85' lang='grc' dir='ltr'>θείας,</span> <span class='ocrx_word' id='word_1_399' title='bbox 1812 3127 1931 3178; x_wconf 75' lang='grc' dir='ltr'>αἰσ-</span> 
     </span>
    </p>
   </div>
   <div class='ocr_carea' id='block_1_51' title="bbox 371 3209 1939 3287">
    <p class='ocr_par' dir='ltr' id='par_1_51' title="bbox 371 3209 1939 3287">
     <span class='ocr_line' id='line_1_51' title="bbox 371 3209 1939 3287; baseline -0.002 -18"><span class='ocrx_word' id='word_1_400' title='bbox 371 3217 518 3287; x_wconf 83' lang='grc' dir='ltr'>χρῶς</span> <span class='ocrx_word' id='word_1_401' title='bbox 551 3218 643 3269; x_wconf 76' lang='grc' dir='ltr'><strong>καὶ</strong></span> <span class='ocrx_word' id='word_1_402' title='bbox 665 3215 911 3277; x_wconf 76' lang='grc' dir='ltr'>ἐλεεινῶς</span> <span class='ocrx_word' id='word_1_403' title='bbox 973 3217 1030 3266; x_wconf 82' lang='grc' dir='ltr'><strong>ἐν</strong></span> <span class='ocrx_word' id='word_1_404' title='bbox 1066 3213 1142 3281; x_wconf 81' lang='grc' dir='ltr'>τῷ</span> <span class='ocrx_word' id='word_1_405' title='bbox 1187 3213 1407 3284; x_wconf 83' lang='grc' dir='ltr'>πολέμῳ</span> <span class='ocrx_word' id='word_1_406' title='bbox 1455 3215 1746 3277; x_wconf 82' lang='grc' dir='ltr'>ἀπέθανον,</span> <span class='ocrx_word' id='word_1_407' title='bbox 1787 3209 1939 3278; x_wconf 76' lang='grc' dir='ltr'>οὗτος</span> 
     </span>
    </p>
   </div>
   <div class='ocr_carea' id='block_1_52' title="bbox 370 3303 1937 3377">
    <p class='ocr_par' dir='ltr' id='par_1_52' title="bbox 370 3303 1937 3377">
     <span class='ocr_line' id='line_1_52' title="bbox 370 3303 1937 3377; baseline -0.002 -17"><span class='ocrx_word' id='word_1_408' title='bbox 370 3309 427 3360; x_wconf 80' lang='grc' dir='ltr'><strong>δὲ</strong></span> <span class='ocrx_word' id='word_1_409' title='bbox 470 3307 609 3377; x_wconf 84' lang='grc' dir='ltr'><strong>μετά</strong></span> <span class='ocrx_word' id='word_1_410' title='bbox 653 3307 828 3376; x_wconf 78' lang='grc' dir='ltr'>γῆρας</span> <span class='ocrx_word' id='word_1_411' title='bbox 877 3303 1010 3374; x_wconf 78' lang='grc' dir='ltr'>βαθὺ</span> <span class='ocrx_word' id='word_1_412' title='bbox 1049 3305 1105 3355; x_wconf 80' lang='grc' dir='ltr'>ἐν</span> <span class='ocrx_word' id='word_1_413' title='bbox 1147 3307 1213 3374; x_wconf 80' lang='grc' dir='ltr'>τῇ</span> <span class='ocrx_word' id='word_1_414' title='bbox 1256 3304 1450 3356; x_wconf 84' lang='grc' dir='ltr'>πόλει·</span> <span class='ocrx_word' id='word_1_415' title='bbox 1503 3305 1599 3358; x_wconf 71' lang='grc' dir='ltr'>καὶ</span> <span class='ocrx_word' id='word_1_416' title='bbox 1643 3305 1780 3375; x_wconf 80' lang='grc' dir='ltr'>αὑτὴ</span> <span class='ocrx_word' id='word_1_417' title='bbox 1817 3305 1874 3357; x_wconf 82' lang='grc' dir='ltr'>δὲ</span> <span class='ocrx_word' id='word_1_418' title='bbox 1903 3306 1937 3375; x_wconf 85' lang='grc' dir='ltr'>ἡ</span> 
     </span>
    </p>
   </div>
   <div class='ocr_carea' id='block_1_53' title="bbox 374 3393 1936 3465">
    <p class='ocr_par' dir='ltr' id='par_1_53' title="bbox 374 3393 1936 3465">
     <span class='ocr_line' id='line_1_53' title="bbox 374 3393 1936 3465; baseline -0.001 -15"><span class='ocrx_word' id='word_1_419' title='bbox 374 3398 668 3465; x_wconf 67' lang='grc' dir='ltr'>ἀπόῳασις,</span> <span class='ocrx_word' id='word_1_420' title='bbox 706 3397 754 3448; x_wconf 79' lang='grc' dir='ltr'>εἰ</span> <span class='ocrx_word' id='word_1_421' title='bbox 787 3394 884 3457; x_wconf 82' lang='grc' dir='ltr'><strong>τὰς</strong></span> <span class='ocrx_word' id='word_1_422' title='bbox 915 3393 1064 3455; x_wconf 86' lang='grc' dir='ltr'>θείας</span> <span class='ocrx_word' id='word_1_423' title='bbox 1093 3411 1174 3455; x_wconf 80' lang='grc' dir='ltr'><strong>τις</strong></span> <span class='ocrx_word' id='word_1_424' title='bbox 1203 3393 1469 3456; x_wconf 78' lang='grc' dir='ltr'>συλλαϐὰς</span> <span class='ocrx_word' id='word_1_425' title='bbox 1499 3395 1936 3464; x_wconf 83' lang='grc' dir='ltr'>περιεργάσοιτο,</span> 
     </span>
    </p>
   </div>
   <div class='ocr_carea' id='block_1_54' title="bbox 375 3484 1937 3557">
    <p class='ocr_par' dir='ltr' id='par_1_54' title="bbox 375 3484 1937 3557">
     <span class='ocr_line' id='line_1_54' title="bbox 375 3484 1937 3557; baseline 0 -17"><span class='ocrx_word' id='word_1_426' title='bbox 375 3490 620 3556; x_wconf 76' lang='grc' dir='ltr'>φαίνεται</span> <span class='ocrx_word' id='word_1_427' title='bbox 652 3489 712 3541; x_wconf 82' lang='grc' dir='ltr'><strong>οὐ</strong></span> <span class='ocrx_word' id='word_1_428' title='bbox 756 3488 880 3540; x_wconf 82' lang='grc' dir='ltr'>κατ’</span> <span class='ocrx_word' id='word_1_429' title='bbox 919 3484 1104 3548; x_wconf 81' lang='grc' dir='ltr'>αὑτοῦ,</span> <span class='ocrx_word' id='word_1_430' title='bbox 1147 3485 1282 3538; x_wconf 87' lang='grc' dir='ltr'><strong>ἀλλά</strong></span> <span class='ocrx_word' id='word_1_431' title='bbox 1320 3486 1462 3539; x_wconf 83' lang='grc' dir='ltr'><strong>κατά</strong></span> <span class='ocrx_word' id='word_1_432' title='bbox 1497 3487 1592 3540; x_wconf 81' lang='grc' dir='ltr'><strong>τοῦ</strong></span> <span class='ocrx_word' id='word_1_433' title='bbox 1625 3487 1774 3539; x_wconf 74' lang='grc' dir='ltr'>οἴκου</span> <span class='ocrx_word' id='word_1_434' title='bbox 1819 3490 1937 3557; x_wconf 83' lang='grc' dir='ltr'>ὁρι-</span> 
     </span>
    </p>
   </div>
   <div class='ocr_carea' id='block_1_55' title="bbox 384 3575 1937 3648">
    <p class='ocr_par' dir='ltr' id='par_1_55' title="bbox 384 3575 1937 3648">
     <span class='ocr_line' id='line_1_55' title="bbox 384 3575 1937 3648; baseline 0 -17"><span class='ocrx_word' id='word_1_435' title='bbox 384 3580 607 3633; x_wconf 84' lang='grc' dir='ltr'>σθεῖσα·</span> <span class='ocrx_word' id='word_1_436' title='bbox 666 3598 687 3634; x_wconf 77' lang='grc' dir='ltr'><strong>ι</strong></span> <span class='ocrx_word' id='word_1_437' title='bbox 723 3580 936 3648; x_wconf 86' lang='grc' dir='ltr'>Ὤμοσα</span> <span class='ocrx_word' id='word_1_438' title='bbox 988 3577 1115 3648; x_wconf 85' lang='grc' dir='ltr'>γὰρ,</span> <span class='ocrx_word' id='word_1_439' title='bbox 1161 3577 1314 3645; x_wconf 62' lang='grc' dir='ltr'>φησι,</span> <span class='ocrx_word' id='word_1_440' title='bbox 1354 3575 1430 3647; x_wconf 80' lang='grc' dir='ltr'>τῷ</span> <span class='ocrx_word' id='word_1_441' title='bbox 1476 3578 1606 3646; x_wconf 78' lang='grc' dir='ltr'>οἴκῳ</span> <span class='ocrx_word' id='word_1_442' title='bbox 1669 3577 1836 3641; x_wconf 78' lang='grc' dir='ltr'>Ἠλεὶ,</span> <span class='ocrx_word' id='word_1_443' title='bbox 1889 3579 1937 3631; x_wconf 91' lang='grc' dir='ltr'>εἰ</span> 
     </span>
    </p>
   </div>
   <div class='ocr_carea' id='block_1_56' title="bbox 374 3668 1929 3739">
    <p class='ocr_par' dir='ltr' id='par_1_56' title="bbox 374 3668 1929 3739">
     <span class='ocr_line' id='line_1_56' title="bbox 374 3668 1929 3739; baseline -0.001 -17"><span class='ocrx_word' id='word_1_444' title='bbox 374 3673 675 3736; x_wconf 55' lang='lat' dir='ltr'><strong>sanesane</strong></span> <span class='ocrx_word' id='word_1_445' title='bbox 709 3670 947 3739; x_wconf 81' lang='grc' dir='ltr'>ἁμαρτία</span> <span class='ocrx_word' id='word_1_446' title='bbox 981 3669 1128 3722; x_wconf 74' lang='grc' dir='ltr'>οἴκου</span> <span class='ocrx_word' id='word_1_447' title='bbox 1169 3670 1314 3721; x_wconf 82' lang='grc' dir='ltr'>Ἠλεὶ</span> <span class='ocrx_word' id='word_1_448' title='bbox 1338 3708 1354 3731; x_wconf 95' lang='grc'><strong>,</strong></span> <span class='ocrx_word' id='word_1_449' title='bbox 1474 3670 1530 3720; x_wconf 83' lang='grc' dir='ltr'><strong>ἐν</strong></span> <span class='ocrx_word' id='word_1_450' title='bbox 1566 3668 1929 3738; x_wconf 81' lang='grc' dir='ltr'>θυμιάμασιν,</span> 
     </span>
    </p>
   </div>
   <div class='ocr_carea' id='block_1_57' title="bbox 375 3757 1932 3829">
    <p class='ocr_par' dir='ltr' id='par_1_57' title="bbox 375 3757 1932 3829">
     <span class='ocr_line' id='line_1_57' title="bbox 375 3757 1932 3829; baseline -0.002 -18"><span class='ocrx_word' id='word_1_451' title='bbox 375 3760 408 3826; x_wconf 86' lang='grc' dir='ltr'>ἣ</span> <span class='ocrx_word' id='word_1_452' title='bbox 449 3763 504 3810; x_wconf 79' lang='grc' dir='ltr'><strong>ἐν</strong></span> <span class='ocrx_word' id='word_1_453' title='bbox 533 3759 761 3820; x_wconf 82' lang='grc' dir='ltr'>θυσίαις,</span> <span class='ocrx_word' id='word_1_454' title='bbox 791 3759 894 3820; x_wconf 76' lang='grc' dir='ltr'>ἓως</span> <span class='ocrx_word' id='word_1_455' title='bbox 924 3759 1137 3820; x_wconf 78' lang='grc' dir='ltr'>αἰῶνος.</span> <span class='ocrx_word' id='word_1_456' title='bbox 1170 3759 1282 3810; x_wconf 63' lang='lat' dir='ltr'><strong>Uine</strong></span> <span class='ocrx_word' id='word_1_457' title='bbox 1315 3757 1460 3823; x_wconf 81' lang='grc' dir='ltr'>εἷπε,</span> <span class='ocrx_word' id='word_1_458' title='bbox 1491 3760 1678 3829; x_wconf 65' lang='grc' dir='ltr'>φησὶν,</span> <span class='ocrx_word' id='word_1_459' title='bbox 1719 3760 1932 3828; x_wconf 79' lang='grc' dir='ltr'>’Ὡμοσα</span> 
     </span>
    </p>
   </div>
   <div class='ocr_carea' id='block_1_58' title="bbox 380 3848 1937 3921">
    <p class='ocr_par' dir='ltr' id='par_1_58' title="bbox 380 3848 1937 3921">
     <span class='ocr_line' id='line_1_58' title="bbox 380 3848 1937 3921; baseline 0.002 -22"><span class='ocrx_word' id='word_1_460' title='bbox 380 3849 456 3916; x_wconf 73' lang='grc' dir='ltr'>τῷ</span> <span class='ocrx_word' id='word_1_461' title='bbox 510 3849 688 3899; x_wconf 82' lang='grc' dir='ltr'>Ἠλεί·</span> <span class='ocrx_word' id='word_1_462' title='bbox 733 3848 862 3914; x_wconf 78' lang='grc' dir='ltr'>οὐδ’,</span> <span class='ocrx_word' id='word_1_463' title='bbox 892 3849 970 3902; x_wconf 80' lang='grc' dir='ltr'>ὅτι</span> <span class='ocrx_word' id='word_1_464' title='bbox 1016 3850 1129 3902; x_wconf 84' lang='grc' dir='ltr'>Οὐκ</span> <span class='ocrx_word' id='word_1_465' title='bbox 1166 3849 1468 3915; x_wconf 79' lang='grc' dir='ltr'>ἐξιλάσεται</span> <span class='ocrx_word' id='word_1_466' title='bbox 1509 3851 1749 3921; x_wconf 86' lang='grc' dir='ltr'>ἁμαρτία</span> <span class='ocrx_word' id='word_1_467' title='bbox 1790 3850 1937 3902; x_wconf 71' lang='grc' dir='ltr'>Ἠλεὶ</span> 
     </span>
    </p>
   </div>
   <div class='ocr_carea' id='block_1_59' title="bbox 383 3937 1941 4012">
    <p class='ocr_par' dir='ltr' id='par_1_59' title="bbox 383 3937 1941 4012">
     <span class='ocr_line' id='line_1_59' title="bbox 383 3937 1941 4012; baseline -0.01 -5"><span class='ocrx_word' id='word_1_468' title='bbox 383 3939 607 4008; x_wconf 64' lang='grc' dir='ltr'>(ἤρκεσε</span> <span class='ocrx_word' id='word_1_469' title='bbox 652 3937 758 4007; x_wconf 81' lang='grc' dir='ltr'>γὰρ</span> <span class='ocrx_word' id='word_1_470' title='bbox 788 3940 932 4010; x_wconf 81' lang='grc' dir='ltr'><strong>αὖτῷ</strong></span> <span class='ocrx_word' id='word_1_471' title='bbox 970 3941 1099 4003; x_wconf 81' lang='grc' dir='ltr'>ἴσως</span> <span class='ocrx_word' id='word_1_472' title='bbox 1149 3941 1284 4011; x_wconf 75' lang='grc' dir='ltr'>πρὸς</span> <span class='ocrx_word' id='word_1_473' title='bbox 1331 3943 1706 4012; x_wconf 67' lang='grc' dir='ltr'>σωφρονισμὶν</span> <span class='ocrx_word' id='word_1_474' title='bbox 1737 3941 1941 4012; x_wconf 83' lang='grc' dir='ltr'>ταύτης</span> 
     </span>
    </p>
   </div>
   <div class='ocr_carea' id='block_1_60' title="bbox 381 4029 1934 4102">
    <p class='ocr_par' dir='ltr' id='par_1_60' title="bbox 381 4029 1934 4102">
     <span class='ocr_line' id='line_1_60' title="bbox 381 4029 1934 4102; baseline 0.004 -23"><span class='ocrx_word' id='word_1_475' title='bbox 381 4032 546 4098; x_wconf 73' lang='grc' dir='ltr'>μόνης</span> <span class='ocrx_word' id='word_1_476' title='bbox 587 4029 684 4098; x_wconf 81' lang='grc' dir='ltr'>τῆς</span> <span class='ocrx_word' id='word_1_477' title='bbox 728 4031 982 4101; x_wconf 84' lang='grc' dir='ltr'>ἀμελείας</span> <span class='ocrx_word' id='word_1_478' title='bbox 1007 4049 1021 4062; x_wconf 78' lang='grc'><strong>⁸</strong></span> <span class='ocrx_word' id='word_1_479' title='bbox 1057 4032 1124 4084; x_wconf 79' lang='grc' dir='ltr'>τὰ</span> <span class='ocrx_word' id='word_1_480' title='bbox 1157 4032 1263 4101; x_wconf 80' lang='grc' dir='ltr'><strong>γὰρ</strong></span> <span class='ocrx_word' id='word_1_481' title='bbox 1310 4032 1443 4086; x_wconf 84' lang='grc' dir='ltr'>ἄλλα</span> <span class='ocrx_word' id='word_1_482' title='bbox 1484 4029 1552 4102; x_wconf 83' lang='grc' dir='ltr'>ἦν</span> <span class='ocrx_word' id='word_1_483' title='bbox 1586 4033 1896 4102; x_wconf 82' lang='grc' dir='ltr'>θαυμαστός</span> <span class='ocrx_word' id='word_1_484' title='bbox 1920 4050 1934 4063; x_wconf 92' lang='grc'><strong>·</strong></span> 
     </span>
    </p>
   </div>
   <div class='ocr_carea' id='block_1_61' title="bbox 374 4119 1935 4194">
    <p class='ocr_par' dir='ltr' id='par_1_61' title="bbox 374 4119 1935 4194">
     <span class='ocr_line' id='line_1_61' title="bbox 374 4119 1935 4194; baseline 0.005 -24"><span class='ocrx_word' id='word_1_485' title='bbox 374 4122 440 4171; x_wconf 69' lang='grc' dir='ltr'><strong>τὰ</strong></span> <span class='ocrx_word' id='word_1_486' title='bbox 459 4120 581 4188; x_wconf 81' lang='grc' dir='ltr'>τῇδε</span> <span class='ocrx_word' id='word_1_487' title='bbox 595 4119 741 4190; x_wconf 82' lang='grc' dir='ltr'>αύτῷ</span> <span class='ocrx_word' id='word_1_488' title='bbox 764 4122 1375 4194; x_wconf 70' lang='grc' dir='ltr'>συμϐεϐηκόταιάνιαρά)</span> <span class='ocrx_word' id='word_1_489' title='bbox 1394 4123 1530 4176; x_wconf 85' lang='grc' dir='ltr'><strong>ἀλλά</strong></span> <span class='ocrx_word' id='word_1_490' title='bbox 1556 4124 1726 4188; x_wconf 80' lang='grc' dir='ltr'>Ὀἴκῳ</span> <span class='ocrx_word' id='word_1_491' title='bbox 1753 4126 1935 4178; x_wconf 79' lang='grc' dir='ltr'>Ἠλεί·</span> 
     </span>
    </p>
   </div>
   <div class='ocr_carea' id='block_1_62' title="bbox 376 4211 1933 4286">
    <p class='ocr_par' dir='ltr' id='par_1_62' title="bbox 376 4211 1933 4286">
     <span class='ocr_line' id='line_1_62' title="bbox 376 4211 1933 4286; baseline 0.004 -24"><span class='ocrx_word' id='word_1_492' title='bbox 376 4212 497 4263; x_wconf 82' lang='grc' dir='ltr'>ἀντὶ</span> <span class='ocrx_word' id='word_1_493' title='bbox 525 4211 640 4274; x_wconf 81' lang='grc' dir='ltr'>τοῦ,</span> <span class='ocrx_word' id='word_1_494' title='bbox 673 4214 888 4276; x_wconf 83' lang='grc' dir='ltr'>πάντως</span> <span class='ocrx_word' id='word_1_495' title='bbox 912 4216 1037 4278; x_wconf 81' lang='grc' dir='ltr'>τοὺς</span> <span class='ocrx_word' id='word_1_496' title='bbox 1062 4216 1454 4286; x_wconf 79' lang='grc' dir='ltr'>ἡμαρτηκότας</span> <span class='ocrx_word' id='word_1_497' title='bbox 1489 4216 1784 4268; x_wconf 82' lang='grc' dir='ltr'>ἀπολέσθαι</span> <span class='ocrx_word' id='word_1_498' title='bbox 1806 4217 1933 4286; x_wconf 76' lang='grc' dir='ltr'><strong>χρή.</strong></span> 
     </span>
    </p>
   </div>
   <div class='ocr_carea' id='block_1_63' title="bbox 375 4301 1938 4377">
    <p class='ocr_par' dir='ltr' id='par_1_63' title="bbox 375 4301 1938 4377">
     <span class='ocr_line' id='line_1_63' title="bbox 375 4301 1938 4377; baseline 0.004 -25"><span class='ocrx_word' id='word_1_499' title='bbox 375 4302 438 4352; x_wconf 82' lang='grc' dir='ltr'><strong>Εἰ</strong></span> <span class='ocrx_word' id='word_1_500' title='bbox 462 4301 539 4365; x_wconf 84' lang='grc' dir='ltr'><strong>δὲ,</strong></span> <span class='ocrx_word' id='word_1_501' title='bbox 567 4303 750 4372; x_wconf 79' lang='grc' dir='ltr'>ἐπειδὴ</span> <span class='ocrx_word' id='word_1_502' title='bbox 791 4305 1120 4375; x_wconf 84' lang='grc' dir='ltr'>μετέστησεν</span> <span class='ocrx_word' id='word_1_503' title='bbox 1158 4307 1236 4368; x_wconf 80' lang='grc' dir='ltr'><strong>εἰς</strong></span> <span class='ocrx_word' id='word_1_504' title='bbox 1266 4307 1460 4377; x_wconf 75' lang='grc' dir='ltr'>ἑτέραν</span> <span class='ocrx_word' id='word_1_505' title='bbox 1492 4306 1811 4374; x_wconf 78' lang='grc' dir='ltr'>συγγένειαν</span> <span class='ocrx_word' id='word_1_506' title='bbox 1839 4307 1938 4377; x_wconf 79' lang='grc' dir='ltr'><strong>τὴν</strong></span> 
     </span>
    </p>
   </div>
   <div class='ocr_carea' id='block_1_64' title="bbox 2039 1861 3607 1931">
    <p class='ocr_par' dir='ltr' id='par_1_64' title="bbox 2039 1861 3607 1931">
     <span class='ocr_line' id='line_1_64' title="bbox 2039 1861 3607 1931; baseline 0 -17"><span class='ocrx_word' id='word_1_507' title='bbox 2039 1861 2304 1929; x_wconf 86' lang='lat' dir='ltr'><strong>quomodo</strong></span> <span class='ocrx_word' id='word_1_508' title='bbox 2323 1875 2450 1931; x_wconf 86' lang='lat' dir='ltr'><strong>ergo</strong></span> <span class='ocrx_word' id='word_1_509' title='bbox 2485 1861 2671 1916; x_wconf 89' lang='lat' dir='ltr'><strong>beatus</strong></span> <span class='ocrx_word' id='word_1_510' title='bbox 2698 1861 2896 1916; x_wconf 86' lang='lat' dir='ltr'><strong>Paulus</strong></span> <span class='ocrx_word' id='word_1_511' title='bbox 2932 1861 3183 1930; x_wconf 85' lang='lat' dir='ltr'><strong>prohibet</strong></span> <span class='ocrx_word' id='word_1_512' title='bbox 3217 1871 3472 1930; x_wconf 87' lang='lat' dir='ltr'><strong>arcetque</strong></span> <span class='ocrx_word' id='word_1_513' title='bbox 3498 1861 3607 1914; x_wconf 77' lang='lat' dir='ltr'><strong>for-</strong></span> 
     </span>
    </p>
   </div>
   <div class='ocr_carea' id='block_1_65' title="bbox 2039 1952 3605 2024">
    <p class='ocr_par' dir='ltr' id='par_1_65' title="bbox 2039 1952 3605 2024">
     <span class='ocr_line' id='line_1_65' title="bbox 2039 1952 3605 2024; baseline -0.003 -16"><span class='ocrx_word' id='word_1_514' title='bbox 2039 1953 2304 2008; x_wconf 88' lang='lat' dir='ltr'><strong>nicarium</strong></span> <span class='ocrx_word' id='word_1_515' title='bbox 2338 1968 2366 2006; x_wconf 89' lang='lat' dir='ltr'><strong>a</strong></span> <span class='ocrx_word' id='word_1_516' title='bbox 2401 1961 2547 2008; x_wconf 83' lang='lat' dir='ltr'><strong>coetu</strong></span> <span class='ocrx_word' id='word_1_517' title='bbox 2584 1953 2819 2008; x_wconf 75' lang='lat' dir='ltr'><strong>fidelium</strong></span> <span class='ocrx_word' id='word_1_518' title='bbox 2847 1953 2895 1985; x_wconf 76' lang='grc' dir='ltr'><strong>τ’</strong></span> <span class='ocrx_word' id='word_1_519' title='bbox 2917 1953 2948 2007; x_wconf 70' lang='grc' dir='ltr'><em>ἵ</em></span> <span class='ocrx_word' id='word_1_520' title='bbox 2977 1952 3151 2024; x_wconf 80' lang='lat' dir='ltr'><strong>majus</strong></span> <span class='ocrx_word' id='word_1_521' title='bbox 3190 1953 3317 2021; x_wconf 88' lang='lat' dir='ltr'><strong>quid</strong></span> <span class='ocrx_word' id='word_1_522' title='bbox 3349 1952 3605 2019; x_wconf 84' lang='lat' dir='ltr'><strong>Opinione</strong></span> 
     </span>
    </p>
   </div>
   <div class='ocr_carea' id='block_1_66' title="bbox 2041 2037 3608 2112">
    <p class='ocr_par' dir='ltr' id='par_1_66' title="bbox 2041 2037 3608 2112">
     <span class='ocr_line' id='line_1_66' title="bbox 2041 2037 3608 2112; baseline -0.003 -15"><span class='ocrx_word' id='word_1_523' title='bbox 2041 2059 2161 2098; x_wconf 89' lang='lat' dir='ltr'><strong>mea</strong></span> <span class='ocrx_word' id='word_1_524' title='bbox 2197 2041 2408 2112; x_wconf 90' lang='lat' dir='ltr'><strong>objicis.</strong></span> <span class='ocrx_word' id='word_1_525' title='bbox 2463 2043 2535 2098; x_wconf 82' lang='lat' dir='ltr'><strong>At</strong></span> <span class='ocrx_word' id='word_1_526' title='bbox 2584 2058 2690 2097; x_wconf 92' lang='lat' dir='ltr'><strong>non</strong></span> <span class='ocrx_word' id='word_1_527' title='bbox 2731 2043 3078 2109; x_wconf 77' lang='lat' dir='ltr'><strong>verberavit,</strong></span> <span class='ocrx_word' id='word_1_528' title='bbox 3126 2041 3396 2112; x_wconf 83' lang='lat' dir='ltr'><strong>injuriave</strong></span> <span class='ocrx_word' id='word_1_529' title='bbox 3430 2037 3608 2094; x_wconf 76' lang='lat' dir='ltr'><strong>allccit</strong></span> 
     </span>
    </p>
   </div>
   <div class='ocr_carea' id='block_1_67' title="bbox 2037 2129 3607 2204">
    <p class='ocr_par' dir='ltr' id='par_1_67' title="bbox 2037 2129 3607 2204">
     <span class='ocr_line' id='line_1_67' title="bbox 2037 2129 3607 2204; baseline -0.004 -16"><span class='ocrx_word' id='word_1_530' title='bbox 2037 2133 2347 2204; x_wconf 78' lang='lat' dir='ltr'><strong>Apostolus,</strong></span> <span class='ocrx_word' id='word_1_531' title='bbox 2379 2134 2479 2188; x_wconf 81' lang='lat' dir='ltr'><strong>sed</strong></span> <span class='ocrx_word' id='word_1_532' title='bbox 2503 2148 2532 2186; x_wconf 88' lang='lat' dir='ltr'><strong>a</strong></span> <span class='ocrx_word' id='word_1_533' title='bbox 2567 2148 2726 2204; x_wconf 85' lang='lat' dir='ltr'><strong>grege</strong></span> <span class='ocrx_word' id='word_1_534' title='bbox 2757 2133 2990 2187; x_wconf 80' lang='lat' dir='ltr'><strong>fidelium</strong></span> <span class='ocrx_word' id='word_1_535' title='bbox 3015 2133 3319 2200; x_wconf 88' lang='lat' dir='ltr'><strong>separavit,</strong></span> <span class='ocrx_word' id='word_1_536' title='bbox 3345 2145 3413 2184; x_wconf 88' lang='lat' dir='ltr'><strong>ne</strong></span> <span class='ocrx_word' id='word_1_537' title='bbox 3441 2129 3607 2200; x_wconf 90' lang='lat' dir='ltr'><strong>pesti-</strong></span> 
     </span>
    </p>
   </div>
   <div class='ocr_carea' id='block_1_68' title="bbox 2039 2220 3606 2296">
    <p class='ocr_par' dir='ltr' id='par_1_68' title="bbox 2039 2220 3606 2296">
     <span class='ocr_line' id='line_1_68' title="bbox 2039 2220 3606 2296; baseline -0.007 -16"><span class='ocrx_word' id='word_1_538' title='bbox 2039 2226 2120 2282; x_wconf 87' lang='lat' dir='ltr'><strong>fer</strong></span> <span class='ocrx_word' id='word_1_539' title='bbox 2159 2227 2224 2280; x_wconf 90' lang='lat' dir='ltr'><strong>ad</strong></span> <span class='ocrx_word' id='word_1_540' title='bbox 2259 2225 2492 2296; x_wconf 88' lang='lat' dir='ltr'><strong>reliquas</strong></span> <span class='ocrx_word' id='word_1_541' title='bbox 2523 2238 2651 2279; x_wconf 90' lang='lat' dir='ltr'><strong>oves</strong></span> <span class='ocrx_word' id='word_1_542' title='bbox 2681 2225 2899 2278; x_wconf 82' lang='lat' dir='ltr'><strong>morbus</strong></span> <span class='ocrx_word' id='word_1_543' title='bbox 2919 2230 3121 2292; x_wconf 87' lang='lat' dir='ltr'><strong>serpat.</strong></span> <span class='ocrx_word' id='word_1_544' title='bbox 3159 2222 3215 2277; x_wconf 90' lang='lat' dir='ltr'><strong>Si</strong></span> <span class='ocrx_word' id='word_1_545' title='bbox 3246 2221 3440 2275; x_wconf 89' lang='lat' dir='ltr'><strong>iterum</strong></span> <span class='ocrx_word' id='word_1_546' title='bbox 3475 2220 3606 2274; x_wconf 87' lang='lat' dir='ltr'><strong>sub-</strong></span> 
     </span>
    </p>
   </div>
   <div class='ocr_carea' id='block_1_69' title="bbox 2033 2308 3597 2387">
    <p class='ocr_par' dir='ltr' id='par_1_69' title="bbox 2033 2308 3597 2387">
     <span class='ocr_line' id='line_1_69' title="bbox 2033 2308 3597 2387; baseline -0.019 0"><span class='ocrx_word' id='word_1_547' title='bbox 2033 2318 2231 2387; x_wconf 74' lang='lat' dir='ltr'><strong>iiclas:</strong></span> <span class='ocrx_word' id='word_1_548' title='bbox 2279 2316 2561 2383; x_wconf 83' lang='lat' dir='ltr'><strong>Quomodo</strong></span> <span class='ocrx_word' id='word_1_549' title='bbox 2586 2315 2760 2386; x_wconf 84' lang='lat' dir='ltr'><strong>igitur</strong></span> <span class='ocrx_word' id='word_1_550' title='bbox 2787 2313 2901 2368; x_wconf 81' lang='lat' dir='ltr'><strong>Heli</strong></span> <span class='ocrx_word' id='word_1_551' title='bbox 2936 2315 3231 2366; x_wconf 84' lang='lat' dir='ltr'><strong>admonens</strong></span> <span class='ocrx_word' id='word_1_552' title='bbox 3271 2310 3406 2364; x_wconf 83' lang='lat' dir='ltr'><strong>ﬁlios</strong></span> <span class='ocrx_word' id='word_1_553' title='bbox 3436 2308 3597 2362; x_wconf 83' lang='lat' dir='ltr'><strong>ollicii</strong></span> 
     </span>
    </p>
   </div>
   <div class='ocr_carea' id='block_1_70' title="bbox 2037 2399 3602 2475">
    <p class='ocr_par' dir='ltr' id='par_1_70' title="bbox 2037 2399 3602 2475">
     <span class='ocr_line' id='line_1_70' title="bbox 2037 2399 3602 2475; baseline -0.008 -11"><span class='ocrx_word' id='word_1_554' title='bbox 2037 2419 2090 2463; x_wconf 90' lang='lat' dir='ltr'><strong>et</strong></span> <span class='ocrx_word' id='word_1_555' title='bbox 2118 2409 2250 2464; x_wconf 82' lang='lat' dir='ltr'><strong>nihil</strong></span> <span class='ocrx_word' id='word_1_556' title='bbox 2278 2407 2512 2462; x_wconf 67' lang='lat' dir='ltr'><strong>elﬁcieus</strong></span> <span class='ocrx_word' id='word_1_557' title='bbox 2543 2420 2730 2475; x_wconf 67' lang='lat' dir='ltr'><strong>pinnas</strong></span> <span class='ocrx_word' id='word_1_558' title='bbox 2757 2405 2907 2460; x_wconf 85' lang='lat' dir='ltr'><strong>dedit</strong></span> <span class='ocrx_word' id='word_1_559' title='bbox 2930 2403 3019 2455; x_wconf 71' lang='lat'><strong>7&#39;?</strong></span> <span class='ocrx_word' id='word_1_560' title='bbox 3046 2405 3344 2473; x_wconf 88' lang='lat' dir='ltr'><strong>respondeo</strong></span> <span class='ocrx_word' id='word_1_561' title='bbox 3381 2418 3394 2454; x_wconf 91' lang='lat'>:</span> <span class='ocrx_word' id='word_1_562' title='bbox 3428 2399 3602 2470; x_wconf 84' lang='lat' dir='ltr'><strong>Opor-</strong></span> 
     </span>
    </p>
   </div>
   <div class='ocr_carea' id='block_1_71' title="bbox 2039 2489 3602 2559">
    <p class='ocr_par' dir='ltr' id='par_1_71' title="bbox 2039 2489 3602 2559">
     <span class='ocr_line' id='line_1_71' title="bbox 2039 2489 3602 2559; baseline -0.008 -6"><span class='ocrx_word' id='word_1_563' title='bbox 2039 2507 2115 2554; x_wconf 89' lang='lat' dir='ltr'><strong>tet</strong></span> <span class='ocrx_word' id='word_1_564' title='bbox 2141 2500 2264 2556; x_wconf 86' lang='lat' dir='ltr'><strong>totis</strong></span> <span class='ocrx_word' id='word_1_565' title='bbox 2280 2499 2484 2553; x_wconf 76' lang='lat' dir='ltr'><strong>viribus</strong></span> <span class='ocrx_word' id='word_1_566' title='bbox 2513 2498 2565 2551; x_wconf 92' lang='lat' dir='ltr'><strong>iu</strong></span> <span class='ocrx_word' id='word_1_567' title='bbox 2599 2497 2828 2550; x_wconf 82' lang='lat' dir='ltr'><strong>filiorum</strong></span> <span class='ocrx_word' id='word_1_568' title='bbox 2858 2495 3020 2551; x_wconf 86' lang='lat' dir='ltr'><strong>etiam</strong></span> <span class='ocrx_word' id='word_1_569' title='bbox 3047 2495 3382 2547; x_wconf 84' lang='lat' dir='ltr'><strong>sacerdotum</strong></span> <span class='ocrx_word' id='word_1_570' title='bbox 3413 2489 3602 2559; x_wconf 86' lang='lat' dir='ltr'><strong>nequi-</strong></span> 
     </span>
    </p>
   </div>
   <div class='ocr_carea' id='block_1_72' title="bbox 2040 2581 3602 2656">
    <p class='ocr_par' dir='ltr' id='par_1_72' title="bbox 2040 2581 3602 2656">
     <span class='ocr_line' id='line_1_72' title="bbox 2040 2581 3602 2656; baseline -0.007 -13"><span class='ocrx_word' id='word_1_571' title='bbox 2040 2591 2140 2644; x_wconf 88' lang='lat' dir='ltr'><strong>tias</strong></span> <span class='ocrx_word' id='word_1_572' title='bbox 2183 2590 2635 2652; x_wconf 88' lang='lat' dir='ltr'><strong>animadvertere,</strong></span> <span class='ocrx_word' id='word_1_573' title='bbox 2661 2600 2860 2656; x_wconf 88' lang='lat' dir='ltr'><strong>eosque</strong></span> <span class='ocrx_word' id='word_1_574' title='bbox 2901 2601 2931 2639; x_wconf 90' lang='lat' dir='ltr'><strong>a</strong></span> <span class='ocrx_word' id='word_1_575' title='bbox 2957 2585 3126 2641; x_wconf 90' lang='lat' dir='ltr'><strong>sacris</strong></span> <span class='ocrx_word' id='word_1_576' title='bbox 3155 2596 3358 2647; x_wconf 87' lang='lat' dir='ltr'><strong>arcere,</strong></span> <span class='ocrx_word' id='word_1_577' title='bbox 3392 2581 3500 2635; x_wconf 91' lang='lat' dir='ltr'><strong>imo</strong></span> <span class='ocrx_word' id='word_1_578' title='bbox 3534 2595 3602 2633; x_wconf 79' lang='lat' dir='ltr'><strong>ex</strong></span> 
     </span>
    </p>
   </div>
   <div class='ocr_carea' id='block_1_73' title="bbox 2037 2673 3666 2748">
    <p class='ocr_par' dir='ltr' id='par_1_73' title="bbox 2037 2673 3666 2748">
     <span class='ocr_line' id='line_1_73' title="bbox 2037 2673 3666 2748; baseline -0.008 -14"><span class='ocrx_word' id='word_1_579' title='bbox 2037 2680 2208 2736; x_wconf 88' lang='lat' dir='ltr'><strong>oculis</strong></span> <span class='ocrx_word' id='word_1_580' title='bbox 2237 2680 2434 2748; x_wconf 82' lang='lat' dir='ltr'><strong>pellere</strong></span> <span class='ocrx_word' id='word_1_581' title='bbox 2454 2694 2518 2733; x_wconf 89' lang='lat' dir='ltr'><strong>ac</strong></span> <span class='ocrx_word' id='word_1_582' title='bbox 2551 2677 2715 2748; x_wconf 83' lang='lat' dir='ltr'><strong>gradu</strong></span> <span class='ocrx_word' id='word_1_583' title='bbox 2751 2677 3044 2739; x_wconf 89' lang='lat' dir='ltr'><strong>dimovere,</strong></span> <span class='ocrx_word' id='word_1_584' title='bbox 3071 2673 3304 2727; x_wconf 83' lang='lat' dir='ltr'><strong>maxime</strong></span> <span class='ocrx_word' id='word_1_585' title='bbox 3321 2685 3450 2726; x_wconf 89' lang='lat' dir='ltr'><strong>vero</strong></span> <span class='ocrx_word' id='word_1_586' title='bbox 3477 2685 3599 2724; x_wconf 91' lang='lat' dir='ltr'><strong>cum</strong></span> <span class='ocrx_word' id='word_1_587' title='bbox 3658 2683 3666 2691; x_wconf 89' lang='grc'>·</span> 
     </span>
    </p>
   </div>
   <div class='ocr_carea' id='block_1_74' title="bbox 2039 2760 3604 2837">
    <p class='ocr_par' dir='ltr' id='par_1_74' title="bbox 2039 2760 3604 2837">
     <span class='ocr_line' id='line_1_74' title="bbox 2039 2760 3604 2837; baseline -0.007 -11"><span class='ocrx_word' id='word_1_588' title='bbox 2039 2775 2090 2826; x_wconf 87' lang='grc' dir='ltr'>ἱιι</span> <span class='ocrx_word' id='word_1_589' title='bbox 2127 2773 2290 2826; x_wconf 84' lang='lat' dir='ltr'><strong>Deum</strong></span> <span class='ocrx_word' id='word_1_590' title='bbox 2329 2771 2596 2825; x_wconf 88' lang='lat' dir='ltr'><strong>redundet</strong></span> <span class='ocrx_word' id='word_1_591' title='bbox 2641 2768 2856 2837; x_wconf 86' lang='lat' dir='ltr'><strong>injuria.</strong></span> <span class='ocrx_word' id='word_1_592' title='bbox 2897 2766 3103 2820; x_wconf 88' lang='lat' dir='ltr'><strong>Idcirco</strong></span> <span class='ocrx_word' id='word_1_593' title='bbox 3138 2763 3297 2818; x_wconf 89' lang='lat' dir='ltr'><strong>etiam</strong></span> <span class='ocrx_word' id='word_1_594' title='bbox 3335 2776 3458 2815; x_wconf 91' lang='lat' dir='ltr'><strong>reus</strong></span> <span class='ocrx_word' id='word_1_595' title='bbox 3489 2760 3604 2830; x_wconf 84' lang='lat' dir='ltr'><strong>ipse</strong></span> 
     </span>
    </p>
   </div>
   <div class='ocr_carea' id='block_1_75' title="bbox 2039 2852 3601 2926">
    <p class='ocr_par' dir='ltr' id='par_1_75' title="bbox 2039 2852 3601 2926">
     <span class='ocr_line' id='line_1_75' title="bbox 2039 2852 3601 2926; baseline -0.006 -12"><span class='ocrx_word' id='word_1_596' title='bbox 2039 2861 2231 2914; x_wconf 83' lang='lat' dir='ltr'><strong>evasit.</strong></span> <span class='ocrx_word' id='word_1_597' title='bbox 2272 2859 2567 2926; x_wconf 86' lang='lat' dir='ltr'><strong>Oportebat</strong></span> <span class='ocrx_word' id='word_1_598' title='bbox 2593 2856 2736 2912; x_wconf 86' lang='lat' dir='ltr'><strong>enim</strong></span> <span class='ocrx_word' id='word_1_599' title='bbox 2769 2855 2884 2910; x_wconf 89' lang='lat' dir='ltr'><strong>lleli</strong></span> <span class='ocrx_word' id='word_1_600' title='bbox 2922 2855 2994 2909; x_wconf 90' lang='lat' dir='ltr'><strong>ita</strong></span> <span class='ocrx_word' id='word_1_601' title='bbox 3025 2854 3224 2909; x_wconf 88' lang='lat' dir='ltr'><strong>liberos</strong></span> <span class='ocrx_word' id='word_1_602' title='bbox 3251 2852 3475 2919; x_wconf 81' lang='lat' dir='ltr'><strong>diligere</strong></span> <span class='ocrx_word' id='word_1_603' title='bbox 3495 2889 3509 2910; x_wconf 84' lang='lat'><strong>.</strong></span> <span class='ocrx_word' id='word_1_604' title='bbox 3541 2859 3601 2904; x_wconf 88' lang='lat' dir='ltr'><strong>ut</strong></span> 
     </span>
    </p>
   </div>
   <div class='ocr_carea' id='block_1_76' title="bbox 2043 2939 3594 3009">
    <p class='ocr_par' dir='ltr' id='par_1_76' title="bbox 2043 2939 3594 3009">
     <span class='ocr_line' id='line_1_76' title="bbox 2043 2939 3594 3009; baseline -0.006 -7"><span class='ocrx_word' id='word_1_605' title='bbox 2043 2960 2222 3003; x_wconf 62' lang='lat' dir='ltr'><strong>tamen</strong></span> <span class='ocrx_word' id='word_1_606' title='bbox 2257 2948 2429 3003; x_wconf 83' lang='lat' dir='ltr'><strong>oliicio</strong></span> <span class='ocrx_word' id='word_1_607' title='bbox 2449 2962 2550 3002; x_wconf 90' lang='lat' dir='ltr'><strong>non</strong></span> <span class='ocrx_word' id='word_1_608' title='bbox 2581 2947 2788 3001; x_wconf 85' lang='lat' dir='ltr'><strong>deesset</strong></span> <span class='ocrx_word' id='word_1_609' title='bbox 2816 2959 2933 3007; x_wconf 89' lang='lat' dir='ltr'><strong>suo,</strong></span> <span class='ocrx_word' id='word_1_610' title='bbox 2965 2943 3055 2999; x_wconf 89' lang='lat' dir='ltr'><strong>sed</strong></span> <span class='ocrx_word' id='word_1_611' title='bbox 3082 2944 3382 2997; x_wconf 82' lang='lat' dir='ltr'><strong>divinarum</strong></span> <span class='ocrx_word' id='word_1_612' title='bbox 3420 2939 3594 3009; x_wconf 85' lang='lat' dir='ltr'><strong>legum</strong></span> 
     </span>
    </p>
   </div>
   <div class='ocr_carea' id='block_1_77' title="bbox 2040 3031 3600 3102">
    <p class='ocr_par' dir='ltr' id='par_1_77' title="bbox 2040 3031 3600 3102">
     <span class='ocr_line' id='line_1_77' title="bbox 2040 3031 3600 3102; baseline -0.003 -12"><span class='ocrx_word' id='word_1_613' title='bbox 2040 3039 2383 3092; x_wconf 86' lang='lat' dir='ltr'><strong>violationcm</strong></span> <span class='ocrx_word' id='word_1_614' title='bbox 2415 3037 2709 3092; x_wconf 90' lang='lat' dir='ltr'><strong>vindicare.</strong></span> <span class='ocrx_word' id='word_1_615' title='bbox 2752 3036 2984 3090; x_wconf 76' lang='lat' dir='ltr'><strong>Rursum</strong></span> <span class='ocrx_word' id='word_1_616' title='bbox 3023 3036 3067 3090; x_wconf 91' lang='lat' dir='ltr'><strong>si</strong></span> <span class='ocrx_word' id='word_1_617' title='bbox 3111 3034 3231 3102; x_wconf 92' lang='lat' dir='ltr'><strong>quis</strong></span> <span class='ocrx_word' id='word_1_618' title='bbox 3261 3048 3383 3088; x_wconf 89' lang='lat' dir='ltr'><strong>cum</strong></span> <span class='ocrx_word' id='word_1_619' title='bbox 3410 3031 3600 3086; x_wconf 86' lang='lat' dir='ltr'><strong>volens</strong></span> 
     </span>
    </p>
   </div>
   <div class='ocr_carea' id='block_1_78' title="bbox 2040 3121 3599 3195">
    <p class='ocr_par' dir='ltr' id='par_1_78' title="bbox 2040 3121 3599 3195">
     <span class='ocr_line' id='line_1_78' title="bbox 2040 3121 3599 3195; baseline -0.006 -10"><span class='ocrx_word' id='word_1_620' title='bbox 2040 3129 2325 3185; x_wconf 82' lang='lat' dir='ltr'><strong>defendere</strong></span> <span class='ocrx_word' id='word_1_621' title='bbox 2351 3129 2577 3194; x_wconf 81' lang='lat' dir='ltr'><strong>dixerit,</strong></span> <span class='ocrx_word' id='word_1_622' title='bbox 2600 3127 2771 3185; x_wconf 90' lang='lat' dir='ltr'><strong>videri</strong></span> <span class='ocrx_word' id='word_1_623' title='bbox 2799 3142 2908 3182; x_wconf 88' lang='lat' dir='ltr'><strong>non</strong></span> <span class='ocrx_word' id='word_1_624' title='bbox 2929 3136 3035 3181; x_wconf 86' lang='lat' dir='ltr'><strong>tam</strong></span> <span class='ocrx_word' id='word_1_625' title='bbox 3067 3125 3238 3195; x_wconf 89' lang='lat' dir='ltr'><strong>ipsum</strong></span> <span class='ocrx_word' id='word_1_626' title='bbox 3269 3139 3428 3190; x_wconf 84' lang='lat' dir='ltr'><strong>quam</strong></span> <span class='ocrx_word' id='word_1_627' title='bbox 3458 3121 3599 3176; x_wconf 81' lang='lat' dir='ltr'><strong>filios</strong></span> 
     </span>
    </p>
   </div>
   <div class='ocr_carea' id='block_1_79' title="bbox 2037 3212 3603 3288">
    <p class='ocr_par' dir='ltr' id='par_1_79' title="bbox 2037 3212 3603 3288">
     <span class='ocr_line' id='line_1_79' title="bbox 2037 3212 3603 3288; baseline -0.006 -14"><span class='ocrx_word' id='word_1_628' title='bbox 2037 3227 2213 3274; x_wconf 83' lang='lat' dir='ltr'><strong>t:mtas</strong></span> <span class='ocrx_word' id='word_1_629' title='bbox 2234 3221 2539 3288; x_wconf 88' lang='lat' dir='ltr'><strong>persolvere</strong></span> <span class='ocrx_word' id='word_1_630' title='bbox 2565 3233 2752 3287; x_wconf 67' lang='lat' dir='ltr'><strong>poenas</strong></span> <span class='ocrx_word' id='word_1_631' title='bbox 2809 3217 3056 3270; x_wconf 89' lang='lat' dir='ltr'><strong>debuisse</strong></span> <span class='ocrx_word' id='word_1_632' title='bbox 3095 3215 3192 3285; x_wconf 91' lang='lat' dir='ltr'><strong>(illi</strong></span> <span class='ocrx_word' id='word_1_633' title='bbox 3224 3215 3366 3268; x_wconf 88' lang='lat' dir='ltr'><strong>enim</strong></span> <span class='ocrx_word' id='word_1_634' title='bbox 3402 3213 3481 3266; x_wconf 88' lang='lat' dir='ltr'><strong>ira</strong></span> <span class='ocrx_word' id='word_1_635' title='bbox 3509 3212 3603 3266; x_wconf 89' lang='lat' dir='ltr'><strong>Dei</strong></span> 
     </span>
    </p>
   </div>
   <div class='ocr_carea' id='block_1_80' title="bbox 2037 3304 3598 3373">
    <p class='ocr_par' dir='ltr' id='par_1_80' title="bbox 2037 3304 3598 3373">
     <span class='ocr_line' id='line_1_80' title="bbox 2037 3304 3598 3373; baseline -0.006 -10"><span class='ocrx_word' id='word_1_636' title='bbox 2037 3308 2422 3364; x_wconf 72' lang='lat' dir='ltr'><strong>elici-vescente</strong></span> <span class='ocrx_word' id='word_1_637' title='bbox 2440 3309 2579 3363; x_wconf 64' lang='lat' dir='ltr'><strong>laede</strong></span> <span class='ocrx_word' id='word_1_638' title='bbox 2594 3323 2659 3363; x_wconf 83' lang='lat' dir='ltr'><strong>ac</strong></span> <span class='ocrx_word' id='word_1_639' title='bbox 2678 3306 3057 3361; x_wconf 82' lang='lat' dir='ltr'><strong>miserabiliter</strong></span> <span class='ocrx_word' id='word_1_640' title='bbox 3072 3307 3120 3357; x_wconf 92' lang='lat' dir='ltr'><strong>in</strong></span> <span class='ocrx_word' id='word_1_641' title='bbox 3141 3305 3278 3359; x_wconf 81' lang='lat' dir='ltr'><strong>bello</strong></span> <span class='ocrx_word' id='word_1_642' title='bbox 3295 3304 3564 3373; x_wconf 82' lang='lat' dir='ltr'><strong>perierunt</strong></span> <span class='ocrx_word' id='word_1_643' title='bbox 3585 3317 3598 3354; x_wconf 94' lang='lat'>:</span> 
     </span>
    </p>
   </div>
   <div class='ocr_carea' id='block_1_81' title="bbox 2037 3394 3604 3469">
    <p class='ocr_par' dir='ltr' id='par_1_81' title="bbox 2037 3394 3604 3469">
     <span class='ocr_line' id='line_1_81' title="bbox 2037 3394 3604 3469; baseline -0.004 -15"><span class='ocrx_word' id='word_1_644' title='bbox 2037 3399 2155 3455; x_wconf 80' lang='lat' dir='ltr'><strong>Heli</strong></span> <span class='ocrx_word' id='word_1_645' title='bbox 2186 3415 2312 3454; x_wconf 83' lang='lat' dir='ltr'><strong>vero</strong></span> <span class='ocrx_word' id='word_1_646' title='bbox 2345 3401 2526 3469; x_wconf 79' lang='lat' dir='ltr'><strong>gravis</strong></span> <span class='ocrx_word' id='word_1_647' title='bbox 2576 3399 2688 3468; x_wconf 88' lang='lat' dir='ltr'><strong>jam</strong></span> <span class='ocrx_word' id='word_1_648' title='bbox 2723 3400 2880 3452; x_wconf 88' lang='lat' dir='ltr'><strong>annis</strong></span> <span class='ocrx_word' id='word_1_649' title='bbox 2913 3412 2977 3451; x_wconf 88' lang='lat' dir='ltr'><strong>ac</strong></span> <span class='ocrx_word' id='word_1_650' title='bbox 3021 3411 3185 3451; x_wconf 75' lang='lat' dir='ltr'><strong>senex</strong></span> <span class='ocrx_word' id='word_1_651' title='bbox 3218 3395 3280 3450; x_wconf 57' lang='lat' dir='ltr'><strong>in&quot;</strong></span> <span class='ocrx_word' id='word_1_652' title='bbox 3321 3397 3454 3450; x_wconf 86' lang='lat' dir='ltr'><strong>urbe</strong></span> <span class='ocrx_word' id='word_1_653' title='bbox 3490 3394 3604 3450; x_wconf 89' lang='lat' dir='ltr'><strong>Silo</strong></span> 
     </span>
    </p>
   </div>
   <div class='ocr_carea' id='block_1_82' title="bbox 2041 3488 3599 3559">
    <p class='ocr_par' dir='ltr' id='par_1_82' title="bbox 2041 3488 3599 3559">
     <span class='ocr_line' id='line_1_82' title="bbox 2041 3488 3599 3559; baseline -0.003 -15"><span class='ocrx_word' id='word_1_654' title='bbox 2041 3491 2326 3559; x_wconf 88' lang='lat' dir='ltr'><strong>mortuus),</strong></span> <span class='ocrx_word' id='word_1_655' title='bbox 2357 3502 2410 3544; x_wconf 88' lang='lat' dir='ltr'><strong>et</strong></span> <span class='ocrx_word' id='word_1_656' title='bbox 2432 3489 2556 3544; x_wconf 91' lang='lat' dir='ltr'><strong>buic</strong></span> <span class='ocrx_word' id='word_1_657' title='bbox 2589 3491 2802 3558; x_wconf 85' lang='lat' dir='ltr'><strong>quidem</strong></span> <span class='ocrx_word' id='word_1_658' title='bbox 2839 3491 3118 3558; x_wconf 66' lang='lat' dir='ltr'><strong>quaestioni</strong></span> <span class='ocrx_word' id='word_1_659' title='bbox 3161 3503 3476 3556; x_wconf 83' lang='lat' dir='ltr'><strong>responsum</strong></span> <span class='ocrx_word' id='word_1_660' title='bbox 3507 3488 3599 3549; x_wconf 88' lang='lat' dir='ltr'><strong>sit,</strong></span> 
     </span>
    </p>
   </div>
   <div class='ocr_carea' id='block_1_83' title="bbox 2039 3577 3599 3651">
    <p class='ocr_par' dir='ltr' id='par_1_83' title="bbox 2039 3577 3599 3651">
     <span class='ocr_line' id='line_1_83' title="bbox 2039 3577 3599 3651; baseline -0.004 -15"><span class='ocrx_word' id='word_1_661' title='bbox 2039 3583 2084 3636; x_wconf 88' lang='lat' dir='ltr'><strong>si</strong></span> <span class='ocrx_word' id='word_1_662' title='bbox 2109 3582 2200 3636; x_wconf 81' lang='lat' dir='ltr'><strong>Dei</strong></span> <span class='ocrx_word' id='word_1_663' title='bbox 2228 3581 2499 3651; x_wconf 78' lang='lat' dir='ltr'><strong>expendas</strong></span> <span class='ocrx_word' id='word_1_664' title='bbox 2523 3580 2710 3644; x_wconf 88' lang='lat' dir='ltr'><strong>verba,</strong></span> <span class='ocrx_word' id='word_1_665' title='bbox 2745 3595 2849 3633; x_wconf 90' lang='lat' dir='ltr'><strong>non</strong></span> <span class='ocrx_word' id='word_1_666' title='bbox 2883 3589 2990 3632; x_wconf 88' lang='lat' dir='ltr'><strong>tam</strong></span> <span class='ocrx_word' id='word_1_667' title='bbox 3019 3579 3070 3632; x_wconf 93' lang='lat' dir='ltr'><strong>in</strong></span> <span class='ocrx_word' id='word_1_668' title='bbox 3098 3580 3267 3647; x_wconf 90' lang='lat' dir='ltr'><strong>ipsum</strong></span> <span class='ocrx_word' id='word_1_669' title='bbox 3293 3577 3404 3633; x_wconf 85' lang='lat' dir='ltr'><strong>Heli</strong></span> <span class='ocrx_word' id='word_1_670' title='bbox 3436 3592 3599 3646; x_wconf 89' lang='lat' dir='ltr'><strong>quam</strong></span> 
     </span>
    </p>
   </div>
   <div class='ocr_carea' id='block_1_84' title="bbox 2040 3668 3603 3740">
    <p class='ocr_par' dir='ltr' id='par_1_84' title="bbox 2040 3668 3603 3740">
     <span class='ocr_line' id='line_1_84' title="bbox 2040 3668 3603 3740; baseline -0.003 -13"><span class='ocrx_word' id='word_1_671' title='bbox 2040 3675 2092 3727; x_wconf 86' lang='lat' dir='ltr'><strong>iu</strong></span> <span class='ocrx_word' id='word_1_672' title='bbox 2125 3673 2241 3740; x_wconf 83' lang='lat' dir='ltr'><strong>ejus</strong></span> <span class='ocrx_word' id='word_1_673' title='bbox 2270 3675 2483 3725; x_wconf 84' lang='lat' dir='ltr'><strong>domum</strong></span> <span class='ocrx_word' id='word_1_674' title='bbox 2532 3671 2854 3726; x_wconf 82' lang='lat' dir='ltr'><strong>sententiam</strong></span> <span class='ocrx_word' id='word_1_675' title='bbox 2885 3685 3007 3724; x_wconf 88' lang='lat' dir='ltr'><strong>esse</strong></span> <span class='ocrx_word' id='word_1_676' title='bbox 3051 3669 3474 3738; x_wconf 75' lang='lat' dir='ltr'><strong>prmiuutiatam.</strong></span> <span class='ocrx_word' id='word_1_677' title='bbox 3511 3668 3603 3722; x_wconf 83' lang='lat' dir='ltr'><strong>Ait</strong></span> 
     </span>
    </p>
   </div>
   <div class='ocr_carea' id='block_1_85' title="bbox 2039 3761 3601 3828">
    <p class='ocr_par' dir='ltr' id='par_1_85' title="bbox 2039 3761 3601 3828">
     <span class='ocr_line' id='line_1_85' title="bbox 2039 3761 3601 3828; baseline -0.004 -11"><span class='ocrx_word' id='word_1_678' title='bbox 2039 3764 2183 3817; x_wconf 86' lang='lat' dir='ltr'><strong>enim</strong></span> <span class='ocrx_word' id='word_1_679' title='bbox 2208 3777 2227 3816; x_wconf 71' lang='lat'><strong>:‘</strong></span> <span class='ocrx_word' id='word_1_680' title='bbox 2269 3781 2296 3813; x_wconf 84' lang='grc' dir='ltr'>ι.</span> <span class='ocrx_word' id='word_1_681' title='bbox 2321 3761 2506 3816; x_wconf 76' lang='lat' dir='ltr'><strong>Jsuravi</strong></span> <span class='ocrx_word' id='word_1_682' title='bbox 2535 3763 2710 3815; x_wconf 86' lang='lat' dir='ltr'><strong>domui</strong></span> <span class='ocrx_word' id='word_1_683' title='bbox 2745 3761 2856 3814; x_wconf 86' lang='lat' dir='ltr'><strong>lleli</strong></span> <span class='ocrx_word' id='word_1_684' title='bbox 2882 3800 2896 3824; x_wconf 94' lang='lat'><strong>,</strong></span> <span class='ocrx_word' id='word_1_685' title='bbox 2923 3761 2967 3814; x_wconf 88' lang='lat' dir='ltr'><strong>si</strong></span> <span class='ocrx_word' id='word_1_686' title='bbox 2989 3761 3290 3828; x_wconf 81' lang='lat' dir='ltr'><strong>expiabit-ur</strong></span> <span class='ocrx_word' id='word_1_687' title='bbox 3319 3768 3601 3828; x_wconf 86' lang='lat' dir='ltr'><strong>peccatum</strong></span> 
     </span>
    </p>
   </div>
   <div class='ocr_carea' id='block_1_86' title="bbox 2041 3849 3596 3908">
    <p class='ocr_par' dir='ltr' id='par_1_86' title="bbox 2041 3849 3596 3908">
     <span class='ocr_line' id='line_1_86' title="bbox 2041 3849 3596 3908; baseline -0.005 0"><span class='ocrx_word' id='word_1_688' title='bbox 2041 3855 2235 3908; x_wconf 88' lang='lat' dir='ltr'><strong>domus</strong></span> <span class='ocrx_word' id='word_1_689' title='bbox 2289 3851 2399 3905; x_wconf 52' lang='lat' dir='ltr'><strong>lli-li</strong></span> <span class='ocrx_word' id='word_1_690' title='bbox 2458 3852 2538 3905; x_wconf 85' lang='lat' dir='ltr'><strong>vel</strong></span> <span class='ocrx_word' id='word_1_691' title='bbox 2585 3850 2816 3905; x_wconf 89' lang='lat' dir='ltr'><strong>victimis</strong></span> <span class='ocrx_word' id='word_1_692' title='bbox 2863 3851 2948 3904; x_wconf 81' lang='lat' dir='ltr'><strong>Vel</strong></span> <span class='ocrx_word' id='word_1_693' title='bbox 3003 3849 3284 3903; x_wconf 79' lang='lat' dir='ltr'><strong>sacriﬁciis</strong></span> <span class='ocrx_word' id='word_1_694' title='bbox 3337 3849 3390 3902; x_wconf 88' lang='lat' dir='ltr'><strong>iu</strong></span> <span class='ocrx_word' id='word_1_695' title='bbox 3440 3857 3596 3903; x_wconf 62' lang='grc' dir='ltr'>αξιοι·-</span> 
     </span>
    </p>
   </div>
   <div class='ocr_carea' id='block_1_87' title="bbox 2041 3938 3604 4005">
    <p class='ocr_par' dir='ltr' id='par_1_87' title="bbox 2041 3938 3604 4005">
     <span class='ocr_line' id='line_1_87' title="bbox 2041 3938 3604 4005; baseline -0.004 -8"><span class='ocrx_word' id='word_1_696' title='bbox 2041 3959 2166 3997; x_wconf 89' lang='lat' dir='ltr'><strong>num</strong></span> <span class='ocrx_word' id='word_1_697' title='bbox 2189 3942 2255 3994; x_wconf 70' lang='grc'><strong>⁷⁵.</strong></span> <span class='ocrx_word' id='word_1_698' title='bbox 2279 3961 2296 3992; x_wconf 76' lang='grc' dir='ltr'><strong>ι</strong></span> <span class='ocrx_word' id='word_1_699' title='bbox 2338 3942 2449 3994; x_wconf 75' lang='lat' dir='ltr'><strong>Non</strong></span> <span class='ocrx_word' id='word_1_700' title='bbox 2481 3942 2654 3995; x_wconf 78' lang='lat' dir='ltr'><strong>dixit:</strong></span> <span class='ocrx_word' id='word_1_701' title='bbox 2702 3940 2891 3993; x_wconf 84' lang='lat' dir='ltr'><strong>Juravi</strong></span> <span class='ocrx_word' id='word_1_702' title='bbox 2925 3939 3075 4002; x_wconf 76' lang='lat' dir='ltr'><strong>Heli,</strong></span> <span class='ocrx_word' id='word_1_703' title='bbox 3117 3954 3289 4005; x_wconf 78' lang='lat' dir='ltr'><strong>neque</strong></span> <span class='ocrx_word' id='word_1_704' title='bbox 3312 3939 3388 3992; x_wconf 80' lang='lat' dir='ltr'><strong>sic</strong></span> <span class='ocrx_word' id='word_1_705' title='bbox 3427 3957 3440 3993; x_wconf 89' lang='lat'><strong>:</strong></span> <span class='ocrx_word' id='word_1_706' title='bbox 3477 3938 3604 3991; x_wconf 79' lang='lat' dir='ltr'><strong>Non</strong></span> 
     </span>
    </p>
   </div>
   <div class='ocr_carea' id='block_1_88' title="bbox 2040 4027 3598 4100">
    <p class='ocr_par' dir='ltr' id='par_1_88' title="bbox 2040 4027 3598 4100">
     <span class='ocr_line' id='line_1_88' title="bbox 2040 4027 3598 4100; baseline -0.004 -14"><span class='ocrx_word' id='word_1_707' title='bbox 2040 4033 2334 4099; x_wconf 76' lang='lat' dir='ltr'><strong>expiabitur</strong></span> <span class='ocrx_word' id='word_1_708' title='bbox 2369 4031 2616 4083; x_wconf 81' lang='lat' dir='ltr'><strong>delictum</strong></span> <span class='ocrx_word' id='word_1_709' title='bbox 2664 4029 2788 4083; x_wconf 79' lang='lat' dir='ltr'><strong>llelt&#39;</strong></span> <span class='ocrx_word' id='word_1_710' title='bbox 2837 4029 3097 4100; x_wconf 90' lang='lat' dir='ltr'><strong>(idenim</strong></span> <span class='ocrx_word' id='word_1_711' title='bbox 3144 4029 3443 4083; x_wconf 61' lang='lat' dir='ltr'><strong>suile-cisset</strong></span> <span class='ocrx_word' id='word_1_712' title='bbox 3493 4027 3598 4095; x_wconf 71' lang='lat' dir='ltr'><strong>ipsi</strong></span> 
     </span>
    </p>
   </div>
   <div class='ocr_carea' id='block_1_89' title="bbox 2041 4118 3600 4190">
    <p class='ocr_par' dir='ltr' id='par_1_89' title="bbox 2041 4118 3600 4190">
     <span class='ocr_line' id='line_1_89' title="bbox 2041 4118 3600 4190; baseline -0.006 -13"><span class='ocrx_word' id='word_1_713' title='bbox 2041 4123 2271 4178; x_wconf 83' lang='lat' dir='ltr'><strong>fortasse</strong></span> <span class='ocrx_word' id='word_1_714' title='bbox 2314 4121 2380 4174; x_wconf 88' lang='lat' dir='ltr'><strong>ad</strong></span> <span class='ocrx_word' id='word_1_715' title='bbox 2427 4120 2758 4190; x_wconf 67' lang='lat' dir='ltr'><strong>negligentia:</strong></span> <span class='ocrx_word' id='word_1_716' title='bbox 2794 4119 2952 4188; x_wconf 88' lang='lat' dir='ltr'><strong>hujus</strong></span> <span class='ocrx_word' id='word_1_717' title='bbox 2991 4134 3202 4188; x_wconf 70' lang='lat' dir='ltr'><strong>poenam</strong></span> <span class='ocrx_word' id='word_1_718' title='bbox 3232 4160 3246 4182; x_wconf 93' lang='lat'><strong>,</strong></span> <span class='ocrx_word' id='word_1_719' title='bbox 3293 4128 3410 4172; x_wconf 86' lang='lat' dir='ltr'><strong>erat</strong></span> <span class='ocrx_word' id='word_1_720' title='bbox 3453 4118 3600 4170; x_wconf 88' lang='lat' dir='ltr'><strong>enim</strong></span> 
     </span>
    </p>
   </div>
   <div class='ocr_carea' id='block_1_90' title="bbox 2043 4211 3604 4284">
    <p class='ocr_par' dir='ltr' id='par_1_90' title="bbox 2043 4211 3604 4284">
     <span class='ocr_line' id='line_1_90' title="bbox 2043 4211 3604 4284; baseline -0.004 -15"><span class='ocrx_word' id='word_1_721' title='bbox 2043 4215 2282 4284; x_wconf 86' lang='lat' dir='ltr'><strong>alioquin</strong></span> <span class='ocrx_word' id='word_1_722' title='bbox 2323 4213 2668 4267; x_wconf 84' lang='lat' dir='ltr'><strong>admirandus</strong></span> <span class='ocrx_word' id='word_1_723' title='bbox 2713 4212 2870 4265; x_wconf 80' lang='lat' dir='ltr'><strong>l-leli:</strong></span> <span class='ocrx_word' id='word_1_724' title='bbox 2915 4227 3035 4281; x_wconf 75' lang='lat' dir='ltr'><strong>qua:</strong></span> <span class='ocrx_word' id='word_1_725' title='bbox 3069 4226 3197 4266; x_wconf 85' lang='lat' dir='ltr'><strong>vero</strong></span> <span class='ocrx_word' id='word_1_726' title='bbox 3247 4213 3332 4264; x_wconf 88' lang='lat' dir='ltr'><strong>hic</strong></span> <span class='ocrx_word' id='word_1_727' title='bbox 3363 4211 3604 4279; x_wconf 78' lang='lat' dir='ltr'><strong>contige-</strong></span> 
     </span>
    </p>
   </div>
   <div class='ocr_carea' id='block_1_91' title="bbox 2043 4301 3605 4372">
    <p class='ocr_par' dir='ltr' id='par_1_91' title="bbox 2043 4301 3605 4372">
     <span class='ocr_line' id='line_1_91' title="bbox 2043 4301 3605 4372; baseline -0.003 -14"><span class='ocrx_word' id='word_1_728' title='bbox 2043 4316 2163 4358; x_wconf 89' lang='lat' dir='ltr'><strong>rant</strong></span> <span class='ocrx_word' id='word_1_729' title='bbox 2192 4303 2522 4358; x_wconf 84' lang='lat' dir='ltr'><strong>exsecranda</strong></span> <span class='ocrx_word' id='word_1_730' title='bbox 2561 4314 2685 4356; x_wconf 87' lang='lat' dir='ltr'><strong>sunt</strong></span> <span class='ocrx_word' id='word_1_731' title='bbox 2717 4302 2905 4372; x_wconf 78' lang='lat' dir='ltr'><strong>visa);</strong></span> <span class='ocrx_word' id='word_1_732' title='bbox 2946 4303 3037 4356; x_wconf 87' lang='lat' dir='ltr'><strong>sed</strong></span> <span class='ocrx_word' id='word_1_733' title='bbox 3071 4303 3183 4356; x_wconf 88' lang='lat' dir='ltr'><strong>ait:</strong></span> <span class='ocrx_word' id='word_1_734' title='bbox 3228 4301 3419 4355; x_wconf 66' lang='grc' dir='ltr'>Ποπιιαὶ</span> <span class='ocrx_word' id='word_1_735' title='bbox 3457 4301 3605 4366; x_wconf 80' lang='lat' dir='ltr'><strong>Heli,</strong></span> 
     </span>
    </p>
   </div>
   <div class='ocr_carea' id='block_1_92' title="bbox 379 4391 1935 4468">
    <p class='ocr_par' dir='ltr' id='par_1_92' title="bbox 379 4391 1935 4468">
     <span class='ocr_line' id='line_1_92' title="bbox 379 4391 1935 4468; baseline 0.005 -26"><span class='ocrx_word' id='word_1_736' title='bbox 379 4392 697 4462; x_wconf 68' lang='grc' dir='ltr'>ἱερωσύνην,</span> <span class='ocrx_word' id='word_1_737' title='bbox 726 4393 872 4460; x_wconf 53' lang='grc' dir='ltr'>λέγοι</span> <span class='ocrx_word' id='word_1_738' title='bbox 899 4413 983 4458; x_wconf 86' lang='grc' dir='ltr'><strong>τις</strong></span> <span class='ocrx_word' id='word_1_739' title='bbox 1006 4413 1020 4427; x_wconf 78' lang='grc' dir='ltr'><strong>ο</strong></span> <span class='ocrx_word' id='word_1_740' title='bbox 1063 4391 1226 4448; x_wconf 71' lang='grc' dir='ltr'>Εἶπεν</span> <span class='ocrx_word' id='word_1_741' title='bbox 1262 4397 1291 4448; x_wconf 89' lang='lat'><strong>6</strong></span> <span class='ocrx_word' id='word_1_742' title='bbox 1314 4399 1452 4466; x_wconf 82' lang='grc' dir='ltr'>ὑπὲρ</span> <span class='ocrx_word' id='word_1_743' title='bbox 1482 4398 1644 4450; x_wconf 77' lang='grc' dir='ltr'>αὐτοῦ</span> <span class='ocrx_word' id='word_1_744' title='bbox 1674 4399 1771 4468; x_wconf 82' lang='grc' dir='ltr'>τὴν</span> <span class='ocrx_word' id='word_1_745' title='bbox 1809 4399 1935 4451; x_wconf 80' lang='grc' dir='ltr'>ἀπο·</span> 
     </span>
    </p>
   </div>
   <div class='ocr_carea' id='block_1_93' title="bbox 2040 4391 3602 4468">
    <p class='ocr_par' dir='ltr' id='par_1_93' title="bbox 2045 4393 3602 4463">
     <span class='ocr_line' id='line_1_93' title="bbox 2045 4393 3602 4463; baseline 0.001 -19"><span class='ocrx_word' id='word_1_746' title='bbox 2045 4395 2198 4461; x_wconf 80' lang='lat' dir='ltr'><strong>quasi</strong></span> <span class='ocrx_word' id='word_1_747' title='bbox 2224 4393 2433 4462; x_wconf 83' lang='lat' dir='ltr'><strong>penitus</strong></span> <span class='ocrx_word' id='word_1_748' title='bbox 2460 4395 2730 4463; x_wconf 81' lang='lat' dir='ltr'><strong>exstingui</strong></span> <span class='ocrx_word' id='word_1_749' title='bbox 2761 4403 3068 4462; x_wconf 86' lang='lat' dir='ltr'><strong>peccatores</strong></span> <span class='ocrx_word' id='word_1_750' title='bbox 3092 4405 3280 4446; x_wconf 81' lang='lat' dir='ltr'><strong>omnes</strong></span> <span class='ocrx_word' id='word_1_751' title='bbox 3303 4401 3602 4461; x_wconf 84' lang='lat' dir='ltr'><strong>oporteret.</strong></span> 
     </span>
    </p>
   </div>
   <div class='ocr_carea' id='block_1_94' title="bbox 374 4483 1936 4557">
    <p class='ocr_par' dir='ltr' id='par_1_94' title="bbox 374 4483 1936 4557">
     <span class='ocr_line' id='line_1_94' title="bbox 374 4483 1936 4557; baseline 0.005 -24"><span class='ocrx_word' id='word_1_752' title='bbox 374 4483 561 4551; x_wconf 73' lang='grc' dir='ltr'>λογίαν</span> <span class='ocrx_word' id='word_1_753' title='bbox 592 4484 1008 4555; x_wconf 72' lang='grc' dir='ltr'>ἀναδεξάμενος,</span> <span class='ocrx_word' id='word_1_754' title='bbox 1051 4488 1133 4539; x_wconf 83' lang='grc' dir='ltr'>ὅτι</span> <span class='ocrx_word' id='word_1_755' title='bbox 1157 4487 1402 4550; x_wconf 83' lang='grc' dir='ltr'>εἰκότως.</span> <span class='ocrx_word' id='word_1_756' title='bbox 1433 4489 1568 4551; x_wconf 71' lang='grc' dir='ltr'>Τοὺς</span> <span class='ocrx_word' id='word_1_757' title='bbox 1596 4491 1704 4557; x_wconf 75' lang='grc' dir='ltr'><strong>γὰρ</strong></span> <span class='ocrx_word' id='word_1_758' title='bbox 1729 4490 1792 4540; x_wconf 83' lang='grc' dir='ltr'><strong>ἐκ</strong></span> <span class='ocrx_word' id='word_1_759' title='bbox 1829 4489 1936 4541; x_wconf 83' lang='grc' dir='ltr'><strong>τῶν</strong></span> 
     </span>
    </p>
   </div>
   <div class='ocr_carea' id='block_1_95' title="bbox 374 4573 1935 4646">
    <p class='ocr_par' dir='ltr' id='par_1_95' title="bbox 374 4573 1935 4646">
     <span class='ocr_line' id='line_1_95' title="bbox 374 4573 1935 4646; baseline 0.003 -22"><span class='ocrx_word' id='word_1_760' title='bbox 374 4574 505 4624; x_wconf 76' lang='grc' dir='ltr'>υἱῶν</span> <span class='ocrx_word' id='word_1_761' title='bbox 526 4573 689 4626; x_wconf 75' lang='grc' dir='ltr'>αὑτοῦ</span> <span class='ocrx_word' id='word_1_762' title='bbox 715 4574 819 4626; x_wconf 88' lang='grc' dir='ltr'><strong>τῶν</strong></span> <span class='ocrx_word' id='word_1_763' title='bbox 849 4576 1266 4646; x_wconf 81' lang='grc' dir='ltr'>ἡμαρτηκότων,</span> <span class='ocrx_word' id='word_1_764' title='bbox 1295 4578 1388 4629; x_wconf 72' lang='grc' dir='ltr'><strong>καὶ</strong></span> <span class='ocrx_word' id='word_1_765' title='bbox 1421 4576 1511 4627; x_wconf 75' lang='grc' dir='ltr'>τοῦ</span> <span class='ocrx_word' id='word_1_766' title='bbox 1547 4577 1704 4641; x_wconf 80' lang='grc' dir='ltr'>Θεοῦ,</span> <span class='ocrx_word' id='word_1_767' title='bbox 1727 4577 1935 4628; x_wconf 79' lang='grc' dir='ltr'>καὶτοῦ</span> 
     </span>
    </p>
   </div>
   <div class='ocr_carea' id='block_1_96' title="bbox 375 4668 1931 4738">
    <p class='ocr_par' dir='ltr' id='par_1_96' title="bbox 375 4668 1931 4738">
     <span class='ocr_line' id='line_1_96' title="bbox 375 4668 1931 4738; baseline 0.003 -22"><span class='ocrx_word' id='word_1_768' title='bbox 375 4668 693 4736; x_wconf 63' lang='grc' dir='ltr'>γεννήωρος</span> <span class='ocrx_word' id='word_1_769' title='bbox 722 4669 1285 4738; x_wconf 66' lang='grc' dir='ltr'>καταπεφρονηκότων</span> <span class='ocrx_word' id='word_1_770' title='bbox 1333 4668 1622 4738; x_wconf 80' lang='grc' dir='ltr'>τεχθέντας</span> <span class='ocrx_word' id='word_1_771' title='bbox 1650 4706 1664 4731; x_wconf 93' lang='grc'><strong>,</strong></span> <span class='ocrx_word' id='word_1_772' title='bbox 1714 4669 1814 4720; x_wconf 72' lang='grc' dir='ltr'>οὒκ</span> <span class='ocrx_word' id='word_1_773' title='bbox 1852 4668 1931 4721; x_wconf 75' lang='grc' dir='ltr'>ἔτι</span> 
     </span>
    </p>
   </div>
   <div class='ocr_carea' id='block_1_97' title="bbox 376 4751 843 4823">
    <p class='ocr_par' dir='ltr' id='par_1_97' title="bbox 376 4751 843 4823">
     <span class='ocr_line' id='line_1_97' title="bbox 376 4751 843 4823; baseline 0.015 -20"><span class='ocrx_word' id='word_1_774' title='bbox 376 4751 544 4822; x_wconf 79' lang='grc' dir='ltr'>ἐχρῆν</span> <span class='ocrx_word' id='word_1_775' title='bbox 575 4753 843 4823; x_wconf 73' lang='grc' dir='ltr'>ἱερᾶσθαι.</span> 
     </span>
    </p>
   </div>
   <div class='ocr_carea' id='block_1_98' title="bbox 765 5043 1555 5113">
    <p class='ocr_par' dir='ltr' id='par_1_98' title="bbox 765 5043 1555 5113">
     <span class='ocr_line' id='line_1_98' title="bbox 765 5043 1555 5113; baseline 0 -19"><span class='ocrx_word' id='word_1_776' title='bbox 765 5044 920 5109; x_wconf 54' lang='grc' dir='ltr'><strong>ΣὶπᾹἎ</strong></span> <span class='ocrx_word' id='word_1_777' title='bbox 947 5073 1013 5083; x_wconf 89' lang='grc'><strong><em>--</em></strong></span> <span class='ocrx_word' id='word_1_778' title='bbox 1037 5043 1199 5113; x_wconf 57' lang='lat' dir='ltr'><strong>HM.)</strong></span> <span class='ocrx_word' id='word_1_779' title='bbox 1237 5043 1555 5110; x_wconf 67' lang='grc' dir='ltr'><strong>ΔΙΛΚΟΝῼ.</strong></span> 
     </span>
    </p>
   </div>
   <div class='ocr_carea' id='block_1_99' title="bbox 2043 4483 3607 4555">
    <p class='ocr_par' dir='ltr' id='par_1_99' title="bbox 2043 4483 3607 4555">
     <span class='ocr_line' id='line_1_99' title="bbox 2043 4483 3607 4555; baseline -0.003 -17"><span class='ocrx_word' id='word_1_780' title='bbox 2043 4484 2212 4554; x_wconf 65' lang='grc'><strong>648</strong></span> <span class='ocrx_word' id='word_1_781' title='bbox 2250 4483 2306 4538; x_wconf 90' lang='lat' dir='ltr'><strong>Si</strong></span> <span class='ocrx_word' id='word_1_782' title='bbox 2336 4500 2463 4537; x_wconf 77' lang='lat' dir='ltr'><strong>vero</strong></span> <span class='ocrx_word' id='word_1_783' title='bbox 2497 4495 2778 4555; x_wconf 85' lang='lat' dir='ltr'><strong>postquam</strong></span> <span class='ocrx_word' id='word_1_784' title='bbox 2817 4485 2926 4554; x_wconf 88' lang='lat' dir='ltr'><strong>jam</strong></span> <span class='ocrx_word' id='word_1_785' title='bbox 2959 4483 3317 4537; x_wconf 84' lang='lat' dir='ltr'><strong>sacerdotium</strong></span> <span class='ocrx_word' id='word_1_786' title='bbox 3352 4485 3416 4534; x_wconf 84' lang='lat' dir='ltr'><strong>ad</strong></span> <span class='ocrx_word' id='word_1_787' title='bbox 3447 4483 3607 4536; x_wconf 82' lang='lat' dir='ltr'><strong>aliam</strong></span> 
     </span>
    </p>
   </div>
   <div class='ocr_carea' id='block_1_100' title="bbox 2049 4572 3609 4644">
    <p class='ocr_par' dir='ltr' id='par_1_100' title="bbox 2049 4572 3609 4644">
     <span class='ocr_line' id='line_1_100' title="bbox 2049 4572 3609 4644; baseline -0.001 -18"><span class='ocrx_word' id='word_1_788' title='bbox 2049 4575 2318 4628; x_wconf 78' lang='lat' dir='ltr'><strong>transtulit</strong></span> <span class='ocrx_word' id='word_1_789' title='bbox 2375 4575 2633 4627; x_wconf 85' lang='lat' dir='ltr'><strong>familiam</strong></span> <span class='ocrx_word' id='word_1_790' title='bbox 2689 4576 2738 4628; x_wconf 88' lang='lat' dir='ltr'><strong>id</strong></span> <span class='ocrx_word' id='word_1_791' title='bbox 2787 4575 2921 4628; x_wconf 86' lang='lat' dir='ltr'><strong>dixit</strong></span> <span class='ocrx_word' id='word_1_792' title='bbox 2960 4574 3182 4644; x_wconf 70' lang='lat' dir='ltr'><strong>(dixerit</strong></span> <span class='ocrx_word' id='word_1_793' title='bbox 3236 4572 3376 4625; x_wconf 88' lang='lat' dir='ltr'><strong>forte</strong></span> <span class='ocrx_word' id='word_1_794' title='bbox 3411 4572 3609 4640; x_wconf 80' lang='lat' dir='ltr'><strong>aliquis</strong></span> 
     </span>
    </p>
   </div>
   <div class='ocr_carea' id='block_1_101' title="bbox 2046 4661 3606 4735">
    <p class='ocr_par' dir='ltr' id='par_1_101' title="bbox 2046 4661 3606 4735">
     <span class='ocr_line' id='line_1_101' title="bbox 2046 4661 3606 4735; baseline -0.002 -17"><span class='ocrx_word' id='word_1_795' title='bbox 2046 4666 2186 4719; x_wconf 89' lang='lat' dir='ltr'><strong>illius</strong></span> <span class='ocrx_word' id='word_1_796' title='bbox 2238 4667 2420 4719; x_wconf 87' lang='lat' dir='ltr'><strong>tuendi</strong></span> <span class='ocrx_word' id='word_1_797' title='bbox 2457 4667 2754 4734; x_wconf 88' lang='lat' dir='ltr'><strong>suscipiens</strong></span> <span class='ocrx_word' id='word_1_798' title='bbox 2797 4668 3020 4735; x_wconf 85' lang='lat' dir='ltr'><strong>partes),</strong></span> <span class='ocrx_word' id='word_1_799' title='bbox 3052 4667 3102 4719; x_wconf 92' lang='lat' dir='ltr'><strong>id</strong></span> <span class='ocrx_word' id='word_1_800' title='bbox 3140 4665 3332 4717; x_wconf 87' lang='lat' dir='ltr'><strong>merito</strong></span> <span class='ocrx_word' id='word_1_801' title='bbox 3360 4661 3606 4715; x_wconf 87' lang='lat' dir='ltr'><strong>factum:</strong></span> 
     </span>
    </p>
   </div>
   <div class='ocr_carea' id='block_1_102' title="bbox 2046 4754 3609 4824">
    <p class='ocr_par' dir='ltr' id='par_1_102' title="bbox 2046 4754 3609 4824">
     <span class='ocr_line' id='line_1_102' title="bbox 2046 4754 3609 4824; baseline -0.001 -21"><span class='ocrx_word' id='word_1_802' title='bbox 2046 4754 2482 4822; x_wconf 85' lang='lat' dir='ltr'><strong>quandoquidem</strong></span> <span class='ocrx_word' id='word_1_803' title='bbox 2517 4755 2608 4809; x_wconf 83' lang='lat' dir='ltr'><strong>lilii</strong></span> <span class='ocrx_word' id='word_1_804' title='bbox 2639 4756 2754 4824; x_wconf 84' lang='lat' dir='ltr'><strong>ejus</strong></span> <span class='ocrx_word' id='word_1_805' title='bbox 2789 4758 2839 4809; x_wconf 89' lang='lat' dir='ltr'><strong>in</strong></span> <span class='ocrx_word' id='word_1_806' title='bbox 2870 4757 3033 4809; x_wconf 85' lang='lat' dir='ltr'><strong>Deum</strong></span> <span class='ocrx_word' id='word_1_807' title='bbox 3076 4760 3462 4822; x_wconf 84' lang='lat' dir='ltr'><strong>parentemque</strong></span> <span class='ocrx_word' id='word_1_808' title='bbox 3491 4763 3609 4818; x_wconf 85' lang='lat' dir='ltr'><strong>pec-</strong></span> 
     </span>
    </p>
   </div>
   <div class='ocr_carea' id='block_1_103' title="bbox 2045 4848 3605 4915">
    <p class='ocr_par' dir='ltr' id='par_1_103' title="bbox 2045 4848 3605 4915">
     <span class='ocr_line' id='line_1_103' title="bbox 2045 4848 3605 4915; baseline 0.001 -23"><span class='ocrx_word' id='word_1_809' title='bbox 2045 4855 2338 4907; x_wconf 78' lang='lat' dir='ltr'><strong>caverant;</strong></span> <span class='ocrx_word' id='word_1_810' title='bbox 2376 4861 2603 4914; x_wconf 87' lang='lat' dir='ltr'><strong>quorum</strong></span> <span class='ocrx_word' id='word_1_811' title='bbox 2641 4848 2873 4915; x_wconf 75' lang='lat' dir='ltr'><strong>posteris</strong></span> <span class='ocrx_word' id='word_1_812' title='bbox 2921 4856 2981 4898; x_wconf 87' lang='lat' dir='ltr'><strong>ut</strong></span> <span class='ocrx_word' id='word_1_813' title='bbox 3010 4851 3438 4909; x_wconf 85' lang='lat' dir='ltr'><strong>contemptorum</strong></span> <span class='ocrx_word' id='word_1_814' title='bbox 3461 4879 3476 4904; x_wconf 94' lang='lat'><strong>,</strong></span> <span class='ocrx_word' id='word_1_815' title='bbox 3513 4853 3605 4894; x_wconf 87' lang='lat' dir='ltr'><strong>sa-</strong></span> 
     </span>
    </p>
   </div>
   <div class='ocr_carea' id='block_1_104' title="bbox 2046 4935 3010 5006">
    <p class='ocr_par' dir='ltr' id='par_1_104' title="bbox 2046 4935 3010 5006">
     <span class='ocr_line' id='line_1_104' title="bbox 2046 4935 3010 5006; baseline -0.001 -20"><span class='ocrx_word' id='word_1_816' title='bbox 2046 4935 2154 4987; x_wconf 81' lang='lat' dir='ltr'><strong>cris</strong></span> <span class='ocrx_word' id='word_1_817' title='bbox 2184 4937 2414 5004; x_wconf 83' lang='lat' dir='ltr'><strong>amplius</strong></span> <span class='ocrx_word' id='word_1_818' title='bbox 2445 4939 2656 5006; x_wconf 83' lang='lat' dir='ltr'><strong>operari</strong></span> <span class='ocrx_word' id='word_1_819' title='bbox 2692 4937 2850 4989; x_wconf 25' lang='lat' dir='ltr'><strong>nefas.</strong></span> <span class='ocrx_word' id='word_1_820' title='bbox 2878 4944 3010 4988; x_wconf 85' lang='lat' dir='ltr'><strong>erat.</strong></span> 
     </span>
    </p>
   </div>
   <div class='ocr_carea' id='block_1_105' title="bbox 2370 5039 3289 5101">
    <p class='ocr_par' dir='ltr' id='par_1_105' title="bbox 2370 5039 3289 5101">
     <span class='ocr_line' id='line_1_105' title="bbox 2370 5039 3289 5101; baseline -0.008 0"><span class='ocrx_word' id='word_1_821' title='bbox 2370 5047 2588 5101; x_wconf 79' lang='lat' dir='ltr'><strong>CCXCI.</strong></span> <span class='ocrx_word' id='word_1_822' title='bbox 2615 5078 2682 5088; x_wconf 95' lang='lat'>—</span> <span class='ocrx_word' id='word_1_823' title='bbox 2717 5043 2943 5099; x_wconf 81' lang='lat' dir='ltr'><strong>HELle</strong></span> <span class='ocrx_word' id='word_1_824' title='bbox 2979 5039 3289 5096; x_wconf 75' lang='lat' dir='ltr'><strong>DIACONO.</strong></span> 
     </span>
    </p>
   </div>
   <div class='ocr_carea' id='block_1_106' title="bbox 893 5150 3100 5223">
    <p class='ocr_par' dir='ltr' id='par_1_106' title="bbox 893 5150 3100 5223">
     <span class='ocr_line' id='line_1_106' title="bbox 893 5150 3100 5223; baseline 0 -20"><span class='ocrx_word' id='word_1_825' title='bbox 893 5151 1221 5222; x_wconf 77' lang='lat' dir='ltr'><strong>Fugimulum</strong></span> <span class='ocrx_word' id='word_1_826' title='bbox 1257 5168 1363 5204; x_wconf 76' lang='lat' dir='ltr'><strong>esse</strong></span> <span class='ocrx_word' id='word_1_827' title='bbox 1392 5152 1725 5203; x_wconf 76' lang='lat' dir='ltr'><strong>libidinosum</strong></span> <span class='ocrx_word' id='word_1_828' title='bbox 1770 5150 2084 5215; x_wconf 77' lang='lat' dir='ltr'><strong>feminarum</strong></span> <span class='ocrx_word' id='word_1_829' title='bbox 2121 5164 2406 5220; x_wconf 75' lang='lat' dir='ltr'><strong>aspectum.</strong></span> <span class='ocrx_word' id='word_1_830' title='bbox 2440 5155 2617 5223; x_wconf 78' lang='lat' dir='ltr'><strong>(Conf.</strong></span> <span class='ocrx_word' id='word_1_831' title='bbox 2646 5157 2791 5223; x_wconf 80' lang='lat' dir='ltr'><strong>epist.</strong></span> <span class='ocrx_word' id='word_1_832' title='bbox 2828 5153 2918 5217; x_wconf 81' lang='grc'><strong>95,</strong></span> <span class='ocrx_word' id='word_1_833' title='bbox 2952 5150 3100 5218; x_wconf 72' lang='grc'><strong>175.)</strong></span> 
     </span>
    </p>
   </div>
   <div class='ocr_carea' id='block_1_107' title="bbox 448 5237 1935 5311">
    <p class='ocr_par' dir='ltr' id='par_1_107' title="bbox 448 5237 1935 5311">
     <span class='ocr_line' id='line_1_107' title="bbox 448 5237 1935 5311; baseline -0.002 -20"><span class='ocrx_word' id='word_1_834' title='bbox 448 5241 557 5311; x_wconf 74' lang='grc' dir='ltr'>Τὴν</span> <span class='ocrx_word' id='word_1_835' title='bbox 587 5242 884 5294; x_wconf 75' lang='grc' dir='ltr'>ἀκόλαστον</span> <span class='ocrx_word' id='word_1_836' title='bbox 914 5242 1056 5310; x_wconf 64' lang='grc' dir='ltr'>ὄψιν,</span> <span class='ocrx_word' id='word_1_837' title='bbox 1088 5241 1184 5310; x_wconf 77' lang='grc' dir='ltr'>τὴν</span> <span class='ocrx_word' id='word_1_838' title='bbox 1215 5243 1326 5301; x_wconf 83' lang='grc' dir='ltr'>τοῖς</span> <span class='ocrx_word' id='word_1_839' title='bbox 1352 5239 1649 5308; x_wconf 76' lang='grc' dir='ltr'>ἀλλοτρίοις</span> <span class='ocrx_word' id='word_1_840' title='bbox 1682 5237 1935 5289; x_wconf 78' lang='grc' dir='ltr'>κάλλεσιν</span> 
     </span>
    </p>
   </div>
   <div class='ocr_carea' id='block_1_108' title="bbox 2115 5235 3609 5306">
    <p class='ocr_par' dir='ltr' id='par_1_108' title="bbox 2115 5235 3609 5306">
     <span class='ocr_line' id='line_1_108' title="bbox 2115 5235 3609 5306; baseline -0.001 -13"><span class='ocrx_word' id='word_1_841' title='bbox 2115 5240 2380 5295; x_wconf 78' lang='lat' dir='ltr'><strong>Scrvator</strong></span> <span class='ocrx_word' id='word_1_842' title='bbox 2413 5253 2592 5296; x_wconf 82' lang='lat' dir='ltr'><strong>uester</strong></span> <span class='ocrx_word' id='word_1_843' title='bbox 2617 5242 2876 5296; x_wconf 83' lang='lat' dir='ltr'><strong>lascivum</strong></span> <span class='ocrx_word' id='word_1_844' title='bbox 2915 5247 3189 5306; x_wconf 86' lang='lat' dir='ltr'><strong>aspectum</strong></span> <span class='ocrx_word' id='word_1_845' title='bbox 3215 5276 3228 5297; x_wconf 87' lang='lat'><strong>,</strong></span> <span class='ocrx_word' id='word_1_846' title='bbox 3263 5236 3353 5306; x_wconf 93' lang='lat' dir='ltr'><strong>qui</strong></span> <span class='ocrx_word' id='word_1_847' title='bbox 3387 5235 3609 5293; x_wconf 88' lang='lat' dir='ltr'><strong>alterius</strong></span> 
     </span>
    </p>
   </div>
   <div class='ocr_carea' id='block_1_109' title="bbox 450 5372 1935 5464">
    <p class='ocr_par' dir='ltr' id='par_1_109' title="bbox 450 5372 1912 5461">
     <span class='ocr_line' id='line_1_109' title="bbox 450 5372 1912 5461; baseline -0.002 -14"><span class='ocrx_word' id='word_1_848' title='bbox 450 5397 494 5426; x_wconf 83' lang='grc' dir='ltr'><strong>το</strong></span> <span class='ocrx_word' id='word_1_849' title='bbox 526 5372 722 5450; x_wconf 64' lang='lat' dir='ltr'><strong>eiecti.</strong></span> <span class='ocrx_word' id='word_1_850' title='bbox 754 5412 834 5461; x_wconf 85' lang='grc' dir='ltr'>ιιι,</span> <span class='ocrx_word' id='word_1_851' title='bbox 869 5397 962 5450; x_wconf 77' lang='lat' dir='ltr'><strong>l9.</strong></span> <span class='ocrx_word' id='word_1_852' title='bbox 1033 5397 1074 5427; x_wconf 78' lang='grc' dir='ltr'>τι</span> <span class='ocrx_word' id='word_1_853' title='bbox 1116 5396 1246 5450; x_wconf 69' lang='lat' dir='ltr'><strong>una.</strong></span> <span class='ocrx_word' id='word_1_854' title='bbox 1281 5392 1368 5446; x_wconf 71' lang='lat' dir='ltr'><strong>is.</strong></span> <span class='ocrx_word' id='word_1_855' title='bbox 1444 5391 1540 5453; x_wconf 78' lang='lat' dir='ltr'><strong>&quot;.t</strong></span> <span class='ocrx_word' id='word_1_856' title='bbox 1579 5392 1705 5444; x_wconf 82' lang='lat' dir='ltr'><strong>Cor.</strong></span> <span class='ocrx_word' id='word_1_857' title='bbox 1740 5393 1912 5455; x_wconf 77' lang='lat' dir='ltr'><strong>v,1i.</strong></span> 
     </span>
    </p>
   </div>
   <div class='ocr_carea' id='block_1_110' title="bbox 2040 5372 3535 5464">
    <p class='ocr_par' dir='ltr' id='par_1_110' title="bbox 2070 5391 3535 5464">
     <span class='ocr_line' id='line_1_110' title="bbox 2070 5391 3535 5464; baseline -0.001 -18"><span class='ocrx_word' id='word_1_858' title='bbox 2070 5392 2240 5464; x_wconf 69' lang='grc' dir='ltr'><strong>ΙΙὶθε.</strong></span> <span class='ocrx_word' id='word_1_859' title='bbox 2270 5412 2333 5461; x_wconf 90' lang='grc' dir='ltr'><strong>ιι,</strong></span> <span class='ocrx_word' id='word_1_860' title='bbox 2357 5395 2429 5448; x_wconf 70' lang='lat'><strong>22</strong></span> <span class='ocrx_word' id='word_1_861' title='bbox 2452 5410 2628 5464; x_wconf 82' lang='lat' dir='ltr'><strong>seqq.;</strong></span> <span class='ocrx_word' id='word_1_862' title='bbox 2664 5409 2736 5458; x_wconf 79' lang='lat' dir='ltr'><strong>tv,</strong></span> <span class='ocrx_word' id='word_1_863' title='bbox 2764 5395 2784 5446; x_wconf 81' lang='lat' dir='ltr'><strong>l</strong></span> <span class='ocrx_word' id='word_1_864' title='bbox 2817 5410 2968 5464; x_wconf 86' lang='lat' dir='ltr'><strong>seqq.</strong></span> <span class='ocrx_word' id='word_1_865' title='bbox 3046 5395 3136 5447; x_wconf 63' lang='grc' dir='ltr'><strong>’δι</strong></span> <span class='ocrx_word' id='word_1_866' title='bbox 3165 5394 3294 5464; x_wconf 81' lang='lat' dir='ltr'><strong>Reg.</strong></span> <span class='ocrx_word' id='word_1_867' title='bbox 3320 5408 3402 5456; x_wconf 88' lang='grc' dir='ltr'>ιιι,</span> <span class='ocrx_word' id='word_1_868' title='bbox 3451 5391 3535 5446; x_wconf 77' lang='grc'><strong>14.</strong></span> 
     </span>
    </p>
   </div>
   <div class='ocr_carea' id='block_1_111' title="bbox 1474 5521 2521 5582">
    <p class='ocr_par' dir='ltr' id='par_1_111' title="bbox 1474 5521 2521 5582">
     <span class='ocr_line' id='line_1_111' title="bbox 1474 5521 2521 5582; baseline 0.006 -8"><span class='ocrx_word' id='word_1_869' title='bbox 1474 5522 1708 5578; x_wconf 69' lang='grc' dir='ltr'><strong>νΑΙὶΙᾸΞ</strong></span> <span class='ocrx_word' id='word_1_870' title='bbox 1745 5521 2126 5579; x_wconf 83' lang='lat' dir='ltr'><strong>LECTIONES</strong></span> <span class='ocrx_word' id='word_1_871' title='bbox 2166 5527 2251 5581; x_wconf 86' lang='lat' dir='ltr'>ET</span> <span class='ocrx_word' id='word_1_872' title='bbox 2290 5527 2521 5582; x_wconf 65' lang='lat' dir='ltr'><strong>NOTAE.</strong></span> 
     </span>
    </p>
   </div>
   <div class='ocr_carea' id='block_1_112' title="bbox 455 5654 1942 5727">
    <p class='ocr_par' dir='ltr' id='par_1_112' title="bbox 455 5654 1942 5727">
     <span class='ocr_line' id='line_1_112' title="bbox 455 5654 1942 5727; baseline -0.001 -18"><span class='ocrx_word' id='word_1_873' title='bbox 455 5657 729 5727; x_wconf 56' lang='lat'><strong>(84011591</strong></span> <span class='ocrx_word' id='word_1_874' title='bbox 774 5666 979 5712; x_wconf 87' lang='lat' dir='ltr'><strong>mutant</strong></span> <span class='ocrx_word' id='word_1_875' title='bbox 1027 5658 1079 5712; x_wconf 89' lang='lat' dir='ltr'><strong>in</strong></span> <span class='ocrx_word' id='word_1_876' title='bbox 1128 5657 1276 5727; x_wconf 81' lang='grc' dir='ltr'>παρά</span> <span class='ocrx_word' id='word_1_877' title='bbox 1311 5656 1466 5710; x_wconf 89' lang='lat' dir='ltr'><strong>iidem</strong></span> <span class='ocrx_word' id='word_1_878' title='bbox 1530 5655 1686 5710; x_wconf 85' lang='lat' dir='ltr'><strong>cedd.</strong></span> <span class='ocrx_word' id='word_1_879' title='bbox 1735 5654 1942 5711; x_wconf 73' lang='lat' dir='ltr'><strong>Possm.</strong></span> 
     </span>
    </p>
   </div>
  </div>
