3974 6144
434 288 569 352 1507
1546 328 1549 329 ν
1593 279 1659 339 S.
1695 274 1986 337 ISIDORI
2023 272 2459 333 PELUSIOT/E
3263 318 3270 329 .
3554 264 3693 330 1553

426 413 494 451 se
536 394 711 466 pascit
758 390 1161 463 pulchritudine
1186 432 1202 457 ,
1235 389 1431 444 merito
1464 387 1800 458 puniendum
1844 386 2015 440 inter-

2130 382 2385 435 ἑστιῶσαν
2446 380 2667 452 ἑαυτὴν,
2726 379 2977 435 κολάσειν
3030 379 3256 443 εἰκότως
3304 378 3616 448 ἠπείλησεν
3670 381 3701 431 ὅ

438 488 684 542 minatur
704 484 775 550 ",
805 483 875 537 ab
915 483 1032 552 ipso
1065 496 1165 536 nos
1208 480 1353 534 malo
1382 479 1659 547 animique
1694 475 2012 544 impotentia

2130 473 2338 543 Σωτὴρ,
2370 472 2714 543 πραγμάτων
2740 473 2886 544 ἡμᾶς
2934 471 3297 525 ἀπαλλάττων
3338 470 3433 523 καὶ
3470 472 3694 542 ἀμηχα-

435 556 707 629 abducens
726 611 745 638 ,
793 587 857 626 ne
891 586 995 641 per
1023 569 1210 625 oculos
1240 567 1579 638 pulchritudo
1610 565 1833 620 illabens
1862 577 2015 616 men-

2130 560 2232 622 νίας
2272 560 2471 629 πολλῆς
2495 576 2509 590 ⁸
2554 561 2641 613 ἵνα
2672 560 2746 631 μὴ
2779 559 2841 613 τὸ
2886 561 3080 623 κάλλος
3120 560 3207 613 διὰ
3256 559 3365 612 τῶν
3395 560 3697 631 ὀφθαλμῶν

442 674 548 720 tem
585 663 795 730 redigat
824 662 881 715 in
910 648 1226 717 servitutem
1247 699 1262 723 ,
1294 658 1559 713 etanima:
1584 653 2014 724 opportunitates

2130 650 2329 721 ιίσρυὲν
2364 650 2455 704 τὸν
2476 649 2600 703 νοῦν
2626 650 3100 721 καταδουλώσηται
3118 666 3132 680 ·
3168 650 3348 703 καὶτὰ
3381 651 3573 722 καίρια
3592 653 3697 721 τῆς

362 755 366 761 ’
447 766 831 820 praeoccupans
854 790 870 816 ,
896 750 1161 804 rationem
1199 749 1388 801 doceat
1414 745 1623 800 aﬂectui
1660 743 1875 805 cedere,
1908 752 2013 808 quo

2130 742 2291 811 Ῑκυχῆς
2319 741 2760 810 προκαταλαϐὸν,
2794 742 2885 796 τὸν
2925 742 3184 813 λογισμὸν
3209 744 3374 813 πείσῃ
3420 742 3500 812 τῷ
3529 743 3697 797 πάθει

440 841 808 895 invalescente
854 849 1042 894 curatu
1086 838 1336 901 dillicile,
1391 849 1458 889 ne
1499 834 1674 888 dicam
1714 828 2013 886 insanabile

2130 833 2546 903 παραχωρῆσαι*
2599 827 2660 886 οὗ
2699 831 3096 903 κρατηθέντος,
3153 832 3427 894 δυσίατον,
3480 834 3568 885 ἴνα
3619 836 3698 904 μὴ

439 930 531 983 tiat
566 929 790 983 malum.
852 928 994 983 Cave
1029 927 1191 996 igitur
1233 939 1301 979 ne
1340 925 1615 977 violentus
1657 920 1883 974 allectus
1915 932 2010 972 voc

2130 925 2257 992 ιέγω
2299 925 2539 989 ἀνίατον,
2573 924 2781 993 γίνεται
2830 925 2891 977 τδ
2932 924 3133 1003 κακόν.ὶ
3160 923 3435 978 Φυλάττου
3486 925 3697 986 τοίνυν,

439 1021 662 1087 luptatis
698 1020 942 1073 animum
977 1032 1270 1087 aggressus
1318 1032 1422 1069 non
1472 1012 1856 1083 impossibilem
1888 1009 2010 1079 qui-

2130 1018 2256 1079 iram;
2293 1016 2366 1085 μὴ
2397 1016 2457 1068 τὸ
2482 1016 2801 1087 τυραννικὸν
2835 1017 3005 1082 πάθος
3061 1016 3160 1086 τῆς
3194 1017 3385 1086 ἡδονῆς
3416 1017 3693 1086 χειρωσά-

433 1110 556 1164 dem
578 1146 595 1172 ,
625 1110 720 1163 sed
764 1106 1128 1178 perdiliicllem
1158 1108 1225 1160 ad
1259 1104 1560 1160 curandum
1594 1102 1838 1157 morbum
1874 1114 2010 1155 con-

2130 1124 2273 1160 LEVOV
2303 1107 2400 1178 τὴν
2447 1106 2647 1177 ψυχὴν,
2683 1107 2941 1161 ἀδύνατον
2974 1108 3072 1178 μὲν
3120 1108 3393 1178 οὐδαμῶς,
3430 1098 3693 1161 δύσκολον

432 1200 597 1254 citet.
2113 1197 2171 1249 δὲ
2196 1197 2364 1267 αὐτῆς
2394 1198 2783 1269 κατασκευάσῃ
2802 1197 2902 1268 τὴν
2923 1197 3243 1269 θεραπείαν.

920 1304 1168 1361 ccxcn.
1204 1335 1273 1346 —
1309 1302 1540 1359 EIDEM.
2602 1302 2760 1369 Σιβν.
2794 1333 2860 1343 -
2891 1303 2979 1371 Τῼ
3007 1302 3213 1374 arm.

1403 1415 1421 1448 ι
1465 1396 1677 1466 Diligite
1717 1396 1958 1449 inimicos
1991 1402 2208 1449 vestros.
2242 1411 2259 1445 ι
2288 1392 2505 1464 (Matth.
2554 1408 2609 1458 ν,
2635 1393 2748 1464 44.)

509 1529 627 1585 Etsi
684 1528 860 1583 solent
908 1527 1158 1583 homines
1214 1526 1268 1580 in
1330 1524 1648 1596 gravissima
1698 1523 2012 1579 calamitate

2188 1520 2252 1573 Et
2286 1519 2344 1572 δὲ
2395 1519 2507 1591 (85)
2556 1520 2757 1584 πάντες
2804 1519 3061 1574 εἰώθασιν
3115 1519 3174 1573 ὲν
3227 1521 3349 1583 ταῖς
3404 1518 3695 1583 ἀσπόνδοις

439 1618 567 1674 illud
607 1619 817 1673 cunctis
874 1616 1181 1681 anteferre,
1232 1616 1278 1670 si
1321 1616 1461 1684 quod
1493 1615 1712 1678 volunt,
1754 1614 2009 1682 consequi

2130 1614 2426 1682 συμφοραῖς
2472 1612 2868 1683 προτιμότερον
2915 1613 3070 1680 ἄγειν
3111 1611 3173 1664 τὸ
3205 1614 3387 1682 τυχεῖν
3434 1603 3510 1665 ὧν
3539 1612 3697 1665 αὐτοὶ

440 1709 684 1779 possint;
722 1709 907 1763 hostes
939 1722 1068 1761 vero
1100 1716 1225 1761 voto
1258 1704 1590 1761 frustrentur
1618 1711 1717 1760 suo
1748 1723 1762 1759 :
1790 1706 1882 1759 sed
1923 1704 2016 1774 qui

2130 1673 2443 1771 Sodk'ov-‘cat,
2481 1673 2528 1773 ἢ.
2567 1673 2790 1767 τὸΙτοὺς
2838 1673 3141 1773 πολεμίους,
3171 1696 3245 1756 ὧν
3274 1673 3573 1775 ⁷όρέγονται
3621 1705 3708 1757 δι-

439 1796 646 1853 Christi
676 1812 774 1852 nos
802 1811 919 1852 esse
942 1796 1241 1866 discipulos
1274 1796 1591 1867 gloriamur,
1626 1810 1734 1851 non
1766 1805 2009 1849 nostrum

2130 1797 2407 1865 ιμαρτεῖν·
2451 1794 2566 1847 ἀλλ’
2613 1797 2770 1866 ἡμεῖς
2808 1795 2856 1848 οἱ
2898 1795 2994 1848 τοῦ
3040 1793 3289 1865 Χριστοῦι
3314 1796 3707 1865 σεμνυνόμενοι

449 1889 607 1943 modo
635 1888 982 1943 commodum
1006 1928 1021 1952 ,
1074 1890 1164 1943 sed
1210 1898 1264 1943 et
1284 1903 1470 1943 eorum
1503 1902 1532 1940 a
1562 1887 1758 1957 quibus
1796 1886 2018 1941 disside-

2130 1882 2269 1940 εἶναι
2302 1886 2575 1955 μαθηταὶ,
2615 1887 2690 1957 μὴ
2716 1888 2777 1939 τὸ
2805 1887 3015 1940 ἑαυτῶν
3045 1886 3323 1959 συμφέρον
3349 1887 3529 1955 μόνον,
3563 1888 3707 1940 ἀλλὰ

449 1994 571 2034 unus
604 1995 911 2048 quaeramus
946 1978 1167 2034 bonum.
1221 1978 1321 2045 Qui
1352 1978 1494 2033 enim
1529 1978 1774 2046 proximo
1800 1979 2018 2047 prodest

2130 1979 2213 2030 ml
2245 1977 2356 2047 (86)
2389 1977 2497 2032 τῶν
2527 1977 2664 2049 πρὸς
2691 1979 2839 2049 ἡμᾶς
2859 1978 3269 2050 διαφερομένων
3290 1978 3565 2050 ζητῶμεν.
3613 1979 3708 2031 Ἐν

443 2070 568 2139 (etsi
615 2070 932 2126 incredibile
980 2070 1033 2124 id
1065 2069 1335 2139 videatur)
1388 2070 1491 2124 sibi
1543 2069 1747 2137 pariter
1768 2071 2017 2138 prodest.

2130 2068 2228 2141 γὰρ
2248 2070 2328 2140 τῷ
2357 2071 2689 2142 συμφέροντι
2714 2069 2822 2124 ’τῶν
2846 2070 3015 2134 πέλας
3062 2070 3149 2141 (εἱ
3178 2072 3275 2124 καὶ
3308 2071 3611 2142 παράδοξον
3644 2072 3708 2123 τὸ

2116 2160 2548 2233 λεχθησόμενον)
2600 2163 2695 2216 καὶ
2747 2161 2810 2215 τὸ
2839 2162 3107 2233 ἡμέτερον
3146 2162 3596 2234 συμπεριέχεται.

705 2266 978 2321 ΟΟΧΟΙΙΙ.
1016 2297 1087 2307 —
1127 2265 1399 2323 lSlDOBO
1432 2265 1748 2321 DlACONO.

2454 2272 2613 2337 2w.
2645 2302 2715 2312 —
2743 2272 3009 2342 ΙΣΙΔΩΡῼ
3040 2272 3362 2343 ΔΙΔΚΟΝῼ.

882 2376 1089 2431 Sancta
1119 2377 1395 2445 Scriptura
1434 2376 1502 2430 ad
1538 2394 1717 2432 sensus
1746 2379 1951 2448 quidem
1996 2384 2165 2439 varios
2205 2389 2435 2457 torqueri
2475 2399 2661 2457 potest,
2696 2389 2890 2443 veritas
2920 2399 3092 2444 tamen
3119 2406 3244 2444 una.

518 2502 755 2559 Tametsi
799 2502 1054 2570 plurima,
1097 2512 1157 2556 ut
1184 2503 1399 2568 scribis,
1428 2505 1590 2558 verba
1632 2514 1835 2560 sanctze
1872 2505 2018 2561 Scri-

2201 2519 2263 2571 Εἰ
2299 2519 2394 2572 καὶ
2422 2519 2612 2583 πολλὰ,
2634 2520 2710 2584 ὡς
2747 2520 2903 2593 ἔφης,
2936 2522 3155 2593 ῥήματα
3182 2521 3291 2575 τῶν
3320 2521 3484 2592 ἱερῶν
3504 2520 3708 2591 λογίων

448 2604 621 2662 pturze
634 2592 701 2647 ad
726 2592 870 2647 illum
890 2608 1045 2660 quem
1071 2594 1192 2661 quis
1214 2592 1352 2647 volet
1370 2608 1583 2648 sensum
1610 2595 1748 2648 trahi
1778 2605 2018 2665 possuntl

2134 2610 2268 2680 πρὸς
2295 2611 2431 2681 ὅπερ
2461 2611 2527 2664 ἄν
2567 2629 2649 2674 τις
2688 2612 2816 2682 θέλῃ
2850 2592 3333 2684 παρακρουόμενος
3353 2652 3368 2677 ,
3390 2612 3574 2665 ἕλκειν
3604 2615 3702 2666 καὶ

452 2698 627 2753 eaque
655 2684 981 2751 detorquere
1015 2685 1086 2738 sit
1124 2682 1305 2751 facile,
1339 2685 1543 2739 veritas
1575 2696 1752 2740 tamen
1774 2726 1789 2750 ,
1819 2701 1915 2741 eos
1937 2688 2018 2756 qui

2130 2699 2413 2770 βιάζεσθαι
2445 2700 2627 2772 ῥᾴδιόν
2656 2703 2836 2755 ἐστιν·
2865 2701 2979 2755 ἀλλ’
3014 2682 3057 2772 ή⁷
3081 2701 3309 2772 ἀλήθεια
3338 2702 3557 2755 πάντων
3590 2704 3702 2755 τῶν

450 2776 724 2830 malitiose
758 2775 871 2828 haec
891 2774 973 2829 vel
998 2789 1367 2845 corrumpere,
1400 2775 1483 2832 vel
1512 2778 1651 2832 male
1682 2776 2018 2847 interpretari

2130 2792 2449 2862 κακούργως
2492 2793 2632 2846 αὐτὰ
2659 2794 2696 2864 ’ἢ
2727 2793 3104 2865 παραποιῆσαι
3131 2835 3145 2855 ,
3174 2795 3206 2865 ἢ
3253 2794 3705 2865 παρερμηνεῦςαι

455 2867 654 2921 “dem
674 2903 692 2933 ν
724 2864 893 2920 Vim“
930 2880 996 2920 ac
1030 2875 1268 2932 ευρετθισ
2129 2884 2525 2955 τολμησάντων
2560 2887 2654 2940 καὶ
2685 2864 3011 2958 περιγέγονε
3038 2926 3054 2952 ,
3097 2889 3193 2941 καὶ
3221 2864 3587 2957 περιγίνεται,
3607 2890 3706 2940 καὶ

2050 2993 2094 3052 c
2126 2977 2431 3048 περιέσται.

696 3081 966 3139 CCXCIV.
1004 3113 1075 3124 —
1116 3082 1417 3141 EUTONIO
1453 3081 1771 3138 DIACONO.

2442 3089 2596 3155 ΣιιΑν.
2628 3118 2700 3128 -
2729 3088 3025 3159 ΕΥΤΟΝΙῼ
3056 3088 3381 3161 ΔΙΑΚΟΝῼ.

1752 3169 1947 3227 Gloria:
1976 3172 2174 3231 invidia
2192 3193 2395 3233 comes.

521 3277 772 3347 lgnorare
816 3278 946 3332 mihi
982 3279 1181 3334 videris
1214 3279 1597 3336 excellentibus
1656 3281 1816 3335 rebus
1867 3282 2018 3349 gestit

2215 3288 2470 3356 Ἀγνοεῖς,
2512 3288 2588 3352 ὼς
2616 3288 2813 3353 ἔοικεν,
2844 3290 2926 3343 ὅτι
2957 3291 3078 3354 ταῖς
3102 3290 3397 3362 ὑπεροχαῖς
3424 3290 3536 3344 τῶν
3562 3291 3701 3361 πρά-

443 3368 710 3422 obveuire
749 3368 1006 3423 invidiam
1034 3370 1241 3433 solere,
1271 3385 1432 3440 quam
1465 3372 1556 3439 qui
1592 3370 1729 3424 clari
1770 3381 1893 3425 sum
1925 3387 2018 3427 no-

2130 3380 2267 3446 ξεων
2321 3380 2739 3452 ὲπισυμόαίνειν
2781 3381 2974 3436 εἴωθεν
3022 3384 3050 3436 ό
3102 3382 3333 3451 φθόνος·
3374 3384 3473 3436 καὶ
3512 3383 3701 3437 τοῦτον

456 3458 624 3512 utinis
654 3457 889 3529 eﬁ‘ngere
917 3469 1211 3528 nequeunt,
1239 3462 1589 3529 quamobrem
1622 3462 1932 3515 conturbari
1959 3462 2018 3516 vi«

2130 3475 2227 3527 οὐκ
2266 3473 2413 3526 ἐστιν
2458 3476 2718 3542 ἐκφυγεῖν
2770 3475 2896 3538 τοὺς
2947 3474 3219 3547 λαμπρῶς
3252 3475 3695 3547 ἀνακηρυττομέ-

450 3551 623 3604 deris.
680 3549 901 3604 Disceus
931 3551 1095 3621 igitur
1126 3552 1261 3615 hoc,
1295 3551 1501 3605 turbari
1542 3552 1747 3607 desine.
1792 3551 2018 3607 Praestat

2130 3582 2266 3628 νους,
2302 3566 2396 3621 καὶ
2432 3565 2520 3618 διὰ
2550 3565 2707 3619 τοῦτο
2736 3566 2917 3630 ἔοικας
2968 3566 3383 3638 τεθορυὸἧσθαι.
3407 3566 3578 3621 Τοῦτο
3609 3566 3699 3619 οἷν

445 3639 598 3693 enim
631 3639 831 3693 virtute
860 3641 1111 3709 prmditos
1134 3642 1453 3711 reprehendi
1499 3643 1653 3698 abiis
1674 3644 1763 3713 qui
1794 3643 2018 3713 probum

2133 3655 2341 3727 μαθὼν,
2366 3656 2710 3728 ἀπαλλάγηθι
2729 3657 2819 3710 τοῦ
2846 3657 3100 3729 θορύϐουο
3124 3660 3347 3729 ἄμεινον
3374 3660 3484 3731 γὰρ
3502 3661 3699 3730 ἀρετὴν

445 3747 578 3787 esse
622 3733 890 3786 nemiuem
938 3733 1198 3803 cupiunt,
1251 3750 1413 3804 quam
1464 3735 1861 3805 improbitatem
1906 3750 2018 3789 am-

2132 3749 2417 3819 μετιόντας
2473 3750 2903 3821 κακηγορείσθαι
2944 3750 3098 3822 παρὰ
3146 3751 3255 3804 τῶν
3301 3752 3514 3822 μηδένα
3564 3749 3697 3805 ei»:

449 3826 769 3896 plexantes,
811 3822 1057 3894 plausum
1095 3829 1290 3882 mereri
1329 3826 1471 3897 apud
1500 3843 1595 3884 eos
1623 3828 1715 3898 qui
1752 3836 1903 3883 recto
1927 3842 2021 3882 ca-

2131 3841 2475 3911 βουλομένων
2502 3841 2806 3911 εὐδόκιμον,
2831 3842 2865 3913 ἢ
2896 3844 3096 3897 κακίαν
3130 3844 3545 3915 ἀσπαζομένους
3574 3862 3699 3915 κρο‹

448 3928 575 3975 rent
596 3918 666 3974 de
698 3914 854 3973 rebus
883 3915 1123 3986 judicio,

2130 3933 2339 3988 τεῖσθαι
2366 3933 2519 4005 παρὰ
2546 3934 2654 3987 τῶν
2684 3936 2783 4006 τὴν
2812 3935 2977 4007 ὀρθὴν
3010 3936 3117 3990 τῶν
3136 3937 3484 4007 πραγμάτων
3516 3939 3697 4009 κρίσιν

2136 4022 2211 4093 μὴ
2242 4023 2616 4094 κεκτημένων.

782 4148 949 4220 649
985 4150 1233 4210 CCXCV.
1255 4186 1326 4196 —
1344 4149 1764 4211 lSCHYllIONl.

2570 4130 2729 4198 mea
2765 4161 2836 4172 —-
2872 4134 3254 4187 ΙΣΧΥΡΙΩΝΙο

1080 4245 1162 4301 Dc
1191 4246 1406 4303 lectione
1437 4257 1635 4304 sancta:
1665 4247 1998 4318 Scriptum:
2023 4258 2125 4298 non
2154 4238 2308 4306 hujus
2329 4238 2454 4290 vitio
2484 4237 2744 4305 improbos
2778 4237 2894 4306 ﬁeri
2928 4239 3060 4308 187).

525 4352 587 4407 Si
618 4352 837 4421 quidem
859 4369 1048 4409 omnes
1072 4358 1160 4424 qui
1182 4372 1389 4413 sacram
1417 4368 1653 4415 tractant
1686 4359 2018 4431 Scripturam

2198 4371 2262 4424 Εί
2298 4370 2396 4441 μὲν
2430 4369 2629 4433 πάντες
2656 4369 2706 4422 οἱ
2739 4371 2857 4434 ταῖς
2893 4370 3140 4440 Γραφαῖς
3167 4371 3535 4441 ὡμιληκότες,
3566 4374 3693 4443 πρῦς

452 4442 525 4495 ad
548 4441 665 4511 ejus
690 4456 935 4496 normam
973 4444 1327 4502 instituerent
1368 4450 1555 4516 vitam,
1601 4459 1689 4504 tua
1728 4452 2017 4520 quamdam

2130 4460 2223 4531 τὴν
2256 4460 2480 4512 ἐκείνων
2535 4459 2821 4529 εἰσήγησιν
2856 4462 3261 4529 κατεστήσαντο
3282 4462 3375 4515 τὸν
3404 4463 3542 4533 βίον,
3586 4441 3693 4532 είχέ

454 4534 722 4587 rationem
751 4533 975 4589 haberet
1018 4538 1216 4592 oratio.
1256 4539 1315 4593 Si
1348 4554 1476 4594 vero
1510 4541 1685 4608 multi,
1734 4556 1869 4610 quos
1899 4557 2018 4613 ego,

2135 4549 2230 4604 σού
2271 4567 2392 4603 τινα
2432 4548 2589 4616 λόγον
2610 4551 2638 4601 ὁ
2674 4549 2832 4617 λόγος
2852 4565 2866 4580 ·
2899 4551 2946 4602 εξ
2972 4550 3029 4603 δὲ
3058 4550 3242 4603 πολλοὶ
3271 4551 3363 4616 οὒς
3393 4550 3521 4605 οἶδα
3548 4553 3655 4621 ἐγὼ
3676 4592 3691 4612 ν

450 4631 514 4677 ω
545 4637 758 4692 quoque
787 4622 1021 4680 fortasse
1041 4628 1307 4691 novimus,
1339 4631 1781 4685 commonitiones
1808 4631 2018 4686 laudant

2130 4641 2257 4703 ἴσως
2277 4640 2332 4694 δὲ
2360 4640 2457 4693 καὶ
2484 4640 2667 4703 αὐτὸς,
2696 4640 2795 4703 τὰς
2814 4641 3167 4709 παραινέσεις
3196 4642 3436 4713 ᾄδοντες,
3462 4645 3521 4696 ἐν
3547 4643 3692 4713 μένῳ

453 4713 601 4768 inter
624 4714 842 4779 multos,
861 4716 1130 4786 religione
1164 4718 1331 4783 ducti,
1357 4721 1625 4775 contraria
1642 4736 1866 4793 quaeque
1886 4724 2018 4779 clam

2130 4730 2533 4796 ὲκθειάζοντες,
2575 4733 2683 4784 πᾶν
2720 4732 3028 4786 τούναντίον
3082 4733 3258 4805 λάθρα
3289 4733 3584 4805 τολμῶσιν,
3627 4736 3690 4785 οὗ

452 4805 656 4860 audent
699 4807 936 4876 aggredi,
966 4822 1067 4863 non
1108 4820 1402 4880 propterea
1431 4826 1617 4866 sacras
1647 4816 2018 4869 accusabimus

2130 4820 2211 4874 διὰ
2256 4820 2413 4873 τοῦτο
2445 4820 2542 4882 τὰς
2572 4821 2795 4891 Γραφὰς
2824 4821 3169 4892 γραφόμεθα.
3199 4824 3447 4893 Ἐφησαν
3479 4824 3552 4894 μὴ
3592 4825 3693 4878 ἀδι-

454 4894 712 4951 thteras.
748 4895 910 4953 Jubet
949 4899 1092 4956 enim
1140 4910 1326 4957 sancta
1366 4900 1648 4972 Scriptura
1692 4903 1810 4959 [adi
1853 4908 2018 4961 nemi-

2130 4914 2245 4965 κεῖν
2270 4951 2285 4978 ,
2329 4913 2423 4965 καὶ
2470 4911 2653 4965 πολλοὶ
2694 4913 2962 4968 ἀδικοῦσι.
3012 4914 3077 4966 Τί
3114 4912 3274 4969 τοῦτο
3304 4916 3442 4986 πρὸς
3488 4917 3690 4979 αὐτάς,

528 5069 575 5099 ’⁵
607 5066 797 5123 Matth.
836 5084 889 5136 v,
931 5070 1025 5126 28.

1547 5203 1780 5258 VARle
1822 5204 2198 5262 LECTIONES
2239 5207 2325 5263 ET
2357 5209 2584 5268 ΝΟΤᾹΞ.

524 5353 853 5441 (ﬂagres!
880 5354 937 5407 δὲ
981 5358 1137 5410 codd.
1183 5354 1306 5411 Vat.
1353 5356 1457 5410 650
1508 5366 1564 5412 et
1610 5358 1717 5411 Alt.
1761 5359 1957 5415 habent
1983 5364 2031 5416 εί
2136 5365 2329 5441 inquit,
2370 5367 2578 5441 uirtutis
2618 5380 2692 5423 est
2734 5385 3153 5441 armamentum;
3197 5385 3245 5429 et
3297 5378 3563 5432 sceleratis
3602 5397 3684 5431 προ

460 5423 925 5516 “535103.59;
963 5503 1006 5516 -.
1647 5496 1702 5516 ,ι
1753 5495 1798 5516 ._
2134 5423 2609 5516 συὶιέιεέιίηιυέεέε-
2658 5423 3248 5516 ἓιυῖάῗῦἱιῖέιῖὶέηὶί
3286 5423 3687 5516 εἶ’ἶιίἔέ’ίὲ›.”ὶει

669 5492 937 5585 ﬁngar-gl
959 5503 1013 5585 ecl
1044 5492 1339 5585 1521:qu
1371 5494 1616 5585 inserunt
1642 5496 1724 5585 τό.
1886 5584 1903 5585 η
1965 5569 1976 5580 _
2126 5492 2450 5585 emblemate
2494 5508 2564 5560 55
2599 5524 2614 5563 :
2655 5492 3337 5583 smptuia"i}3n}"';ici.;
3382 5492 3683 5585 ﬁi";‘é;iu;;

528 5556 641 5628 (87)
673 5561 844 5631 §icet
875 5564 939 5631 de
972 5563 1029 5615 S.
1063 5564 1337 5630 Scriptura
1370 5564 1427 5616 Β.
1472 5566 1632 5628 Grvg.
1681 5566 1930 5621 Naziauz.
1965 5569 2017 5623 in
2126 5556 2558 5631 boniszswdrr:
2599 5556 2613 5563 ⁷
2655 5556 2922 5579 την-υτ...
2968 5556 3142 5582 τη...
3199 5556 3337 5583 ..-..,

454 5638 597 5684 orat.
625 5644 639 5683 I
670 5628 998 5683 Stclitcutica
1024 5631 1079 5684 in
1121 5628 1387 5685 lulianum
1430 5634 1771 5705 παραϐάτην,
1810 5636 2015 5703 Probis,
