3974 6144
359 316 497 383 1509

1256 313 1787 376 EPISTOLARUM
1826 311 1971 373 LIB.
1998 314 2067 374 V.
2105 314 2428 376 -EPIST.
2464 318 2777 381 CCXCVII.

3463 329 3599 393 1510

361 426 619 497 Ἔγραψα
632 426 740 497 ἐγὼ
754 428 985 499 Ζωσίμῳ
1006 427 1305 496 ἀποστῆναι
1325 425 1424 494 τῆς
1446 421 1747 490 ἀσελγείας·
1771 422 1931 483 αὐτὸς
1960 469 1966 483 ι

2038 439 2183 487 nem,
2257 427 2410 480 multi
2465 437 2644 483 tamen
2699 431 2917 488 laedunt.
2961 432 3099 499 Quid
3159 436 3262 492 ltoc
3313 441 3380 494 ad
3434 443 3599 495 eam?

357 519 416 571 δὲ
464 519 626 573 πλέον
657 519 1048 588 ἐγκαλινδεῖται
1078 518 1157 589 τῷ
1192 517 1438 589 βορϐόρῳ
1457 532 1473 546 ο
1502 515 1556 566 τί
1602 513 1759 565 τοῦτο
1791 512 1929 581 πρὸς

328 654 331 661 .
358 608 494 678 ἐμέ;
522 608 686 663 Οὐδὲν
712 607 851 679 πλὴν
889 609 938 661 εί
978 609 1053 679 μὴ
1082 607 1182 678 τὴν
1205 605 1442 676 ἀθυμίαν
1464 604 1607 655 εῐποι
1631 618 1715 664 τις
1736 600 1822 655 ἄν.

672 878 846 948 Σιςο.
867 908 939 921 -
960 880 1162 950 ANle
1203 878 1574 948 nmzxoup.

2037 512 2242 583 Scripsi
2284 515 2500 570 Zosimo
2554 519 2620 572 ab
2671 520 2895 589 impuris
2936 525 3232 580 abstineret
3262 528 3595 592 libidinibus.

2034 602 2151 671 ipse
2177 619 2303 659 vero
2328 606 2379 659 in
2417 607 2527 660 luto
2565 609 2736 678 magis
2769 610 3053 667 volutatur.
3075 614 3215 679 Quid
3241 616 3340 670 hoc
3369 618 3435 670 ad
3471 622 3594 671 me?

2034 691 2176 746 Nihil
2205 692 2471 763 profecto,
2502 697 2605 751 nisi
2638 698 2683 752 si
2722 699 3103 757 demissioncm
3132 703 3299 758 animi
3329 705 3596 776 quispiam

2030 781 2251 839 dixerit.

2280 873 2553 931 CCXCVI.
2608 907 2678 918 —
2711 878 2964 937 ALI’HIO
2994 882 3341 941 EPISCOPO.

485 968 563 1024 De
589 972 751 1025 variis
798 971 1064 1025 hominum
1110 971 1353 1042 ingeniis.
1384 968 1562 1038 (σοιτί.
1608 961 1907 1087 epist.l;::1
1912 957 2276 1100 15.0.8523?!»
2312 963 2468 1019 Notis
2501 964 2562 1020 C.
2605 966 2819 1024 Ritters.
2868 984 2915 1024 et
2945 988 3092 1040 supr.
3142 976 3290 1038 epist.
3340 974 3467 1029 288.

428 1130 562 1183 Λίαν
588 1131 870 1199 θαυμάζω,
898 1133 1046 1195 ὅπως
1065 1130 1124 1184 οὐ
1154 1133 1265 1195 τοῖς
1285 1131 1480 1196 Ῐαύτοῖς
1511 1128 1757 1200 χαίρουσι
1787 1126 1929 1178 πάν·-

357 1237 448 1281 τες
482 1218 790 1290 ἄνθρωποι*
837 1219 952 1273 ἀλλ’
981 1222 1028 1272 οἱ
1056 1220 1156 1289 μὲν
1190 1218 1692 1288 συγγινωσκόμενοι
1726 1216 1812 1284 ἐφ’
1850 1209 1930 1278 οἷς

359 1310 666 1373 πταίουσιν,
716 1311 798 1373 είς
845 1310 1068 1380 ἀρετὴν,
1117 1312 1165 1363 oi
1216 1310 1274 1362 δὲ
1313 1310 1394 1373 εἰς
1423 1308 1623 1362 κακίαν
1652 1307 1931 1376 παιδοτρι-

362 1400 601 1454 6οῦνται·
626 1401 717 1454 καὶ
742 1404 851 1463 τοῖς
878 1402 1026 1470 μένὴ
1058 1400 1363 1471 χρηστότης
1389 1400 1653 1472 σωτήριον
1678 1397 1931 1466 εὑρίσκε-

360 1509 452 1544 ται
488 1490 759 1562 βοήθημα,
793 1494 904 1554 τοῖς
927 1491 982 1543 δὲ
1006 1491 1249 1563 ὀλέθριον
1277 1492 1602 1562 δηλητήριον
1628 1507 1640 1521 ·
1664 1490 1790 1552 τοὺς
1824 1488 1922 1559 μὲν

361 1582 472 1653 γὰρ
497 1581 749 1652 ῥώννυσι,
770 1582 895 1645 τοὺς
927 1581 982 1634 δέ
1010 1581 1212 1635 ἐκλύει’
1238 1584 1366 1645 τοὺς
1392 1583 1490 1651 μέν
1520 1582 1780 1644 δυσωπεῖ,
1816 1579 1923 1633 τῶν

360 1673 417 1726 δὲ
461 1674 554 1726 καὶ
590 1672 651 1726 τὸ
700 1672 960 1743 ἐρυθριᾷν
996 1676 1472 1745 προσαφαιρεῖται.
1516 1671 1655 1725 Ἀλλ’
1698 1671 1819 1724 ούδέ
1845 1670 1926 1740 τῷ

361 1761 683 1833 παραπόδας
711 1761 1058 1815 ἀπαιτεῖσθαι
1086 1762 1240 1826 δίκας
1266 1802 1281 1827 ,
1314 1763 1517 1825 πάντες
1552 1760 1753 1831 ὁμοίως
1784 1762 1928 1830 ὠφε-

361 1851 599 1904 λοῦνται.
638 1851 699 1903 Οἱ
738 1850 836 1920 μὲν
870 1851 977 1920 γάρ
1010 1849 1084 1909 ὡς
1119 1851 1486 1921 ἀπάνθρωπον
1519 1849 1680 1902 τοῦτο
1708 1848 1927 1903 αἰτιῶν-

360 1958 472 1995 ται·
511 1942 562 1993 οἱ
599 1942 655 1994 δέ
689 1940 838 2011 φόϐῳ
869 1942 1003 2012 μὲν,
1037 1942 1096 1994 οὐ
1135 1941 1284 2011 πόθῳ
1312 1941 1392 2004 δέ,
1433 1940 1541 1994 τῶν
1586 1939 1770 1994 κακῶν
1824 1940 1930 1993 άπ-

362 2031 590 2101 έχονται.
627 2032 735 2084 Καὶ
779 2031 829 2084 οί
880 2031 979 2102 μέν
1029 2030 1457 2099 φιλονεικοῦντες
1504 2033 1569 2100 τῇ
1604 2030 1759 2101 δίκῃ,
1811 2030 1927 2083 ἀδι-

361 2124 479 2175 κεῖν
506 2121 802 2192 πειρῶνται
828 2138 841 2150 ·
878 2123 925 2174 οί
957 2122 1011 2175 δὲ
1043 2121 1237 2175 παθεῖν
1268 2122 1559 2190 φεύγοντες
1580 2162 1595 2186 ,
1636 2122 1697 2173 ού
1728 2121 1929 2191 δρῶσιν

363 2212 399 2266 ἃ
419 2213 548 2285 δρᾷν
575 2213 855 2266 ἐθέλωσιν
886 2212 1144 2282 ἀμείνους
1175 2213 1271 2283 μὲν
1298 2213 1449 2276 ὄντες
1483 2212 1591 2265 τῶν
1618 2212 1751 2283 μηδέ
1779 2212 1929 2283 φόϐῳ

363 2300 877 2371 σωφρονιζομένων,
921 2301 1335 2372 καταδεέστεροι
1371 2301 1425 2353 δὲ
1455 2300 1564 2354 τῶν
1596 2302 1744 2372 πόθῳ
1780 2302 1929 2354 εὑδο⁴

360 2388 693 2457 κιμούντων.
734 2388 960 2459 πλέονῆ
1000 2390 1124 2443 ὅσον
1173 2389 1326 2442 αὐτοὶ
1368 2390 1624 2459 ἀμείνους
1667 2391 1775 2442 εἰσὶ
1812 2390 1927 2442 τῶν

365 2478 499 2549 μηδέ
526 2480 624 2550 τὴν
645 2480 797 2550 δίκην
823 2479 1150 2533 δεδοικότων.
1169 2481 1231 2533 Οἱ
1261 2481 1357 2550 μὲν
1379 2481 1486 2551 γάρ
1510 2481 1609 2550 τὴν
1639 2480 1925 2551 τιμωρίαν,

358 2571 408 2621 oi
424 2569 479 2621 ὀέ
500 2569 596 2641 τὴν
622 2571 892 2641 σωτηρίαν
912 2572 1188 2641 φεύγουσι·
1205 2572 1355 2625 καὶοί
1382 2573 1480 2641 μὲν
1494 2573 1554 2625 τὸ
1575 2572 1649 2642 μὴ
1667 2571 1846 2625 δοῦναι
1862 2570 1930 2624 δίο

360 2673 485 2726 κην,
503 2658 620 2711 οἱδέ
634 2659 694 2711 τὸ
704 2658 884 2712 δοῦναι
901 2659 1205 2714 διώκουσιν.
1225 2660 1380 2712 Ἐπεὶ
1399 2661 1576 2713 τοίνυν
1602 2661 1653 2712 τί
1678 2661 1928 2731 ποιητέον

361 2748 563 2820 ἐφηςὲν
575 2748 809 2822 τοσαύτῃ
826 2749 1101 2819 συγχύσει,
1119 2751 1361 2819 ἀκριϐῶς
1381 2751 1478 2820 μὲν
1495 2751 1594 2802 οὐκ
1611 2752 1716 2820 ἔχω
1728 2750 1925 2818 λέγειν.

373 2840 432 2893 Ὀ
459 2841 567 2911 γὰρ
590 2841 686 2904 τὰς
705 2842 929 2913 καρδίας
953 2841 1270 2913 ἐμϐατεύων
1299 2837 1407 2895 οἵδε
1429 2857 1441 2869 ·
1468 2842 1607 2912 πλὴν
1636 2840 1732 2904 ὡς,
1755 2842 1928 2910 ἔγωγε

360 2928 550 3004 οἶμαι,
585 2934 690 3006 χρὴ
733 2937 824 2988 ἐπὶ
867 2935 964 3005 μὲν
1007 2937 1119 2997 τοῖς
1173 2936 1388 3004 μικροῖς
1437 2933 1846 3003 ἁμαρτήμασιν,
1878 2932 1927 2983 εί

2102 1122 2271 1180 Valde
2293 1128 2544 1197 equidem
2580 1132 2768 1196 miror,
2800 1134 2890 1202 qui
2925 1133 3015 1187 ﬁat
3059 1139 3200 1200 quod
3250 1152 3353 1191 non
3411 1154 3599 1195 omnes

2030 1210 2219 1266 iisdem
2249 1214 2584 1274 delectentur
2640 1221 2821 1285 rebus,
2860 1223 2953 1276 sed
3003 1225 3219 1292 quidam
3264 1227 3475 1282 veniam
3504 1230 3600 1282 dc-

2030 1303 2282 1360 lictorum
2328 1307 2507 1374 adepti
2570 1309 2756 1364 virtuti
2813 1312 2941 1365 dant
2991 1327 3231 1382 Operam,
3267 1314 3355 1370 alii
3403 1329 3591 1372 contra

2036 1394 2090 1447 in
2138 1397 2285 1451 vitiis
2330 1408 2706 1467 perseverant.
2773 1401 2885 1457 Illis
2929 1404 3146 1472 quidem
3199 1406 3504 1477 benignitas
3532 1411 3600 1462 ad

2032 1483 2263 1538 salutem
2299 1491 2735 1557 consequendam
2769 1490 2970 1544 auxilio
3006 1502 3109 1556 est,
3143 1492 3262 1548 aliis
3303 1504 3490 1550 contra
3516 1506 3601 1552 est

2031 1576 2215 1631 exitio.
2249 1577 2372 1632 Illos
2408 1580 2646 1643 roborat,
2673 1582 2771 1637 hos
2803 1594 3030 1637 enervat
3063 1602 3076 1638 :
3115 1584 3235 1640 illos
3261 1588 3465 1656 pudore
3504 1606 3595 1644 or-

2035 1674 2145 1728 nat,
2172 1665 2296 1720 aliis
2326 1682 2456 1723 vero
2510 1670 2762 1723 ruborem
2796 1672 2991 1724 aufert.
3040 1672 3232 1726 Verum
3287 1689 3393 1729 non
3456 1678 3600 1746 quod

2028 1758 2210 1811 statim
2234 1773 2404 1828 paenae
2428 1760 2732 1830 exigantur,
2757 1763 2959 1817 idcirco
2979 1778 3167 1819 omnes
3188 1764 3444 1822 similiter
3468 1783 3594 1823 cor—

2031 1848 2296 1917 riguutur.
2352 1850 2532 1920 Aliqui
2605 1852 2747 1906 enim
2804 1859 2862 1907 ut
2912 1854 3264 1910 inhumanum
3313 1857 3441 1925 quid
3493 1858 3595 1912 hoc

2029 1949 2303 1993 accusant.
2328 1940 2431 1994 Alii
2460 1956 2585 1995 vero
2605 1952 2748 1995 metu
2768 1942 3007 2011 quidem,
3030 1960 3136 1998 non
3165 1960 3369 2011 amore,
3398 1963 3426 2000 a
3452 1948 3598 2001 vitiis

2030 2032 2324 2098 abstinent,
2395 2041 2449 2087 et
2507 2032 2592 2086 isti
2629 2034 2843 2101 quidem
2889 2035 3108 2101 jnstitiaz
3152 2036 3476 2093 reluctantes
3522 2039 3600 2091 in-

2023 2119 2163 2189 juria
2187 2122 2321 2175 alios
2348 2130 2613 2176 conantur
2643 2121 2877 2176 aliicere.
2915 2122 3020 2176 Alii
3062 2125 3170 2194 pati
3225 2125 3450 2192 injurias
3504 2143 3592 2180 re-

2028 2221 2279 2266 cusantes
2331 2228 2436 2266 non
2477 2211 2683 2267 faciunt
2732 2228 2850 2282 qua:
2891 2214 3071 2269 facere
3100 2216 3318 2281 vellent,
3350 2217 3599 2271 meliores

2028 2303 2243 2370 quidem
2285 2303 2367 2357 bis
2395 2303 2724 2359 exsistentes
2756 2306 2844 2373 qui
2874 2321 2943 2360 ne
2977 2315 3121 2359 metu
3168 2308 3384 2374 quidem
3413 2308 3589 2362 adacti

2031 2402 2394 2462 temperantes
2449 2395 2586 2447 ﬁunt
2641 2408 2704 2449 ac
2743 2398 3103 2461 continentes,
3141 2404 3289 2451 tanto
3343 2396 3428 2451 his
3468 2397 3601 2452 infe-

2030 2485 2204 2538 riores
2262 2486 2351 2553 qui
2409 2484 2676 2540 desiderio
2708 2487 2920 2540 virtutis
2983 2488 3105 2541 boni
3160 2489 3344 2543 haberi
3391 2487 3595 2555 volunt,

2028 2585 2231 2645 quanto
2284 2574 2535 2629 meliores
2580 2574 2646 2630 iis
2686 2576 2775 2644 qui
2836 2591 2902 2630 ne
2945 2577 3207 2647 supplicia
3233 2577 3449 2646 quidem
3486 2594 3600 2633 uie-

2032 2673 2207 2719 tuunt.
2260 2663 2340 2717 Illi
2397 2665 2540 2718 enim
2597 2664 2942 2733 supplicium,
2984 2666 3038 2719 hi
3085 2681 3213 2720 vero
3257 2667 3483 2722 salutem
3513 2681 3599 2721 ιιι-

2028 2755 2203 2823 giunt.
2257 2753 2321 2807 Et
2354 2753 2428 2806 illi
2477 2754 2692 2822 quidem
2737 2768 2802 2807 ne
2832 2755 2960 2808 dent
2990 2768 3200 2822 pmnas,
3236 2756 3288 2809 III
3321 2770 3448 2811 vero
3488 2758 3597 2824 puti

2030 2854 2309 2917 exaptant.
2343 2845 2570 2911 Quando
2611 2844 2774 2911 igitur
2810 2844 2937 2912 quid
2971 2845 3110 2900 facto
3133 2846 3205 2900 sit
3229 2860 3363 2916 opus
3402 2847 3454 2900 itt
3492 2847 3594 2901 hoc

2034 2954 2217 2994 rerum
2241 2946 2383 2991 statu
2407 2937 2630 3004 quaeris,
2669 2950 2778 2989 non
2806 2950 3021 3003 possunt
3074 2936 3323 3004 equidem
3346 2947 3599 2992 accurate

364 3025 463 3095 μὲν
512 3026 864 3089 λανθάνοντες
914 3024 1289 3095 βελτιοῦνται,
1338 3024 1472 3094 μηδὲ
1526 3023 1725 3076 εἰδέναι
1766 3040 1966 3113 προσ-⁴

2036 3033 2233 3086 dicere.
2268 3024 2427 3080 Novit
2459 3023 2546 3079 ille
2572 3025 2659 3092 qui
2691 3024 2853 3078 corda
2878 3031 3153 3077 scrutatur
3188 3024 3328 3079 Deus
3365 3046 3377 3081 :
3413 3035 3590 3079 tamen

362 3116 661 3169 ποιεῖσθαι·
697 3118 744 3169 εί
791 3116 847 3169 δέ
876 3119 954 3179 εἰς
994 3116 1055 3168 τὸ
1090 3118 1269 3185 χεῖρον
1308 3116 1635 3183 τρέπονται,
1671 3113 1806 3183 μετὰ
1836 3115 1927 3166 τὸν

2036 3134 2085 3178 ιιι
2117 3119 2368 3190 equidem
2405 3116 2659 3180 arbitror,
2700 3129 2862 3183 parva
2892 3114 3047 3180 vitia,
3085 3115 3129 3170 si
3160 3114 3373 3169 occulte
3407 3131 3592 3171 emen-

362 3204 579 3275 ἔλεγχον
608 3206 702 3259 καὶ
734 3206 831 3276 τὴν
863 3205 1087 3275 μετρίαν
1117 3204 1457 3274 ἐπιτίμησιν,
1484 3204 1814 3275 συγγνώμην
1844 3204 1930 3257 νέ-

366 3311 509 3365 μειν,
562 3295 657 3347 ἐπὶ
694 3296 751 3348 δέ
795 3297 905 3356 τοῖς
967 3294 1225 3363 μεγάλοις
1284 3293 1488 3361 ταύτην
1535 3293 1926 3363 ταμιεύεσθαι,

363 3388 458 3439 καὶ
494 3386 848 3458 σωφρονίζειν
884 3386 1009 3448 τοὺς
1037 3384 1327 3448 πταίοντας
1356 3424 1371 3450 ,
1409 3385 1503 3437 καὶ
1532 3385 1796 3455 χωρισμῷ
1834 3386 1929 3438 καὶ

366 3480 650 3549 ἐπ.τιμίᾳ,
688 3479 791 3541 ἕως
857 3478 922 3531 ἂν
974 3477 1377 3546 μετανοήσωσι,
1444 3476 1539 3529 καὶ
1603 3478 1725 3531 τότε
1776 3494 1936 3548 προσ-

369 3569 561 3626 ίεσθαι.

646 3754 798 3820 ΣῐιΖ¹.
826 3784 894 3795 -
931 3755 1131 3808 ΙΩΣΗΦ
1171 3753 1640 3825 ΠΡΕΣΒΥΤΕΡῼ.

2030 3217 2245 3278 dentur,
2279 3211 2442 3267 etiam
2472 3215 2597 3262 sunt
2638 3206 3047 3261 dissimulanda.
3084 3208 3139 3262 Si
3170 3222 3298 3262 vero
3345 3207 3400 3262 in
3437 3210 3593 3263 dcte-

2039 3306 2150 3359 rius
2176 3302 2304 3355 vitia
2341 3310 2561 3369 vergant
2585 3308 2705 3366 post
2735 3298 3130 3367 correptionem
3165 3306 3221 3353 et
3260 3298 3597 3353 moderatam

2036 3393 2396 3464 punitionent,
2458 3389 2612 3441 venia
2649 3396 2733 3443 est
2797 3388 2993 3442 danda.
3046 3387 3102 3442 In
3143 3388 3355 3459 magnis
3409 3399 3589 3443 autem

2026 3482 2262 3553 peccatis
2299 3481 2436 3532 hanc
2465 3492 2747 3531 reservare
2769 3486 2824 3531 et
2859 3487 3143 3547 peccantes
3184 3485 3396 3543 oportet
3424 3479 3591 3531 corri-

2026 3589 2172 3643 gere,
2214 3571 2408 3641 partim
2471 3568 2589 3624 illos
2635 3569 3003 3638 segreganda,
3052 3569 3249 3638 partim
3318 3568 3592 3639 puniendo

2025 3666 2197 3720 donec
2223 3663 2564 3729 resipiscant,
2592 3674 2654 3712 ac
2694 3669 2821 3713 tunc
2849 3661 3162 3728 recipiendi.

2193 3750 2483 3807 CCXCVII.
2516 3781 2585 3789 —
2609 3748 2911 3806 JOSEPHO
2945 3749 3419 3808 PRESBYTERO.

1540 3845 1847 3901 Sacerdotio
1871 3865 1974 3903 non
2003 3845 2423 3918 superbiendum.

440 3936 503 3988 Εἰ
532 3934 629 4005 μὲν
650 3936 709 3990 τὸ
736 3935 842 3990 τῶν
863 3937 1034 3992 ἄλλων
1062 3939 1161 3992 οὐκ
1192 3933 1286 3991 οἷδ’
1325 3939 1472 4001 ὅπως
1510 3937 1928 4007 προκεκρίσθαι,

370 4026 465 4078 καὶ
512 4026 591 4087 είς
638 4024 933 4097 ἱερωσύνην
963 4026 1398 4097 κατατετάχθαι,
1434 4025 1675 4097 ἐφύσησέ
1712 4044 1807 4094 σε,
1837 4029 1933 4082 καὶ

370 4115 513 4187 μέγα
553 4118 766 4187 φρονεῖν
804 4118 1239 4188 παρεσκεύασεν,
1281 4119 1356 4181 ὡς
1399 4118 1533 4189 μηδέ
1564 4120 1688 4181 τοὺς
1728 4120 1784 4173 ἐν
1822 4122 1934 4182 τοῖς

369 4205 633 4276 ὑπηκόοις
663 4205 951 4271 τελοῦντας
991 4209 1111 4277 μὲν,
1158 4207 1580 4275 εὐδοκιμοῦντας
1621 4208 1677 4260 δέ
1709 4208 1928 4279 ζηλοῦν,

367 4296 503 4350 ἐλεῶ
533 4313 592 4348 σε
628 4298 724 4367 τῆς
759 4297 964 4361 ἀνοίας.
992 4299 1054 4351 Εἰ
1083 4299 1139 4351 δέ
1172 4299 1273 4351 οὐκ
1304 4297 1473 4362 ἀξιοῖς
1506 4298 1641 4367 πρὸς
1674 4299 1932 4363 ἐλάττους

364 4391 520 4461 ὁρᾷν,
568 4389 846 4443 καὶτοῦτο
879 4391 1010 4445 αὐτὸ
1048 4391 1381 4444 δεινότατονο
1425 4392 1473 4443 εί
1510 4390 1620 4443 τῶν
1655 4390 1930 4457 τοσοῦτον,

364 4480 442 4544 ὡς
475 4482 598 4544 οἴει,
626 4482 962 4552 λειπομένων
1001 4486 1068 4554 τῇ
1109 4483 1235 4554 ἀξίᾳ
1261 4483 1460 4553 χείρων
1503 4482 1560 4533 ἐν
1592 4482 1704 4545 τοῖς
1752 4482 1934 4553 ἔργοις

366 4570 629 4639 φανείης·
687 4570 781 4625 καὶ
833 4564 907 4624 ὧν
951 4575 1192 4643 κρατεῖν⁸
1234 4574 1386 4626 οὐδὲν
1432 4572 1540 4642 ἡγῇ
1595 4569 1929 4639 θαυμαστὸν,

364 4662 570 4714 τούτων
598 4661 863 4732 ἡττᾶσθαι
893 4662 1084 4727 δόξεις.
1118 4664 1227 4716 Καὶ
1260 4664 1365 4735 μὴν
1388 4665 1434 4715 εί
1474 4664 1741 4717 κάκείνων
1767 4663 1932 4734 ρᾳθυ-

372 4751 504 4822 μίας
542 4752 694 4805 ἔπνει
734 4754 762 4806 ό
790 4753 923 4823 βίος,
957 4754 1017 4806 σὲ
1046 4755 1145 4807 οὐκ
1178 4754 1285 4807 ἔδει
1319 4755 1418 4825 τὴν
1450 4755 1577 4826 περὶ
1604 4755 1701 4827 τὴν
1732 4756 1933 4827 ἀρετὴν

368 4840 682 4909 ἐπιμέλειαν
703 4841 984 4911 προέσθαι.
1010 4842 1084 4894 Τὸ
1107 4844 1216 4912 γὰρ
1244 4843 1407 4913 μέσον
1433 4845 1568 4915 πρὸς
1584 4845 1827 4908 ἐκείνους
1852 4863 1933 4899 σοι

368 4931 468 4983 οὐκ
494 4932 672 5000 ὀλίγον
702 4932 949 5001 ὑπάρχον
990 4932 1253 5003 ἀφῃρεῖτο
1284 4935 1382 5004 τὴν
1413 4935 1767 5006 συγγνώμην.
1795 4938 1857 4991 El
1878 4938 1934 4991 δὲ

367 5023 567 5076 ἐκεῖνοι
613 5024 713 5092 μὲν
752 5023 1121 5095 λαμπρότεροι
1174 5026 1269 5078 καὶ
1318 5026 1737 5099 εὐδοκιμὼτεροί
1772 5030 1931 5094 εἰσιν,

371 5115 547 5168 καίτοι
596 5115 685 5167 τὸν
733 5115 1070 5186 ἡγησόμενον
1117 5116 1219 5170 οὐκ
1272 5116 1484 5188 ἔχοντες
1511 5157 1525 5182 ,
1563 5123 1626 5171 σὺ
1679 5119 1735 5171 δέ
1779 5119 1797 5185 (
1822 5119 1934 5172 ἀλλ’

2107 3936 2162 3989 Si
2215 3944 2499 4004 propterea
2558 3931 2700 4001 quod
2769 3931 2892 3987 aliis
2958 3932 3144 3988 nescio
3197 3932 3466 4002 quomodo
3522 3934 3600 3989 eis

2029 4025 2304 4096 pra-latus,
2342 4031 2398 4075 et
2443 4023 2493 4075 in
2527 4022 2815 4076 sacerdotii
2861 4023 3106 4076 ordinem
3137 4032 3465 4091 assumptus,
3516 4025 3598 4078 id-

2028 4122 2175 4175 circo
2207 4114 2506 4184 superbias,
2548 4113 2825 4184 altumque
2877 4115 3076 4183 sapias,
3128 4113 3293 4185 650
3332 4124 3388 4170 ut
3421 4130 3598 4183 neque

2028 4225 2120 4265 eos
2147 4208 2235 4277 qui
2263 4207 2408 4261 inter
2438 4204 2714 4273 subjectos
2745 4206 2967 4275 quidem
2998 4206 3220 4274 imperio
3266 4219 3476 4275 parent,
3505 4212 3601 4262 sed

2035 4300 2185 4369 probi
2212 4299 2341 4362 sint,
2369 4305 2423 4349 et
2449 4296 2620 4365 gloria
2658 4296 2815 4361 clari,
2853 4297 3101 4363 imiteris,
3141 4298 3216 4351 tui
3262 4311 3347 4351 me
3373 4298 3600 4352 demen-

2038 4394 2105 4446 tis
2140 4389 2380 4443 miseret.
2434 4385 2490 4440 Si
2546 4401 2679 4443 vero
2709 4404 2776 4444 ne
2805 4389 3041 4458 digneris
3067 4389 3283 4458 quidem
3316 4388 3601 4444 inferiores

2034 4490 2086 4537 te
2121 4486 2408 4553 respicere,
2460 4492 2623 4553 atque
2663 4482 2893 4549 idipsum
2936 4481 3091 4547 longe
3125 4480 3525 4549 gravissimum,
3553 4481 3598 4535 si

2031 4574 2097 4629 iis
2120 4575 2210 4644 qui
2248 4584 2552 4642 tantopere,
2585 4583 2643 4627 ιιι
2672 4581 2849 4641 putas,
2877 4572 2970 4625 tibi
3011 4571 3276 4640 dignitate
3306 4570 3599 4624 inferiores

2033 4677 2177 4728 sunt.
2214 4668 2266 4721 in
2290 4667 2545 4736 operibus
2575 4665 2815 4719 deterior
2839 4679 3122 4733 apparens,
3159 4673 3214 4716 et
3256 4663 3452 4732 quibus
3496 4661 3599 4715 im-

2032 4770 2223 4822 perare
2245 4755 2377 4810 nihil
2409 4756 2603 4809 mirum
2650 4754 2824 4816 ducis,
2873 4754 2939 4807 ab
2977 4754 3044 4807 iis
3065 4751 3307 4821 superari
3344 4751 3600 4806 videaris.

2040 4843 2151 4897 Etsi
2177 4843 2317 4896 enim
2343 4843 2452 4896 vita
2482 4842 2694 4897 illorum
2730 4842 2952 4911 ignaviae
2969 4842 3124 4909 plena
3143 4848 3309 4903 esset,
3343 4850 3392 4895 te
3424 4848 3601 4894 tamen

2044 4950 2147 4987 non
2174 4933 2460 5003 oportebat
2499 4933 2721 4989 virtutis
2756 4932 2991 4987 studium
3036 4932 3414 4986 intermittere.
3468 4929 3601 4984 Nam

2040 5025 2383 5080 intervallum
2413 5025 2555 5095 quod
2612 5026 2751 5078 inter
2802 5032 2851 5076 te
2909 5032 2963 5077 et
3003 5021 3122 5075 illos
3156 5022 3441 5076 intercedit
3495 5038 3600 5075 nou

2034 5118 2309 5185 exiguum,
2340 5117 2548 5171 veniam
2579 5115 2671 5169 tibi
2700 5115 2947 5182 denegat.
3002 5112 3058 5167 Si
3090 5128 3217 5168 vero
3247 5113 3319 5167 illi
3348 5113 3607 5168 clariores

368 5203 522 5257 οὐδὲν
568 5204 829 5275 βούλομαι
866 5205 1126 5277 δυσχερὲς
1163 5207 1380 5278 εἰπεῖν)
1414 5207 1508 5263 θέα
1540 5204 1595 5262 οἷ
1626 5210 1853 5280 τελευτᾷ
1880 5209 1940 5263 τὸ

2038 5206 2482 5273 probatioresque
2536 5204 2646 5258 sint
2693 5219 2758 5257 ac
2813 5206 2950 5258 duce
2995 5211 3274 5266 carentes.
3314 5214 3368 5256 tu
3418 5213 3593 5256 tamen

371 5295 560 5350 κακόν.

682 5474 845 5540 ΤῌΡ.
878 5505 947 5514 -
975 5474 1275 5546 ΕΥΤΟΝΙῼ
1305 5475 1625 5545 ΔΙΛΚΟΝῼ.

2038 5297 2185 5361 (nolo
2207 5296 2350 5351 enim
2379 5295 2505 5364 quid
2533 5296 2749 5365 gravius
2772 5293 2971 5364 dicere)
3000 5292 3283 5348 considera
3312 5308 3602 5364 quemnam

2044 5384 2204 5438 ﬁnem
2234 5383 2430 5436 malum
2476 5383 2576 5436 hoc
2612 5383 2865 5450 reperiet.

2252 5474 2567 5529 CCXCVIII.
2608 5503 2677 5512 —
2727 5470 3027 5528 EUTONIO
3076 5469 3395 5527 DlACONO.

1217 5567 1391 5623 Virtus
1424 5567 1700 5620 calumniw
1731 5567 1975 5621 obnoxia.
2013 5568 2187 5637 (Conf.
2217 5568 2367 5633 epist.
2392 5567 2497 5620 294
2527 5575 2575 5618 et
2610 5566 2759 5635 5H.)

442 5660 534 5728 Μὴ
566 5660 750 5729 νόμιζε
790 5662 865 5732 τῷ
915 5665 1104 5717 ἀσκεῖν
1132 5662 1352 5734 ἀρετὴν,
1393 5663 1491 5725 τὰς
1518 5661 1768 5726 διαϐολὰς
1801 5662 1915 5715 δια-

2094 5662 2240 5717 Cave
2276 5662 2550 5717 existimes
2569 5662 2825 5719 virtutem
2856 5658 3161 5717 exercendo
3191 5668 3242 5716 te
3272 5657 3600 5716 calumniam
