  <div class='ocr_page' id='page_1' title='image "/cluster/home/n/w/nwhite01/storage/ocr_20150623/78/mdp.39015010334699/763.png"; bbox 0 0 3974 6144; ppageno 0'>
   <div class='ocr_carea' id='block_1_1' title="bbox 472 285 3726 368">
    <p class='ocr_par' dir='ltr' id='par_1_1' title="bbox 472 285 3726 368">
     <span class='ocr_line' id='line_1_1' title="bbox 472 285 3726 368; baseline -0.001 -13"><span class='ocrx_word' id='word_1_1' title='bbox 472 300 605 368; x_wconf 81' lang='lat'><strong>1511</strong></span> <span class='ocrx_word' id='word_1_2' title='bbox 1614 291 1675 350; x_wconf 91' lang='lat' dir='ltr'><strong>S.</strong></span> <span class='ocrx_word' id='word_1_3' title='bbox 1714 290 2005 349; x_wconf 81' lang='lat' dir='ltr'><strong>ISIDORI</strong></span> <span class='ocrx_word' id='word_1_4' title='bbox 2044 288 2478 351; x_wconf 68' lang='lat' dir='ltr'><strong>PELUSIOT/E</strong></span> <span class='ocrx_word' id='word_1_5' title='bbox 3580 285 3726 351; x_wconf 58' lang='lat'><strong>1552</strong></span> 
     </span>
    </p>
   </div>
   <div class='ocr_carea' id='block_1_2' title="bbox 469 393 2226 477">
    <p class='ocr_par' dir='ltr' id='par_1_2' title="bbox 469 393 2224 477">
     <span class='ocr_line' id='line_1_2' title="bbox 469 393 2224 477; baseline -0.01 -12"><span class='ocrx_word' id='word_1_6' title='bbox 469 411 676 466; x_wconf 76' lang='lat' dir='ltr'><strong>evitare</strong></span> <span class='ocrx_word' id='word_1_7' title='bbox 710 415 887 477; x_wconf 85' lang='lat' dir='ltr'><strong>posse.</strong></span> <span class='ocrx_word' id='word_1_8' title='bbox 912 401 1145 459; x_wconf 69' lang='lat' dir='ltr'><strong>Maxime</strong></span> <span class='ocrx_word' id='word_1_9' title='bbox 1162 399 1307 455; x_wconf 90' lang='lat' dir='ltr'><strong>enim</strong></span> <span class='ocrx_word' id='word_1_10' title='bbox 1338 396 1412 451; x_wconf 83' lang='lat' dir='ltr'><strong>illi</strong></span> <span class='ocrx_word' id='word_1_11' title='bbox 1452 393 1666 450; x_wconf 83' lang='lat' dir='ltr'><strong>insidiis</strong></span> <span class='ocrx_word' id='word_1_12' title='bbox 1692 402 1750 448; x_wconf 85' lang='lat' dir='ltr'><strong>et</strong></span> <span class='ocrx_word' id='word_1_13' title='bbox 1801 394 2044 449; x_wconf 87' lang='lat' dir='ltr'><strong>dicteriis</strong></span> <span class='ocrx_word' id='word_1_14' title='bbox 2069 404 2113 458; x_wconf 79' lang='grc' dir='ltr'><strong>Α</strong></span> <span class='ocrx_word' id='word_1_15' title='bbox 2153 413 2224 465; x_wconf 86' lang='grc' dir='ltr'><strong>κρ</strong></span> 
     </span>
    </p>
   </div>
   <div class='ocr_carea' id='block_1_3' title="bbox 2152 393 3723 477">
    <p class='ocr_par' dir='ltr' id='par_1_3' title="bbox 2153 393 3723 468">
     <span class='ocr_line' id='line_1_3' title="bbox 2153 393 3723 468; baseline 0.001 -20"><span class='ocrx_word' id='word_1_16' title='bbox 2153 396 2448 465; x_wconf 86' lang='grc' dir='ltr'>κρούεσθαι</span> <span class='ocrx_word' id='word_1_17' title='bbox 2470 411 2483 426; x_wconf 93' lang='grc'><strong>·</strong></span> <span class='ocrx_word' id='word_1_18' title='bbox 2528 396 2765 467; x_wconf 85' lang='grc' dir='ltr'>μάλιστα</span> <span class='ocrx_word' id='word_1_19' title='bbox 2800 395 2908 468; x_wconf 79' lang='grc' dir='ltr'><strong>γὰρ</strong></span> <span class='ocrx_word' id='word_1_20' title='bbox 2931 396 2981 450; x_wconf 77' lang='grc' dir='ltr'>οἱ</span> <span class='ocrx_word' id='word_1_21' title='bbox 3005 395 3236 449; x_wconf 80' lang='grc' dir='ltr'>τοιοῦτοι</span> <span class='ocrx_word' id='word_1_22' title='bbox 3264 393 3723 450; x_wconf 75' lang='grc' dir='ltr'>ὲπιῦουλεόοντάι</span> 
     </span>
    </p>
   </div>
   <div class='ocr_carea' id='block_1_4' title="bbox 460 484 2226 568">
    <p class='ocr_par' dir='ltr' id='par_1_4' title="bbox 460 484 2224 568">
     <span class='ocr_line' id='line_1_4' title="bbox 460 484 2224 568; baseline -0.009 -15"><span class='ocrx_word' id='word_1_23' title='bbox 460 505 791 568; x_wconf 71' lang='lat' dir='ltr'><strong>appetuntur</strong></span> <span class='ocrx_word' id='word_1_24' title='bbox 836 509 1049 556; x_wconf 86' lang='lat' dir='ltr'><strong>eorum,</strong></span> <span class='ocrx_word' id='word_1_25' title='bbox 1100 489 1215 560; x_wconf 87' lang='lat' dir='ltr'><strong>qui,</strong></span> <span class='ocrx_word' id='word_1_26' title='bbox 1255 487 1398 557; x_wconf 87' lang='lat' dir='ltr'><strong>quod</strong></span> <span class='ocrx_word' id='word_1_27' title='bbox 1443 484 1696 539; x_wconf 87' lang='lat' dir='ltr'><strong>virtutem</strong></span> <span class='ocrx_word' id='word_1_28' title='bbox 1744 497 1852 537; x_wconf 90' lang='lat' dir='ltr'><strong>non</strong></span> <span class='ocrx_word' id='word_1_29' title='bbox 1878 497 2038 539; x_wconf 67' lang='grc' dir='ltr'>εχει-ο</span> <span class='ocrx_word' id='word_1_30' title='bbox 2149 504 2224 539; x_wconf 87' lang='grc' dir='ltr'><strong>πα</strong></span> 
     </span>
    </p>
   </div>
   <div class='ocr_carea' id='block_1_5' title="bbox 2152 484 3725 568">
    <p class='ocr_par' dir='ltr' id='par_1_5' title="bbox 2152 487 3725 559">
     <span class='ocr_line' id='line_1_5' title="bbox 2152 487 3725 559; baseline 0 -20"><span class='ocrx_word' id='word_1_31' title='bbox 2152 487 2301 557; x_wconf 85' lang='grc' dir='ltr'>παρὰ</span> <span class='ocrx_word' id='word_1_32' title='bbox 2328 488 2436 542; x_wconf 83' lang='grc' dir='ltr'><strong>τῶν</strong></span> <span class='ocrx_word' id='word_1_33' title='bbox 2463 489 2631 558; x_wconf 81' lang='grc' dir='ltr'>τιμὴν</span> <span class='ocrx_word' id='word_1_34' title='bbox 2676 489 2776 558; x_wconf 77' lang='grc' dir='ltr'>μὲν</span> <span class='ocrx_word' id='word_1_35' title='bbox 2799 490 2899 543; x_wconf 79' lang='grc' dir='ltr'><strong>οὐκ</strong></span> <span class='ocrx_word' id='word_1_36' title='bbox 2926 489 3189 559; x_wconf 74' lang='grc' dir='ltr'>ἑχόντων,</span> <span class='ocrx_word' id='word_1_37' title='bbox 3211 487 3301 541; x_wconf 80' lang='grc' dir='ltr'>διὰ</span> <span class='ocrx_word' id='word_1_38' title='bbox 3321 487 3384 540; x_wconf 75' lang='grc' dir='ltr'>τὸ</span> <span class='ocrx_word' id='word_1_39' title='bbox 3422 487 3499 557; x_wconf 67' lang='grc' dir='ltr'>μὴ</span> <span class='ocrx_word' id='word_1_40' title='bbox 3526 489 3725 541; x_wconf 73' lang='grc' dir='ltr'>ἀσκεῖν</span> 
     </span>
    </p>
   </div>
   <div class='ocr_carea' id='block_1_6' title="bbox 464 573 2226 652">
    <p class='ocr_par' dir='ltr' id='par_1_6' title="bbox 464 573 2226 652">
     <span class='ocr_line' id='line_1_6' title="bbox 464 573 2226 652; baseline -0.011 -10"><span class='ocrx_word' id='word_1_41' title='bbox 464 597 644 651; x_wconf 89' lang='lat' dir='ltr'><strong>ceant,</strong></span> <span class='ocrx_word' id='word_1_42' title='bbox 687 599 789 641; x_wconf 86' lang='lat' dir='ltr'><strong>nec</strong></span> <span class='ocrx_word' id='word_1_43' title='bbox 822 583 1117 652; x_wconf 80' lang='lat' dir='ltr'><strong>quidquam</strong></span> <span class='ocrx_word' id='word_1_44' title='bbox 1148 578 1369 633; x_wconf 80' lang='lat' dir='ltr'><strong>honoris</strong></span> <span class='ocrx_word' id='word_1_45' title='bbox 1398 575 1616 641; x_wconf 87' lang='lat' dir='ltr'><strong>habent,</strong></span> <span class='ocrx_word' id='word_1_46' title='bbox 1651 573 1756 629; x_wconf 82' lang='lat' dir='ltr'><strong>illis</strong></span> <span class='ocrx_word' id='word_1_47' title='bbox 1776 574 2034 638; x_wconf 79' lang='lat' dir='ltr'><strong>invident,</strong></span> <span class='ocrx_word' id='word_1_48' title='bbox 2147 576 2226 647; x_wconf 85' lang='grc' dir='ltr'><strong>ἀρ</strong></span> 
     </span>
    </p>
   </div>
   <div class='ocr_carea' id='block_1_7' title="bbox 2152 573 3720 652">
    <p class='ocr_par' dir='ltr' id='par_1_7' title="bbox 2152 576 3720 652">
     <span class='ocr_line' id='line_1_7' title="bbox 2152 576 3720 652; baseline 0.004 -26"><span class='ocrx_word' id='word_1_49' title='bbox 2152 576 2381 647; x_wconf 74' lang='grc' dir='ltr'>ἀρετὴν,</span> <span class='ocrx_word' id='word_1_50' title='bbox 2410 580 2525 641; x_wconf 83' lang='grc' dir='ltr'>τοίς</span> <span class='ocrx_word' id='word_1_51' title='bbox 2554 578 2613 631; x_wconf 71' lang='grc' dir='ltr'>δὲ</span> <span class='ocrx_word' id='word_1_52' title='bbox 2637 579 2735 633; x_wconf 83' lang='grc' dir='ltr'>ἀπ’</span> <span class='ocrx_word' id='word_1_53' title='bbox 2765 579 2969 652; x_wconf 76' lang='grc' dir='ltr'>ἀρετῆς</span> <span class='ocrx_word' id='word_1_54' title='bbox 2998 578 3329 649; x_wconf 76' lang='grc' dir='ltr'><strong>τιμωμένοις</strong></span> <span class='ocrx_word' id='word_1_55' title='bbox 3352 577 3720 648; x_wconf 55' lang='lat' dir='ltr'><strong>mw.</strong></span> 
     </span>
    </p>
   </div>
   <div class='ocr_carea' id='block_1_8' title="bbox 463 664 2226 747">
    <p class='ocr_par' dir='ltr' id='par_1_8' title="bbox 463 664 2226 747">
     <span class='ocr_line' id='line_1_8' title="bbox 463 664 2226 747; baseline -0.009 -15"><span class='ocrx_word' id='word_1_56' title='bbox 463 681 554 747; x_wconf 89' lang='lat' dir='ltr'><strong>qui</strong></span> <span class='ocrx_word' id='word_1_57' title='bbox 580 674 797 730; x_wconf 89' lang='lat' dir='ltr'><strong>virtutis</strong></span> <span class='ocrx_word' id='word_1_58' title='bbox 834 673 1055 727; x_wconf 83' lang='lat' dir='ltr'><strong>nomine</strong></span> <span class='ocrx_word' id='word_1_59' title='bbox 1100 671 1457 724; x_wconf 80' lang='lat' dir='ltr'><strong>honorantur.</strong></span> <span class='ocrx_word' id='word_1_60' title='bbox 1496 664 1686 721; x_wconf 81' lang='lat' dir='ltr'><strong>Melius</strong></span> <span class='ocrx_word' id='word_1_61' title='bbox 1738 665 1919 733; x_wconf 82' lang='lat' dir='ltr'><strong>itaque</strong></span> <span class='ocrx_word' id='word_1_62' title='bbox 1953 673 2038 719; x_wconf 92' lang='lat' dir='ltr'><strong>est</strong></span> <span class='ocrx_word' id='word_1_63' title='bbox 2144 667 2226 735; x_wconf 77' lang='grc' dir='ltr'>Ἀι</span> 
     </span>
    </p>
   </div>
   <div class='ocr_carea' id='block_1_9' title="bbox 2152 664 3721 747">
    <p class='ocr_par' dir='ltr' id='par_1_9' title="bbox 2152 667 3721 742">
     <span class='ocr_line' id='line_1_9' title="bbox 2152 667 3721 742; baseline 0.002 -24"><span class='ocrx_word' id='word_1_64' title='bbox 2152 667 2400 735; x_wconf 85' lang='grc' dir='ltr'>Ἀμεινον</span> <span class='ocrx_word' id='word_1_65' title='bbox 2423 670 2601 722; x_wconf 81' lang='grc' dir='ltr'>τοίνυν</span> <span class='ocrx_word' id='word_1_66' title='bbox 2624 671 2951 736; x_wconf 78' lang='grc' dir='ltr'><strong>ἀσκοῦντας,</strong></span> <span class='ocrx_word' id='word_1_67' title='bbox 2982 671 3246 740; x_wconf 82' lang='grc' dir='ltr'><strong>γενναίως</strong></span> <span class='ocrx_word' id='word_1_68' title='bbox 3272 671 3458 742; x_wconf 84' lang='grc' dir='ltr'>φέρειν</span> <span class='ocrx_word' id='word_1_69' title='bbox 3481 672 3585 733; x_wconf 82' lang='grc' dir='ltr'>τὰς</span> <span class='ocrx_word' id='word_1_70' title='bbox 3606 670 3721 722; x_wconf 81' lang='grc' dir='ltr'>τῶν</span> 
     </span>
    </p>
   </div>
   <div class='ocr_carea' id='block_1_10' title="bbox 465 753 2226 835">
    <p class='ocr_par' dir='ltr' id='par_1_10' title="bbox 465 753 2226 831">
     <span class='ocr_line' id='line_1_10' title="bbox 465 753 2226 831; baseline -0.006 -12"><span class='ocrx_word' id='word_1_71' title='bbox 465 766 646 821; x_wconf 86' lang='lat' dir='ltr'><strong>virtuti</strong></span> <span class='ocrx_word' id='word_1_72' title='bbox 668 764 877 819; x_wconf 91' lang='lat' dir='ltr'><strong>deditos</strong></span> <span class='ocrx_word' id='word_1_73' title='bbox 903 774 1164 831; x_wconf 81' lang='lat' dir='ltr'><strong>generose</strong></span> <span class='ocrx_word' id='word_1_74' title='bbox 1198 760 1340 811; x_wconf 83' lang='lat' dir='ltr'><strong>ferre</strong></span> <span class='ocrx_word' id='word_1_75' title='bbox 1373 757 1799 811; x_wconf 87' lang='lat' dir='ltr'><strong>obtrectatorum</strong></span> <span class='ocrx_word' id='word_1_76' title='bbox 1822 753 2035 808; x_wconf 84' lang='lat' dir='ltr'><strong>calum-</strong></span> <span class='ocrx_word' id='word_1_77' title='bbox 2142 756 2226 826; x_wconf 80' lang='grc' dir='ltr'><strong>βα&lt;</strong></span> 
     </span>
    </p>
   </div>
   <div class='ocr_carea' id='block_1_11' title="bbox 2152 753 3725 835">
    <p class='ocr_par' dir='ltr' id='par_1_11' title="bbox 2152 756 3725 835">
     <span class='ocr_line' id='line_1_11' title="bbox 2152 756 3725 835; baseline -0.008 -10"><span class='ocrx_word' id='word_1_78' title='bbox 2152 756 2430 825; x_wconf 59' lang='grc' dir='ltr'>βασκάνων</span> <span class='ocrx_word' id='word_1_79' title='bbox 2456 762 2809 832; x_wconf 75' lang='grc' dir='ltr'><strong>κακοηθείας,</strong></span> <span class='ocrx_word' id='word_1_80' title='bbox 2836 763 2871 835; x_wconf 79' lang='grc' dir='ltr'>ἢ</span> <span class='ocrx_word' id='word_1_81' title='bbox 2905 763 2967 818; x_wconf 84' lang='grc' dir='ltr'><strong>τὸ</strong></span> <span class='ocrx_word' id='word_1_82' title='bbox 2996 762 3312 832; x_wconf 82' lang='grc' dir='ltr'>φθονεῖσθαι</span> <span class='ocrx_word' id='word_1_83' title='bbox 3340 762 3725 835; x_wconf 78' lang='grc' dir='ltr'>παραιτουμέ-</span> 
     </span>
    </p>
   </div>
   <div class='ocr_carea' id='block_1_12' title="bbox 466 845 2226 923">
    <p class='ocr_par' dir='ltr' id='par_1_12' title="bbox 466 845 2226 922">
     <span class='ocr_line' id='line_1_12' title="bbox 466 845 2226 922; baseline -0.004 -13"><span class='ocrx_word' id='word_1_84' title='bbox 466 855 604 921; x_wconf 85' lang='lat' dir='ltr'><strong>nias,</strong></span> <span class='ocrx_word' id='word_1_85' title='bbox 632 866 790 922; x_wconf 88' lang='lat' dir='ltr'><strong>quam</strong></span> <span class='ocrx_word' id='word_1_86' title='bbox 824 860 1042 920; x_wconf 88' lang='lat' dir='ltr'><strong>propter</strong></span> <span class='ocrx_word' id='word_1_87' title='bbox 1070 850 1329 905; x_wconf 83' lang='lat' dir='ltr'><strong>invidiam</strong></span> <span class='ocrx_word' id='word_1_88' title='bbox 1358 862 1388 901; x_wconf 88' lang='lat' dir='ltr'><strong>a</strong></span> <span class='ocrx_word' id='word_1_89' title='bbox 1423 847 1626 901; x_wconf 87' lang='lat' dir='ltr'><strong>virtute</strong></span> <span class='ocrx_word' id='word_1_90' title='bbox 1656 845 1978 899; x_wconf 83' lang='lat' dir='ltr'><strong>desciscere.</strong></span> <span class='ocrx_word' id='word_1_91' title='bbox 2141 866 2226 902; x_wconf 84' lang='grc' dir='ltr'><strong>νου</strong></span> 
     </span>
    </p>
   </div>
   <div class='ocr_carea' id='block_1_13' title="bbox 2152 845 2890 923">
    <p class='ocr_par' dir='ltr' id='par_1_13' title="bbox 2152 851 2890 923">
     <span class='ocr_line' id='line_1_13' title="bbox 2152 851 2890 923; baseline 0.012 -22"><span class='ocrx_word' id='word_1_92' title='bbox 2152 866 2266 913; x_wconf 79' lang='grc' dir='ltr'>νους</span> <span class='ocrx_word' id='word_1_93' title='bbox 2301 851 2504 923; x_wconf 78' lang='grc' dir='ltr'>ἀρετῆς</span> <span class='ocrx_word' id='word_1_94' title='bbox 2538 854 2890 923; x_wconf 78' lang='grc' dir='ltr'>ἀφίστασθαι.</span> 
     </span>
    </p>
   </div>
   <div class='ocr_carea' id='block_1_14' title="bbox 746 952 2226 1039">
    <p class='ocr_par' dir='ltr' id='par_1_14' title="bbox 746 952 1755 1017">
     <span class='ocr_line' id='line_1_14' title="bbox 746 952 1755 1017; baseline -0.011 0"><span class='ocrx_word' id='word_1_95' title='bbox 746 960 1021 1017; x_wconf 76' lang='lat' dir='ltr'><strong>CCXCIX.</strong></span> <span class='ocrx_word' id='word_1_96' title='bbox 1060 988 1133 999; x_wconf 94' lang='lat'><strong>—</strong></span> <span class='ocrx_word' id='word_1_97' title='bbox 1160 955 1476 1013; x_wconf 80' lang='lat' dir='ltr'><strong>HERMINO</strong></span> <span class='ocrx_word' id='word_1_98' title='bbox 1501 952 1755 1011; x_wconf 82' lang='lat' dir='ltr'><strong>COMITI.</strong></span> 
     </span>
    </p>
   </div>
   <div class='ocr_carea' id='block_1_15' title="bbox 2152 952 3368 1039">
    <p class='ocr_par' dir='ltr' id='par_1_15' title="bbox 2496 965 3368 1039">
     <span class='ocr_line' id='line_1_15' title="bbox 2496 965 3368 1039; baseline 0.005 -23"><span class='ocrx_word' id='word_1_99' title='bbox 2496 965 2653 1031; x_wconf 61' lang='grc' dir='ltr'>Σιιθι.</span> <span class='ocrx_word' id='word_1_100' title='bbox 2683 996 2753 1005; x_wconf 91' lang='grc'><strong><em>-</em></strong></span> <span class='ocrx_word' id='word_1_101' title='bbox 2789 966 3054 1039; x_wconf 73' lang='lat' dir='ltr'><strong>EPMth}</strong></span> <span class='ocrx_word' id='word_1_102' title='bbox 3075 966 3368 1021; x_wconf 81' lang='grc' dir='ltr'><strong>ΚΟΜΗΤΙ.</strong></span> 
     </span>
    </p>
   </div>
   <div class='ocr_carea' id='block_1_16' title="bbox 1525 1046 2659 1114">
    <p class='ocr_par' dir='ltr' id='par_1_16' title="bbox 1525 1046 2659 1114">
     <span class='ocr_line' id='line_1_16' title="bbox 1525 1046 2659 1114; baseline 0.012 -14"><span class='ocrx_word' id='word_1_103' title='bbox 1525 1049 1755 1113; x_wconf 82' lang='lat' dir='ltr'><strong>Quinam</strong></span> <span class='ocrx_word' id='word_1_104' title='bbox 1784 1046 1891 1101; x_wconf 79' lang='lat' dir='ltr'><strong>veri</strong></span> <span class='ocrx_word' id='word_1_105' title='bbox 1918 1050 2280 1114; x_wconf 80' lang='lat' dir='ltr'><strong>apostolorum</strong></span> <span class='ocrx_word' id='word_1_106' title='bbox 2310 1072 2659 1113; x_wconf 72' lang='lat' dir='ltr'><strong>successores.</strong></span> 
     </span>
    </p>
   </div>
   <div class='ocr_carea' id='block_1_17' title="bbox 533 1141 2226 1226">
    <p class='ocr_par' dir='ltr' id='par_1_17' title="bbox 533 1141 2226 1219">
     <span class='ocr_line' id='line_1_17' title="bbox 533 1141 2226 1219; baseline -0.008 -12"><span class='ocrx_word' id='word_1_107' title='bbox 533 1152 703 1207; x_wconf 84' lang='lat' dir='ltr'><strong>Miror</strong></span> <span class='ocrx_word' id='word_1_108' title='bbox 749 1164 880 1205; x_wconf 86' lang='lat' dir='ltr'><strong>sane</strong></span> <span class='ocrx_word' id='word_1_109' title='bbox 932 1147 1193 1219; x_wconf 86' lang='lat' dir='ltr'><strong>quosdam</strong></span> <span class='ocrx_word' id='word_1_110' title='bbox 1239 1144 1354 1215; x_wconf 92' lang='lat' dir='ltr'><strong>qui,</strong></span> <span class='ocrx_word' id='word_1_111' title='bbox 1420 1141 1716 1211; x_wconf 87' lang='lat' dir='ltr'><strong>magistrali</strong></span> <span class='ocrx_word' id='word_1_112' title='bbox 1781 1150 2043 1209; x_wconf 85' lang='lat' dir='ltr'><strong>occupata</strong></span> <span class='ocrx_word' id='word_1_113' title='bbox 2212 1149 2226 1198; x_wconf 74' lang='grc' dir='ltr'><strong>ι</strong></span> 
     </span>
    </p>
   </div>
   <div class='ocr_carea' id='block_1_18' title="bbox 2152 1141 3728 1226">
    <p class='ocr_par' dir='ltr' id='par_1_18' title="bbox 2212 1147 3728 1226">
     <span class='ocr_line' id='line_1_18' title="bbox 2212 1147 3728 1226; baseline 0.005 -27"><span class='ocrx_word' id='word_1_114' title='bbox 2212 1147 2488 1221; x_wconf 79' lang='grc' dir='ltr'>Θαυμάζω</span> <span class='ocrx_word' id='word_1_115' title='bbox 2504 1195 2519 1221; x_wconf 88' lang='grc'>,</span> <span class='ocrx_word' id='word_1_116' title='bbox 2549 1153 2669 1217; x_wconf 86' lang='grc' dir='ltr'><strong>πῶς</strong></span> <span class='ocrx_word' id='word_1_117' title='bbox 2694 1156 2785 1207; x_wconf 69' lang='grc' dir='ltr'><strong>τὸν</strong></span> <span class='ocrx_word' id='word_1_118' title='bbox 2806 1155 3020 1209; x_wconf 82' lang='grc' dir='ltr'><strong>Παῦλον</strong></span> <span class='ocrx_word' id='word_1_119' title='bbox 3050 1155 3418 1226; x_wconf 80' lang='grc' dir='ltr'>θαυμάζοντές</span> <span class='ocrx_word' id='word_1_120' title='bbox 3444 1174 3591 1212; x_wconf 78' lang='grc' dir='ltr'>τινες</span> <span class='ocrx_word' id='word_1_121' title='bbox 3610 1157 3728 1208; x_wconf 81' lang='grc' dir='ltr'><strong>τῶν</strong></span> 
     </span>
    </p>
   </div>
   <div class='ocr_carea' id='block_1_19' title="bbox 467 1230 2226 1318">
    <p class='ocr_par' dir='ltr' id='par_1_19' title="bbox 467 1230 2226 1303">
     <span class='ocr_line' id='line_1_19' title="bbox 467 1230 2226 1303; baseline -0.005 -12"><span class='ocrx_word' id='word_1_122' title='bbox 467 1238 748 1303; x_wconf 72' lang='lat' dir='ltr'><strong>cathedra,</strong></span> <span class='ocrx_word' id='word_1_123' title='bbox 780 1237 992 1291; x_wconf 86' lang='lat' dir='ltr'><strong>beatum</strong></span> <span class='ocrx_word' id='word_1_124' title='bbox 1023 1234 1236 1303; x_wconf 85' lang='lat' dir='ltr'><strong>quidem</strong></span> <span class='ocrx_word' id='word_1_125' title='bbox 1278 1231 1500 1285; x_wconf 86' lang='lat' dir='ltr'><strong>Paulum</strong></span> <span class='ocrx_word' id='word_1_126' title='bbox 1542 1230 1877 1283; x_wconf 89' lang='lat' dir='ltr'><strong>admirantur</strong></span> <span class='ocrx_word' id='word_1_127' title='bbox 1922 1246 1936 1282; x_wconf 90' lang='lat'><strong>:</strong></span> <span class='ocrx_word' id='word_1_128' title='bbox 1977 1244 2041 1283; x_wconf 90' lang='lat' dir='ltr'><strong>ea</strong></span> <span class='ocrx_word' id='word_1_129' title='bbox 2140 1242 2226 1297; x_wconf 57' lang='lat' dir='ltr'><strong>vi),</strong></span> 
     </span>
    </p>
   </div>
   <div class='ocr_carea' id='block_1_20' title="bbox 2152 1230 3729 1318">
    <p class='ocr_par' dir='ltr' id='par_1_20' title="bbox 2152 1242 3729 1318">
     <span class='ocr_line' id='line_1_20' title="bbox 2152 1242 3729 1318; baseline 0.002 -23"><span class='ocrx_word' id='word_1_130' title='bbox 2152 1242 2235 1297; x_wconf 76' lang='grc' dir='ltr'>νῦν</span> <span class='ocrx_word' id='word_1_131' title='bbox 2274 1243 2363 1297; x_wconf 78' lang='grc' dir='ltr'><strong>τὸν</strong></span> <span class='ocrx_word' id='word_1_132' title='bbox 2409 1243 2788 1299; x_wconf 82' lang='grc' dir='ltr'>διδασκαλικὸν</span> <span class='ocrx_word' id='word_1_133' title='bbox 2832 1246 3020 1317; x_wconf 82' lang='grc' dir='ltr'>θρόνον</span> <span class='ocrx_word' id='word_1_134' title='bbox 3054 1248 3511 1318; x_wconf 82' lang='grc' dir='ltr'>ὲπανῃρημένων,</span> <span class='ocrx_word' id='word_1_135' title='bbox 3542 1248 3609 1299; x_wconf 85' lang='grc' dir='ltr'>δι’</span> <span class='ocrx_word' id='word_1_136' title='bbox 3648 1242 3729 1299; x_wconf 76' lang='grc' dir='ltr'><strong>ὧν</strong></span> 
     </span>
    </p>
   </div>
   <div class='ocr_carea' id='block_1_21' title="bbox 471 1321 2226 1407">
    <p class='ocr_par' dir='ltr' id='par_1_21' title="bbox 471 1321 2226 1397">
     <span class='ocr_line' id='line_1_21' title="bbox 471 1321 2226 1397; baseline -0.007 -17"><span class='ocrx_word' id='word_1_137' title='bbox 471 1343 645 1383; x_wconf 85' lang='lat' dir='ltr'><strong>tamen</strong></span> <span class='ocrx_word' id='word_1_138' title='bbox 671 1331 740 1383; x_wconf 89' lang='lat' dir='ltr'><strong>ob</strong></span> <span class='ocrx_word' id='word_1_139' title='bbox 775 1343 893 1397; x_wconf 73' lang='lat' dir='ltr'><strong>qua:</strong></span> <span class='ocrx_word' id='word_1_140' title='bbox 930 1327 1018 1381; x_wconf 90' lang='lat' dir='ltr'><strong>ille</strong></span> <span class='ocrx_word' id='word_1_141' title='bbox 1048 1327 1118 1380; x_wconf 88' lang='lat' dir='ltr'><strong>sit</strong></span> <span class='ocrx_word' id='word_1_142' title='bbox 1166 1321 1519 1376; x_wconf 84' lang='lat' dir='ltr'><strong>admirandus</strong></span> <span class='ocrx_word' id='word_1_143' title='bbox 1573 1335 1676 1374; x_wconf 91' lang='lat' dir='ltr'><strong>non</strong></span> <span class='ocrx_word' id='word_1_144' title='bbox 1735 1328 2031 1374; x_wconf 87' lang='lat' dir='ltr'><strong>sectantur.</strong></span> <span class='ocrx_word' id='word_1_145' title='bbox 2145 1336 2226 1388; x_wconf 60' lang='grc' dir='ltr'><strong>θαι</strong></span> 
     </span>
    </p>
   </div>
   <div class='ocr_carea' id='block_1_22' title="bbox 2152 1321 3728 1407">
    <p class='ocr_par' dir='ltr' id='par_1_22' title="bbox 2152 1336 3728 1407">
     <span class='ocr_line' id='line_1_22' title="bbox 2152 1336 3728 1407; baseline 0.002 -19"><span class='ocrx_word' id='word_1_146' title='bbox 2152 1336 2455 1407; x_wconf 77' lang='grc' dir='ltr'>θαυμαστὸς</span> <span class='ocrx_word' id='word_1_147' title='bbox 2483 1338 2698 1406; x_wconf 77' lang='grc' dir='ltr'>ἐγένετο</span> <span class='ocrx_word' id='word_1_148' title='bbox 2714 1340 2917 1400; x_wconf 79' lang='grc' dir='ltr'>ἐκεῖνος</span> <span class='ocrx_word' id='word_1_149' title='bbox 2944 1339 3044 1391; x_wconf 82' lang='grc' dir='ltr'><strong>οὐκ</strong></span> <span class='ocrx_word' id='word_1_150' title='bbox 3073 1338 3437 1405; x_wconf 76' lang='grc' dir='ltr'>ὲξετάσουσιν.</span> <span class='ocrx_word' id='word_1_151' title='bbox 3482 1340 3728 1403; x_wconf 75' lang='grc' dir='ltr'>Ἐκεῖνος</span> 
     </span>
    </p>
   </div>
   <div class='ocr_carea' id='block_1_23' title="bbox 470 1410 2226 1500">
    <p class='ocr_par' dir='ltr' id='par_1_23' title="bbox 470 1410 2226 1496">
     <span class='ocr_line' id='line_1_23' title="bbox 470 1410 2226 1496; baseline -0.009 -19"><span class='ocrx_word' id='word_1_152' title='bbox 470 1422 561 1477; x_wconf 92' lang='lat' dir='ltr'><strong>Ille</strong></span> <span class='ocrx_word' id='word_1_153' title='bbox 585 1420 808 1484; x_wconf 88' lang='lat' dir='ltr'><strong>etenim,</strong></span> <span class='ocrx_word' id='word_1_154' title='bbox 836 1429 895 1472; x_wconf 92' lang='lat' dir='ltr'><strong>ut</strong></span> <span class='ocrx_word' id='word_1_155' title='bbox 924 1418 1076 1485; x_wconf 87' lang='lat' dir='ltr'><strong>signa</strong></span> <span class='ocrx_word' id='word_1_156' title='bbox 1107 1416 1355 1470; x_wconf 86' lang='lat' dir='ltr'><strong>omittam</strong></span> <span class='ocrx_word' id='word_1_157' title='bbox 1384 1423 1439 1466; x_wconf 87' lang='lat' dir='ltr'><strong>et</strong></span> <span class='ocrx_word' id='word_1_158' title='bbox 1460 1412 1686 1483; x_wconf 74' lang='lat' dir='ltr'><strong>jejunis,</strong></span> <span class='ocrx_word' id='word_1_159' title='bbox 1730 1420 1785 1467; x_wconf 87' lang='lat' dir='ltr'><strong>et</strong></span> <span class='ocrx_word' id='word_1_160' title='bbox 1836 1410 2039 1480; x_wconf 80' lang='lat' dir='ltr'><strong>vigilias</strong></span> <span class='ocrx_word' id='word_1_161' title='bbox 2113 1412 2226 1496; x_wconf 47' lang='lat' dir='ltr'><strong>1m</strong></span> 
     </span>
    </p>
   </div>
   <div class='ocr_carea' id='block_1_24' title="bbox 2152 1410 3727 1500">
    <p class='ocr_par' dir='ltr' id='par_1_24' title="bbox 2152 1427 3727 1500">
     <span class='ocr_line' id='line_1_24' title="bbox 2152 1427 3727 1500; baseline 0.001 -22"><span class='ocrx_word' id='word_1_162' title='bbox 2152 1427 2252 1496; x_wconf 75' lang='grc' dir='ltr'><strong>γὰρ</strong></span> <span class='ocrx_word' id='word_1_163' title='bbox 2283 1427 2391 1495; x_wconf 81' lang='grc' dir='ltr'>(ἵνα</span> <span class='ocrx_word' id='word_1_164' title='bbox 2412 1427 2478 1480; x_wconf 81' lang='grc' dir='ltr'>τὰ</span> <span class='ocrx_word' id='word_1_165' title='bbox 2502 1431 2705 1498; x_wconf 88' lang='grc' dir='ltr'>σημεῖα</span> <span class='ocrx_word' id='word_1_166' title='bbox 2736 1428 2919 1500; x_wconf 82' lang='grc' dir='ltr'>παρῶ,</span> <span class='ocrx_word' id='word_1_167' title='bbox 2948 1430 3158 1492; x_wconf 76' lang='grc' dir='ltr'>καὶτὰς</span> <span class='ocrx_word' id='word_1_168' title='bbox 3190 1430 3464 1499; x_wconf 79' lang='grc' dir='ltr'><strong>νηστείας,</strong></span> <span class='ocrx_word' id='word_1_169' title='bbox 3500 1430 3595 1481; x_wconf 75' lang='grc' dir='ltr'>καὶ</span> <span class='ocrx_word' id='word_1_170' title='bbox 3621 1429 3727 1490; x_wconf 71' lang='grc' dir='ltr'><strong>τὰς</strong></span> 
     </span>
    </p>
   </div>
   <div class='ocr_carea' id='block_1_25' title="bbox 470 1501 2226 1590">
    <p class='ocr_par' dir='ltr' id='par_1_25' title="bbox 470 1501 2226 1584">
     <span class='ocr_line' id='line_1_25' title="bbox 470 1501 2226 1584; baseline -0.007 -17"><span class='ocrx_word' id='word_1_171' title='bbox 470 1529 533 1567; x_wconf 88' lang='lat' dir='ltr'><strong>ac</strong></span> <span class='ocrx_word' id='word_1_172' title='bbox 559 1510 948 1566; x_wconf 86' lang='lat' dir='ltr'><strong>sollicitudines</strong></span> <span class='ocrx_word' id='word_1_173' title='bbox 975 1509 1362 1572; x_wconf 82' lang='lat' dir='ltr'><strong>ardentemque</strong></span> <span class='ocrx_word' id='word_1_174' title='bbox 1396 1503 1611 1566; x_wconf 89' lang='lat' dir='ltr'><strong>zelum,</strong></span> <span class='ocrx_word' id='word_1_175' title='bbox 1654 1517 1774 1555; x_wconf 90' lang='lat' dir='ltr'><strong>cum</strong></span> <span class='ocrx_word' id='word_1_176' title='bbox 1814 1501 2044 1555; x_wconf 86' lang='lat' dir='ltr'><strong>inllrmis</strong></span> <span class='ocrx_word' id='word_1_177' title='bbox 2146 1520 2226 1584; x_wconf 31' lang='lat' dir='ltr'><strong>de</strong></span> 
     </span>
    </p>
   </div>
   <div class='ocr_carea' id='block_1_26' title="bbox 2152 1501 3730 1590">
    <p class='ocr_par' dir='ltr' id='par_1_26' title="bbox 2152 1519 3730 1590">
     <span class='ocr_line' id='line_1_26' title="bbox 2152 1519 3730 1590; baseline 0 -19"><span class='ocrx_word' id='word_1_178' title='bbox 2152 1519 2459 1588; x_wconf 77' lang='grc' dir='ltr'><strong>ἀγρυπνίας</strong></span> <span class='ocrx_word' id='word_1_179' title='bbox 2491 1520 2587 1573; x_wconf 77' lang='grc' dir='ltr'><strong>καὶ</strong></span> <span class='ocrx_word' id='word_1_180' title='bbox 2610 1520 2919 1590; x_wconf 78' lang='grc' dir='ltr'><strong>φροντίδας,</strong></span> <span class='ocrx_word' id='word_1_181' title='bbox 2958 1521 3052 1573; x_wconf 76' lang='grc' dir='ltr'><strong>καὶ</strong></span> <span class='ocrx_word' id='word_1_182' title='bbox 3076 1519 3168 1571; x_wconf 79' lang='grc' dir='ltr'><strong>τὸν</strong></span> <span class='ocrx_word' id='word_1_183' title='bbox 3211 1519 3610 1589; x_wconf 80' lang='grc' dir='ltr'><strong>πεπυρωμένον</strong></span> <span class='ocrx_word' id='word_1_184' title='bbox 3634 1519 3730 1587; x_wconf 76' lang='grc' dir='ltr'><strong>ζῆ·</strong></span> 
     </span>
    </p>
   </div>
   <div class='ocr_carea' id='block_1_27' title="bbox 470 1590 2226 1681">
    <p class='ocr_par' dir='ltr' id='par_1_27' title="bbox 470 1590 2226 1664">
     <span class='ocr_line' id='line_1_27' title="bbox 470 1590 2226 1664; baseline -0.007 -9"><span class='ocrx_word' id='word_1_185' title='bbox 470 1602 927 1664; x_wconf 82' lang='lat' dir='ltr'><strong>inlirmatus,cum</strong></span> <span class='ocrx_word' id='word_1_186' title='bbox 953 1594 1334 1651; x_wconf 88' lang='lat' dir='ltr'><strong>scandalizatis</strong></span> <span class='ocrx_word' id='word_1_187' title='bbox 1354 1592 1471 1646; x_wconf 87' lang='lat' dir='ltr'><strong>aliis</strong></span> <span class='ocrx_word' id='word_1_188' title='bbox 1484 1603 1634 1645; x_wconf 90' lang='lat' dir='ltr'><strong>ustus</strong></span> <span class='ocrx_word' id='word_1_189' title='bbox 1658 1600 1746 1645; x_wconf 92' lang='lat' dir='ltr'><strong>est</strong></span> <span class='ocrx_word' id='word_1_190' title='bbox 1767 1590 1837 1642; x_wconf 81' lang='lat'><strong>&quot;.</strong></span> <span class='ocrx_word' id='word_1_191' title='bbox 1863 1590 2041 1655; x_wconf 83' lang='lat' dir='ltr'><strong>Quare</strong></span> <span class='ocrx_word' id='word_1_192' title='bbox 2146 1610 2226 1661; x_wconf 35' lang='grc' dir='ltr'>λοι</span> 
     </span>
    </p>
   </div>
   <div class='ocr_carea' id='block_1_28' title="bbox 2152 1590 3727 1681">
    <p class='ocr_par' dir='ltr' id='par_1_28' title="bbox 2152 1610 3727 1681">
     <span class='ocr_line' id='line_1_28' title="bbox 2152 1610 3727 1681; baseline 0 -20"><span class='ocrx_word' id='word_1_193' title='bbox 2152 1610 2271 1661; x_wconf 85' lang='grc' dir='ltr'>λον·</span> <span class='ocrx_word' id='word_1_194' title='bbox 2312 1610 2393 1663; x_wconf 81' lang='grc' dir='ltr'>ὅτι</span> <span class='ocrx_word' id='word_1_195' title='bbox 2441 1627 2500 1662; x_wconf 88' lang='grc' dir='ltr'><strong>τε</strong></span> <span class='ocrx_word' id='word_1_196' title='bbox 2544 1612 2656 1673; x_wconf 83' lang='grc' dir='ltr'>τοῖς</span> <span class='ocrx_word' id='word_1_197' title='bbox 2704 1611 2960 1663; x_wconf 83' lang='grc' dir='ltr'><strong>ἀσθενέσι</strong></span> <span class='ocrx_word' id='word_1_198' title='bbox 3010 1610 3362 1681; x_wconf 86' lang='grc' dir='ltr'>συνησθένει,</span> <span class='ocrx_word' id='word_1_199' title='bbox 3406 1610 3501 1663; x_wconf 79' lang='grc' dir='ltr'><strong>καὶ</strong></span> <span class='ocrx_word' id='word_1_200' title='bbox 3546 1610 3727 1664; x_wconf 74' lang='grc' dir='ltr'>ἄλλων</span> 
     </span>
    </p>
   </div>
   <div class='ocr_carea' id='block_1_29' title="bbox 470 1680 2226 1781">
    <p class='ocr_par' dir='ltr' id='par_1_29' title="bbox 470 1680 2226 1781">
     <span class='ocr_line' id='line_1_29' title="bbox 470 1680 2226 1781; baseline -0.006 -36"><span class='ocrx_word' id='word_1_201' title='bbox 470 1708 538 1745; x_wconf 79' lang='lat' dir='ltr'><strong>cx</strong></span> <span class='ocrx_word' id='word_1_202' title='bbox 559 1706 623 1745; x_wconf 90' lang='lat' dir='ltr'><strong>ca</strong></span> <span class='ocrx_word' id='word_1_203' title='bbox 656 1704 815 1758; x_wconf 85' lang='lat' dir='ltr'><strong>quam</strong></span> <span class='ocrx_word' id='word_1_204' title='bbox 858 1688 921 1740; x_wconf 90' lang='lat' dir='ltr'><strong>ad</strong></span> <span class='ocrx_word' id='word_1_205' title='bbox 954 1684 1244 1753; x_wconf 88' lang='lat' dir='ltr'><strong>discipulos</strong></span> <span class='ocrx_word' id='word_1_206' title='bbox 1282 1683 1596 1736; x_wconf 89' lang='lat' dir='ltr'><strong>concionem</strong></span> <span class='ocrx_word' id='word_1_207' title='bbox 1644 1681 1831 1735; x_wconf 87' lang='lat' dir='ltr'><strong>habuit</strong></span> <span class='ocrx_word' id='word_1_208' title='bbox 1864 1680 2044 1736; x_wconf 85' lang='lat' dir='ltr'><strong>clarus</strong></span> <span class='ocrx_word' id='word_1_209' title='bbox 2078 1728 2117 1781; x_wconf 73' lang='grc' dir='ltr'><strong><em>Β</em></strong></span> <span class='ocrx_word' id='word_1_210' title='bbox 2151 1718 2226 1753; x_wconf 59' lang='lat' dir='ltr'><strong>cm</strong></span> 
     </span>
    </p>
   </div>
   <div class='ocr_carea' id='block_1_30' title="bbox 2152 1680 3732 1781">
    <p class='ocr_par' dir='ltr' id='par_1_30' title="bbox 2152 1699 3732 1773">
     <span class='ocr_line' id='line_1_30' title="bbox 2152 1699 3732 1773; baseline 0.002 -21"><span class='ocrx_word' id='word_1_211' title='bbox 2152 1700 2655 1772; x_wconf 79' lang='grc' dir='ltr'>σκανδαλιζομένων</span> <span class='ocrx_word' id='word_1_212' title='bbox 2677 1701 2839 1766; x_wconf 83' lang='grc' dir='ltr'>αὐτὸς</span> <span class='ocrx_word' id='word_1_213' title='bbox 2871 1702 3190 1771; x_wconf 77' lang='grc' dir='ltr'>ἐπυροῦτο),</span> <span class='ocrx_word' id='word_1_214' title='bbox 3216 1703 3309 1770; x_wconf 83' lang='grc' dir='ltr'><strong>ἀφ’</strong></span> <span class='ocrx_word' id='word_1_215' title='bbox 3330 1699 3395 1773; x_wconf 80' lang='grc' dir='ltr'>ἧς</span> <span class='ocrx_word' id='word_1_216' title='bbox 3430 1701 3732 1772; x_wconf 74' lang='grc' dir='ltr'>πεποίηται</span> 
     </span>
    </p>
   </div>
   <div class='ocr_carea' id='block_1_31' title="bbox 484 1770 2226 1865">
    <p class='ocr_par' dir='ltr' id='par_1_31' title="bbox 484 1770 2226 1865">
     <span class='ocr_line' id='line_1_31' title="bbox 484 1770 2226 1865; baseline -0.006 -32"><span class='ocrx_word' id='word_1_217' title='bbox 484 1781 679 1834; x_wconf 90' lang='lat' dir='ltr'><strong>merito</strong></span> <span class='ocrx_word' id='word_1_218' title='bbox 724 1777 1060 1843; x_wconf 79' lang='lat' dir='ltr'><strong>eximiusque</strong></span> <span class='ocrx_word' id='word_1_219' title='bbox 1091 1788 1212 1828; x_wconf 88' lang='lat' dir='ltr'><strong>esse</strong></span> <span class='ocrx_word' id='word_1_220' title='bbox 1251 1770 1796 1865; x_wconf 26' lang='lat' dir='ltr'><strong>apparuit.‘nitenim</strong></span> <span class='ocrx_word' id='word_1_221' title='bbox 1841 1788 1854 1825; x_wconf 88' lang='lat'><strong>:</strong></span> <span class='ocrx_word' id='word_1_222' title='bbox 1896 1770 2043 1865; x_wconf 51' lang='lat' dir='ltr'><strong>rnr-</strong></span> <span class='ocrx_word' id='word_1_223' title='bbox 2078 1770 2116 1781; x_wconf 83' lang='lat'><strong>&quot;</strong></span> <span class='ocrx_word' id='word_1_224' title='bbox 2143 1793 2226 1864; x_wconf 71' lang='grc' dir='ltr'><strong>δηι</strong></span> 
     </span>
    </p>
   </div>
   <div class='ocr_carea' id='block_1_32' title="bbox 2152 1770 3733 1865">
    <p class='ocr_par' dir='ltr' id='par_1_32' title="bbox 2152 1770 3733 1865">
     <span class='ocr_line' id='line_1_32' title="bbox 2152 1770 3733 1865; baseline 0 -19"><span class='ocrx_word' id='word_1_225' title='bbox 2152 1770 2490 1865; x_wconf 76' lang='grc' dir='ltr'>δημηγορίας</span> <span class='ocrx_word' id='word_1_226' title='bbox 2520 1794 2655 1863; x_wconf 84' lang='grc' dir='ltr'>πρὸς</span> <span class='ocrx_word' id='word_1_227' title='bbox 2692 1795 2818 1857; x_wconf 83' lang='grc' dir='ltr'>τοὺς</span> <span class='ocrx_word' id='word_1_228' title='bbox 2860 1770 3158 1863; x_wconf 77' lang='grc' dir='ltr'>φοιτητὰς,</span> <span class='ocrx_word' id='word_1_229' title='bbox 3206 1770 3457 1865; x_wconf 77' lang='grc' dir='ltr'>λαμπρὸς</span> <span class='ocrx_word' id='word_1_230' title='bbox 3496 1770 3733 1857; x_wconf 72' lang='grc' dir='ltr'>εἰκότως</span> 
     </span>
    </p>
   </div>
   <div class='ocr_carea' id='block_1_33' title="bbox 474 1861 2226 1957">
    <p class='ocr_par' dir='ltr' id='par_1_33' title="bbox 474 1861 2226 1943">
     <span class='ocr_line' id='line_1_33' title="bbox 474 1861 2226 1943; baseline -0.013 -14"><span class='ocrx_word' id='word_1_231' title='bbox 474 1882 692 1943; x_wconf 84' lang='lat' dir='ltr'><strong>gentmn</strong></span> <span class='ocrx_word' id='word_1_232' title='bbox 744 1877 799 1923; x_wconf 90' lang='lat' dir='ltr'><strong>et</strong></span> <span class='ocrx_word' id='word_1_233' title='bbox 834 1884 1023 1922; x_wconf 86' lang='lat' dir='ltr'><strong>nurum</strong></span> <span class='ocrx_word' id='word_1_234' title='bbox 1064 1874 1156 1921; x_wconf 90' lang='lat' dir='ltr'><strong>aut</strong></span> <span class='ocrx_word' id='word_1_235' title='bbox 1201 1874 1403 1918; x_wconf 85' lang='lat' dir='ltr'><strong>vestem</strong></span> <span class='ocrx_word' id='word_1_236' title='bbox 1445 1861 1641 1917; x_wconf 88' lang='lat' dir='ltr'><strong>nullius</strong></span> <span class='ocrx_word' id='word_1_237' title='bbox 1697 1861 1981 1930; x_wconf 89' lang='lat' dir='ltr'><strong>concupivi</strong></span> <span class='ocrx_word' id='word_1_238' title='bbox 2027 1877 2041 1914; x_wconf 93' lang='lat'>:</span> <span class='ocrx_word' id='word_1_239' title='bbox 2146 1861 2226 1938; x_wconf 54' lang='lat' dir='ltr'><strong>xc&quot;;</strong></span> 
     </span>
    </p>
   </div>
   <div class='ocr_carea' id='block_1_34' title="bbox 2152 1861 3731 1957">
    <p class='ocr_par' dir='ltr' id='par_1_34' title="bbox 2152 1861 3731 1957">
     <span class='ocr_line' id='line_1_34' title="bbox 2152 1861 3731 1957; baseline -0.002 -20"><span class='ocrx_word' id='word_1_240' title='bbox 2152 1861 2241 1939; x_wconf 68' lang='grc' dir='ltr'><strong>καλ</strong></span> <span class='ocrx_word' id='word_1_241' title='bbox 2272 1861 2633 1955; x_wconf 74' lang='grc' dir='ltr'>περίϐλεπτος</span> <span class='ocrx_word' id='word_1_242' title='bbox 2659 1884 2971 1954; x_wconf 75' lang='grc' dir='ltr'><strong>ἀπεφάνθη.</strong></span> <span class='ocrx_word' id='word_1_243' title='bbox 2994 1861 3142 1954; x_wconf 67' lang='grc' dir='ltr'><strong>Ἔφη</strong></span> <span class='ocrx_word' id='word_1_244' title='bbox 3171 1861 3303 1957; x_wconf 70' lang='grc' dir='ltr'>γὰρ,</span> <span class='ocrx_word' id='word_1_245' title='bbox 3336 1861 3378 1935; x_wconf 21' lang='lat' dir='ltr'><strong>ri</strong></span> <span class='ocrx_word' id='word_1_246' title='bbox 3404 1885 3731 1955; x_wconf 73' lang='grc' dir='ltr'><strong>Ἀργυρίου,</strong></span> 
     </span>
    </p>
   </div>
   <div class='ocr_carea' id='block_1_35' title="bbox 475 1951 2226 2047">
    <p class='ocr_par' dir='ltr' id='par_1_35' title="bbox 475 1951 2226 2047">
     <span class='ocr_line' id='line_1_35' title="bbox 475 1951 2226 2047; baseline -0.006 -32"><span class='ocrx_word' id='word_1_247' title='bbox 475 1979 569 2016; x_wconf 92' lang='lat' dir='ltr'><strong>vos</strong></span> <span class='ocrx_word' id='word_1_248' title='bbox 589 1960 741 2015; x_wconf 87' lang='lat' dir='ltr'><strong>scitis</strong></span> <span class='ocrx_word' id='word_1_249' title='bbox 778 1956 1036 2028; x_wconf 88' lang='lat' dir='ltr'><strong>quoniam</strong></span> <span class='ocrx_word' id='word_1_250' title='bbox 1077 1956 1141 2008; x_wconf 92' lang='lat' dir='ltr'><strong>ad</strong></span> <span class='ocrx_word' id='word_1_251' title='bbox 1190 1969 1254 2006; x_wconf 88' lang='lat' dir='ltr'><strong>ea</strong></span> <span class='ocrx_word' id='word_1_252' title='bbox 1290 1967 1409 2021; x_wconf 68' lang='lat' dir='ltr'><strong>qua:</strong></span> <span class='ocrx_word' id='word_1_253' title='bbox 1449 1951 1579 2005; x_wconf 89' lang='lat' dir='ltr'><strong>mihi</strong></span> <span class='ocrx_word' id='word_1_254' title='bbox 1614 1964 1750 2018; x_wconf 89' lang='lat' dir='ltr'><strong>opus</strong></span> <span class='ocrx_word' id='word_1_255' title='bbox 1795 1957 1952 2003; x_wconf 89' lang='lat' dir='ltr'><strong>erant</strong></span> <span class='ocrx_word' id='word_1_256' title='bbox 1994 1957 2048 2002; x_wconf 87' lang='lat' dir='ltr'><strong>et</strong></span> <span class='ocrx_word' id='word_1_257' title='bbox 2150 1977 2183 2047; x_wconf 65' lang='grc' dir='ltr'>ἢ</span> <span class='ocrx_word' id='word_1_258' title='bbox 2222 1996 2226 2004; x_wconf 90' lang='grc'>.</span> 
     </span>
    </p>
   </div>
   <div class='ocr_carea' id='block_1_36' title="bbox 2152 1951 3730 2047">
    <p class='ocr_par' dir='ltr' id='par_1_36' title="bbox 2152 1951 3730 2047">
     <span class='ocr_line' id='line_1_36' title="bbox 2152 1951 3730 2047; baseline 0 -19"><span class='ocrx_word' id='word_1_259' title='bbox 2152 1977 2183 2047; x_wconf 77' lang='grc' dir='ltr'>ἢ</span> <span class='ocrx_word' id='word_1_260' title='bbox 2222 1951 2468 2047; x_wconf 77' lang='grc' dir='ltr'>χρυσίου,</span> <span class='ocrx_word' id='word_1_261' title='bbox 2495 1976 2527 2045; x_wconf 82' lang='grc' dir='ltr'>ἢ</span> <span class='ocrx_word' id='word_1_262' title='bbox 2560 1951 2882 2047; x_wconf 78' lang='grc' dir='ltr'>ἱματισμοῦ,</span> <span class='ocrx_word' id='word_1_263' title='bbox 2925 1951 3143 2040; x_wconf 58' lang='grc' dir='ltr'>οὐδενός</span> <span class='ocrx_word' id='word_1_264' title='bbox 3174 1951 3331 2047; x_wconf 48' lang='lat' dir='ltr'><strong>suav</strong></span> <span class='ocrx_word' id='word_1_265' title='bbox 3361 1951 3692 2045; x_wconf 65' lang='grc' dir='ltr'>ἐπεθύμησα</span> <span class='ocrx_word' id='word_1_266' title='bbox 3714 1992 3730 2005; x_wconf 73' lang='grc'><strong><em>⁸</em></strong></span> 
     </span>
    </p>
   </div>
   <div class='ocr_carea' id='block_1_37' title="bbox 476 2038 2226 2138">
    <p class='ocr_par' dir='ltr' id='par_1_37' title="bbox 476 2038 2226 2121">
     <span class='ocr_line' id='line_1_37' title="bbox 476 2038 2226 2121; baseline -0.004 -17"><span class='ocrx_word' id='word_1_267' title='bbox 476 2052 558 2104; x_wconf 90' lang='lat' dir='ltr'><strong>his</strong></span> <span class='ocrx_word' id='word_1_268' title='bbox 589 2048 679 2117; x_wconf 87' lang='lat' dir='ltr'><strong>qui</strong></span> <span class='ocrx_word' id='word_1_269' title='bbox 705 2062 913 2101; x_wconf 88' lang='lat' dir='ltr'><strong>mecum</strong></span> <span class='ocrx_word' id='word_1_270' title='bbox 941 2053 1090 2108; x_wconf 87' lang='lat' dir='ltr'><strong>sunt,</strong></span> <span class='ocrx_word' id='word_1_271' title='bbox 1115 2042 1560 2096; x_wconf 86' lang='lat' dir='ltr'><strong>ministraverunt</strong></span> <span class='ocrx_word' id='word_1_272' title='bbox 1583 2053 1776 2093; x_wconf 88' lang='lat' dir='ltr'><strong>manus</strong></span> <span class='ocrx_word' id='word_1_273' title='bbox 1796 2038 1993 2092; x_wconf 62' lang='lat' dir='ltr'><strong>istas&quot;.</strong></span> <span class='ocrx_word' id='word_1_274' title='bbox 2023 2055 2040 2087; x_wconf 72' lang='grc' dir='ltr'><strong>ι</strong></span> <span class='ocrx_word' id='word_1_275' title='bbox 2150 2038 2226 2121; x_wconf 40' lang='lat' dir='ltr'><strong>ab:</strong></span> 
     </span>
    </p>
   </div>
   <div class='ocr_carea' id='block_1_38' title="bbox 2152 2038 3731 2138">
    <p class='ocr_par' dir='ltr' id='par_1_38' title="bbox 2152 2061 3731 2138">
     <span class='ocr_line' id='line_1_38' title="bbox 2152 2061 3731 2138; baseline -0.002 -17"><span class='ocrx_word' id='word_1_276' title='bbox 2152 2068 2302 2121; x_wconf 79' lang='grc' dir='ltr'>αὐτοὶ</span> <span class='ocrx_word' id='word_1_277' title='bbox 2327 2067 2645 2135; x_wconf 49' lang='grc' dir='ltr'>χινὼσκετε,</span> <span class='ocrx_word' id='word_1_278' title='bbox 2677 2068 2758 2120; x_wconf 87' lang='grc' dir='ltr'>ὅτι</span> <span class='ocrx_word' id='word_1_279' title='bbox 2788 2071 2909 2131; x_wconf 86' lang='grc' dir='ltr'>ταῖς</span> <span class='ocrx_word' id='word_1_280' title='bbox 2946 2070 3160 2138; x_wconf 80' lang='grc' dir='ltr'><strong>χρείαις</strong></span> <span class='ocrx_word' id='word_1_281' title='bbox 3192 2085 3315 2137; x_wconf 81' lang='grc' dir='ltr'>μου,</span> <span class='ocrx_word' id='word_1_282' title='bbox 3342 2068 3437 2120; x_wconf 72' lang='grc' dir='ltr'>καὶ</span> <span class='ocrx_word' id='word_1_283' title='bbox 3464 2070 3580 2129; x_wconf 84' lang='grc' dir='ltr'>τοῖς</span> <span class='ocrx_word' id='word_1_284' title='bbox 3601 2061 3731 2120; x_wconf 76' lang='grc' dir='ltr'>οὖσι</span> 
     </span>
    </p>
   </div>
   <div class='ocr_carea' id='block_1_39' title="bbox 478 2126 2226 2229">
    <p class='ocr_par' dir='ltr' id='par_1_39' title="bbox 478 2126 2220 2228">
     <span class='ocr_line' id='line_1_39' title="bbox 478 2126 2220 2228; baseline -0.008 -36"><span class='ocrx_word' id='word_1_285' title='bbox 478 2139 539 2192; x_wconf 90' lang='lat' dir='ltr'><strong>lli</strong></span> <span class='ocrx_word' id='word_1_286' title='bbox 577 2153 703 2192; x_wconf 91' lang='lat' dir='ltr'><strong>vero</strong></span> <span class='ocrx_word' id='word_1_287' title='bbox 766 2133 929 2206; x_wconf 86' lang='lat' dir='ltr'><strong>(ahsit</strong></span> <span class='ocrx_word' id='word_1_288' title='bbox 969 2142 1025 2187; x_wconf 91' lang='lat' dir='ltr'><strong>ut</strong></span> <span class='ocrx_word' id='word_1_289' title='bbox 1072 2132 1200 2201; x_wconf 92' lang='lat' dir='ltr'><strong>quid</strong></span> <span class='ocrx_word' id='word_1_290' title='bbox 1255 2130 1471 2199; x_wconf 82' lang='lat' dir='ltr'><strong>gravius</strong></span> <span class='ocrx_word' id='word_1_291' title='bbox 1515 2126 2050 2227; x_wconf 42' lang='lat' dir='ltr'><strong>proferam).scipsos</strong></span> <span class='ocrx_word' id='word_1_292' title='bbox 2155 2174 2220 2228; x_wconf 68' lang='grc' dir='ltr'><strong>με</strong></span> 
     </span>
    </p>
   </div>
   <div class='ocr_carea' id='block_1_40' title="bbox 2152 2126 3737 2229">
    <p class='ocr_par' dir='ltr' id='par_1_40' title="bbox 2155 2126 3737 2229">
     <span class='ocr_line' id='line_1_40' title="bbox 2155 2126 3737 2229; baseline -0.001 -20"><span class='ocrx_word' id='word_1_293' title='bbox 2155 2156 2272 2228; x_wconf 85' lang='grc' dir='ltr'>μετ’</span> <span class='ocrx_word' id='word_1_294' title='bbox 2310 2126 2444 2227; x_wconf 74' lang='grc' dir='ltr'>ἐμοῦ</span> <span class='ocrx_word' id='word_1_295' title='bbox 2479 2126 2830 2229; x_wconf 75' lang='grc' dir='ltr'>ὑπηρέτησαν</span> <span class='ocrx_word' id='word_1_296' title='bbox 2870 2126 3154 2228; x_wconf 33' lang='grc' dir='ltr'>αἱςξείρεςν</span> <span class='ocrx_word' id='word_1_297' title='bbox 3192 2126 3373 2210; x_wconf 72' lang='grc' dir='ltr'>αὗται.</span> <span class='ocrx_word' id='word_1_298' title='bbox 3418 2176 3437 2208; x_wconf 86' lang='grc'><strong>›</strong></span> <span class='ocrx_word' id='word_1_299' title='bbox 3472 2126 3635 2210; x_wconf 75' lang='grc' dir='ltr'>Οὗτοι</span> <span class='ocrx_word' id='word_1_300' title='bbox 3676 2157 3737 2208; x_wconf 75' lang='grc' dir='ltr'>δὲ</span> 
     </span>
    </p>
   </div>
   <div class='ocr_carea' id='block_1_41' title="bbox 2153 2247 3736 2319">
    <p class='ocr_par' dir='ltr' id='par_1_41' title="bbox 2153 2247 3736 2319">
     <span class='ocr_line' id='line_1_41' title="bbox 2153 2247 3736 2319; baseline -0.001 -18"><span class='ocrx_word' id='word_1_301' title='bbox 2153 2251 2171 2319; x_wconf 95' lang='grc'>(</span> <span class='ocrx_word' id='word_1_302' title='bbox 2199 2249 2315 2301; x_wconf 84' lang='grc' dir='ltr'>ἀλλ’</span> <span class='ocrx_word' id='word_1_303' title='bbox 2350 2249 2503 2301; x_wconf 79' lang='grc' dir='ltr'>οὐδὲν</span> <span class='ocrx_word' id='word_1_304' title='bbox 2534 2248 2797 2318; x_wconf 84' lang='grc' dir='ltr'>βούλομαι</span> <span class='ocrx_word' id='word_1_305' title='bbox 2820 2248 3080 2318; x_wconf 83' lang='grc' dir='ltr'>δυσχερὲς</span> <span class='ocrx_word' id='word_1_306' title='bbox 3104 2249 3310 2319; x_wconf 86' lang='grc' dir='ltr'>εἰπεῖν)</span> <span class='ocrx_word' id='word_1_307' title='bbox 3339 2249 3437 2300; x_wconf 76' lang='grc' dir='ltr'><strong>οὐκ</strong></span> <span class='ocrx_word' id='word_1_308' title='bbox 3457 2247 3736 2318; x_wconf 68' lang='grc' dir='ltr'>ἐρυθριῶ-</span> 
     </span>
    </p>
   </div>
   <div class='ocr_carea' id='block_1_42' title="bbox 2156 2337 3737 2410">
    <p class='ocr_par' dir='ltr' id='par_1_42' title="bbox 2156 2337 3737 2410">
     <span class='ocr_line' id='line_1_42' title="bbox 2156 2337 3737 2410; baseline 0 -19"><span class='ocrx_word' id='word_1_309' title='bbox 2156 2356 2241 2391; x_wconf 90' lang='grc' dir='ltr'><strong>σιν</strong></span> <span class='ocrx_word' id='word_1_310' title='bbox 2271 2340 2497 2403; x_wconf 77' lang='grc' dir='ltr'>ἑαυτοὺς</span> <span class='ocrx_word' id='word_1_311' title='bbox 2533 2339 2761 2410; x_wconf 80' lang='grc' dir='ltr'>τοιούτῳ</span> <span class='ocrx_word' id='word_1_312' title='bbox 2790 2337 3234 2410; x_wconf 80' lang='grc' dir='ltr'>παραϐάλλοντες</span> <span class='ocrx_word' id='word_1_313' title='bbox 3300 2339 3473 2409; x_wconf 70' lang='grc' dir='ltr'>ἀνδρὶ,</span> <span class='ocrx_word' id='word_1_314' title='bbox 3508 2340 3606 2391; x_wconf 77' lang='grc' dir='ltr'><strong>καὶ</strong></span> <span class='ocrx_word' id='word_1_315' title='bbox 3637 2338 3737 2407; x_wconf 63' lang='grc' dir='ltr'>φά-</span> 
     </span>
    </p>
   </div>
   <div class='ocr_carea' id='block_1_43' title="bbox 480 2217 2053 2288">
    <p class='ocr_par' dir='ltr' id='par_1_43' title="bbox 480 2217 2053 2288">
     <span class='ocr_line' id='line_1_43' title="bbox 480 2217 2053 2288; baseline -0.009 -4"><span class='ocrx_word' id='word_1_316' title='bbox 480 2240 626 2284; x_wconf 89' lang='lat' dir='ltr'><strong>tanto</strong></span> <span class='ocrx_word' id='word_1_317' title='bbox 651 2227 901 2282; x_wconf 77' lang='lat' dir='ltr'><strong>conferre</strong></span> <span class='ocrx_word' id='word_1_318' title='bbox 929 2224 1045 2279; x_wconf 87' lang='lat' dir='ltr'><strong>viro</strong></span> <span class='ocrx_word' id='word_1_319' title='bbox 1083 2238 1189 2277; x_wconf 92' lang='lat' dir='ltr'><strong>non</strong></span> <span class='ocrx_word' id='word_1_320' title='bbox 1212 2222 1559 2287; x_wconf 91' lang='lat' dir='ltr'><strong>erubescunt,</strong></span> <span class='ocrx_word' id='word_1_321' title='bbox 1586 2233 1751 2288; x_wconf 90' lang='lat' dir='ltr'><strong>seque</strong></span> <span class='ocrx_word' id='word_1_322' title='bbox 1790 2217 1906 2285; x_wconf 82' lang='lat' dir='ltr'><strong>ejus</strong></span> <span class='ocrx_word' id='word_1_323' title='bbox 1933 2230 2053 2271; x_wconf 91' lang='lat' dir='ltr'><strong>esse</strong></span> 
     </span>
    </p>
   </div>
   <div class='ocr_carea' id='block_1_44' title="bbox 478 2310 2045 2389">
    <p class='ocr_par' dir='ltr' id='par_1_44' title="bbox 478 2310 2045 2389">
     <span class='ocr_line' id='line_1_44' title="bbox 478 2310 2045 2389; baseline -0.008 -15"><span class='ocrx_word' id='word_1_324' title='bbox 478 2321 713 2378; x_wconf 89' lang='lat' dir='ltr'><strong>asseclas</strong></span> <span class='ocrx_word' id='word_1_325' title='bbox 744 2319 986 2389; x_wconf 77' lang='lat' dir='ltr'><strong>iactant;</strong></span> <span class='ocrx_word' id='word_1_326' title='bbox 1039 2329 1142 2369; x_wconf 94' lang='lat' dir='ltr'><strong>non</strong></span> <span class='ocrx_word' id='word_1_327' title='bbox 1177 2315 1425 2383; x_wconf 82' lang='lat' dir='ltr'><strong>ignorant</strong></span> <span class='ocrx_word' id='word_1_328' title='bbox 1466 2321 1642 2365; x_wconf 91' lang='lat' dir='ltr'><strong>tamen</strong></span> <span class='ocrx_word' id='word_1_329' title='bbox 1677 2310 1820 2379; x_wconf 91' lang='lat' dir='ltr'><strong>quod</strong></span> <span class='ocrx_word' id='word_1_330' title='bbox 1870 2311 2045 2373; x_wconf 89' lang='lat' dir='ltr'><strong>ipsum</strong></span> 
     </span>
    </p>
   </div>
   <div class='ocr_carea' id='block_1_45' title="bbox 406 2400 2049 2469">
    <p class='ocr_par' dir='ltr' id='par_1_45' title="bbox 406 2400 2049 2469">
     <span class='ocr_line' id='line_1_45' title="bbox 406 2400 2049 2469; baseline -0.009 -1"><span class='ocrx_word' id='word_1_331' title='bbox 406 2449 413 2455; x_wconf 92' lang='lat'><strong><em>-</em></strong></span> <span class='ocrx_word' id='word_1_332' title='bbox 480 2413 811 2467; x_wconf 83' lang='lat' dir='ltr'><strong>admirentur</strong></span> <span class='ocrx_word' id='word_1_333' title='bbox 828 2425 932 2463; x_wconf 91' lang='lat' dir='ltr'><strong>non</strong></span> <span class='ocrx_word' id='word_1_334' title='bbox 961 2406 1206 2461; x_wconf 82' lang='lat' dir='ltr'><strong>imitandi</strong></span> <span class='ocrx_word' id='word_1_335' title='bbox 1239 2404 1365 2469; x_wconf 83' lang='lat' dir='ltr'><strong>line,</strong></span> <span class='ocrx_word' id='word_1_336' title='bbox 1388 2403 1483 2459; x_wconf 90' lang='lat' dir='ltr'><strong>sed</strong></span> <span class='ocrx_word' id='word_1_337' title='bbox 1521 2412 1579 2456; x_wconf 92' lang='lat' dir='ltr'><strong>ut</strong></span> <span class='ocrx_word' id='word_1_338' title='bbox 1609 2402 1776 2456; x_wconf 86' lang='lat' dir='ltr'><strong>divini</strong></span> <span class='ocrx_word' id='word_1_339' title='bbox 1814 2400 2049 2455; x_wconf 88' lang='lat' dir='ltr'><strong>hominis</strong></span> 
     </span>
    </p>
   </div>
   <div class='ocr_carea' id='block_1_46' title="bbox 484 2492 1833 2568">
    <p class='ocr_par' dir='ltr' id='par_1_46' title="bbox 484 2492 1833 2568">
     <span class='ocr_line' id='line_1_46' title="bbox 484 2492 1833 2568; baseline -0.009 -11"><span class='ocrx_word' id='word_1_340' title='bbox 484 2511 783 2557; x_wconf 87' lang='lat' dir='ltr'><strong>sectatores</strong></span> <span class='ocrx_word' id='word_1_341' title='bbox 821 2505 1137 2568; x_wconf 84' lang='lat' dir='ltr'><strong>appareant,</strong></span> <span class='ocrx_word' id='word_1_342' title='bbox 1174 2509 1280 2548; x_wconf 92' lang='lat' dir='ltr'><strong>non</strong></span> <span class='ocrx_word' id='word_1_343' title='bbox 1312 2509 1379 2547; x_wconf 79' lang='lat' dir='ltr'><strong>ex</strong></span> <span class='ocrx_word' id='word_1_344' title='bbox 1410 2494 1524 2549; x_wconf 89' lang='lat' dir='ltr'><strong>suis</strong></span> <span class='ocrx_word' id='word_1_345' title='bbox 1556 2492 1833 2564; x_wconf 89' lang='lat' dir='ltr'><strong>operibus,</strong></span> 
     </span>
    </p>
   </div>
   <div class='ocr_carea' id='block_1_47' title="bbox 477 2585 1434 2664">
    <p class='ocr_par' dir='ltr' id='par_1_47' title="bbox 477 2585 1434 2664">
     <span class='ocr_line' id='line_1_47' title="bbox 477 2585 1434 2664; baseline -0.015 -13"><span class='ocrx_word' id='word_1_346' title='bbox 477 2610 540 2651; x_wconf 91' lang='lat' dir='ltr'><strong>ca</strong></span> <span class='ocrx_word' id='word_1_347' title='bbox 571 2606 737 2664; x_wconf 91' lang='lat' dir='ltr'><strong>opera</strong></span> <span class='ocrx_word' id='word_1_348' title='bbox 763 2590 905 2645; x_wconf 89' lang='lat' dir='ltr'><strong>illius</strong></span> <span class='ocrx_word' id='word_1_349' title='bbox 926 2603 1047 2660; x_wconf 81' lang='lat' dir='ltr'><strong>quae</strong></span> <span class='ocrx_word' id='word_1_350' title='bbox 1077 2585 1434 2641; x_wconf 89' lang='lat' dir='ltr'><strong>admirantur.</strong></span> 
     </span>
    </p>
   </div>
   <div class='ocr_carea' id='block_1_48' title="bbox 2148 2428 3733 2503">
    <p class='ocr_par' dir='ltr' id='par_1_48' title="bbox 2148 2428 3733 2503">
     <span class='ocr_line' id='line_1_48' title="bbox 2148 2428 3733 2503; baseline -0.001 -20"><span class='ocrx_word' id='word_1_351' title='bbox 2148 2448 2368 2495; x_wconf 87' lang='grc' dir='ltr'>σκοντες</span> <span class='ocrx_word' id='word_1_352' title='bbox 2402 2432 2616 2484; x_wconf 76' lang='grc' dir='ltr'>ἐκείνου</span> <span class='ocrx_word' id='word_1_353' title='bbox 2646 2428 2785 2485; x_wconf 84' lang='grc' dir='ltr'>εἶναι</span> <span class='ocrx_word' id='word_1_354' title='bbox 2815 2432 3079 2503; x_wconf 81' lang='grc' dir='ltr'>διάδοχοι.</span> <span class='ocrx_word' id='word_1_355' title='bbox 3111 2430 3253 2484; x_wconf 80' lang='grc' dir='ltr'>Ἀλλ’</span> <span class='ocrx_word' id='word_1_356' title='bbox 3286 2431 3346 2482; x_wconf 75' lang='grc' dir='ltr'><strong>οὐ</strong></span> <span class='ocrx_word' id='word_1_357' title='bbox 3381 2429 3733 2491; x_wconf 81' lang='grc' dir='ltr'>λανθάνουσι,</span> 
     </span>
    </p>
   </div>
   <div class='ocr_carea' id='block_1_49' title="bbox 1856 2491 3733 2593">
    <p class='ocr_par' dir='ltr' id='par_1_49' title="bbox 1856 2491 3733 2593">
     <span class='ocr_line' id='line_1_49' title="bbox 1856 2491 3733 2593; baseline -0.005 -14"><span class='ocrx_word' id='word_1_358' title='bbox 1856 2491 1949 2547; x_wconf 66' lang='lat' dir='ltr'><strong>sed</strong></span> <span class='ocrx_word' id='word_1_359' title='bbox 1981 2491 2049 2545; x_wconf 63' lang='grc' dir='ltr'><strong>οι)</strong></span> <span class='ocrx_word' id='word_1_360' title='bbox 2141 2522 2232 2578; x_wconf 72' lang='grc' dir='ltr'>διὰ</span> <span class='ocrx_word' id='word_1_361' title='bbox 2259 2522 2413 2574; x_wconf 75' lang='grc' dir='ltr'>τοῦτο</span> <span class='ocrx_word' id='word_1_362' title='bbox 2444 2524 2651 2575; x_wconf 84' lang='grc' dir='ltr'>ἐκεῖνον</span> <span class='ocrx_word' id='word_1_363' title='bbox 2673 2522 3063 2593; x_wconf 74' lang='grc' dir='ltr'>θαυμάζοντες,</span> <span class='ocrx_word' id='word_1_364' title='bbox 3090 2523 3190 2591; x_wconf 83' lang='grc' dir='ltr'>οὐχ</span> <span class='ocrx_word' id='word_1_365' title='bbox 3228 2521 3317 2573; x_wconf 85' lang='grc' dir='ltr'><strong>ἴνα</strong></span> <span class='ocrx_word' id='word_1_366' title='bbox 3353 2521 3733 2590; x_wconf 81' lang='grc' dir='ltr'>μιμήσωνται,</span> 
     </span>
    </p>
   </div>
   <div class='ocr_carea' id='block_1_50' title="bbox 2145 2610 3732 2684">
    <p class='ocr_par' dir='ltr' id='par_1_50' title="bbox 2145 2610 3732 2684">
     <span class='ocr_line' id='line_1_50' title="bbox 2145 2610 3732 2684; baseline -0.004 -19"><span class='ocrx_word' id='word_1_367' title='bbox 2145 2612 2361 2665; x_wconf 82' lang='grc' dir='ltr'>ἀλλ’ἵνα</span> <span class='ocrx_word' id='word_1_368' title='bbox 2389 2612 2533 2666; x_wconf 79' lang='grc' dir='ltr'>θείου</span> <span class='ocrx_word' id='word_1_369' title='bbox 2555 2613 2745 2684; x_wconf 82' lang='grc' dir='ltr'>ἀνδρὸς</span> <span class='ocrx_word' id='word_1_370' title='bbox 2773 2614 3004 2683; x_wconf 88' lang='grc' dir='ltr'>διάδοχόι</span> <span class='ocrx_word' id='word_1_371' title='bbox 3027 2611 3371 2683; x_wconf 87' lang='grc' dir='ltr'>νομισθέντες</span> <span class='ocrx_word' id='word_1_372' title='bbox 3393 2610 3732 2680; x_wconf 80' lang='grc' dir='ltr'>τιμηθῶσιν,</span> 
     </span>
    </p>
   </div>
   <div class='ocr_carea' id='block_1_51' title="bbox 2159 2695 3738 2776">
    <p class='ocr_par' dir='ltr' id='par_1_51' title="bbox 2159 2695 3738 2776">
     <span class='ocr_line' id='line_1_51' title="bbox 2159 2695 3738 2776; baseline -0.003 -20"><span class='ocrx_word' id='word_1_373' title='bbox 2159 2706 2258 2757; x_wconf 78' lang='grc' dir='ltr'><strong>οὐκ</strong></span> <span class='ocrx_word' id='word_1_374' title='bbox 2306 2706 2397 2772; x_wconf 77' lang='grc' dir='ltr'><strong>ἀφ’</strong></span> <span class='ocrx_word' id='word_1_375' title='bbox 2429 2697 2503 2757; x_wconf 84' lang='grc' dir='ltr'>ὧν</span> <span class='ocrx_word' id='word_1_376' title='bbox 2544 2705 2697 2757; x_wconf 78' lang='grc' dir='ltr'>αὐτοὶ</span> <span class='ocrx_word' id='word_1_377' title='bbox 2725 2706 3087 2776; x_wconf 85' lang='grc' dir='ltr'>πράττουσιν,</span> <span class='ocrx_word' id='word_1_378' title='bbox 3122 2704 3237 2757; x_wconf 85' lang='grc' dir='ltr'>ἀλλ’</span> <span class='ocrx_word' id='word_1_379' title='bbox 3287 2703 3380 2772; x_wconf 77' lang='grc' dir='ltr'><strong>ἀφ’</strong></span> <span class='ocrx_word' id='word_1_380' title='bbox 3415 2695 3489 2756; x_wconf 84' lang='grc' dir='ltr'><strong>ὧν</strong></span> <span class='ocrx_word' id='word_1_381' title='bbox 3521 2702 3738 2762; x_wconf 78' lang='grc' dir='ltr'>ἐκεῖνος</span> 
     </span>
    </p>
   </div>
   <div class='ocr_carea' id='block_1_52' title="bbox 2162 2794 2772 2865">
    <p class='ocr_par' dir='ltr' id='par_1_52' title="bbox 2162 2794 2772 2865">
     <span class='ocr_line' id='line_1_52' title="bbox 2162 2794 2772 2865; baseline 0.002 -18"><span class='ocrx_word' id='word_1_382' title='bbox 2162 2794 2377 2865; x_wconf 75' lang='grc' dir='ltr'>πράξας</span> <span class='ocrx_word' id='word_1_383' title='bbox 2417 2794 2772 2865; x_wconf 76' lang='grc' dir='ltr'>θαυμάζεται.</span> 
     </span>
    </p>
   </div>
   <div class='ocr_carea' id='block_1_53' title="bbox 1013 2884 2226 2957">
    <p class='ocr_par' dir='ltr' id='par_1_53' title="bbox 1013 2886 1509 2951">
     <span class='ocr_line' id='line_1_53' title="bbox 1013 2886 1509 2951; baseline -0.008 -4"><span class='ocrx_word' id='word_1_384' title='bbox 1013 2889 1163 2946; x_wconf 87' lang='lat' dir='ltr'><strong>CCC.</strong></span> <span class='ocrx_word' id='word_1_385' title='bbox 1186 2886 1509 2951; x_wconf 69' lang='lat' dir='ltr'><strong>—3EIDEM.</strong></span> 
     </span>
    </p>
   </div>
   <div class='ocr_carea' id='block_1_54' title="bbox 2152 2884 3199 2957">
    <p class='ocr_par' dir='ltr' id='par_1_54' title="bbox 2674 2884 3199 2957">
     <span class='ocr_line' id='line_1_54' title="bbox 2674 2884 3199 2957; baseline -0.002 -19"><span class='ocrx_word' id='word_1_386' title='bbox 2674 2884 2753 2939; x_wconf 78' lang='lat'><strong>&#39;1&quot;.</strong></span> <span class='ocrx_word' id='word_1_387' title='bbox 2776 2913 2843 2927; x_wconf 76' lang='lat'><strong>—</strong></span> <span class='ocrx_word' id='word_1_388' title='bbox 2875 2887 2961 2957; x_wconf 76' lang='lat' dir='ltr'><strong>To</strong></span> <span class='ocrx_word' id='word_1_389' title='bbox 2995 2885 3199 2955; x_wconf 80' lang='grc' dir='ltr'>ΑΥΤῼ.</span> 
     </span>
    </p>
   </div>
   <div class='ocr_carea' id='block_1_55' title="bbox 687 2975 3517 3051">
    <p class='ocr_par' dir='ltr' id='par_1_55' title="bbox 687 2975 3517 3051">
     <span class='ocr_line' id='line_1_55' title="bbox 687 2975 3517 3051; baseline -0.004 -9"><span class='ocrx_word' id='word_1_390' title='bbox 687 2984 957 3043; x_wconf 81' lang='lat' dir='ltr'><strong>Samuelis</strong></span> <span class='ocrx_word' id='word_1_391' title='bbox 986 2981 1250 3051; x_wconf 79' lang='lat' dir='ltr'><strong>propheta:</strong></span> <span class='ocrx_word' id='word_1_392' title='bbox 1283 2978 1578 3049; x_wconf 76' lang='lat' dir='ltr'><strong>exemplum</strong></span> <span class='ocrx_word' id='word_1_393' title='bbox 1608 2985 1756 3049; x_wconf 81' lang='lat' dir='ltr'><strong>urget</strong></span> <span class='ocrx_word' id='word_1_394' title='bbox 1793 2986 1982 3034; x_wconf 83' lang='lat' dir='ltr'><strong>contra</strong></span> <span class='ocrx_word' id='word_1_395' title='bbox 2025 2981 2193 3035; x_wconf 88' lang='lat' dir='ltr'><strong>malos</strong></span> <span class='ocrx_word' id='word_1_396' title='bbox 2227 2979 2528 3047; x_wconf 75' lang='lat' dir='ltr'><strong>episcopos;</strong></span> <span class='ocrx_word' id='word_1_397' title='bbox 2567 2987 2744 3045; x_wconf 83' lang='lat' dir='ltr'><strong>estque</strong></span> <span class='ocrx_word' id='word_1_398' title='bbox 2783 2993 2907 3047; x_wconf 83' lang='lat' dir='ltr'><strong>pars</strong></span> <span class='ocrx_word' id='word_1_399' title='bbox 2935 2978 3224 3047; x_wconf 80' lang='lat' dir='ltr'><strong>superioris</strong></span> <span class='ocrx_word' id='word_1_400' title='bbox 3263 2975 3517 3046; x_wconf 73' lang='grc' dir='ltr'>ερὶιιοιω.</span> 
     </span>
    </p>
   </div>
   <div class='ocr_carea' id='block_1_56' title="bbox 552 3068 2226 3142">
    <p class='ocr_par' dir='ltr' id='par_1_56' title="bbox 552 3071 2127 3142">
     <span class='ocr_line' id='line_1_56' title="bbox 552 3071 2127 3142; baseline -0.007 -4"><span class='ocrx_word' id='word_1_401' title='bbox 552 3083 609 3139; x_wconf 90' lang='lat' dir='ltr'><strong>Si</strong></span> <span class='ocrx_word' id='word_1_402' title='bbox 657 3097 686 3136; x_wconf 91' lang='lat' dir='ltr'><strong>a</strong></span> <span class='ocrx_word' id='word_1_403' title='bbox 740 3080 908 3135; x_wconf 87' lang='lat' dir='ltr'><strong>Paulo</strong></span> <span class='ocrx_word' id='word_1_404' title='bbox 948 3075 1295 3137; x_wconf 87' lang='lat' dir='ltr'><strong>dissentiant,</strong></span> <span class='ocrx_word' id='word_1_405' title='bbox 1344 3073 1410 3127; x_wconf 90' lang='lat' dir='ltr'><strong>de</strong></span> <span class='ocrx_word' id='word_1_406' title='bbox 1450 3087 1557 3142; x_wconf 92' lang='lat' dir='ltr'><strong>quo</strong></span> <span class='ocrx_word' id='word_1_407' title='bbox 1616 3071 1873 3128; x_wconf 89' lang='lat' dir='ltr'><strong>Servator</strong></span> <span class='ocrx_word' id='word_1_408' title='bbox 1907 3074 1983 3128; x_wconf 88' lang='lat' dir='ltr'><strong>ait</strong></span> <span class='ocrx_word' id='word_1_409' title='bbox 2034 3082 2127 3140; x_wconf 86' lang='lat' dir='ltr'><strong>:c</strong></span> 
     </span>
    </p>
   </div>
   <div class='ocr_carea' id='block_1_57' title="bbox 2152 3068 3729 3142">
    <p class='ocr_par' dir='ltr' id='par_1_57' title="bbox 2236 3068 3729 3142">
     <span class='ocr_line' id='line_1_57' title="bbox 2236 3068 3729 3142; baseline -0.002 -17"><span class='ocrx_word' id='word_1_410' title='bbox 2236 3073 2301 3125; x_wconf 89' lang='grc' dir='ltr'><strong>Εἰ</strong></span> <span class='ocrx_word' id='word_1_411' title='bbox 2332 3072 2408 3141; x_wconf 82' lang='grc' dir='ltr'><strong>τῷ</strong></span> <span class='ocrx_word' id='word_1_412' title='bbox 2439 3071 2635 3140; x_wconf 80' lang='grc' dir='ltr'>Παύλῳ</span> <span class='ocrx_word' id='word_1_413' title='bbox 2665 3070 3057 3142; x_wconf 83' lang='grc' dir='ltr'>παραχωροῦσι</span> <span class='ocrx_word' id='word_1_414' title='bbox 3097 3070 3186 3123; x_wconf 69' lang='grc' dir='ltr'><strong>διὰ</strong></span> <span class='ocrx_word' id='word_1_415' title='bbox 3217 3068 3277 3122; x_wconf 84' lang='grc' dir='ltr'>τὸ</span> <span class='ocrx_word' id='word_1_416' title='bbox 3316 3068 3601 3139; x_wconf 69' lang='grc' dir='ltr'>εἰρηκέναι</span> <span class='ocrx_word' id='word_1_417' title='bbox 3632 3068 3729 3122; x_wconf 73' lang='grc' dir='ltr'>τὸν</span> 
     </span>
    </p>
   </div>
   <div class='ocr_carea' id='block_1_58' title="bbox 480 3159 2226 3239">
    <p class='ocr_par' dir='ltr' id='par_1_58' title="bbox 480 3164 2226 3231">
     <span class='ocr_line' id='line_1_58' title="bbox 480 3164 2226 3231; baseline -0.005 -4"><span class='ocrx_word' id='word_1_418' title='bbox 480 3195 507 3227; x_wconf 61' lang='grc' dir='ltr'>δι</span> <span class='ocrx_word' id='word_1_419' title='bbox 543 3174 649 3229; x_wconf 73' lang='lat' dir='ltr'><strong>Vas</strong></span> <span class='ocrx_word' id='word_1_420' title='bbox 669 3172 950 3227; x_wconf 87' lang='lat' dir='ltr'><strong>electionis</strong></span> <span class='ocrx_word' id='word_1_421' title='bbox 974 3168 1106 3221; x_wconf 89' lang='lat' dir='ltr'><strong>mihi</strong></span> <span class='ocrx_word' id='word_1_422' title='bbox 1137 3174 1219 3220; x_wconf 90' lang='lat' dir='ltr'><strong>est</strong></span> <span class='ocrx_word' id='word_1_423' title='bbox 1242 3166 1428 3227; x_wconf 73' lang='lat' dir='ltr'><strong>istc&quot;,</strong></span> <span class='ocrx_word' id='word_1_424' title='bbox 1467 3182 1485 3214; x_wconf 73' lang='grc' dir='ltr'><strong>ι</strong></span> <span class='ocrx_word' id='word_1_425' title='bbox 1533 3166 1659 3231; x_wconf 89' lang='lat' dir='ltr'><strong>quid</strong></span> <span class='ocrx_word' id='word_1_426' title='bbox 1706 3165 1771 3218; x_wconf 89' lang='lat' dir='ltr'><strong>de</strong></span> <span class='ocrx_word' id='word_1_427' title='bbox 1804 3164 2055 3220; x_wconf 89' lang='lat' dir='ltr'><strong>Samuele</strong></span> <span class='ocrx_word' id='word_1_428' title='bbox 2174 3171 2226 3222; x_wconf 68' lang='lat' dir='ltr'><strong>Et</strong></span> 
     </span>
    </p>
   </div>
   <div class='ocr_carea' id='block_1_59' title="bbox 2152 3159 3736 3239">
    <p class='ocr_par' dir='ltr' id='par_1_59' title="bbox 2174 3159 3736 3239">
     <span class='ocr_line' id='line_1_59' title="bbox 2174 3159 3736 3239; baseline -0.006 -16"><span class='ocrx_word' id='word_1_429' title='bbox 2174 3169 2424 3239; x_wconf 78' lang='grc' dir='ltr'>Σωτῆρα,</span> <span class='ocrx_word' id='word_1_430' title='bbox 2468 3185 2486 3217; x_wconf 83' lang='grc' dir='ltr'><strong>ι</strong></span> <span class='ocrx_word' id='word_1_431' title='bbox 2546 3165 2747 3228; x_wconf 84' lang='grc' dir='ltr'>Σκεῦος</span> <span class='ocrx_word' id='word_1_432' title='bbox 2795 3165 3024 3233; x_wconf 78' lang='grc' dir='ltr'><strong>ἐκλογῆς</strong></span> <span class='ocrx_word' id='word_1_433' title='bbox 3075 3165 3166 3233; x_wconf 82' lang='grc' dir='ltr'>μοί</span> <span class='ocrx_word' id='word_1_434' title='bbox 3211 3165 3359 3217; x_wconf 80' lang='grc' dir='ltr'>ἐστιν</span> <span class='ocrx_word' id='word_1_435' title='bbox 3395 3159 3585 3223; x_wconf 73' lang='grc' dir='ltr'>οὗτος·</span> <span class='ocrx_word' id='word_1_436' title='bbox 3629 3182 3648 3214; x_wconf 74' lang='grc' dir='ltr'><strong>ι</strong></span> <span class='ocrx_word' id='word_1_437' title='bbox 3680 3163 3736 3215; x_wconf 78' lang='grc' dir='ltr'>τί</span> 
     </span>
    </p>
   </div>
   <div class='ocr_carea' id='block_1_60' title="bbox 478 3252 2226 3334">
    <p class='ocr_par' dir='ltr' id='par_1_60' title="bbox 478 3253 2226 3334">
     <span class='ocr_line' id='line_1_60' title="bbox 478 3253 2226 3334; baseline -0.008 -18"><span class='ocrx_word' id='word_1_438' title='bbox 478 3268 603 3334; x_wconf 63' lang='lat' dir='ltr'><strong>iure</strong></span> <span class='ocrx_word' id='word_1_439' title='bbox 637 3264 836 3323; x_wconf 87' lang='lat' dir='ltr'><strong>dicent,</strong></span> <span class='ocrx_word' id='word_1_440' title='bbox 863 3260 913 3312; x_wconf 91' lang='lat' dir='ltr'><strong>in</strong></span> <span class='ocrx_word' id='word_1_441' title='bbox 942 3274 1046 3326; x_wconf 91' lang='lat' dir='ltr'><strong>quo</strong></span> <span class='ocrx_word' id='word_1_442' title='bbox 1075 3254 1456 3324; x_wconf 82' lang='lat' dir='ltr'><strong>rempublicam</strong></span> <span class='ocrx_word' id='word_1_443' title='bbox 1490 3253 1901 3307; x_wconf 81' lang='lat' dir='ltr'><strong>administrante</strong></span> <span class='ocrx_word' id='word_1_444' title='bbox 1930 3267 2055 3321; x_wconf 84' lang='lat' dir='ltr'><strong>pcr-</strong></span> <span class='ocrx_word' id='word_1_445' title='bbox 2156 3276 2226 3328; x_wconf 77' lang='grc' dir='ltr'>φα</span> 
     </span>
    </p>
   </div>
   <div class='ocr_carea' id='block_1_61' title="bbox 2152 3252 3733 3334">
    <p class='ocr_par' dir='ltr' id='par_1_61' title="bbox 2156 3252 3733 3328">
     <span class='ocr_line' id='line_1_61' title="bbox 2156 3252 3733 3328; baseline -0.005 -19"><span class='ocrx_word' id='word_1_446' title='bbox 2156 3261 2311 3328; x_wconf 79' lang='grc' dir='ltr'>φαῖεν</span> <span class='ocrx_word' id='word_1_447' title='bbox 2345 3258 2440 3311; x_wconf 75' lang='grc' dir='ltr'><strong>καὶ</strong></span> <span class='ocrx_word' id='word_1_448' title='bbox 2471 3257 2600 3325; x_wconf 72' lang='grc' dir='ltr'>περὶ</span> <span class='ocrx_word' id='word_1_449' title='bbox 2648 3255 2743 3308; x_wconf 78' lang='grc' dir='ltr'>τοῦ</span> <span class='ocrx_word' id='word_1_450' title='bbox 2778 3254 3030 3323; x_wconf 77' lang='grc' dir='ltr'>Σαμουὴλ</span> <span class='ocrx_word' id='word_1_451' title='bbox 3055 3294 3068 3316; x_wconf 87' lang='grc'>,</span> <span class='ocrx_word' id='word_1_452' title='bbox 3113 3253 3209 3306; x_wconf 83' lang='grc' dir='ltr'>τοῦ</span> <span class='ocrx_word' id='word_1_453' title='bbox 3246 3253 3304 3305; x_wconf 78' lang='grc' dir='ltr'>ὲν</span> <span class='ocrx_word' id='word_1_454' title='bbox 3333 3252 3547 3322; x_wconf 81' lang='grc' dir='ltr'>χρόνοις</span> <span class='ocrx_word' id='word_1_455' title='bbox 3580 3252 3733 3303; x_wconf 80' lang='grc' dir='ltr'>πολι-</span> 
     </span>
    </p>
   </div>
   <div class='ocr_carea' id='block_1_62' title="bbox 474 3342 2226 3417">
    <p class='ocr_par' dir='ltr' id='par_1_62' title="bbox 474 3342 2226 3413">
     <span class='ocr_line' id='line_1_62' title="bbox 474 3342 2226 3413; baseline -0.013 -5"><span class='ocrx_word' id='word_1_456' title='bbox 474 3356 676 3408; x_wconf 75' lang='lat' dir='ltr'><strong>1&#39;ectam</strong></span> <span class='ocrx_word' id='word_1_457' title='bbox 741 3348 940 3402; x_wconf 85' lang='lat' dir='ltr'><strong>nullam</strong></span> <span class='ocrx_word' id='word_1_458' title='bbox 1008 3347 1259 3398; x_wconf 87' lang='lat' dir='ltr'><strong>virtutem</strong></span> <span class='ocrx_word' id='word_1_459' title='bbox 1322 3342 1671 3396; x_wconf 84' lang='lat' dir='ltr'><strong>desiderant?</strong></span> <span class='ocrx_word' id='word_1_460' title='bbox 1738 3342 1897 3413; x_wconf 75' lang='lat'><strong>651</strong></span> <span class='ocrx_word' id='word_1_461' title='bbox 1962 3343 2055 3396; x_wconf 85' lang='grc' dir='ltr'><strong>Ει-</strong></span> <span class='ocrx_word' id='word_1_462' title='bbox 2154 3367 2226 3402; x_wconf 62' lang='grc' dir='ltr'>τε,</span> 
     </span>
    </p>
   </div>
   <div class='ocr_carea' id='block_1_63' title="bbox 2152 3342 3731 3417">
    <p class='ocr_par' dir='ltr' id='par_1_63' title="bbox 2154 3343 3731 3417">
     <span class='ocr_line' id='line_1_63' title="bbox 2154 3343 3731 3417; baseline -0.005 -16"><span class='ocrx_word' id='word_1_463' title='bbox 2154 3349 2490 3417; x_wconf 85' lang='grc' dir='ltr'>τευσαμένου</span> <span class='ocrx_word' id='word_1_464' title='bbox 2537 3348 2671 3417; x_wconf 82' lang='grc' dir='ltr'>μηδὲ</span> <span class='ocrx_word' id='word_1_465' title='bbox 2711 3347 2922 3400; x_wconf 82' lang='grc' dir='ltr'>τελείαν</span> <span class='ocrx_word' id='word_1_466' title='bbox 2973 3345 3296 3399; x_wconf 79' lang='grc' dir='ltr'>ἀπαιτοῦσιν</span> <span class='ocrx_word' id='word_1_467' title='bbox 3333 3344 3584 3414; x_wconf 75' lang='grc' dir='ltr'>ἀρετήνς</span> <span class='ocrx_word' id='word_1_468' title='bbox 3620 3343 3731 3394; x_wconf 63' lang='grc' dir='ltr'>Καὶ</span> 
     </span>
    </p>
   </div>
   <div class='ocr_carea' id='block_1_64' title="bbox 484 3432 2226 3510">
    <p class='ocr_par' dir='ltr' id='par_1_64' title="bbox 484 3432 2226 3507">
     <span class='ocr_line' id='line_1_64' title="bbox 484 3432 2226 3507; baseline -0.007 -10"><span class='ocrx_word' id='word_1_469' title='bbox 484 3443 628 3497; x_wconf 86' lang='lat' dir='ltr'><strong>enim</strong></span> <span class='ocrx_word' id='word_1_470' title='bbox 664 3439 894 3494; x_wconf 87' lang='lat' dir='ltr'><strong>subditis</strong></span> <span class='ocrx_word' id='word_1_471' title='bbox 926 3437 1087 3489; x_wconf 89' lang='lat' dir='ltr'><strong>etiam</strong></span> <span class='ocrx_word' id='word_1_472' title='bbox 1119 3432 1508 3500; x_wconf 89' lang='lat' dir='ltr'><strong>suisjudicium</strong></span> <span class='ocrx_word' id='word_1_473' title='bbox 1534 3434 1601 3487; x_wconf 88' lang='lat' dir='ltr'><strong>de</strong></span> <span class='ocrx_word' id='word_1_474' title='bbox 1634 3446 1693 3487; x_wconf 89' lang='lat' dir='ltr'><strong>se</strong></span> <span class='ocrx_word' id='word_1_475' title='bbox 1714 3432 1979 3501; x_wconf 87' lang='lat' dir='ltr'><strong>permisit,</strong></span> <span class='ocrx_word' id='word_1_476' title='bbox 2004 3442 2057 3485; x_wconf 88' lang='lat' dir='ltr'><strong>et</strong></span> <span class='ocrx_word' id='word_1_477' title='bbox 2156 3439 2226 3507; x_wconf 76' lang='grc' dir='ltr'><strong>γὰ</strong></span> 
     </span>
    </p>
   </div>
   <div class='ocr_carea' id='block_1_65' title="bbox 2152 3432 3732 3510">
    <p class='ocr_par' dir='ltr' id='par_1_65' title="bbox 2156 3434 3732 3510">
     <span class='ocr_line' id='line_1_65' title="bbox 2156 3434 3732 3510; baseline -0.006 -19"><span class='ocrx_word' id='word_1_478' title='bbox 2156 3439 2264 3510; x_wconf 80' lang='grc' dir='ltr'><strong>γὰρ</strong></span> <span class='ocrx_word' id='word_1_479' title='bbox 2308 3439 2556 3500; x_wconf 80' lang='grc' dir='ltr'>κάκεῖνος</span> <span class='ocrx_word' id='word_1_480' title='bbox 2586 3440 2697 3500; x_wconf 85' lang='grc' dir='ltr'>τοῖς</span> <span class='ocrx_word' id='word_1_481' title='bbox 2736 3438 2998 3506; x_wconf 77' lang='grc' dir='ltr'>ὑπηκόοις</span> <span class='ocrx_word' id='word_1_482' title='bbox 3045 3437 3141 3499; x_wconf 77' lang='grc' dir='ltr'>τὴν</span> <span class='ocrx_word' id='word_1_483' title='bbox 3174 3436 3305 3507; x_wconf 75' lang='grc' dir='ltr'>περὶ</span> <span class='ocrx_word' id='word_1_484' title='bbox 3335 3434 3501 3487; x_wconf 74' lang='grc' dir='ltr'>αὑτοῦ</span> <span class='ocrx_word' id='word_1_485' title='bbox 3548 3434 3732 3503; x_wconf 66' lang='grc' dir='ltr'>ψῆφον</span> 
     </span>
    </p>
   </div>
   <div class='ocr_carea' id='block_1_66' title="bbox 484 3522 2226 3602">
    <p class='ocr_par' dir='ltr' id='par_1_66' title="bbox 484 3522 2226 3602">
     <span class='ocr_line' id='line_1_66' title="bbox 484 3522 2226 3602; baseline -0.009 -14"><span class='ocrx_word' id='word_1_486' title='bbox 484 3535 681 3602; x_wconf 87' lang='lat' dir='ltr'><strong>cuique</strong></span> <span class='ocrx_word' id='word_1_487' title='bbox 728 3531 821 3599; x_wconf 90' lang='lat' dir='ltr'><strong>qui</strong></span> <span class='ocrx_word' id='word_1_488' title='bbox 867 3538 1127 3583; x_wconf 80' lang='lat' dir='ltr'><strong>accusare</strong></span> <span class='ocrx_word' id='word_1_489' title='bbox 1185 3522 1368 3588; x_wconf 86' lang='lat' dir='ltr'><strong>vellet,</strong></span> <span class='ocrx_word' id='word_1_490' title='bbox 1413 3523 1579 3577; x_wconf 89' lang='lat' dir='ltr'><strong>lihere</strong></span> <span class='ocrx_word' id='word_1_491' title='bbox 1651 3523 1938 3588; x_wconf 91' lang='lat' dir='ltr'><strong>concessit,</strong></span> <span class='ocrx_word' id='word_1_492' title='bbox 2000 3531 2054 3576; x_wconf 89' lang='lat' dir='ltr'><strong>et</strong></span> <span class='ocrx_word' id='word_1_493' title='bbox 2158 3535 2226 3585; x_wconf 71' lang='grc' dir='ltr'><strong>ἐπ</strong></span> 
     </span>
    </p>
   </div>
   <div class='ocr_carea' id='block_1_67' title="bbox 2152 3522 3730 3602">
    <p class='ocr_par' dir='ltr' id='par_1_67' title="bbox 2158 3526 3730 3602">
     <span class='ocr_line' id='line_1_67' title="bbox 2158 3526 3730 3602; baseline -0.005 -18"><span class='ocrx_word' id='word_1_494' title='bbox 2158 3530 2475 3602; x_wconf 64' lang='grc' dir='ltr'>ἐπιτρέψας,</span> <span class='ocrx_word' id='word_1_495' title='bbox 2494 3531 2587 3582; x_wconf 68' lang='grc' dir='ltr'><strong>καὶ</strong></span> <span class='ocrx_word' id='word_1_496' title='bbox 2602 3529 3077 3599; x_wconf 82' lang='grc' dir='ltr'>προκαλεσάμενος</span> <span class='ocrx_word' id='word_1_497' title='bbox 3096 3528 3185 3580; x_wconf 80' lang='grc' dir='ltr'><strong>τὸν</strong></span> <span class='ocrx_word' id='word_1_498' title='bbox 3217 3526 3541 3594; x_wconf 80' lang='grc' dir='ltr'>βουλόμενον</span> <span class='ocrx_word' id='word_1_499' title='bbox 3569 3527 3730 3591; x_wconf 75' lang='grc' dir='ltr'>ἑλέτ-</span> 
     </span>
    </p>
   </div>
   <div class='ocr_carea' id='block_1_68' title="bbox 480 3613 2226 3691">
    <p class='ocr_par' dir='ltr' id='par_1_68' title="bbox 480 3613 2222 3686">
     <span class='ocr_line' id='line_1_68' title="bbox 480 3613 2222 3686; baseline -0.009 -7"><span class='ocrx_word' id='word_1_500' title='bbox 480 3628 661 3680; x_wconf 76' lang='lat' dir='ltr'><strong>citans</strong></span> <span class='ocrx_word' id='word_1_501' title='bbox 690 3638 844 3677; x_wconf 91' lang='lat' dir='ltr'><strong>suum</strong></span> <span class='ocrx_word' id='word_1_502' title='bbox 878 3628 1272 3679; x_wconf 86' lang='lat' dir='ltr'><strong>accusatorem,</strong></span> <span class='ocrx_word' id='word_1_503' title='bbox 1304 3629 1370 3667; x_wconf 90' lang='lat' dir='ltr'><strong>an</strong></span> <span class='ocrx_word' id='word_1_504' title='bbox 1418 3614 1647 3668; x_wconf 89' lang='lat' dir='ltr'><strong>subditis</strong></span> <span class='ocrx_word' id='word_1_505' title='bbox 1678 3613 1907 3683; x_wconf 89' lang='lat' dir='ltr'><strong>injurius</strong></span> <span class='ocrx_word' id='word_1_506' title='bbox 1938 3628 2049 3668; x_wconf 90' lang='lat' dir='ltr'><strong>rem</strong></span> <span class='ocrx_word' id='word_1_507' title='bbox 2160 3621 2222 3686; x_wconf 80' lang='grc' dir='ltr'>ξα</span> 
     </span>
    </p>
   </div>
   <div class='ocr_carea' id='block_1_69' title="bbox 2152 3613 3733 3691">
    <p class='ocr_par' dir='ltr' id='par_1_69' title="bbox 2160 3617 3733 3691">
     <span class='ocr_line' id='line_1_69' title="bbox 2160 3617 3733 3691; baseline -0.004 -17"><span class='ocrx_word' id='word_1_508' title='bbox 2160 3621 2273 3686; x_wconf 70' lang='lat' dir='ltr'><strong>Eat,</strong></span> <span class='ocrx_word' id='word_1_509' title='bbox 2313 3624 2361 3673; x_wconf 82' lang='grc' dir='ltr'>εἰ</span> <span class='ocrx_word' id='word_1_510' title='bbox 2407 3621 2750 3691; x_wconf 77' lang='grc' dir='ltr'>ἐπιθυμήσας</span> <span class='ocrx_word' id='word_1_511' title='bbox 2802 3621 2947 3683; x_wconf 83' lang='grc' dir='ltr'>τινὸς</span> <span class='ocrx_word' id='word_1_512' title='bbox 3007 3620 3082 3681; x_wconf 83' lang='grc' dir='ltr'><strong>ὡς</strong></span> <span class='ocrx_word' id='word_1_513' title='bbox 3112 3619 3298 3689; x_wconf 81' lang='grc' dir='ltr'>ἄρχων</span> <span class='ocrx_word' id='word_1_514' title='bbox 3336 3617 3563 3687; x_wconf 67' lang='grc' dir='ltr'>ἠδίκησε</span> <span class='ocrx_word' id='word_1_515' title='bbox 3607 3619 3733 3679; x_wconf 75' lang='grc' dir='ltr'>τοὺς</span> 
     </span>
    </p>
   </div>
   <div class='ocr_carea' id='block_1_70' title="bbox 488 3704 2226 3789">
    <p class='ocr_par' dir='ltr' id='par_1_70' title="bbox 488 3704 2225 3789">
     <span class='ocr_line' id='line_1_70' title="bbox 488 3704 2225 3789; baseline -0.008 -19"><span class='ocrx_word' id='word_1_516' title='bbox 488 3714 719 3783; x_wconf 81' lang='lat' dir='ltr'><strong>alicujus</strong></span> <span class='ocrx_word' id='word_1_517' title='bbox 756 3723 1008 3779; x_wconf 84' lang='lat' dir='ltr'><strong>tanquam</strong></span> <span class='ocrx_word' id='word_1_518' title='bbox 1038 3710 1289 3779; x_wconf 89' lang='lat' dir='ltr'><strong>princeps</strong></span> <span class='ocrx_word' id='word_1_519' title='bbox 1324 3706 1742 3774; x_wconf 83' lang='lat' dir='ltr'><strong>concupivisset,</strong></span> <span class='ocrx_word' id='word_1_520' title='bbox 1786 3704 2051 3772; x_wconf 89' lang='lat' dir='ltr'><strong>injuriave</strong></span> <span class='ocrx_word' id='word_1_521' title='bbox 2155 3720 2225 3789; x_wconf 83' lang='grc' dir='ltr'><strong>ἀρ</strong></span> 
     </span>
    </p>
   </div>
   <div class='ocr_carea' id='block_1_71' title="bbox 2152 3704 3731 3789">
    <p class='ocr_par' dir='ltr' id='par_1_71' title="bbox 2155 3709 3731 3789">
     <span class='ocr_line' id='line_1_71' title="bbox 2155 3709 3731 3789; baseline 0.004 -19"><span class='ocrx_word' id='word_1_522' title='bbox 2155 3717 2510 3789; x_wconf 76' lang='grc' dir='ltr'>ἀρχομένους,</span> <span class='ocrx_word' id='word_1_523' title='bbox 2558 3717 2649 3769; x_wconf 82' lang='grc' dir='ltr'>ὑπ’</span> <span class='ocrx_word' id='word_1_524' title='bbox 2684 3716 2895 3779; x_wconf 76' lang='grc' dir='ltr'>οὐδενὸς</span> <span class='ocrx_word' id='word_1_525' title='bbox 2946 3715 3232 3785; x_wconf 75' lang='grc' dir='ltr'>ἐνεκλήθη,</span> <span class='ocrx_word' id='word_1_526' title='bbox 3262 3712 3388 3766; x_wconf 73' lang='grc' dir='ltr'>οὔτε</span> <span class='ocrx_word' id='word_1_527' title='bbox 3422 3712 3605 3775; x_wconf 79' lang='grc' dir='ltr'>ἑάλω,</span> <span class='ocrx_word' id='word_1_528' title='bbox 3647 3709 3731 3777; x_wconf 70' lang='grc' dir='ltr'><strong>ἐφ’</strong></span> 
     </span>
    </p>
   </div>
   <div class='ocr_carea' id='block_1_72' title="bbox 486 3796 2226 3878">
    <p class='ocr_par' dir='ltr' id='par_1_72' title="bbox 486 3796 2226 3875">
     <span class='ocr_line' id='line_1_72' title="bbox 486 3796 2226 3875; baseline -0.007 -16"><span class='ocrx_word' id='word_1_529' title='bbox 486 3808 719 3875; x_wconf 82' lang='lat' dir='ltr'><strong>aliquem</strong></span> <span class='ocrx_word' id='word_1_530' title='bbox 750 3804 1040 3865; x_wconf 63' lang='lat' dir='ltr'><strong>affecisset,</strong></span> <span class='ocrx_word' id='word_1_531' title='bbox 1070 3815 1099 3853; x_wconf 93' lang='lat' dir='ltr'><strong>a</strong></span> <span class='ocrx_word' id='word_1_532' title='bbox 1148 3797 1362 3851; x_wconf 89' lang='lat' dir='ltr'><strong>nemine</strong></span> <span class='ocrx_word' id='word_1_533' title='bbox 1400 3796 1690 3849; x_wconf 88' lang='lat' dir='ltr'><strong>damnatus</strong></span> <span class='ocrx_word' id='word_1_534' title='bbox 1730 3805 1836 3859; x_wconf 89' lang='lat' dir='ltr'><strong>est,</strong></span> <span class='ocrx_word' id='word_1_535' title='bbox 1884 3808 2059 3864; x_wconf 81' lang='lat' dir='ltr'><strong>neque</strong></span> <span class='ocrx_word' id='word_1_536' title='bbox 2155 3803 2226 3862; x_wconf 68' lang='grc' dir='ltr'><strong>οἷς</strong></span> 
     </span>
    </p>
   </div>
   <div class='ocr_carea' id='block_1_73' title="bbox 2152 3796 3159 3878">
    <p class='ocr_par' dir='ltr' id='par_1_73' title="bbox 2155 3802 3159 3878">
     <span class='ocr_line' id='line_1_73' title="bbox 2155 3802 3159 3878; baseline -0.003 -17"><span class='ocrx_word' id='word_1_537' title='bbox 2155 3803 2351 3878; x_wconf 73' lang='grc' dir='ltr'>οἷσπερ</span> <span class='ocrx_word' id='word_1_538' title='bbox 2386 3808 2621 3877; x_wconf 81' lang='grc' dir='ltr'>συνεχῶς</span> <span class='ocrx_word' id='word_1_539' title='bbox 2647 3802 2791 3861; x_wconf 76' lang='grc' dir='ltr'>οὗτοι</span> <span class='ocrx_word' id='word_1_540' title='bbox 2826 3808 3159 3861; x_wconf 77' lang='grc' dir='ltr'>ἁλίσκονται.</span> 
     </span>
    </p>
   </div>
   <div class='ocr_carea' id='block_1_74' title="bbox 473 3884 2055 3953">
    <p class='ocr_par' dir='ltr' id='par_1_74' title="bbox 473 3884 2055 3953">
     <span class='ocr_line' id='line_1_74' title="bbox 473 3884 2055 3953; baseline -0.008 -4"><span class='ocrx_word' id='word_1_541' title='bbox 473 3895 764 3950; x_wconf 63' lang='lat' dir='ltr'><strong>convictus</strong></span> <span class='ocrx_word' id='word_1_542' title='bbox 780 3900 862 3944; x_wconf 86' lang='lat' dir='ltr'><strong>est</strong></span> <span class='ocrx_word' id='word_1_543' title='bbox 891 3891 943 3943; x_wconf 90' lang='lat' dir='ltr'><strong>iu</strong></span> <span class='ocrx_word' id='word_1_544' title='bbox 978 3889 1040 3942; x_wconf 86' lang='lat' dir='ltr'><strong>iis</strong></span> <span class='ocrx_word' id='word_1_545' title='bbox 1073 3886 1252 3949; x_wconf 87' lang='lat' dir='ltr'><strong>rebus,</strong></span> <span class='ocrx_word' id='word_1_546' title='bbox 1286 3884 1338 3937; x_wconf 92' lang='lat' dir='ltr'><strong>in</strong></span> <span class='ocrx_word' id='word_1_547' title='bbox 1369 3884 1563 3953; x_wconf 89' lang='lat' dir='ltr'><strong>quibus</strong></span> <span class='ocrx_word' id='word_1_548' title='bbox 1581 3884 1716 3939; x_wconf 84' lang='lat' dir='ltr'><strong>tales</strong></span> <span class='ocrx_word' id='word_1_549' title='bbox 1737 3884 2055 3952; x_wconf 72' lang='lat' dir='ltr'><strong>reprehendi</strong></span> 
     </span>
    </p>
   </div>
   <div class='ocr_carea' id='block_1_75' title="bbox 478 3978 1190 4038">
    <p class='ocr_par' dir='ltr' id='par_1_75' title="bbox 478 3978 1190 4038">
     <span class='ocr_line' id='line_1_75' title="bbox 478 3978 1190 4038; baseline -0.013 -1"><span class='ocrx_word' id='word_1_550' title='bbox 478 3986 682 4038; x_wconf 78' lang='lat' dir='ltr'><strong>merito</strong></span> <span class='ocrx_word' id='word_1_551' title='bbox 712 3986 1105 4036; x_wconf 88' lang='lat' dir='ltr'><strong>consueverunt</strong></span> <span class='ocrx_word' id='word_1_552' title='bbox 1124 3978 1190 4028; x_wconf 73' lang='grc' dir='ltr'><strong>⁷ο.</strong></span> 
     </span>
    </p>
   </div>
   <div class='ocr_carea' id='block_1_76' title="bbox 694 4094 2226 4168">
    <p class='ocr_par' dir='ltr' id='par_1_76' title="bbox 694 4094 1809 4158">
     <span class='ocr_line' id='line_1_76' title="bbox 694 4094 1809 4158; baseline -0.01 0"><span class='ocrx_word' id='word_1_553' title='bbox 694 4102 863 4158; x_wconf 85' lang='lat' dir='ltr'><strong>CCCI.</strong></span> <span class='ocrx_word' id='word_1_554' title='bbox 902 4133 971 4142; x_wconf 89' lang='lat'><strong><em>—</em></strong></span> <span class='ocrx_word' id='word_1_555' title='bbox 1003 4101 1275 4155; x_wconf 81' lang='lat' dir='ltr'><strong>HIERACI</strong></span> <span class='ocrx_word' id='word_1_556' title='bbox 1306 4100 1467 4154; x_wconf 80' lang='lat' dir='ltr'><strong>VIRO</strong></span> <span class='ocrx_word' id='word_1_557' title='bbox 1499 4094 1809 4153; x_wconf 75' lang='lat' dir='ltr'><strong>CLARISS.</strong></span> 
     </span>
    </p>
   </div>
   <div class='ocr_carea' id='block_1_77' title="bbox 2152 4094 3446 4168">
    <p class='ocr_par' dir='ltr' id='par_1_77' title="bbox 2445 4098 3446 4168">
     <span class='ocr_line' id='line_1_77' title="bbox 2445 4098 3446 4168; baseline 0.001 -17"><span class='ocrx_word' id='word_1_558' title='bbox 2445 4099 2567 4151; x_wconf 75' lang='lat' dir='ltr'><strong>TA&#39;.</strong></span> <span class='ocrx_word' id='word_1_559' title='bbox 2594 4124 2664 4135; x_wconf 91' lang='lat'><strong>-—</strong></span> <span class='ocrx_word' id='word_1_560' title='bbox 2685 4098 2919 4150; x_wconf 78' lang='grc' dir='ltr'><strong>ΙΕΡΛΚΙ</strong></span> <span class='ocrx_word' id='word_1_561' title='bbox 2950 4098 3446 4168; x_wconf 74' lang='grc' dir='ltr'><strong>ΛΔΜΠΡΟΤᾹΤῼ.</strong></span> 
     </span>
    </p>
   </div>
   <div class='ocr_carea' id='block_1_78' title="bbox 628 4191 2226 4266">
    <p class='ocr_par' dir='ltr' id='par_1_78' title="bbox 628 4192 2226 4266">
     <span class='ocr_line' id='line_1_78' title="bbox 628 4192 2226 4266; baseline -0.005 -12"><span class='ocrx_word' id='word_1_562' title='bbox 628 4200 711 4254; x_wconf 78' lang='lat' dir='ltr'><strong>Ea;</strong></span> <span class='ocrx_word' id='word_1_563' title='bbox 738 4200 990 4254; x_wconf 76' lang='lat' dir='ltr'><strong>wconomi</strong></span> <span class='ocrx_word' id='word_1_564' title='bbox 1024 4210 1217 4266; x_wconf 81' lang='lat' dir='ltr'><strong>etymo,</strong></span> <span class='ocrx_word' id='word_1_565' title='bbox 1264 4216 1282 4247; x_wconf 78' lang='grc' dir='ltr'><strong>ι</strong></span> <span class='ocrx_word' id='word_1_566' title='bbox 1323 4196 1725 4263; x_wconf 73' lang='lat' dir='ltr'><strong>Dispensatores</strong></span> <span class='ocrx_word' id='word_1_567' title='bbox 1767 4192 2135 4266; x_wconf 69' lang='lat' dir='ltr'><strong>mysteriorum</strong></span> <span class='ocrx_word' id='word_1_568' title='bbox 2167 4193 2226 4247; x_wconf 62' lang='lat' dir='ltr'><strong>De</strong></span> 
     </span>
    </p>
   </div>
   <div class='ocr_carea' id='block_1_79' title="bbox 2152 4191 3595 4266">
    <p class='ocr_par' dir='ltr' id='par_1_79' title="bbox 2167 4191 3595 4266">
     <span class='ocr_line' id='line_1_79' title="bbox 2167 4191 3595 4266; baseline 0 -19"><span class='ocrx_word' id='word_1_569' title='bbox 2167 4193 2281 4248; x_wconf 83' lang='lat' dir='ltr'><strong>Dei.</strong></span> <span class='ocrx_word' id='word_1_570' title='bbox 2315 4212 2331 4244; x_wconf 76' lang='grc' dir='ltr'><strong>ι</strong></span> <span class='ocrx_word' id='word_1_571' title='bbox 2374 4193 2579 4266; x_wconf 82' lang='lat' dir='ltr'><strong>(I_Cor.</strong></span> <span class='ocrx_word' id='word_1_572' title='bbox 2615 4209 2686 4259; x_wconf 87' lang='lat' dir='ltr'><strong>tv,</strong></span> <span class='ocrx_word' id='word_1_573' title='bbox 2712 4194 2793 4265; x_wconf 77' lang='grc'><strong>2.)</strong></span> <span class='ocrx_word' id='word_1_574' title='bbox 2846 4191 3132 4248; x_wconf 82' lang='lat' dir='ltr'><strong>Eusebium</strong></span> <span class='ocrx_word' id='word_1_575' title='bbox 3178 4194 3263 4246; x_wconf 80' lang='lat' dir='ltr'><strong>hic</strong></span> <span class='ocrx_word' id='word_1_576' title='bbox 3293 4204 3349 4246; x_wconf 85' lang='lat' dir='ltr'><strong>ut</strong></span> <span class='ocrx_word' id='word_1_577' title='bbox 3385 4194 3595 4247; x_wconf 77' lang='lat' dir='ltr'><strong>Pelusii</strong></span> 
     </span>
    </p>
   </div>
   <div class='ocr_carea' id='block_1_80' title="bbox 1774 4262 2457 4332">
    <p class='ocr_par' dir='ltr' id='par_1_80' title="bbox 1774 4262 2457 4332">
     <span class='ocr_line' id='line_1_80' title="bbox 1774 4262 2457 4332; baseline 0.006 -19"><span class='ocrx_word' id='word_1_578' title='bbox 1774 4262 2206 4330; x_wconf 74' lang='grc' dir='ltr'>ψευδεπίσκοπον</span> <span class='ocrx_word' id='word_1_579' title='bbox 2236 4262 2457 4332; x_wconf 81' lang='lat' dir='ltr'><strong>arguit.)</strong></span> 
     </span>
    </p>
   </div>
   <div class='ocr_carea' id='block_1_81' title="bbox 559 4356 2226 4431">
    <p class='ocr_par' dir='ltr' id='par_1_81' title="bbox 559 4356 2131 4427">
     <span class='ocr_line' id='line_1_81' title="bbox 559 4356 2131 4427; baseline -0.006 -9"><span class='ocrx_word' id='word_1_580' title='bbox 559 4367 617 4418; x_wconf 87' lang='lat' dir='ltr'><strong>Si</strong></span> <span class='ocrx_word' id='word_1_581' title='bbox 654 4364 827 4417; x_wconf 86' lang='lat' dir='ltr'><strong>dictus</strong></span> <span class='ocrx_word' id='word_1_582' title='bbox 862 4376 1194 4427; x_wconf 69' lang='lat' dir='ltr'><strong>mconomus,</strong></span> <span class='ocrx_word' id='word_1_583' title='bbox 1241 4360 1381 4427; x_wconf 91' lang='lat' dir='ltr'><strong>quod</strong></span> <span class='ocrx_word' id='word_1_584' title='bbox 1423 4357 1566 4411; x_wconf 86' lang='lat' dir='ltr'><strong>domi</strong></span> <span class='ocrx_word' id='word_1_585' title='bbox 1611 4356 1819 4426; x_wconf 81' lang='lat' dir='ltr'><strong>singula</strong></span> <span class='ocrx_word' id='word_1_586' title='bbox 1867 4356 2054 4410; x_wconf 90' lang='lat' dir='ltr'><strong>distri-</strong></span> <span class='ocrx_word' id='word_1_587' title='bbox 2090 4367 2131 4421; x_wconf 82' lang='grc' dir='ltr'><strong>ι)</strong></span> 
     </span>
    </p>
   </div>
   <div class='ocr_carea' id='block_1_82' title="bbox 2152 4356 3731 4431">
    <p class='ocr_par' dir='ltr' id='par_1_82' title="bbox 2229 4359 3731 4431">
     <span class='ocr_line' id='line_1_82' title="bbox 2229 4359 3731 4431; baseline -0.001 -18"><span class='ocrx_word' id='word_1_588' title='bbox 2229 4361 2293 4413; x_wconf 85' lang='grc' dir='ltr'><strong>Εἰ</strong></span> <span class='ocrx_word' id='word_1_589' title='bbox 2322 4359 2605 4431; x_wconf 81' lang='grc' dir='ltr'>οἰκονόμος</span> <span class='ocrx_word' id='word_1_590' title='bbox 2660 4361 2873 4431; x_wconf 83' lang='grc' dir='ltr'>εἴρηται</span> <span class='ocrx_word' id='word_1_591' title='bbox 2910 4360 3060 4431; x_wconf 84' lang='grc' dir='ltr'>παρὰ</span> <span class='ocrx_word' id='word_1_592' title='bbox 3088 4360 3149 4414; x_wconf 84' lang='grc' dir='ltr'><strong>τὸ</strong></span> <span class='ocrx_word' id='word_1_593' title='bbox 3203 4359 3419 4429; x_wconf 79' lang='grc' dir='ltr'>ἑκάστῳ</span> <span class='ocrx_word' id='word_1_594' title='bbox 3447 4360 3509 4412; x_wconf 72' lang='grc' dir='ltr'>τὸ</span> <span class='ocrx_word' id='word_1_595' title='bbox 3538 4362 3731 4413; x_wconf 67' lang='grc' dir='ltr'>οἰκεῖεν</span> 
     </span>
    </p>
   </div>
   <div class='ocr_carea' id='block_1_83' title="bbox 479 4449 2226 4525">
    <p class='ocr_par' dir='ltr' id='par_1_83' title="bbox 479 4449 2226 4525">
     <span class='ocr_line' id='line_1_83' title="bbox 479 4449 2226 4525; baseline -0.007 -11"><span class='ocrx_word' id='word_1_596' title='bbox 479 4462 635 4521; x_wconf 65' lang='lat' dir='ltr'><strong>boat,</strong></span> <span class='ocrx_word' id='word_1_597' title='bbox 676 4457 759 4511; x_wconf 83' lang='lat' dir='ltr'><strong>vel</strong></span> <span class='ocrx_word' id='word_1_598' title='bbox 793 4457 933 4525; x_wconf 87' lang='lat' dir='ltr'><strong>quod</strong></span> <span class='ocrx_word' id='word_1_599' title='bbox 970 4469 1067 4523; x_wconf 93' lang='lat' dir='ltr'><strong>pro</strong></span> <span class='ocrx_word' id='word_1_600' title='bbox 1092 4454 1355 4522; x_wconf 82' lang='lat' dir='ltr'><strong>dignitate</strong></span> <span class='ocrx_word' id='word_1_601' title='bbox 1411 4452 1551 4505; x_wconf 89' lang='lat' dir='ltr'><strong>domi</strong></span> <span class='ocrx_word' id='word_1_602' title='bbox 1586 4451 1780 4520; x_wconf 89' lang='lat' dir='ltr'><strong>cuique</strong></span> <span class='ocrx_word' id='word_1_603' title='bbox 1828 4450 2051 4514; x_wconf 89' lang='lat' dir='ltr'><strong>dividat,</strong></span> <span class='ocrx_word' id='word_1_604' title='bbox 2159 4449 2226 4518; x_wconf 67' lang='lat' dir='ltr'><strong>vé;</strong></span> 
     </span>
    </p>
   </div>
   <div class='ocr_carea' id='block_1_84' title="bbox 2152 4449 3732 4525">
    <p class='ocr_par' dir='ltr' id='par_1_84' title="bbox 2159 4449 3732 4523">
     <span class='ocr_line' id='line_1_84' title="bbox 2159 4449 3732 4523; baseline 0.001 -21"><span class='ocrx_word' id='word_1_605' title='bbox 2159 4449 2364 4519; x_wconf 81' lang='grc' dir='ltr'>νέμειν,</span> <span class='ocrx_word' id='word_1_606' title='bbox 2401 4450 2433 4521; x_wconf 80' lang='grc' dir='ltr'><strong>ἢ</strong></span> <span class='ocrx_word' id='word_1_607' title='bbox 2466 4450 2617 4523; x_wconf 89' lang='grc' dir='ltr'><strong>παρά</strong></span> <span class='ocrx_word' id='word_1_608' title='bbox 2646 4452 2708 4505; x_wconf 81' lang='grc' dir='ltr'><strong>τὸ</strong></span> <span class='ocrx_word' id='word_1_609' title='bbox 2738 4453 2953 4521; x_wconf 81' lang='grc' dir='ltr'>ἑκάστῳ</span> <span class='ocrx_word' id='word_1_610' title='bbox 2995 4453 3103 4506; x_wconf 84' lang='grc' dir='ltr'>τῶν</span> <span class='ocrx_word' id='word_1_611' title='bbox 3130 4453 3190 4504; x_wconf 81' lang='grc' dir='ltr'>ὲν</span> <span class='ocrx_word' id='word_1_612' title='bbox 3217 4451 3295 4520; x_wconf 83' lang='grc' dir='ltr'><strong>τῷ</strong></span> <span class='ocrx_word' id='word_1_613' title='bbox 3324 4454 3460 4520; x_wconf 75' lang='grc' dir='ltr'>οἴκῳ</span> <span class='ocrx_word' id='word_1_614' title='bbox 3499 4452 3563 4505; x_wconf 79' lang='grc' dir='ltr'>τὸ</span> <span class='ocrx_word' id='word_1_615' title='bbox 3605 4452 3732 4522; x_wconf 62' lang='grc' dir='ltr'>πρὸς</span> 
     </span>
    </p>
   </div>
   <div class='ocr_carea' id='block_1_85' title="bbox 482 4539 2226 4616">
    <p class='ocr_par' dir='ltr' id='par_1_85' title="bbox 482 4539 2223 4616">
     <span class='ocr_line' id='line_1_85' title="bbox 482 4539 2223 4616; baseline -0.009 -9"><span class='ocrx_word' id='word_1_616' title='bbox 482 4553 683 4607; x_wconf 80' lang='lat' dir='ltr'><strong>merito</strong></span> <span class='ocrx_word' id='word_1_617' title='bbox 725 4558 791 4602; x_wconf 86' lang='lat' dir='ltr'><strong>tu.</strong></span> <span class='ocrx_word' id='word_1_618' title='bbox 816 4550 1028 4616; x_wconf 84' lang='lat' dir='ltr'><strong>quidem</strong></span> <span class='ocrx_word' id='word_1_619' title='bbox 1058 4546 1361 4608; x_wconf 86' lang='lat' dir='ltr'><strong>admiraris,</strong></span> <span class='ocrx_word' id='word_1_620' title='bbox 1410 4559 1507 4597; x_wconf 87' lang='lat' dir='ltr'><strong>cur</strong></span> <span class='ocrx_word' id='word_1_621' title='bbox 1537 4542 1669 4597; x_wconf 87' lang='lat' dir='ltr'><strong>nihil</strong></span> <span class='ocrx_word' id='word_1_622' title='bbox 1697 4543 1887 4596; x_wconf 87' lang='lat' dir='ltr'><strong>borum</strong></span> <span class='ocrx_word' id='word_1_623' title='bbox 1942 4541 2053 4594; x_wconf 85' lang='lat' dir='ltr'><strong>Eu-</strong></span> <span class='ocrx_word' id='word_1_624' title='bbox 2156 4539 2223 4605; x_wconf 77' lang='grc' dir='ltr'>ἀξ</span> 
     </span>
    </p>
   </div>
   <div class='ocr_carea' id='block_1_86' title="bbox 2152 4539 3731 4616">
    <p class='ocr_par' dir='ltr' id='par_1_86' title="bbox 2156 4539 3731 4611">
     <span class='ocr_line' id='line_1_86' title="bbox 2156 4539 3731 4611; baseline 0.001 -20"><span class='ocrx_word' id='word_1_625' title='bbox 2156 4539 2312 4605; x_wconf 77' lang='grc' dir='ltr'>ἀξίαν</span> <span class='ocrx_word' id='word_1_626' title='bbox 2368 4541 2591 4610; x_wconf 88' lang='grc' dir='ltr'>νέμειν·</span> <span class='ocrx_word' id='word_1_627' title='bbox 2661 4543 2886 4603; x_wconf 79' lang='grc' dir='ltr'>εἰκότως</span> <span class='ocrx_word' id='word_1_628' title='bbox 2940 4541 3264 4611; x_wconf 76' lang='grc' dir='ltr'>θαυμάζεις,</span> <span class='ocrx_word' id='word_1_629' title='bbox 3304 4540 3424 4604; x_wconf 81' lang='grc' dir='ltr'><strong>πῶς</strong></span> <span class='ocrx_word' id='word_1_630' title='bbox 3477 4543 3731 4602; x_wconf 67' lang='grc' dir='ltr'>Εὐσέϐιος</span> 
     </span>
    </p>
   </div>
   <div class='ocr_carea' id='block_1_87' title="bbox 484 4628 2226 4703">
    <p class='ocr_par' dir='ltr' id='par_1_87' title="bbox 484 4631 2226 4703">
     <span class='ocr_line' id='line_1_87' title="bbox 484 4631 2226 4703; baseline -0.01 -5"><span class='ocrx_word' id='word_1_631' title='bbox 484 4642 670 4699; x_wconf 87' lang='lat' dir='ltr'><strong>sebius</strong></span> <span class='ocrx_word' id='word_1_632' title='bbox 694 4640 875 4701; x_wconf 82' lang='lat' dir='ltr'><strong>faciat,</strong></span> <span class='ocrx_word' id='word_1_633' title='bbox 909 4636 1005 4691; x_wconf 86' lang='lat' dir='ltr'><strong>sed</strong></span> <span class='ocrx_word' id='word_1_634' title='bbox 1046 4652 1165 4690; x_wconf 88' lang='lat' dir='ltr'><strong>cum</strong></span> <span class='ocrx_word' id='word_1_635' title='bbox 1191 4634 1543 4703; x_wconf 87' lang='lat' dir='ltr'><strong>populivorus</strong></span> <span class='ocrx_word' id='word_1_636' title='bbox 1572 4634 1663 4697; x_wconf 88' lang='lat' dir='ltr'><strong>sit,</strong></span> <span class='ocrx_word' id='word_1_637' title='bbox 1712 4634 1776 4686; x_wconf 87' lang='lat' dir='ltr'><strong>ad</strong></span> <span class='ocrx_word' id='word_1_638' title='bbox 1807 4631 2058 4701; x_wconf 85' lang='lat' dir='ltr'><strong>p0pulunt</strong></span> <span class='ocrx_word' id='word_1_639' title='bbox 2160 4647 2226 4699; x_wconf 84' lang='grc' dir='ltr'><strong>μτ</strong></span> 
     </span>
    </p>
   </div>
   <div class='ocr_carea' id='block_1_88' title="bbox 2152 4628 3731 4703">
    <p class='ocr_par' dir='ltr' id='par_1_88' title="bbox 2160 4628 3731 4702">
     <span class='ocr_line' id='line_1_88' title="bbox 2160 4628 3731 4702; baseline 0.002 -20"><span class='ocrx_word' id='word_1_640' title='bbox 2160 4628 2329 4699; x_wconf 79' lang='grc' dir='ltr'>μηδὲν</span> <span class='ocrx_word' id='word_1_641' title='bbox 2365 4628 2575 4682; x_wconf 83' lang='grc' dir='ltr'>τοιοῦτο</span> <span class='ocrx_word' id='word_1_642' title='bbox 2608 4630 3094 4702; x_wconf 82' lang='grc' dir='ltr'>διαπραττόμενος,</span> <span class='ocrx_word' id='word_1_643' title='bbox 3129 4631 3266 4685; x_wconf 85' lang='grc' dir='ltr'><strong>ἀλλά</strong></span> <span class='ocrx_word' id='word_1_644' title='bbox 3304 4633 3399 4685; x_wconf 70' lang='grc' dir='ltr'><strong>καὶ</strong></span> <span class='ocrx_word' id='word_1_645' title='bbox 3432 4632 3731 4702; x_wconf 71' lang='grc' dir='ltr'>δημοόόρος</span> 
     </span>
    </p>
   </div>
   <div class='ocr_carea' id='block_1_89' title="bbox 484 4720 2226 4794">
    <p class='ocr_par' dir='ltr' id='par_1_89' title="bbox 484 4720 2226 4794">
     <span class='ocr_line' id='line_1_89' title="bbox 484 4720 2226 4794; baseline -0.009 -6"><span class='ocrx_word' id='word_1_646' title='bbox 484 4733 648 4788; x_wconf 83' lang='lat' dir='ltr'><strong>verba</strong></span> <span class='ocrx_word' id='word_1_647' title='bbox 681 4731 860 4784; x_wconf 82' lang='lat' dir='ltr'><strong>facere</strong></span> <span class='ocrx_word' id='word_1_648' title='bbox 892 4729 1069 4793; x_wconf 84' lang='lat' dir='ltr'><strong>audet,</strong></span> <span class='ocrx_word' id='word_1_649' title='bbox 1100 4727 1315 4794; x_wconf 85' lang='lat' dir='ltr'><strong>inopum</strong></span> <span class='ocrx_word' id='word_1_650' title='bbox 1357 4726 1497 4778; x_wconf 90' lang='lat' dir='ltr'><strong>bona</strong></span> <span class='ocrx_word' id='word_1_651' title='bbox 1539 4724 1921 4785; x_wconf 86' lang='lat' dir='ltr'><strong>iutcrvertens,</strong></span> <span class='ocrx_word' id='word_1_652' title='bbox 1956 4738 2046 4776; x_wconf 82' lang='lat' dir='ltr'><strong>os-</strong></span> <span class='ocrx_word' id='word_1_653' title='bbox 2158 4720 2226 4773; x_wconf 80' lang='grc' dir='ltr'>ὢν</span> 
     </span>
    </p>
   </div>
   <div class='ocr_carea' id='block_1_90' title="bbox 2152 4720 3730 4794">
    <p class='ocr_par' dir='ltr' id='par_1_90' title="bbox 2158 4720 3730 4793">
     <span class='ocr_line' id='line_1_90' title="bbox 2158 4720 3730 4793; baseline -0.001 -20"><span class='ocrx_word' id='word_1_654' title='bbox 2158 4720 2254 4786; x_wconf 81' lang='grc' dir='ltr'>ὢν,</span> <span class='ocrx_word' id='word_1_655' title='bbox 2288 4720 2367 4772; x_wconf 75' lang='grc' dir='ltr'>ἔτι</span> <span class='ocrx_word' id='word_1_656' title='bbox 2403 4721 2496 4773; x_wconf 75' lang='grc' dir='ltr'><strong>καὶ</strong></span> <span class='ocrx_word' id='word_1_657' title='bbox 2524 4721 2858 4791; x_wconf 82' lang='grc' dir='ltr'>δημηγορεῖν</span> <span class='ocrx_word' id='word_1_658' title='bbox 2890 4722 3088 4793; x_wconf 80' lang='grc' dir='ltr'>τολμᾷ,</span> <span class='ocrx_word' id='word_1_659' title='bbox 3120 4724 3186 4775; x_wconf 81' lang='grc' dir='ltr'><strong>τὰ</strong></span> <span class='ocrx_word' id='word_1_660' title='bbox 3221 4723 3319 4793; x_wconf 83' lang='grc' dir='ltr'>μὲν</span> <span class='ocrx_word' id='word_1_661' title='bbox 3348 4723 3459 4776; x_wconf 82' lang='grc' dir='ltr'>τῶν</span> <span class='ocrx_word' id='word_1_662' title='bbox 3488 4725 3730 4793; x_wconf 75' lang='grc' dir='ltr'>πενήτων</span> 
     </span>
    </p>
   </div>
   <div class='ocr_carea' id='block_1_91' title="bbox 488 4808 2226 4891">
    <p class='ocr_par' dir='ltr' id='par_1_91' title="bbox 488 4812 2226 4891">
     <span class='ocr_line' id='line_1_91' title="bbox 488 4812 2226 4891; baseline -0.007 -17"><span class='ocrx_word' id='word_1_663' title='bbox 488 4838 593 4891; x_wconf 86' lang='lat' dir='ltr'><strong>que</strong></span> <span class='ocrx_word' id='word_1_664' title='bbox 610 4820 817 4888; x_wconf 83' lang='lat' dir='ltr'><strong>aperire</strong></span> <span class='ocrx_word' id='word_1_665' title='bbox 838 4830 1123 4886; x_wconf 83' lang='lat' dir='ltr'><strong>aggressus</strong></span> <span class='ocrx_word' id='word_1_666' title='bbox 1148 4815 1211 4867; x_wconf 88' lang='lat' dir='ltr'><strong>ad</strong></span> <span class='ocrx_word' id='word_1_667' title='bbox 1235 4822 1475 4867; x_wconf 85' lang='lat' dir='ltr'><strong>sanctam</strong></span> <span class='ocrx_word' id='word_1_668' title='bbox 1506 4812 1842 4881; x_wconf 80' lang='lat' dir='ltr'><strong>Scripturam</strong></span> <span class='ocrx_word' id='word_1_669' title='bbox 1874 4812 2057 4878; x_wconf 84' lang='lat' dir='ltr'><strong>legcn-</strong></span> <span class='ocrx_word' id='word_1_670' title='bbox 2160 4828 2226 4877; x_wconf 60' lang='grc' dir='ltr'><strong>σῳ</strong></span> 
     </span>
    </p>
   </div>
   <div class='ocr_carea' id='block_1_92' title="bbox 2152 4808 3731 4891">
    <p class='ocr_par' dir='ltr' id='par_1_92' title="bbox 2160 4808 3731 4885">
     <span class='ocr_line' id='line_1_92' title="bbox 2160 4808 3731 4885; baseline 0.002 -22"><span class='ocrx_word' id='word_1_671' title='bbox 2160 4808 2632 4880; x_wconf 64' lang='grc' dir='ltr'>σφετεριζόμενος,</span> <span class='ocrx_word' id='word_1_672' title='bbox 2680 4813 2855 4882; x_wconf 88' lang='grc' dir='ltr'>στόμα</span> <span class='ocrx_word' id='word_1_673' title='bbox 2903 4814 2960 4867; x_wconf 78' lang='grc' dir='ltr'>δὲ</span> <span class='ocrx_word' id='word_1_674' title='bbox 3013 4815 3218 4879; x_wconf 81' lang='grc' dir='ltr'>ἀνοῖξαι</span> <span class='ocrx_word' id='word_1_675' title='bbox 3276 4815 3579 4885; x_wconf 69' lang='grc' dir='ltr'>ἐπιχειρῶν</span> <span class='ocrx_word' id='word_1_676' title='bbox 3636 4813 3731 4867; x_wconf 67' lang='grc' dir='ltr'>ὑπὸ</span> 
     </span>
    </p>
   </div>
   <div class='ocr_carea' id='block_1_93' title="bbox 489 4901 2226 4973">
    <p class='ocr_par' dir='ltr' id='par_1_93' title="bbox 489 4901 2226 4969">
     <span class='ocr_line' id='line_1_93' title="bbox 489 4901 2226 4969; baseline -0.009 0"><span class='ocrx_word' id='word_1_677' title='bbox 489 4921 625 4969; x_wconf 80' lang='lat' dir='ltr'><strong>datu.</strong></span> <span class='ocrx_word' id='word_1_678' title='bbox 653 4914 920 4967; x_wconf 84' lang='lat' dir='ltr'><strong>clausum.</strong></span> <span class='ocrx_word' id='word_1_679' title='bbox 2159 4901 2226 4953; x_wconf 71' lang='grc' dir='ltr'>τᾶ</span> 
     </span>
    </p>
   </div>
   <div class='ocr_carea' id='block_1_94' title="bbox 2152 4901 2957 4973">
    <p class='ocr_par' dir='ltr' id='par_1_94' title="bbox 2159 4901 2957 4973">
     <span class='ocr_line' id='line_1_94' title="bbox 2159 4901 2957 4973; baseline 0.005 -20"><span class='ocrx_word' id='word_1_680' title='bbox 2159 4901 2265 4955; x_wconf 82' lang='grc' dir='ltr'><strong>τῶν</strong></span> <span class='ocrx_word' id='word_1_681' title='bbox 2297 4902 2335 4952; x_wconf 89' lang='grc' dir='ltr'><strong><em>Γ</em></strong></span> <span class='ocrx_word' id='word_1_682' title='bbox 2342 4901 2528 4972; x_wconf 84' lang='grc' dir='ltr'>ραφῶν</span> <span class='ocrx_word' id='word_1_683' title='bbox 2552 4902 2957 4973; x_wconf 86' lang='grc' dir='ltr'>κεκλεισμένον.</span> 
     </span>
    </p>
   </div>
   <div class='ocr_carea' id='block_1_95' title="bbox 624 5008 2226 5089">
    <p class='ocr_par' dir='ltr' id='par_1_95' title="bbox 624 5008 1911 5073">
     <span class='ocr_line' id='line_1_95' title="bbox 624 5008 1911 5073; baseline -0.009 1"><span class='ocrx_word' id='word_1_684' title='bbox 624 5016 832 5073; x_wconf 88' lang='grc'>00011.</span> <span class='ocrx_word' id='word_1_685' title='bbox 860 5044 932 5057; x_wconf 91' lang='lat'><strong>-—</strong></span> <span class='ocrx_word' id='word_1_686' title='bbox 966 5011 1339 5069; x_wconf 80' lang='lat' dir='ltr'><strong>DOROTHEO</strong></span> <span class='ocrx_word' id='word_1_687' title='bbox 1377 5009 1685 5065; x_wconf 77' lang='lat' dir='ltr'><strong>CLARISS.</strong></span> <span class='ocrx_word' id='word_1_688' title='bbox 1730 5008 1911 5063; x_wconf 74' lang='lat' dir='ltr'><strong>VlllO.</strong></span> 
     </span>
    </p>
   </div>
   <div class='ocr_carea' id='block_1_96' title="bbox 2152 5008 3491 5089">
    <p class='ocr_par' dir='ltr' id='par_1_96' title="bbox 2408 5010 3491 5089">
     <span class='ocr_line' id='line_1_96' title="bbox 2408 5010 3491 5089; baseline 0.009 -28"><span class='ocrx_word' id='word_1_689' title='bbox 2408 5010 2528 5063; x_wconf 86' lang='lat' dir='ltr'><strong>TB&#39;.</strong></span> <span class='ocrx_word' id='word_1_690' title='bbox 2562 5041 2633 5053; x_wconf 89' lang='lat'><em>_</em></span> <span class='ocrx_word' id='word_1_691' title='bbox 2659 5013 2962 5085; x_wconf 82' lang='grc' dir='ltr'><strong>ΔΩΡΟΘΕῼ</strong></span> <span class='ocrx_word' id='word_1_692' title='bbox 2996 5015 3491 5089; x_wconf 70' lang='grc' dir='ltr'><strong>ΛΛΜΠΡΟΤΑΤῼ.</strong></span> 
     </span>
    </p>
   </div>
   <div class='ocr_carea' id='block_1_97' title="bbox 1295 5102 2929 5175">
    <p class='ocr_par' dir='ltr' id='par_1_97' title="bbox 1295 5102 2929 5175">
     <span class='ocr_line' id='line_1_97' title="bbox 1295 5102 2929 5175; baseline 0 -20"><span class='ocrx_word' id='word_1_693' title='bbox 1295 5102 1470 5169; x_wconf 80' lang='lat' dir='ltr'><strong>Huius</strong></span> <span class='ocrx_word' id='word_1_694' title='bbox 1501 5113 1547 5155; x_wconf 81' lang='lat' dir='ltr'><strong>et</strong></span> <span class='ocrx_word' id='word_1_695' title='bbox 1581 5102 1779 5170; x_wconf 76' lang='lat' dir='ltr'><strong>futura:</strong></span> <span class='ocrx_word' id='word_1_696' title='bbox 1806 5103 1925 5155; x_wconf 72' lang='lat' dir='ltr'><strong>vita:</strong></span> <span class='ocrx_word' id='word_1_697' title='bbox 1954 5102 2354 5155; x_wconf 82' lang='lat' dir='ltr'><strong>dissimilitudo.</strong></span> <span class='ocrx_word' id='word_1_698' title='bbox 2385 5102 2563 5170; x_wconf 79' lang='lat' dir='ltr'><strong>(Couf.</strong></span> <span class='ocrx_word' id='word_1_699' title='bbox 2592 5104 2747 5171; x_wconf 80' lang='lat' dir='ltr'><strong>epist.</strong></span> <span class='ocrx_word' id='word_1_700' title='bbox 2776 5103 2929 5175; x_wconf 59' lang='lat'><strong>222.)</strong></span> 
     </span>
    </p>
   </div>
   <div class='ocr_carea' id='block_1_98' title="bbox 557 5190 2226 5271">
    <p class='ocr_par' dir='ltr' id='par_1_98' title="bbox 557 5190 2058 5265">
     <span class='ocr_line' id='line_1_98' title="bbox 557 5190 2058 5265; baseline -0.007 -13"><span class='ocrx_word' id='word_1_701' title='bbox 557 5195 1015 5265; x_wconf 81' lang='lat' dir='ltr'><strong>Quemadmodum</strong></span> <span class='ocrx_word' id='word_1_702' title='bbox 1040 5190 1419 5247; x_wconf 66' lang='lat' dir='ltr'><strong>dissimilitudo</strong></span> <span class='ocrx_word' id='word_1_703' title='bbox 1447 5207 1563 5260; x_wconf 72' lang='lat' dir='ltr'><strong>qua:</strong></span> <span class='ocrx_word' id='word_1_704' title='bbox 1586 5192 1744 5244; x_wconf 85' lang='lat' dir='ltr'><strong>vitam</strong></span> <span class='ocrx_word' id='word_1_705' title='bbox 1771 5190 2058 5243; x_wconf 85' lang='lat' dir='ltr'><strong>comitatur</strong></span> 
     </span>
    </p>
   </div>
   <div class='ocr_carea' id='block_1_99' title="bbox 2152 5190 3733 5271">
    <p class='ocr_par' dir='ltr' id='par_1_99' title="bbox 2240 5191 3733 5271">
     <span class='ocr_line' id='line_1_99' title="bbox 2240 5191 3733 5271; baseline 0.011 -30"><span class='ocrx_word' id='word_1_706' title='bbox 2240 5191 2451 5261; x_wconf 82' lang='grc' dir='ltr'>Ὥσπερ</span> <span class='ocrx_word' id='word_1_707' title='bbox 2479 5194 2510 5260; x_wconf 81' lang='grc' dir='ltr'>ἡ</span> <span class='ocrx_word' id='word_1_708' title='bbox 2541 5193 2823 5263; x_wconf 69' lang='grc' dir='ltr'>ἀνωμαλία</span> <span class='ocrx_word' id='word_1_709' title='bbox 2854 5197 2885 5265; x_wconf 84' lang='grc' dir='ltr'>ἡ</span> <span class='ocrx_word' id='word_1_710' title='bbox 2912 5197 2970 5248; x_wconf 78' lang='grc' dir='ltr'>ὲν</span> <span class='ocrx_word' id='word_1_711' title='bbox 2998 5196 3133 5267; x_wconf 81' lang='grc' dir='ltr'>τῷδε</span> <span class='ocrx_word' id='word_1_712' title='bbox 3187 5198 3263 5270; x_wconf 80' lang='grc' dir='ltr'>τῷ</span> <span class='ocrx_word' id='word_1_713' title='bbox 3314 5199 3415 5271; x_wconf 73' lang='grc' dir='ltr'>βίῳ</span> <span class='ocrx_word' id='word_1_714' title='bbox 3441 5204 3733 5271; x_wconf 74' lang='grc' dir='ltr'>χορεύουσα</span> 
     </span>
    </p>
   </div>
   <div class='ocr_carea' id='block_1_100' title="bbox 488 5278 2226 5363">
    <p class='ocr_par' dir='ltr' id='par_1_100' title="bbox 488 5281 2226 5362">
     <span class='ocr_line' id='line_1_100' title="bbox 488 5281 2226 5362; baseline -0.009 -16"><span class='ocrx_word' id='word_1_715' title='bbox 488 5290 810 5362; x_wconf 67' lang='lat' dir='ltr'><strong>mqualitatis</strong></span> <span class='ocrx_word' id='word_1_716' title='bbox 845 5288 1054 5342; x_wconf 88' lang='lat' dir='ltr'><strong>videtur</strong></span> <span class='ocrx_word' id='word_1_717' title='bbox 1082 5284 1406 5347; x_wconf 78' lang='lat' dir='ltr'><strong>diﬂ‘erentia,</strong></span> <span class='ocrx_word' id='word_1_718' title='bbox 1442 5284 1521 5339; x_wconf 89' lang='lat' dir='ltr'><strong>sic</strong></span> <span class='ocrx_word' id='word_1_719' title='bbox 1550 5292 1603 5336; x_wconf 90' lang='lat' dir='ltr'><strong>et</strong></span> <span class='ocrx_word' id='word_1_720' title='bbox 1642 5284 1694 5335; x_wconf 90' lang='lat' dir='ltr'><strong>in</strong></span> <span class='ocrx_word' id='word_1_721' title='bbox 1722 5282 1899 5335; x_wconf 79' lang='lat' dir='ltr'><strong>futura</strong></span> <span class='ocrx_word' id='word_1_722' title='bbox 1933 5281 2040 5334; x_wconf 87' lang='lat' dir='ltr'><strong>vita</strong></span> <span class='ocrx_word' id='word_1_723' title='bbox 2150 5281 2226 5348; x_wconf 79' lang='grc' dir='ltr'><strong>τῆ.</strong></span> 
     </span>
    </p>
   </div>
   <div class='ocr_carea' id='block_1_101' title="bbox 2152 5278 3728 5363">
    <p class='ocr_par' dir='ltr' id='par_1_101' title="bbox 2152 5278 3728 5363">
     <span class='ocr_line' id='line_1_101' title="bbox 2152 5278 3728 5363; baseline 0.011 -31"><span class='ocrx_word' id='word_1_724' title='bbox 2152 5281 2245 5348; x_wconf 78' lang='grc' dir='ltr'>τῆς</span> <span class='ocrx_word' id='word_1_725' title='bbox 2282 5280 2522 5344; x_wconf 71' lang='grc' dir='ltr'>ἰσότητος</span> <span class='ocrx_word' id='word_1_726' title='bbox 2554 5278 2688 5335; x_wconf 75' lang='grc' dir='ltr'>εἶναι</span> <span class='ocrx_word' id='word_1_727' title='bbox 2730 5285 2878 5337; x_wconf 87' lang='grc' dir='ltr'><strong>δοκεῖ</strong></span> <span class='ocrx_word' id='word_1_728' title='bbox 2932 5287 3163 5358; x_wconf 80' lang='grc' dir='ltr'>διαφορά</span> <span class='ocrx_word' id='word_1_729' title='bbox 3208 5291 3344 5359; x_wconf 85' lang='grc'>(88),</span> <span class='ocrx_word' id='word_1_730' title='bbox 3388 5292 3535 5347; x_wconf 75' lang='grc' dir='ltr'>οὕτω</span> <span class='ocrx_word' id='word_1_731' title='bbox 3566 5297 3661 5349; x_wconf 76' lang='grc' dir='ltr'>καὶ</span> <span class='ocrx_word' id='word_1_732' title='bbox 3701 5298 3728 5363; x_wconf 81' lang='grc' dir='ltr'><strong>ή</strong></span> 
     </span>
    </p>
   </div>
   <div class='ocr_carea' id='block_1_102' title="bbox 560 5392 2226 5466">
    <p class='ocr_par' dir='ltr' id='par_1_102' title="bbox 560 5395 2224 5464">
     <span class='ocr_line' id='line_1_102' title="bbox 560 5395 2224 5464; baseline -0.007 -6"><span class='ocrx_word' id='word_1_733' title='bbox 560 5405 606 5436; x_wconf 80' lang='grc'><strong>⁷⁸</strong></span> <span class='ocrx_word' id='word_1_734' title='bbox 637 5402 678 5459; x_wconf 83' lang='lat' dir='ltr'><strong>ll</strong></span> <span class='ocrx_word' id='word_1_735' title='bbox 708 5403 835 5458; x_wconf 87' lang='lat' dir='ltr'><strong>Cor.</strong></span> <span class='ocrx_word' id='word_1_736' title='bbox 870 5416 949 5464; x_wconf 72' lang='grc' dir='ltr'>ιι,</span> <span class='ocrx_word' id='word_1_737' title='bbox 982 5400 1071 5455; x_wconf 69' lang='lat'><strong>99.</strong></span> <span class='ocrx_word' id='word_1_738' title='bbox 1147 5399 1190 5429; x_wconf 77' lang='grc'><strong>⁷⁷</strong></span> <span class='ocrx_word' id='word_1_739' title='bbox 1225 5399 1347 5453; x_wconf 84' lang='lat' dir='ltr'><strong>Act.</strong></span> <span class='ocrx_word' id='word_1_740' title='bbox 1379 5414 1469 5460; x_wconf 76' lang='lat' dir='ltr'><strong>xx,</strong></span> <span class='ocrx_word' id='word_1_741' title='bbox 1510 5397 1597 5451; x_wconf 77' lang='grc'><strong>53.</strong></span> <span class='ocrx_word' id='word_1_742' title='bbox 1676 5396 1722 5426; x_wconf 80' lang='grc'><strong>⁷⁸</strong></span> <span class='ocrx_word' id='word_1_743' title='bbox 1749 5398 1867 5449; x_wconf 78' lang='lat' dir='ltr'><strong>Act.</strong></span> <span class='ocrx_word' id='word_1_744' title='bbox 1907 5410 1984 5458; x_wconf 81' lang='lat' dir='ltr'><strong>Ix,</strong></span> <span class='ocrx_word' id='word_1_745' title='bbox 2016 5395 2103 5448; x_wconf 82' lang='grc'>15.</span> <span class='ocrx_word' id='word_1_746' title='bbox 2185 5395 2224 5425; x_wconf 83' lang='grc'><strong>¹⁹</strong></span> 
     </span>
    </p>
   </div>
   <div class='ocr_carea' id='block_1_103' title="bbox 2152 5392 3235 5466">
    <p class='ocr_par' dir='ltr' id='par_1_103' title="bbox 2185 5392 3235 5466">
     <span class='ocr_line' id='line_1_103' title="bbox 2185 5392 3235 5466; baseline 0.013 -21"><span class='ocrx_word' id='word_1_747' title='bbox 2185 5395 2224 5425; x_wconf 84' lang='grc'><strong>¹⁹</strong></span> <span class='ocrx_word' id='word_1_748' title='bbox 2256 5392 2426 5464; x_wconf 80' lang='lat' dir='ltr'><strong>chg.</strong></span> <span class='ocrx_word' id='word_1_749' title='bbox 2456 5404 2554 5461; x_wconf 57' lang='grc' dir='ltr'><strong>διιῇ</strong></span> <span class='ocrx_word' id='word_1_750' title='bbox 2580 5396 2634 5463; x_wconf 81' lang='lat'><strong>&#39;5,</strong></span> <span class='ocrx_word' id='word_1_751' title='bbox 2658 5398 2731 5465; x_wconf 72' lang='lat'><strong>4;</strong></span> <span class='ocrx_word' id='word_1_752' title='bbox 2766 5399 2932 5454; x_wconf 89' lang='lat' dir='ltr'><strong>Eccli.</strong></span> <span class='ocrx_word' id='word_1_753' title='bbox 2976 5417 3118 5466; x_wconf 72' lang='lat' dir='ltr'><strong>ILvt,</strong></span> <span class='ocrx_word' id='word_1_754' title='bbox 3152 5403 3235 5459; x_wconf 84' lang='grc'>16.</span> 
     </span>
    </p>
   </div>
   <div class='ocr_carea' id='block_1_104' title="bbox 1622 5470 3344 5565">
    <p class='ocr_par' dir='ltr' id='par_1_104' title="bbox 1622 5470 3344 5565">
     <span class='ocr_line' id='line_1_104' title="bbox 1622 5470 3344 5565; baseline 0.006 -6"><span class='ocrx_word' id='word_1_755' title='bbox 1622 5504 1858 5560; x_wconf 61' lang='lat' dir='ltr'><strong>vanius</strong></span> <span class='ocrx_word' id='word_1_756' title='bbox 1898 5504 2284 5561; x_wconf 83' lang='lat' dir='ltr'><strong>LECTIONES</strong></span> <span class='ocrx_word' id='word_1_757' title='bbox 2322 5507 2411 5561; x_wconf 90' lang='lat' dir='ltr'><strong>ET</strong></span> <span class='ocrx_word' id='word_1_758' title='bbox 2447 5507 2682 5565; x_wconf 61' lang='lat' dir='ltr'><strong>nom;</strong></span> <span class='ocrx_word' id='word_1_759' title='bbox 3112 5486 3122 5498; x_wconf 82' lang='grc'><strong>’</strong></span> <span class='ocrx_word' id='word_1_760' title='bbox 3337 5470 3344 5476; x_wconf 24' lang='lat'><em>.</em></span> 
     </span>
    </p>
   </div>
   <div class='ocr_carea' id='block_1_105' title="bbox 494 5616 2226 5741">
    <p class='ocr_par' dir='ltr' id='par_1_105' title="bbox 494 5616 2226 5741">
     <span class='ocr_line' id='line_1_105' title="bbox 565 5616 2226 5688; baseline -0.003 -14"><span class='ocrx_word' id='word_1_761' title='bbox 565 5620 674 5687; x_wconf 84' lang='lat'><strong>(88)</strong></span> <span class='ocrx_word' id='word_1_762' title='bbox 708 5621 813 5672; x_wconf 84' lang='lat' dir='ltr'><strong>Pro</strong></span> <span class='ocrx_word' id='word_1_763' title='bbox 867 5618 1095 5688; x_wconf 61' lang='grc' dir='ltr'>διαφορά</span> <span class='ocrx_word' id='word_1_764' title='bbox 1131 5619 1287 5674; x_wconf 90' lang='lat' dir='ltr'><strong>codd.</strong></span> <span class='ocrx_word' id='word_1_765' title='bbox 1338 5618 1461 5673; x_wconf 78' lang='lat' dir='ltr'><strong>Vat.</strong></span> <span class='ocrx_word' id='word_1_766' title='bbox 1502 5616 1609 5673; x_wconf 79' lang='lat'><strong>650</strong></span> <span class='ocrx_word' id='word_1_767' title='bbox 1676 5626 1730 5671; x_wconf 88' lang='lat' dir='ltr'><strong>et</strong></span> <span class='ocrx_word' id='word_1_768' title='bbox 1768 5616 1873 5671; x_wconf 83' lang='lat' dir='ltr'><strong>Alt.</strong></span> <span class='ocrx_word' id='word_1_769' title='bbox 1936 5616 2119 5686; x_wconf 76' lang='lat' dir='ltr'><strong>legunt</strong></span> <span class='ocrx_word' id='word_1_770' title='bbox 2171 5616 2226 5669; x_wconf 82' lang='grc' dir='ltr'><strong>δι</strong></span> 
     </span>
     <span class='ocr_line' id='line_1_106' title="bbox 494 5688 936 5741; baseline -0.007 -1"><span class='ocrx_word' id='word_1_771' title='bbox 494 5690 693 5741; x_wconf 73' lang='grc' dir='ltr'>ἐκεῖσε.</span> <span class='ocrx_word' id='word_1_772' title='bbox 732 5688 936 5741; x_wconf 69' lang='lat' dir='ltr'><strong>Possint.</strong></span> 
     </span>
    </p>
   </div>
   <div class='ocr_carea' id='block_1_106' title="bbox 2152 5616 3723 5741">
    <p class='ocr_par' dir='ltr' id='par_1_106' title="bbox 2171 5616 3723 5696">
     <span class='ocr_line' id='line_1_107' title="bbox 2171 5616 3723 5696; baseline 0.008 -27"><span class='ocrx_word' id='word_1_773' title='bbox 2171 5616 2469 5691; x_wconf 81' lang='grc' dir='ltr'>διαφθορά·</span> <span class='ocrx_word' id='word_1_774' title='bbox 2518 5632 2573 5678; x_wconf 83' lang='grc' dir='ltr'><strong>ει</strong></span> <span class='ocrx_word' id='word_1_775' title='bbox 2625 5638 2765 5679; x_wconf 88' lang='lat' dir='ltr'><strong>vers.</strong></span> <span class='ocrx_word' id='word_1_776' title='bbox 2826 5639 2948 5696; x_wconf 88' lang='lat' dir='ltr'><strong>pen.</strong></span> <span class='ocrx_word' id='word_1_777' title='bbox 3009 5639 3094 5695; x_wconf 81' lang='lat' dir='ltr'><strong>ep.</strong></span> <span class='ocrx_word' id='word_1_778' title='bbox 3147 5626 3358 5682; x_wconf 78' lang='grc' dir='ltr'>ἐκεῖθεν</span> <span class='ocrx_word' id='word_1_779' title='bbox 3417 5637 3634 5687; x_wconf 68' lang='lat' dir='ltr'><strong>mutant</strong></span> <span class='ocrx_word' id='word_1_780' title='bbox 3675 5630 3723 5682; x_wconf 75' lang='lat' dir='ltr'><strong>is</strong></span> 
     </span>
    </p>
   </div>
  </div>
