3974 6144
248 326 384 397 1513
1113 321 1653 388 EPISTOLARUM
1693 322 1843 384 LIB.

1938 368 1951 382 .
1988 345 2055 358 -
2110 320 2354 383 EPIST.
2394 322 2626 385 CCCVI.
3361 316 3497 384 15Ιὶ

242 449 301 502 δν
330 444 410 516 τῷ
441 442 691 516 μέλλοντι
729 441 891 497 αίῶνι
921 440 1197 512 ἀνισότης.
1227 441 1301 494 Οὐ
1340 441 1447 512 γὰρ
1483 441 1683 503 πάντες
1711 439 1820 493 τῶν

1934 443 2124 493 eterna
2150 438 2256 493 erit
2273 438 2624 509 inaequalitas.
2653 435 2770 492 Non
2793 437 2936 491 enim
2954 436 3141 492 eadem
3163 448 3351 491 omnes
3375 451 3495 493 con-

242 536 424 592 αὐτῶν
469 533 889 589 ἀπολαύσονται.
924 531 1061 586 Οὐδὲ
1103 533 1213 603 γὰρ
1240 532 1449 585 δίκαιον
1478 535 1575 586 τοι
1633 533 1709 603 μὴ
1761 530 1823 584 τδ

1934 538 2244 597 sequentur.
2288 528 2537 598 Iniquum
2560 527 2705 583 enim
2736 537 2886 584 esset
2927 537 2988 582 ut
3024 527 3092 582 iis
3129 528 3221 597 qui
3260 526 3499 598 disparia

241 629 356 682 ἴσον
411 625 744 694 πεποιηκόσι
789 622 851 676 τὸ
903 620 1020 675 ἴσον
1070 621 1518 692 ἀπονεμηθῖψαι·
1577 619 1821 691 ίσότητός

1934 630 2233 688 gesserunt,
2284 620 2512 691 aequalia
2550 620 2858 675 tribuantur
2890 635 2905 673 :
2949 619 3273 690 aequalitatis
3324 629 3410 675 est
3442 629 3499 674 et

249 722 367 772 ὲστι
400 717 497 770 καὶ
528 714 883 784 δικαιοσύνης
911 714 1207 779 ἀπόδειξις.
1235 714 1363 766 Αλλ’
1396 715 1430 784 ὴ
1469 714 1569 783 μὲν
1589 711 1823 766 ἐνταῦθα

1934 712 2142 776 iustitiae
2162 713 2571 768 demonstratio.
2605 712 2805 768 Verum
2831 714 2875 768 si
2900 728 3007 784 qua
3024 713 3113 767 hic
3136 712 3499 782 inaequalitas,

241 806 525 878 ἀνωμαλία
561 806 791 877 μελέτης
811 806 906 860 καὶ
933 806 1247 877 γυμνασίας
1276 805 1439 859 ἓνεκα
1480 804 1827 876 συγκεχώρη-

239 918 331 953 ται
352 916 367 929 ⁸
409 901 441 968 ἡ
474 899 529 951 δὲ
568 898 803 964 ἐκεῖθεν,
838 898 1185 969 δικαιοσύνης
1212 898 1397 954 ἕνεκεν
1423 900 1517 952 καὶ
1539 899 1830 970 εὐδοκιμή-

241 1008 377 1056 cum;
406 991 719 1061 γενήσεται.

764 1097 886 1151 TI".
926 1125 998 1137 —
1028 1096 1280 1166 nar/to.

1928 804 2306 861 sollicitudinis
2345 806 2860 877 exercitationisque
2905 805 3082 878 gratia
3117 804 3224 874 ﬁt;
3260 803 3333 860 ibi
3372 818 3500 860 vero

1924 894 2150 963 iustitiae
2183 909 2247 948 ac
2274 895 2517 965 probata:
2547 896 2668 949 vitm
2693 895 2865 965 gratia
2902 896 3251 951 retribuetur.

2386 1096 2604 1154 eccm.
2654 1129 2727 1141 --
2778 1079 3029 1155 pAU'Lo.

1172 1191 1285 1246 Deo
1310 1190 1388 1246 νο.
1419 1191 1497 1246 Μ.
1528 1209 1625 1260 pro
1656 1193 1900 1248 omnibus
1932 1196 2085 1249 rebus
2115 1197 2331 1265 agenda:
2360 1199 2570 1264 gratiae.

324 1311 414 1364 Ἑν
441 1311 565 1373 ταῖς
596 1308 731 1379 πρὸς
763 1307 826 1362 τὸ
856 1307 1013 1363 Θεῖον
1042 1308 1415 1387 εὐχαριστίαις
1460 1309 1566 1382 χρὴ
1612 1309 1824 1372 πάντας

240 1401 674 1469 συνεισενεγκεῖν
706 1398 736 1451 ὃ
762 1398 984 1490 ἔχομεν,
1014 1400 1208 1473 ἐπειδὴ
1248 1400 1350 1455 οὐκ
1373 1400 1569 1472 ἔχομεν
1591 1399 1620 1453 ὃ
1645 1416 1823 1469 χρεω-

1994 1308 2305 1364 Gratiarum
2342 1310 2409 1363 ad
2442 1309 2611 1365 Deum
2643 1307 2911 1364 actionem
2938 1304 3153 1363 referre
3180 1316 3285 1376 pro
3317 1306 3499 1361 omni-

1926 1402 2025 1455 bus
2057 1414 2177 1470 quae
2201 1401 2465 1456 habemus
2508 1400 2784 1455 convenit.
2822 1398 3006 1471 Neque
3036 1398 3181 1454 enim
3228 1406 3493 1467 quantmu

241 1495 475 1564 στοῦμεν
492 1510 507 1524 ο
540 1492 595 1546 τί
629 1492 740 1563 γὰρ
768 1486 864 1545 καὶ
889 1492 1351 1564 προσενέγκοιμεν
1371 1491 1522 1558 ἀξιον
1542 1491 1621 1562 τῷ
1640 1490 1823 1562 πάσης

1934 1491 2199 1556 debemus,
2226 1505 2538 1561 possumus.
2577 1488 2717 1555 Quid
2750 1488 2894 1545 enim
2927 1489 3261 1559 condignum
3304 1486 3500 1542 alieru-

238 1585 476 1657 ἀμοιϐἧς
502 1585 772 1653 κρείττονι
790 1601 804 1649 ;

777 1697 897 1749 TA'.
934 1727 1003 1737 —
1036 1697 1281 1769 ΠΕΤΡῼ.

1926 1592 2035 1644 tur,
2076 1580 2161 1635 cui
2193 1578 2331 1632 nihil
2365 1593 2470 1633 non
2511 1577 2781 1634 debetur?

2403 1683 2625 1741 CCCIV.
2661 1715 2730 1728 -—
2755 1682 3007 1741 PETRO.

991 1787 1298 1844 Periculose
1327 1788 1594 1855 laborant,
1624 1787 1715 1857 qui
1742 1782 1878 1839 male
1902 1788 2113 1851 agentes
2154 1777 2276 1832 boni
2302 1778 2469 1833 videri
2499 1778 2736 1845 cupiunt.

311 1903 383 1955 Τὸ
406 1901 569 1968 ἄδοξα
599 1901 929 1973 πράττοντα,
965 1900 1178 1968 ἔνδοξον
1202 1899 1384 1954 δοκεῖν
1422 1896 1583 1965 εἶναι,
1614 1897 1827 1961 πολλοῖς

2003 1889 2162 1961 Optat
2188 1890 2404 1960 quidem
2429 1889 2588 1959 vulgo
2621 1888 2913 1959 gloriosum
2966 1887 3161 1955 videri,
3200 1888 3293 1959 qui
3326 1889 3501 1958 turpia

239 1994 343 2063 μὲν
366 1995 614 2047 εὐκταῖον
646 1996 828 2062 σοφοῖς
851 1992 908 2045 δὲ
936 1994 1035 2046 οὐκ
1062 1992 1350 2062 ἐράσμιον.
1392 1991 1460 2043 Ἠ
1487 1990 1594 2059 γὰρ
1621 1987 1820 2055 ἔξωθεν

235 2087 367 2153 δόξα
407 2087 504 2156 τὴν
544 2086 695 2139 ἔνδον
726 2085 944 2151 ἀδοξίαν
974 2088 1185 2155 νευροῖ’
1218 2084 1315 2139 καὶ
1339 2084 1401 2137 τὸ
1430 2083 1609 2137 δοκεῖν
1637 2082 1817 2151 ὑγιαί-

238 2192 355 2230 νειν
387 2173 483 2229 τοῦ
529 2175 698 2240 ὄντως
752 2175 1018 2245 ὑγιαίνειν
1050 2176 1351 2244 φαντασίαν
1380 2173 1670 2246 ἐμποιοῦν,
1698 2172 1822 2226 οὐδὲ

236 2266 539 2339 θεραπείαν
576 2267 901 2339 προσίεσθαι
941 2270 1232 2347 συγχωρεῖ.

736 2465 858 2523 TE'.
891 2499 960 2509 —
990 2469 1077 2540 Τῼ
1110 2469 1313 2541 arm.

1928 1992 2142 2054 patrat;
2204 1981 2477 2051 sapientes
2518 1990 2706 2034 contra
2753 1980 2808 2036 id
2854 1991 3195 2036 aversantur.
3245 1979 3502 2037 Extrema

1924 2077 2069 2130 enim
2091 2074 2284 2144 gloria,
2316 2073 2584 2127 internam
2640 2074 2963 2128 corroborat
3010 2073 3385 2139 ignominiam,
3444 2081 3504 2127 ut

1921 2167 2205 2238 persuasio
2265 2166 2331 2220 de
2401 2164 2727 2227 valetudine.
2787 2165 3115 2234 ingeneraus
3184 2166 3502 2235 opinionem

1921 2269 2088 2315 certas
2158 2255 2430 2321 sanitatis,
2499 2257 2837 2311 curationem
2898 2265 3155 2327 appetere
3212 2272 3319 2312 non
3390 2270 3508 2326 pe;-

1925 2352 2114 2405 mittit.

2419 2454 2621 2512 CCCV.
2650 2488 2719 2498 —
2767 2454 3001 2512 EIDEM.

1054 2560 1192 2616 Bene
1215 2563 1307 2632 qui
1333 2560 1512 2627 latuit,
1543 2560 1667 2615 bene
1706 2557 1856 2613 vixit.
1893 2552 2009 2625 (Sic
2041 2550 2192 2618 epist.
2228 2548 2352 2615 £08,
2387 2548 2513 2614 562,
2549 2547 2698 2618 565.)

320 2667 535 2739 ’Ὠσπερ
566 2668 682 2736 εῖγε
708 2670 817 2740 χρὴ
842 2669 979 2733 ὅλως
1015 2668 1433 2741 ὲναϐρύνεσθαι,
1484 2668 1586 2721 οὐκ
1623 2666 1716 2720 ἐπὶ
1741 2666 1820 2736 τῷ

238 2760 503 2831 πράττειν
532 2760 714 2824 ἁπλῶς
745 2759 781 2814 ἃ
813 2760 889 2832 μὴ
908 2760 989 2814 δεῖ
1018 2761 1122 2831 χρὴ
1151 2759 1538 2830 σεμνύνεσθαι,
1571 2756 1687 2813 ἀλλ’
1727 2757 1822 2810 ἐπὶ

242 2852 327 2922 τῷ
360 2852 619 2921 πράττειν
650 2853 685 2907 ἃ.
714 2857 818 2923 χρὴ
841 2869 854 2882 ⁸
881 2852 996 2906 ἔστι
1026 2852 1136 2923 γάρ
1166 2851 1410 2923 ἀπραξία
1462 2849 1716 2921 πράξεως
1742 2849 1824 2902 αἱ·

238 2944 542 3015 ρετωτέρα.
577 2943 734 2997 Οὕτω
771 2945 865 2998 καὶ
896 2945 991 2998 ἐπὶ
1023 2942 1100 3013 τῷ
1136 2942 1344 3007 ἀδοξεῖν
1380 2941 1565 3004 ἁπλῶς
1597 2942 1661 2993 οὐ
1715 2938 1823 3010 χρὴ

233 3036 554 3099 λυπεῖσθαι,
603 3037 718 3090 ἀλλ’
746 3037 838 3089 ἐπὶ
888 3036 966 3106 τῷ
1010 3035 1235 3097 δικαίως
1273 3032 1514 3098 ἀδοξεῖν·
1571 3030 1821 3104 ἔστιγὰρ

232 3127 428 3194 ἀδοξία
458 3125 615 3200 δόξης
642 3125 1045 3197 ἀσφαλεστέρα.

710 3325 851 3393 Τςῖν.
888 3354 957 3368 -
983 3322 1334 3392 ΘΕΟΔΟΣΙῼ.

1997 2660 2070 2717 Ut.
2100 2660 2147 2714 si
2171 2658 2511 2726 gloriandum
2555 2666 2673 2723 est,
2732 2674 2840 2712 non
2878 2658 2945 2713 de
3002 2658 3069 2712 iis
3106 2659 3331 2714 omnino
3382 2674 3504 2728 quae

1925 2750 2079 2807 nefas
2108 2751 2183 2806 sit
2211 2766 2397 2819 agere,
2448 2750 2543 2803 liat
2597 2751 2915 2815 ostentatio,
2970 2751 3063 2804 sed
3109 2750 3176 2804 de
3227 2750 3293 2805 iis
3323 2753 3505 2821 potius

1925 2856 2047 2910 quae
2079 2855 2241 2909 agere
2268 2849 2502 2908 oportet.
2545 2838 2643 2895 Est
2675 2842 2821 2894 enim
2870 2841 3107 2911 optanda
3134 2842 3506 2912 tranquillitas

1926 2934 2106 3003 potius
2135 2946 2297 3001 quam
2336 2932 2633 3002 negotium.
2661 2930 2752 2987 Sic
2776 2941 2832 2988 et
2857 2932 3102 3003 ignotum
3133 2947 3254 2990 esse
3281 2933 3508 2990 omnino

1932 3023 2220 3079 dolendum
2272 3037 2377 3078 non
2438 3031 2544 3087 est,
2588 3023 2697 3079 imo
2740 3026 2986 3094 ignotum
3034 3039 3155 3081 esse
3211 3026 3508 3095 optandum

1931 3115 2188 3171 maxime.
2239 3111 2433 3170 Tutius
2471 3124 2557 3170 est
2605 3115 2750 3170 enim
2802 3115 3065 3187 ignorari,
3122 3130 3282 3187 quam
3349 3116 3502 3172 t‘atna

1852 3190 1901 3254 (ἶ
1930 3207 2215 3264 celebrari.

2238 3316 2406 3388 652
2451 3315 2674 3373 CCCVI.
2700 3348 2771 3359 —-
2803 3315 3217 3377 THEODOSIO.

729 3416 937 3472 Luazum
968 3416 1328 3479 temperantiae
1364 3413 1644 3470 aduersum
1670 3410 2002 3483 fugiendum,
2040 3426 2134 3464 nec
2158 3411 2298 3479 vulgi
2323 3410 2522 3477 iudicio
2544 3426 2623 3464 res
2647 3411 3020 3474 ponderandas.

325 3530 391 3585 Ἦ
415 3529 616 3602 τρυφὴ,
650 3530 684 3599 ή
717 3530 903 3597 πάσης
929 3528 1223 3590 ἀκολασίας
1252 3528 1346 3579 καὶ
1371 3526 1555 3597 μήτηρ
1581 3524 1678 3578 καὶ
1700 3539 1825 3595 τρο-

229 3624 365 3693 φὸς,
391 3622 521 3675 ὅταν
573 3618 828 3691 τραπέζῃ
879 3617 1185 3691 πληθούσῃ,
1225 3619 1320 3672 καὶ
1362 3616 1639 3679 παντοίοις
1671 3615 1825 3684 δψοις

228 3714 342 3769 καὶ
370 3713 645 3783 ἡδύσμασι
679 3710 932 3781 κομώσῃ,
959 3710 1059 3781 τὴν
1089 3710 1188 3779 μὲν
1221 3708 1413 3777 γεῦσιν
1432 3708 1543 3763 τῶν
1572 3709 1824 3779 ὁρώντων

229 3804 388 3875 πρὸς
432 3803 729 3871 ἐπιθυμίαν
761 3803 981 3873 κινήσῃ,
1024 3802 1117 3855 τὸν
1145 3801 1202 3854 δὲ
1232 3800 1356 3855 νοῦν
1384 3800 1495 3854 τῶν
1526 3801 1825 3871 χρωμένων

229 3894 608 3964 ἐπιὸρίθουσα
637 3892 941 3963 χρήσασθαί
962 3911 1083 3947 τινα
1116 3893 1408 3965 ἀναπείσῃ,
1431 3891 1494 3944 τὸ
1518 3891 1822 3962 τηνικαῦτα

228 3985 511 4053 ναυάγιον
559 3983 707 4055 αὐτῷ
739 3983 1007 4055 προξενεῖ,
1055 3986 1135 4048 είς
1165 3985 1261 4038 τὸν
1299 3983 1461 4053 βυθὸν
1486 3982 1595 4036 τῶν
1631 3980 1823 4036 παθῶν

225 4075 728 4134 καταποντίσασα·
788 4075 1060 4144 φυλάττου
1109 4076 1289 4128 τοίνυν
1330 4074 1561 4146 ταύτην,
1606 4077 1699 4127 καὶ
1728 4074 1827 4144 τὴν

223 4168 585 4239 αὐτάρκειαν
618 4165 753 4236 τίμα
776 4185 792 4198 ·
822 4160 882 4219 εῦ
910 4164 1087 4229 εἰδὼς,
1112 4165 1196 4217 ὅτι
1228 4163 1352 4218 οὕτε
1379 4164 1440 4218 τὸ
1464 4164 1688 4235 αίσχρδν
1714 4161 1825 4219 οἷόν

223 4280 301 4316 τε
361 4258 567 4327 ἀγαθὸν
617 4256 874 4326 γενέσθαι
903 4258 972 4327 τῇ
1003 4254 1111 4309 τῶν
1157 4255 1504 4325 πραττόντων
1538 4254 1827 4325 συμφωνίᾳ.

225 4350 650 4421 κοσμούμενον,
675 4348 780 4401 κᾶν
810 4348 1012 4409 πάντες
1040 4347 1268 4419 ῥήτορες
1290 4346 1386 4400 καὶ
1417 4347 1670 4415 σοφισταὶ
1698 4364 1825 4399 συν-

1992 3520 2174 3576 Luxus
2206 3522 2388 3577 omnis
2412 3522 2843 3591 intemperantiae
2870 3532 3043 3578 mater
3085 3534 3172 3581 est
3197 3530 3255 3580 et
3291 3523 3506 3591 nutrix,

1924 3611 2012 3666 ubi
2043 3625 2229 3667 mensa
2257 3610 2478 3679 referta,
2503 3622 2559 3666 et
2576 3610 2884 3669 omniiariis
2906 3613 3152 3673 obsoniis
3180 3625 3343 3686 atque
3368 3632 3505 3672 cou-

1922 3703 2178 3758 dimentis
2231 3708 2489 3773 superba,
2547 3712 2766 3774 gustum
2808 3707 3026 3775 quidem
3065 3708 3392 3764 intuentium
3428 3710 3501 3765 ad

1921 3794 2282 3864 appetendum
2328 3795 2717 3863 commoverit,
2770 3796 3037 3852 utentium
3096 3813 3226 3854 vero
3264 3810 3505 3857 mentem

1928 3900 2274 3957 praegravans
2294 3887 2361 3941 ad
2396 3886 2652 3941 utendum
2679 3887 2989 3958 quempiam
3037 3889 3338 3957 induxerit,
3376 3902 3507 3949 tunc

1931 3978 2270 4047 naufragium
2326 3979 2425 4046 ipsi
2481 3987 2666 4048 parat,
2741 3980 2798 4035 in
2870 3980 3196 4050 profundum
3242 3983 3509 4041 malarum

1926 4069 2273 4125 all‘ectionum
2349 4071 2692 4141 demergens.
2764 4072 2975 4128 Luxum
3052 4075 3240 4144 itaque
3306 4076 3508 4141 devita,

1925 4170 2211 4218 contentus
2256 4175 2322 4215 eo
2365 4162 2510 4231 quod
2562 4172 2646 4219 est
2685 4163 2875 4218 satis:
2928 4164 3096 4234 probe
3157 4176 3506 4237 perspectum

1925 4253 2131 4307 habens
2154 4252 2297 4321 quod
2321 4262 2477 4321 turpe
2498 4261 2604 4317 est,
2635 4238 2838 4308 bonum
2858 4251 2998 4309 eﬂici
3021 4268 3296 4324 nunquam
3324 4269 3509 4325 posse,

1924 4359 2190 4400 consensu
2216 4358 2410 4401 causas
2440 4346 2718 4415 agentium
2749 4356 3097 4415 exornatum,
3130 4349 3235 4404 etsi
3258 4358 3510 4405 oratores

222 4442 649 4514 αγωνίζωνταν
707 4438 833 4494 οὒτε
859 4439 923 4492 τὸ
952 4439 1117 4492 καλὸν
1146 4439 1537 4509 μεταπεσεῖται
1566 4440 1645 4501 είς
1668 4440 1825 4493 τούν-

1934 4451 2123 4492 omnes
2188 4447 2354 4507 atque
2412 4437 2667 4508 sophistae
2720 4437 2987 4495 laudando
3020 4441 3371 4495 contendant.
3417 4439 3511 4494 Sic

231 4533 454 4597 αντίον,
502 4530 607 4583 κᾶν
650 4524 731 4591 είς
763 4529 945 4598 μόνος,
994 4527 1198 4599 μᾶλλον
1226 4528 1283 4582 δὲ
1311 4527 1435 4599 μηδ’
1461 4523 1542 4591 εἷς
1566 4528 1821 4598 φαίνηται

226 4625 439 4680 τούτου
468 4621 727 4693 ἐραστής.
757 4620 962 4691 Παρεῖς
989 4621 1169 4674 τοίνυν
1207 4619 1309 4690 τὴν
1341 4620 1451 4675 τῶν
1481 4619 1693 4674 πολλῶν
1720 4620 1825 4691 ψῆ-

229 4734 371 4786 φον,
410 4713 581 4782 αὐτῆς
613 4711 739 4783 ἔχου
770 4711 869 4782 τῆς
899 4712 1132 4782 ἀρετῆς·
1167 4711 1262 4764 καὶ
1296 4710 1473 4765 πάντα
1517 4710 1617 4781 μὲν
1658 4711 1823 4777 ποίει,

228 4807 346 4863 καὶ
384 4805 597 4875 μυρίοις
645 4802 946 4873 ὀφθαλμοῖς
977 4802 1044 4855 τὰ
1078 4802 1220 4856 κατά
1258 4803 1452 4856 σαυτὸν
1478 4802 1822 4873 περισκόπει,

225 4902 396 4958 ὅπως
417 4895 653 4965 μηδεμία
679 4893 830 4963 παρά
854 4892 949 4946 σοῦ
974 4895 1083 4955 τοῖς
1116 4892 1285 4955 πέλας
1309 4894 1603 4964 ἐπιφύηται
1628 4894 1824 4964 βλάϐη,

220 4988 326 5058 τῷ
358 4987 541 5039 πᾶσαν
589 4985 890 5040 σκανδάλου
930 4984 1090 5055 ῥίζαν
1142 4983 1452 5054 ἐκτέμνειν.
1508 4989 1571 5040 Εἰ
1600 4986 1658 5041 δὲ
1683 4987 1828 5040 οὓτω

221 5098 345 5137 σου
372 5076 741 5148 διακειμένου,
769 5079 915 5140 τινὲς
946 5076 1058 5130 τῶν
1086 5076 1253 5147 μηδὲν
1299 5077 1400 5148 μὲν
1429 5078 1634 5147 ἀγαθὸν
1656 5096 1828 5151 πρατ-

211 5176 469 5238 τόντων,
513 5172 626 5232 τοῖς
670 5170 728 5223 δὲ
769 5170 1077 5241 πράττουσι
1119 5168 1459 5240 φθονούντων
1504 5172 1826 5243 κατηγορῶ-

218 5286 286 5321 σι
332 5262 470 5335 (89),
513 5262 589 5332 μὴ
627 5260 771 5315 δίδου
805 5259 1001 5313 σαυτὸν
1046 5259 1263 5313 ἔκδοτον
1304 5260 1371 5332 τῇ
1402 5260 1648 5332 ἀθυμίᾳ·
1689 5262 1827 5316 ἀλλὰ

1932 4546 2032 4586 nec
2068 4533 2267 4587 bonum
2305 4547 2427 4587 cum
2460 4532 2602 4587 malo
2649 4534 2921 4599 convenit,
2975 4532 3081 4588 etsi
3117 4549 3276 4601 unus,
3326 4548 3389 4589 ac
3441 4550 3513 4590 ne

1932 4639 2074 4679 unus
2127 4624 2346 4694 quidem
2387 4624 2512 4680 boni
2565 4639 2759 4682 amans
2798 4624 3207 4696 .studiosusque
3253 4626 3508 4686 exsistat.

1931 4713 2220 4771 Multorum
2253 4716 2439 4785 itaque
2483 4716 2666 4771 valere
2689 4716 2843 4785 iussa
2880 4717 3138 4787 opinione
3179 4718 3367 4773 virtuti
3408 4720 3509 4789 ipsi

1933 4807 2173 4872 bmreas,
2234 4809 2527 4877 omniaque
2576 4818 2796 4879 satage,
2853 4820 3013 4877 teque
3062 4809 3242 4878 ipsum
3292 4821 3511 4866 centum

1936 4900 2304 4971 contemplare
2333 4901 2525 4971 oculis,
2572 4918 2642 4958 ne
2680 4918 2784 4972 qua
2835 4903 2930 4957 tibi
2972 4917 3003 4957 a
3052 4904 3315 4973 proximis
3349 4905 3512 4959 obve-

1939 4990 2054 5045 niat
2105 4991 2419 5065 calamitas,
2478 5002 2538 5045 ut
2610 5007 2829 5048 omnem
2890 4993 3209 5051 olfensionis
3274 4996 3510 5051 radicem

1934 5082 2243 5137 exscindas.
2278 5080 2335 5137 Si
2378 5097 2506 5137 vero
2541 5091 2591 5137 te
2624 5083 2697 5138 ita
2723 5083 2975 5140 allectum
3009 5084 3172 5155 aliqui
3203 5100 3390 5142 eorum
3421 5090 3511 5158 qui

1935 5173 2069 5228 nihil
2133 5174 2259 5229 boni
2319 5182 2506 5246 agunt,
2564 5175 2662 5231 sed
2714 5177 2851 5231 bene
2895 5178 3179 5249 agentibus
3246 5178 3514 5244 invident,

1934 5276 2214 5329 accusent,
2250 5266 2493 5321 animum
2524 5282 2591 5322 ne
2623 5266 2979 5338 despondeas,
3037 5268 3133 5325 sed
3178 5269 3322 5325 hunc
3347 5284 3515 5340 gene-

212 5356 341 5417 καὶ
366 5352 574 5424 ταύτην
598 5352 862 5421 γενναίως
889 5344 1111 5420 ἔνεγκον
1127 5350 1222 5405 τοῦ
1243 5351 1442 5423 ἐχθροῦ
1473 5350 1574 5421 τὴν
1599 5352 1833 5406 προσδο-

1938 5370 2064 5411 rosa
2090 5355 2237 5411 feras
2260 5357 2467 5414 inimici
2500 5358 2784 5429 insultum,
2817 5359 3062 5431 cogitans
3096 5374 3222 5417 eum
3269 5360 3373 5417 ista
3407 5375 3514 5417 non

1348 5505 1582 5563 VARIJE
1624 5505 2010 5565 LECTIONES
2039 5508 2127 5563 ET
2158 5507 2392 5566 NOTIE.

316 5664 434 5744 (89)
478 5667 605 5744 _Pro
680 5665 1049 5737 κατηγοροῦσι
1126 5666 1375 5722 scribunt
1457 5665 1616 5721 iidem
1681 5683 1851 5738 naxm

1937 5667 2093 5735 οὖσι,
2157 5678 2212 5725 et
2264 5685 2407 5728 vers.
2441 5678 2562 5742 post
2617 5672 2651 5728 '5
2689 5672 2951 5744 χρήσαιτο
3028 5678 3228 5743 augent
3308 5684 3515 5740 praepo-

476 5738 690 5793 Possm.

569 5832 843 5892 PATROL.
894 5832 983 5892 Cn
998 5878 1013 5892 .
1066 5831 1228 5891 LXX
1244 5829 1398 5888 VIII.

215 5743 361 5797 situ
388 5738 432 5790 ὲ.

3122 5828 3197 5886 ἠδ
