3974 6144
507 290 647 361 1515
1737 295 1799 355 S.
1838 294 2076 355 ISIDOI

2223 294 2609 357 ELUSIOTIE
3644 288 3792 359 1516

508 408 586 464 uti
611 406 1023 472 machinatione,
1061 412 1118 461 ut
1148 406 1410 463 munitam
1446 407 1940 467 administrationis
1971 421 2077 467 tum

2217 412 2299 483 ἢν,
2332 412 2551 475 ἐννοῶν,
2578 412 2660 464 ὅτι
2692 408 2792 464 οὐκ
2824 410 2889 464 ἂν
2918 409 3089 483 ταύτῃ
3141 413 3409 484 χρήσαιτο
3435 411 3505 483 τῇ
3554 413 3786 483 μηχανῇ

508 499 775 555 rationem
829 507 1068 564 evertat,
1116 500 1219 554 nisi
1269 501 1696 558 existimationis
1758 514 1863 559 tuae
1909 503 2077 575 gloria

2214 505 2329 576 πρὸς
2344 504 2406 557 τὸ
2429 503 2760 558 καταϐαλεῖν
2778 520 2871 556 σου
2887 502 2987 573 τὴν
3007 521 3076 557 πε
3084 505 3452 576 πυργωμένην
3471 503 3783 566 πολιτείαν,

508 605 850 661 summopere
873 605 995 647 eum
1028 594 1331 649 incesserit.

2224 596 2240 648 ί
2266 596 2342 665 μὴ
2370 595 2557 665 ἄκρως
2579 593 2745 649 αὐτοῦ
2767 593 3078 665 καθάψαιτο
3096 596 3196 665 τῆς
3232 595 3334 665 σῆς
3367 595 3786 666 εὐδοκιμήσιως

2186 688 2247 741 τὸ
2286 686 2462 750 κλέος.

900 790 1141 850 CCCVll.
1182 823 1252 837 -—
1287 792 1679 851 EVANGELO.

2662 798 2783 855 '1'z'.
2818 827 2888 839 -
2912 797 3291 869 ΕΥΑΓΓΕΛῼ.

1523 882 1621 938 Dei
1657 881 1725 939 0.
1758 882 1837 939 Μ.
1878 900 2001 955 erga
2032 885 2385 957 delinquentes
2432 886 2741 953 benignitas.

585 994 696 1051 Etsi
734 995 947 1051 diiiicile
969 1006 1050 1051 est
1079 994 1377 1065 neglectam
1428 1008 1687 1050 revocare
1732 1009 2079 1051 occasionem

2262 999 2326 1051 Ei
2354 999 2451 1053 καὶ
2473 1002 2534 1052 οὐ
2567 999 2750 1070 ρᾳδιον
2796 997 3164 1070 περιοφθέντα
3196 995 3387 1068 καιρὸν
3422 996 3784 1052 ἀνακαλέσα-

506 1089 709 1161 (subito
730 1089 875 1143 enim
913 1089 1118 1159 impetu
1146 1103 1241 1144 usa
1273 1104 1377 1143 non
1415 1088 1548 1144 sinit
1578 1087 1763 1159 lapsos
1795 1102 2075 1144 recurrere

2213 1090 2320 1145 ιθαι
2358 1090 2615 1163 (ὀξυτάτῃ
2649 1090 2759 1162 γὰρ
2791 1092 2937 1162 φορᾷ
2963 1088 3252 1161 χρώμενος
3292 1088 3395 1143 οὐκ
3427 1090 3492 1160 ἐᾷ
3531 1089 3782 1160 ἀναδρα-

508 1180 576 1233 ad
603 1178 1038 1234 emendationem
1068 1178 1460 1248 peccatorum),
1483 1177 1663 1233 divina
1708 1185 1888 1233 tamen
1925 1177 2077 1233 beni-

2214 1177 2317 1229 ιεῖν
2344 1176 2472 1239 τοὺς
2511 1176 2851 1241 πταίσαντας
2903 1177 2999 1231 ἐπὶ⁸
3036 1177 3134 1249 τήν
3183 1177 3293 1230 τῶν
3342 1176 3783 1248 ἁμαρτηθέντων

509 1267 687 1336 gnitas
708 1266 939 1332 rationi,
986 1265 1089 1336 legi
1134 1280 1200 1321 ac
1238 1268 1569 1337 temporibus
1599 1273 1861 1336 praestans
1890 1266 2078 1336 resipi-

2207 1264 2586 1337 ;πανόρθωσιν)
2608 1282 2621 1296 ⁸
2653 1266 2792 1321 ἀλλά
2819 1283 2885 1336 γε
2919 1267 2953 1337 ή
2984 1266 3104 1321 θεία
3134 1265 3513 1336 φιλανθρωπία
3545 1269 3645 1323 καὶ
3686 1269 3776 1321 λόυ

511 1365 728 1412 sceutes
771 1355 987 1426 recipit,
1018 1355 1344 1426 illorumque
1383 1354 1675 1412 sedulitate
1718 1368 1783 1411 ac
1803 1355 2079 1426 diligentia

2209 1372 2305 1425 γων
2352 1356 2447 1410 καὶ
2495 1356 2675 1427 νόμων
2719 1358 2817 1413 καὶ¹
2859 1357 3073 1428 χρόνων
3117 1358 3385 1430 κρείττων
3425 1361 3778 1429 τυγχάνουσα

506 1448 783 1518 propriam
830 1446 950 1516 ejus
989 1447 1288 1501 bonitatem
1318 1446 1752 1510 commiscendo,
1797 1446 2075 1515 temporis-

2211 1448 2317 1510 τοὺς
2367 1447 2878 1517 μεταγινώσκοντας
2930 1449 3254 1521 προσίεται,
3299 1450 3397 1504 καὶ
3434 1453 3503 1522 τῇ
3547 1452 3780 1505 ἐκείνων

509 1547 616 1603 que
647 1533 968 1602 compendio
996 1531 1326 1602 poenitentiae.
1376 1531 1542 1588 robur
1570 1533 1734 1587 veluti
1777 1541 2078 1601 temperans

2214 1539 2476 1610 τροθυμίᾳ
2502 1539 2599 1611 τὴν
2633 1541 2840 1595 οἰκείαν
2867 1540 3184 1612 άγαθότητα
3204 1541 3648 1612 ἐγκαταμίξασα,
3677 1544 3783 1597 καὶ

509 1632 672 1693 atque
704 1625 1058 1690 concinnam,
1088 1623 1328 1692 peccatis
1347 1624 1553 1692 prtebet
1582 1623 1934 1681 medicinam.

2211 1630 2269 1701 τῷ
2299 1630 2496 1701 βραχεῖ
2511 1630 2687 1701 χρόνῳ
2710 1631 2771 1684 τὸ
2792 1631 3008 1685 εὔτονον
3028 1632 3131 1701 τῆς
3154 1632 3447 1703 μετανοίας
3458 1632 3780 1705 κεράσασα,

2116 1730 2160 1787 Β
2190 1719 2489 1791 θεραπείαν
2513 1719 2701 1790 ὀρέγει
2734 1722 2847 1784 τοῖς
2877 1722 3194 1777 πταίσασιν.

757 1826 1025 1909 CCCVI".
1061 1855 1130 1867 —
1169 1823 1445 1881 ISIDORO
1472 1825 1825 1883 EPISCOPO.

2521 1828 2650 1882 TH'.
2682 1860 2750 1871 —
2770 1830 3031 1901 ιΣιΔοΡῼ
3058 1830 3429 1902 ΕΠΙΣΚΟΠῼ.

884 1918 1100 1975 Sincere
1126 1918 1339 1974 uerbum
1364 1919 1463 1975 Dei
1495 1918 1883 1983 proferendum,
1915 1927 2099 1974 contra
2131 1917 2378 1981 falsarios
2408 1927 2606 1975 sancite
2644 1919 2846 1989 Script.
2876 1918 3040 1990 (Vide
3070 1921 3219 1990 epist.
3242 1919 3395 1989 295.)

579 2029 683 2097 Qui
714 2027 806 2083 Dei
839 2028 1057 2083 oracula
1079 2026 1161 2083 vel
1183 2028 1492 2083 adulterare
1517 2026 1601 2082 vel
1640 2026 1774 2079 falso
1810 2034 2079 2093 Interpre-

2263 2024 2328 2079 Οί
2357 2026 2486 2089 τοὺς
2530 2025 2711 2091 θείους
2737 2025 2771 2097 ἢ
2800 2026 3207 2097 παραποιῆσαι,
3237 2027 3272 2097 ἢ
3314 2028 3780 2100 παρερμηνεῦσαι

511 2120 612 2175 tari
668 2127 795 2173 sunt
825 2116 976 2182 ausi,
1029 2116 1205 2186 majus
1252 2115 1400 2171 omni
1449 2114 1762 2170 defensione
1805 2122 1859 2167 et
1914 2114 2072 2175 venia

2203 2116 2472 2187 [ρησμοὺς
2493 2116 2891 2187 τολμήσαντες,
2945 2117 3129 2189 πάσης
3164 2117 3461 2188 ἀπολογίας
3501 2120 3601 2174 καὶ
3630 2138 3772 2191 συγ-

512 2212 764 2267 delictum
787 2209 1199 2266 commiserunt.
1249 2207 1384 2261 Nam
1428 2207 1792 2262 existimando
1845 2220 1906 2259 sc
1953 2204 2081 2274 quid

2209 2205 2415 2277 ’νώμης
2440 2206 2707 2262 ἔπταισαν
2733 2208 2987 2278 μείζοναο
3017 2208 3096 2279 τῷ
3120 2208 3230 2280 γὰρ
3261 2209 3501 2281 νομίζειν
3531 2212 3778 2282 σοφώτε-

512 2302 805 2371 εῳίοηιίυε
853 2300 1214 2370 excogitasse,
1258 2308 1314 2354 et
1356 2299 1602 2367 seipsos,
1638 2307 1692 2351 et
1748 2312 1841 2352 eos
1878 2297 2075 2366 quibus

2211 2298 2277 2352 νόν
2298 2316 2352 2352 τι
2377 2301 2789 2372 ἐπινενοηκέναι
2809 2302 2905 2354 καὶ
2922 2300 3150 2367 ἑαυτοὺς
3174 2301 3269 2356 καὶ
3294 2304 3420 2367 τοὺς
3444 2305 3780 2371 πεισθέντας

511 2400 902 2466 persuaserunt
940 2392 993 2446 in
1026 2390 1248 2461 pelagus
1278 2389 1507 2445 inscitiae
1538 2389 1904 2459 proiecerunt.
1947 2387 2080 2441 Mul-

2218 2394 2265 2456 ίς
2298 2392 2359 2446 τὸ
2404 2392 2504 2465 τῆς
2536 2393 2778 2464 ἀμαθίας
2827 2393 3061 2464 ἔρριψαν
3106 2393 3365 2463 πέλαγος.
3414 2396 3629 2461 Πολλὰς
3660 2401 3779 2468 γὰρ

512 2496 595 2541 tas
616 2484 759 2539 enim
808 2496 1085 2538 sacrorum
1111 2480 1463 2552 {eloquiorum
1525 2480 1823 2533 sententias
1860 2493 2079 2545 perver-

2207 2483 2382 2553 5ήσεις
2432 2482 2542 2537 τῶν
2598 2483 2757 2553 ἱερῶν
2816 2482 3012 2551 λογίων
3075 2484 3592 2555 παρακρουόμενοι,
3640 2490 3776 2553 τοὺς

515 2586 709 2641 tentes,
745 2575 1022 2630 auditores
1045 2588 1153 2644 quo
1184 2572 1375 2627 volunt
1404 2570 1686 2626 trahentes
1717 2578 1771 2624 et
1801 2577 2080 2639 cogentes,

2211 2570 2487 2636 ικούοντας
2515 2572 2843 2636 ἑλκύσαντες
2870 2571 3008 2644 πρὸς
3039 2572 3176 2644 ὅπερ
3209 2574 3501 2645 ἠθέλησαν,
3523 2578 3623 2631 καὶ
3655 2577 3780 2649 βια-

511 2685 540 2722 a
594 2666 877 2721 voluntate
922 2662 1251 2734 legislatoris
1281 2664 1630 2725 aberrarunt,
1670 2674 1777 2715 non
1824 2674 1946 2730 qua":
2005 2659 2080 2714 illi

2207 2666 2440 2737 ιάμενοι,
2471 2664 2569 2719 τοῦ
2598 2665 2942 2737 βουλήματος
2966 2664 3061 2717 τοῦ
3102 2665 3397 2736 νομοθέτου
3418 2668 3737 2741 διήμαρτον
3760 2688 3776 2701 ·

510 2760 705 2828 placita
742 2759 981 2824 fuerunt,
1014 2765 1257 2827 agentes,
1285 2755 1383 2811 sed
1410 2753 1718 2810 voluntates
1748 2766 1880 2809 suas
1904 2750 2077 2816 stabi-

2211 2754 2251 2807 ὦ
2278 2753 2348 2809 τὰ
2389 2755 2584 2827 ἐκείνῳ
2622 2755 2854 2822 δόξαντα
2888 2755 3220 2826 φράσαντες,
3250 2756 3385 2815 ἀλλὰ
3409 2761 3510 2824 τὰς
3552 2761 3780 2815 ἐαυτῶν

512 2850 729 2904 lientes.

2186 2843 2467 2918 βουλήσεις
2498 2845 2869 2918 κυρώσαντες.

651 2955 814 3030 653
840 2951 1064 3012 CCCIX.
1098 2983 1168 2996 —
1199 2950 1550 3010 ARABIANO
1588 2949 1939 3009 EPISCOPO.

1911 2955 1939 3005 ι.
2456 2955 2582 3008 Τθν.
2620 2985 2689 2994 -
2716 2954 3069 3029 ΑΡΑΒΙΑΝῼ
3107 2958 3480 3031 ΕΠΙΣΚΟΠῼ.

1106 3048 1506 3105 Adhortationes
1532 3061 1635 3116 quo
1657 3046 1911 3101 orationis
1936 3061 2120 3117 genere
2145 3047 2453 3102 scribendae.
2482 3046 2633 3120 (Sup.
2673 3049 2826 3117 epist.
2859 3049 2981 3115 145,
3013 3049 3167 3120 217.)

487 3143 490 3147 ’
581 3162 1026 3219 adhortationem
1083 3158 1411 3214 scribentem
1459 3154 1617 3208 decet
1671 3153 1830 3223 quasi
1882 3151 2056 3208 clarut

2263 3154 2384 3226 Χρὴ
2436 3155 2527 3209 τὸν
2592 3155 2918 3228 παραίνεσιν
2969 3156 3279 3228 γράφοντα,
3343 3156 3439 3213 ἅτε
3507 3157 3772 3231 λαμπρᾶς

511 3262 830 3311 tractantem
862 3258 1239 3322 argumentum
1271 3245 1429 3316 (nihil
1458 3246 1601 3299 enim
1636 3242 1901 3298 illustrius
1922 3256 2080 3311 quam

2201 3248 2499 3318 ἁπτόμενον
2540 3247 2852 3313 ὑποθέσεως
2889 3246 3065 3320 (οὐδὲν
3109 3248 3219 3321 γὰρ
3251 3249 3635 3322 λαμπρότερον
3673 3252 3770 3307 τοῦ

513 3348 855 3400 aberrantem
910 3349 1145 3396 mentem
1198 3337 1251 3390 in
1298 3336 1544 3390 veritatis
1602 3348 1858 3388 revocare
1913 3332 2082 3402 viam)

2202 3341 2369 3413 ψυχὴν
2416 3340 2844 3412 πεπλανημένην
2877 3343 3247 3410 ἐπαναγαγεῖν
3273 3344 3353 3406 είς
3373 3343 3475 3414 τὴν
3509 3344 3611 3415 τῆς
3636 3345 3771 3415 ἁλη-

511 3449 761 3491 sermone
793 3431 1008 3504 quidem
1038 3431 1196 3500 pleno
1228 3428 1319 3483 ubi
1359 3425 1575 3495 expedit
1619 3426 1907 3488 inhaerere,
1946 3425 2080 3478 indi-

2196 3430 2343 3495 θείας
2378 3430 2518 3501 όδὺν)
2562 3430 2875 3496 πλεονάζειν
2906 3432 3006 3501 μὲν
3048 3431 3127 3502 τῷ
3159 3430 3327 3502 λόγῳ,
3373 3433 3510 3486 ὅπου
3550 3433 3765 3504 διατρί-

511 3541 639 3583 care
677 3540 808 3582 vero
851 3525 1111 3580 duntaxat
1166 3520 1253 3575 ubi
1289 3518 1453 3573 fuerit
1479 3527 1865 3587 opportunum,
1920 3526 1972 3570 et
1999 3517 2080 3569 via

2198 3521 2307 3576 δειν
2334 3519 2636 3591 συμφέρει·
2686 3519 3036 3592 παραδηλῶν
3080 3521 3137 3574 δέ
3188 3521 3369 3591 μόνον,
3402 3521 3531 3576 ἐνθα
3572 3522 3767 3576 τούτου

514 3618 728 3689 quidem
776 3632 840 3671 ac
871 3614 1081 3670 ratione
1111 3611 1365 3667 utendum
1402 3609 1490 3664 ubi
1535 3617 1621 3664 est
1648 3622 1784 3677 opus
1823 3622 2083 3677 compen-

2199 3613 2276 3683 εἴη
2303 3613 2528 3684 καιρός·
2553 3611 2647 3671 καὶ
2672 3610 2983 3682 μεθοδεύειν
3023 3612 3144 3683 μὲν,
3161 3612 3298 3665 ὅπου
3325 3614 3768 3685 μεταχειρήσεως

512 3712 622 3767 dio.
660 3710 864 3778 Aperte
893 3718 1024 3759 vero
1052 3703 1237 3758 dicere
1279 3711 1634 3771 quaecumque
1662 3697 1810 3754 clare
1842 3696 2081 3767 proferre

2196 3705 2385 3775 χρείαο
2431 3703 2733 3775 διαρρήδην
2775 3702 2833 3756 δὲ
2882 3700 3080 3771 λέγειν,
3126 3703 3228 3757 ὅσα
3286 3703 3477 3773 σαφῶς
3534 3703 3765 3774 ῥηθῆναι

513 3800 753 3857 maxime
797 3798 1004 3855 deceat.
1038 3794 1197 3850 Hisce
1238 3794 1382 3848 enim
1416 3806 1546 3847 usus
1580 3789 1843 3846 orationis
1871 3789 2082 3844 virtuti-

2196 3793 2667 3866 πρεπωδέστατον.
2695 3792 2868 3857 Μόλις
2901 3792 3010 3864 γὰρ
3036 3792 3261 3858 ταύταις
3285 3796 3407 3857 ταῖς
3433 3793 3656 3863 ἀρεταῖς
3669 3793 3765 3847 τοῦ

511 3895 613 3949 bus
644 3893 733 3947 vix
765 3891 941 3946 adhuc
984 3895 1144 3957 queat
1187 3886 1427 3940 animum
1473 3882 1817 3954 passionibus
1861 3883 2080 3937 immer-

2191 3886 2344 3955 λόγου
2382 3884 2663 3959 χρώμενος
2684 3883 2938 3956 δυνηθείη
2963 3884 3142 3956 ψυχὴν
3172 3884 3280 3938 ὑπὸ
3300 3884 3411 3940 τῶν
3442 3885 3637 3942 παθῶν
3669 3885 3760 3957 βε·-

513 4001 630 4040 sum
665 3984 971 4040 extrahere.

2186 3977 2570 4049 ϐαπτισμένην
2600 3975 2994 4047 ἀνιμήσασθαι.

914 4093 1117 4152 CCCX.
1150 4123 1221 4133 —
1252 4084 1676 4145 SYMMACHIO.

2640 4081 2767 4162 'Ti'.
2798 4114 2869 4124 —
2898 4084 3284 4157 ΣΥΜΜΑΧΙῼ.

1621 4176 1860 4232 ϐωίεειὶα
1891 4179 2075 4235 spretis
2109 4177 2321 4231 caducis
2345 4175 2648 4230 anwrenda.

585 4291 780 4349 Omnia
800 4293 867 4357 ,in
908 4291 1088 4355 terris,
1133 4296 1194 4342 ut
1237 4286 1455 4351 scribis,
1500 4285 1786 4340 mutationi
1818 4295 1944 4341 sunt
1982 4288 2082 4342 ob-

2272 4285 2363 4347 Ὠς
2392 4284 2518 4354 φὴς,
2539 4285 2585 4336 εἰ
2614 4282 2722 4336 τῶν
2748 4283 2847 4356 μὲν
2872 4283 2998 4338 καθ’
3031 4286 3181 4355 ἡμᾶς
3214 4287 3247 4358 ή
3286 4289 3559 4361 μεταϐολή
3579 4292 3756 4362 κυρία,

511 4386 701 4451 noxia;
751 4382 990 4437 ccelestia
1038 4394 1167 4435 vero
1217 4392 1324 4433 non
1384 4377 1536 4432 item.
1592 4375 1759 4442 Quam
1810 4378 1972 4447 igitur
2014 4378 2080 4432 oh

2190 4377 2257 4430 τὰ
2301 4375 2357 4430 δὲ
2395 4376 2625 4447 οὐράνια
2671 4375 2975 4446 μεταϐολῆς
3016 4377 3276 4447 τυγχάνει
3319 4378 3645 4448 κρείττονα·
3692 4380 3759 4431 δι’

510 4490 754 4539 causam,
801 4473 883 4526 vir
934 4470 1169 4540 sapiens,
1217 4482 1321 4522 non
1366 4464 1670 4521 contemnis
1721 4471 1957 4529 terrena,
1996 4464 2079 4518 illa

2300 4466 2494 4531 αἰτίαν,
2539 4460 2584 4519 ὦ
2613 4465 2914 4535 σοφώτατε,
2958 4466 3033 4538 μὴ
3065 4466 3175 4521 τῶν
3229 4467 3328 4538 μὲν
3370 4473 3753 4541 καταφρονεῖς,
3861 4482 3869 4487 ·

510 4579 639 4619 vero
667 4573 867 4618 aeterna
895 4560 1077 4614 animo
1116 4554 1494 4625 complecteris
1519 4560 1575 4606 et
1602 4552 1856 4621 operibus
1900 4552 2079 4609 ﬁrmas

2186 4559 2296 4614 τῶν
2325 4558 2383 4612 δὲ
2415 4552 2678 4629 ἐκθύμως
2722 4557 2977 4630 περιέχῃ,
3012 4558 3106 4611 καὶ
3153 4557 3394 4629 βεϐαιοῖς
3429 4564 3548 4625 τοῖς
3577 4561 3755 4634 ἔργοις

508 4653 826 4711 sermones?

2184 4652 2311 4715 τοὺς
2332 4651 2522 4720 λόγους
2544 4667 2558 4717 ;

510 4746 735 4804 cccxn.
785 4775 853 4786 .-
899 4731 1715 4815 ιιιΑιιηιῖιᾼδοληζοδιδιον
1779 4733 2079 4807 MARONI.

2290 4741 2443 4795 TIA'.
2480 4768 2551 4783 -
2574 4740 3334 4815 ΜΑΡΤΙῌᾎΙῚῼᾈᾎῼΣΙΜῼ,
3360 4744 3654 4812 MAPuNI,

1088 4808 1502 4868 EUSTATHIO.

2804 4808 3153 4881 ΕΥΣΤᾹΘΙῼ.

1454 4905 1533 4958 Ad
1564 4904 1752 4958 bonam
1784 4904 1987 4973 frugem
2018 4904 2553 4970 existimationemque
2594 4902 2800 4958 invitat.

580 5017 764 5075 Nostis
797 5018 971 5073 virum
1006 5015 1189 5071 virtuti
1220 5016 1273 5069 in
1302 5012 1491 5083 primis
1521 5010 1784 5076 deditum,
1814 5026 1842 5064 a
1872 5025 2080 5064 summa

2261 5009 2431 5075 Ἵσθε,
2467 5009 2543 5071 ὡς
2574 5007 2862 5079 ἄνθρωπος
2885 5009 3147 5081 ἀλήθειαν
3170 5011 3272 5083 μὲν
3303 5013 3389 5066 ἀεὶ
3413 5015 3754 5086 πρεσϐεύων,

512 5110 865 5168 maledicendi
907 5107 1135 5165 audacia
1170 5105 1326 5175 longe
1358 5103 1610 5171 alienum,
1646 5104 1801 5172 cujus
1836 5101 2080 5156 testimo-

2190 5101 2537 5170 κακηγορίαν
2572 5099 2628 5152 δὲ
2674 5099 3175 5170 ἀποστρεφόμενος,
3209 5101 3268 5155 δν
3300 5103 3425 5156 οὐδὲ
3466 5108 3752 5179 παραγρά.

511 5188 661 5262 nium
692 5202 1008 5274 exceptione
1043 5199 1237 5267 majus,
1269 5212 1365 5251 vos
1397 5210 1567 5265 nuper
1594 5202 1649 5247 ut
1690 5192 1962 5264 improbos
1998 5205 2080 5246 re-

2188 5191 2395 5262 ψασθαί
2443 5208 2529 5254 τις
2583 5190 2859 5261 δυνηθείη,
2894 5191 2991 5261 τὴν
3028 5192 3301 5263 ὑμετέραν
3328 5194 3525 5266 πρώην
3564 5197 3757 5264 ἐξεκω-

510 5296 869 5368 prehendisse
916 5292 1000 5347 his
1039 5290 1151 5345 fere
1194 5286 1419 5343 verbis:
1455 5284 1579 5341 Illos
1622 5286 1838 5354 quidem
1875 5284 2079 5355 peperit

2192 5279 2355 5351 μῴδει
2387 5278 2501 5350 (90)
2548 5279 2875 5349 φαυλότητα,
2913 5278 3121 5346 λέγων’
3173 5281 3257 5334 ὅτι
3303 5282 3551 5348 ἐκείνους
3594 5286 3757 5339 κακία

512 5390 852 5460 improbitas,
898 5382 1204 5441 enutrivere
1238 5394 1365 5433 vero
1409 5375 1623 5432 scelesti
1661 5374 2081 5442 exsecrandique

2197 5373 2294 5443 μὲν
2332 5370 2509 5437 ὥδινε,
2560 5370 2789 5441 πονηροὶ
2821 5371 2876 5425 δέ
2928 5372 3024 5424 καὶ
3054 5370 3339 5427 άτίθασσοι
3375 5373 3759 5447 ἐτιθηνήσαντο

1632 5531 1867 5590 VARI/13
1913 5529 2295 5587 LECTIONES
2336 5528 2425 5584 ET
2463 5526 2696 5583 NOTAE.

587 5698 700 5768 (90)
732 5698 847 5754 Duo
876 5714 1016 5770 saepe
1054 5697 1250 5755 laudati
1286 5696 1441 5754 codd.
1471 5696 1863 5768 ὲξεκωμῴδησε
1898 5694 2077 5763 legunt
2102 5703 2200 5760 pro
2223 5686 2821 5759 ἐξεκωμ‹ξ›δει.⁶Ρο551Ν.
