3974 6144
357 298 497 369 1517

1206 302 1739 372 EPISTOLARUM
1777 310 1924 372 LIB.
1961 310 2030 375 V.
2070 337 2139 348 -
2161 313 2397 376 EPIST.
2438 316 2721 379 CCCXIV.

3442 319 3579 389 1518

346 416 622 485 δαίμονες.
656 418 805 475 Πᾶσιν
850 422 961 494 γὰρ
993 423 1219 493 ἀγαθοῖς
1263 428 1659 498 ἀπεχθάνονται
1703 430 1797 484 καὶ⁵
1824 432 1917 485 ἀν-

2017 430 2309 500 daemones,
2333 436 2585 492 omnibus
2626 450 2756 493 vero
2785 436 2945 495 invisi
2978 447 3109 495 sunt
3150 437 3308 495 bonis
3336 447 3444 496 tam
3483 457 3582 496 no-

351 504 592 575 θρώποις
615 512 709 564 καὶ
741 514 1053 586 πράγμασι.
1067 518 1325 589 Λυπηρὸν
1339 520 1398 572 δὲ
1417 520 1562 575 ἀπαν
1584 520 1916 592 νομίζουσιν,

348 596 547 686 ὁπόσον
574 600 779 672 ἀρετῆς
803 604 963 671 δόξαν
1008 608 1296 678 ἡνέγιωτο.
1324 611 1482 665 Κατὰ
1530 613 1630 683 μὲν
1661 613 1768 686 γὰρ
1808 613 1918 669 τῶν

349 685 591 741 εὐσεϐῶν
665 696 1069 764 νεανιεύονται,
1122 702 1267 755 κατά
1338 702 1397 755 δὲ
1440 703 1553 756 τῶν
1609 685 1916 761 σπουδαίων

349 779 737 850 κωμάζουσιν,
800 786 1054 860 ὑϐρισταὶ
1108 791 1261 857 ὄντες
1317 794 1414 847 καὶ
1436 794 1766 862 ἀτάσθαλοι,
1820 797 1918 850 καὶ

347 868 511 937 κόρον
539 871 649 928 τῶν
677 877 867 932 κακῶν
891 881 991 934 οὐκ
1032 881 1252 946 ειδότες.
1291 883 1432 952 Ἐγὼ
1451 884 1509 937 δὲ
1524 884 1914 952 ἀκούων,ὀύτε

344 958 703 1032 ἐπιστομίσαι
750 967 915 1023 αὑτὸν
936 970 1220 1043 ἠδυνάμην
1245 972 1469 1044 (πάντες
1506 976 1613 1047 γὰρ
1634 977 1683 1029 οἱ
1715 977 1916 1048 παρόν-

345 1066 440 1113 τες
471 1051 548 1116 ὡς
580 1053 757 1129 ἀληθῆ
808 1060 973 1116 αὐτὸν
1016 1064 1317 1136 ἐκρότουν),
1348 1064 1470 1120 οὔτε
1517 1067 1758 1138 παντελῆ
1793 1086 1915 1123 σιω-

351 1140 460 1212 πὴν
481 1144 724 1216 ἧσκησα.
772 1150 915 1205 Ἀλλ’
946 1153 1119 1209 εἰπὼν
1146 1156 1314 1227 αύτῳ,
1345 1157 1587 1211 πιστεύω
1609 1160 1704 1212 καὶ
1731 1159 1916 1214 παλιν-

346 1234 512 1303 ῳδίας
543 1236 695 1308 ᾅσειν
740 1240 883 1312 (9l)°
908 1243 970 1297 οὐ
998 1244 1106 1317 γὰρ
1129 1246 1302 1310 οὕτως
1336 1248 1475 1302 είσὶν
1496 1249 1807 1321 ἀνάλγητοι,
1835 1252 1912 1316 ὡς

345 1324 562 1380 ἑλέσθαι
604 1332 879 1396 τοσούτοις
924 1335 1241 1407 ὲμπαρῆναι
1283 1339 1449 1411 μέχρι
1489 1340 1676 1404 τέλους
1722 1345 1912 1407 κακοῖς

347 1414 442 1501 ἐπὶ
468 1415 530 1469 τὸ
555 1418 791 1489 χαράξαι
810 1421 876 1475 τὰ
895 1423 1198 1495 γράμματα
1213 1426 1384 1481 ταῦτα
1407 1428 1703 1500 παρῆλθον.
1721 1431 1911 1501 Ὑμεῖς

341 1500 437 1557 οὖν
474 1506 540 1559 ἂν
580 1508 727 1580 εῐητε
777 1510 975 1566 δίκαιοι
1015 1514 1117 1585 ἠδη
1168 1515 1470 1587 σκέψασθαι
1522 1519 1651 1591 περὶ
1679 1500 1906 1587 ἑαυτῶν,

342 1596 512 1661 ὅπως,
545 1598 592 1651 εί
624 1600 717 1653 καὶ
768 1600 871 1666 τῆς
911 1603 1145 1675 κρίσεως
1195 1607 1323 1678 ύμῖν
1367 1606 1525 1678 λόγος
1566 1609 1761 1677 οὐδεὶς,
1810 1608 1910 1682 τὴν

342 1688 599 1762 τοιαύτην
626 1691 840 1761 ἀδοξίαν
870 1694 1265 1770 ἀποτρίψησθε.

517 2001 661 2087 TlB'.
686 2033 757 2047 -
774 2004 1234 2080 nemo
1264 2009 1727 2082 ΠΡΕΣΒΥΤΕΡῼ.

2021 523 2252 581 minibus
2286 538 2448 594 quam
2496 529 2677 584 rebus.
2716 527 2985 599 Quidquid
3036 531 3182 587 enim
3224 532 3442 590 virtutis
3488 550 3585 590 no-

2017 616 2163 671 mine
2190 616 2478 685 laudabile,
2520 619 2572 674 id
2598 634 2761 677 omne
2790 621 2945 677 triste
2974 622 3279 693 malumque
3302 638 3428 680 esse
3461 626 3580 693 opi-

2016 717 2238 765 nantur.
2278 709 2416 780 Erga
2447 711 2566 779 pios
2592 726 2724 768 vero
2747 711 3056 781 iuveniliter
3087 716 3363 783 agunt,ad
3384 716 3585 770 virtute

2015 801 2270 870 praeditos
2297 801 2593 859 insolenter
2620 818 2681 863 se
2700 815 2897 871 gerunt
2921 822 2937 860 :
2961 806 3145 874 injusti
3176 807 3400 878 perinde
3420 816 3583 876 atque

2017 890 2272 958 improbi,
2303 891 2394 960 qui
2423 896 2728 950 exsaturari
2762 911 3032 966 nunquam
3060 897 3286 967 possint.
3322 895 3582 966 Equidem

2014 979 2067 1034 id
2109 982 2358 1050 audiens,
2392 998 2569 1054 neque
2610 1000 2674 1040 os
2720 987 2971 1044 claudere
3013 987 3159 1055 potui
3178 988 3405 1056 ,(omnes
3437 987 3581 1042 enim

2012 1071 2103 1139 qui
2138 1072 2385 1141 aderant,
2406 1082 2467 1129 ut
2497 1077 2737 1132 narranti
2767 1093 2892 1132 vera
2922 1077 3367 1148 applaudebant),
3404 1092 3580 1147 neque

2010 1164 2233 1220 omnino
2265 1163 2537 1221 silentium
2586 1169 2756 1235 tenui,
2803 1168 2896 1223 sed
2949 1168 3068 1223 viro
3106 1168 3181 1222 illi
3226 1168 3334 1223 dixi
3364 1185 3378 1223 :
3406 1166 3581 1223 Credo

2010 1256 2293 1325 equidem,
2337 1258 2431 1314 sed
2489 1259 2818 1329 palinodiam
2870 1259 2970 1331 ipsi
3012 1268 3241 1325 canent,
3290 1259 3581 1329 funemque

2011 1348 2299 1417 reducent;
2354 1365 2530 1420 neque
2592 1352 2736 1406 enim
2783 1353 2919 1408 adeo
2961 1361 3092 1408 sunt
3138 1352 3361 1422 stupidi,
3417 1360 3581 1420 atque

2010 1436 2252 1503 hebetes,
2286 1450 2346 1496 ut
2382 1442 2537 1498 malis
2584 1442 2891 1511 hnjusmodi
2941 1442 3009 1497 ad
3054 1451 3360 1497 extremum
3405 1454 3578 1509 usque

2008 1528 2259 1599 spiritum
2302 1532 2565 1588 inhaerere
2601 1536 2873 1588 studeant.
2904 1533 3075 1605 Igitur
3115 1535 3327 1587 tandem
3373 1530 3439 1583 ad
3480 1531 3579 1583 has

2008 1617 2127 1687 ipse
2176 1620 2388 1679 litteras
2438 1626 2741 1680 exarandas
2786 1640 2906 1681 sum
2954 1624 3239 1680 adductus.
3272 1622 3379 1677 Vos
3415 1621 3581 1691 igitur

2007 1712 2267 1780 quoiusti
2304 1715 2443 1780 sitis,
2474 1730 2615 1771 nunc
2647 1716 2799 1772 vobis
2822 1715 2923 1786 ipsi
2963 1715 3248 1781 consulite,
3279 1724 3338 1769 ut
3374 1714 3418 1769 si
3450 1713 3579 1782 quid

1936 1776 2194 1872 Bjudicil
2241 1808 2395 1864 vobis
2425 1817 2511 1865 est
2550 1809 2839 1878 reliquum,
2891 1811 3031 1866 hanc
3058 1820 3294 1865 vestram
3340 1808 3575 1878 ignomi-

2013 1897 2157 1954 niam
2181 1899 2427 1956 deleatis.

2016 2032 2019 2033 ν
2117 2005 2365 2064 εΟῦΧΙΙ.
2406 2036 2476 2049 --
2508 2006 2955 2064 ERMISANDRO
2993 2007 3467 2067 PRESBYTERO.

1415 2102 1493 2156 De
1515 2102 1643 2170 ﬁcta
1669 2114 1716 2157 et
1748 2100 1999 2157 simulata
2037 2099 2499 2155 commiseratione.

429 2197 485 2252 '0
513 2200 796 2271 συναλγεῖν
820 2206 920 2272 μὲν
950 2204 1123 2260 δοκῶν
1151 2209 1273 2270 ταῖς
1309 2208 1638 2278 συμφοραῖς,
1671 2206 1905 2278 δυνάμε-

340 2306 429 2353 νος
456 2289 513 2341 δὲ
544 2291 897 2362 ἐπανορθοῦν,
930 2296 1025 2349 καὶ
1048 2298 1504 2369 παραιτούμενος,
1535 2301 1763 2371 σημεῖον
1809 2301 1905 2371 μέ-

340 2397 525 2448 γιστον
552 2381 674 2435 καθ’
696 2383 890 2437 ἑαυτοῦ
917 2386 1162 2458 ἐκφέρει,
1192 2387 1289 2442 τοῦ
1321 2389 1396 2459 μὴ
1432 2389 1736 2458 συναλγεῖν,
1765 2390 1904 2445 ἀλλά

340 2472 684 2545 χρηστότητα
728 2475 1117 2548 ὑποκρίνεσθαι
1144 2478 1226 2549 τῷ
1275 2479 1351 2550 μὴ
1385 2479 1796 2552 βεϐοηθηκέναι.
1838 2482 1901 2535 Et

338 2560 466 2631 γάρ,
496 2562 626 2633 φέρε
664 2565 858 2631 είπεῖν,
894 2565 1081 2635 κύριος
1108 2568 1186 2623 ὢν
1216 2569 1311 2623 τοῦ
1357 2570 1517 2624 λύσαι
1554 2571 1645 2625 τὸν
1672 2571 1768 2625 τοῦ
1798 2571 1902 2626 πέ-

337 2665 499 2719 νητος
535 2651 712 2722 λιμὸν,
765 2654 883 2715 δέον
942 2655 1101 2711 λῦσαι
1153 2658 1247 2711 καὶ
1297 2658 1601 2723 ἀπαλλάξαι
1651 2662 1904 2717 κάκεῖνον

339 2745 644 2813 συμφορᾶς,
680 2745 775 2798 καὶ
798 2747 990 2802 ἑαυτὸν
1031 2748 1230 2820 λύπης,
1261 2749 1547 2818 συναλγεῖν
1588 2754 1905 2819 προσποιεῖ-

336 2847 428 2884 ται
452 2871 468 2898 ,
515 2834 578 2887 οὐ
644 2834 1023 2909 φιλάνθρωπός
1072 2840 1251 2907 ἐστιν,
1294 2840 1432 2899 ἀλλά
1492 2840 1903 2911 φιλανθρωπίαν

338 2922 708 2998 ὑποκρίνεται.

594 3034 737 3093 TII".
772 3067 843 3078 —
882 3040 1114 3094 ΙΕΡΑΚῙ
1152 3040 1643 3114 ΛΑΜΠΡΟΤΑΤῼ.

2080 2206 2182 2271 Qui
2221 2206 2455 2276 compati
2498 2220 2556 2262 se
2588 2205 2786 2260 dolenti
2831 2205 3002 2277 lingit,
3031 2221 3153 2261 cum
3183 2206 3370 2263 tollere
3413 2208 3569 2265 dolo-

2012 2313 2126 2354 rem
2156 2297 2326 2365 possit
2360 2305 2415 2350 ct
2448 2306 2667 2366 rogatus
2697 2306 2801 2363 est,
2848 2298 3060 2368 signum
3109 2299 3341 2353 maxime
3385 2310 3573 2355 contra

2009 2400 2069 2441 se
2103 2386 2343 2449 exhibet,
2392 2384 2534 2454 quod
2595 2400 2719 2440 vere
2772 2400 2877 2441 non
2928 2386 3229 2454 condoleat,
3275 2392 3370 2444 sed
3417 2392 3575 2459 quasi

2011 2475 2197 2530 utilius
2223 2473 2427 2544 judicet
2467 2488 2620 2543 opem
2652 2490 2759 2529 non
2793 2473 3004 2531 aﬂ'crre.
3031 2475 3201 2548 654
3235 2478 3325 2531 Dic
3365 2478 3572 2549 itaque,

2006 2567 2054 2622 si
2085 2567 2255 2636 possit
2287 2567 2509 2636 pauperi
2556 2566 2790 2635 inopiam
2821 2565 3056 2630 auferre,
3096 2576 3149 2621 et
3178 2576 3447 2635 teneatur,
3487 2581 3572 2624 at-

2000 2670 2108 2723 que
2138 2654 2501 2710 calamitatem
2537 2653 2605 2708 ab
2647 2668 2712 2708 eo
2755 2662 2921 2723 queat
2965 2662 3235 2719 avertere,
3289 2656 3395 2711 sibi
3443 2671 3583 2717 vero.

2001 2744 2240 2800 dolorem
2283 2747 2517 2815 eripere,
2552 2743 2772 2799 simulat
2823 2754 3003 2799 tamen
3049 2759 3110 2799 se
3147 2746 3405 2815 compati,
3456 2762 3563 2804 non

2003 2836 2091 2891 hic
2115 2837 2380 2891 humanus
2408 2845 2513 2902 est,
2546 2836 2640 2891 sed
2668 2834 3022 2890 humanitatis
3046 2834 3270 2893 elﬁctor.

2152 3036 2427 3096 CCCXIII.
2456 3067 2527 3091 .-—
2556 3036 2833 3092 HIERACI
2874 3036 3186 3094 CLARISS.
3230 3037 3407 3096 νιιιο.

954 3132 1032 3187 De
1064 3133 1228 3202 σθίοίο
1254 3132 1473 3202 ⁸ᾔιιαὶεὶε.
1505 3132 1683 3204 (Conf.
1710 3134 1864 3202 epist.
1894 3133 2023 3199 204,
2061 3141 2109 3186 et
2136 3130 2410 3186 Philonem
2433 3129 2597 3186 Hebr.
2625 3130 2690 3184 de
2716 3128 2943 3199 judice.)

400 3236 593 3291 Πολλοὶ
622 3238 731 3293 τῶν
762 3237 1063 3309 ἀνθρώπων
1093 3239 1128 3308 ἢ
1179 3238 1268 3292 διά
1324 3239 1632 3311 βραδύτητα
1673 3240 1899 3311 γνώμης

328 3326 645 3396 ἀνιχνεῦσαι
676 3327 738 3380 τὸ
781 3326 989 3381 δίκαιον
1016 3329 1116 3399 οὐχ
1156 3323 1260 3382 οἷοί
1288 3329 1349 3383 τέ
1397 3333 1552 3396 εἰσιν,
1583 3332 1617 3401 ἧ
1652 3333 1897 3403 ἀνιχνεύ-

335 3434 524 3482 σαντες
550 3419 913 3490 προδιδόασιν.
950 3420 1019 3473 Ἦ
1058 3421 1168 3491 γάρ
1214 3420 1495 3492 ἀνάνδρως
1541 3422 1890 3493 φοϐηθέντες,

336 3508 372 3579 ἢ
406 3508 492 3563 διὰ
519 3510 823 3580 καπηλείαν
846 3511 1210 3581 πεπρακότες,
1236 3511 1270 3581 ἦ
1299 3511 1387 3565 διὰ
1416 3511 1597 3581 φιλίαν
1623 3513 1895 3569 αἰδεσθέν-

332 3615 447 3662 τες,
469 3599 503 3668 ῆ
524 3600 616 3653 ὑπ’
637 3599 837 3671 ἔχθρας
860 3600 1249 3670 ἐρεθισθέντες,
1268 3600 1364 3671 τὴν
1385 3601 1552 3673 ὀρθὴν
1574 3603 1635 3656 ού
1664 3604 1890 3676 φέρουσι

332 3688 530 3757 ψῆφον.
564 3690 685 3760 Χρὴ
714 3687 807 3745 οὖν
849 3690 942 3744 τὸν
986 3691 1248 3761 μέλλοντα
1280 3692 1499 3747 δικάσαι
1533 3694 1749 3765 πρῶτον
1789 3695 1891 3766 μὲν

336 3780 550 3832 συνέσει
580 3782 773 3851 κομᾷν,
808 3783 896 3838 ἵνα
933 3783 1010 3853 μὴ
1047 3783 1275 3855 διαλάθῃ
1301 3784 1362 3838 τὸ
1397 3785 1657 3856 θήραμαι
1700 3785 1893 3841 ἔπειτα

331 3866 394 3919 δὲ
417 3867 511 3920 καὶ
539 3867 749 3941 ἀνδρίᾳ,
775 3871 870 3924 καὶ
907 3872 1259 3944 καθαρότητι,
1301 3874 1394 3929 καὶ
1430 3875 1763 3945 δικαιοσύνῃ,
1794 3875 1892 3930 καὶ

336 3958 715 4030 ἀμνησικακίᾳ
766 3963 1173 4034 κεκοσμῆσθαι,
1233 3964 1320 4017 ἵνα
1381 3963 1455 4035 μὲ
1519 3964 1581 4018 τὸ
1631 3964 1896 4036 θηρευθὲν

338 4050 647 4124 προδοθείη.

630 4251 770 4305 ΤΙΔ’.
800 4281 871 4293 —-
896 4252 1098 4306 ΘΕΩΝΙ
1127 4251 1581 4326 ΣΧΟΛΑΣΤΙΚῼ.

2069 3239 2317 3309 Plerique
2345 3238 2619 3294 hominum
2642 3238 2724 3292 vel
2750 3238 2821 3292 ob
2844 3236 3037 3292 mentis
3062 3236 3395 3302 tarditatem,
3419 3240 3563 3308 quod

1992 3330 2198 3398 justum
2237 3338 2295 3385 et
2348 3345 2561 3398 aequum
2611 3339 2716 3391 est,
2767 3329 3096 3399 investigare
3138 3340 3432 3397 nequeunt,
3480 3332 3587 3385 vel.

2001 3419 2316 3488 inquisitum
2365 3419 2603 3487 produnt
2634 3434 2647 3471 :
2679 3417 2769 3470 alii
2807 3418 2952 3471 enim
2990 3416 3224 3471 molliter
3264 3427 3566 3473 metuentes

1992 3519 2276 3580 quaerunt,
2316 3517 2407 3562 aut
2454 3508 2778 3578 cauponarie
2823 3492 3126 3572 venditant,
3175 3507 3259 3564 vel
3306 3509 3561 3564 amicitia:

1994 3602 2166 3673 gratia
2185 3601 2277 3671 jus
2301 3600 2484 3656 dicere
2527 3600 2768 3665 reveriti,
2804 3609 2898 3654 aut
2926 3600 3034 3655 odii
3067 3607 3122 3656 et
3152 3600 3558 3665 inimicitiarum

1998 3707 2165 3748 causa
2192 3692 2602 3756 contendentes,
2639 3690 2903 3758 judicium
2940 3691 3138 3760 injuste
3164 3691 3364 3749 ferunt.
3402 3693 3560 3748 Decet

1994 3782 2184 3853 itaque
2209 3783 2300 3851 qui
2320 3782 2486 3850 judex
2512 3783 2837 3837 sententiam
2869 3780 3027 3846 feret,
3056 3783 3338 3851 prudentia
3360 3783 3415 3838 in
3442 3785 3558 3852 pri-

1996 3874 2102 3929 mis
2129 3872 2350 3941 pollere,
2394 3887 2461 3928 ne
2493 3871 2671 3942 praeda
2717 3871 2955 3940 eﬂugiat.
2983 3872 3203 3938 Deinde,
3246 3873 3558 3929 fortitudine

1994 3974 2080 4027 est
2111 3977 2268 4031 opus,
2300 3971 2355 4018 et
2393 3963 2628 4032 puritate
2663 3974 2824 4033 atque
2854 3962 3086 4032 iustitia,
3126 3962 3554 4030 praeteritarum-

1990 4069 2099 4123 que
2128 4054 2399 4109 oblivione
2440 4054 2756 4124 injuriarum
2796 4054 2954 4108 debet
2994 4052 3265 4118 exornari,
3308 4068 3375 4110 ne
3413 4057 3556 4126 quod

2000 4155 2223 4202 venatus
2254 4155 2359 4210 est,
2397 4144 2699 4213 prodidisse
2726 4144 2992 4198 videatur.

2188 4253 2461 4309 CCCXIV.
2490 4283 2562 4295 —
2591 4252 2843 4308 THEONI
2883 4252 3371 4313 SCHOLASTICO.

919 4362 1249 4419 Tentationes
1281 4365 1540 4429 quomodo
1575 4375 1901 4433 superentur.
1929 4362 2109 4433 (Conf.
2139 4363 2290 4432 epist.
2325 4361 2417 4427 '59,
2441 4361 2527 4427 68,
2552 4362 2640 4427 71,
2667 4361 2793 4426 226,
2823 4362 2966 4421 270.)

396 4468 649 4533 Δυνατδν,
679 4463 725 4524 ὦ
759 4470 1022 4540 βέλτιστε,
1062 4485 1343 4543 κρείττονα
1391 4472 1643 4541 γενέσθαι
1694 4490 1888 4543 πειρα-
1918 4473 1922 4527 ζ

2066 4472 2272 4537 Potest,
2306 4470 2389 4525 vir
2418 4471 2640 4539 optime,
2683 4472 2865 4525 virtuti
2898 4473 3108 4527 deditus
3149 4488 3408 4543 superare
3434 4482 3553 4530 ten-

328 4560 466 4630 σμοῦ
495 4560 585 4614 τὸν
615 4560 920 4633 φιλάρετον.
956 4561 1168 4616 Γίνεται
1202 4563 1259 4617 δὲ
1323 4562 1651 4633 ὑψηλότερος
1703 4581 1892 4633 πειρα-

328 4652 488 4721 σμοῦ,
524 4651 616 4705 καὶ
639 4650 756 4705 λύει
785 4651 966 4717 αὐτὸν,
993 4652 1093 4705 οὐκ
1119 4654 1177 4707 ἐν
1219 4652 1296 4722 τῷ
1334 4652 1563 4706 κωλύειν
1610 4653 1889 4717 παντελῶς

329 4743 464 4795 ίέναι
506 4742 788 4813 (πολλάκις
814 4743 922 4813 γὰρ
944 4745 971 4795 ὁ
1003 4742 1131 4805 Θεὸς
1155 4745 1430 4813 συγχωρεῖ
1452 4743 1889 4815 δοκιμασθῆναι),

325 4832 460 4887 ἀλλά
488 4835 546 4887 ἐν
582 4833 661 4903 τῷ
691 4832 953 4903 ἀνδρείως
986 4833 1172 4901 φέρειν
1201 4833 1270 4885 τὰ
1311 4833 1713 4903 συμπίπτοντα.
1768 4833 1890 4904 Χρὴ

323 4923 434 4991 γὰρ
466 4922 611 4977 λύειν
648 4924 739 4977 τὸν
770 4923 1095 4992 πειρασμὸν,
1137 4923 1185 4974 εί
1231 4922 1323 4973 καὶ
1378 4921 1569 4984 ἀλυτος
1622 4916 1760 4975 εἶναι
1800 4922 1884 4974 δο-

321 5014 468 5084 κοίη,
485 5013 572 5067 διά
599 5015 811 5083 σοφίας,
834 5013 928 5066 καὶ
945 5014 1167 5083 ἀρετῆς,
1192 5012 1251 5064 ού
1267 5012 1332 5064 δι’
1353 5011 1712 5080 ἀπογνώσεως
1743 5012 1855 5083 (92)
1872 5028 1885 5041 ·

320 5104 436 5156 λύει
464 5104 521 5156 δὲ
559 5104 626 5156 δι’
654 5103 857 5174 ἀρετῆς
883 5103 977 5156 καὶ
1009 5101 1198 5169 σοφίας
1218 5101 1280 5153 ού
1308 5099 1387 5169 τῷ
1418 5101 1594 5169 πάντῃ
1634 5098 1885 5163 κωλύειν,

318 5194 457 5249 ἀλλά
492 5195 570 5265 τῷ
600 5193 901 5257 συνεθίζειν
933 5193 1198 5265 γενναίως
1238 5192 1422 5262 φέρειν
1454 5192 1521 5244 τὰ
1552 5192 1889 5260 συμπίπτον-

316 5302 407 5341 τα.
440 5286 503 5339 Ei
548 5286 655 5356 γὰρ
701 5287 798 5340 καὶ
855 5285 993 5357 βαρὺ
1029 5286 1089 5338 τὸ
1137 5287 1399 5355 πρᾶγμα,
1436 5282 1551 5336 ἀλλ’
1601 5283 1743 5335 ίᾶται
1789 5282 1887 5350 τὴν

1990 4564 2272 4618 tationem.
2310 4560 2441 4631 Ejus
2477 4563 2621 4617 enim
2655 4563 2713 4617 lit
2745 4563 2939 4630 victor,
2992 4578 3098 4619 non
3145 4564 3190 4618 si
3225 4573 3408 4619 arceat
3435 4579 3555 4618 om-

1990 4651 2119 4710 nino
2150 4649 2315 4722 (saepe
2351 4651 2494 4706 enim
2520 4652 2787 4721 permittit
2815 4654 3027 4721 probari
3063 4668 3190 4709 suos
3224 4654 3412 4720 Deus),
3454 4656 3551 4710 sed

1993 4741 2204 4797 fortiter
2230 4741 2451 4797 ferendo
2474 4757 2595 4812 qua:
2617 4744 2867 4797 accidunt
2892 4745 3134 4800 adversa.
3166 4743 3385 4799 Solvere
3408 4746 3553 4800 enim

1992 4834 2340 4890 tentationem
2371 4843 2603 4903 oportet,
2636 4834 2741 4888 etsi
2796 4833 3012 4889 dissolvi
3050 4851 3154 4888 non
3182 4848 3339 4903 posse
3366 4836 3549 4890 videa-

1991 4932 2109 4990 tur,
2177 4939 2299 4979 cum
2351 4925 2614 4993 sapientia
2671 4934 2781 4977 tum
2830 4923 3173 4987 fortitudine,
3221 4925 3554 4993 desperando

1995 5029 2147 5079 vero,
2181 5014 2421 5069 minime.
2452 5014 2788 5069 Fortitudine
2815 5015 3028 5084 quidem
3055 5029 3119 5068 ac
3139 5015 3419 5083 sapientia,
3446 5031 3553 5071 non

1997 5102 2220 5156 omnino
2257 5100 2571 5170 rejiciendo,
2603 5103 2697 5155 sed
2730 5118 2987 5171 generose
3014 5102 3156 5156 ferre
3186 5104 3411 5158 adversa
3437 5120 3555 5173 qua:

1998 5192 2252 5246 accidunt
2309 5192 2737 5246 assuefaciendo.
2800 5194 2912 5247 Etsi
2966 5195 3108 5246 enim
3158 5194 3445 5248 molestum
3499 5196 3553 5249 id

1994 5282 2215 5336 exsistat
2257 5282 2551 5350 negotium,
2603 5297 2817 5338 onmem
2865 5281 3211 5337 nihilominus
3250 5282 3547 5337 molestiam

1400 5464 1631 5521 νΑιιιΑε
1672 5463 2053 5522 LECTIONES
2092 5463 2178 5516 ET
2215 5462 2439 5518 ΝΟΤᾹΞ.

391 5626 500 5695 (91)
538 5626 644 5681 Pro
673 5625 997 5697 παλινῳδίας
1022 5626 1171 5697 ᾄσειν
1195 5624 1354 5681 iidem
1384 5618 1879 5678 δϐτίυυιιιπαλινω-

317 5695 435 5749 δίαν
474 5697 645 5767 ᾄσεις.
685 5695 899 5752 Possm.

2065 5616 2174 5685 (92)
2208 5615 2309 5668 Pro
2336 5617 2403 5668 δι’
2433 5616 2787 5683 ἀπογνώσεως
2837 5615 2991 5669 codd.
3039 5614 3159 5672 Vat.
3200 5615 3303 5674 650
3338 5623 3394 5673 et
3438 5616 3548 5677 Mt.

1990 5687 2227 5741 scribunt
2259 5685 2345 5738 διὰ
2378 5686 2751 5755 προγνώσεως.
2786 5686 2989 5742 Possm.
3395 5687 3401 5691 ’
