3974 6144
482 288 621 357 1519
1711 268 2072 335 5151130111
2108 263 2543 329 PELUSIOT/E
3568 252 3687 323 ιω.)

477 403 763 478 prudentia
786 401 945 466 tollit,
975 412 1095 469 quae
1131 395 1306 452 tristia
1336 404 1563 464 queque
1592 387 1873 444 moderate
1904 384 2045 439 ferre

2118 437 2120 445 ,
2150 382 2428 453 βαρύτητα
2455 378 2542 432 διά
2572 375 2670 446 τῆς
2704 372 3039 446 φρονήσεως,
3082 369 3316 441 μετρίως
3344 366 3534 440 φέρειν
3549 370 3687 427 δυνά.

479 460 647 552 novit.
680 460 942 550 Malorum
982 460 1127 544 enim
1157 501 1279 556 quas
1307 460 1372 539 in
1409 460 1593 538 nostra
1632 484 1898 549 potestate
1941 488 2043 528 non

2153 490 2312 544 μενος
2338 471 2407 523 τὰ
2434 469 2673 540 λυπηρά.
2701 467 2876 528 Ἴασις
2912 462 3021 535 γὰρ
3049 461 3158 516 τῶν
3180 460 3280 521 οὐκ
3303 461 3388 529 ἐφ’
3428 461 3558 531 ἡμῖν
3586 463 3617 532 ἠ
3640 466 3689 516 ιν

479 597 627 651 sunt,
672 582 935 639 medicina
969 588 1053 635 est
1088 594 1153 633 ea
1176 551 1305 647 quae
1338 576 1392 631 in
1435 580 1622 629 nostra
1655 579 1741 627 est
1780 573 2048 637 potestate

2151 565 2282 635 ἡμῖν
2310 559 2619 630 φιλοσοφία.
2655 557 2765 611 Καὶ
2797 554 2950 617 λύσις
2996 551 3497 651 τῶννάναγκαίων,
3522 555 3569 605 εί
3612 554 3692 607 καὶ

482 636 821 750 philosophia
852 691 867 728 :
893 684 1066 740 eaque
1110 636 1358 724 dissolvit
1401 665 1565 731 mala,
1597 677 1717 733 qua:
1758 636 2049 715 indissolu-

2153 650 2276 705 καθ’
2306 650 2476 704 ἑαυτά
2508 646 2680 703 ἀλυτά
2703 661 2849 698 τισιν
2876 643 3055 707 ἔδοξεν
3097 636 3259 707 εῖναι,
3287 642 3321 711 ή
3362 641 3423 695 ὲν
3467 641 3563 711 μὲν
3596 645 3693 706 τοῖς

651 731 997 822 viderentur:
1018 759 1298 815 Fortitudo
1322 758 1375 813 in
1416 731 1672 827 gravibus
1705 751 2051 818 molestiaque

2153 743 2345 804 δεινοῖς
2375 740 2587 811 ἀνδρία,
2621 738 2682 789 ὲν
2732 735 2793 789 δὲ
2841 737 2958 798 τοῖς
3002 734 3195 800 δεξιοῖς
3243 732 3361 804 (καὶ
3408 732 3515 802 γὰρ
3543 731 3697 787 ταῦτα

481 863 693 919 exsistit
730 860 915 925 rebus;
972 857 1025 911 in
1061 854 1312 912 secundis
1336 866 1468 907 vero
1495 850 1642 920 (nam
1674 856 1729 904 et
1772 845 1852 900 liae
1883 844 2050 898 inter-

2157 829 2476 903 δοκιμασίας
2496 828 2682 882 ἕνεκεν
2705 825 2963 890 πολλάκις
2984 821 3214 892 δίδοται)
3256 822 3636 893 μεγαλοψυχία.

484 957 609 1010 dum
647 951 907 1023 probandi
954 964 1119 1006 causa
1168 941 1553 1013 immittuntur)
1591 938 1759 997 animi
1799 945 1886 993 est
1916 947 2055 1005 opus

485 1045 874 1118 magnitudine.

970 1143 1217 1203 cccxv.
1250 1174 1319 1183 -
1344 1139 1574 1197 EIDEM.
2652 1120 2800 1175 τίεν.
2827 1148 2898 1159 -
2916 1120 3005 1190 Τῼ
3032 1119 3231 1189 arra.

1106 1236 1349 1291 Divinum
1375 1233 1629 1288 auxilium
1660 1230 1918 1301 quomodo
1941 1216 2352 1293 implorandum.
2387 1214 2567 1287 (Cotti.
2608 1215 2759 1283 epist.
2803 1212 2933 1278 527,
2959 1210 3109 1280 457.)

560 1354 663 1421 Qui
713 1353 862 1421 cupit
917 1349 1123 1406 auxilio
1173 1344 1527 1414 insuperabili
1572 1343 1713 1408 I'rui,
1765 1354 1829 1397 ea
1874 1338 2060 1407 exigat

2231 1325 2336 1421 Τόν
2359 1324 2622 1398 μέλλοντα
2650 1323 3075 1395 ἀπολαύεινξτῆς
3096 1322 3369 1395 ἀηττήτου
3399 1320 3700 1393 συμμαχίας,

491 1454 703 1515 oportet
732 1459 852 1513 quae
898 1442 1136 1511 postulat
1167 1440 1416 1509 aequitas,
1463 1445 1523 1490 ut
1552 1433 1828 1505 petitionis
1865 1439 2060 1486 natura

2162 1414 2390 1471 τοιαῦτα
2444 1416 2616 1468 αίτεῐυ
2661 1412 2793 1486 χρὴ,
2844 1413 2881 1468 ἃ.
2939 1414 3038 1467 καὶ
3076 1412 3169 1468 τὸν
3204 1411 3302 1466 τοῦ
3336 1410 3543 1465 δικαίου
3572 1408 3701 1479 λόγον

496 1498 764 1589 ιιίιιιίιίιιῐιι⁸
807 1498 1068 1585 attrahat.
1119 1528 1191 1583 Iis
1232 1498 1384 1582 enim
1421 1524 1513 1595 qui
1554 1498 1662 1592 'per
1701 1519 1930 1575 ironiam
1972 1526 2065 1571 aut

2167 1506 2303 1578 εχει,
2333 1505 2421 1558 τνα
2446 1506 2514 1575 τῇ
2548 1501 2709 1571 φύσει
2738 1503 2837 1574 τῆς
2865 1504 3138 1573 αἰτήσεως
3167 1501 3269 1573 τὴν
3302 1501 3478 1572 ῥοπήν
3503 1498 3703 1553 ἐπισπά-

496 1624 779 1679 avaritiam
809 1620 938 1675 illud
967 1619 1283 1688 implorant,
1312 1629 1419 1670 non
1438 1588 1680 1677 accedit,
1722 1612 1814 1665 sed
1852 1609 1916 1664 iis
1949 1607 2065 1677 qui«

2172 1608 2363 1665 σηταιο
2388 1594 2502 1656 τοῖς
2549 1590 2657 1662 γὰρ
2723 1590 2784 1658 ἐξ
2822 1591 3108 1662 εἰρωνείας
3143 1590 3241 1646 καὶ
3289 1589 3384 1645 διὰ
3430 1588 3705 1652 πλεονεξίας

496 1717 596 1770 Irus
632 1713 824 1783 injuria
863 1679 1059 1782 sponte
1082 1709 1228 1764 illata
1257 1679 1341 1762 est
1377 1703 1606 1760 accedit.

2139 1737 2145 1780 ἱ
2173 1684 2431 1739 καλοῦσιν
2460 1684 2561 1737 οὐκ
2596 1683 2855 1754 ἐπιφοιτᾷ
2881 1683 2915 1754 ή
2946 1681 3298 1754 αύτοκλήτως
3327 1682 3442 1747 τοῖς
3461 1679 3708 1751 ἀδικουμέ-

2174 1794 2285 1841 νοις
2322 1774 2683 1846 ὲπιφοιτῶσα.

965 1885 1237 1944 CCCXVI.
1270 1914 1342 1925 --
1366 1881 1602 1943 PRIMO.
2510 1893 2514 1897 ’

2510 1893 2514 1897 -
2686 1865 2851 1934 'rtq'.
2891 1896 2955 1912 -ς
2988 1865 3229 1938 arma.

1616 1974 1742 2029 Vita
1763 1973 1972 2038 piorum
2006 1961 2368 2039 aﬂiictionibus
2396 1960 2642 2015 obnoxia.

571 2096 725 2163 Quod
769 2093 908 2149 dicis
946 2091 1266 2162 quaestionis
1295 2088 1562 2160 indigere,
1597 2087 1739 2142 idem
1781 2071 2069 2140 solutionis

2245 2069 2386 2124 Αὐτὸ
2422 2070 2603 2133 τοῦτο,
2652 2068 2681 2122 ὃ
2707 2068 2811 2139 φὴς
2843 2066 3014 2121 αἴτιον
3044 2060 3185 2120 εἶναι
3214 2065 3514 2153 ζητήσεως,
3539 2062 3708 2127 λύσεώς

503 2202 689 2249 causa,
739 2200 859 2240 mea
906 2185 1122 2253 quidem
1170 2154 1460 2243 sententia,
1503 2178 1738 2235 videtur.
1778 2175 1879 2243 Qui
1925 2172 2070 2229 enim

2175 2163 2293 2215 ἐστι
2314 2158 2447 2231 παρ’
2486 2159 2610 2230 ἐμοὶ
2642 2161 2804 2229 κριτῇ
2855 2156 3046 2213 αῐτιον.
3079 2156 3144 2211 Εἰ
3179 2155 3293 2227 γὰρ
3341 2154 3709 2225 ἀποταξάμενος

506 2278 708 2332 mando
756 2245 1161 2329 renuntiaverit
1204 2269 1338 2325 nihil
1385 2270 1604 2335 mirare,
1639 2264 1974 2323 tribulationi
2011 2275 2075 2317 ac

2174 2252 2255 2323 τῷ
2284 2253 2496 2323 κόσμῳ,
2543 2250 2720 2320 θλίψει
2773 2250 3114 2320 περιεπάρης
3146 2248 3241 2303 καὶ
3286 2248 3623 2319 πειρασμοῖς,
3651 2245 3710 2316 μὴ

508 2367 902 2425 tentationibus
949 2363 1241 2419 obnoxium
1280 2376 1422 2418 esse.
1478 2361 1566 2416 Ait
1606 2360 1749 2415 enim
1781 2355 2077 2413 Christus:

2175 2344 2465 2415 θαυμάσῃς
2486 2359 2500 2374 ⁸
2531 2344 2559 2396 ὁ
2584 2342 2695 2413 7&9
2727 2340 2963 2413 Χριστὸς
2990 2336 3166 2406 εἶπεν,
3201 2357 3222 2393 ι
3267 2340 3467 2410 Θλίψιν
3501 2339 3635 2406 Egere
3663 2337 3708 2388 ἐν

504 2460 667 2532 655
702 2476 723 2511 ι
752 2454 1178 2511 Tribulationem
1205 2454 1260 2508 in
1297 2452 1400 2507 hoc
1432 2450 1634 2506 mundo
1667 2448 1933 2504 habebitis
1955 2445 2023 2500 ⁸⁸.
2054 2463 2073 2497 ι

2180 2434 2258 2505 τῷ
2278 2433 2470 2504 κόσμῳ
2495 2430 2693 2501 τούτῳ.
2726 2450 2745 2483 ι
2790 2429 2919 2494 Πῶς
2965 2429 3144 2485 τοίνυν
3190 2430 3381 2503 ζητεῖς
3410 2430 3598 2493 ἄνεσιν,
3638 2424 3711 2479 τοῦ

508 2512 846 2615 Etirvitaque
876 2541 1189 2599 certaminis
1219 2539 1477 2611 praefecto
1522 2539 1598 2593 ita
1646 2536 1901 2606 loquente
1925 2533 2077 2603 quie-

2177 2524 2517 2594 ἀγωνοθέτου
2590 2522 2748 2576 τοῦτο
2798 2522 3081 2587 είπόντοςς
3135 2521 3270 2574 Τότε
3329 2519 3439 2592 γὰρ
3488 2519 3618 2581 είκὸς
3658 2512 3712 2585 ἦν

498 2649 623 2693 teni
669 2604 954 2707 pos-tutas?
996 2632 1147 2688 Tunc
1182 2604 1327 2688 enim
1362 2628 1564 2685 offendi
1610 2604 1734 2682 erat
1775 2639 1991 2696 aequum
2037 2638 2063 2677 s

2183 2611 2658 2677 σκανδαλίζεσθαι,
2693 2612 2742 2663 εἰ
2763 2609 3022 2665 τάναντία
3042 2604 3119 2665 ὧν
3147 2605 3314 2665 εἶπεν
3349 2609 3562 2677 ἐγίνετο.
3595 2604 3712 2660 Elii

518 2738 707 2786 contra
749 2738 910 2795 atque
933 2726 1091 2791 dixit,
1125 2723 1469 2793 contigisset.
1506 2721 1604 2777 Sin
1636 2734 1704 2775 ex
1732 2716 2087 2786 consequenti

2179 2706 2325 2761 κατὰ
2370 2701 2693 2760 ἀκολουθίαν
2756 2701 2934 2755 πάντα
2991 2699 3273 2772 προσαίνει
3295 2740 3316 2764 ,
3374 2699 3511 2763 τίνος
3561 2696 3711 2749 ἕνεκεν

520 2820 699 2876 omnia
724 2817 1000 2879 eveniunt,
1018 2828 1137 2880 cur,
1165 2792 1367 2884 quaeso,
1398 2807 1811 2867 scandalizeris‘l
1833 2805 2089 2875 Quisquis

2184 2798 2545 2871 σκανδαλίζῃς
2588 2798 2648 2851 ὐ
2679 2796 2790 2867 γὰρ
2820 2798 2878 2850 ὲν
2901 2795 2980 2867 τῷ
3015 2793 3195 2868 καιρῷ
3220 2794 3340 2851 τῶν
3370 2792 3711 2865 παλαισμάτων

515 2913 657 2968 enim
690 2907 1005 2966 certaminis
1033 2913 1273 2975 tempore
1300 2903 1469 2960 otium
1500 2900 1848 2972 quietemque
1872 2898 2084 2967 quaerit,

2146 2959 2163 2971 ν
2188 2892 2372 2947 ἀνεσιν
2400 2889 2698 2961 ἐπιζητῶν,
2726 2890 2821 2943 καὶ
2868 2889 3253 2959 ἀστεφάνωτος
3302 2889 3471 2962 μένει,
3502 2887 3585 2946 καὶ
3608 2899 3710 2953 συγ-

517 3016 714 3059 corona
733 3001 1038 3065 fraudetur,
1060 2995 1595 3067 opportunitatesque
1623 2992 1842 3047 amittit.

1169 2995 1595 3062 ortunitatesque
1623 2992 1842 3047 amittit.
2116 2989 2163 3051 (ζ
2194 2985 2309 3057 χέει
2337 2985 2463 3049 τοὺς
2492 2984 2738 3052 καιρούς.

678 3104 975 3164 CCCXVII.
1006 3133 1075 3145 —-
1100 3101 1396 3160 OPHELIO
1431 3096 1909 3157 GRAMMATICO.
2190 3140 2204 3154 .

2190 3140 2204 3154 .
2453 3095 2597 3149 th'.
2637 3122 2709 3136 —
2738 3093 2981 3166 nomo
3012 3092 3490 3164 ΓΡΔΜΜΑΤΙΚῼ.

1109 3193 1397 3249 Puerorum
1427 3193 1496 3244 ad
1523 3192 1766 3245 virtutem
1795 3186 2260 3255 verecundiamque
2286 3184 2617 3256 informatio.
2653 3184 2885 3257 (Confer.
2916 3186 3069 3255 epist.
3098 3185 3178 3256 9.)

594 3307 825 3363 Assidue
846 3344 862 3371 ,
888 3304 974 3358 vir
998 3302 1367 3363 disertissime,
1400 3312 1596 3368 pueros
1623 3297 1714 3367 qui
1747 3305 1798 3351 te
1833 3294 2092 3366 frequen-

2262 3296 2506 3367 Συνεχῶς
2523 3335 2539 3364 ,
2572 3289 2619 3349 ὧ
2652 3294 3051 3367 ὲλλογιμώτατε
3070 3334 3086 3361 ,
3112 3296 3229 3359 τοῖς
3259 3294 3480 3364 φοιτῶσι
3508 3288 3638 3345 παισὶ
3657 3286 3709 3341 τὰ

524 3409 641 3456 tant
674 3400 739 3454 de
764 3398 965 3451 virtute
994 3410 1056 3449 ac
1075 3392 1405 3447 verecundia
1436 3405 1530 3446 seu
1575 3389 1841 3445 modestia
1886 3387 2093 3455 ample-

2191 3388 2321 3458 περὶ
2358 3388 2559 3458 ἀρετῆς
2593 3388 2689 3442 καὶ
2727 3388 3082 3459 σωφροσύνης
3116 3387 3416 3458 παραίνει,
3440 3384 3527 3440 καὶ
3556 3378 3708 3449 ἀναγί-

527 3492 720 3549 ctenda
766 3490 1010 3551 hortare,
1041 3494 1097 3540 et
1146 3485 1260 3538 haec
1303 3482 1371 3537 de
1421 3482 1626 3551 scripto
1670 3480 1753 3535 his
1799 3478 1912 3535 fere
1961 3490 2095 3533 usus

2190 3494 2367 3533 νωσκε
2409 3478 2818 3549 συγγράμματα
2851 3477 3025 3547 λέγων
3049 3495 3065 3510 ο
3090 3472 3161 3532 Ὦ
3202 3478 3424 3543 παῖδες,
3458 3476 3585 3530 {crta
3611 3470 3710 3541 tiin

528 3584 728 3646 verbis,
752 3580 873 3647 lege
905 3594 920 3632 :
955 3576 1365 3640 Adolescentes,
1395 3587 1499 3628 non
1533 3572 1602 3627 sit
1632 3569 1783 3626 vobis
1807 3583 1973 3641 grave
2013 3568 2096 3624 di-

2196 3568 2274 3642 μὴ
2309 3570 2472 3633 πόνος
2516 3568 2676 3639 μόνος
2717 3570 2746 3623 ό
2784 3570 2912 3642 περὶ
2940 3569 3167 3639 λόγοῦς,
3206 3570 3349 3626 ἀλλά
3390 3569 3477 3626 καὶ
3506 3558 3709 3637 κόσμοςῦ

532 3672 686 3728 rendi
735 3670 837 3724 arti
872 3665 1207 3731 incumbere,
1252 3664 1382 3733 quin
1415 3663 1592 3732 potius
1628 3668 1949 3717 ornamento
1981 3658 2098 3715 fore

2197 3660 2327 3733 περὶ
2350 3659 2586 3731 τρόπους
2616 3659 2681 3713 τὺ
2714 3660 3052 3729 σπούδασμα.
3089 3661 3257 3735 Ψυχὴ
3286 3663 3394 3734 γὰρ
3421 3657 3611 3731 καθαρὰ
3636 3673 3710 3710 κα-

532 3764 713 3819 ducite
752 3761 994 3817 moribus
1026 3772 1188 3829 quam
1232 3757 1450 3826 optimis
1477 3755 1666 3811 imbui.
1694 3753 1922 3808 Animus
1949 3751 2095 3807 enim

2196 3752 2323 3816 κίας
2359 3750 2611 3805 παιδείαν
2638 3749 2906 3823 εἰλικρινῆ
2937 3751 3224 3824 προσίεται
3244 3792 3261 3819 ,
3296 3754 3392 3809 καὶ
3421 3751 3541 3823 παρ’
3575 3744 3642 3811 οἷς
3662 3747 3711 3800 ἂν

534 3874 562 3911 a
588 3856 733 3909 vitiis
765 3866 933 3925 purus
957 3852 1226 3908 sinceram
1257 3857 1412 3920 parat
1451 3848 1757 3905 scientiam.
1805 3846 1873 3900 Et
1897 3843 2095 3915 quibus

2198 3845 2236 3913 ὴ
2276 3842 2598 3915 σωφροσύνη
2633 3842 2827 3915 λάμπῃ
2852 3844 2915 3898 τὸ
2945 3843 3056 3900 τῶν
3090 3844 3308 3916 ἀρετῶν
3338 3841 3647 3917 τιμιώτατον.
3666 3834 3711 3889 ΕΙ

535 3945 857 4003 verecundia
880 3943 1054 4009 adest,
1074 3944 1128 3997 in
1143 3942 1226 3997 his
1237 3939 1562 3996 verecundia
1582 3938 1839 3992 virtutum
1859 3935 2096 3990 maxima

2198 3937 2307 4009 7&9
2326 3937 2421 3992 καὶ
2449 3936 2769 4008 σωφροσύνη
2812 3938 2923 3991 πᾶν
2949 3935 3013 3990 τὸ
3045 3936 3463 4009 ἀναμάρτητον,
3498 3930 3615 3988 ἀλλὰ
3648 3927 3712 3979 νέ-

535 4039 805 4095 elueescit.
841 4034 1116 4106 Siquidem
1147 4041 1202 4087 et
1233 4030 1584 4100 temperantia
1612 4028 1760 4082 vitiis
1781 4034 1952 4090 caret,
1979 4039 2099 4096 quae

2206 4046 2397 4100 μουσιν
2443 4029 2614 4099 αὐτῆς
2654 4028 2753 4099 τὴν
2796 4029 3168 4099 προσηγορίαν
3208 4023 3272 4083 εὖ
3307 4024 3568 4087 ποιοῦντές
3603 4031 3712 4078 τινες

537 4131 703 4186 etiam
745 4126 865 4181 illos
896 4126 987 4196 qui
1024 4126 1194 4195 ipsam
1234 4122 1629 4192 amplectuntur
1666 4121 1916 4176 castitate
1939 4134 2099 4174 exor-

2200 4121 2281 4191 τῷ
2319 4121 2419 4191 τῆς
2464 4120 2685 4189 ἁγνείας
2728 4120 3050 4190 πράγματι,
3091 4120 3455 4189 κοσμιωτάτῳ
3490 4114 3614 4177 ὄντι,
3644 4109 3712 4160 καὶ

542 4230 677 4275 nat:
713 4233 831 4285 quae
873 4216 1098 4285 reliquis
1156 4211 1429 4267 antecellit
1469 4211 1756 4265 virtutibus
1806 4210 2103 4279 pulchritu-

2204 4211 2523 4283 ἐξοχωτάτῳ
2549 4210 2658 4263 τῶν
2686 4210 2884 4265 ἀλλων.
2932 4209 3155 4275 Τούτοις
3197 4210 3297 4264 καὶ
3329 4211 3364 4280 ἡ
3405 4206 3553 4277 σοφία
3582 4214 3714 4255 συνοι-

540 4312 686 4366 dine.
718 4310 851 4364 Cum
884 4308 968 4362 his
1001 4305 1263 4376 sapientia
1306 4303 1535 4360 habitat.
1567 4302 1676 4359 Hac
1702 4304 1881 4371 itaque
1902 4303 2036 4357 duce
2059 4300 2105 4356 si

2143 4295 2183 4351 Ι)
2210 4304 2368 4375 κήσει
2391 4318 2406 4332 ·
2439 4302 2505 4355 ἂν
2529 4301 2639 4373 γὰρ
2672 4300 2902 4372 ἡγεμόνι
2930 4300 3167 4372 χρήσθαι
3198 4300 3337 4372 πρὸς
3364 4300 3561 4354 ἅπαντα
3583 4288 3712 4357 ταύτῃ

543 4403 609 4456 ad
642 4401 827 4456 omnia
858 4399 933 4453 uti
964 4397 1260 4463 volueritis,
1293 4412 1389 4452 vos
1430 4396 1643 4466 quidem
1671 4396 1768 4449 viri
1795 4393 2099 4450 eﬂiciemini

2206 4397 2272 4465 τῇ
2325 4394 2493 4465 ἀρετῇ
2545 4391 2848 4462 θελήσητε,
2890 4391 3049 4461 ὑμεῖς
3095 4390 3197 4461 μὲν
3238 4386 3521 4461 γενήσεσθε
3567 4380 3712 4466 ἄνδρες

544 4492 729 4563 optimi
760 4506 824 4547 ac
859 4488 1120 4545 fortunati
1150 4503 1165 4541 :
1197 4502 1295 4558 ego
1322 4464 1537 4557 quoque
1560 4502 1590 4541 a
1624 4496 1773 4541 recta
1808 4493 1985 4539 vestra
2016 4485 2105 4539 in-

2207 4464 2401 4555 &7a0oi.
2446 4484 2542 4539 καὶ
2581 4483 2880 4555 μακάριοι,
2915 4482 3026 4551 ἐγὼ
3051 4483 3108 4537 δὲ
3138 4482 3223 4551 ἐφ’
3259 4482 3387 4553 ὑμῖν
3426 4480 3483 4532 οὐ
3516 4464 3710 4548 μεῖοννῆ

542 4585 824 4640 stitutione
857 4596 964 4637 non
1014 4582 1194 4637 minus
1234 4595 1397 4651 quam
1438 4580 1530 4651 qui
1585 4594 1679 4634 vos
1718 4587 1971 4647 parentes
2017 4591 2110 4645 ge-

1961 4593 1971 4631 i
2017 4591 2110 4645 ge-
2206 4580 2364 4649 οἴπερ
2391 4577 2717 4646 ἐγέννησαν,
2747 4574 2957 4645 ἀμείνω
2974 4574 3131 4643 δόξαν
3158 4572 3530 4645 καρπώσομαι.

546 4684 799 4737 nuerunt,
839 4673 945 4726 into
971 4671 1227 4741 majorem
1264 4670 1427 4725 etiam
1462 4670 1684 4740 gloriam
1716 4683 2035 4738 consequar.

768 4777 1084 4836 CCCXVIII.
1118 4808 1188 4819 —
1222 4777 1495 4835 ISlDORO
1534 4776 1884 4833 EPISCOPO.

2514 4770 2667 4824 TIH'.
2710 4800 2776 4811 --
2809 4767 3069 4839 rmore
3105 4768 3469 4838 ΕΠΙΣΚΟΠῼ.

1584 4868 1837 4925 Veritatis
1878 4867 2137 4933 laudatio,
2166 4865 2425 4921 mendacii
2462 4860 2751 4931 turpitudo.

620 4965 732 5020 Sibi
777 4974 960 5019 notam
1007 4964 1333 5032 ignominiaa,
1360 4978 1394 5018 o
1429 4963 1668 5032 sapiens,
1706 4964 1950 5029 inurunt,
1998 4973 2050 5018 et
2080 4978 2111 5017 a

2242 5012 2245 5015 λ
2307 4958 2581 5019 Ἐαυτοῖς,
2628 4947 2675 5008 ὧ
2720 4953 2885 5022 σοφὲ,
2922 4954 3139 5031 ἀδοξίαν
3185 4948 3612 5023 προστρίδονται,
3649 4934 3716 4991 καὶ

548 5067 698 5115 recta
738 5058 989 5114 excidere
1018 5058 1229 5113 ratione
1260 5056 1531 5125 videntur,
1566 5056 1655 5125 qui
1698 5055 1958 5124 sapientis
1986 5069 2111 5111 esse

2217 5050 2279 5103 τὸ
2320 5044 2670 5117 ἐξεστηκέναι
2706 5042 2818 5095 τῶν
2854 5042 3029 5115 ὀρθῶν
3057 5040 3332 5112 λογισμῶν
3362 5034 3715 5125 ὑποφαίνουσινι

551 5150 787 5205 hominis
822 5150 1024 5203 ducunt
1069 5161 1373 5217 repugnare
1411 5147 1505 5211 Iis,
1544 5161 1665 5216 qua:
1701 5147 1839 5202 bene
1879 5160 2114 5214 vereque

2219 5143 2270 5194 οι
2320 5139 2412 5193 και
2441 5116 2505 5190 τδί
2546 5137 2659 5199 τοῖς
2686 5133 2861 5206 ὀρθῶς
2905 5133 3215 5205 λεγομένοις
3248 5129 3536 5198 ἀντιλέγειν
3576 5116 3718 5217 σοφίαν

549 5243 691 5297 dicta
740 5248 883 5296 sunt.
938 5238 1099 5308 Atqui
1158 5209 1369 5294 summa
1404 5209 1706 5307 sapientia,
1750 5237 1952 5292 veritas
2000 5209 2114 5302 est,

2222 5229 2361 5286 εἶναι
2405 5228 2674 5298 οἰόμενοιο
2719 5226 2881 5296 σοφὸν
2918 5226 3026 5297 γὰρ
3070 5222 3335 5295 τάληθὲς,
3381 5209 3718 5308 μάλιστα-ξταν

552 5331 872 5401 simpliciter
893 5329 1237 5399 breviterque
1272 5300 1502 5396 prolata.
1535 5300 1871 5384 Mendacium
1898 5300 2110 5394 contra,

2220 5323 2426 5379 ἁπλοῦν
2464 5319 2498 5394 ᾖ
2529 5322 2623 5375 καὶ
2652 5319 2945 5390 σύντομονο
2984 5317 3154 5372 δεινὸν
3178 5317 3273 5371 καὶ
3302 5312 3414 5387 (95)
3446 5310 3503 5366 τὺ
3538 5300 3714 5376 ψεῦδοςι

622 5446 667 5477 80

692 5445 847 5501 Joan.
884 5460 994 5510 xvr,
1025 5444 1117 5500 53.

1651 5525 1881 5580 VARIIE
1923 5520 2260 5578 LECTIONE

1651 5525 1881 5580 VARIIE
1923 5520 2301 5578 LECTIONES
2339 5521 2424 5576 ET
2464 5521 2689 5579 ΝΟΤᾸΞ.

632 5652 742 5721 (93)
777 5653 881 5707 Pro
930 5651 1097 5705 δεινὸν
1140 5652 1233 5704 καὶ
1268 5650 1439 5721 iidem
1486 5648 1646 5703 codd.
1712 5656 1893 5714 regunt
1942 5643 2121 5713 μωρὸν
2152 5641 2201 5694 δέ

930 5651 1097 5705 δεινὸν
1140 5652 1233 5704 καὶ
1268 5650 1439 5721 iidem
1486 5648 1646 5703 codd.
1712 5656 1893 5714 regunt
1942 5643 2121 5713 μωρὸν
2152 5641 2229 5695 δέ.
2268 5640 2473 5694 Possm.
