3974 6144
304 276 434 343 1521

302 400 408 465 κᾶν
434 398 697 473 δεινότητι
722 401 815 454 καὶ
836 399 1159 471 καλλιεπείᾳ
1184 400 1314 472 δοκῇ
1346 401 1743 473 κεκοσμῆσθαι.

585 600 732 656 ne.
764 630 834 643 --
868 602 1077 658 uram
1113 602 1580 675 ΠΡΕΣΒΥΤΕΡῼ.

1163 282 1697 346 EPISTOLARUM
1736 286 1882 347 LIB.
1923 288 1989 348 V.
2013 310 2085 325 -
2117 286 2355 349 EPIST.
2405 288 2759 375 CCCXXIII.

3404 284 3549 351 1522
3594 286 3603 294 ’

1898 420 1947 477 Α
1976 402 2179 458 malum
2210 403 2342 472 quid
2382 402 2701 466 admodum,
2742 401 2844 458 etsi
2883 399 3199 471 gravissima
3244 398 3550 457 disertissi-

1974 508 2167 564 maque
2207 503 2451 549 comatur
2477 494 2746 559 oratione,
2775 492 3004 549 exsistit.

2169 600 2546 658 CCCXIX.’—
2575 600 2827 658 HEBONI
2864 602 3335 663 PRESBYTERO.

998 694 1247 764 Aspeetus
1291 695 1566 749 mulierum
1618 693 1964 764 periculosus.
2004 691 2183 763 (Conf.
2223 694 2378 762 epist.
2407 693 2499 759 65,
2543 692 2668 760 175,
2694 692 2848 766 291.)

377 799 541 855 Ἶσθω
587 816 683 857 σου
727 798 887 857 τούτο
915 804 949 873 ἡ
984 803 1283 874 φρόνησις,
1326 803 1375 856 sl
1416 802 1697 874 άγέρωχος
1737 800 1874 871 γυνὴ

300 888 750 962 καλλωπιζομένη
797 892 989 964 καλοίη
1021 893 1159 964 πρὸς
1194 892 1393 963 ἑαυτὴν
1430 893 1556 956 τοὺς
1600 891 1839 962 ὁρῶντας
1856 929 1872 954 .

299 980 408 1049 κᾷν
454 979 531 1051 μὴ
572 980 669 1052 ἕλῃ
706 980 807 1053 τὴν
838 981 949 1054 (94)
994 983 1355 1050 ἀπαντῶντα,
1396 982 1550 1053 δίκην
1588 980 1799 1036 δίδωσιν
1838 983 1872 1052 ἠ

304 1071 519 1128 ἑλοῦσα.
555 1072 629 1126 Τὸ
663 1072 773 1143 γὰρ
818 1073 1041 1129 κώνειον
1072 1074 1441 1129 κατεσκεύασε
1462 1114 1478 1141 ,
1520 1074 1614 1129 καὶ
1646 1074 1739 1128 τὸν
1778 1090 1877 1127 κυ-

303 1164 484 1227 κεῶνα
512 1163 743 1235 ἐκέρασε
761 1203 777 1231 ,
806 1166 902 1218 καὶ
935 1165 1036 1236 τὴν
1074 1165 1271 1225 κύλικα
1300 1167 1669 1237 προσήγαγεν,
1701 1167 1751 1219 εἰ
1779 1165 1875 1219 καὶ

306 1253 384 1323 μὴ
414 1252 610 1324 εὑρέθη
640 1253 669 1306 ὁ
706 1253 894 1315 πίνων.
936 1254 1011 1308 Οὐ
1054 1254 1164 1326 γὰρ
1196 1256 1304 1309 ἀπδ
1347 1254 1456 1309 τῶν
1504 1254 1876 1325 ἀποτελεσμά-

302 1359 441 1409 των,
477 1343 590 1396 ἀλλ’
630 1343 739 1409 άπὸ
764 1343 871 1400 τῶν
896 1345 1340 1427 ἐπιχειρημάτων
1371 1346 1439 1400 τὰ
1471 1345 1771 1416 πράγματα
1799 1345 1877 1408 ὡς

303 1432 375 1486 τὰ
400 1432 569 1489 πολλὰ
593 1433 857 1507 κρίνεται.

616 1540 747 1595 ΤΚ’.
779 1568 854 1581 --
895 1520 1197 1614 errorum
1229 1541 1549 1614 ΔΙΑΚΟΝῼ.

2043 802 2159 859 Non
2202 804 2419 875 ignoras
2461 818 2568 874 qua
2616 818 2677 862 es
2705 806 2989 876 prudentia
3031 805 3314 875 praeditus,
3358 802 3544 858 tortum

1971 893 2377 967 pulchritudine
2410 899 2707 949 tumentem
2733 893 3010 950 mulierem
3048 893 3093 949 si
3121 900 3428 962 spectantes
3468 890 3536 944 ad

1973 1000 2033 1041 se
2063 985 2285 1051 alliciat,
2327 984 2547 1040 tametsi
2584 998 2693 1040 non
2725 984 2903 1056 capiat
2929 983 3141 1051 obvios,
3175 984 3423 1040 daturam
3456 988 3543 1034 ta—

1975 1089 2098 1129 men
2141 1088 2335 1145 pcenas
2373 1074 2526 1143 quasi
2567 1074 2843 1144 cepisset:
2876 1087 3144 1130 venenum
3190 1073 3335 1132 enim
3364 1069 3546 1141 propi-

1973 1162 2145 1227 navit,
2203 1160 2529 1230 miscuitque
2579 1160 2857 1230 poculum,
2909 1159 3243 1228 calicemque
3300 1153 3543 1227 protulit,

1981 1254 2084 1310 etsi
2132 1268 2238 1310 non
2294 1252 2496 1323 reperit
2541 1251 2631 1321 qui
2687 1250 2917 1306 biberet.
2977 1249 3092 1303 Non
3140 1249 3282 1303 enim
3327 1243 3547 1313 impleta

1982 1345 2167 1410 modo,
2210 1343 2306 1400 sed
2345 1351 2401 1398 et
2428 1350 2634 1399 tentata
2674 1340 2879 1412 ﬂagitia
2927 1349 2985 1395 ut
3024 1339 3314 1410 plurimum
3343 1332 3547 1405 judicio

1982 1432 2376 1504 expenduntur.

2237 1539 2489 1599 cccxx.
2518 1569 2590 1581 -
2619 1536 2956 1607 summa;
2970 1531 3288 1591 DIACONO.

519 1629 597 1685 De
620 1629 856 1698 Zosimo,
893 1634 1195 1701 exterisque
1218 1635 1307 1705 qui
1334 1633 1429 1690 Dei
1461 1635 1857 1707 longanimitate
1897 1635 2270 1695 abutebantur.
2304 1633 2481 1704 Supra
2504 1647 2640 1701 sape
2670 1632 2733 1686 de
2765 1630 2959 1687 eisdem
2983 1628 3052 1682 ad
3076 1626 3334 1681 eumdem.

378 1732 507 1791 Οίδα
550 1739 632 1793 ὅτι
669 1740 998 1812 κρειττόνων
1039 1743 1073 1815 ἢ
1104 1743 1226 1799 καθ’
1256 1744 1483 1809 ἑαυτοὺς
1520 1747 1881 1817 τετυχήκασιν

2055 1745 2181 1801 Scio
2197 1743 2486 1815 dignitates
2496 1756 2655 1813 supra
2674 1741 2806 1796 meri
2814 1749 2922 1795 tum
2935 1743 3253 1795 consecutos
3269 1740 3547 1805 propterea

306 1828 666 1898 ἀξιωμάτων⁹
717 1830 807 1885 διὰ
842 1828 1000 1885 τοῦτο
1029 1832 1371 1905 πλημμελεῖν
1400 1835 1571 1899 ἀδεῶς
1611 1836 1842 1906 οἰόμενοι
1861 1875 1876 1900 ,

306 1918 458 1971 οὐδὲν
488 1918 674 1990 ἕτερον
692 1962 707 1986 ,
741 1920 776 1991 ἢ
807 1919 905 1993 τὴν
934 1921 1087 1978 θείαν
1117 1924 1525 1995 φιλανθρωπίαν
1549 1925 1646 1993 τὴν
1681 1926 1881 1990 παντὸς

309 2009 533 2063 ἐπαίνου
563 2011 877 2081 κρείττονα,
916 2013 1175 2067 ὑπόθεσιν
1214 2015 1321 2068 τῶν
1354 2016 1569 2071 οἰκείων
1602 2017 1879 2086 πταισμά-

309 2114 421 2150 των
442 2098 731 2168 ὁρίζονται,
762 2100 900 2172 ὄπερ
919 2102 1041 2155 οὐδὲ
1071 2105 1246 2158 εἰπεῖν
1276 2105 1455 2175 θέμις.
1501 2105 1639 2158 Ἀλλ’
1666 2106 1728 2159 ού
1755 2106 1881 2168 τοὺς

314 2184 707 2258 εύφρονοῦντας
733 2186 874 2242 οὕτω
905 2189 1205 2245 διακεῖσθαι
1237 2193 1362 2265 χρὴ,
1386 2193 1505 2247 οὐδὲ
1534 2195 1613 2258 εἰς
1641 2193 1740 2265 τὴν
1778 2194 1879 2246 αὺ-

313 2275 413 2346 τὴν
463 2278 688 2341 ἐκείνοις
736 2280 981 2345 ἐλαύνειν
1030 2283 1265 2353 μανίαν,
1303 2284 1439 2339 ἀλλὰ
1477 2286 1595 2339 τότε
1647 2284 1882 2355 μάλιστα

315 2368 637 2432 σπουδάζειν
652 2372 717 2441 τῇ
731 2375 862 2442 τιμῇ
888 2373 1252 2444 συμϐαίνοντα
1271 2375 1608 2445 παρέχεσθαι
1627 2375 1721 2428 τὸν
1744 2375 1878 2445 βίον,

314 2456 412 2510 καὶ
444 2458 518 2521 ὼς
541 2459 813 2530 ἐνδέχεται
842 2462 1253 2535 λαμπρύνεσθαι
1285 2468 1397 2529 τοῖς
1421 2464 1601 2535 ἔργοις
1621 2481 1636 2496 ⁸
1670 2465 1756 2519 ἵνα
1787 2465 1883 2519 καὶ

313 2545 560 2615 γλῦτταν
591 2548 836 2623 εὔφημον
858 2594 873 2618 ,
913 2555 1009 2608 καὶ
1044 2556 1285 2609 διάνοιαν
1312 2556 1631 2627 εὐγνώμονα
1670 2556 1884 2627 ἔχοντες

314 2636 441 2700 τοὺς
478 2638 619 2692 κατὰ
647 2640 745 2710 τῆς
796 2641 948 2705 θείας
996 2645 1378 2715 μακροθυμίας
1425 2645 1747 2709 όπλίζοντας
1785 2644 1885 2708 τὰς

317 2724 560 2793 γλώττας
587 2731 1043 2803 ὲπιστομίζωμεν,

581 2834 757 2893 ΤΚΑ¹.
790 2867 861 2879 —-
891 2840 1122 2895 lEPAKl
1156 2840 1623 2912 ΠΡΕΣΒΥΤΕΡῼ.

1985 1836 2301 1906 delinquere
2352 1834 2627 1900 audacter,
2678 1830 2821 1901 quod
2861 1829 3177 1885 existiment
3226 1824 3359 1880 nihil
3404 1824 3551 1878 aliud

1987 1944 2147 1998 quam
2203 1926 2438 1982 divinam
2495 1923 2924 1995 benignitatem,
2982 1933 3104 1990 quae
3151 1916 3359 1973 laudari
3419 1915 3551 1970 satis

1986 2031 2092 2072 non
2136 2015 2323 2085 possit,
2352 2012 2520 2085 656
2545 2018 2920 2084 argumentum
2971 2022 3193 2064 suorum
3244 2020 3368 2061 esse
3417 2002 3551 2058 deli-

1984 2114 2216 2168 ctorum,
2249 2103 2393 2174 quod
2423 2102 2576 2159 nefas
2621 2108 2703 2157 est
2747 2100 2949 2154 dicere.
2982 2097 3054 2151 At
3109 2110 3212 2151 non
3245 2095 3319 2149 ita
3349 2092 3551 2149 sentire

1984 2195 2139 2249 decet
2162 2191 2455 2263 sapientes,
2489 2205 2587 2246 nec
2620 2190 2676 2244 in
2699 2188 2943 2244 eamdem
2970 2201 3029 2243 se
3053 2186 3341 2241 immittere
3361 2197 3548 2237 amen-

1982 2286 2142 2351 tiam,
2187 2284 2282 2339 sed
2332 2293 2443 2338 tum
2484 2282 2719 2337 maxime
2761 2279 2895 2335 dare
2935 2292 3181 2348 operam,
3224 2284 3284 2331 ut
3329 2274 3552 2328 honeste

1985 2377 2094 2430 vita
2126 2374 2476 2446 transigatur,
2511 2381 2676 2441 utque
2716 2378 2863 2426 recte
2905 2369 3060 2426 factis
3097 2383 3217 2423 eam
3259 2367 3550 2430 illustrent,

1986 2473 2045 2519 ut
2075 2473 2130 2518 et
2156 2461 2393 2530 linguam
2421 2460 2651 2529 benigne
2677 2457 3009 2528 loquentem,
3044 2464 3384 2524 mentemque
3408 2460 3553 2507 recte

1983 2553 2305 2609 sentientem
2346 2550 2631 2615 habentes,
2664 2563 2851 2603 eorum
2897 2562 2990 2608 ora
3040 2548 3311 2611 obturant,
3353 2542 3444 2613 qui
3499 2543 3550 2594 in

1986 2644 2081 2699 Dei
2112 2641 2570 2712 longanimitatem
2599 2639 2815 2708 linguas
2844 2645 3123 2692 acuerunt.

2161 2836 2435 2894 CCCXXI.
2472 2866 2542 2877 -—
2582 2832 2862 2890 lllERACI
2900 2830 3372 2889 PRESBYTERO.

1010 2932 1288 2987 Sacerdoti
1311 2934 1529 2988 vitanda
1554 2932 1833 2997 scandala,
1864 2940 1921 2987 ut
1952 2939 2000 2986 et
2033 2930 2183 3001 epist.
2206 2945 2314 2998 seq.
2344 2930 2437 2983 lib.
2467 2943 2529 2997 ιι,
2559 2929 2716 2999 epist.
2752 2927 2869 2982 121.

390 3037 506 3091 Ούκ
538 3038 678 3111 ῐσην,
713 3034 758 3094 ὦ
791 3042 1049 3115 μακάριε,
1099 3042 1207 3115 πρὸ
1233 3043 1327 3097 τοῦ
1375 3045 1673 3117 ίερωσύνης
1719 3042 1884 3117 ἠξιῶ-

2052 3041 2169 3098 Non
2202 3056 2408 3113 parem,
2452 3057 2486 3097 o
2515 3043 2673 3109 bone,
2706 3050 2829 3097 ante
2857 3050 2909 3095 et
2934 3048 3055 3110 post
3087 3041 3334 3109 adeptum
3367 3053 3551 3093 sacer-

320 3127 479 3193 σθαι,
512 3130 607 3182 καὶ
637 3131 777 3200 μετὰ
806 3133 866 3184 τὸ
897 3132 1228 3203 ἀξιωθῆναι,
1266 3135 1315 3186 εί
1344 3136 1695 3206 πταίσωμεν,
1727 3137 1883 3208 δίκην

314 3217 593 3288 δώσομεν,
632 3221 769 3274 ἀλλὰ
796 3221 975 3293 πολλῷ
1008 3223 1360 3295 πικροτέραν.
1392 3225 1455 3278 Ol
1489 3225 1598 3297 γὰρ
1644 3226 1777 3298 μηδὲ
1803 3226 1884 3298 τῷ

316 3310 419 3378 τῆς
458 3312 624 3382 τιμῆς
668 3311 921 3384 τοιαύτης
965 3312 1229 3383 ἠξιῶσθαι
1273 3314 1669 3385 βελτιωθέντες,
1714 3319 1885 3390 ἀργα-

318 3399 581 3471 λεώτερον
626 3401 824 3456 δίκαιοι
867 3400 932 3456 ἂν
961 3398 1071 3456 εῐεν
1111 3403 1455 3469 κολάζεσθαι.
1500 3408 1750 3476 Γίγνεται
1776 3408 1884 3482 γάρ

319 3492 544 3557 είκότως
593 3495 654 3548 τὸ
698 3494 797 3564 τῆς
831 3494 997 3565 τιμῆς
1049 3494 1277 3565 μέγεθος
1326 3496 1569 3569 μείζονος
1618 3500 1887 3571 τιμωρίας

322 3582 527 3651 ἑφόδιοτ

782 3677 953 3731 TKB'.
989 3707 1057 3719 —
1084 3680 1173 3749 re
1205 3679 1410 3751 ΑΥΤῼ.

1989 3133 2202 3202 (ἰοιξιιω,
2227 3134 2273 3190 si
2301 3132 2691 3204 delinquemus,
2737 3146 2947 3203 poenam
2989 3130 3215 3197 luemus,
3245 3130 3339 3186 sed
3387 3128 3554 3185 multo

1990 3226 2343 3281 acerbiorem.
2374 3224 2508 3280 Nam
2527 3226 2618 3295 qui
2652 3239 2719 3280 ne
2749 3226 2852 3280 ista
2882 3224 3096 3295 quidem
3134 3222 3356 3277 honoris
3385 3222 3555 3291 digni-

1993 3324 2102 3372 tate
2135 3316 2331 3373 redditi
2372 3324 2498 3371 sunt
2544 3316 2818 3383 meliores,
2852 3330 3063 3385 aequum
3104 3323 3188 3369 est
3217 3327 3311 3369 eos
3340 3315 3556 3384 gravius

1990 3408 2192 3477 puniri.
2245 3407 2342 3463 Est
2387 3408 2530 3462 enim
2578 3409 2770 3463 merito
2820 3409 2932 3479 ipsa
2985 3406 3206 3463 honoris
3246 3405 3555 3478 magnitudo

1991 3500 2238 3571 supplicii
2270 3500 2492 3571 majoris
2522 3501 2755 3557 occasio.

2444 3684 2740 3743 CCCXXll.
2778 3714 2849 3725 —
2876 3684 3101 3741 EIDEM.

1188 3768 1557 3836 (Sacerdotum
1584 3770 1827 3838 graviora
1859 3779 1970 3829 esse
1996 3792 2153 3845 quam
2178 3777 2434 3831 laicorum
2456 3774 2671 3830 delicta.

396 3872 606 3943 Ὥσπερ
645 3873 704 3927 ὲν
740 3873 850 3955 νηῒ,
888 3875 1014 3932 ὅταν
1053 3877 1152 3948 μὲν
1195 3879 1396 3948 ναύτης
1437 3879 1702 3951 σφαλείη,
1752 3881 1885 3952 βρα-

323 3968 480 4038 χεῖαν
507 3968 605 4038 τὴν
639 3966 843 4039 βλάϐην
867 3972 976 4034 τοῖς
1012 3970 1346 4041 συμπλέουσι
1386 3971 1579 4042 φέρει“,
1610 3973 1738 4026 ὅταν
1769 3975 1826 4027 δὲ
1858 3978 1887 4027 ὁ

324 4058 697 4129 κυϐερνήτης,
735 4060 910 4113 κοινὸν
948 4060 1167 4133 ὄλεθρον
1197 4062 1623 4132 παρασκευάζει,
1652 4063 1793 4117 οὕτω
1818 4065 1887 4119 τὰ

323 4151 425 4221 μὲν
454 4150 562 4204 τῶν
596 4150 850 4221 ὑπηκόων
878 4152 1215 4222 πταίσματα,
1241 4153 1341 4205 οὐκ
1366 4154 1446 4217 είς
1473 4152 1535 4207 τὸ
1559 4154 1736 4209 κοινὸν
1758 4172 1885 4209 τοσ-

318 4243 479 4296 οῦτον
501 4282 515 4306 ,
540 4243 663 4296 ὅσον
701 4244 781 4307 είς
808 4243 1005 4308 αὐτοὺς
1035 4243 1190 4314 φέρει
1212 4244 1309 4315 τὴν
1332 4243 1536 4314 βλάϐην
1558 4261 1571 4276 ⁸
1597 4245 1665 4299 τά
1693 4246 1750 4300 δὲ
1777 4247 1885 4301 τῶν

323 4334 639 4404 ἱερωμένων
669 4335 749 4399 είς
777 4320 986 4398 πάντας
1017 4336 1344 4404 ἀφικνεῖται.

778 4442 948 4496 TKI".
990 4471 1059 4483 —
1100 4442 1188 4513 Te
1230 4443 1433 4515 ΔΥΤῼ.

2069 3886 2138 3942 Ut
2204 3888 2259 3941 in
2300 3887 2517 3955 navigio
2548 3885 2593 3939 si
2621 3884 2741 3953 quis
2772 3892 2932 3938 nauta
2966 3882 3257 3951 delinquat,
3290 3882 3465 3936 minus
3498 3881 3551 3935 id

1993 3978 2367 4047 navigantibus
2396 3976 2554 4032 aﬂert
2585 3976 3012 4040 incommodum;
3055 3974 3099 4029 si
3135 3987 3262 4028 vero
3285 3973 3555 4043 guberna-

1994 4077 2098 4134 tor,
2138 4082 2477 4123 communem
2528 4075 2774 4134 procurat
2830 4064 3139 4130 interitum;
3190 4063 3256 4117 ad
3307 4062 3553 4116 eumdem

1993 4160 2208 4213 modum
2253 4159 2586 4214 subditorum
2621 4166 2839 4227 peccata
2882 4172 3013 4235 non,
3037 4165 3149 4209 tam
3200 4154 3343 4219 aliis,
3390 4167 3551 4222 quam

1993 4262 2093 4302 suo
2128 4248 2228 4315 ipsi
2257 4248 2417 4316 capiti
2449 4247 2647 4301 malum
2671 4255 2977 4302 arcessunt.
3000 4245 3071 4300 At
3102 4243 3442 4300 sacerdotum
3468 4242 3552 4297 vi-

1919 4369 1963 4424 Β
1995 4340 2065 4392 tia
2095 4339 2147 4393 in
2174 4353 2362 4393 omnes
2386 4338 2633 4401 exemplo
2664 4339 2990 4393 redundant.

2430 4447 2748 4504 CCCXXIII.
2782 4478 2852 4487 —
2882 4446 3107 4501 EIDEM.

993 4533 1336 4590 Sacerdotum
1364 4546 1441 4592 est
1468 4537 1797 4594 subditorum
1825 4553 2082 4613 satagere.
2108 4542 2379 4611 Maiorum
2400 4544 2588 4599 delicta
2616 4544 2880 4614 graviora.

393 4643 456 4697 El
510 4645 694 4714 μόλις,
750 4637 796 4698 ὦ
851 4643 1058 4715 ἀγαθὲ,
1107 4643 1500 4713 κατορθοῦντες
1544 4647 1595 4698 οῑ
1632 4648 1731 4717 τὴν
1785 4648 1884 4719 τῆς

318 4735 619 4806 ἱερωσύνης
669 4736 991 4806 ἐστεμμένοι
1023 4734 1365 4807 λειτουργίαν
1412 4734 1689 4807 ὠφελῆσαι
1727 4737 1887 4808 δυνη-

321 4828 464 4880 θεῖεν
507 4828 585 4895 (οί
617 4827 726 4896 γὰρ
757 4828 1047 4899 ἀρχόμενοι
1088 4827 1159 4880 τά
1205 4826 1303 4897 μὲν
1342 4827 1740 4898 κατορθώματα
1785 4828 1887 4884 κᾶν

324 4917 537 4986 μεγάλα
571 4915 626 4989 ᾖ,
656 4916 916 4986 βραδέως,
956 4915 1026 4969 τά
1052 4915 1107 4968 δὲ
1137 4914 1453 4985 πταίσματα
1490 4916 1595 4969 κᾶν
1628 4919 1801 4988 μικρὰ
1827 4916 1884 4990 ᾗ,

318 5010 487 5074 ὀξέως
536 5007 796 5078 ὁρῶσιν),
842 5009 892 5061 οἱ
939 5006 1199 5078 ῥᾳθύμως
1225 5005 1445 5071 ζῶντες,
1486 5007 1580 5060 καὶ
1620 5010 1888 5080 μηδεμίαν

318 5100 431 5152 τῶν
450 5100 703 5168 ὑπηκόων
729 5097 1040 5169 ποιούμενοι
1066 5098 1341 5170 πρόνοιαν,
1378 5095 1535 5150 ποίαν
1567 5099 1669 5151 οὐκ
1700 5102 1889 5155 ἐνστά-

321 5190 471 5253 ζουσι
499 5189 609 5260 (9ὕ)
653 5189 852 5243 κακίαν
892 5193 1004 5253 τοῖς
1045 5189 1235 5258 ὥσπερ
1263 5187 1560 5256 ἀπολογίαν
1598 5190 1743 5260 ἔχειν
1778 5194 1886 5245 olo-

323 5280 507 5350 μένοις
546 5278 653 5331 τῶν
687 5279 903 5332 οἰκείων
948 5280 1303 5351 πταισμάτων
1348 5276 1415 5331 τὰ
1443 5275 1553 5330 τῶν
1599 5281 1881 5351 ἡγεμόνων

2063 4650 2118 4704 Si
2154 4651 2238 4705 vix
2269 4652 2501 4715 tandem,
2528 4651 2666 4707 boue
2690 4650 2792 4715 vir,
2819 4658 2964 4703 recte
3002 4648 3127 4717 quid
3160 4662 3225 4701 ac
3250 4660 3369 4700 cum
3399 4644 3551 4699 laude

1993 4751 2213 4811 agentes
2249 4740 2342 4811 qui
2380 4741 2553 4796 sacris
2601 4748 2726 4795 sunt
2775 4737 2968 4792 initiati
3033 4736 3287 4805 prodesse
3344 4740 3551 4803 queant

1992 4833 2213 4903 (subditi
2257 4831 2397 4887 enim
2442 4840 2589 4887 recte
2616 4831 2830 4902 quidem
2866 4835 3038 4899 gesta,
3071 4826 3314 4895 quamvis
3359 4839 3549 4893 magna

1988 4923 2117 4987 sint,
2166 4936 2271 4977 non
2317 4931 2427 4977 tam
2473 4923 2613 4987 cito;
2650 4928 2866 4990 peccata
2908 4932 3034 4973 vero
3079 4915 3290 4971 tametsi
3328 4916 3546 4968 minima

1983 5012 2250 5066 citissime
2293 5009 2774 5079 animadvertunt),
2803 5007 3135 5077 negligenter
3182 5006 3444 5069 viventes,
3497 5012 3550 5055 et

1985 5102 2185 5155 nullam
2214 5102 2549 5157 subditorum
2586 5114 2770 5155 curam
2799 5105 3064 5166 gerentes,
3105 5110 3267 5165 quam
3307 5109 3413 5149 uon
3450 5094 3547 5146 iu-

1983 5194 2186 5247 stillanl
2214 5194 2609 5262 improbitatem
2639 5194 2703 5247 iis
2727 5193 2816 5260 qui
2850 5189 3188 5260 propriorum
3222 5186 3539 5241 delictorum

1991 5285 2134 5339 velut
2167 5284 2531 5339 defensionem
2578 5283 2772 5338 habere
2814 5296 2873 5336 se
2900 5288 3090 5349 putant
3123 5286 3341 5348 peccata
3384 5288 3547 5343 supe-

1411 5436 1643 5495 VARUE
1680 5434 2062 5493 LECTIONES
2106 5439 2189 5492 ET
2235 5440 2465 5497 ΝΟΤίΕ.

399 5580 512 5653 (ῼρ)
541 5581 700 5636 Iidem
731 5583 828 5653 τὴν
857 5586 909 5639 in
939 5589 1028 5641 τὸν
1055 5599 1279 5645 mutant.
1312 5591 1525 5647 Possm.

397 5651 513 5720 (95)
544 5653 650 5707 Pro
691 5651 1007 5719 ἐνστάζουσι
1044 5660 1201 5714 ambo
1248 5662 1401 5716 codd.
1452 5662 1649 5717 habent
1694 5661 2028 5728 ἑνστάξουσι.
2065 5662 2141 5715 lu.
