3974 6144
396 274 535 347 1523
588 282 594 287 ’
832 297 839 303 ’
1634 292 1694 352 S.
1738 290 1965 354 ISIDO]

2103 293 2513 357 'ELUSIOT/E
3529 286 3672 356 1524

391 394 623 462 riorum,
653 399 706 449 et
735 391 1002 464 intrepide
1022 391 1075 449 in
1099 407 1261 451 omne
1285 392 1496 452 facinus
1518 399 1722 458 ruunt?
1745 400 1960 456 Maximi

2102 407 2299 477 ιμαρτή
2309 421 2451 475 ματα
2469 444 2484 468 ,
2517 402 2612 457 καὶ
2640 400 2813 466 ἀδεῶς
2840 400 2932 457 ἐπὶ
2966 402 3148 456 πᾶσαν
3176 399 3526 472 παρανομίαν
3553 420 3671 471 χω-

393 486 580 558 itaque
620 485 776 541 decet
822 486 1137 543 sacerdotes
1183 497 1432 558 satagere
1475 499 1735 561 tanquam
1784 506 1883 561 pro
1916 509 1962 549 si

2107 495 2269 562 tofm;
2318 495 2568 549 Μάλιστα
2602 493 2781 547 τοίνυν
2814 494 2943 558 τοὺς
2977 494 3312 566 ἱερωμένους
3351 495 3676 568 φροντίζειν

395 575 608 647 sibique
641 575 1043 647 subjectis‘sint
1074 579 1344 635 rationem
1378 580 1641 639 reddituri
1665 584 1729 639 ".

2109 586 2207 657 ζρὴ,
2251 586 2327 650 ὡς
2368 587 2464 639 καὶ
2493 585 2636 657 ὑπὲρ
2664 584 2905 654 ἐαυτῶν,
2946 586 3042 639 καὶ
3078 585 3221 659 ὑπὲρ
3265 584 3377 640 τῶν
3404 584 3678 656 ὑπηκόων

2080 675 2238 745 λόγον
2268 676 2669 740 ἀποδώσοντας.

560 780 882 840 CCCXXIV.
919 813 991 823 —
1023 782 1279 841 ZOSIMO
1315 783 1798 844 PRESBYTERO.

2329 787 2499 842 mn
2542 815 2616 827 —
2651 785 2905 857 znxnun
2947 783 3418 857 ΠΡΕΣΒΥΤΕΡῼ.

1241 879 1481 937 Extremi
1498 883 1696 950 judicii
1729 893 1932 939 terrore
1962 902 1995 939 a
2030 884 2257 953 peccatis
2295 897 2540 936 revocare
2568 891 2814 935 conatur.

472 989 543 1046 De
589 990 937 1062 iniuriarum,
988 992 1165 1062 deque
1208 994 1524 1063 upim'onum
1581 998 1976 1066 magnitudine,

2152 996 2375 1067 Κρίνειν
2420 996 2488 1051 τά
2514 1011 2573 1047 τε
2618 994 2729 1047 τῶν
2770 991 2983 1064 ὕϐρεων
3006 1031 3023 1058 ,
3054 992 3125 1046 τά
3152 1009 3211 1046 τε
3250 992 3360 1045 τῶν
3388 991 3680 1047 κολάσεων

395 1098 464 1138 ex
509 1097 734 1138 numero
778 1097 966 1138 eorum
1013 1084 1104 1153 qui
1144 1085 1348 1140 conscii
1384 1095 1513 1140 sunt
1555 1088 1832 1142 a'stimare
1883 1104 1964 1143 so-

2104 1089 2290 1157 ιεγέθη
2316 1088 2365 1141 οί
2395 1087 2674 1158 ἄνθρωποι
2702 1084 2781 1155 τῷ
2819 1084 3018 1156 πλήθει
3050 1085 3161 1139 τῶν
3192 1084 3506 1140 συνειδότων
3535 1085 3673 1138 sitit-

396 1173 525 1230 leut.
554 1172 784 1245 injurias
818 1177 961 1232 enim
992 1188 1047 1230 et
1078 1177 1466 1246 castigationes
1498 1179 1564 1234 de
1596 1179 1789 1248 quovis
1831 1194 1965 1233 sum-

2107 1191 2228 1235 lad’t.
2259 1180 2371 1244 Τάς
2398 1180 2507 1250 γὰρ
2535 1178 2710 1242 αὐτὰς
2738 1176 2944 1249 ὕϐρεις,
2975 1179 3071 1231 καὶ
3096 1177 3197 1241 τάς
3223 1177 3392 1241 αὑτάς
3415 1177 3676 1241 κολάσεις

397 1276 543 1337 ptas,
570 1283 677 1323 non
707 1268 897 1324 eodem
935 1270 1095 1325 modo
1126 1271 1475 1341 gravissimas
1504 1271 1794 1326 aestimant.
1825 1269 1966 1338 Quoc‘

2110 1275 2163 1345 ιὴ
2214 1275 2306 1327 ἐπὶ
2350 1272 2563 1327 πολλῶν
2593 1271 2906 1343 γινομένας,
2948 1270 3049 1341 οὐχ
3096 1269 3302 1341 ὁμοίως
3356 1269 3679 1340 βαρυτάτας

398 1374 519 1412 cum
561 1358 633 1413 ita
682 1359 775 1424 sit,
814 1361 960 1425 vide,
999 1376 1203 1431 quaeso,
1230 1364 1501 1431 quomodo
1544 1363 1721 1419 ademi
1746 1363 1967 1427 erimus,

2107 1366 2364 1436 Ἆγοῦνται.
2413 1366 2476 1420 Ei
2519 1365 2699 1419 τοίνυν
2742 1362 2897 1417 ταῦθ’
2929 1363 3105 1427 οὓτως
3133 1361 3270 1433 ἔχει,
3313 1361 3508 1415 σκόπει
3543 1360 3676 1425 πῶς

398 1450 489 1518 qui
516 1465 698 1507 coram
729 1460 839 1506 tota
871 1452 1208 1507 humanitate
1241 1464 1290 1508 et
1326 1454 1640 1525 angelorum
1673 1454 1967 1523 pulchritu-

2106 1456 2488 1529 ῐιακεισόμεθα,
2523 1458 2617 1511 ἐπὶ
2645 1456 2829 1528 πάσης
2850 1455 2948 1528 τῆς
2977 1454 3421 1527 ἀνθρωπότητος,
3452 1454 3547 1508 καὶ
3572 1451 3675 1507 τοῦ

397 1542 524 1598 dine
556 1557 774 1598 causam
815 1543 1079 1610 dicemus,
1105 1544 1270 1615 657
1296 1560 1415 1599 cum
1459 1546 1760 1615 pmsertim
1795 1545 1966 1601 omnis

2115 1552 2190 1605 ῶν
2242 1551 2492 1621 ἀγγέλων
2544 1551 2720 1622 δήμου
2782 1548 3070 1621 μέλλοντες
3136 1547 3371 1611 εὐθύνας
3427 1545 3680 1616 ὑφέξειν,

398 1634 564 1688 etiam
606 1634 659 1688 in
703 1634 1029 1689 verecundia
1076 1636 1253 1689 locum
1299 1651 1404 1691 non
1452 1637 1707 1707 reperiet,
1748 1637 1967 1706 peccati:

2109 1646 2216 1697 ἱταν
2275 1644 2511 1715 μάλιστα
2560 1644 2657 1697 καὶ
2713 1644 2866 1697 πᾶσα
2921 1640 3279 1713 ἀναισχυντία
3328 1640 3513 1711 χώραν
3569 1639 3678 1709 οὐκ

399 1742 522 1795 nos,
555 1728 701 1783 velut
729 1728 919 1783 umbra
952 1742 1148 1798 corpus
1174 1729 1336 1794 solet,
1370 1729 1843 1799 consequentibus.

2109 1736 2229 1802 ,Eei,
2267 1734 2385 1790 τῶν
2411 1735 2835 1808 ἁμαρτημάτων
2861 1735 2996 1807 ήμῖν
3026 1733 3217 1806 ὥσπερ
3248 1732 3419 1787 σκιῶν
3444 1729 3678 1785 ἀκολου-

2090 1825 2347 1883 θούνων.
2612 1866 2617 1869 -

864 1928 1167 1988 CCCXXV.
1188 1929 1515 1987 —PAULO.

2571 1935 2748 1990 τιιεν.
2799 1962 2868 1976 -
2917 1933 3172 2005 name.

1393 2023 1468 2077 De
1505 2022 1758 2077 bonorum
1788 2025 2006 2094 prwmio
2029 2042 2281 2098 poenaque
2310 2026 2693 2098 improborum.

463 2130 727 2190 Homines
765 2140 824 2189 ut
856 2147 1017 2205 pinna
1048 2134 1340 2204 prtemiove
1378 2135 1688 2205 quempiam
1720 2134 1978 2201 alliciant,

2174 2138 2299 2191 Ἐπὶ
2346 2136 2448 2207 μὲν
2481 2134 2788 2209 ἀνθρώπων
2832 2134 2866 2207 ἢ
2897 2132 3278 2206 ἀμυνομένων,
3308 2131 3341 2203 ἢ
3374 2128 3683 2201 ἀμειϐομέ-

400 2243 508 2281 non
540 2242 755 2297 semper
805 2226 1070 2283 voluntati
1122 2237 1364 2298 potestas
1416 2227 1824 2297 rcspondet.At
1882 2227 1969 2282 Dei

2113 2248 2219 2295 νων,
2250 2229 2310 2283 οὐ
2345 2230 2564 2293 πάντως
2592 2230 2629 2300 ή
2652 2228 2881 2299 δύναμις
2909 2229 2974 2299 τῇ
3016 2224 3274 2297 βουλήσει
3313 2222 3505 2276 ἕπεται
3527 2237 3543 2251 ⁸
3580 2222 3682 2275 ἐπὶ

394 2318 625 2385 iustitia,
650 2334 769 2389 qua:
795 2329 850 2374 et
877 2334 1036 2389 poena
1083 2320 1298 2389 cogitur
1348 2317 1584 2385 allicere,
1608 2328 1664 2374 et
1713 2320 1863 2389 cupit
1894 2319 1963 2373 dii

2111 2321 2146 2374 ἱέ
2174 2322 2274 2392 τῆς
2310 2320 2460 2386 θείας
2501 2321 2679 2392 δίκης,
2720 2321 2820 2393 τῆς
2868 2317 3177 2390 ἀμύνεσθαι
3214 2317 3312 2388 μὲν
3361 2316 3680 2383 ἀναγκαζο-

401 2427 538 2479 gnos
569 2410 856 2481 pranniare
911 2410 1394 2481 (quandoquidem
1430 2410 1667 2467 facultas
1703 2411 1970 2467 voluntate

2113 2415 2285 2486 ιένης,
2324 2414 2654 2485 ἀμείϐεσθαι
2683 2412 2739 2466 δὲ
2768 2410 3098 2483 βουλομένης
3124 2427 3139 2440 θ
3187 2407 3480 2479 ἐπειδήπερ
3506 2407 3542 2477 ή
3587 2405 3682 2459 δύ·-

401 2518 509 2557 ιιοιι
559 2511 645 2558 est
696 2501 926 2557 inferior
948 2514 990 2570 ι,
1029 2512 1259 2571 utraque
1306 2517 1500 2570 reapse
1555 2503 1779 2558 omnino
1825 2519 1970 2559 exer-

2111 2508 2372 2579 ιαμιςτῆς
2395 2508 2703 2579 βουλήσεως
2726 2507 2828 2561 οὐκ
2852 2504 3000 2560 ἐστιν
3024 2500 3388 2573 ἀσθενεστέρα
3411 2516 3425 2533 ο
3456 2500 3680 2563 πάντως

401 2603 616 2649 οίτηιιιτ.
692 2594 801 2650 llos
864 2596 1008 2650 enim
1081 2596 1328 2665 praemio,
1394 2594 1516 2650 illos
1594 2609 1752 2665 paena
1835 2594 1970 2652 Deus

2113 2599 2373 2669 ιμφότερα
2400 2599 2479 2662 είς
2517 2598 2680 2670 ἔργον
2718 2598 3037 2669 ἐκϐήσεται.
3086 2595 3227 2659 Τοὺς
3268 2594 3367 2664 μὲν
3395 2592 3504 2664 γὰρ
3532 2592 3682 2662 ἀμυο

404 2685 590 2741 allicit.

2086 2691 2280 2754 νεῖται,
2320 2690 2450 2754 τοὺς
2470 2690 2527 2743 δὲ
2558 2689 2874 2761 ἀμείψεται.

402 2793 1255 2862 CCCXXVl.—MARTINIANO,
1289 2795 1545 2855 ZOSIMO
1578 2796 1669 2851 ET
1696 2796 1971 2853 MARONI.

2160 2800 2353 2867 TKC,".
2390 2827 2460 2838 -
2496 2796 2950 2869 ΜΑΡΤΙΝΙΔΝῼ,
2985 2794 3269 2866 zoxiMn,
3310 2791 3604 2847 meum.

888 2886 1019 2943 Boni
1052 2889 1311 2942 neminem
1338 2888 1759 2943 calumniantur.
1789 2887 1922 2942 Mali
1947 2904 1980 2941 a
2005 2886 2274 2943 calumnia
2301 2904 2399 2942 cur
2438 2887 2606 2941 liberi.
2636 2885 2816 2957 (Conf.
2842 2886 2995 2949 epist.
3031 2883 3180 2948 541.)

474 3000 589 3057 Etsi
618 2999 936 3057 incredibile
964 2999 1120 3057 vobis
1143 3001 1318 3056 visum
1373 3001 1439 3057 iri
1465 3002 1609 3072 quod
1633 2984 1807 3057 dicam
1848 3001 1983 3067 scio,
2012 2986 2043 3046 ε

2160 3001 2224 3054 El
2270 3001 2364 3053 καὶ
2410 2998 2716 3071 παράδοξον
2758 2995 2898 3054 εῖναι
2937 2998 3066 3069 ὑμῖν
3102 2996 3244 3062 δόξει
3270 2995 3333 3050 τὸ
3367 2994 3680 3066 ῥηθησόμε-

404 3094 616 3150 dicetur
644 3103 850 3149 tamen.
883 3092 1283 3164 Sentioitaque
1338 3102 1396 3147 ut
1438 3110 1617 3165 neque
1666 3095 1867 3148 bonum
1903 3093 1973 3147 vi-

2109 3111 2196 3157 νον,
2219 3093 2334 3147 ἀλλ’
2358 3092 2507 3164 ὅμως
2532 3091 2826 3156 λελέξεται.
2861 3091 3009 3160 Φημὶ
3035 3089 3213 3144 τοίνυν
3238 3091 3324 3144 ὅτι
3349 3086 3525 3152 οὐδεὶς
3552 3087 3678 3141 οὔτε

403 3200 525 3239 rum
547 3183 863 3239 calumniari
924 3197 1273 3253 quemquam,
1313 3182 1385 3237 ita
1451 3197 1629 3250 neque
1683 3180 1972 3249 improbun

2107 3185 2362 3241 ἰιαϐάλλει
2390 3184 2647 3257 χρηστός,
2695 3184 2820 3237 οὔτε
2848 3181 3197 3237 διαϐάλλεται
3229 3181 3488 3253 πονηρός.
3523 3181 3588 3233 El
3616 3180 3676 3234 δὲ

404 3276 675 3330 calumnia
710 3274 913 3343 appeti.
941 3272 1095 3339 Quod
1122 3274 1323 3327 dictum
1360 3273 1405 3327 si
1455 3273 1763 3342 :enigmatis
1816 3272 1973 3326 instat

2109 3276 2318 3347 ιίνιγμα
2349 3276 2494 3330 δοκεῖ
2526 3276 2588 3329 τὸ
2637 3275 2800 3347 ῥηθὲν
2824 3314 2839 3339 ,
2873 3274 3209 3345 σαφέστερον
3254 3274 3561 3343 εἰρήσεται.
3620 3272 3678 3326 ’0

404 3367 676 3431 videatur,
713 3365 1009 3421 dilucidius
1040 3365 1337 3434 proferant.
1360 3364 1572 3420 Probus
1602 3366 1645 3435 εἰ
1694 3365 1822 3433 quid
1846 3364 1962 3417 (lica

2107 3366 2319 3437 ὶγαθὸς,
2347 3365 2448 3420 κᾶν
2478 3366 2652 3420 εἰπεῖν
2690 3383 2744 3418 τι
2778 3364 2812 3435 ἢ
2857 3365 2962 3418 ὑπὸ
3000 3364 3419 3435 μισοπονηρίας,
3455 3364 3489 3433 ἧ
3539 3362 3676 3431 πρὸς

404 3459 492 3515 vel
523 3460 649 3513 odio
674 3459 955 3521 vitiorum,
979 3456 1063 3511 vel
1089 3458 1152 3510 ad
1177 3456 1558 3524 corrigendum
1608 3458 1973 3519 aberrantem,

2107 3455 2383 3528 διόρθωσιν
2409 3456 2734 3527 προαχθείη,
2762 3455 2823 3508 οὐ
2847 3454 3123 3508 διαϐάλλει
3142 3471 3157 3486 ’
3188 3458 3250 3508 οὺ
3280 3454 3391 3526 γὰρ
3413 3454 3481 3506 τὰ
3505 3452 3676 3523 ψευδῆ

405 3552 636 3607 minime
685 3549 1069 3605 calumniatur.
1096 3548 1213 3602 Non
1264 3549 1409 3601 enim
1470 3548 1753 3603 mendacia
1808 3548 1974 3616 ﬁngit,

2110 3550 2345 3613 πλάττει,
2374 3548 2509 3601 ἀλλὰ
2540 3547 2749 3618 τάληθῆ
2780 3549 2997 3618 φράζει.
3044 3549 3102 3601 Ὁ
3124 3549 3181 3602 δέ
3206 3547 3441 3619 πονηρὸς
3469 3547 3530 3599 οὐ
3561 3546 3679 3600 δια-

404 3646 517 3697 imo
546 3656 669 3697 vera
697 3642 876 3709 potius
900 3649 1109 3695 narrat.
1146 3638 1431 3709 Improbus
1487 3651 1679 3695 contra
1714 3639 1973 3695 conviciis

2106 3638 2341 3693 Βάλλεται
2361 3654 2374 3667 ·
2399 3638 2493 3691 καὶ
2521 3636 2630 3708 γὰρ
2658 3639 2707 3690 εί
2732 3637 2827 3690 καὶ
2850 3636 3120 3709 ήδιαϐολὴ
3147 3636 3373 3708 πλάσμα
3398 3638 3517 3691 ἐστὶ
3540 3636 3675 3707 ψευ-

408 3751 517 3791 ιιοη
574 3744 856 3790 oneratur.
902 3733 1163 3799 Quamvis
1216 3733 1359 3788 enim
1401 3732 1675 3788 calumnia
1736 3731 1857 3787 falsi
1906 3744 1977 3788 εει

1264 3733 1359 3787 tim
1401 3732 1675 3788 calumnia
1736 3731 1857 3787 falsi
1906 3743 1993 3788 est
2088 3729 2197 3796 δὲς,
2227 3729 2365 3784 ἀλλὰ
2392 3729 2599 3801 τάληθῆ
2624 3727 2833 3783 ἀκούει.

407 3825 658 3896 quaedam
689 3824 854 3887 ﬁctio,
885 3824 1035 3879 audit
1063 3832 1242 3877 tamen
1270 3822 1359 3879 ille
1389 3838 1602 3879 verum.

853 3934 1555 3991 CCCXXVll.—IISDEM.

2501 3933 2675 3988 TKZ'.
2705 3962 2775 3973 —-
2805 3932 2962 3987 ΤΟΙΣ
2992 3932 3263 3987 ΑΥΤΟΙΣ.

1005 4024 1143 4082 Deus
1172 4025 1487 4095 facientibus
1516 4025 1658 4096 quod
1690 4034 1891 4095 oportet
1925 4027 2028 4096 fert
2056 4025 2340 4081 auxilium.
2368 4024 2532 4095 (Vide
2570 4028 2723 4093 epist.
2753 4024 2881 4092 3l5,
2925 4024 3076 4095 459.)

480 4139 735 4197 Mortales
757 4140 1075 4210 plerumque
1103 4140 1189 4193 liis
1226 4138 1568 4194 collaborare
1602 4147 1658 4193 et
1700 4139 1987 4210 cooperari

2168 4138 2377 4200 Πάντες
2428 4137 2707 4208 ἄνθρωποι
2750 4136 2961 4200 τούτοις
3006 4138 3101 4191 καὶ
3152 4137 3534 4207 συμπράττειν
3581 4137 3678 4190 καὶ

407 4237 648 4299 student,
683 4233 881 4304 quibus
926 4233 1268 4289 sedulitatem
1318 4233 1765 4305 diligentiamque
1811 4236 1976 4292 inesst

2109 4230 2395 4300 συμπονεῖν
2444 4227 2755 4294 ἐθέλουσιν,
2784 4224 2867 4291 οἷς
2894 4227 2962 4281 ἂν
3004 4228 3174 4299 ὁρῶσι
3214 4227 3316 4298 τὴν
3363 4227 3678 4299 προθυμίαν

406 4326 594 4380 vident
616 4339 801 4379 eorum
834 4339 955 4391 quae
987 4324 1130 4378 laeto
1152 4335 1236 4377 cst
1263 4339 1419 4393 opus.
1444 4326 1516 4379 At
1542 4327 1975 4397 socordes,igna-

2107 4288 2186 4374 rei";
2226 4320 2485 4391 πράττειν
2516 4320 2552 4374 ἃ.
2590 4320 2697 4391 χρὴ
2739 4288 3098 4389 ἀκμάζουσαν
3119 4334 3134 4348 ⁸
3165 4288 3294 4382 τοὺς
3330 4288 3445 4390 γὰρ
3478 4288 3676 4372 3:11.026-

406 4433 526 4480 vos,
556 4431 620 4471 ac
651 4415 885 4486 propria:
922 4415 1114 4470 salutis
1170 4417 1617 4484 praevaricatores
1662 4417 1862 4473 merito
1893 4432 1975 4472 ne-

2107 4416 2199 4466 iew
2244 4412 2339 4466 καὶ
2373 4411 2638 4483 ῥᾳθυμεῖν
2682 4409 3143 4482 προῃρημένους,
3190 4411 3288 4463 καὶ
3323 4410 3425 4481 τὴν
3469 4410 3676 4463 οἰκείαν

408 4512 636 4582 gligunt.
669 4506 821 4574 Quod
854 4522 976 4563 cum
1042 4507 1116 4562 ita
1162 4508 1253 4573 sit,
1296 4511 1493 4563 merito
1544 4509 1710 4564 etiam
1759 4509 1977 4565 divinus

2100 4506 2366 4577 σωτηρίαν
2392 4505 2765 4577 προδιδόντας,
2794 4504 2915 4558 οὐδὲ
2954 4503 3113 4571 λόγου
3147 4502 3375 4566 εἰκότως
3404 4501 3669 4568 ἀξιοῦσιν.

396 4608 576 4655 ‘nutus
604 4614 710 4654 non
735 4598 990 4653 omnibus
1019 4597 1249 4651 accedit.
1278 4597 1384 4651 Sed
1425 4611 1521 4652 eos
1574 4597 1877 4665 dimittens,
1897 4613 1965 4667 qu

2105 4600 2151 4652 El
2191 4599 2372 4653 τοίνυν
2399 4596 2551 4652 ταῦθ’
2578 4596 2753 4659 οὕτως
2776 4594 2915 4667 ἔχει,
2942 4597 3166 4660 εἰκότως
3195 4596 3290 4650 καὶ⁸
3320 4596 3353 4667 ή
3383 4594 3503 4648 θεία
3536 4596 3674 4665 ῥοπή

411 4708 563 4744 suam
598 4690 830 4746 salutem
867 4704 963 4759 per
993 4688 1375 4758 negligentiam
1403 4688 1734 4758 decoquunt,
1768 4690 1856 4755 iis,
1889 4691 1980 4757 qui

2105 4692 2147 4743 ›ὺ
2188 4692 2354 4744 πᾶσιν
2392 4690 2677 4760 ἐπιφοιτᾷ·
2724 4688 2840 4742 ἀλλ’
2880 4686 3125 4750 ἐκείνους
3153 4687 3383 4755 ἀφεῖσα,
3416 4687 3547 4751 τοὺς
3576 4686 3674 4757 τὴν

410 4800 499 4847 ea,
533 4799 651 4852 quae
699 4798 765 4837 ex
806 4796 906 4835 usu
964 4779 1316 4845 sunt,l‘acere
1371 4788 1641 4835 conantur
1676 4780 1761 4836 vel
1790 4796 1979 4853 propo-

2105 4782 2303 4836 ἑαυτῶν
2346 4781 2622 4852 σωτηρίαν
2666 4780 2753 4834 διὰ
2801 4780 3079 4852 ρᾳθυμίαν
3120 4780 3528 4851 προπίνοντας·
3565 4780 3674 4842 τοῖς

409 4886 566 4941 nunt,
591 4884 950 4945 opportunum
980 4872 1238 4927 auxilium
1275 4873 1483 4927 tribuit.

2107 4877 2359 4947 πράττειν
2415 4873 2452 4927 ἃ
2502 4873 2608 4945 χρὴ
2656 4874 3060 4947 προῃρημένοις
3104 4872 3203 4944 τὴν
3253 4872 3468 4927 οἰκείαν
3521 4871 3676 4945 νέμει

2095 4969 2434 5040 συμμαχίαν.

638 5077 1088 5134 CCCXXVIII.—
1106 5078 1383 5137 SERENO
1423 5081 1743 5139 DIACONO.

2396 5072 2577 5127 TKH'.
2618 5104 2701 5129 -λ
2724 5073 2997 5142 ΣΕΡΗΝῼ
3031 5070 3354 5142 ΔΙΑΚΟΝῼ.

1434 5176 1702 5231 Modestia
1732 5177 1851 5231 vita:
1896 5174 2263 5228 commendata
2296 5172 2351 5225 in
2377 5170 2645 5223 omnibus.

488 5272 689 5328 Virtuti
714 5276 954 5331 deditum
979 5294 1314 5348 supervacua
1376 5296 1625 5337 resecare
1656 5283 1828 5336 decet.
1866 5280 1983 5335 Non

2156 5279 2261 5332 Τὸν
2288 5276 2579 5347 φιλάρετον
2601 5273 2779 5328 πάντα
2799 5273 2867 5327 τά
2890 5275 3121 5345 περιττά
3145 5276 3252 5346 χρὴ
3280 5276 3643 5346 περικόπτειν
3660 5294 3675 5307 ·

386 5367 556 5423 enim
590 5368 642 5421 in
679 5369 814 5423 cibis
845 5374 1023 5433 modo,
1065 5373 1160 5426 sed
1212 5382 1266 5426 et
1325 5374 1376 5427 iu
1427 5374 1687 5440 vestibus,
1722 5375 1955 5430 adiﬁciis

2108 5372 2147 5424 it'i
2179 5370 2286 5441 γὰρ
2318 5371 2375 5423 ἐν
2404 5370 2578 5439 τροφῇ
2620 5367 2814 5439 μόνον,
2854 5366 2990 5419 ἀλλὰ
3035 5366 3128 5419 καὶ
3156 5368 3218 5420 ἐν
3256 5367 3551 5437 ἀμφιάσει,
3583 5367 3677 5421 καὶ

384 5470 478 5515 iac
539 5460 890 5529 supellectile,
931 5463 1160 5534 aliisque
1227 5467 1390 5521 rebus
1459 5480 1588 5520 usus
1646 5468 1949 5535 potissimm

2105 5482 2146 5516 ιν
2176 5464 2388 5533 οἰκήσει
2432 5461 2526 5514 καὶ
2559 5460 2618 5511 ἐν
2662 5458 2945 5523 ἐπίπλοις,
2996 5457 3091 5511 καὶ
3121 5457 3181 5509 ἐν
3220 5460 3334 5523 τοῖς
3364 5458 3547 5522 ἀλλοις
3576 5460 3674 5529 τὴν

413 5550 757 5616 spectandus,
795 5552 1091 5623 modusque
1136 5571 1242 5612 non
1270 5556 1641 5614 excedendus.
1672 5556 1811 5623 Quid
1842 5559 1982 5613 enim

2103 5554 2277 5625 (ρείαν
2308 5552 2413 5625 χρὴ
2444 5553 2631 5624 τιμᾷν,
2664 5551 2756 5605 καὶ
2793 5550 2891 5622 τὴν
2925 5549 3260 5623 αὐτάρκειαν
3298 5550 3379 5623 μὴ
3404 5552 3672 5621 ὑϐρίζειν.

479 5700 491 5729 ³
524 5699 685 5756 Hebr.
724 5717 842 5767 xm,
884 5704 965 5757 l7.
