3974 6144
262 219 401 287 1525
593 197 603 207 ’
1141 227 1681 289 EPISTULARUM
1717 229 1865 315 LIB.
1910 227 1977 287 v.
2014 248 2083 259 —
2120 222 2357 286 EPIST.
2398 221 2708 282 cccxxx.
3373 216 3508 284 1526

260 334 331 388 Τί
360 333 493 405 γάρ,
528 336 575 390 εί
606 335 885 408 νηστεύοις
918 338 1037 408 μὲν,
1063 336 1380 409 χρηματίζῃ
1402 338 1493 404 δέ;
1524 339 1558 409 ἢ
1597 339 1672 410 μὴ
1702 355 1829 410 χρη-

1936 334 1980 389 si
2006 333 2234 404 jejunes,
2259 334 2354 389 sed
2384 333 2665 402 pecuniam
2715 342 2880 385 avare
2911 326 3172 399 colligas;
3209 328 3294 384 vel
3330 329 3377 384 si
3400 344 3504 383 non

264 426 467 497 ματίζῃ
500 429 631 494 μὲν,
667 430 879 500 οῐκησιν
920 428 977 483 δὲ
1020 427 1242 499 ζητοίης
1279 428 1379 499 τῆς
1424 430 1613 500 χρείας
1644 429 1830 501 κρείτ-

1938 425 1990 479 id
2017 440 2164 494 agas,
2198 434 2457 495 augustas
2488 438 2699 494 quaeras
2727 424 2871 479 aedes
2903 421 3024 477 usui
3054 421 3186 477 tuo?
3208 420 3354 486 Quid
3380 434 3507 477 vero

258 527 421 575 τονάς
449 512 514 565 Τί
546 514 634 579 δὲ,
671 516 721 568 εί
753 515 950 587 μετρίᾳ
978 516 1077 585 μὲν
1105 516 1316 585 οἰκήσει
1354 516 1530 587 χρῷο,
1562 517 1827 589 ἀμφιάσει

1938 517 1984 572 si
2010 517 2094 572 his
2122 519 2398 573 moderate
2429 516 2505 570 uti
2569 517 2804 580 videare,
2826 515 3143 569 indumento
3176 521 3355 568 tamen
3415 528 3506 567 su-

258 598 319 651 δὲ
361 602 640 674 περιέργῳ
688 605 1075 671 καλλωπίξοιο;
1122 607 1355 677 Μέτριον
1399 607 1508 678 γὰρ
1539 603 1681 661 εἶναι
1722 608 1827 680 χρὴ

1937 607 2143 678 perﬂuo
2164 608 2420 663 orneris?
2457 607 2759 664 Modestum
2811 608 3013 660 etenim
3065 606 3219 660 decet
3276 619 3398 659 esse
3451 612 3506 659 et

258 690 357 743 καὶ
384 690 546 761 λόγῳ,
571 692 665 747 καὶ
692 695 949 764 σχήματι,
978 694 1069 749 καὶ
1091 697 1263 766 φωνῇ,
1290 696 1383 750 καὶ
1414 695 1707 767 βλέμματι,
1736 697 1827 750 καὶ

1935 714 2190 755 sermone
2245 709 2299 754 et
2361 700 2570 767 habitu,
2607 715 2671 754 ac
2723 713 2855 753 voce
2900 705 3253 767 aspectuque,
3291 696 3501 751 incessu

262 779 577 849 βαδίσματι.
624 782 816 837 Πολλοὶ
846 785 956 855 γάρ
1006 788 1101 841 καὶ
1145 785 1374 839 πλούτου
1405 786 1559 851 ὄντες
1596 787 1829 859 ἔρημοι,

1935 789 2187 859 denique.
2214 790 2361 845 Multi
2395 791 2538 846 enim
2569 806 2599 844 a
2635 791 2797 845 rebus
2821 790 3029 858 inopes,
3051 789 3210 843 domo
3231 802 3297 842 ac
3320 785 3502 857 splen-

261 871 358 924 καὶ
378 872 695 942 οἰκημάτων
715 876 1084 942 καὶζένδύσεως
1108 876 1371 947 λαμπρᾶς
1395 877 1613 942 ἐνδεεῖς,
1631 877 1827 932 τοσαύ-

1936 882 2053 937 dida
2086 890 2332 937 carentes
2360 890 2529 946 veste,
2557 882 2772 937 incessu
2808 892 2987 936 tamen
3034 895 3155 936 eam
3192 892 3303 948 prae
3329 892 3388 934 se
3421 877 3505 933 te-

257 978 359 1031 την
391 961 480 1015 διά
499 962 591 1015 τοῦ
625 964 936 1033 βαδίσαντος
965 967 1288 1038 ἐμφαίνουσι
1315 968 1412 1039 τὴν
1451 968 1730 1039 βλακείαν,
1762 970 1826 1034 ὡς

1940 979 2056 1023 runt
2082 968 2381 1037 mollitiem,
2416 970 2586 1024 risum
2622 979 2679 1023 ut
2701 969 2954 1024 omnibus
2987 967 3188 1023 debere
3236 974 3293 1022 et
3322 966 3509 1022 conci-

264 1051 474 1119 γέλωτα
501 1053 869 1123 ὀφλισκάνειν.

809 1075 869 1111 ιν.
1933 1066 2050 1116 tare
2077 1061 2378 1115 videantur.

496 1149 672 1213 T‘Ke'.
715 1191 785 1201 —
825 1165 1080 1234 ΖΩΣΙΜῼ
1122 1166 1593 1238 ΠΡΕΣΒΥΤΕΡῼ.
2018 1171 2065 1242 ε

2018 1170 2191 1242 658
2208 1170 2530 1227 CCCXXIX.
2549 1201 2618 1211 —
2633 1169 2890 1227 ZOSIMO
2939 1168 3418 1226 PRESBYTERO.

259 1250 466 1306 Anima!
495 1253 747 1318 potiorem
787 1272 947 1325 quant
994 1264 1228 1327 corporis
1256 1262 1774 1336 ruramugerendam.
1810 1261 1945 1336 γξιω
1973 1265 2216 1336 Ab_revi_tqs
2253 1265 2468 1336 uigilare
2511 1265 2682 1333 jubet.
2719 1265 2938 1321 (Matth.
2982 1280 3112 1320 xxv.
3144 1264 3300 1335 Conf.
3330 1265 3436 1336 .lib.
3463 1279 3504 1331 I,

1213 1334 1365 1395 epist.
1398 1333 1463 1388 15
1491 1343 1539 1388 et
1566 1332 1658 1386 tib.
1687 1348 1760 1397 tv,
1790 1333 1939 1401 epist.
1967 1332 2057 1400 24,
2085 1334 2210 1401 124,
2243 1334 2346 1388 126
2368 1345 2416 1390 et
2452 1332 2598 1406 uti.)

333 1413 478 1482 Πρὸς
505 1413 567 1467 τὸ
599 1415 748 1481 τέλος
779 1415 963 1472 λοιπὸν
988 1420 1016 1472 ὁ
1048 1419 1252 1490 κόσμος
1278 1422 1586 1492 ἐπείγεται·
1623 1423 1686 1477 οὐ
1721 1424 1830 1493 γὰρ

2009 1426 2088 1479 Ad
2119 1425 2367 1481 ultimum
2410 1428 2580 1483 tendit
2610 1428 2769 1490 tinem
2825 1429 3055 1485 mundus
3089 1447 3104 1485 :
3141 1444 3316 1499 neque
3358 1430 3506 1485 enim

260 1499 613 1574 δὴημύσεται
638 1508 672 1577 ἡ
696 1506 941 1579 ἀλήθεια,
969 1510 1279 1566 συντέλειαν
1305 1512 1521 1567 ἔσεσθαι
1546 1513 1829 1584 προμηνύ-

1939 1515 2072 1573 fallit
2102 1517 2214 1586 ipsa
2277 1516 2492 1575 Veeitas
2547 1521 3067 1577 consummationem
3125 1519 3242 1576 fore
3295 1520 3507 1575 denun-

264 1611 423 1648 σασα.
463 1597 527 1649 El
559 1596 618 1649 δὲ
651 1598 874 1671 κάκείνη
902 1599 1092 1673 πόρρω
1121 1602 1262 1656 τισὶν
1281 1596 1432 1667 ,εῖναι
1459 1581 1683 1671 δόξειεν,
1713 1581 1827 1657 ἀλλ’

2038 1623 2095 1663 IS.
2121 1581 2227 1674 Qui
2258 1611 2443 1665 mundi
2472 1610 2616 1676 ﬁnis,
2646 1611 2749 1665 etsi
2783 1610 2995 1681 longius
3033 1610 3223 1666 abesse
3276 1612 3505 1681 quibus-
3605 1602 3607 1605 ’

262 1682 291 1733 ὅ
321 1700 383 1750 γε
411 1684 628 1756 ἐκάστῳ
659 1687 846 1757 χρόνος
881 1689 1000 1743 καθ’
1029 1691 1239 1762 ἡμέραν
1268 1691 1597 1757 δαπανᾶται,
1616 1692 1711 1746 κα).
1734 1694 1831 1764 τὴν

1938 1701 2056 1754 dam
2084 1700 2348 1767 videatur,
2380 1702 2644 1772 cujusque
2675 1710 2857 1757 tamen
2884 1702 3009 1760 dies
3074 1703 3189 1759 abit
3241 1702 3507 1772 quotidie,

260 1773 516 1869 τελευτὴν
546 1776 727 1830 ὠδίνει
748 1818 762 1842 ,
795 1780 890 1833 καὶ
928 1780 1067 1851 πρὸς
1094 1782 1153 1835 τὸ
1193 1782 1368 1850 πέρας
1400 1785 1521 1855 ὁρᾷ.
1567 1785 1688 1838 Τῶν
1734 1786 1829 1875 μίὲν

1936 1793 2159 1858 transit,
2221 1793 2384 1849 ﬁnem
2443 1795 2714 1865 parturit,
2764 1796 3091 1865 respicitque
3169 1804 3504 1850 extremum.

260 1854 369 1934 γάρ
394 1868 777 1940 πρεσϐυτέρων
808 1872 941 1944 δήλη
973 1873 1119 1927 ἐστὶν
1152 1876 1187 1946 ἠ
1221 1854 1609 1948 τελευτὴ,ῗτῶν
1639 1879 1695 1931 δὲ

1934 1883 2136 1938 Senum
2170 1885 2316 1940 enim
2344 1854 2486 1955 patet
2509 1887 2564 1941 in
2595 1887 2715 1941 dies
2749 1886 2948 1951 exitus,
2981 1894 3144 1941 aetate
3186 1885 3503 1942 ﬂorentium

263 1957 545 2025 μαζόντων
581 1961 776 2031 ἄδηλος
813 1964 846 2035 ἡ
887 1966 1022 2037 ζωή.
1065 1967 1412 2040 Προθεσμίαν
1444 1970 1553 2043 γάρ
1590 1972 1715 2042 μίαν
1755 1974 1831 2045 μὴ

1937 1975 2173 2032 incertus
2199 1976 2417 2046 quidem
2451 1977 2577 2032 vita:
2609 1978 2746 2044 dies,
2778 1977 2905 2031 nulli
2945 1978 3143 2032 etenim
3193 1987 3342 2032 certa
3374 1987 3506 2030 aetas

261 2046 475 2115 ἔχοντος
508 2049 601 2104 τοῦ
638 2052 784 2121 βίου,
813 2054 951 2110 ἀλλὰ
994 2058 1175 2113 πᾶσαν
1206 2059 1424 2130 ἡλικίαν
1461 2062 1555 2115 τοῦ
1601 2063 1829 2118 Θανάτου

1933 2068 2056 2121 vitae
2091 2067 2355 2122 terminus
2390 2075 2496 2134 est,
2521 2068 2614 2125 sed
2641 2068 2819 2123 omnis
2868 2078 2997 2123 aetas
3032 2068 3194 2123 morti
3246 2068 3502 2123 obnoxia.

261 2137 689 2229 ἐπινεμομένου,
727 2143 938 2209 πάντας
975 2152 1275 2222 γρηγρρεῖν
1306 2151 1440 2223 χρὴ,
1473 2154 1567 2207 καὶ
1598 2155 1830 2225 προσδο-

1937 2157 2278 2226 Vigilandum
2352 2158 2541 2227 itaque
2619 2159 2901 2224 omnibus,
2973 2159 3506 2229 exspectandumque

263 2227 368 2320 κᾷν
387 2228 461 2320 ῌτὸ
486 2229 700 2296 πάντως
731 2234 1007 2305 ἐσόμενον.
1054 2238 1193 2291 Ἀλλ’
1227 2241 1389 2311 ἡμεῖς
1427 2244 1605 2299 πάντα
1632 2246 1832 2314 μᾶλλον

1937 2251 2074 2319 quod
2107 2250 2274 2305 semel
2310 2250 2539 2306 accidet.
2571 2250 2643 2304 At
2704 2265 2804 2305 nos
2863 2250 3023 2305 hodie
3060 2227 3275 2320 quidvis
3329 2227 3506 2319 potius

260 2316 293 2411 ᾖ
321 2317 475 2411 τοῦτο
496 2323 884 2395 προσδοκῶμεν
903 2342 918 2357 ο
953 2327 1021 2381 τά
1055 2329 1154 2398 μέγ
1182 2331 1290 2401 γὰρ
1323 2332 1561 2404 άδόκητα
1597 2333 1709 2405 (96)
1736 2337 1829 2391 καῖ¹

1933 2355 2093 2409 quam
2121 2341 2313 2396 mortis
2343 2348 2556 2411 tempus
2602 2351 3001 2411 exspectamus.
3030 2340 3310 2411 insperata
3353 2341 3501 2396 enim

260 2407 555 2505 d-véhnma
592 2414 712 2467 καθ’
758 2416 1011 2488 ἑκάστην
1042 2418 1190 2491 ὤραν
1239 2423 1688 2496 ὀνειροπολοῦμεν
1736 2428 1829 2481 καὶ

1933 2433 2485 2503 atqueiuexspectata
2533 2434 2760 2505 singulis
2793 2435 2941 2489 horis
2998 2435 3154 2503 quasi
3217 2449 3315 2504 per
3352 2450 3500 2490 som-

258 2498 585 2570 ἐλπίζομενο
636 2506 698 2559 τὸ
735 2507 792 2561 δέ
832 2508 1008 2582 πάντῃ
1045 2529 1105 2565 τε
1149 2513 1242 2567 καὶ
1279 2514 1495 2580 πάντως
1533 2517 1827 2588 ἐσόμενον,

1936 2524 2081 2577 nium
2111 2523 2429 2592 conjicimus
2474 2537 2538 2578 ac
2581 2537 2882 2593 speramus.
2906 2522 3058 2590 Quod
3102 2537 3231 2578 vero
3289 2538 3505 2593 semper

261 2594 354 2685 καὶ
380 2594 584 2685 αὐτίκα
617 2596 681 2669 δὴ
724 2599 867 2668 μάλα
904 2602 1163 2668 πολλάκις
1199 2605 1665 2677 ἐπιστησόμενον,
1707 2610 1830 2665 οὐδὲ

1931 2623 1985 2669 et
2015 2613 2209 2682 ubique
2236 2615 2471 2669 futurum
2487 2624 2592 2679 est,
2624 2629 2686 2685 ac
2712 2628 2850 2683 saepe
2875 2613 2987 2681 jam
3011 2613 3245 2679 instans,
3278 2629 3346 2670 ue
3405 2630 3500 2668 co-

261 2684 459 2737 ἐννοεῖν
485 2684 741 2758 ἀξιοῦμεν
761 2707 775 2722 ο
815 2691 950 2746 ἀλλὰ
982 2692 1166 2764 θνητοὶ
1194 2695 1345 2760 ὄντες
1386 2697 1529 2751 κατὰ
1566 2700 1628 2752 τὸ
1670 2701 1830 2772 σῶμα

1933 2704 2106 2775 gitare
2128 2705 2343 2772 quidem
2376 2719 2475 2759 nos
2504 2684 2815 2772 dignamur,
2846 2704 2939 2757 sed
2981 2718 3211 2773 corpore
3254 2704 3502 2758 mortali-

260 2775 353 2827 καὶ
377 2777 648 2849 ἐπίκηροι,
675 2780 750 2845 ὡς
783 2781 1038 2838 ἀθάνατοι
1067 2786 1425 2856 διανοούμεθα
1446 2805 1459 2817 ·
1484 2791 1580 2844 καὶ
1606 2792 1704 2863 τῆς
1730 2793 1829 2864 μὲν

1934 2794 2031 2848 tati
2064 2794 2304 2859 obnoxii,
2337 2804 2393 2848 et
2445 2794 2762 2860 imbecilles,
2797 2802 2971 2847 tamen
3021 2793 3354 2849 immortales
3390 2808 3490 2849 nos

256 2864 525 2921 ἀθανάτου
562 2869 738 2942 ψυχῆς
776 2873 1118 2944 άμελοῦμεν,
1180 2877 1379 2946 μᾶλλον
1419 2879 1477 2931 δὲ
1522 2880 1646 2935 ούδέ
1682 2883 1825 2954 ἐχειν

1930 2901 2051 2942 esse
2103 2887 2409 2956 opinamur.
2438 2887 2637 2942 Verum
2687 2888 2756 2942 de
2812 2888 3102 2943 immortali
3137 2888 3317 2943 anima
3362 2890 3496 2943 nihil

254 2957 431 3027 ψυχὴν
459 2959 746 3031 νομίζομεν
768 2978 783 2993 '
816 2964 876 3017 τὸ
898 2963 955 3017 δὲ
985 2964 1175 3034 θνητὸν
1207 2966 1363 3038 σῶμα
1391 2968 1656 3025 ἀθάνατον
1687 2967 1823 3026 εἶναι

1936 2978 2023 3032 hic
2056 2976 2293 3042 solliciti,
2332 2978 2504 3032 anima
2532 2978 2693 3032 etiam
2726 2980 2840 3048 ipsa
2876 2992 3063 3033 carere
3102 2994 3199 3033 nos
3222 2978 3502 3033 existima-

254 3048 570 3119 ἡγούμενοι,
604 3053 732 3139 περὶ
775 3055 909 3108 αὐτὸ
938 3057 1119 3109 πᾶσαν
1152 3057 1250 3128 τὴν
1277 3060 1514 3131 σπουδὴν
1548 3063 1823 3117 ἀναλίσκο-

1934 3083 2072 3134 mus,
2133 3068 2186 3122 in
2241 3082 2468 3138 corpore
2526 3082 2659 3124 vero
2711 3078 2945 3138 cuteque
2993 3070 3229 3124 curanda
3276 3085 3496 3139 Operam

256 3156 376 3207 μεν.
418 3141 585 3204 Ποίας
617 3138 710 3196 οὖν
753 3143 1134 3216 ἀπολαύσομεν
1176 3149 1535 3222 συγγνώμης,
1580 3153 1679 3223 τῆς
1721 3154 1825 3226 μὲν

1932 3173 2146 3213 omnem
2199 3159 2487 3229 oleumque
2534 3160 2938 3228 consumimus;
2980 3174 3139 3229 quam
3199 3161 3362 3231 igitur
3412 3176 3501 3215 ve-

253 3228 524 3285 ἀθανάτου
567 3232 796 3287 θάνατον
848 3234 1389 3308 καταψηφιζόμενοι,
1434 3241 1496 3293 τὸ
1536 3242 1593 3295 δέ
1632 3243 1822 3315 θνητὸν

1933 3250 2077 3305 niam
2116 3251 2478 3323 adipiscemur
2506 3262 2702 3320 morte,
2736 3252 2973 3307 animam
3006 3253 3351 3317 damnantes,
3377 3270 3500 3324 qua:

252 3320 432 3390 πάσης
459 3324 625 3393 τιμῆς
655 3323 963 3391 ἀξιοῦντες;
1008 3327 1267 3399 κάκείνην
1312 3331 1821 3404 παραϐλάπτοντες,

1934 3341 2124 3397 mortis
2156 3320 2337 3397 tamen
2369 3356 2563 3412 expers
2589 3351 2708 3397 est:
2741 3343 2881 3411 quod
2934 3353 3115 3397 autem
3157 3344 3384 3398 mortale
3419 3355 3503 3399 cst

254 3410 341 3462 ἵνα
387 3412 542 3466 τοῦτο
583 3416 986 3487 κοσμήσωμεν;
1032 3418 1295 3490 κάκείνην
1335 3421 1480 3493 λιμῷ
1527 3425 1818 3497 τήκοντες,

1932 3445 2127 3501 corpus
2152 3433 2297 3489 omni
2328 3410 2531 3489 honore
2548 3410 2841 3490 adicientes
2864 3475 2879 3500 ,
2920 3444 3081 3504 atque
3129 3433 3271 3488 illam
3303 3434 3501 3489 laeden-

252 3498 342 3551 ἴνα
386 3501 543 3555 τοῦτο
576 3506 803 3579 σκιρτᾷν
850 3504 946 3558 καὶ
986 3509 1199 3577 τρυφᾷν
1246 3507 1390 3579 ἔχοι;
1439 3512 1559 3583 Χρὴ
1610 3514 1718 3587 γάρ
1756 3517 1821 3569 τά

1932 3531 2031 3589 tes,
2063 3531 2126 3578 ut
2178 3523 2281 3579 hoc
2339 3538 2593 3580 ornemus
2624 3542 2638 3592 ;
2673 3524 2818 3580 fame
2856 3524 3001 3579 illam
3059 3535 3420 3590 macerantes,
3444 3536 3501 3579 ut

152 3615 155 3617 >
255 3590 356 3658 μὲν
387 3595 628 3662 πρωτεῖα
665 3598 730 3665 τῇ
762 3596 944 3667 ψυχῇ,
990 3597 1059 3650 τὰ
1098 3599 1155 3652 δὲ
1192 3600 1468 3673 δευτερεῖα
1501 3605 1578 3674 τῷ
1609 3606 1721 3677 σώμ

1930 3611 2033 3667 hoc
2058 3612 2216 3667 saltui
2241 3613 2554 3682 deliciisque
2585 3590 2883 3683 indulgeat?
2905 3613 3266 3680 Quamobrem
3290 3631 3498 3683 aequum

250 3682 438 3750 νέμειν
460 3700 474 3715 ο
505 3685 567 3736 οὐ
604 3686 710 3756 γάρ
738 3688 977 3741 ἐναντίον
1015 3689 1187 3761 αὐτῆς
1226 3693 1404 3758 ἐστιν,
1447 3694 1561 3747 ἀλλ’
1589 3696 1819 3767 ὄργανον

1929 3718 2060 3760 sane
2087 3713 2170 3759 est
2202 3705 2405 3774 primas
2426 3705 2621 3759 anima:
2648 3714 2827 3774 partes
2879 3707 3031 3772 dare,
3062 3707 3273 3774 corpori
3300 3722 3498 3762 secun-

252 3773 349 3825 καὶ
388 3773 621 3843 κιθάρα·
666 3778 977 3846 ἐπιμελείας
1023 3780 1133 3851 γάρ
1173 3782 1379 3850 δεῖται,
1427 3785 1528 3839 οὐκ
1581 3787 1821 3842 ἀπολαύ-

1928 3794 2024 3848 das
2048 3773 2287 3850 tribuere
2325 3814 2339 3850 :
2379 3810 2484 3850 non
2561 3796 2706 3850 enim
2752 3797 2854 3851 hoc
2896 3797 2995 3865 ipsi
3027 3800 3371 3864 adversatur,
3403 3801 3497 3854 sed

255 3881 395 3928 σεως
422 3865 729 3933 ἀνωφελοῦς
749 3886 762 3900 ·
800 3871 1037 3941 τροφῆς,
1069 3874 1129 3925 οὐ
1163 3877 1374 3945 τρυφῆς
1397 3892 1412 3906 ’
1453 3877 1783 3947 αὐταρκείας
1803 3920 1819 3945 ,

1929 3883 2349 3940 instrumentum
2395 3894 2558 3941 estet
2616 3887 2847 3943 cithara.
2879 3888 3021 3944 Cura
3074 3889 3218 3944 enim
3272 3891 3495 3959 indiget,

249 3956 314 4010 οὐ
346 3955 667 4027 πλησμονῆς
692 3974 705 3987 '
736 3960 869 4048 εἴγε
899 3963 1080 4033 μέλλοι
1114 3965 1187 4036 μὴ
1217 3967 1493 4035 πολέμιον,
1524 3969 1658 4023 ἀλλά
1685 3970 1818 4037 σύμ-

1928 3988 2033 4028 non
2089 3974 2263 4029 inutili
2317 3976 2618 4048 diligentia,
2681 3978 2818 4034 cibis
2872 3993 2978 4033 neu
3030 3980 3262 4044 deliciis,
3316 3955 3496 4035 edulio

253 4065 430 4119 μαχον
456 4051 523 4120 τῇ
551 4049 693 4121 ψυχῇ
725 4047 885 4108 εἶναι.

1927 4065 2211 4122 sullicienti
2258 4082 2363 4123 non
2416 4047 2721 4136 saturitate,
2781 4084 2849 4125 ne
2907 4070 3080 4127 hostis
3135 4072 3329 4127 animae
3381 4072 3494 4138 fiat,

1928 4157 2021 4211 sed
2057 4157 2357 4212 subsidium
2388 4160 2569 4228 potius
2595 4161 2786 4215 animat
2810 4175 3007 4230 corpus
3033 4162 3279 4217 exsistat.

482 4249 585 4302 TA'
613 4280 681 4291 —
708 4253 1070 4325 ΜΑΡΚῘΑΝῼ
1100 4256 1566 4329 ΠΡΕΣΒΥΤΕΡῼ.
1851 4261 1896 4315 D

1851 4261 1896 4315 D
2065 4265 2370 4321 CCCXXX.
2392 4297 2461 4307 —
2483 4268 2837 4326 MARCIANO
2877 4270 3351 4336 PRESBYTERU.

779 4343 1096 4399 lnveteratw
1126 4346 1390 4413 Opiniones
1427 4348 1698 4405 hominum
1727 4355 1985 4423 quomoda
2015 4357 2323 4411 evertendw.
2363 4354 2599 4428 (Confer.
2629 4361 2783 4427 epist.
2816 4360 2969 4429 256.)

321 4439 425 4493 Τὸν
477 4440 736 4511 μέλλοντα
775 4443 1109 4500 διασαλεύειν
1155 4447 1265 4518 (97)
1297 4450 1391 4503 καὶ
1429 4450 1818 4524 ἀναμοχλεύειν

1993 4456 2094 4524 Qui
2124 4457 2365 4511 inolitam
2384 4467 2439 4513 et
2470 4457 2584 4513 usui
2614 4460 2990 4519 conﬁrmatam
3024 4463 3496 4536 opinionem,qu:e

246 4529 403 4595 δόξαν
462 4531 700 4584 παλαιάν
760 4535 851 4586 καὶ
902 4539 1242 4604 πεπηγυῖαν,
1303 4539 1396 4593 καὶ
1451 4541 1622 4611 καλὴν
1675 4538 1815 4599 εἶναι

1922 4547 2063 4602 male
2112 4547 2417 4604 informatis
2465 4550 2686 4620 pulchra
2736 4553 3004 4619 videatur,
3041 4529 3278 4611 effodere
3319 4529 3482 4627 atque

244 4622 324 4692 τῷ
349 4623 533 4687 κακῶς
574 4624 935 4704 προληφθέντι
972 4626 1331 4705 νομιζομένην
1353 4672 1368 4697 ,
1400 4632 1590 4703 ἐπειδὴ
1630 4635 1689 4687 τὸ
1734 4652 1813 4689 κο-

1924 4654 2110 4695 crucre
2165 4640 2413 4707 voluerit,
2468 4656 2588 4697 cum
2636 4658 2747 4698 rem
2796 4644 2952 4701 valde
3011 4645 3236 4705 arduam
3302 4662 3493 4719 aggre-

251 4714 379 4783 μιδῇ
417 4714 743 4785 παράδοξον,
798 4718 898 4771 οὐκ
948 4718 1014 4771 ἂν
1064 4720 1148 4789 εἴη
1196 4721 1495 4791 προοιμίων
1543 4724 1669 4777 ἄνευ
1705 4724 1820 4797 (98)

1921 4729 2119 4795 diatur,
2158 4746 2261 4787 non
2288 4731 2341 4785 id
2372 4732 2738 4800 suspicabitur
2770 4734 2888 4789 sine
2934 4737 3238 4791 animorum
3272 4714 3486 4807 praepa-

247 4804 683 4875 εὐπαράδεκτον·
746 4808 847 4861 οὐκ
892 4808 1053 4871 εὐθὺς
1103 4810 1359 4866 τάναντία
1405 4812 1629 4884 φράζειν
1694 4816 1816 4886 χρή.

1925 4820 2154 4888 ratione,
2190 4835 2363 4891 neque
2382 4821 2666 4894 :continuo
2717 4826 3055 4893 repugnabit.
3088 4824 3369 4882 Ridiculus
3408 4828 3488 4882 si-

261 4892 416 4946 Ἐπεὶ
486 4897 893 4964 καταγέλαστος
965 4896 1119 4952 ἔσται
1199 4900 1294 4953 καὶ
1352 4903 1811 4974 κωμῳδηθήσεται

1920 4912 2135 4979 quidem
2193 4913 2317 4979 erit,
2378 4892 2913 4983 reprehendeturque
2954 4915 3159 4985 judicio
3210 4919 3486 4973 contraria

247 4984 353 5036 ὑπὸ
404 4986 513 5039 τῶν
579 4988 1147 5058 προκαταληφθέντων
1209 4994 1276 5062 τῇ
1336 4994 1553 5063 ἐναντίᾳ
1612 4996 1810 5066 ψήφῳ·

1917 5000 2171 5067 Opinione
2228 5012 2614 5072 praceptorum
2666 5020 2679 5056 :
2728 5003 2822 5057 sed
2884 4984 3048 5058 antea
3105 5006 3474 5061 demonstrata

245 5076 383 5129 ἀλλὰ
422 5077 685 5149 πρότερον
725 5080 1071 5151 ὑπορύξαντα
1109 5084 1289 5148 καλῶς
1335 5085 1402 5137 δι’
1432 5086 1637 5155 ἐτέρων
1683 5087 1812 5139 πολ-

1918 5091 2057 5144 male
2084 5094 2149 5145 ab
2192 5093 2311 5148 aliis
2365 5094 2565 5159 multis,
2595 5104 2722 5149 tunc
2776 5095 2827 5149 in
2891 5097 3219 5152 contrarium
3290 5107 3485 5167 vertet,

1297 5232 1527 5289 vitam
1566 5236 1946 5293 LECTIONES
1982 5240 2071 5293 ET
2106 5241 2345 5312 norm.

314 5379 425 5462 (96)
457 5379 563 5462 Pro
591 5382 830 5452 ἀδόκητά
859 5385 1011 5439 codd.
1051 5386 1173 5440 Vat.
1216 5386 1320 5441 650
1358 5397 1413 5445 et
1438 5387 1545 5442 Alt.
1575 5392 1828 5454 scribunt,
1921 5403 2112 5446 terram
2144 5396 2389 5462 effodere,
2417 5414 2639 5461 versare,
2691 5403 2964 5454 suscitare.
3001 5400 3125 5456 Mox
3160 5406 3320 5456 etiam
3352 5403 3489 5458 ἀπο-

235 5452 490 5533 ἁδδίκιμαλ.
521 5450 756 5533 Ροεςψς
919 5524 932 5533 _
1188 5526 1200 5533 _
1437 5528 1451 5533 _
1603 5530 1611 5533 _
1639 5531 1650 5533 _

1437 5528 1451 5533 _
1603 5530 1611 5533 _
1639 5531 1650 5533 _
1824 5450 1828 5454 Α
1939 5450 2477 5533 pdéavmulegcndttm
2505 5450 3006 5528 Vcens'co.“Sc-tto'rr..

310 5520 868 5601 (97)_Atoaaxsosfr.
908 5524 988 5601 An
1043 5539 1153 5601 non.
1188 5526 1290 5596 leg.
1340 5528 1519 5601 potius
1564 5530 1813 5585 videatur

1939 5520 1951 5529 ’
2003 5520 2112 5600 (98)
2152 5520 2317 5588 (ἶοίῖά.
2362 5520 2479 5592 Vat.
2524 5520 2633 5593 656
2652 5520 3136 5596 etauio-mittunt
3168 5539 3314 5596 ἄνευ.
3354 5541 3488 5601 Pos-

236 5587 642 5657 διασκαλεύειν,
671 5590 753 5645 vel
776 5587 1266 5663 διασκαλουδεύεινζ
1295 5587 1433 5666 quod
1481 5610 1562 5655 est
1602 5602 1805 5654 sarculo

455 5587 642 5657 tatiew,
671 5590 753 5645 vel
776 5587 1266 5663 διασκαλουδεύεινζ
1295 5587 1433 5666 quod
1481 5610 1562 5655 est
1602 5602 1808 5654 sarculo
1926 5614 2024 5653 sm.
