3974 6144
486 146 621 219 1527

1702 157 1762 217 S.
1803 153 2093 219 ISIDORI
2132 150 2568 217 PELUSIOT/E

3595 144 3717 211 1528

480 242 574 321 sic
652 264 795 321 enim
857 263 947 320 ﬁet
1008 263 1309 334 plausibilis
1361 273 1417 321 et
1472 264 1749 322 suadelam
1827 274 2041 337 etttnget

2157 268 2289 329 λῶν,
2334 269 2452 318 τότε
2504 267 2587 328 εἰς
2620 261 2930 317 τούναντίον
2978 257 3353 332 περιτρέπειν.
3411 257 3576 313 Οὕτω
3620 261 3718 329 γὰρ

479 359 657 414 deam.

582 460 749 533 659
778 458 1098 516 CCCXXX].
1118 460 1621 518 —ALEKA.NDRO
1658 461 1929 519 POETA}.

2148 358 2547 429 εὺωράδεκτος
2576 355 2749 421 ἔσται,
2779 355 2874 407 καὶ
2900 354 3001 424 τὴν
3033 351 3206 408 πειθὼ
3228 350 3652 422 δημιουργὴσει.

2412 464 2582 520 TAA'.
2632 493 2701 503 ——
2741 460 3142 529 ΔΛΕΞΑΝΔΡῼ
3178 458 3476 527 ΠΟΙΗΊᾘ.

864 553 974 608 Cur
996 553 1245 610 Socrates
1276 552 1487 609 Gratias
1510 558 1731 624 uirgines
1763 558 1934 613 nudas
1957 556 2075 619 (99)
2091 560 2307 619 ﬁnxerit
2339 577 2357 614 :
2396 560 2774 629 Aristophanes
2803 558 3046 613 Comicus
3088 564 3324 609 notatur.

557 660 719 721 Valde
750 663 999 735 equidem
1032 665 1203 719 miror
1232 666 1479 721 homines
1529 670 1816 736 quosdam,
1851 683 1958 737 quo
1986 684 2039 721 tn

478 770 705 811 numero
725 764 782 811 et
812 765 864 812 te
907 769 1028 811 esse
1073 756 1329 819 arbitror,
1366 771 1489 811 cum
1548 758 1711 813 liceat
1762 773 1905 828 saepe
1933 773 2039 828 qua

2218 670 2353 722 Λίαν
2391 668 2687 738 Θαυμάζω,
2714 667 2831 731 πῶς
2862 683 3005 730 τινες
3042 661 3147 718 τῶν
3186 663 3502 735 ἀνθρώπων
3536 656 3629 732 (ὧν
3650 656 3718 725 εἷς

2145 763 2240 817 καὶ
2268 762 2429 825 αὐτὸς
2467 758 2799 822 κινδυνεύεις
2830 754 3007 827 εἶναι)
3041 758 3161 811 ὲνὸν
3203 756 3472 819 πολλάκις
3504 754 3591 808 διὰ
3618 754 3717 806 τῶν

479 845 717 915 scriptis,
748 858 853 913 qua
896 844 1123 914 picturis
1179 844 1467 900 utilitatem
1512 860 1729 918 capere,
1757 847 1885 903 illud
1939 862 2047 905 non

2157 854 2392 924 γραφῶν,
2447 849 2480 923 ἢ
2532 853 2619 906 διὰ
2660 851 2771 904 τῶν
2806 850 3141 921 ἀγαλμάτων
3186 848 3545 917 ὡφελεῖσθαι·
3574 844 3720 898 τοῦτο

478 939 742 1008 cngitare,
777 937 843 992 ad
876 935 1129 1005 injuriam
1155 951 1286 993 vero
1341 939 1634 1008 respicere.
1664 938 1721 995 Si
1747 939 1891 996 enim
1926 953 2047 994 mo-

479 1030 843 1093 destissimns,
871 1028 1123 1097 idemque
1175 1029 1612 1096 sapientissimus
1666 1030 1768 1087 l‘uit
1796 1030 2050 1087 Socra‘es

482 1121 641 1189 (nam
677 1119 850 1187 Plato,
880 1116 1167 1174 Eschines
1188 1118 1519 1183 Socraticus,
1553 1118 1852 1190 Xenophon
1885 1130 2050 1191 atque

483 1211 765 1280 Euripides
791 1225 915 1266 eum
943 1209 1213 1265 laudando
1235 1207 1373 1266 inter
1399 1226 1459 1267 se
1482 1220 1713 1267 certant.
1730 1213 2051 1282 Aristopha-

484 1318 581 1359 nes
609 1317 739 1357 vero
777 1319 881 1357 non
916 1303 1239 1370 audiendus,
1271 1305 1398 1374 quia
1448 1305 1585 1359 nihil
1618 1321 1770 1375 teque
1805 1306 1956 1361 novit
1988 1318 2052 1360 ac

482 1395 825 1460 maledicere,
862 1406 1249 1463 praeceptorem
1295 1409 1580 1462 accusans,
1608 1395 1746 1452 forte
1801 1398 1944 1467 quod
1984 1396 2051 1452 ad

485 1487 873 1556 philosophiam
894 1486 1152 1540 invitaret
1176 1487 1219 1556 ),
1250 1487 1369 1557 eius
1419 1488 1725 1559 philosophi
1779 1503 1917 1559 opus
1968 1498 2053 1543 cst

2147 944 2245 1015 μὲν
2279 941 2380 996 οὐκ
2413 940 2709 1005 ἐννοοῦσιν,
2751 943 2830 1004 εἰς
2872 936 3031 1012 ὓϐριν
3067 938 3125 992 δδ
3168 938 3485 1008 βλέπουσιν.
3533 936 3592 989 Εἰ
3622 936 3717 1003 γὰρ

2148 1033 2585 1105 σωφρονέστατος
2611 1031 2706 1085 καὶ
2732 1031 3039 1099 σοφώτατος
3062 1025 3130 1101 ἦν
3159 1030 3187 1083 ό
3209 1028 3541 1100 Σωκράτης.
3568 1027 3718 1096 (Πλα-

2146 1144 2255 1180 των
2292 1125 2399 1195 γάρ
2446 1126 2542 1178 καί⁸
2573 1122 2832 1194 Δίσχίνης
2869 1123 2965 1175 καὶ
3001 1120 3253 1190 Ξενοφῶν
3289 1124 3389 1173 καὶ
3437 1118 3716 1189 Εὐριπίδης

2147 1216 2304 1271 τοῦτο
2321 1216 2743 1286 διισχυρίσαντοο
2775 1214 3153 1284 Ἀριστοφάνει
3169 1213 3279 1283 γάρ
3298 1214 3361 1267 σι’.
3380 1209 3713 1281 προσεκτέον,

2148 1310 2224 1372 ὡς
2242 1308 2393 1361 οὐδὲν
2422 1304 2566 1360 οὕτω
2595 1304 2771 1370 καλῶς
2796 1304 2977 1373 εἰδότι,
3007 1303 3083 1368 ὡς
3114 1304 3177 1359 τὸ
3202 1304 3394 1368 κακῶς
3414 1304 3605 1367 εἰπεῖν,
3632 1302 3712 1354 καί

2148 1400 2541 1470 κωμῳδήσαντι
2579 1398 2671 1451 τὸν
2692 1396 3035 1463 διδάσκαλον,
3078 1395 3209 1460 ἴσως
3247 1396 3381 1467 ’περί⁸
3418 1394 3714 1464 φιλοσοφίας

2152 1491 2301 1561 αὑτῷ
2322 1490 2711 1562 παραινέσαντι
2744 1488 2867 1560 (1)),
2890 1487 3066 1542 Αὐτοῦ
3096 1486 3152 1539 δέ
3187 1487 3337 1540 ἐστιν
3360 1485 3525 1557 ἔργον
3552 1482 3608 1537 τὸ
3628 1481 3713 1543 τὰς

485 1578 703 1633 Gratias
725 1578 915 1641 sudas,
946 1585 1005 1631 ut
1034 1578 1248 1643 dicitur,
1267 1593 1332 1634 ac
1358 1579 1596 1648 virgines
1642 1578 1922 1645 sculpere:
1946 1594 2050 1635 non

2160 1559 2385 1657 χάριτας
2405 1559 2633 1651 γυμνὰς,
2659 1578 2734 1642 ὥς
2756 1595 2915 1648 φατε,
2941 1579 3036 1631 καὶ
3051 1576 3361 1648 παρθένους
3388 1570 3606 1643 νλὺψαι,
3629 1571 3715 1622 οὐκ

490 1680 550 1727 ut
592 1672 658 1726 ad
712 1669 989 1725 libidinem
1034 1670 1264 1739 juvenes
1290 1680 1570 1739 provocet,
1608 1681 1666 1725 ut
1723 1682 1776 1726 tu
1832 1672 2054 1742 quidem

488 1766 751 1837 opinaris,
788 1764 841 1818 id
868 1764 1217 1832 excogitavit,
1248 1765 1344 1818 sed
1388 1772 1448 1818 ut
1500 1774 1750 1818 naturam
1814 1765 2053 1834 ipsarum

490 1860 627 1919 (bac
648 1858 790 1913 enim
825 1857 877 1910 in
904 1870 960 1910 re
987 1855 1303 1926 explicanda
1361 1856 1627 1926 imprimis
1681 1856 1882 1927 valuit)
1915 1858 2055 1912 ima-

484 1950 700 2018 ginibus
752 1947 1071 2016 explicaret,
1109 1948 1327 2015 quando
1359 1947 1605 2017 plerique
1650 1948 1735 2003 vel
1768 1948 1903 2003 lucri
1933 1963 2052 2017 spe,

484 2050 579 2095 aut
632 2040 916 2104 mercedis,
947 2039 1029 2093 vel
1095 2039 1272 2104 famae,
1308 2038 1483 2094 aliave
1531 2041 1598 2095 de
1628 2055 1790 2094 causa
1830 2054 2053 2094 munera

486 2133 806 2202 largiantur.
838 2130 893 2185 Id
935 2131 1076 2187 enim
1109 2146 1230 2186 mea
1265 2131 1484 2201 quidem
1540 2118 1832 2199 sententia,
1854 2148 2053 2200 reprae-

486 2234 702 2279 sentare
732 2222 953 2276 omnino
985 2222 1173 2290 voluit,
1200 2222 1462 2278 beneﬁcia
1512 2238 1609 2279 sua
1638 2225 1840 2291 danda,
1879 2226 2053 2280 nudas

488 2316 702 2381 quidem
738 2320 797 2367 ut
831 2311 1070 2380 virgines
1095 2313 1366 2381 innuptas,
1392 2314 1677 2384 omnisque
1698 2313 1833 2368 lucri
1857 2329 2055 2383 exper-

491 2418 591 2469 tes,
613 2411 968 2471 carentesque
996 2403 1142 2457 omni
1167 2411 1498 2473 tegumenta,
1568 2415 1625 2459 ut
1656 2405 1721 2458 ad
1754 2405 1887 2459 nihil
1909 2405 2055 2458 aliud

2162 1677 2242 1737 εἰς
2270 1674 2559 1741 ἀσέλγειαν
2590 1672 2715 1733 τοὺς
2742 1670 2895 1732 νέους
2926 1668 3283 1740 παρακαλῶν,
3310 1665 3392 1729 ὡς
3426 1666 3553 1735 ἡγῇ,
3578 1660 3717 1713 τοῦτο

2162 1766 2480 1828 πεποίηκεν,
2512 1763 2651 1818 ἀλλά
2672 1763 2767 1834 τὴν
2795 1761 2955 1832 φύσιν
2980 1759 3158 1815 αὐτῶν
3183 1757 3392 1830 (δεινδς
3418 1758 3526 1827 γὰρ
3553 1750 3616 1824 ἦν
3636 1753 3717 1805 καὶ

2161 1858 2288 1929 περί
2304 1856 2498 1927 ταῦτα)
2518 1856 2605 1910 διὰ
2626 1856 2734 1909 τῶν
2755 1852 3086 1924 ἀγαλμάτων
3103 1848 3299 1919 ὲξηγού
3310 1864 3495 1920 μενος.
3525 1840 3716 1911 Ἐπειδὴ

2160 1957 2268 2026 γὰρ
2294 1954 2479 2008 πολλοί
2512 1950 2546 2025 ἡ
2578 1952 2827 2022 κέρδους,
2855 1948 2889 2021 ἢ
2918 1947 3175 2020 ἀμοιϐῆς,
3203 1945 3236 2017 ἦ
3266 1944 3477 2015 φιλίας,
3503 1941 3538 2011 ἢ
3559 1940 3713 2006 δόξης.

2157 2049 2191 2118 ἢ
2218 2048 2375 2102 ἄλλου
2406 2044 2549 2107 τινὸς
2565 2044 2755 2098 ἕνεκεν
2782 2043 2879 2107 τὰς
2905 2041 3132 2113 χάριτας
3158 2036 3368 2091 διδόασι
3385 2052 3399 2066 ο
3431 2032 3585 2086 τοῦτο
3606 2026 3716 2082 αὐτὸ

2160 2138 2445 2194 παιδεῦσαι
2490 2137 2617 2200 τοὺς
2665 2135 2910 2205 ὁρῶντας
2966 2131 3073 2202 (ὥς
3123 2147 3186 2199 γε
3236 2127 3481 2198 ἐμαυτὸν
3532 2121 3713 2187 πείθω)

2157 2232 2442 2303 ἠθέλησεν,
2476 2230 2559 2283 δτι
2601 2228 2684 2282 δεῖ
2715 2227 2812 2291 τάς
2844 2225 3075 2297 χάριτας
3111 2220 3355 2277 δίδοσθαι
3377 2261 3395 2285 ,
3445 2213 3714 2287 παρθένους

2163 2320 2260 2392 μὲν
2288 2321 2385 2374 καί⁷
2418 2321 2638 2389 ἀμιγεῖς
2674 2317 2874 2380 παντὸς
2916 2314 3163 2387 κέρδους,
3205 2310 3414 2373 παντὸς
3459 2308 3514 2360 δὲ
3544 2306 3710 2357 ἐπικα-

2160 2415 2443 2486 λύμματος
2472 2412 2764 2485 ἐλευθέρας
2836 2411 2923 2465 ῖνα
2956 2411 3094 2481 πρὸς
3141 2407 3311 2481 μηδὲν
3341 2403 3469 2460 ἄλλο
3497 2417 3576 2462 τις
3612 2395 3711 2465 βλέ’

492 2496 615 2565 quis
643 2493 936 2563 respiciens
990 2507 1149 2562 quam
1182 2495 1248 2547 ad
1301 2494 1663 2559 honestatem,
1698 2494 2053 2565 indigentibus

2162 2520 2301 2571 πων,
2333 2506 2449 2559 ἀλλ’
2480 2508 2561 2567 εἰς
2590 2504 2721 2559 αὐτὸ
2756 2503 2819 2557 τὸ
2850 2502 3037 2565 καλὸν,
3077 2499 3344 2569 εύεργετῇ
3387 2496 3513 2557 τοὺς
3547 2486 3708 2558 δεομέ-

496 2586 754 2641 beneﬁcia
780 2583 1045 2648 conferat,
1065 2593 1125 2638 ut
1150 2584 1360 2639 laudem
1396 2584 1520 2641 inde
1535 2586 1730 2654 capiat,
1754 2586 1899 2655 quod
1917 2586 2053 2641 cedit

2163 2611 2284 2658 νους
2307 2636 2323 2661 ,
2357 2596 2450 2649 καὶ
2492 2594 2567 2666 μὴ
2592 2596 2883 2665 λήμματος
2912 2592 3231 2663 ἐφιέμενος,
3275 2589 3314 2661 ἦ
3344 2587 3519 2658 δόξης,
3546 2584 3712 2648 ἐκτρα-

504 2676 557 2732 ἰιι
589 2679 844 2733 damnum
882 2677 1289 2747 accipientium.

2164 2688 2310 2759 γῳδῇ
2340 2687 2449 2741 τῶν
2486 2686 2870 2758 λαμϐανόντων
2894 2684 2992 2747 τάς
3018 2680 3329 2753 συμφοράς.

756 2784 1391 2844 CCCXXXll.—CYRO
1440 2785 1791 2844 MONACHO.
2473 2795 2638 2851 TAB'.
2672 2825 2741 2835 —
2784 2794 2973 2865 ΚΥΡῼ
3005 2788 3438 2847 ΜΟΝΑΖΟΝἸῚ.

1499 2879 1821 2951 Beneﬁcium
1849 2884 1941 2953 qui
1968 2886 2180 2958 accipit,
2215 2890 2508 2945 libertatem
2539 2888 2729 2945 uendit.

580 2989 830 3047 Admiror
857 3006 987 3048 sane
1013 2992 1389 3063 inexplebilem
1412 2996 1774 3063 quorumdam
1800 2996 2053 3065 cupidita-

2248 2998 2382 3053 Λίαν
2414 2997 2680 3069 θαυμάζω
2719 2997 2820 3068 τὴν
2858 2995 3164 3067 ἀπληστίαν
3208 2994 3308 3047 καὶ
3340 2994 3441 3065 τὴν
3465 2984 3705 3055 δουλοπρέ-

515 3098 616 3139 tem
647 3085 803 3155 plane
826 3085 1100 3152 servilem,
1117 3086 1209 3155 qui
1235 3098 1449 3154 semper
1471 3083 1695 3157 exigunt
1722 3086 2053 3154 beneﬁcium1

2176 3107 2334 3146 πριιαν
2378 3092 2485 3145 τῶν
2526 3092 2611 3147 ἀεὶ
2652 3093 2752 3162 μὲν
2799 3091 2957 3162 χάριν
2996 3088 3314 3151 αἰτούντων,
3369 3085 3441 3156 μὴ
3484 3080 3705 3151 παρεχόνα

500 3181 629 3231 dant
652 3191 781 3231 vero
830 3190 1127 3245 nunquam,
1155 3176 1315 3246 idque
1362 3187 1745 3245 argumentum
1792 3191 1917 3233 esse
1950 3178 2053 3232 exi-

2174 3200 2283 3237 των
2314 3185 2404 3250 δὲ,
2448 3185 2543 3237 καὶ
2572 3185 2871 3255 τεκμήριον
2897 3178 3037 3237 εἶναι
3074 3180 3222 3234 τοῦθ’
3257 3178 3497 3249 ἡγοῦμαι
3524 3172 3705 3227 ἀνελευ·

501 3265 961 3321 stimoillibsralis
1022 3264 1220 3319 mentis
1277 3274 1441 3333 atque
1480 3266 1827 3321 insatiabilis.
1878 3265 2053 3322 Grati:

2179 3275 2337 3343 θέρου
2366 3276 2459 3328 καὶ
2486 3275 2785 3345 ἀκορέστου
2822 3271 3024 3343 ψυχῆς.
3074 3271 3138 3325 'H
3170 3271 3267 3341 μὲν
3296 3271 3408 3340 γὰρ
3441 3268 3583 3337 χάρις
3606 3262 3705 3319 τοὺς

502 3358 645 3410 enim
675 3356 1002 3426 accipientes
1041 3355 1303 3410 beneﬁcia
1334 3356 1387 3409 in
1417 3355 1578 3410 vilem
1605 3356 2049 3424 conjicitservitu

2177 3364 2553 3432 λαμϐάνοντας
2598 3366 2681 3428 εἰς
2722 3363 2975 3435 ύπόχρεω
3023 3362 3321 3433 καθίστησι
3358 3356 3702 3421 ταπεινότητι,

504 3459 634 3513 tcut,
660 3448 855 3504 dantes
886 3462 1017 3502 vero
1039 3446 1267 3502 honesta
1318 3446 1482 3499 donat
1509 3446 1784 3502 libertate.
1818 3447 2053 3504 Liberali

2176 3456 2300 3517 τοὺς
2323 3452 2379 3507 δὲ
2410 3455 2749 3525 παρέχοντας
2776 3456 2854 3518 εἰς
2880 3452 3405 3525 ὲλευθεροπρέπειαν
3437 3446 3602 3511 αὔξειν
3626 3441 3702 3493 πέ-

503 3549 588 3594 est
634 3540 835 3593 etenim
882 3537 1005 3592 aliis
1068 3537 1375 3605 impartiri;
1412 3546 1605 3593 contra
1660 3540 1877 3607 servile,
1903 3541 2053 3597 bene

2180 3563 2368 3611 φυκεν.
2416 3546 2750 3617 Ἐλευθέριον
2780 3547 2885 3617 γὰρ
2918 3546 2977 3599 τὸ
3004 3546 3301 3615 κατάρχειν
3340 3545 3415 3606 εἰς
3442 3542 3607 3610 ἕτερον
3630 3532 3704 3602 χά-

504 3630 685 3683 licium
716 3628 982 3699 accipere.
1002 3625 1282 3683 Obnoxins
1312 3630 1457 3684 enim
1489 3638 1543 3684 et
1560 3628 1834 3699 subjectus
1860 3646 2053 3701 sempel

2185 3654 2329 3706 ριτος
2358 3636 2435 3706 (2)
2457 3674 2472 3700 ,
2505 3636 2774 3690 οἰκετικὸν
2806 3637 2861 3690 δὲ
2892 3636 2952 3689 τὸ
2984 3635 3337 3705 λαμϐάνοντα
3366 3634 3535 3703 χάριν,
3572 3620 3703 3678 ὑπεύ-

504 3719 708 3774 idcirco
737 3727 936 3772 manet.
973 3716 1292 3773 Necessario
1344 3720 1489 3773 enim
1519 3718 1611 3787 qui
1655 3719 1918 3776 beneﬁcio
1976 3720 2053 3775 ob

2182 3729 2337 3782 θυνον
2383 3730 2471 3782 ἀεὶ
2507 3727 2596 3781 διὰ
2623 3728 2827 3797 ταύτην
2867 3726 3151 3782 διατελεῖν.
3205 3724 3533 3793 Ἀναγκαίως
3572 3713 3704 3784 γὰρό

504 3810 734 3864 strictus
761 3816 865 3874 est,
903 3823 1008 3865 non
1033 3809 1186 3880 prius
1217 3809 1457 3865 animum
1500 3810 1684 3882 erigit,
1718 3812 1875 3879 quasi
1904 3813 2052 3883 capit

2181 3823 2361 3892 χάριτι
2390 3821 2697 3884 δουλωθεὶς,
2731 3820 2986 3891 καθάπερ
3018 3818 3179 3890 ἄχθος
3204 3818 3349 3888 ἔχων
3371 3817 3460 3868 επὶ
3486 3807 3700 3877 κεφαλῆς.

505 3903 822 3973 impendens
856 3917 993 3958 onus
1032 3903 1329 3969 sustinens,
1361 3918 1535 3974 neque
1577 3904 1785 3959 directe
1839 3905 1977 3960 bene
2011 3906 2053 3958 dt

2183 3917 2243 3969 οὺ
2272 3915 2536 3987 πρότερον
2576 3912 2830 3984 ὀρθοῦται
2869 3912 2967 3981 τὴν
2994 3908 3191 3981 ψυχὴν,
3233 3908 3361 3962 οὐδὲ
3398 3906 3565 3972 ὲξίσης
3599 3897 3702 3987 πρὸς

506 4009 566 4049 se
598 3995 850 4049 meritum
884 4004 1043 4049 antea
1078 3995 1321 4064 aSpicere
1375 3995 1560 4062 audet,
1594 4010 1756 4065 quam
1809 3997 2047 4051 debitum

2184 4007 2275 4059 τὸν
2317 3986 2753 4075 εὐεργετήσαντα
2794 4002 3011 4072 βλέπει,
3059 4000 3187 4072 πρὶν
3226 3996 3295 4054 ἂν
3341 3995 3626 4063 διαλύσηται
3658 3986 3703 4039 τὸ

509 4086 654 4141 velut
681 4100 756 4140 aes
803 4086 1039 4140 alienum
1082 4085 1410 4140 dissolverit.
1447 4086 1581 4139 Haec
1630 4086 1753 4139 dico
1781 4100 1888 4140 non
1924 4102 2053 4156 quas

2186 4096 2361 4167 χρέος.
2415 4094 2600 4147 Ταῦτα
2648 4095 2705 4148 δέ
2756 4110 2932 4165 φημι,
2983 4092 3044 4146 οὐ
3090 4091 3215 4155 τοὺς
3260 4091 3428 4152 ὅντως
3470 4083 3700 4153 δεομένους

508 4178 679 4248 legem
702 4185 969 4240 statuens,
1001 4186 1059 4230 ut
1086 4177 1177 4246 qui
1222 4177 1487 4245 indigent,
1517 4176 1655 4231 nihil
1682 4178 1956 4245 postulent
1984 4179 2050 4233 be

2192 4189 2265 4258 μὴ
2301 4189 2470 4241 αἰτεῖν
2502 4187 2661 4258 χάριν
2696 4184 3023 4257 νομοθετῶν,
3064 4182 3185 4236 οὐδὲ
3227 4175 3587 4249 συμϐουλεύων

396 4280 397 4283 ‘
508 4268 930 4339 nellcii;neque
971 4278 1028 4322 ut
1062 4267 1296 4323 suadens
1364 4278 1553 4322 exorta
1609 4269 1722 4338 jam
1762 4279 2053 4339 tempestati

2188 4255 2601 4350 ιιεὶμαξομένὸιξ
2632 4277 2708 4348 μὴ
2739 4255 3106 4345 καταφεύγειν
3130 4273 3208 4335 εἰς
3234 4270 3433 4341 λιμένα
3452 4283 3464 4297 ·
3490 4264 3588 4320 ἀλλ’
3612 4255 3702 4311 οὐδὲ

511 4359 567 4415 in
602 4369 816 4431 portum
864 4374 931 4414 ne
990 4360 1195 4427 intres;
1229 4374 1404 4429 neque
1434 4374 1528 4415 eos
1582 4360 1673 4430 qui
1700 4375 1805 4414 non
1840 4375 2048 4428 possunt

2184 4343 2312 4430 ⁸ἶοῖίς
2361 4343 2505 4438 ἔργῳ
2551 4343 2645 4438 μὴ⁷
2671 4343 3000 4434 δυναμένους
3045 4360 3384 4433 ἀμείψασθαι
3417 4352 3697 4422 αἰτιώμενοςο

512 4452 813 4523 rependere
833 4466 1131 4515 accusans;
1166 4451 1343 4506 absit!
1379 4466 1443 4507 ac
1470 4466 1646 4521 neque
1674 4466 1769 4506 eos
1793 4452 1883 4522 qui
1916 4466 2053 4520 operi

2191 4461 2433 4528 Ἀπαγε·
2466 4437 2585 4513 ωδε
2618 4437 2733 4529 ίμὴν
2765 4457 2892 4521 τοὺς
2942 4456 3089 4529 ἔργῳ
3129 4453 3204 4526 μὴ
3250 4452 3591 4523 δυναμένους·
3625 4437 3702 4529 κ⁵ἶ²

514 4560 620 4607 non
653 4554 877 4612 queant,
903 4544 1092 4597 saltent
1122 4542 1286 4597 verbo
1307 4542 1537 4612 gratiam
1586 4542 1827 4612 proﬁteri
1858 4556 2053 4608 cogens

2192 4554 2335 4625 λόγῳ
2357 4527 2457 4616 τὰς
2498 4527 2723 4624 χάριτα-ς
2751 4527 3035 4621 ὁμολογεῖν
3072 4546 3412 4625 ἀναγκάζειν.
3440 4542 3498 4596 Εἰ
3519 4536 3610 4625 τὰρ
3632 4527 3700 4625 xii

516 4635 574 4691 Si
628 4650 755 4689 vero
810 4636 972 4688 etiam
1028 4632 1287 4688 beneﬁcia
1335 4634 1551 4687 dantem
1617 4644 1796 4687 tacere
1847 4644 2053 4701 oportet

2193 4606 2415 4713 XP;l.TbV
2437 4606 2553 4713 ’μίν
2574 4606 3027 4713 ⁵εὐεργετήσαντα
3055 4606 3497 4692 ὲπιλάνθάᾮεσθαι
3515 4668 3528 4692 ,
3560 4616 3699 4713 τὸν-δὲ

517 4730 868 4797 accipientem
889 4735 1034 4782 certe
1057 4726 1211 4780 decet
1240 4726 1487 4781 beneﬁcii
1520 4726 1851 4780 meminisse.
1882 4725 2053 4777 Veron

2193 4709 2619 4803 ε’ύεργετηθέντα
2642 4709 2950 4801 μεμνῆσθαι
2971 4729 3070 4797 τῆς
3094 4729 3331 4799 χάριτοςο
3368 4720 3497 4777 Ἀλλ’
3513 4719 3563 4771 οὐ
3582 4709 3699 4803 “ita

520 4830 628 4878 ttbn
656 4822 707 4875 id
745 4834 888 4875 nunc
919 4820 1117 4888 agitur,
1146 4819 1312 4890 660
1332 4820 1425 4874 sed
1458 4819 1578 4874 illos
1626 4833 1826 4873 accuso
1885 4820 2052 4873 nulliu

2194 4820 2310 4873 νυνὶ
2354 4822 2557 4889 φράσαι
2588 4821 2878 4891 βούλομαι·
2914 4820 3010 4877 ἀλλ
3074 4820 3313 4883 ἐκείνους
3348 4813 3585 4882 αἰτιῶμαι
3607 4802 3699 4861 τοὺς

1621 4948 1868 5029 ’νΑιιιΑε
1906 4972 2285 5029 LECTIONES
2328 4974 2414 5027 ET
2455 4972 2686 5031 Noras.

601 5130 942 5208 (99)__Grat_ius
969 5133 1135 5208 nudos
1157 5175 1174 5200 ,
1206 5141 1265 5208 ut_
1296 5131 1521 5208 dicitur;
1548 5130 1893 5185 Proverbiutn
1929 5146 2092 5208 expo:
2156 5158 2167 5170 -
2197 5133 2271 5208 De
2302 5131 2581 5208 beneﬁciis,
2613 5147 2733 5208 cap.
2775 5134 2828 5195 3,
2854 5141 2909 5186 et
2947 5147 3088 5208 sarpe
3116 5130 3497 5208 Plutarch.,.ut

525 5195 660 5259 nunt
689 5195 999 5266 'Zenobius,
1030 5195 1427 5271 'Diogenianus.
1488 5202 1909 5271 Socratesvero
1954 5195 2092 5267 apud
2194 5204 2329 5263 tico,
2380 5195 2435 5253 ct
2477 5195 2712 5268 Ριιὲηεὶῄὶ
2750 5218 2871 5255 cum
2914 5195 3221 5271 philosopho
3271 5198 3533 5269 agendum,
3573 5195 3695 5241 "Im"

488 5276 821 5335 ‘Stbbazutn,
865 5286 984 5326 cum
1031 5270 1316 5337 quemdam
1376 5270 1583 5324 videret
1626 5270 1823 5337 passim
1876 5280 1928 5324 et
1976 5273 2095 5323 sine
2194 5272 2498 5326 Gratiarum
2530 5282 2776 5324 recenset
2805 5272 3044 5325 nomina.
3076 5270 3316 5325 Scnorr.

526 5326 731 5410 delectu
770 5326 1030 5396 beneﬁcia
1049 5326 1363 5410 largientetn
1391 5355 1404 5391 :
1433 5326 1663 5410 Κακῶξ,
1698 5334 1926 5410 ρεἰπεν,
1960 5341 2053 5392 ἀπι

2264 5342 2340 5407 (ί)
2373 5340 2769 5410 Παραινέσαντι
2813 5341 2972 5394 codd.
3016 5338 3136 5393 Vat.
3173 5340 3278 5394 650
3317 5346 3369 5393 et
3401 5334 3500 5387 Alt.
3537 5326 3693 5382 mutant

526 5409 665 5491 λοιος
724 5414 804 5465 ὃτι
855 5411 957 5491 τὰς
1015 5407 1272 5491 ﬁdet-tog:
1307 5407 1842 5491 παρλθένουςηοῦσας,
1884 5410 2094 5489 ,πόρνας
2194 5412 2247 5464 in
2274 5407 2702 5491 Egpgtvécavm.
2738 5409 2947 5491 Possm.

530 5482 811 5551 ἐποίησας.
844 5480 987 5551 Male
1005 5473 1224 5551 sit__tibi,_
1262 5473 1454 5551 inquit,
1479 5480 1569 5551 qui
1606 5476 1825 5551 Gratias
1848 5473 2053 5551 virginei

2268 5473 2482 5549 (ἳγΡΐο
2512 5480 2733 5549 χάριτος
2769 5480 2908 5533 idem
2951 5480 3148 5534 habent
3190 5480 3426 5549 χάριτας.
3456 5473 3505 5525 lu

532 5547 702 5605 scorta
739 5551 929 5618 fecisti.
958 5547 1033 5603 De
1058 5549 1258 5603 Gratiis
1276 5550 1449 5603 tribus
1480 5550 1683 5603 Seneca
1712 5547 1909 5601 Philus.
1939 5549 2027 5601 lib.
2055 5564 2089 5600 ι.
