3974 6144
389 253 529 319 1529

1242 254 1773 318 EPISTOLARUM
1808 250 1954 315 LIB.
1993 252 2148 315 V.-
2180 250 2416 313 EPIST.
2473 251 2867 315 CCCXXXVI.

3494 229 3633 313 1530

391 364 619 443 μῗηδενὺς
666 371 764 442 μὲν
799 371 1106 443 δεομένους,
1149 372 1236 427 διὰ
1278 374 1337 427 δὲ
1388 372 1826 449 φιλοχρηματίαν
1868 371 1955 425 ἀεὶ
1986 375 2013 430 Α

2082 370 2274 441 [uident
2318 367 2548 437 indigns.
2583 366 2761 432 Quare
2784 364 3020 421 habendi
3046 365 3343 437 cupiditate
3378 368 3630 437 accipere

392 462 493 533 μὲν
521 461 813 533 λαμϐάνειν
845 463 1242 529 σπουδάζοντας
1264 506 1278 529 ,
1325 462 1594 535 παρέχειν
1630 463 1687 517 δὲ
1733 463 1795 517 οὐ
1826 462 1955 533 βου-

388 552 666 622 λομένους.
709 552 847 615 Τοὺς
879 553 978 623 μὲν
1020 554 1129 625 γὰρ
1161 556 1217 607 έν
1246 553 1403 625 χρείᾳ
1430 554 1829 624 τυγχάνοντας,
1857 554 1958 606 οὐκ

389 642 590 697 ἄτοπον
634 643 793 714 χάριν
825 645 1016 709 αἰτεῖν,
1049 644 1175 709 τούς
1213 662 1274 699 τε
1322 644 1583 715 παρέχειν
1626 643 1958 714 δυναμένους

391 733 584 795 αἰτεῖν,
619 732 985 787 ἀτοπώτατονι
1035 735 1125 797 Δὶς
1157 734 1232 804 (5)
1286 732 1395 804 γὰρ
1433 733 1806 805 ἁμαρτάνουσι
1858 734 1960 802 μέ-

391 842 555 895 γιστα
573 864 589 889 ,
622 824 680 879 ἓν
706 825 824 896 μὲν,
854 825 1010 880 αὐτοὶ
1036 826 1124 881 διά
1146 825 1310 879 πόθον
1335 825 1632 898 ἀκόρεστον
1658 823 1957 888 αἰτοῦντες·

391 915 578 986 ἓτερον
618 915 676 970 δὲ
699 955 715 981 ,
765 916 859 969 καὶ
906 919 1017 980 τοῖς
1055 916 1224 981 ὅντως
1263 916 1537 987 δεομένοις
1580 915 1963 981 ἀποκλείοντες

393 1006 520 1067 τοὺς
562 1004 661 1075 τῆς
708 1004 1116 1076 φιλανθρωπίας
1155 1005 1408 1076 λιμένας·
1464 1004 1813 1061 ἀναλίσκουσι
1852 1004 1964 1076 γὰρ

396 1094 583 1161 κακῶς
613 1094 683 1151 τὰ
706 1094 886 1159 καλῶς
913 1094 1131 1165 δοθῆναι
1156 1095 1459 1165 ὀφείλοντα.

693 1266 859 1321 ΤΛΓθ.
874 1298 944 1307 —-
968 1269 1309 1339 ΠΑΛΛΔΔΙῼ
1346 1270 1668 1342 ΔΙΑΚΟΝῼ.

2061 477 2278 533 semper
2304 461 2631 517 beneﬁcium
2687 468 2961 531 satagunt,
2991 460 3123 516 dare
3176 470 3355 516 autem
3418 461 3627 516 nolunt.

2062 553 2164 620 Qui
2221 567 2350 608 vero
2391 553 2570 622 inopia
2625 551 2895 618 laborant,
2922 552 3180 609 beneﬁcia
3216 553 3493 622 postulare
3519 568 3628 607 non

2062 643 2358 699 absurdum
2390 651 2494 699 est.
2522 646 2591 698 At
2619 642 2710 712 qui
2745 643 2875 698 dare
2917 643 3040 699 aliis
3082 654 3309 714 possunt
3356 643 3633 713 postulare

2062 736 2131 791 ab
2163 734 2308 802 aliis,
2340 733 2393 789 id
2422 732 2895 789 absurdissimum.
2928 734 3018 791 Bis
3065 734 3208 790 enim
3255 744 3485 802 peccant
3508 748 3633 805 gra-

2062 826 2314 892 vissime,
2351 825 2521 883 semel
2546 824 2766 896 quidem
2819 826 3097 896 exigentes
3132 826 3456 881 beneﬁcium
3488 826 3634 879 insa-

2068 916 2238 971 tiabili
2267 915 2588 986 cupiditate,
2619 915 2817 972 deinde
2845 916 2971 987 quia
3018 931 3208 972 revera
3263 916 3630 986 indigentibus

2068 1004 2424 1061 humanitatis
2451 1004 2712 1060 claudunt
2733 1020 2799 1062 ac
2826 1004 3195 1060 beneﬁcentiae
3246 1015 3479 1075 portum.
3501 1003 3638 1060 Male

2067 1096 2210 1151 enim
2269 1106 2595 1153 consumunt
2652 1110 2771 1167 quae
2825 1098 3053 1153 honeste
3097 1098 3228 1153 dare
3281 1097 3408 1152 aliis
3470 1112 3638 1167 opor-

2070 1187 2239 1243 iebat.

2264 1277 2635 1335 CCCXXXlll.
2655 1312 2726 1322 —
2741 1280 3081 1337 PALLADIO
3124 1279 3442 1337 DIACONO.

808 1357 877 1411 In
908 1358 1167 1428 beneﬁciis
1190 1358 1381 1413 dandis
1415 1359 1685 1414 laudanda
1709 1372 1783 1416 est
1811 1362 2054 1420 voluntas
2076 1384 2096 1422 :
2119 1370 2416 1441 expanimo,
2447 1388 2552 1425 non
2582 1388 2649 1428 ex
2673 1382 2854 1427 eventu
2875 1372 3248 1443 judicandum.

470 1464 610 1526 Τοὺς
638 1464 930 1535 εὐεργέτας
951 1466 1012 1519 οὐ
1044 1466 1203 1535 μόνον
1225 1468 1317 1536 ἀφ’
1349 1463 1424 1522 ὧν
1450 1468 1816 1539 ἠδυνήθησαν,
1838 1468 1974 1523 ἀλλὰ

402 1555 496 1609 καὶ
544 1556 637 1626 ἀφ’
670 1548 745 1611 ὧν
778 1557 1156 1628 ἠϐουλήθησαν
1206 1559 1328 1629 μὲν,
1375 1560 1476 1614 οὑκ
1503 1560 1849 1632 ἠδυνήθησαν
1874 1560 1931 1615 δὲ
1954 1598 1970 1625 ,

2152 1477 2223 1535 Ut
2252 1480 2478 1536 beneﬁci
2508 1497 2612 1536 non
2667 1483 2825 1537 modo
2868 1482 3122 1539 laudandi
3176 1492 3302 1538 sunt
3342 1483 3394 1537 in
3429 1482 3495 1537 iis
3520 1499 3640 1554 qua!

2077 1583 2184 1624 non
2208 1578 2498 1638 potuerunt
2521 1572 2673 1641 dare,
2705 1575 2797 1628 sed
2828 1574 2994 1628 etiam
3026 1575 3080 1628 in
3105 1574 3175 1629 iis
3204 1590 3324 1644 quae
3350 1575 3639 1629 voluerunt

399 1648 754 1736 ἀνυμνείσθαι
783 1650 888 1721 χρὴ
914 1690 929 1715 ,
976 1652 1070 1706 κα).
1102 1652 1299 1705 ειδέναι
1340 1652 1436 1722 μὲν
1469 1654 1653 1715 αὐτοῖς
1684 1653 1846 1725 χάριν
1873 1653 1965 1722 ἀφ’
2000 1666 2013 1723 ]

2082 1662 2277 1731 largiri,
2314 1678 2416 1718 nec
2437 1671 2753 1733 potuerunt,
2789 1665 3142 1735 habendaque
3167 1667 3234 1721 iis
3263 1667 3437 1736 gratia
3485 1666 3551 1721 de
3576 1665 3644 1719 iis

400 1732 474 1791 ὧν
496 1739 787 1809 ἠθέλησαν,
817 1742 878 1795 τὸ
918 1743 992 1812 μή
1025 1743 1342 1815 δεδυνῆσθαι
1367 1744 1422 1797 δὲ
1458 1745 1531 1815 μὴ
1561 1745 1860 1799 αἰτιᾶσθαι.
1908 1746 1970 1800 '0

402 1830 509 1899 γὰρ
533 1830 608 1901 μὴ
633 1830 741 1885 ἀπὺ
762 1835 859 1903 τῆς
878 1834 1272 1904 προαιρέσεως,
1304 1835 1417 1889 ἀλλ’
1435 1837 1542 1890 ἀπὸ
1567 1838 1665 1905 τῆς
1689 1838 1972 1903 ἐκϐάσεως

401 1922 471 1976 τὰ
519 1922 821 1992 πράγματα
866 1927 1089 1996 κρίνων,
1139 1927 1462 1991 ἀπαίδευτός
1510 1930 1669 1992 ἐστι,
1723 1930 1817 1984 καὶ
1863 1931 1974 1984 τῶν

404 2013 738 2084 πραγμάτων
766 2016 829 2069 οὐ
857 2016 1117 2085 γινώσκει
1149 2019 1247 2088 τὴν
1292 2019 1476 2087 φύσιν,
1520 2019 1619 2090 τήν
1659 2022 1721 2073 οὐ
1755 2020 1975 2087 πάντως

404 2104 470 2169 τῇ
504 2100 751 2173 βουλήσει
783 2104 1077 2175 ἑπομένην,
1118 2106 1233 2160 ἀλλ’
1278 2106 1391 2160 ἐσθ’
1423 2108 1512 2161 ὅτε
1559 2107 1656 2162 καὶ
1702 2110 1974 2162 ἐναντιου-

411 2194 601 2263 μένην.

537 2302 697 2357 TAA'.
729 2333 800 2344 —-
834 2303 1341 2361 ΔΓΑΘΟΔΑΙΜΟΝΙ
1371 2308 1846 2381 ΓΡΑΜΜΑΤΙΚῼ.

2072 1771 2191 1825 quae
2222 1766 2348 1811 sunt
2376 1758 2553 1812 conati
2589 1775 2602 1812 :
2630 1759 2772 1827 quod
2804 1774 2936 1814 vero
2972 1773 3081 1813 non
3120 1758 3394 1827 potuerint
3418 1757 3641 1811 minime

2073 1847 2323 1917 culpandi
2348 1856 2496 1903 sunt.
2537 1847 2630 1903 Est
2659 1850 2804 1904 enim
2852 1849 3090 1904 hominis
3117 1848 3349 1919 imperiti
3379 1847 3446 1902 ab
3474 1861 3640 1903 even-

2074 1945 2155 2004 tu,
2187 1951 2294 1991 non
2351 1951 2381 1991 a
2430 1938 2660 1993 consilio
2725 1955 2812 1995 res
2850 1939 3117 2008 judicare,
3167 1954 3230 1994 ac
3276 1954 3344 1994 ne
3394 1948 3643 1993 naturam

2073 2026 2289 2096 quidem
2313 2029 2653 2098 negotiorum
2687 2030 2859 2094 novit,
2892 2045 3012 2101 qua:
3034 2030 3102 2083 ad
3151 2028 3480 2083 voluntatem
3541 2041 3646 2081 non

2074 2119 2298 2175 omnino
2325 2118 2537 2177 ﬂuunt:
2568 2120 2675 2176 imo
2703 2135 2843 2191 saepe
2869 2132 3059 2176 contra
3096 2121 3317 2179 cadunt.

2083 2317 2454 2375 CCCXXXIY.
2474 2348 2545 2358 —
2559 2314 3132 2374 AGATHODIEMONI
3163 2313 3651 2371 GBAMMATICO.

756 2394 934 2451 Tarda
958 2399 1119 2454 etiam
1145 2399 1354 2469 ingenia
1380 2401 1627 2456 discendo
1656 2418 1953 2471 processum
1988 2407 2211 2477 faciunt.
2242 2409 2366 2465 Non
2407 2427 2471 2465 ea:
2493 2411 2677 2480 quovis
2700 2411 2841 2481 ligno
2863 2411 2923 2479 ﬁt
2963 2409 3286 2465 Mercurius.

595 2503 870 2567 παίδευσις
914 2506 1006 2560 τὸν
1035 2506 1134 2576 μὲν
1174 2507 1320 2573 ὀξὺν,
1362 2509 1529 2579 ἀκρον
1570 2513 1749 2564 ποιεῖ·
1781 2513 1872 2568 τὸν
1913 2514 1972 2569 δὲ

2148 2518 2377 2574 Acutum
2402 2519 2619 2589 quidem
2658 2519 2930 2591 ingenium
2980 2519 3248 2575 institutio
3278 2533 3345 2574 ac
3372 2516 3653 2587 disciplina

411 2590 612 2661 βραδὺν
663 2593 921 2664 ἀμείνονά
965 2612 1080 2659 πως
1128 2597 1323 2650 ἑαυτοῦ
1374 2598 1716 2669 καθίστησιν.
1767 2602 1978 2673 Ὠσπερ

2082 2612 2348 2679 provehit,
2382 2614 2594 2667 tardum
2649 2590 2775 2668 vero
2800 2613 2980 2683 seipso
3006 2613 3182 2669 reddit
3216 2611 3516 2665 meliorem.
3550 2609 3650 2665 Ut-

409 2685 517 2755 γὰρ
541 2684 602 2736 οὐ
644 2686 842 2749 πάντες
870 2686 920 2740 οἱ
950 2688 1009 2740 ὲν
1036 2687 1423 2757 παιδοτριϐίοις
1454 2688 1530 2761 (4)
1576 2692 1981 2760 γυμνασθέντες

2082 2716 2185 2770 que
2216 2717 2320 2756 non
2350 2716 2538 2756 omnes
2562 2703 2652 2769 qui
2680 2704 2732 2757 in
2771 2702 3069 2773 gymnasiis
3095 2709 3442 2763 exercentur,
3470 2699 3650 2753 athle-

411 2774 643 2846 ἀθληταὶ
695 2776 1114 2844 ἀποτελοῦνται,
1166 2778 1338 2843 οὕτως
1384 2781 1504 2833 οὐδὲ
1566 2782 1765 2845 πάντες
1814 2786 1863 2837 οί
1925 2786 1982 2837 έν

2087 2799 2152 2843 tae
2186 2789 2418 2844 absoluti
2448 2790 2620 2855 ﬁunt;
2668 2791 2742 2845 ita
2778 2805 2877 2846 nec
2910 2804 3101 2845 omnes
3153 2788 3367 2844 scholas
3397 2787 3656 2856 frequen-

414 2867 685 2937 μουσείοις
731 2871 1084 2939 φοιτήσαντες
1131 2873 1387 2942 ρήτορες’
1432 2874 1554 2934 ταῖς
1582 2871 1691 2943 γὰρ
1733 2873 1981 2942 εὐφυΐαις

2085 2885 2262 2933 tantes
2290 2887 2535 2933 oratores
2557 2879 2816 2933 evadunt.
2842 2879 3070 2949 Optimae
3091 2888 3297 2933 natura;
3315 2892 3379 2933 ac
3409 2877 3657 2931 facultati

411 2960 508 3013 καὶ
530 2963 648 3023 ταῖς
675 2961 962 3032 δυνάμεσιν
992 2965 1048 3015 αἱ
1075 2963 1295 3032 μελέται
1325 2962 1754 3033 προσομιλοῦσαι
1783 2964 1986 3034 ἄκρους

2085 2966 2271 3035 juncta
2328 2967 2508 3022 studia
2557 2983 2800 3024 summos
2846 2968 3153 3036 perﬁciunt.
3187 2969 3245 3023 Si
3302 2982 3432 3022 vero
3486 2980 3662 3035 neque

413 3053 789 3108 ἀποτελοῦσιν.
823 3055 883 3108 El
907 3055 963 3107 δὲ
994 3056 1132 3125 μήτε
1157 3054 1349 3124 ἀλκὴν,
1389 3056 1524 3124 μήτε
1556 3053 1786 3120 εὐφυΐαν
1813 3053 1987 3124 εὕρω-

413 3164 518 3207 σιν.
554 3147 782 3200 ἀσκοῦσι
808 3147 908 3216 μὲν
929 3147 1036 3199 τῶν
1067 3146 1165 3215 μὲν
1192 3146 1291 3209 τὰς
1319 3146 1496 3215 ψυχὰς
1521 3186 1537 3210 ,
1562 3144 1673 3197 τῶν
1694 3144 1750 3197 δὲ
1780 3145 1847 3199 τὰ
1881 3145 1989 3198 σώ-

415 3258 582 3305 ματα,
614 3242 677 3294 οὺ
715 3243 821 3310 μὴν
858 3240 1135 3307 ἀοιδίμους
1160 3239 1359 3303 αὐτοὺς
1390 3238 1840 3308 δημιουργοῦσιν.

715 3332 885 3384 Ἰ“ΛΕ’.
918 3360 989 3370 —
1028 3330 1286 3401 ΙΣΙΔΩΡῼ
1319 3330 1684 3402 ΕΠΙΣΚΟΠῼ.

2092 3057 2276 3122 robur,
2308 3072 2485 3128 neque
2515 3069 2723 3114 naturae
2775 3060 3129 3130 aptitudinem
3183 3060 3660 3123 inveniant,exer-

2087 3159 2212 3204 cent
2267 3151 2485 3219 quidem
2546 3152 2757 3205 animos
2836 3153 3228 3220 quorumdam,
3283 3149 3511 3203 aliorum
3564 3162 3658 3203 ve-

2088 3256 2149 3297 ro
2176 3254 2392 3310 corpus.
2427 3242 2670 3296 celebres
2702 3250 2879 3295 tamen
2914 3242 3062 3308 ipsos
3084 3254 3187 3292 non
3218 3239 3466 3292 reddunt.

2296 3330 2646 3387 CCCXXXV.
2671 3362 2740 3372 —
2761 3329 3035 3387 151001ὶο
3092 3327 3447 3383 EPISCOPO.

667 3445 686 3476 ι
730 3425 910 3480 Estote
936 3426 1175 3495 perfecti,
1207 3427 1346 3479 sicut
1392 3424 1561 3479 Pater
1600 3435 1765 3479 vester
1809 3425 2051 3479 caelestis.
2085 3442 2104 3477 ι
2143 3424 2357 3495 (Matth.
2382 3441 2436 3491 v,
2466 3425 2581 3495 48.)
2625 3423 2953 3480 Imitationis
2985 3423 3147 3487 ratio,
3174 3422 3417 3491 inferior.

500 3521 714 3591 Ἐπειδὴ
741 3521 966 3584 εἰκότως
992 3521 1227 3599 νομίζων
1249 3521 1349 3591 τὴν
1383 3520 1531 3573 θείαν
1559 3520 1762 3591 ἀρετὴν
1796 3520 1989 3589 ἀνέφι-

418 3631 543 3667 κτον
588 3614 683 3666 καὶ
741 3614 1038 3684 ἀμίμητον,
1088 3613 1372 3685 γέγραφας
1424 3612 1742 3683 θαυμάζων,
1796 3612 1911 3676 πῶς
1962 3615 1992 3667 ό

419 3705 609 3774 Σωτὴρ
652 3707 745 3758 καὶ
770 3706 861 3757 τὸν
903 3703 1121 3775 Πατέρα
1154 3706 1248 3758 καὶ
1291 3706 1479 3760 ἑαυτὸν
1510 3705 1795 3777 μιμεῖσθαι
1841 3707 1991 3776 ἡμᾶς

423 3795 876 3864 παρακελεύεται.
905 3797 1073 3864 Φημὶ,
1101 3796 1181 3849 ὅτι
1211 3796 1435 3858 είκότως
1461 3798 1530 3849 τὰ
1555 3798 1856 3867 πράγματα
1884 3796 1990 3849 ἀπὸ

424 3888 532 3939 τῶν
566 3887 823 3955 μειζόνων
863 3888 1129 3957 λαμϐάνει
1172 3888 1241 3941 τὰ
1270 3888 1686 3956 παραδείγματα
1710 3929 1723 3953 ,
1770 3889 1856 3940 ἵνα
1889 3887 1990 3941 κᾶν

425 3977 518 4031 τοῦ
547 3977 822 4042 ἐλάττονος
853 3980 1198 4050 ὲφικοίμεθα.
1235 3981 1298 4033 Εἰ
1344 3981 1453 4051 γάρ
1498 3979 1593 4032 καὶ
1639 3980 1912 4049 ἀμίμητος
1957 3980 1991 4048 ἡ

426 4069 730 4140 Δεσποτικὴ
779 4071 948 4142 ἀρετὴ
976 4112 992 4137 ,
1037 4072 1153 4125 ἀλλ’
1192 4067 1285 4126 οὖν
1327 4089 1390 4140 γε
1430 4072 1556 4125 ὅταν
1588 4072 1729 4124 κατά
1767 4070 1994 4140 δύναμιν

429 4157 708 4226 μιμεῖσθαι
747 4160 917 4229 αὐτὴν
970 4160 1379 4232 σπουδάζωμεν,
1420 4161 1518 4230 τῆς
1558 4162 1846 4231 μιμήσεως
1893 4151 2012 4213 οὐκ¹

2164 3518 2299 3574 Cum
2334 3520 2897 3589 incomprehensibilis
2924 3519 2995 3573 sit
3051 3518 3208 3583 Deus,
3235 3526 3394 3587 atque
3421 3517 3662 3571 inimita—

2094 3610 2240 3674 bilis,
2278 3611 2532 3665 admirari
2577 3620 2629 3665 te
2673 3611 2891 3675 scribis,
2917 3624 3017 3664 cur
3071 3609 3322 3663 Salvator
3364 3616 3419 3664 et
3448 3607 3662 3661 Patrem

2096 3702 2394 3763 cmlestem,
2429 3711 2485 3754 et
2520 3708 2640 3755 sese
2671 3702 2737 3754 ad
2768 3700 3088 3755 imitandum
3112 3698 3471 3769 proposuerit.
3500 3696 3662 3765 Equi-

2097 3794 2217 3847 dem
2288 3793 2589 3862 respondeo
2646 3806 2733 3846 res
2813 3791 2937 3860 jure
3007 3790 3212 3858 optimo
3266 3804 3297 3841 a
3369 3786 3666 3855 majoribus

2095 3882 2338 3951 exempla
2381 3896 2597 3950 capere,
2652 3888 2711 3934 ut
2762 3880 2952 3933 saltem
3009 3879 3186 3932 minus
3249 3888 3661 3943 consequantur.

2097 3972 2355 4038 Quamvis
2405 3970 2552 4025 enim
2604 3968 2942 4025 inimitabilis
2994 3967 3087 4021 Dei
3150 3965 3324 4021 virtus
3380 3973 3483 4029 est,
3518 3964 3664 4017 illam

2098 4073 2392 4134 tamenpro
2450 4062 2594 4118 virili
2656 4061 2864 4116 imitari
2928 4068 3210 4125 conantes,
3241 4059 3310 4111 ab
3344 4056 3669 4115 imitatione

2095 4171 2203 4210 non
2232 4155 2599 4209 discedemus.
2636 4152 2709 4208 Ut
2760 4151 2851 4221 qui
2908 4149 3151 4205 scribere
3194 4158 3390 4217 pueros
3446 4144 3665 4207 docent,

428 4249 960 4321 ἁπολειφθησόμεθα.
1040 4229 1270 4323 Ὥσπερῂ
1299 4254 1408 4325 γὰρ
1472 4229 1521 4306 οἱ
1561 4229 1994 4323 γραμματισταὶ

2101 4255 2316 4315 arrepto
2345 4246 2485 4315 stylo
2512 4246 2698 4314 pueris
2722 4258 2887 4314 quam
2935 4239 3377 4311 elegantissimos
3422 4236 3669 4306 praescri-

428 4340 793 4410 λαμϐάνοντες
825 4341 925 4413 τήν
962 4322 1240 4413 γραφίδα,
1269 4322 1386 4406 τοῖς*
1408 4344 1565 4395 παισὶ
1615 4322 1754 4413 μετά
1797 4341 1992 4396 πολλοῦ

2097 4336 2232 4391 bunt
2271 4338 2639 4397 characteres,
2670 4333 2770 4386 etsi
2800 4329 3091 4385 inferiores
3127 4327 3237 4381 sint
3287 4326 3340 4380 in
3368 4322 3671 4378 imitatione

428 4432 520 4483 τοῦ
552 4431 781 4494 κάλλους
800 4409 1137 4503 τὰτστοιχεία
1164 4435 1486 4506 γράφουσιν,
1520 4409 1745 4487 ἴνα-κᾶν
1776 4433 1913 4503 πρὸς
1935 4434 1995 4486 τὸ

2101 4428 2267 4483 futuri
2301 4443 2316 4481 :
2352 4427 2425 4481 ita
2449 4432 2504 4481 et
2528 4424 2708 4479 divina
2738 4422 2911 4492 gratia
2960 4418 3184 4472 virtutis
3239 4414 3396 4471 nobis
3424 4409 3667 4476 exempla

432 4523 852 4593 καταδεέστερον
895 4500 1087 4578 ἔλθωσι
1124 4500 1225 4593 τῆς
1274 4500 1587 4596 μιμήσεως,
1632 4525 1775 4577 οὕτω
1821 4500 1915 4579 καὶ
1960 4529 1993 4597 ἡ

2102 4518 2400 4592 proposuit,
2428 4527 2487 4571 ut
2545 4528 2800 4587 tanquam
2857 4515 2999 4585 quod
3057 4518 3223 4581 queat
3285 4500 3669 4573 comprehendi

432 4613 548 4665 θεία
584 4615 742 4684 χάρις
772 4616 1143 4687 ὑποδείγματα
1171 4621 1299 4687 ἡμῖν
1332 4619 1532 4687 ἀρετῆς
1562 4616 1894 4686 προῦθηκεν,
1925 4616 1993 4669 ἵν’

2097 4613 2395 4667 imitemur.
2442 4610 2600 4679 661
2647 4606 2723 4662 Ne
2765 4606 2933 4677 igitur
2987 4604 3127 4675 quod
3176 4610 3389 4687 summa
3444 4604 3671 4687 quicque

433 4702 508 4765 ὡς
545 4684 1320 4779 ἐφικτὸνῼιμησῶμεθαί-Μὴ
1366 4684 1546 4761 τοίνυν
1590 4684 1652 4760 τὸ
1697 4684 1772 4777 μή
1816 4709 2001 4777 ἄκρως

2103 4703 2307 4758 imitari
2336 4718 2440 4756 non
2469 4703 2764 4770 possimus,
2796 4700 2849 4753 id
2886 4712 2983 4751 nos
3023 4698 3327 4750 absterreat
3349 4686 3416 4739 ab
3445 4684 3534 4779 iis,
3554 4696 3672 4779 qua:

434 4792 691 4847 δύνασθαι
735 4774 1053 4867 μιμεῖσθαι,
1096 4799 1191 4851 τοῦ
1236 4774 1583 4867 ἐνδεχομένου
1625 4774 1775 4867 ἡμᾶς
1802 4774 2000 4850 ἀποσο-

2106 4796 2361 4865 consequi
2386 4795 2647 4859 valemus,
2682 4792 2789 4845 imo
2820 4802 3072 4852 magnum
3116 4782 3247 4837 illud
3297 4777 3457 4833 nobis
3484 4774 3672 4827 videa-

436 4883 601 4936 ϐείτω
622 4925 636 4949 ,
667 4885 801 4939 ἀλλά
821 4886 980 4939 τοῦτο
1022 4889 1257 4957 μάλιστα
1289 4889 1427 4957 μέγα
1451 4891 1581 4959 ἡμῖν
1618 4888 1908 4957 φαινέσθω,
1943 4888 2004 4939 τὸ

2100 4900 2209 4952 tur,
2236 4889 2379 4957 quod
2408 4888 2555 4956 digni
2589 4886 2761 4940 simus
2788 4881 2977 4947 habiti,
3003 4879 3087 4933 vel
3111 4892 3175 4932 ex
3230 4882 3385 4943 parte
3434 4867 3671 4922 divinant

436 4973 701 5040 ἠξιῶσθαι
734 4976 976 5047 μερικῶς
1017 4978 1301 5046 μιμήσεως
1329 4976 1475 5039 θείας
1499 4980 1705 5040 είκόνος
1732 4977 1882 5039 έντὺς
1911 4992 2007 5044 γε-

2102 4979 2303 5034 imitari
2329 4980 2639 5048 imaginem.

439 5061 643 5117 νέσθαι.

886 5155 1067 5223 ΤΛςο.
1099 5185 1169 5197 -
1211 5155 1565 5227 ΓΕΝΝΑΔΙῼ.

2454 5153 2824 5213 CCCXXXVI.
2853 5182 2922 5194 ——
2952 5144 3325 5206 GENNADIO.

958 5256 983 5287 ο
1032 5249 1110 5303 De
1134 5248 1317 5320 gloria:
1351 5251 1657 5315 cupiditate,
1686 5249 1761 5303 vel
1794 5257 2110 5317 contemptu.
2148 5250 2307 5323 Vulgi
2325 5252 2590 5322 judicium
2621 5247 3076 5304 contemnendum.

511 5344 573 5396 Εἰ
614 5346 705 5398 καὶ
733 5343 1034 5415 παράδοξόν
1062 5361 1145 5400 σοι
1168 5342 1306 5400 εἶναι
1340 5346 1480 5412 δόξει
1505 5345 1565 5397 τὸ
1588 5346 2003 5416 λεχθησόμενον,

2182 5348 2293 5403 Etsi
2335 5347 2477 5417 quod
2522 5348 2697 5402 dicam
2745 5343 3055 5414 paradoxon
3088 5338 3182 5395 tibi
3225 5335 3399 5391 visum
3433 5332 3496 5386 iri
3545 5330 3677 5384 satis

1534 5451 1769 5507 VARI/l3
1804 5450 2186 5511 LECTIONES
2224 5453 2312 5510 ET
2353 5454 2581 5511 NOTIE.

520 5567 596 5632 (3)
627 5567 789 5619 Iidem
820 5567 900 5629 δὶς
934 5576 1144 5620 mutant
1178 5568 1228 5621 iu
1264 5566 1375 5621 δύο.
1403 5566 1611 5619 Possm.

520 5637 598 5704 (-i)
630 5638 732 5690 Pro
762 5635 1159 5707 _mt501:pv.6£0tc
1220 5637 1380 5691 iidem
1432 5636 1673 5690 scribunt
1732 5632 2098 5705 παιδοτρίϐου.
2130 5633 2207 5686 in.
