3974 6144
377 222 510 290 1531

1570 225 1627 286 S.
1664 225 1956 286 ISIDOBI
1994 224 2433 286 PELUSIOTA!

3420 164 3641 281 61532

373 335 510 401 scio,
532 331 816 391 dicendum
839 341 1037 389 tamen.
1055 333 1294 389 Gloriam
1313 330 1474 405 igitur
1497 335 1715 391 inanem
1737 351 1933 393 censeo
1960 344 1985 399 Α

2064 337 2148 389 ιλλ*
2187 339 2337 408 ὅμως
2361 335 2670 408 είρήσεταν
2702 334 2848 407 φημὶ
2888 333 2998 404 γάρ
3024 332 3107 386 δτι
3136 332 3170 401 ή
3202 329 3499 394 κενοδοξία
3530 331 3639 383 ἀπὸ

374 431 442 484 ab
479 427 659 482 animo
691 426 906 495 abjecto
950 426 1146 492 vilique
1200 424 1492 495 prolicisci.
1525 426 1946 497 Despicientiam

373 530 565 575 contra
618 519 899 586 laudisque
956 527 1327 585 contemptum
1391 532 1457 572 ex
1505 520 1948 589 magnanimitate

376 610 550 675 nasci,
605 608 687 665 vel
736 612 917 662 verius
960 622 989 661 a
1032 608 1238 664 caelesti
1288 618 1488 663 mente.
1541 609 1635 663 llla
1682 609 1948 675 siquidem

384 702 593 754 laudem
633 699 933 753 admiratur
962 698 1274 763 humanam,
1304 713 1426 768 qua:
1455 699 1623 753 instar
1650 699 1951 755 arescentis

384 798 467 843 est
496 787 636 843 feni:
664 786 778 840 haec
808 800 935 841 vero
960 800 1076 841 eam
1105 797 1407 841 aversatur.
1434 786 1526 842 Illa
1551 786 1770 842 maximi
1801 786 1953 841 ducit

386 880 724 933 aberrantem
781 876 1159 946 labentemque
1210 878 1354 948 vulgi
1413 878 1726 947 opinionem
1761 915 1777 939 ,
1827 876 1948 931 haec

381 980 568 1025 contra
603 969 734 1023 facit
782 969 1013 1023 minimi.
1048 968 1203 1035 Quod
1251 984 1374 1025 cum
1422 970 1498 1025 ita
1544 971 1636 1036 sit,
1673 969 1948 1025 sciscitari

378 1078 447 1116 ex
494 1071 547 1116 te
602 1061 755 1125 libet,
802 1059 933 1129 quid
980 1061 1220 1115 mstimas
1268 1060 1459 1129 vulgus
1516 1062 1767 1116 virtutem
1799 1059 1952 1114 nihili

382 1152 622 1216 ducens;
666 1150 805 1204 haud
856 1151 1014 1205 dubie
1070 1150 1221 1218 quasi
1278 1151 1477 1205 nullius
1525 1153 1681 1220 pretii
1731 1152 1839 1216 sit,
1890 1166 1957 1207 ac

381 1242 678 1312 negligens.
708 1240 779 1296 Ut
801 1240 944 1295 enim
976 1239 1169 1306 vulgus
1194 1241 1260 1295 de
1298 1242 1520 1306 virtute,
1560 1242 1638 1297 ita
1663 1252 1716 1296 et
1747 1243 1813 1297 de
1840 1242 1955 1313 ipso

380 1336 582 1389 sentire
627 1333 901 1402 sapientes
933 1347 1146 1401 tequum
1180 1333 1268 1387 sit.
1334 1333 1485 1402 Elige
1524 1334 1689 1403 igitur
1726 1352 1741 1387 :
1781 1333 1955 1388 haud-

379 1439 650 1494 quaquam
681 1439 710 1477 a
737 1424 876 1493 vulgi
912 1433 1064 1492 parte
1093 1434 1240 1478 stare
1262 1425 1390 1478 mihi
1427 1424 1646 1480 videris.
1677 1425 1957 1491 Quomodo

380 1516 544 1585 igitur
597 1530 701 1569 non
751 1515 1036 1568 admodum
1090 1514 1373 1580 miserum,
1422 1517 1529 1570 imo
1568 1527 1621 1571 et
1671 1516 1955 1571 ridiculum

383 1606 546 1660 fuerit
611 1606 805 1659 horum
872 1604 1071 1659 sectari
1128 1604 1440 1674 opinionem
1491 1621 1723 1675 quorum
1783 1606 1956 1661 nolles

382 1698 577 1752 similis
608 1696 835 1752 esse?si
870 1698 1072 1752 dixeris
1106 1697 1303 1753 multos
1330 1697 1384 1751 in
1413 1712 1521 1752 uno
1554 1698 1955 1753 consentientes
1988 1681 2028 1735 Β

384 1789 490 1843 [ide
528 1789 743 1857 dignam
803 1802 963 1857 posse
1015 1796 1256 1843 statuere
1306 1789 1635 1843 sententiam
1666 1828 1681 1853 ,
1718 1789 1951 1858 idipsum

380 1880 588 1935 dixeris
631 1880 697 1934 de
749 1879 816 1933 iis
853 1879 923 1933 ob
961 1894 1082 1948 qua:
1124 1894 1251 1934 vere
1301 1878 1632 1948 despiciendi
1678 1886 1823 1934 sunt.
1853 1878 1957 1945 Qui

384 1969 528 2022 enim
575 1983 639 2022 ex
682 1982 741 2023 se
786 1969 885 2039 ipsi
915 1968 1270 2037 despicabiles
1315 1977 1465 2033 sunt,
1501 1969 1671 2024 multo
1709 1971 1879 2040 magis
1905 1970 1959 2025 id

386 2061 529 2115 inter
583 2075 643 2116 se
700 2060 976 2116 commissi
1044 2062 1338 2132 patientur.
1402 2060 1747 2131 Singulorum
1812 2062 1958 2116 enim

385 2152 622 2206 amentia
686 2152 851 2207 simul
894 2153 1118 2208 collecta
1182 2151 1358 2221 major
1390 2151 1449 2207 lit
1511 2168 1538 2205 a
1613 2152 1960 2207 multitudine

385 2243 632 2296 adaucta.
702 2243 1047 2312 Quapropter
1092 2253 1148 2298 et
1196 2244 1507 2315 singulatim
1558 2244 1792 2313 quisque
1838 2258 1958 2298 cor-

387 2333 635 2401 rigatur,
694 2334 739 2387 si
800 2334 1019 2401 quando
1076 2333 1534 2401 deprehendatur.
1598 2332 1773 2388 Simul
1834 2347 1961 2389 vero

385 2423 708 2479 exsistentes
737 2423 937 2494 corrigi
994 2439 1105 2502 non
1129 2431 1379 2494 possunt,
1419 2439 1486 2480 eo
1525 2423 1670 2494 quod
1701 2424 1753 2477 in
1789 2423 1963 2491 majus

386 2515 678 2569 amentiam
732 2514 1068 2584 provehant,
1112 2523 1168 2568 et
1217 2515 1417 2570 mutuis
1465 2514 1793 2584 applaudant
1848 2513 1967 2583 opi-

388 2606 666 2662 ni0nibns.

797 2711 1192 2769 CCCXXXVII.
1224 2745 1292 2753 —
1323 2713 1557 2772 ElDEH.

2047 428 2223 499 ψυχῆς
2248 430 2511 499 ταπεινῆς
2540 429 2638 483 καὶ
2665 425 2919 490 εὐτελοῦς
2952 425 3231 489 τίκτεται,
3273 423 3313 492 ἠ
3370 422 3436 474 δὲ
3476 422 3643 491 ὑπερ·

2048 521 2179 590 οψία
2207 519 2318 573 τῶν
2345 519 2584 574 ἐπαίνων
2618 521 2713 573 καὶ
2738 520 2772 589 ή
2795 516 3202 586 καταφρόνησις
3245 514 3363 566 ἀπὸ
3398 513 3643 582 μεγαλο-

2051 612 2250 680 φυοῦς,
2282 611 2483 682 μᾶλλον
2513 611 2570 664 δὲ
2603 608 2941 681 ὑπερφυοῦς.
2980 608 3046 660 Ἦ
3070 606 3188 677 ίμὲν
3217 605 3330 677 γὰρ
3364 604 3644 674 θαυμάζει

2049 703 2142 756 τὸν
2176 703 2369 773 χόρτου
2399 703 2557 773 δίκην
2585 702 2990 772 μαραινόμενον
3019 699 3127 753 τῶν
3150 696 3473 768 ἀνθρώπων
3494 696 3647 749 ἐπαι-

2048 810 2161 858 νον,
2196 794 2231 864 ή
2258 793 2315 845 δὲ
2349 792 2773 862 ἀποστρέφεταιο
2797 794 2831 861 ή
2870 791 2968 862 μὲν
2996 788 3259 861 μεγίστην
3284 789 3520 857 ήγεῖται
3549 786 3647 857 τὴν

2053 884 2476 955 πεπλανημένην
2518 884 2614 937 καὶ
2653 883 3003 953 ὲσφαλμένην
3034 880 3144 934 τῶν
3173 878 3396 933 πολλῶν
3441 880 3645 948 ψῆφον,

2052 978 2086 1047 ή
2117 977 2176 1029 δὲ
2202 974 2613 1044 εὐτελεστάτην,
2646 976 2770 1028 Ὀτι
2790 975 2845 1027 δὲ
2863 974 3017 1027 ταῦθ’
3040 970 3214 1033 οὕτως
3236 969 3383 1040 ἔχει,
3422 969 3647 1042 ἔρεσθαι

2056 1076 2121 1121 σε
2145 1066 2425 1137 βούλομαι.
2467 1065 2535 1119 Τί
2579 1065 2821 1135 νομίζεις
2862 1066 2988 1128 τοὺς
3034 1063 3263 1125 πολλοὺς
3289 1102 3305 1124 ,
3344 1058 3435 1125 οἷς
3476 1061 3646 1125 οὐδεὶς

2056 1156 2189 1227 περὶ
2216 1155 2420 1227 ἀρετῆς
2458 1155 2654 1224 λόγος;
2690 1154 2913 1223 εὔδηλον
2941 1155 3023 1207 ὅτι
3059 1153 3349 1225 ῥᾳθύμους
3371 1192 3389 1217 ,
3422 1152 3519 1205 καὶ
3555 1151 3646 1204 οὒ-

2054 1245 2204 1308 δενὸς
2263 1244 2450 1311 ἀξίους
2501 1244 2683 1313 λόγου.
2747 1246 2927 1315 Ὅπερ
2974 1243 3084 1314 γὰρ
3141 1244 3302 1298 αὐτοὶ
3360 1242 3500 1313 περὶ
3550 1245 3644 1311 τῆς

2056 1337 2257 1407 ἀρετῆς
2322 1336 2693 1406 ψηφίζονται.
2747 1335 2906 1389 τοῦτο
2958 1336 3086 1397 τοὺς
3120 1335 3368 1403 ,σοφοὺς
3440 1333 3644 1387 δίκαιον

2058 1429 2126 1483 ἂν
2156 1428 2244 1499 εῐη
2272 1428 2401 1498 περὶ
2429 1428 2608 1483 αὐτῶν
2637 1426 3007 1499 ψηφίζεσθαι.
3054 1427 3240 1480 Ἐλοιο
3268 1427 3495 1480 τοίνυν·
3528 1425 3643 1479 κατ’

2058 1517 2301 1581 ἐκείνους
2344 1517 2597 1585 γενέσθαι
2652 1519 2753 1571 οὐκ
2791 1517 2857 1572 ἄν
2900 1533 2992 1587 μοι
3033 1517 3231 1579 δοκεῖς.
3271 1516 3408 1579 Πῶς
3451 1510 3549 1569 οὖν
3588 1514 3646 1569 οὔ

2059 1609 2255 1679 κομιδῇ
2284 1608 2549 1677 σχέτλιον,
2581 1608 2785 1679 μᾶλλον
2821 1607 2879 1661 δὲ
2915 1606 3145 1676 γελοῖον,
3171 1605 3275 1677 τήν
3307 1606 3527 1659 τούτων
3552 1604 3644 1673 θη-

2059 1702 2257 1773 ρᾶσθαι
2291 1700 2472 1766 δόξαν,
2521 1696 2596 1756 ὧν
2623 1700 2725 1754 οὐκ
2767 1700 2835 1754 ἀν
2872 1700 3015 1753 ἕλοιο
3042 1698 3301 1769 γενέσθαι
3343 1698 3637 1769 παραπλή-

2062 1811 2215 1859 σιος;
2245 1794 2382 1847 εἰδὲ
2419 1791 2616 1863 φαίης,
2658 1793 2741 1845 ὅτι
2785 1793 2833 1845 οί
2867 1791 3052 1845 πολλοὶ
3090 1790 3235 1844 κατά
3289 1790 3494 1845 ταυτὸν
3538 1806 3646 1841 συν-

2064 1885 2369 1954 εστηκότες
2405 1884 2723 1951 ἀξιόπιστον
2750 1884 2932 1954 ἔχουσι
2956 1883 3054 1953 τήν
3077 1883 3284 1953 ψῆφον·
3327 1881 3467 1936 αὐτὸ
3499 1878 3648 1934 τοῦτο

2063 1974 2257 2039 λέξεις,
2289 1973 2357 2027 δι’
2381 1972 2411 2026 ὃ
2448 1972 2904 2041 καταφρονεῖσθαι
2930 1971 3257 2041 ὀφείλουσιν.
3296 1972 3365 2024 Οἱ
3394 1969 3506 2040 γὰρ
3529 1966 3643 2020 καθ’

2062 2063 2291 2125 ἑαυτοὺς
2331 2061 2486 2125 ὄντες
2513 2061 3002 2131 εὐκαταφρόνητοι,
3040 2059 3223 2129 πολλῷ
3269 2058 3481 2129 μᾶλλον
3521 2072 3647 2123 συγ-

2062 2152 2420 2224 κροτηθέντες
2451 2151 2609 2204 τοῦτο
2637 2151 2933 2205 πείσονται.
2977 2151 3043 2204 Ἦ
3078 2149 3189 2218 γὰρ
3228 2149 3469 2202 ἑκάστου
3498 2148 3644 2202 ἀνοία

2059 2240 2197 2311 ὁμοῦ
2226 2240 2575 2309 συναχθεῖσα,
2605 2238 2805 2308 μείζων
2832 2237 2939 2292 ὑπὸ
2963 2237 3057 2291 τοῦ
3088 2234 3335 2306 πλήθους
3359 2232 3645 2302 αὐξηθεῖσα

2060 2331 2290 2399 γίνεται.
2320 2330 2413 2383 Διὸ
2441 2330 2536 2384 καλ⁵
2560 2329 2682 2384 καθ’
2708 2330 2803 2383 ἕνα
2837 2330 2935 2400 μὲν
2964 2331 3029 2385 ἄν
3060 2345 3145 2391 τις
3167 2327 3357 2383 αὐτῶν
3386 2326 3479 2379 καὶ
3505 2326 3640 2394 διορ-

2062 2421 2309 2487 θώσειεν,
2334 2421 2383 2475 εί
2407 2420 2564 2475 λάϐοι
2596 2420 2728 2474 ποτέ
2752 2438 2765 2453 ο
2807 2420 2942 2491 ὁμοῦ
2966 2420 3024 2474 δὲ
3064 2420 3423 2489 ὑπάρχοντας
3464 2418 3559 2470 οὐκ
3580 2416 3641 2468 ἀν

2062 2508 2316 2579 δυνηθείη
2335 2550 2350 2573 ,
2386 2508 2474 2562 διὰ
2503 2508 2566 2562 τὸ
2600 2510 2699 2581 τήν
2728 2509 2912 2564 ἄνοιαν
2942 2509 3034 2561 ἐπὶ
3058 2508 3118 2561 τὸ
3150 2506 3345 2578 μεῖζον
3377 2504 3636 2577 αἴρεσθαι,

2064 2603 2158 2657 καὶ
2179 2603 2301 2666 ταῖς
2326 2600 2459 2673 παρ’
2487 2601 2731 2673 ἀλλήλων
2758 2600 2936 2667 δόξαις
2970 2598 3421 2671 συγκροτεῖσθαι.

2543 2709 2710 2764 ΤΛΖ’.
2741 2739 2814 2750 --
2835 2710 2923 2780 Τῼ
2970 2707 3175 2778 arm.

1192 2805 1467 2868 Φιλοδόξου
1508 2804 1603 2857 καὶ
1633 2802 1911 2868 κενοδόξου
1947 2800 2270 2871 di/ferentia.
2306 2797 2473 2868 (Vide
2502 2799 2657 2867 epist.
2688 2798 2837 2867 4H.)

459 2911 657 2968 Gloria:
706 2912 981 2968 studiosus
1037 2928 1145 2968 non
1202 2912 1342 2968 idem
1399 2912 1576 2967 inanis
1641 2920 1726 2967 est
1782 2912 1964 2967 laudis

2137 2908 2252 2961 Οὐκ
2292 2906 2439 2961 ἐστιν
2459 2909 2486 2961 6
2511 2882 2785 2977 φιλόδοξος
2808 2906 3105 2971 κενόδοξοςο
3131 2908 3161 2960 6
3187 2907 3293 2975 μὲν
3322 2905 3430 2976 γὰρ
3454 2901 3640 2974 ἀρετήν

389 3004 636 3070 cupidus.
659 3002 723 3056 Et
744 3002 834 3058 ille
856 3002 1072 3072 quidem
1095 3003 1350 3058 virtutem
1369 3016 1656 3068 exercens,
1678 3004 1766 3059 hic
1783 3011 1963 3059 autem

2065 2996 2271 3061 ἀσκῶν,
2306 2999 2334 3049 ὀ
2360 2995 2419 3049 δὲ
2449 2976 2531 3066 pili
2548 2995 2625 3066 (5)
2659 2994 2843 3048 ἀσκῶν
2870 2992 3030 3058 δόξαν
3063 2993 3306 3065 θηρᾶται
3325 3009 3341 3023 ο
3380 2991 3472 3045 καὶ
3497 2991 3524 3042 ὁ
3549 2987 3639 3058 μὲν

391 3110 498 3148 non
562 3109 819 3149 exercens
879 3094 1105 3163 gloriam
1164 3104 1416 3148 venatur.
1472 3094 1539 3149 Et
1597 3094 1689 3148 ille
1745 3095 1966 3165 quidem

390 3184 775 3251 convenienti,
834 3186 923 3239 hic
995 3200 1124 3239 vero
1182 3185 1405 3239 minime
1453 3186 1555 3253 ipsi
1624 3185 1968 3241 convenienti

392 3276 603 3330 accedit
625 3275 887 3345 opinioni.
915 3274 1138 3344 Propria
1171 3275 1259 3328 ille
1288 3276 1693 3345 pulchritudine
1717 3284 1968 3339 ornatur,

395 3364 483 3417 hic
535 3378 662 3417 vero
722 3362 837 3417 vult
886 3364 1058 3419 aliena
1120 3365 1369 3437 decorari
1439 3363 1634 3418 forma.
1695 3365 1825 3420 Suis
1882 3364 1973 3419 ille

396 3454 669 3507 thesauris
698 3454 1019 3521 extollitur,
1082 3455 1168 3509 hic
1206 3455 1274 3509 iis
1314 3456 1405 3525 qui
1454 3456 1519 3509 ad
1578 3456 1750 3524 ipsum
1794 3455 1972 3510 minus

397 3544 723 3610 pertineant.
778 3542 876 3599 Ille
925 3545 1140 3613 quidem
1190 3545 1339 3612 jttste
1371 3588 1386 3613 ,
1441 3547 1533 3602 hic
1591 3562 1719 3601 vero
1776 3548 1973 3615 injuste

398 3634 654 3688 honorari
702 3644 945 3703 exoptat.
993 3635 1207 3692 Primus
1231 3639 1472 3707 quidem,
1511 3640 1724 3694 tametsi
1758 3654 1862 3693 non
1905 3640 1977 3694 sit

397 3723 675 3791 perfectus
709 3726 1031 3797 (exercenda
1078 3729 1222 3782 enim
1267 3730 1443 3785 virtus
1466 3739 1633 3786 estet
1668 3748 1771 3786 non
1807 3746 1976 3801 expe-

402 3815 561 3870 tenda
594 3814 812 3886 gloria),
844 3819 1084 3872 secundo
1124 3829 1298 3875 tamen
1329 3820 1523 3875 melior
1556 3828 1661 3887 est,
1684 3830 1737 3875 et
1770 3829 1974 3874 tantum

402 3908 471 3961 ab
496 3920 560 3961 eo
594 3907 780 3973 distat,
815 3922 1074 3978 quantum
1108 3911 1223 3979 ipse
1260 3925 1288 3964 a
1324 3909 1563 3980 perfecto
1594 3910 1795 3966 deﬁcit.
1835 3911 1974 3976 Quin

401 3995 579 4062 potius
612 3994 656 4048 si
690 3997 994 4050 accuratius
1023 4012 1135 4050 rem
1161 3998 1343 4052 dicere
1368 3998 1618 4063 velimus,
1650 4012 1715 4051 ne
1736 3998 1975 4054 conferri

402 4084 622 4151 quidem
657 4100 777 4138 cum
822 4085 913 4141 illo
952 4087 1145 4156 dignus
1172 4096 1289 4151 est,
1327 4088 1416 4156 qui
1449 4088 1581 4141 nihil
1614 4089 1738 4141 boui
1781 4088 1975 4159 egerit,

403 4174 498 4226 sed
529 4173 755 4243 gloriam
789 4186 966 4244 captet
990 4177 1143 4244 quasi
1171 4178 1298 4244 quid
1326 4179 1518 4246 egerit,
1542 4178 1708 4249 662
1740 4181 1831 4233 sed
1854 4195 1976 4235 cum

2068 3086 2170 3155 τῆς
2198 3084 2580 3157 προσηκούσης
2603 3126 2619 3151 ,
2652 3086 2681 3138 6
2712 3084 2769 3138 δὲ
2796 3085 2896 3155 τῆς
2931 3084 3249 3156 μηδαμόθεν
3300 3083 3449 3153 αὐτῷ
3484 3096 3632 3151 προσ·

2067 3176 2312 3246 ηκούσης
2339 3174 2661 3245 ὑπολήψεως
2685 3174 2914 3244 ἐφίεται·
2944 3176 2974 3227 6
3002 3174 3101 3244 μὲν
3131 3174 3325 3243 οἰκείῳ
3353 3171 3533 3225 κάλλει
3563 3184 3637 3220 σε·

2074 3267 2327 3338 μνὺνεται
2353 3307 2369 3331 ,
2395 3267 2424 3319 6
2464 3266 2523 3318 δὲ
2550 3264 2814 3336 ἀλλοτρίῳ
2840 3264 3283 3328 καλλωπίζεσθαι
3319 3262 3588 3334 βούλεται·
3612 3257 3637 3308 ὁ

2075 3359 2175 3428 μὲν
2242 3359 2355 3420 τοῖς
2391 3357 2614 3421 οἰκείοις
2649 3358 2944 3428 θησαυροῖς
2988 3357 3130 3427 μέγα
3160 3359 3384 3427 φρονεῖο
3413 3355 3440 3406 6
3466 3352 3517 3405 δὲ
3540 3351 3636 3409 τοῖς

2075 3446 2338 3517 μηδαμῶς
2361 3444 2509 3515 αὐτῷ
2537 3447 2923 3517 προσήκουσιν⁶
2949 3446 2978 3498 6
3002 3446 3099 3516 μὲν
3133 3445 3385 3509 δικαίως,
3416 3442 3513 3496 sas
3534 3436 3635 3491 ἁδί-

2074 3554 2187 3599 κως
2212 3536 2474 3605 τιμᾶσθαι
2500 3536 2769 3606 βούλεται’
2796 3540 2822 3591 6
2854 3538 2954 3608 μὲν
2987 3531 3081 3590 οὖν
3104 3536 3349 3608 πρῶτος,
3381 3536 3430 3587 εἱ
3460 3527 3633 3597 καὶμὴ

2072 3628 2275 3690 τέλειός
2304 3629 2421 3680 ἐστι
2453 3627 2591 3699 (χρὴ
2627 3630 2735 3699 γὰρ
2767 3631 2863 3683 καὶ
2884 3628 3085 3701 ἀρετὴν
3117 3630 3339 3689 ἀσκεῖν,
3371 3624 3463 3679 καὶ
3497 3618 3635 3695 ῥὸξης

2078 3720 2154 3791 μὴ
2183 3719 2538 3791 ὀρέγεσθαι),
2574 3721 2686 3774 ἀλλ’
2716 3716 2809 3775 οὖν
2851 3739 2914 3790 γε
2946 3721 3040 3774 τοῦ
3084 3721 3345 3791 δευτέρου
3396 3715 3634 3787 κρείττων

2076 3812 2229 3865 ἐστί’
2268 3813 2364 3865 καὶ
2401 3811 2655 3866 τοσοῦτον
2684 3813 2850 3866 αὐτοῦ
2902 3812 3063 3866 πλέον
3098 3812 3319 3881 ἀπέχει,
3349 3811 3381 3882 ἦ
3407 3811 3522 3862 ὅσον
3549 3799 3631 3855 τοῦ

2076 3903 2282 3956 τελείου
2339 3902 2501 3966 αὐτὸς
2550 3903 2942 3958 ἀπολείπεταιο
3001 3903 3202 3973 μᾶλλον
3249 3903 3311 3955 δὲ
3359 3904 3407 3953 εί
3448 3896 3545 3968 χρὴ
3582 3891 3635 3944 τὸ

2077 3994 2304 4067 ἀκριϐὲς
2334 3996 2531 4060 είπεῖν,
2558 3995 2678 4049 οὐδὲ
2709 3995 3153 4066 παραϐάλλεσθαι
3182 3995 3325 4065 πρὸς
3356 3994 3550 4046 ἐκεῖνον
3577 3986 3636 4039 ἂν

2077 4088 2164 4159 εῐη
2197 4089 2402 4151 δίκαιος
2425 4126 2442 4153 ,
2476 4087 2569 4141 τὸν
2610 4087 2776 4160 μηδὲν
2806 4088 2909 4157 μὲν
2943 4090 3228 4158 πράξαντα
3265 4084 3526 4159 χρηστὸν,
3551 4079 3633 4145 τῆς

2077 4180 2135 4233 δὲ
2162 4180 2255 4232 ἐπὶ
2286 4179 2365 4250 τῷ
2403 4179 2747 4250 πεπραχέναι
2780 4179 3274 4251 ἀντιποιησάμενον
3303 4178 3488 4245 δόξης,
3517 4168 3635 4226 ἀλλὰ

406 4262 499 4317 illo
526 4263 620 4331 qui
660 4273 714 4318 et
740 4264 939 4331 aliquid
986 4266 1239 4334 gesserit,
1271 4276 1325 4321 et
1351 4269 1575 4337 gloriam
1606 4285 1727 4338 quae
1748 4286 1814 4326 ex
1837 4269 1978 4326 facto

2081 4267 2218 4339 πρὸς
2257 4269 2486 4332 ἐκεῖνον,
2520 4268 2613 4322 τὸν
2651 4267 2748 4321 καὶ
2778 4270 3099 4340 πεπραχότα
3121 4307 3137 4333 ,
3169 4267 3265 4322 καὶ
3300 4269 3399 4339 τῆς
3443 4264 3529 4316 ἐπὶ
3566 4255 3632 4325 τῷ
3748 4274 3751 4277 ·

406 4356 651 4426 sequitur
694 4365 1023 4411 contemnat.
1354 4334 1376 4337 —
1622 4334 1639 4338 “

2084 4334 2425 4428 πεπραχέναι
2456 4334 2947 4429 καταφρονήσαντα
2969 4334 3153 4429 δόξης.

799 4457 1215 4517 CCCXXXVIII.
1243 4491 1313 4501 —
1360 4462 1621 4528 EIllEM._

2554 4467 2729 4522 TAH'.
2762 4497 2834 4508 —
2873 4469 2960 4539 Τῼ
2993 4467 3196 4537 arm.

1414 4555 1805 4625 Μεγαλοψυχία
1832 4565 1879 4611 et
1907 4558 2189 4629 φιλοτιμία
2212 4560 2338 4628 quid
2374 4560 2644 4628 cli/ferant.

482 4658 598 4716 Non
628 4669 734 4726 est,
769 4669 829 4715 ut
868 4661 1038 4725 dicis,
1084 4661 1307 4716 ambitio
1350 4662 1680 4732 honorisque
1713 4663 1984 4732 appetitus

2159 4664 2272 4717 Οὐκ
2314 4663 2427 4718 ἔστι
2465 4664 2839 4735 μεγαλοψυχία
2878 4667 2911 4735 ή
2950 4663 3258 4734 φιλοτιμία,
3298 4662 3375 4724 ὡς
3412 4658 3555 4725 ἔφης·
3601 4650 3629 4717 ἢ

413 4752 827 4821 magnanimitas
841 4751 1107 4821 quaedam.
1138 4751 1261 4807 llaec
1283 4752 1425 4806 enim
1446 4752 1611 4807 ardua
1634 4751 1983 4821 diﬂiciliaque

2092 4753 2190 4822 μὲν
2219 4754 2327 4824 γὰρ
2358 4755 2538 4807 πάντα
2572 4754 2671 4823 μὲν
2698 4754 2766 4807 τὰ
2792 4754 3026 4825 δυσχερῆ
3063 4753 3324 4822 γενναίως
3343 4792 3358 4816 ,
3393 4748 3561 4801 πάντα
3584 4739 3635 4792 δὲ

414 4859 676 4915 generose
703 4884 719 4909 ,
790 4858 1016 4913 quaeque
1062 4843 1198 4898 alios
1243 4844 1429 4899 inﬂare
1480 4843 1657 4899 solent
1700 4844 1982 4899 moderare

2087 4842 2158 4895 τά
2196 4845 2324 4907 τοὺς
2360 4844 2552 4907 ἄλλους
2585 4845 2842 4911 φυσῶντα
2875 4846 3112 4915 μετρίως
3149 4844 3337 4911 φέρει·
3369 4842 3401 4909 ἡ
3430 4836 3486 4890 δὲ
3510 4830 3629 4903 πρὸς

416 4938 544 4991 fert.
586 4935 827 4990 Ambitio
852 4935 1080 5004 gloriam
1124 4935 1388 4991 duntaxat
1431 4937 1674 5006 respicit.
1707 4936 1985 5006 Magnani-

2088 4932 2246 4999 δόξαν
2296 4935 2457 5004 μόνον
2499 4936 2623 5006 ὁρᾷ.
2680 4937 2789 4989 Καὶ
2844 4938 2877 5006 ἡ
2921 4936 3018 5005 μὲν
3062 4936 3310 5005 ἀρκεῖται
3356 4929 3511 4996 ἑαυτῇ
3548 4919 3628 4975 καὶ

418 5026 579 5079 initas
607 5039 735 5080 vero
766 5025 867 5079 sibi
903 5023 1131 5091 sullicit,
1162 5026 1375 5081 tametsi
1408 5026 1653 5081 laudetur
1685 5040 1713 5079 a
1751 5026 1985 5080 nemine.

2090 5025 2318 5094 μηδενὸς
2357 5026 2740 5090 ἐπαινοῦντος,
2775 5028 2809 5098 ἡ
2844 5027 2901 5079 δὲ
2941 5026 3035 5081 saw
3083 5027 3156 5096 μὴ
3191 5027 3289 5098 ἔχῃ
3320 5021 3441 5083 τοὺς
3471 5019 3626 5083 ἐγκω-

419 5116 512 5169 Illa
541 5115 646 5170 nisi
677 5116 985 5171 laudatores
1012 5118 1227 5184 habeat,
1253 5118 1328 5171 nil
1363 5119 1496 5172 recti
1518 5116 1673 5171 facit.
1695 5116 1819 5171 Hzec
1848 5132 1985 5180 esse,

2091 5115 2412 5185 μιάζοντας,
2444 5116 2566 5170 οὐδὲ
2610 5119 2774 5172 καλόν
2821 5136 2871 5171 τι
2904 5119 3024 5189 δρᾷ.
3072 5117 3269 5189 Ἦμεν
3314 5110 3481 5172 εἶναι,
3519 5098 3624 5173 ἠδὲ

421 5135 512 5169 ma
541 5135 646 5170 lllSl
677 5135 985 5171 laudatores
1013 5135 1227 5184 naneat,
1253 5135 1328 5171 nu
1363 5135 1496 5172 recu
1518 5135 1673 5171 iacit.
1695 5135 1819 5171 meo
1848 5135 1985 5180 esse,

421 5206 509 5259 illa
540 5220 670 5262 vero
697 5208 867 5262 videri
900 5208 1104 5278 optima
1136 5209 1304 5278 cupit.
1334 5208 1749 5278 Magnanimitas
1792 5209 1985 5261 bonum

2091 5135 2412 5185 pragovrag,
2444 5135 2566 5170 ουοε
2610 5135 2774 5172 καΑον
2821 5136 2871 5171 τι
2904 5135 3024 5189 ορᾳ.
3091 5135 3132 5171 ιι
3214 5135 3269 5170 εν
3314 5135 3481 5172 ειναι,
3524 5135 3548 5173 ιι
3576 5135 3618 5151 νυ

2087 5208 2264 5261 δοκεῖν
2295 5209 2491 5280 ἀρίστη
2528 5209 2796 5279 βούλεται·
2830 5213 2864 5281 ή
2916 5211 3013 5279 μὲν
3060 5135 3293 5263 Wfﬁn-6
3332 5205 3390 5258 τὸ
3420 5193 3618 5267 ἀγαθὸν,

422 5296 596 5366 ipsum
623 5300 847 5368 expetit,
871 5299 957 5353 illa
986 5315 1115 5357 vero
1133 5300 1345 5355 laudem
1367 5310 1575 5355 tantum
1591 5298 1985 5369 complectitur.

2090 5299 2123 5368 ἠ
2150 5299 2205 5352 δὲ
2233 5298 2321 5353 διά
2348 5301 2515 5371 τιμὴν
2540 5302 2863 5369 ἀσπάζεται·
2896 5305 2928 5375 ή
2957 5302 3053 5373 μὲν
3076 5300 3372 5372 εὐεργετεῖ,
3398 5291 3622 5364 μέγιστον

1512 5451 1745 5508 VARI/ﬁ
1782 5451 2165 5512 LECTIONES
2201 5456 2289 5513 ET
2338 5453 2567 5511 NOT/E.

504 5596 577 5666 (ii)
605 5600 730 5655 Cod.
758 5603 861 5655 Alt.
891 5603 1085 5658 omittit
1124 5606 1216 5670 μή.
1245 5604 1430 5659 Possm
