3974 6144
396 272 535 338 1533

1218 280 1753 345 EPISTOLARUM
1793 284 1939 346 LIB.
1979 288 2047 349 v.
2070 314 2139 325 -
2178 266 2415 356 EPIST.
2451 296 2767 363 CCCXLII.

3496 290 3633 362 1534

394 379 537 474 είναι
568 381 755 474 χρῆμα
786 382 883 474 τὴν
912 384 1161 442 εὐποιΐαν
1191 392 1470 464 ἡγουμένη
1498 411 1512 426 ο
1546 396 1578 465 ἡ
1605 396 1662 448 δὲ
1692 396 1780 450 διά
1808 397 1967 463 δόξαν
1995 417 2016 470 Α

2070 400 2197 459 Hznc
2228 406 2363 461 bene
2395 419 2653 474 meretur,
2676 409 2970 466 maximum
3013 423 3135 465 esse
3188 406 3390 463 bonum
3429 406 3636 463 beneﬂ-

390 473 553 528 ἐλεεῖ.
584 473 722 526 Ὅσα
757 471 851 529 οῦν
881 475 1145 549 κρείττων
1170 481 1197 533 ό
1224 481 1385 544 αὐτὸς
1417 484 1478 536 τὸ
1502 484 1704 553 ἀγαθὸν
1733 487 1803 540 δι’
1832 488 1964 541 αὐτὸ

387 563 532 633 δρῶν
560 561 655 616 τοῦ
685 564 919 634 δρῶντος
952 568 1073 638 μὲν,
1113 570 1206 624 ἐπὶ
1252 573 1432 643 μισθῷ
1467 574 1525 627 δέ
1553 576 1713 629 τοῦτο
1745 578 1963 631 ποιοῦν-

388 668 485 715 τος
511 690 527 715 ,
556 651 809 707 τοσοῦτον
843 655 938 709 καὶ
967 658 1000 727 ἡ
1029 659 1401 729 μεγαλοψυχία
1423 661 1524 730 τῆς
1554 662 1885 733 φιλοτιμίας,
1917 664 1967 718 εί

294 768 315 773 ν-
388 741 484 795 καὶ
511 742 659 798 δοκεῖ
692 744 762 799 τὰ
791 746 931 801 αὐτά
958 748 1114 821 δρᾷν,
1146 751 1472 821 διενήνοχεν.

699 964 871 1024 mea
896 998 965 1010 —
989 968 1260 1039 ΣΕΡΗΝῼ
1285 969 1650 1041 ΤΡιΒυΥΝο.

2070 497 2304 551 centiam
2325 510 2461 555 rata.
2488 500 2722 559 Ambitio
2741 501 2913 558 laudis
2932 510 3137 557 tantum
3153 514 3314 557 causa
3331 497 3636 555 miseretur.

2071 586 2286 653 Quanto
2332 590 2498 661 igitur
2528 602 2753 664 praestat
2789 594 2987 649 bonum
3018 582 3118 663 per
3170 606 3228 647 se
3256 603 3444 660 agens,
3474 604 3639 659 quam

2067 694 2233 749 agens
2280 682 2518 750 quidem,
2568 685 2663 738 sed
2721 683 2990 738 mercedis
3038 682 3210 753 gratia
3249 689 3479 735 tantum.
3520 678 3640 734 Ma-

2064 772 2392 840 gnanimitas
2453 774 2634 845 gloriae
2684 774 2863 831 smdio
2932 773 3147 831 tametsi
3218 772 3402 829 Iacere
3449 771 3637 828 eadem

2066 862 2336 929 videatur,
2369 862 2525 934 longe
2553 864 2852 921 antecellit.

2275 970 2656 1052 CCCXXXiX.
2687 1004 2759 1014 —
2782 972 3053 1031 SERENO
3099 970 3423 1030 TRIBUNO.

1231 1064 1537 1120 llumilitati
1569 1070 1746 1120 danda
1770 1077 1847 1122 est
1872 1084 2060 1124 onera.
2087 1068 2267 1132 (Conf.
2307 1071 2463 1137 epist.
2494 1069 2619 1133 127,
2646 1069 2796 1126 251.)

453 1168 521 1224 Et
559 1168 738 1225 πάντα
785 1170 857 1224 τά
898 1170 1138 1242 ὀνόματα
1181 1173 1250 1226 τὰ
1289 1176 1356 1245 τῇ
1402 1174 1525 1245 θειᾳ
1575 1177 1670 1229 καὶ
1695 1178 1961 1247 ἀκηράτῳ

382 1261 800 1331 περιαπτόμενα
833 1260 1028 1330 φύσει,
1066 1262 1385 1334 ὑπερϐαίνει
1428 1267 1495 1318 τὰ
1528 1266 1703 1337 μέτρα
1735 1267 1839 1336 τῆς
1867 1269 1964 1321 ἀν-

384 1352 736 1422 θρωπότητος
755 1392 770 1417 ,
799 1353 858 1406 ἐν
890 1352 969 1423 τῷ
1001 1354 1143 1406 κατά
1173 1353 1336 1423 φύσιν
1368 1358 1498 1427 ἡμῖν
1535 1360 1630 1413 καὶ
1658 1360 1870 1431 δυνατῷ
1899 1361 1962 1415 τὸ

384 1442 544 1495 Θείον
579 1443 1350 1516 μιμεῖσθαιπρεπωδέστατον.
1386 1448 1451 1501 Τί
1490 1449 1548 1503 δὲ
1575 1449 1733 1503 τοῦτό
1772 1453 1956 1519 ἐστιν;

396 1532 461 1585 Ἦ
505 1532 992 1604 ταπεινοφροσύνῃ.
1036 1535 1102 1587 Τί
1135 1536 1242 1608 γὰρ
1277 1536 1476 1608 ἔχομεν
1517 1539 1760 1607 τοιοῦτο,
1796 1542 1825 1596 ὃ
1863 1544 1959 1596 καὶ

381 1621 586 1690 ἐπᾶραι
615 1622 762 1691 ἡμᾶς
800 1622 881 1685 είς
917 1623 1232 1687 ἀλαζονείαν
1277 1626 1451 1681 δεινὸν
1500 1628 1765 1701 ὑπάρχει;
1813 1633 1957 1687 κατά

383 1710 484 1779 μὲν
509 1709 601 1763 τδν
632 1711 997 1783 πατριάρχην,
1042 1731 1061 1765 ι
1088 1715 1161 1785 Γῆ
1196 1716 1364 1786 ἐσμεν
1389 1718 1483 1771 καὶ
1510 1719 1733 1783 σποδός·
1761 1738 1782 1771 ι
1816 1720 1957 1774 κατά

381 1800 441 1853 δὲ
464 1799 561 1871 τὴν
584 1801 900 1873 νομοθέτην,
931 1804 1102 1873 χοῦςο
1134 1806 1229 1860 καὶ
1257 1807 1399 1861 κατά
1432 1810 1533 1879 μὲν
1559 1810 1651 1863 τὸν
1676 1810 1954 1880 Μελῳδὸν,

379 1893 513 1945 ποτὲ
562 1894 662 1964 μὲν
708 1894 956 1964 σκώληξ
979 1936 996 1962 ,
1046 1898 1179 1951 ποτὲ
1226 1899 1284 1953 δὲ
1325 1902 1560 1968 χόρτος·
1612 1902 1754 1956 κατά
1804 1902 1863 1956 δὲ
1896 1903 1957 1956 τὸ

381 1983 575 2047 σκεῦος
610 1986 708 2056 τῆς
753 1987 1011 2057 ἐκλογῆς,
1052 1992 1417 2059 ταλαιπωρία
1436 2008 1449 2024 ·
1485 1989 1567 2056 οἷς
1609 1993 1721 2065 γὰρ
1759 1994 1955 2048 ἑαυτὸν

379 2073 697 2144 οἰκτίζεται,
722 2077 904 2148 πάσης
927 2080 1026 2151 τῆς
1047 2081 1953 2156 ἀνθρωπὸτητοςξκαταψηφίζεται.

381 2167 536 2219 Διατί
564 2168 637 2240 μὴ
666 2170 723 2221 ἐν
757 2163 802 2238 ᾧ
830 2171 862 2239 ἡ
892 2173 992 2241 τῆς
1041 2171 1256 2241 φύσεως
1293 2175 1444 2244 ἡμᾶς
1481 2176 1697 2245 ἀνάγκη
1736 2177 1957 2247 κατείρ-

381 2274 491 2325 γει,
519 2259 577 2311 ἐν
604 2260 779 2330 τούτῳ
850 2280 870 2313 ι
903 2263 1007 2317 Τὸν
1032 2265 1092 2317 ἐν
1133 2268 1315 2337 μορφῇ
1357 2266 1492 2320 Θεοῦ
1519 2266 1829 2337 ὑπάρχοντα
1858 2268 1955 2322 καὶ

378 2350 575 2403 ἑαυτὸν
612 2352 1023 2407 ταπεινώσαντα
1055 2354 1446 2427 μιμησὼμεθα.
1484 2374 1505 2409 ι
1548 2358 1736 2411 Πᾶσαν
1771 2358 1953 2412 τοίνυν

376 2440 535 2508 παρά
562 2441 723 2509 φύσιν
769 2445 901 2514 ἡμῖν
943 2446 1295 2516 ὑπάρχουσαν
1324 2447 1634 2519 φλεγμονὴν
1661 2448 1953 2502 καταστεί-

375 2529 604 2608 λαντεος,
651 2532 749 2602 τὴν
795 2535 1315 2605 ταπεινοφροσύνην,
1369 2535 1467 2607 τὴν
1517 2539 1582 2607 τῇ
1642 2536 1801 2605 φύσει
1855 2539 1951 2592 καὶ

376 2622 825 2695 συνυπάρχουσαν
852 2628 948 2679 καὶ
978 2625 1274 2697 σύντροφον
1299 2628 1647 2699 ἀσκήσωμεν,

833 2733 971 2790 TM’.
998 2763 1071 2774 —
1103 2735 1493 2806 ΜΔΡΚΙΑΝῼ.

2132 1180 2271 1236 Cum
2303 1180 2520 1236 nomina
2572 1180 2824 1236 universa
2874 1178 3069 1235 divina:
3121 1190 3382 1247 puraeque
3430 1183 3637 1231 natum

2065 1275 2324 1330 attributa
2353 1274 2601 1328 humanas
2632 1281 2888 1343 superent
2926 1269 3251 1328 conditionis
3303 1282 3634 1334 mensuram,

2068 1365 2121 1420 in
2149 1381 2254 1421 uno
2282 1372 2646 1434 congruenter
2693 1374 2902 1420 natura:
2942 1372 3000 1419 et
3036 1362 3247 1419 viribus
3274 1362 3476 1417 nostris
3504 1358 3637 1416 divi-

2068 1471 2197 1511 num
2234 1471 2433 1511 numen
2459 1471 2563 1512 nos
2588 1454 2789 1511 imitari
2816 1454 3051 1510 maxime
3079 1455 3252 1509 decet.
3277 1453 3418 1520 Quid
3449 1460 3632 1507 autem

2060 1545 2207 1601 istud
2236 1546 2353 1601 est!
2409 1544 2592 1601 Animi
2646 1545 2960 1602 submissio.
3010 1544 3150 1611 Quid
3181 1544 3326 1599 enim
3372 1542 3635 1598 habemus

2062 1636 2328 1707 ejusmodi
2359 1638 2504 1706 quod
2529 1636 2793 1692 extollere
2815 1651 2913 1692 nos
2931 1635 2998 1691 ad
3026 1634 3394 1703 arrogantiam
3416 1632 3634 1687 valeat?

2057 1738 2115 1783 ut
2167 1727 2481 1797 patriarcha
2525 1728 2801 1782 Abraham
2847 1727 2926 1782 ait
2978 1742 2996 1782 :
3065 1742 3085 1779 ι
3121 1725 3291 1782 Terra
3346 1738 3534 1779 sumus
3576 1731 3636 1777 et.

2057 1819 2194 1874 cinis
2216 1819 2298 1885 ⁸³;
2337 1836 2356 1872 ι
2401 1828 2462 1874 ιιι
2491 1833 2623 1875 vero
2660 1818 2940 1890 legislator
2978 1816 3056 1871 ait
3087 1815 3255 1886 puluis
3274 1815 3358 1883 3';
3398 1822 3455 1870 et
3478 1813 3630 1881 juxta

2056 1912 2297 1969 Psaltem
2348 1914 2555 1983 regium
2592 1929 2608 1966 :
2650 1909 2851 1965 γενικὴ
2901 1918 2954 1964 et
3002 1909 3182 1979 fenum
3225 1907 3304 1973 °‘;
3350 1905 3631 1962 electionis

2057 2017 2189 2058 vero
2213 2017 2308 2058 vas
2330 2002 2551 2068 Paulus,
2589 2002 2802 2056 miseria
2827 2001 2897 2056 ⁸⁸.
2938 1998 3021 2055 0b
3054 2013 3175 2068 quae
3213 1997 3357 2052 enim
3388 1995 3629 2063 seipsum

2061 2091 2374 2157 miseratur,
2414 2091 2780 2159 miserumque
2804 2087 3083 2158 praedicat,
3110 2084 3182 2141 ob
3212 2098 3298 2149 ea,
3331 2092 3389 2139 et
3416 2085 3486 2139 de
3510 2082 3630 2137 uni-

2058 2193 2218 2234 verso
2265 2192 2465 2249 genere
2512 2179 2749 2233 humano
2800 2175 3027 2245 intelligi
3083 2175 3221 2229 vult.
3262 2170 3626 2238 Quamobrem

2059 2268 2230 2335 illum,
2271 2287 2291 2321 ι
2332 2269 2426 2338 qui
2463 2283 2587 2323 cum
2628 2269 2681 2323 in
2729 2266 2903 2323 forma
2952 2266 3049 2322 Dei
3095 2272 3242 2322 esset
3277 2262 3626 2331 semetipsum

2056 2360 2362 2416 humiliavit
2407 2361 2455 2394 ⁸⁸
2488 2378 2509 2413 ι
2555 2360 2852 2415 imitemur.
2901 2356 3133 2413 Omnem
3187 2355 3369 2424 itaque
3427 2353 3626 2407 fastum

2059 2453 2333 2521 turgidum
2377 2461 2584 2507 natura:
2621 2460 2824 2508 nostra:
2856 2454 3244 2521 repugnantem
3286 2444 3626 2514 abjicientes,

2054 2541 2416 2599 humilitatem
2509 2549 2716 2597 naturae
2794 2540 3204 2597 convenientem
3242 2574 3263 2604 ,
3365 2533 3629 2621 nobisque

2055 2640 2340 2703 cognatam
2374 2647 2747 2689 exerceamus.

2463 2738 2708 2796 CCCXL.
2735 2767 2808 2778 —
2834 2731 3210 2805 mancum;

1232 2829 1550 2920 Adhortatio
1575 2830 1746 2899 qualis
1772 2848 1885 2887 esse
1915 2833 2120 2892 debeat.
2143 2834 2388 2905 (Confer.
2420 2834 2576 2900 epist.
2613 2829 2764 2902 290.)

442 2934 707 2990 Δύσκολον
740 2930 880 2991 εἶναί
915 2954 1003 3006 μοι
1033 2938 1199 3003 δοκεῖ,
1228 2937 1320 2991 τδν
1360 2937 1732 3007 παραινοῦντα
1780 2940 1858 3011 τῷ
1908 2941 1945 2994 ἀ

2122 2942 2386 3011 Equidem
2426 2938 2645 2995 dilIicile
2695 2939 2889 3009 opinor
2948 2937 3218 2992 hortando
3244 2934 3335 3005 {ad
3378 2949 3445 2990 ea
3507 2946 3629 3002 qua

372 3022 453 3093 μὴ
477 3022 636 3090 θέμις
660 3023 857 3094 δρῶντι
879 3063 897 3091 ,
931 3025 1004 3094 μὴ
1044 3026 1122 3087 είς
1148 3026 1418 3095 ἀπρεπεῖς
1456 3029 1720 3096 ἐμπεσεῖν
1751 3029 1828 3100 (6)
1860 3029 1951 3081 λό--
1979 3017 2016 3077 C

2059 3034 2201 3089 factu
2228 3033 2405 3096 nefas,
2436 3046 2539 3086 non
2574 3032 2816 3085 incidere
2844 3031 2898 3084 in
2944 3030 3256 3085 indecorem
3297 3025 3626 3082 orationem.

366 3128 531 3181 γουςο
565 3112 603 3167 ἃ
636 3115 746 3185 γὰρ
781 3114 858 3185 μὴ
891 3116 1157 3183 πράττειν
1186 3116 1373 3186 θέμις,
1410 3118 1530 3171 οὑδέ
1561 3118 1741 3187 λέγειν
1768 3119 1947 3190 θέμις.

367 3204 438 3258 Τί
484 3200 577 3259 οῦν
615 3206 906 3276 ποιητέον;
942 3208 1041 3259 Ἂν
1092 3206 1192 3277 μὲν
1237 3208 1346 3279 γὰρ
1380 3209 1595 3279 σεμνῶς
1642 3212 1802 3283 εῐπῃς
1828 3250 1844 3275 ,
1883 3212 1945 3264 οὑ

365 3296 574 3367 δυνήσῃ
612 3296 963 3365 καθάψασθαι
1007 3298 1102 3351 τοῦ
1136 3300 1321 3371 ἐνόχου
1364 3305 1477 3367 τοῖς
1521 3303 1834 3376 λεγομένοις
1862 3304 1952 3359 6v-

366 3402 478 3449 τοςο
508 3387 574 3439 ἂν
599 3386 656 3440 δέ
687 3387 1005 3459 βουληθείης
1032 3389 1350 3445 καθικέσθαι
1380 3392 1629 3464 σφοδρῶς
1649 3435 1665 3460 ,
1701 3394 1949 3466 ἀνάγκην

367 3477 511 3546 ἔχεις
555 3479 913 3548 ἀπαμφιάσαι
939 3519 954 3543 ,
1002 3483 1096 3533 καὶ
1135 3481 1195 3534 τὺ
1240 3484 1652 3554 παραπέτασμα
1704 3486 1935 3541 ἀνελεῖν.

367 3567 461 3620 Διὸ
508 3568 603 3619 καὶ
649 3570 949 3623 ἐπαινεῖται
980 3571 1007 3623 ὁ
1052 3572 1291 3642 είρηκὼς
1318 3590 1333 3605 ο
1372 3593 1389 3625 ι
1426 3574 1736 3645 Φοϐοῦμαι,
1778 3575 1942 3647 μὴτά

368 3658 716 3725 προσήκοντα
762 3659 892 3729 περὶ
939 3659 1031 3711 σοῦ
1077 3659 1272 3729 λέγων,
1328 3663 1408 3726 είς
1456 3663 1518 3716 οὐ
1568 3666 1943 3735 προσήκοντας

370 3746 595 3814 ἐμαυτῷ
615 3747 806 3814 λόγους
828 3750 1069 3818 ἐμπέσω.
1102 3770 1121 3802 ι
1153 3753 1361 3806 Οὐκοῦν
1388 3755 1558 3825 μέσην
1584 3755 1707 3807 τινά
1760 3755 1946 3825 χώραν

372 3834 687 3904 βαδιστέον,
735 3832 893 3909 δι’ἦς
955 3840 1091 3910 μήτε
1142 3841 1333 3895 ἑαυτόν
1379 3859 1465 3904 τις
1506 3842 1737 3915 αἰσχύνῃ
1769 3842 1948 3910 λέγων

368 3925 407 3979 δι
441 3926 516 3996 μὴ
551 3925 666 3992 δεῖ,
706 3927 841 3998 μήτε
873 3929 1078 3983 ἐκεῖνον
1108 3932 1357 4001 ἀνωφελῆ
1391 3933 1720 4005 καταλείψῃ.

685 4036 866 4092 TMA'.
917 4068 989 4080 —
1033 4041 1293 4112 ΕΡΜΙΝῼ
1332 4043 1628 4097 ΚΟΜΗΤΙ.

2048 3123 2177 3189 Quae
2212 3124 2355 3178 enim
2386 3122 2567 3177 facere
2598 3135 2703 3175 non
2732 3121 2876 3187 licet,
2910 3120 3092 3175 dicere
3139 3133 3249 3174 non
3309 3116 3458 3172 licet.
3486 3114 3629 3181 Quid

2049 3214 2214 3286 igitur
2245 3213 2393 3268 facto
2424 3210 2599 3281 opus?
2633 3208 2687 3265 Si
2720 3211 2864 3264 enim
2897 3208 3136 3278 graviter
3156 3205 3284 3277 quid
3315 3204 3490 3267 dicas,
3518 3216 3626 3257 non

2048 3304 2259 3374 poteris
2311 3318 2434 3357 eum
2478 3301 2570 3371 qui
2619 3314 2745 3356 reus
2771 3309 2876 3367 est,
2922 3299 3082 3354 dictis
3134 3295 3522 3366 perstringere.
3566 3292 3625 3347 Si

2047 3397 2399 3452 vehementer
2446 3395 2729 3463 insurgere
2781 3392 3058 3457 volueris,
3135 3387 3500 3443 insinuatione
3540 3393 3627 3439 est

2045 3502 2227 3558 opus,
2285 3495 2342 3540 et
2397 3486 2702 3541 velamento
2765 3484 3047 3538 utendum.
3114 3479 3391 3535 Laudatur
3442 3476 3626 3543 itaque

2048 3578 2298 3647 quisquis
2319 3576 2456 3632 dixit
2491 3592 2505 3631 :
2548 3594 2568 3628 ι
2609 3574 2816 3630 Vereor
2843 3589 2930 3639 ne,
2974 3573 3018 3628 si
3050 3586 3170 3642 quae
3204 3568 3532 3624 conveniunt
3559 3566 3626 3622 de

2049 3674 2102 3721 te
2148 3668 2362 3728 dixero,
2402 3682 2488 3720 me
2536 3666 2755 3735 indigna
2830 3665 3006 3719 dicam
3054 3662 3125 3715 ⁸⁷.
3160 3678 3180 3714 ι
3231 3659 3401 3715 Media
3460 3658 3625 3726 igitur

2044 3756 2396 3826 gradiendum
2448 3765 2534 3812 est
2577 3757 2706 3821 via,
2755 3771 2824 3811 ne
2870 3754 2992 3823 quis
3048 3753 3253 3822 pudore
3312 3749 3621 3813 adiciatur,

2046 3847 2279 3902 dicendo
2326 3862 2450 3917 quae
2500 3861 2607 3902 non
2655 3854 2913 3917 oportet,
2967 3858 3144 3914 neque
3195 3843 3355 3898 alteri
3412 3840 3622 3896 inutilia

2045 3948 2310 3992 assumat.

2223 4047 2386 4118 εδδ
2436 4045 2699 4102 CCCXLI.
2730 4075 2801 4087 -
2831 4043 3137 4102 HERMINO
3166 4042 3421 4100 comm.

1314 4136 1452 4193 Boni
1481 4138 1693 4195 invidia:
1718 4139 1952 4195 obnoxii.
1986 4123 2167 4213 (σοιτί.
2198 4096 2518 4213 $37.29};
2531 4096 2698 4215 r326.)

442 4240 675 4294 Είώθασι
712 4242 896 4297 πολλοὶ
936 4244 1015 4314 τῷ
1045 4247 1108 4299 ἐκ
1145 4247 1244 4317 τῆς
1286 4249 1424 4317 ἀγαν
1453 4249 1655 4320 ἀρετῆς
1681 4249 1937 4321 λαμπρυ-

364 4332 580 4401 νομένῳ
608 4331 842 4400 φθονεῖν,
887 4336 1101 4406 ἐπαχθῆ
1146 4337 1256 4410 γὰρ
1279 4340 1375 4393 καὶ
1414 4342 1669 4411 φορτικὸν
1697 4341 1933 4411 ἡγούμε-

2115 4252 2561 4321 Soleutplerique
2590 4253 2639 4306 ei
2670 4252 2929 4317 invidere,
2965 4249 3056 4319 qui
3088 4249 3283 4303 virtute
3312 4246 3383 4300 sit
3412 4244 3614 4311 clarus,

1965 4323 2009 4378 Β
2037 4338 2141 4392 rati
2173 4338 2455 4393 molestum
2489 4349 2544 4394 et
2596 4337 2989 4394 intolerabilem
3045 4352 3167 4392 esse
3218 4350 3340 4389 eum
3382 4336 3474 4404 qui
3501 4349 3608 4388 non

365 4441 446 4476 νοι
475 4423 671 4493 τὸνμὴ
718 4425 786 4478 τὰ
831 4427 972 4481 αὑτά
1002 4432 1115 4493 τοῖς
1167 4430 1349 4494 αὐτοῖς
1397 4432 1629 4504 δρῶντα,
1675 4433 1791 4486 ἀλλ’
1824 4434 1935 4488 ἀπὸ

2059 4429 2228 4483 :adem
2258 4444 2377 4499 qua:
2419 4430 2521 4500 ipsi
2552 4439 2717 4501 agat,
2770 4431 2864 4484 sed
2897 4430 3221 4497 optimorum
3266 4426 3615 4496 praerogativa

361 4516 474 4568 τῶν
530 4516 828 4571 καλλίστων
870 4521 1182 4591 προνομίων
1234 4522 1680 4593 ἐναϐρυνόμενον,
1721 4524 1815 4576 ἅτε
1842 4525 1935 4577 τὸν
1993 4595 1997 4599 .

364 4605 518 4675 σφῶν
571 4605 684 4675 βίον
741 4607 1052 4679 ἐλέγχοντα,
1105 4613 1224 4675 ταῖς
1280 4611 1645 4682 κακηγορίαις
1690 4613 1787 4665 καὶ
1811 4614 1935 4677 ταῖς

2042 4521 2385 4589 gloriantem,
2413 4523 2569 4591 quasi
2604 4521 2820 4576 illorum
2838 4522 3005 4575 vitam
3033 4520 3413 4590 reprehendat,
3446 4518 3617 4571 male-

2041 4612 2198 4667 dictis
2225 4623 2386 4682 atque
2414 4613 2625 4669 insidiis
2666 4622 2891 4684 petunt,
2923 4627 3087 4682 quem
3116 4610 3312 4667 imitari
3343 4611 3517 4680 potius
3547 4625 3613 4665 ac

362 4696 676 4758 ἐπιϐουλαῖς
700 4697 1007 4767 βάλλουσιν,
1053 4700 1113 4754 ὃν
1158 4702 1253 4756 καὶ
1279 4702 1476 4771 ζηλουν
1502 4702 1598 4755 καὶ
1625 4703 1927 4771 στεφανοῦν

2059 4703 2351 4761 :ollaudare
2380 4708 2686 4777 Oportebat.

360 4789 611 4859 ὤφειλον.

603 4880 786 4935 TMB’.
820 4911 892 4923 —
943 4881 1364 4953 ΛΝΔΡΟΜΑΧῼ
1393 4884 1686 4941 ΚΟΜΗΤΙ.

2221 4885 2509 4943 CCCXL".
2543 4918 2612 4930 ο-
2641 4884 3121 4943 ANDROMACHO
3173 4882 3428 4940 COMITI.

1102 4976 1305 5046 Religio
1329 4995 1430 5032 non
1457 4980 1829 5034 contemnenda
1854 4997 1917 5035 ea:
1938 4982 2191 5050 perversis
2224 4984 2583 5050 proﬁtentium
2610 4981 2872 5037 moribus.

430 5086 567 5140 Δίαν
624 5087 722 5156 τῆς
777 5090 875 5158 σῆς
942 5090 1393 5162 καταψηφίζομαι
1447 5092 1793 5163 ἀϐελτηρίας,
1847 5094 1927 5146 ὅτι

354 5178 459 5231 οὐκ
490 5178 656 5249 αὐτὴν
678 5178 799 5232 καθ’
837 5180 1032 5264 iith
1062 5182 1235 5251 κρίνει
1286 5184 1381 5253 τὴν
1422 5183 1572 5236 θείαν
1601 5183 1918 5253 θρησκείαν,

2106 5089 2366 5159 Equidem
2427 5100 2571 5144 tuam
2631 5102 2959 5158 magnopere
3018 5089 3217 5142 damno
3273 5082 3554 5140 vesaniam
3592 5121 3608 5144 ,

2041 5187 2181 5253 quod
2238 5186 2407 5255 ipsam
2449 5200 2556 5239 non
2598 5199 2665 5239 ex
2707 5199 2766 5238 se
2805 5182 3011 5252 iudicet
3057 5180 3394 5251 religionem,
3424 5175 3515 5232 scd
3546 5185 3608 5228 ex

394 5327 786 5411 ‘chn;_x\'t.tI_,
930 5332 976 5365 ⁸³
1006 5333 1138 5390 Gen.
1181 5350 1262 5401 ιιι,
1317 5334 1403 5389 19.
1443 5334 1489 5366 ⁸⁸
1523 5333 1660 5389 Psal.
1686 5351 1800 5399 XXI,
1837 5334 1890 5387 6.
1934 5336 2016 5389 ⁸⁸1

2060 5350 2167 5389 om.
2204 5352 2301 5398 vn,
2330 5335 2419 5391 ‘24.
2511 5336 2557 5367 ⁸⁸
2589 5334 2797 5407 Philipp
2841 5352 2899 5403 ιι,
2953 5336 3007 5391 6.
3092 5336 3138 5369 ⁸⁷
3174 5334 3351 5391 Cicer.
3399 5331 3494 5389 lib.
3525 5345 3604 5395 Ix,

353 5398 515 5467 epist.
566 5399 656 5464 22,
698 5401 775 5454 Ad
807 5401 933 5455 lunt.

1466 5513 1685 5571 VARUE
1727 5507 2106 5570 LECTIO‘NES
2140 5514 2227 5569 ET
2264 5518 2496 5576 ΝΟΤᾹΞ.

427 5662 506 5733 (6)
536 5664 577 5718 Ε.
607 5666 825 5737 regione
873 5670 1130 5739 ἐμπεσεῖν
1166 5673 1321 5724 ambo
1348 5670 1502 5727 codd.
1551 5671 1602 5727 in
1635 5674 1874 5744 margine
1915 5675 2016 5731 scri

2060 5685 2152 5731 unt
2181 5675 2487 5745 ἐμπίπτειν.
2503 5677 2715 5737 Possm.
