3974 6144
503 250 641 329 ἓ535
1542 196 1545 197 ν
1685 249 1748 309 S.
1789 246 2072 308 ISIDORI

2119 247 2553 311 I’ELUSIOTE
3571 250 3681 323 1536

499 359 853 434 quorumdam
913 361 1147 430 nequitia
1224 374 1343 415 eam
1399 358 1538 414 male
1596 359 1843 427 accipiat.
1923 358 2059 424 Quid

2114 363 2136 420 ι
2165 358 2281 411 ἀλλ’
2309 358 2413 411 ὑπὸ
2438 358 2539 427 τῆς
2566 358 2723 413 ἐνίων
2749 359 3012 428 πονηρίας
3055 357 3226 430 αὐτὴν
3256 356 3483 424 κακίζει.
3515 363 3573 415 Τί
3596 370 3683 435 γάρ

500 456 645 509 enim
676 452 762 521 illa
794 453 990 522 injuste
1017 453 1161 522 egit,
1192 453 1237 509 si
1269 452 1521 507 Zoslmus
1550 460 1599 505 et
1633 450 1839 518 Maron,
1875 462 1928 505 ut
1959 452 2061 515 ais,

2162 448 2346 518 ἐκείνη
2383 450 2659 521 ἠδίκησεν,
2697 450 2745 502 εί
2775 449 3043 519 Ζώσιμος,
3092 450 3188 503 καὶ
3233 449 3456 522 Μάρων,
3485 451 3552 514 ὡς
3578 454 3682 522 φὴς,

503 528 665 615 atque
723 545 1041 603 Eustathius
1102 559 1210 599 non
1261 542 1506 599 audenda
1563 542 1847 606 audentes,
1909 551 1964 595 et
2004 556 2065 595 se

2168 540 2259 593 καὶ
2293 539 2588 602 Εὐστάθιος
2638 539 2922 611 ἀτόλμητα
2958 538 3288 610 τολμῶντες,
3336 541 3684 609 σεμνυνόμενοι

496 635 768 705 iactantes
812 636 876 690 de
919 637 1005 700 iis,
1034 650 1261 704 quorum
1298 634 1500 702 pudere
1531 648 1627 701 par
1650 640 1818 693 esset,
1848 646 2064 685 omnes-

2162 644 2219 681 τε
2247 626 2331 696 ἐφ’
2354 623 2436 690 οἷς
2477 626 2907 697 ἐπαισχύνεσθαι
2956 626 3163 680 δίκαιον
3186 643 3201 656 '
3238 628 3445 691 πάντας
3489 646 3543 683 τε
3570 629 3683 681 ἀπο-

500 740 608 798 que
634 725 851 795 ﬂagitiis
881 726 1192 780 nobilitatos
1219 724 1600 785 obscurantes,
1626 729 1684 777 et
1707 722 1799 791 qui
1832 736 1897 774 ne
1924 720 2064 772 inter

2163 716 2468 787 κρύψαντες
2523 718 2653 781 τοὺς
2686 717 2762 788 (7)
2812 716 2981 787 κακίᾳ
3030 716 3410 788 βεϐοημένους,
3460 720 3547 771 καὶ
3574 719 3686 788 μηδὲ

499 816 669 871 Iaicos
722 817 937 885 quidem
995 830 1116 872 esse
1165 814 1443 879 deberent,
1477 813 1531 867 in
1563 811 1711 867 clero
1743 807 2066 865 videantur?

2162 805 2221 858 ἐν
2249 808 2359 868 τοῖς
2380 806 2588 869 λαῖκοῖς
2628 802 2768 861 εἶναι
2819 806 3125 875 ὀφείλοντες
3149 809 3231 871 είς
3277 808 3476 877 κλῆρον
3500 808 3686 861 δοκοῦσί

497 907 608 963 Cur
646 922 751 961 non
781 907 850 962 ob
880 915 1029 962 recte
1088 904 1228 961 facta
1274 905 1478 960 clerum
1519 902 1812 973 praedicas,
1856 902 1950 957 sed
1994 899 2064 955 ob

2160 913 2251 961 τες
2306 889 2405 949 Atat
2459 896 2600 950 τίδὲ
2634 896 2708 967 μὴ
2770 897 2879 951 ἀπὸ
2933 898 3043 953 τῶν
3086 897 3490 969 κατορθούντων
3545 901 3687 970 αὐτὴν

501 995 697 1051 delicta
741 998 1021 1053 traducis?
1058 997 1367 1067 viderisque
1411 997 1709 1068 speciosam
1742 1002 2065 1048 consecutus

2161 985 2577 1057 ἀνακηρύττεις,
2604 986 2721 1039 ἀλλ’
2757 987 2867 1041 ἀπὸ
2909 987 3019 1041 τῶν
3059 988 3365 1044 πταιόντων
3413 989 3684 1060 διασύρειςς

500 1088 764 1155 quietem,
791 1090 931 1158 quod
963 1099 1185 1161 prepter
1217 1090 1338 1145 illos
1364 1090 1431 1144 ad
1466 1089 1857 1144 divinissimam
1884 1086 2062 1157 philo-

2162 1076 2259 1130 καὶ
2281 1074 2458 1139 δοκεῖς
2500 1076 2857 1146 εὐπρόσωπον
2903 1076 3175 1149 ῥᾳθυμίαν
3208 1078 3587 1150 τεθηρευκέναι
3612 1080 3687 1133 τοῦ

498 1178 739 1245 sophiam
769 1181 1096 1235 contendere
1124 1181 1398 1250 nequeas?
1421 1179 1478 1235 Si
1506 1194 1574 1234 ex
1603 1180 1669 1234 iis
1685 1195 1805 1249 qua:
1834 1179 2063 1249 liqueat,

2167 1166 2243 1237 μὴ
2270 1165 2531 1222 δύνασθαι
2576 1168 2646 1221 δι’
2695 1167 2896 1232 αὐτοὺς
2961 1171 3031 1241 τῇ
3095 1170 3348 1242 θειοτάτῃ
3400 1170 3686 1240 προσελθεῖν

498 1268 820 1321 sententiam
854 1268 994 1324 ferre
1024 1285 1128 1323 non
1160 1269 1309 1336 libet,
1344 1270 1614 1338 negotium
1634 1284 1729 1338 per
1747 1284 1807 1324 se
1822 1268 2067 1339 expende

2164 1255 2452 1326 φιλοσοφίᾳ
2478 1273 2494 1323 ;
2530 1257 2585 1309 εἰ
2614 1256 2673 1310 δὲ
2708 1257 2770 1311 ού
2806 1257 2987 1327 βούλει
3018 1259 3128 1314 ἀπὸ
3174 1260 3285 1314 τῶν
3315 1260 3689 1332 διαλαμπόντων

497 1366 662 1425 atque
690 1360 945 1429 explora,
984 1361 1298 1431 videbisque
1333 1361 1491 1416 laude
1525 1361 1764 1430 dignum,
1813 1368 1871 1414 ut
1895 1371 1950 1416 et
1980 1360 2063 1414 di-

2162 1345 2261 1416 τὴν
2286 1345 2465 1415 ψῆφον
2491 1347 2757 1418 ἐνεργεῖν,
2818 1348 2951 1405 αὐτὸ
3002 1349 3065 1406 τὸ
3118 1354 3353 1423 πρᾶγμα
3394 1352 3512 1407 καθ’
3558 1353 3689 1406 ἑαυτὸ

500 1448 787 1503 sertissimi
823 1460 1093 1515 oratores,
1138 1451 1206 1507 de
1233 1451 1323 1506 illo
1352 1451 1517 1506 verba
1550 1449 1747 1504 facturi
1781 1456 2065 1503 vereantur

2166 1432 2454 1503 βασάνισον
2480 1450 2496 1466 °
2532 1438 2626 1489 καὶ
2662 1437 2781 1507 ὕψει
2807 1439 2938 1493 αὐτὸ
2966 1441 3241 1497 τοσούτων
3263 1443 3498 1507 ἐπαίνων
3543 1444 3685 1510 ἀξιον,

496 1538 660 1591 etiam
691 1540 900 1595 laudem
931 1541 1050 1610 ejus
1077 1551 1387 1606 contexere,
1419 1558 1537 1611 quae
1569 1541 1737 1609 major
1766 1548 1869 1607 est,
1904 1554 2062 1608 quam

2163 1527 2239 1591 ὡς
2268 1527 2515 1592 καὶτοὺς
2543 1529 2663 1583 λίαν
2707 1534 3174 1604 ῥητορικωτάτους
3224 1537 3615 1607 ἀπαγορεῦσαι,
3653 1539 3690 1590 εί

494 1637 554 1680 ιιι
594 1643 843 1684 sermone
882 1642 1041 1699 queat
1075 1633 1353 1701 explicari.
1406 1632 1562 1698 Quod
1591 1632 1634 1686 si
1665 1645 1843 1701 neque
1892 1630 2063 1698 ipsum

2118 1691 2135 1701 ι
2163 1617 2400 1688 δεήσειεν
2428 1619 2590 1673 αὐτοῦ
2619 1621 2893 1692 ἐγκώμιον
2931 1623 3150 1695 ὑφῆναι.
3181 1625 3387 1689 Μεῖζον
3407 1627 3511 1697 γάρ
3552 1628 3687 1690 ἐστιν,

493 1719 697 1772 clerum
775 1735 965 1777 censes
1029 1724 1464 1793 erplorandum,
1542 1737 1717 1791 neque
1784 1721 1851 1775 de
1908 1721 2062 1776 bonis

2121 1692 2137 1745 ³
2165 1710 2198 1780 ἢ
2227 1710 2302 1773 ὼς
2332 1711 2398 1764 ἂν
2422 1710 2563 1782 λόγῳ
2589 1728 2672 1775 τις
2701 1691 2863 1766 εἴποι.
2905 1691 3052 1768 eis}
3089 1716 3228 1786 μήτε
3251 1717 3388 1770 αὐτὸ
3531 1716 3690 1781 ἐξετά-

494 1811 824 1864 so-ntentlam
875 1827 974 1881 pro
1015 1814 1135 1883 ipso
1184 1814 1394 1878 tuleris,
1441 1814 1537 1869 sed
1575 1814 1645 1868 ob
1704 1811 2058 1882 quorumdam

2165 1817 2339 1865 σειας,
2369 1803 2507 1872 μήτε
2543 1804 2609 1856 ἐκ
2632 1803 2741 1857 τῶν
2766 1805 3068 1877 εὐδοκίμων
3105 1808 3254 1879 αύτῷ
3286 1809 3560 1880 ψηφίσαιο,
3598 1809 3690 1863 ἀλλ’

491 1910 737 1967 peccata,
790 1903 990 1958 audeas
1032 1904 1313 1969 damnare,
1347 1918 1453 1959 nou
1496 1902 1645 1971 juste
1694 1902 1911 1964 feceris,
1960 1916 2060 1955 nec

2163 1891 2229 1947 ἐκ
2258 1892 2365 1945 τῶν
2394 1893 2695 1947 πταιόντων
2724 1894 2950 1950 κακίσαι
2994 1898 3352 1970 τολμήσειας,
3390 1900 3509 1954 οὔτε
3535 1900 3689 1954 δίκαια

491 1988 706 2042 merito.
740 1989 799 2043 Si
832 2005 962 2045 vero
997 1992 1126 2045 illud
1156 1994 1444 2047 admittens
1490 1992 1787 2060 indigneris
1830 1990 1934 2044 illis
1962 1989 2054 2057 qui

2163 1984 2469 2053 ποιήσειας,
2498 1982 2623 2038 οὔτε
2658 1986 2864 2041 είκὸτα.
2898 1988 2960 2042 Εί
3008 1988 3065 2042 δέ
3096 1990 3273 2044 ἐκεῖνο
3297 1992 3688 2063 Ιάποδεχόμενος.

490 2092 595 2130 non
642 2078 824 2134 debito
854 2083 1012 2136 modo
1058 2082 1157 2137 illo
1189 2091 1448 2149 utantur,
1498 2082 1759 2152 sapientis
1809 2095 1874 2136 ac
1929 2095 2058 2149 pru-

2164 2074 2524 2147 ἀγανακτοίης
2555 2076 2695 2129 κατά
2726 2076 2835 2130 τῶν
2868 2079 2929 2132 ού
2957 2078 3186 2145 δεόντως
3230 2081 3382 2153 αύτῷ
3413 2082 3687 2154 χρωμένων,

486 2170 663 2222 dentis
706 2170 810 2224 viri
868 2171 1080 2228 laudem
1110 2173 1356 2237 auferes,
1389 2174 1814 2244 delinquentium
1842 2185 2055 2227 errores

2164 2165 2499 2236 εὐγνώμονος
2524 2168 2618 2222 καὶ
2644 2168 2905 2241 φρονίμου
2935 2172 3130 2243 ἀνδρὸς
3155 2174 3408 2239 ἀποίσεις
3436 2175 3597 2239 δόξαν,
3627 2172 3686 2243 τῷ

487 2261 554 2312 ad
590 2262 866 2329 negotium
911 2262 1174 2328 divinum,
1224 2276 1281 2319 et
1324 2266 1528 2334 justum
1563 2279 1669 2318 non
1702 2264 1985 2325 vertendo,
2013 2269 2056 2315 et

2167 2256 2243 2327 μὴ
2276 2258 2346 2311 τὰ
2372 2256 2480 2310 τῶν
2528 2258 2829 2312 πταιόντων
2876 2259 3331 2334 πλημμελήματα
3380 2266 3459 2329 είς
3492 2266 3686 2335 πρᾶγμα

488 2350 752 2404 ultionem
808 2355 1191 2423 consequendo
1235 2366 1457 2425 propter
1512 2354 1803 2410 amentiam
1852 2352 2057 2408 illorum

2163 2349 2387 2418 τρέπειν
2421 2346 2564 2402 θεῖον
2610 2349 2706 2407 καὶ
2751 2350 2978 2418 δίκαιον,
3025 2354 3122 2407 καὶ
3163 2354 3495 2427 ἐκδικήσεως
3538 2357 3687 2426 τυχεῖν

487 2440 579 2509 qui
616 2440 888 2510 illegitime
920 2443 1051 2499 illud
1094 2447 1503 2514 aggrediuntur.

2162 2437 2252 2491 διὰ
2280 2438 2380 2508 τὴν
2407 2437 2517 2491 τῶν
2537 2440 2869 2511 παρανόμως
2893 2442 3025 2497 αὐτὸ
3050 2445 3351 2514 μετιόντων
3380 2449 3661 2518 παράνοιαν.

504 2561 510 2568 “
588 2549 907 2608 CCCXLIII.
938 2584 1007 2594 —
1038 2548 1413 2611 THEODORO
1446 2550 1949 2613 SCHOLASTICO.

1915 2551 1949 2607 ι,
2395 2544 2576 2602 TMI".
2604 2578 2672 2588 —
2699 2548 3003 2621 ΘΕΟΔΩΡῼ
3033 2553 3484 2626 ΣΧΟΛΑΣΊἹΚῼ.

1327 2649 1492 2704 Bonis
1516 2666 1655 2719 saepe
1682 2664 1777 2704 cur
1808 2646 1946 2702 male
1972 2644 2044 2700 sit
2070 2655 2089 2695 :
2116 2640 2292 2710 major
2314 2646 2373 2693 ut
2410 2639 2585 2708 gloria
2613 2640 2875 2698 obvom'at.

556 2733 799 2794 Virtutes
849 2754 1036 2797 eorum
1088 2742 1181 2814 qui
1232 2730 1289 2799 in
1342 2746 1684 2801 calamitates
1742 2744 2055 2800 inciderunt

2231 2735 2295 2788 Αἰ
2329 2733 2430 2803 μέν
2448 2732 2556 2786 τῶν
2584 2736 3026 2805 περιπιπτόντων
3052 2739 3173 2801 ταῖς
3202 2742 3502 2811 συμφοραῖς
3526 2738 3682 2809 ἀρεταὶ

485 2825 709 2883 aﬂectus
734 2828 911 2885 solent
936 2832 1341 2903 conduplieare.
1390 2834 1615 2905 Indigna
1639 2835 1783 2889 enim
1835 2834 1906 2891 iis
1934 2846 2054 2905 qua

2159 2824 2229 2880 τά
2261 2823 2410 2895 πάθη
2458 2824 2831 2889 διπλασιάζειν
2882 2826 3125 2883 είὼθασι.
3177 2830 3270 2901 Τῷ
3302 2831 3411 2902 γὰρ
3432 2830 3602 2895 ἀνάξια
3623 2824 3681 2881 ὧν

484 2935 604 2974 rum
622 2921 780 2976 laude
797 2933 1081 2993 gesserunt
1109 2924 1384 2994 patiendo,
1414 2927 1693 2982 audientes
1713 2934 2050 2996 comparant,

2110 2965 2127 2987 ,
2161 2915 2531 2990 κατώρθωσαν
2577 2917 2905 2972 πεπονθέναι
2945 2920 3073 2984 τοὺς
3129 2921 3508 2994 ἀκροωμένους
3538 2937 3679 2989 παρα-

484 3021 545 3067 ut
596 3014 830 3069 maximo
875 3013 1064 3071 dolore
1118 3015 1463 3084 impleantur.
1512 3016 1652 3077 Hinc
1690 3027 1747 3073 et
1784 3018 2053 3089 tragoedias

2111 3006 2129 3024 ‘
2162 3006 2482 3072 σκευάζουσι
2528 3009 2790 3080 μεγίστης
2844 3010 3227 3083 ἐμπλησθῆναι
3281 3014 3475 3084 λύπης.
3510 3012 3587 3065 Διὸ
3606 3010 3680 3064 καὶ

482 3104 1013 3161 commiserationem
1071 3107 1273 3174 eiulatu
1313 3109 1607 3173 concitant,
1657 3111 1783 3165 dum
1828 3110 2051 3180 optimos

2158 3096 2217 3150 αί
2249 3097 2547 3169 τραγῳδίαι
2565 3098 2656 3152 τὸν
2681 3093 2861 3154 οἶκτον
2887 3100 3269 3174 διεγείρουσιν,
3300 3106 3425 3159 ὅταν
3450 3106 3680 3175 ἀνήκεστα

487 3194 828 3249 intoleranda
877 3197 1142 3265 patientes
1196 3199 1476 3255 inducunt.
1536 3198 1642 3255 Sed
1690 3201 1789 3255 ista
1843 3203 2056 3271 quidem

2159 3188 2496 3253 πεπονθότας
2524 3190 2652 3255 τοὺς
2682 3191 2937 3263 ἀρίστους
2989 3194 3326 3264 εἰσάγουσιν.
3374 3196 3519 3250 Ἀλλά
3542 3193 3680 3249 ταῦτα

482 3286 625 3354 apud
676 3287 795 3342 illos
823 3289 1187 3356 celebrentur,
1240 3290 1330 3359 qui
1381 3292 1643 3361 hactenus
1678 3292 1781 3348 hoc
1820 3295 2051 3360 modulo,

2161 3274 2260 3344 μὲν
2298 3278 2429 3346 παρ’
2467 3277 2695 3342 ἐκείνοις
2761 3278 3115 3347 θρυλλείσθω,
3146 3286 3259 3347 τοῖς
3313 3286 3413 3350 ἕως
3437 3285 3536 3339 τῶν
3578 3283 3675 3355 τῇδε

484 3374 717 3428 humana
750 3378 967 3445 negotia
998 3379 1315 3434 metiuntur.
1349 3378 1603 3449 Ignorant
1629 3384 1774 3437 enim
1799 3386 1868 3439 ob
1891 3397 1953 3440 ea
1989 3399 2050 3440 se

2156 3367 2466 3437 νομίζουσιν
2489 3362 2628 3423 εἶναι
2657 3368 2727 3424 τά
2753 3370 3074 3441 ἀνθρώπινα
3104 3376 3428 3449 πράγματα.
3454 3376 3677 3448 Λελήθασι

482 3467 687 3533 dolere,
713 3475 933 3538 propter
959 3464 1079 3537 qua:
1108 3468 1280 3525 laetari
1305 3472 1511 3527 deceat.
1540 3472 1709 3547 664
1731 3471 1840 3531 Nos
1870 3483 2049 3531 autem

2163 3456 2274 3533 γὰρ
2328 3460 2411 3530 ἐφ’
2471 3453 2554 3526 οἷς
2609 3460 2832 3535 ἥδεσθαι
2895 3467 3173 3538 προσῆκον
3218 3464 3315 3540 ἦν,
3372 3471 3458 3524 ἐπὶ
3507 3467 3676 3529 τούτοις

481 3557 571 3624 qui
605 3557 669 3611 ad
703 3557 846 3611 aliud
884 3559 1005 3616 vita:
1045 3559 1352 3620 institutum
1402 3568 1599 3621 mentis
1644 3568 1830 3624 oculos
1858 3570 2050 3623 merito

2157 3551 2470 3622 ἀχθόμενοι.
2517 3554 2711 3624 Ἡμεῖς
2762 3553 2819 3607 δὲ
2866 3556 2915 3609 oi
2947 3557 3084 3628 πρὸς
3112 3558 3280 3629 ἀλλην
3312 3561 3424 3631 βίου
3450 3560 3675 3614 κατάστα-

478 3647 784 3719 dirigitnus,
844 3664 994 3708 certo
1049 3656 1252 3710 scimus
1307 3659 1537 3725 probos,
1593 3661 1637 3714 si
1690 3659 1817 3728 quid
1890 3675 2047 3729 grave

2160 3657 2244 3693 σιν
2285 3642 2346 3694 τὸ
2389 3640 2543 3711 ὄμμα
2593 3642 2693 3713 τῆς
2742 3643 2923 3714 ψυχῆς
2970 3646 3197 3712 εἰκότως
3234 3651 3515 3714 τείνοντες,
3550 3651 3676 3718 ἴσμεν

483 3742 801 3811 patiantur,
917 3745 1337 3818 haudquaquam
1401 3750 1900 3814 commiseratione,
1957 3751 2052 3807 sed

2155 3730 2421 3800 ἀκριϐῶς,
2444 3733 2528 3785 ὅτι
2558 3733 2619 3786 οὐ
2644 3732 2739 3787 τοῦ
2764 3734 3144 3801 ταλανίζεσθαι
3173 3741 3221 3793 oi
3254 3743 3523 3813 φιλάρετοι
3547 3741 3671 3805 ἄξιοι.

480 3833 672 3889 faustis
699 3836 972 3891 ominibus
1002 3852 1067 3895 ac
1106 3841 1374 3909 praeconio
1397 3841 1586 3909 dignos
1608 3857 1746 3898 esse.
1782 3841 2047 3897 Illustrio-

2153 3821 2281 3876 ὅταν
2326 3839 2377 3874 τι
2418 3822 2631 3877 πάθωσι
2677 3824 2869 3893 δεινὸν,
2896 3827 3144 3882 ἀλλάτοῦ
3178 3833 3563 3903 μακαρίζεσθαι
3599 3832 3673 3885 καὶ

480 3936 569 3977 res
625 3924 769 3979 enim
859 3927 990 3996 ipsis
1068 3929 1135 3983 ad
1187 3928 1438 3985 virtutem
1505 3941 1835 4001 apparantur
1895 3931 2049 3985 bona:

2153 3911 2326 3981 ἀνακη
2335 3911 2640 3982 ρύττεσθαι.
2658 3916 3049 3990 Λαμπρότεροι
3071 3921 3180 3993 γὰρ
3198 3924 3387 3989 αὐτοῖς
3405 3926 3489 3979 διὰ
3506 3924 3672 3977 τούτων

477 4013 892 4070 existimationis
913 4032 1143 4074 coronas.

2154 4002 2653 4068 κατασκευάζονται
2679 4005 2729 4058 oi
2760 4006 2861 4077 τῆς
2881 4008 3289 4081 εὑδοκιμήσεως
3320 4014 3572 4083 στέφανοι.

672 4101 990 4161 CCCXLIV.
1014 4134 1085 4146 —
1116 4104 1451 4163 ASCLEPIO
1481 4105 1867 4161 SOPHISTIE.

1857 4143 1867 4161 ,
2442 4095 2620 4150 TMA'.
2649 4123 2724 4137 —
2746 4098 3099 4172 ΑΣΚΛΙΙΠΙῼ
3118 4103 3426 4177 meum.

1563 4200 1636 4255 De
1666 4200 1928 4262 Sophistaz
1952 4206 2191 4261 oratione
2227 4206 2386 4263 libere
2402 4208 2636 4275 judicat.

547 4305 677 4375 Legi
703 4320 861 4375 quam
880 4307 947 4361 ad
970 4322 1053 4362 me
1068 4307 1370 4363 orationem
1400 4309 1621 4376 misisti,
1644 4320 1699 4366 et
1713 4313 2035 4381 elegantiam
2072 4304 2116 4358 Ι)

2099 4305 2117 4356 δ
2228 4318 2565 4391 ’Δνεγνὼσθη
2591 4338 2686 4375 σου
2715 4323 2744 4376 ὁ
2777 4322 2955 4393 λόγος,
2986 4325 3046 4379 ὃν
3100 4344 3190 4397 μοι
3228 4328 3557 4391 ἀπέστειλας.
3584 4326 3668 4379 Καὶ

479 4410 600 4450 sum
633 4396 951 4459 admiratus.
983 4395 1098 4451 Non
1125 4397 1361 4453 fefelliSti
1404 4413 1490 4454 me
1532 4399 1783 4457 adulandi
1817 4401 2047 4456 artiﬁcio

2144 4406 2481 4477 θαυμασθεὶς
2529 4414 2630 4482 τῆς
2668 4412 2992 4484 δεινότητος,
3019 4395 3120 4468 οὐκ
3166 4416 3363 4483 ελαθες
3416 4417 3599 4487 κλέψας
3622 4414 3668 4466 τι

477 4488 793 4555 occultans,
834 4498 895 4544 ut
946 4490 1127 4558 specie
1173 4490 1385 4545 consilii
1435 4490 1717 4561 scripsisse
1766 4491 2044 4547 videreris.

2143 4497 2530 4555 κολακευτικὸν
2600 4501 2681 4571 τῷ
2748 4502 2927 4557 δοκεῖν
2979 4505 3295 4577 συμϐουλῆς
3361 4509 3666 4579 προσχήματι

480 4580 618 4635 Nam
683 4596 807 4636 cum
834 4581 1165 4637 adulationis
1211 4581 1518 4651 opinionem
1573 4582 1769 4638 habeat
1811 4582 2046 4638 laudatio

2144 4591 2611 4661 συγγεγραφέναι.
2664 4592 2882 4665 Ἐπειδὴ
2926 4595 3035 4667 γὰρ
3059 4596 3219 4664 δόξαν
3273 4600 3551 4661 κολακείας
3576 4599 3664 4667 ἔχει

482 4669 803 4738 potentium,
871 4671 1013 4724 aliud
1053 4678 1426 4740 argumentum
1477 4671 1701 4738 tinxisti,
1752 4671 1895 4725 aliud
1933 4681 2045 4726 tra-

2140 4675 2203 4729 τὸ
2232 4678 2473 4733 ἐπαινεῖν
2500 4680 2630 4745 τοὺς
2663 4683 2876 4753 μεγάλα
2913 4684 3262 4756 δυναμένους,
3316 4691 3479 4760 ἀλλην
3509 4688 3665 4743 ὑπόθε-

476 4762 662 4820 ctasti.
694 4761 828 4815 Nam
859 4764 1011 4832 quasi
1034 4763 1318 4817 ostendere
1334 4763 1517 4817 volens
1542 4777 1761 4817 causam
1788 4765 1856 4817 ob
1881 4777 2039 4830 quam

2149 4784 2233 4821 σιν
2278 4770 2603 4841 πεποίηκας,
2633 4774 2725 4826 καὶ
2753 4774 2920 4845 ἄλλην
2970 4779 3233 4848 εἰργάσω.
3281 4782 3369 4846 Ὡς
3402 4782 3503 4852 γὰρ
3528 4778 3663 4841 δεῖξαι

479 4864 637 4922 aptus
680 4866 826 4910 esset
851 4857 916 4911 ad
940 4856 1330 4927 imperandum,
1362 4855 1436 4909 ita
1469 4855 1826 4910 laudationem
1861 4855 2039 4909 absol-

2146 4857 2467 4929 βουλόμενος
2525 4862 2625 4934 τὴν
2682 4864 2882 4931 αἰτίαν,
2944 4866 3012 4921 δι’
3075 4869 3143 4940 ἥν
3196 4872 3495 4943 ἐπιτήδειός
3548 4873 3664 4923 ἐστιν

478 4948 627 5002 visti.
660 4946 890 5003 Mentem
916 4949 1097 5017 itaque
1127 4964 1232 5003 non
1262 4947 1611 5007 admittentes
1636 4958 1810 5001 artem
1840 4962 2031 5000 sumus

2143 4950 2415 5021 ἡγεῖσθαι,
2465 4952 2605 5006 οὕτω
2650 4955 2712 5007 τὸ
2748 4956 3021 5027 ἐγκώμιον
3057 4959 3398 5031 ἐπλήρωσας.
3430 4963 3531 5031 Τὴν
3555 4958 3663 5027 γνὼ-

478 5038 751 5093 admirati.

2146 5057 2252 5111 μην
2289 5037 2381 5095 οὖν
2412 5043 2511 5096 οὐκ
2539 5045 2927 5115 ἀποδεξάμενοι
2949 5049 3048 5118 τὴν
3077 5050 3271 5123 τέχνην
3295 5052 3659 5124 ἐθαυμάσαμεν.

644 5128 932 5185 CCCXLV.
963 5160 1031 5172 —
1078 5128 1347 5184 DANIELI
1390 5126 1868 5183 PRESBYTERO.

2382 5132 2563 5186 TME'.
2592 5164 2665 5173 —
2692 5136 2950 5189 AANIHA
2995 5139 3459 5213 ΠΡΕΣΒΥΤΕΡῼ.

887 5220 1029 5286 Quid
1056 5222 1112 5273 in
1141 5218 1424 5289 Evangelia
1451 5220 1519 5273 sit
1554 5236 1767 5289 regnum
1798 5218 1893 5273 Dei
1915 5228 1961 5272 et
1988 5234 2197 5288 regnum
2232 5220 2497 5275 caelorum.
2519 5221 2694 5293 (Conf.
2723 5227 2871 5295 epist.
2909 5227 3033 5293 206,
3067 5229 3162 5283 lib.
3195 5230 3303 5301 ιιι.)

540 5314 683 5381 Quia
729 5328 1054 5384 cognoscere
1101 5314 1299 5369 avebas
1352 5313 1481 5382 quid
1533 5312 1603 5366 sit
1646 5312 1699 5365 iu
1748 5312 2034 5382 Evangelia

2226 5313 2439 5384 Ἐπειδὴ
2466 5312 2739 5387 ἐζήτησας
2765 5316 2978 5389 μαθεῖν,
2998 5318 3055 5372 τί
3081 5319 3201 5375 ἐστι
3217 5322 3500 5386 ,ϐασιλεία
3521 5315 3659 5377 Θεοῦ,

1536 5428 1772 5484 γΑιιιιιΕ
1810 5428 2189 5485 LECTIONES
2225 5430 2314 5484 ET
2351 5429 2581 5487 NOTAE.

560 5544 649 5619 _(7)_7
677 5545 823 5599 Inter
868 5548 992 5611 τοὺς
1036 5558 1089 5604 ct
1138 5546 1303 5617 κακίᾳ
1363 5558 1587 5617 uterque
1617 5548 1804 5619 Acodcx
1856 5547 2042 5601 inserit

2154 5616 2164 5619 A
2220 5545 2295 5619 (8)
2335 5545 2478 5600 Inter
2506 5546 2636 5600 αὐτὸ
2674 5557 2729 5603 et
2763 5546 3075 5619 ἐξετάσειας
3109 5551 3265 5606 iidem
3299 5527 3657 5619 inﬁnduntxgﬁ'

478 5610 588 5670 ἐπί.
624 5616 832 5670 I‘ossm.
978 5610 983 5611 ί
1280 5610 1290 5617 ’
1502 5610 1518 5617 ’
1617 5615 1619 5619 ⁴

2148 5610 2304 5667 ἑαυτὸ
2331 5626 2384 5671 et
2419 5632 2555 5672 vers.
2585 5627 2704 5686 post
2727 5619 2781 5686 6,
2805 5610 3068 5683 ’ἀποίσεις
3086 5622 3327 5681 scribunt
3360 5617 3575 5673 ἀποίσει.
3597 5610 3654 5665 In.
