3974 6144
350 313 484 380 1537
1152 308 1687 371 EPISTOLARUM
1726 306 1872 367 LIB.
1912 306 1932 366 i

2040 329 2083 341 -
2110 305 2347 367 EPIST.
2412 305 2751 366 CCCXLIX.
3457 301 3593 367 1538

349 429 446 480 καὶ
496 425 788 490 βασιλεία
832 421 1129 493 οὐρανῶν,
1177 420 1623 485 ὼιτιεπιστέλλω,
1659 420 1743 472 ὃτι
1782 419 1926 480 τινὲς

2040 434 2244 487 regnum
2286 418 2400 481 Dei,
2428 428 2482 473 et
2512 434 2728 488 regnum
2764 416 3032 481 caelorum,
3086 415 3384 486 respondeo
3429 428 3596 483 quos-

351 518 453 586 μὲν
497 518 702 569 οίονται
748 514 864 582 τὴν
890 513 998 568 τοῦ
1028 513 1178 567 Θεοῦ
1217 512 1438 582 μείζονα
1465 506 1603 565 εἶναι
1639 509 1733 563 καὶ
1777 509 1919 562 θειο-

2040 511 2148 563 iam
2178 510 2388 578 opinari
2420 511 2512 565 Dei
2546 523 2756 579 regnum
2785 508 2957 577 majus
2988 522 3108 562 esse
3135 517 3299 576 atque
3336 505 3597 571 divinius,

344 607 532 675 τέραν,
564 606 663 675 τὴν
682 606 737 659 δὲ
762 604 881 659 τῶν
906 604 1183 674 οὐραγῶν
1227 603 1485 657 ἐλάττονα
1514 602 1610 657 καὶ
1647 601 1919 669 ,καταδεε-

2040 600 2277 653 natorum
2311 615 2463 663 vero,
2490 601 2672 655 minus
2694 607 2858 669 atque
2881 598 3107 653 inferius
3134 597 3247 651 illo.
3282 596 3435 652 Alios
3462 605 3595 652 vero

346 697 564 768 στέραν.
605 698 761 763 Τινὲς
784 698 841 751 δέ
870 715 1002 768 φασι
1035 698 1164 768 μίαν
1195 695 1363 767 αὐτὴν
1390 690 1554 749 οὖσαν
1588 694 1711 749 καθ’
1742 692 1922 764 ὓπαρ-

2040 690 2305 747 aﬂirmare
2333 706 2500 746 unum
2535 704 2656 747 esse
2688 691 2939 760 idemque
2962 705 3207 760 regnum,
3236 690 3448 745 diverse
3471 689 3599 743 licet

347 788 451 856 ξιν,
512 788 785 861 διαφόρως
826 788 1271 859 ἐκπεφωνῆσθαι,
1322 786 1451 840 ποτέ
1507 784 1607 855 μὲν
1661 784 1773 838 άπὸ
1827 783 1922 838 τοῦ

2040 783 2358 850 efferantur,
2405 785 2673 839 interdum
2704 798 2735 837 a
2767 784 2875 837 Deo
2906 792 3164 852 regnante
3202 781 3425 847 ibidem,
3463 795 3599 835 nona-

348 878 726 949 βασιλεύοντος
754 880 911 947 Θεοῦ,
956 881 1087 934 ποτὲ
1113 880 1169 933 δὲ
1204 878 1312 931 άπὸ
1344 876 1451 930 τῶν
1488 873 1921 945 βασιλευομένων

2040 890 2301 942 nunquam
2341 876 2409 929 ab
2457 874 2682 943 angelis,
2729 874 2925 942 quibus
2955 873 3251 943 imperatur
3292 870 3383 927 illo
3408 884 3598 941 regno,

346 972 596 1041 ἀγγέλων
622 990 681 1025 τε
705 973 801 1026 καὶ
823 973 995 1042 ἁγίων
1028 972 1338 1043 κληθεῖσαν.

2040 974 2083 1020 et
2111 982 2141 1020 ιι
2165 965 2367 1021 sanctis
2392 965 2696 1020 hominibus
2719 965 2797 1019 sic
2831 964 3148 1033 nuncupari.

592 1080 791 1147 TMC'.
812 1109 882 1120 —
905 1079 1154 1149 ΖΩΣΙΜῼ
1204 1077 1668 1146 ΠΡΕΣΒΥΤΕΡῼ.

2195 1071 2516 1129 CCCXLVI.
2541 1080 2611 1113 -“
2636 1071 2889 1128 ZOSlMO
2940 1072 3423 1130 PRESBYTERO.

1416 1170 1498 1223 Ad
1528 1170 1714 1224 bonam
1738 1175 1959 1221 mentem
1982 1165 2195 1226 inuitat.
2228 1182 2261 1220 a
2293 1166 2533 1221 libidine.

420 1281 485 1335 Εί
514 1281 610 1335 καὶ
660 1275 729 1333 τὰ
780 1279 866 1349 ἐφ’
909 1271 1106 1349 οἷσπερ
1155 1277 1317 1342 ἁλοὺς
1370 1278 1564 1350 πρώην
1593 1278 1916 1346 ἐκολάσθης,

2099 1278 2165 1334 Et
2195 1279 2240 1333 si
2259 1294 2486 1349 quorum
2508 1280 2785 1336 convictus
2811 1278 2959 1335 fuisti
2976 1290 3351 1351 pmnasnuper
3364 1277 3600 1343 dederis,

349 1370 522 1424 νοσῶν
542 1366 876 1440 ἀγριώτερον
899 1362 1055 1431 αὖθις
1083 1368 1376 1440 ἐφωράθης
1402 1384 1415 1399 ·
1451 1368 1588 1423 ἀλλά
1612 1385 1677 1437 γε
1704 1369 1753 1421 εί
1778 1368 1919 1421 παύ-

2040 1371 2238 1440 gravius
2265 1379 2528 1441 aegrotare
2560 1385 2622 1427 es
2665 1372 2860 1425 iterum
2900 1371 3300 1441 deprehensus,
3331 1385 3518 1426 verum
3554 1372 3601 1426 si

352 1479 468 1515 σοιο
497 1462 597 1531 τῆς
630 1460 848 1531 μανίας,
896 1460 1195 1531 θεραπείας
1233 1460 1396 1532 τεύξῃ
1427 1476 1441 1490 ο
1476 1462 1525 1513 εί
1562 1461 1618 1514 δὲ
1657 1460 1919 1531 δυσχερές

2045 1460 2265 1514 nsanire
2297 1461 2531 1526 desines,
2563 1460 2826 1516 medelam
2861 1461 3230 1531 consequeris.
3261 1460 3357 1516 Sin
3386 1460 3605 1515 diﬂicile

352 1565 437 1602 σοι
462 1547 696 1602 δοκεῖτὸ
718 1548 1084 1618 ἀποφοιτῆσαι
1126 1547 1224 1616 τῆς
1274 1548 1496 1614 κακίας,
1540 1547 1919 1619 χαλεπώτερον

2040 1552 2115 1607 ibi
2152 1553 2398 1607 videatur
2449 1555 2517 1606 ab
2557 1552 2905 1623 improbitate
2958 1552 3274 1619 discedere,
3332 1551 3605 1607 difﬁcilius

351 1635 491 1693 εἶναι
532 1640 739 1707 δοξάτω
771 1639 834 1693 τὸ
883 1642 982 1710 τῆς
1022 1637 1295 1701 κολάσεως
1348 1637 1596 1709 μέγεθος.
1636 1639 1698 1690 Εἰ
1740 1639 1785 1692 δ’
1820 1639 1921 1691 οὐκ

2040 1645 2161 1712 quid
2189 1657 2312 1699 esse
2340 1643 2654 1699 existimato
2702 1643 2950 1713 supplicii
3002 1644 3343 1713 gravitatem.
3369 1642 3521 1709 Quod
3555 1643 3604 1697 si

350 1731 454 1784 οἴει
486 1730 832 1795 κολάζεσθαι,
858 1730 1027 1785 ἐννόει
1055 1730 1180 1792 τοὺς
1202 1730 1320 1782 ἐκεῖ
1339 1729 1919 1801 τιμωρηθησομένους.

2040 1752 2131 1790 non
2162 1746 2323 1805 putes
2376 1745 2427 1791 te
2458 1736 2787 1806 puniendum
2819 1750 2959 1800 esse,
3007 1735 3182 1805 cegita
3224 1736 3292 1790 de
3320 1735 3386 1789 iis
3413 1735 3503 1805 qui
3530 1734 3603 1789 ibi

354 1825 420 1877 Ei
444 1824 491 1877 δ’
520 1825 770 1888 ἀπιστεῖς
792 1826 905 1887 τοῖς
942 1824 1145 1888 ἐκεῖσε,
1173 1821 1272 1875 θέα
1292 1824 1419 1885 τοὺς
1450 1820 1729 1876 κάνταῦθα
1759 1821 1923 1874 κολα-

353 1914 605 1980 σθέντας,
657 1917 750 1970 καὶ
788 1913 1188 1985 κολαζομένους
1216 1927 1232 1945 ·
1265 1914 1362 1969 καὶ
1409 1913 1705 1984 άνένεγκον
1736 1914 1800 1967 ἐκ
1828 1912 1923 1967 τοῦ

352 2006 517 2076 βυθοῦ
548 2009 644 2080 τῆς
676 2008 983 2076 ἀσελγείας.

655 2116 830 2170 TMZ'.
870 2143 938 2155 -—-
966 2115 1227 2186 ΔΛΥΠΙῼ
1260 2115 1628 2185 ΕΠῙΣΚΟΠῼ.

2029 1834 2290 1880 aeternum
2356 1825 2763 1880 cruciabuntur.
2821 1822 2973 1889 Quod
3026 1824 3071 1878 si
3130 1837 3237 1877 non
3293 1822 3483 1877 credas
3532 1820 3607 1875 ibi

2029 1918 2356 1973 cruciandos
2399 1916 2452 1970 in
2483 1917 2649 1970 altera
2682 1916 2791 1969 vita
2812 1958 2827 1983 ,
2857 1917 2980 1970 vide
3027 1917 3079 1970 in
3117 1924 3259 1969 terra
3309 1915 3526 1984 punitos
3552 1920 3609 1970 et

2033 2009 2355 2078 puniendos,
2379 2018 2432 2063 et
2466 2011 2654 2077 pedem
2686 2007 2817 2064 επιει-
2841 2011 2907 2063 e'x
2938 2010 3194 2063 barathro
3223 2006 3483 2063 libidinis.

2274 2116 2618 2175 CCCXLVII.
2644 2149 2712 2162 —-
2744 2117 2975 2174 ADTPIO
3013 2115 3366 2173 EPISCOPO.

1492 2206 1747 2261 Ἀπόνοια
1770 2208 1909 2261 unde
1932 2209 2074 2264 dicta
2095 2220 2141 2265 et
2171 2210 2465 2265 Νουθεσία.

437 2314 656 2387 Ἐπειδὴ
683 2316 778 2369 καὶ
809 2317 843 2388 ἡ
876 2315 1108 2371 ἀπόνοια
1143 2320 1244 2387 τῆς
1298 2317 1644 2390 συμμετρίας
1684 2317 1779 2370 καὶ
1832 2317 1927 2370 τοῦ

355 2408 567 2471 δέοντος
610 2408 941 2472 ἐκπεσοῦσα,
969 2409 1063 2462 καὶ
1112 2409 1241 2475 dno,
1285 2409 1554 2476 τουτέστι,
1601 2409 1797 2477 πόρῤω
1826 2407 1933 2462 τοῦ

354 2499 469 2556 νοῦ
494 2499 800 2569 γινομένη,
824 2500 889 2553 δι’
923 2498 952 2552 ὃ
979 2500 1073 2553 καὶ
1098 2500 1327 2555 ἀπόνοια
1344 2500 1584 2570 λέγεται,
1613 2498 1931 2562 ἀλαζονείαν

357 2590 674 2664 ἐργάζεται,
691 2590 789 2663 τὴν
812 2590 1094 2646 νουθεσίαν
1120 2592 1528 2664 παραληπτέον,
1549 2593 1696 2664 ἤπερ
1716 2591 1932 2663 εἴρηται

359 2685 511 2754 παρὰ
542 2682 641 2754 τὴν
678 2682 772 2736 τοῦ
798 2682 890 2737 νοῦ
927 2682 1094 2738 θέσιν.
1146 2685 1300 2755 Τάχα
1352 2701 1470 2749 πως
1520 2684 1851 2747 ἀκούσαντες
1879 2685 1930 2737 οἱ

353 2773 607 2840 τοιοῦτοι,
666 2774 884 2828 ἐνθεσθε
962 2774 1212 2846 καρδίαν,
1270 2778 1349 2840 εἰς
1424 2775 1930 2846 ταπεινοφροσύνην

356 2866 606 2937 ἀσμένως
642 2865 951 2935 βαδίσωσιν.

639 2976 825 3031 TMH'.
858 3007 928 3019 —
957 2975 1287 3049 ΑΡΠΟΚΡᾼ
1318 2975 1630 3047 ΣΟΦΙΣΤῌ.

2103 2318 2551 2390 Quandoquidem
2577 2320 2825 2387 ἀπόνοια,
2860 2319 2911 2378 id
2935 2328 3017 2373 est
3046 2320 3342 2385 amentia,a
3371 2319 3527 2375 modo
3554 2328 3609 2375 et

2031 2411 2214 2467 debito
2265 2412 2553 2474 excedens,
2597 2420 2653 2465 et
2677 2411 2784 2464 ἀπὸ
2812 2410 2906 2464 τοῦ
2939 2410 3064 2475 νοῦ,
3111 2411 3164 2464 id
3213 2419 3328 2475 est,
3352 2411 3536 2479 procul
3574 2426 3608 2464 α

2031 2512 2200 2558 ments
2242 2505 2532 2569 exsistens,
2593 2504 2736 2557 unde
2788 2512 2843 2558 et
2888 2503 3115 2557 ἀπόνοια
3147 2500 3349 2558 Grtecis
3411 2502 3609 2558 dicitur

2034 2595 2349 2664 superbiam
2402 2595 2562 2663 parit.
2654 2594 2966 2660 Νουθεσία,
3031 2596 3083 2649 id
3133 2604 3218 2649 est
3250 2634 3266 2659 ,
3319 2592 3609 2648 admonitio

2037 2685 2336 2739 adhibenda
2361 2694 2443 2740 est
2471 2699 2592 2755 qua:
2612 2685 2777 2739 etiam
2796 2686 2934 2739 dicta
2952 2683 3155 2740 Grmcis
3172 2700 3203 2738 a
3227 2685 3421 2739 mentis
3442 2694 3607 2739 statu.

2039 2775 2202 2830 Forte
2231 2777 2322 2845 qui
2373 2776 2599 2829 audiunt
2648 2775 2807 2843 tales,
2842 2776 2969 2829 hinc
3014 2789 3106 2829 cor
3132 2776 3199 2829 ad
3246 2774 3607 2830 humilitatem

2042 2876 2232 2918 secure
2254 2863 2567 2931 disponunt.

2111 2971 2276 3043 665
2305 2970 2666 3029 CCCXLVIII.
2691 3000 2763 3016 -—
2784 2971 3180 3031 HARPOCR‘E
3214 2970 3539 3029 RHETORI.

1114 3088 1193 3144 De
1224 3089 1461 3143 docentis
1490 3088 1676 3158 ofﬁcio.
1707 3086 1863 3160 (Sup.
1895 3086 2045 3157 epist.
2078 3082 2209 3147 215,
2237 3081 2365 3146 255,
2387 3078 2515 3144 265.
2545 3081 2673 3147 265,
2704 3081 2853 3154 290.)

430 3195 555 3261 Τοῖς
576 3196 844 3268 δυσηνίοις
880 3194 1151 3267 μαθηταῖς
1178 3195 1278 3266 (9),
1302 3188 1347 3248 ὧ
1378 3196 1631 3266 σοφιστά,
1665 3196 1757 3250 τὸν
1778 3195 1929 3266 χαλιο

2108 3190 2401 3259 Discipulis
2461 3188 2841 3256 refractariis,
2886 3205 2919 3245 ο
2974 3192 3240 3262 sophista,
3278 3192 3425 3249 velut
3458 3196 3616 3266 equis

357 3289 449 3343 νὺν
472 3288 568 3343 τοῦ
605 3287 770 3358 φόϐου
808 3287 997 3358 ὥσπερ
1021 3287 1225 3350 πώλοις
1257 3286 1495 3358 ἔμϐαλλε
1523 3305 1538 3320 ο
1578 3288 1673 3341 καὶ
1714 3286 1933 3340 ἐπιστό-

361 3381 487 3451 μιζε
540 3378 761 3445 αὐτοὺς,
814 3379 1041 3433 ἐπειδὰν
1062 3378 1345 3450 ἀγέρωχον
1378 3395 1431 3431 τι
1485 3379 1579 3431 καὶ
1625 3377 1778 3449 παρὰ
1832 3378 1932 3449 τὴν

363 3472 516 3541 ⁴Ιίινίαν
553 3470 868 3542 πράττοιεν,
898 3469 986 3523 ἵνα
1016 3470 1111 3523 καὶ
1153 3471 1202 3523 oi
1235 3468 1438 3541 εὐήνιοι
1492 3467 1655 3522 πλέον
1700 3468 1934 3522 ἐπιδοῖεν

362 3564 499 3635 πρὸς
527 3563 749 3634 ἀρετὴν.
777 3562 851 3615 Τὸ
879 3562 991 3634 γὰρ
1022 3560 1133 3615 τῶν
1161 3560 1343 3616 αὐτῶν
1378 3558 1664 3625 ἀξιοῦσθαι
1693 3561 1821 3623 τοὺς
1856 3559 1933 3631 μὴ

360 3655 433 3708 τά
462 3654 601 3707 αὐτὰ
632 3654 992 3726 πράττοντας,
1023 3652 1373 3708 ἀτοπώτατόν
1393 3654 1531 3714 ἐστι,
1560 3652 1654 3706 καὶ
1677 3654 1745 3724 τῇ
1765 3653 1932 3722 ἀρετῇ

364 3744 643 3815 ἐμπόδιον.
672 3744 766 3808 Et;
802 3744 1045 3816 ἀθυμίαν
1071 3744 1181 3816 γὰρ
1202 3743 1490 3815 ἐμϐάλλων
1519 3743 1649 3806 τοὺς
1674 3741 1934 3814 ἀρίστους

367 3833 578 3903 ναρκᾷν
602 3833 1035 3902 παρασκευάζει.
1068 3832 1299 3903 Τρόπων
1318 3826 1410 3884 οὖν
1437 3829 1662 3899 μᾶλλον,
1698 3829 1733 3901 ἢ
1761 3829 1935 3897 λόγων

369 3922 674 3993 ἡγούμενος
722 3919 864 3976 εἶναι
907 3923 1103 3977 σαυτὸν
1139 3920 1456 3993 παιδευτὴν,
1496 3921 1711 3975 δείκνυε
1751 3921 1936 3984 αὐτοῖς

367 4014 674 4084 ἀρχέτυπόν
701 4031 823 4069 τινα
854 4015 1177 4086 χαρακτῆρα
1199 4014 1293 4067 τὸν
1327 4013 1525 4066 σαυτοῦ
1560 4011 1675 4084 βίον
1696 4029 1709 4045 ο
1732 4012 1792 4066 οὑ
1826 4014 1935 4084 γὰρ

371 4109 400 4164 ὁ
430 4106 585 4175 λόγος
616 4106 890 4169 τοσοῦτον,
916 4107 1040 4159 ὅσον
1062 4108 1090 4159 ὁ
1117 4105 1229 4175 βίος
1257 4106 1337 4169 είς
1368 4103 1569 4177 ἀρετὴν
1594 4104 1795 4174 ἐνάγει.

825 4212 1007 4270 ΤΜΘι.
1040 4243 1110 4252 -
1130 4213 1218 4282 Tn
1266 4211 1466 4281 ΑΥΤῼ.

2039 3280 2318 3337 indomitis
2349 3281 2561 3336 frenum
2597 3282 2808 3337 timoris
2835 3281 3016 3350 iniice,
3048 3292 3212 3353 atque
3238 3300 3332 3342 eos
3356 3288 3613 3355 capistra.

2039 3371 2133 3427 ubi
2170 3372 2298 3440 quid
2347 3372 2607 3438 insolens,
2662 3383 2716 3428 et
2756 3382 2952 3444 praeter
3006 3375 3246 3433 habenas
3297 3380 3526 3447 egerint,
3557 3389 3616 3436 nt

2040 3461 2210 3518 frenis
2250 3463 2356 3518 rite
2404 3475 2678 3532 parentes,
2727 3464 2848 3534 plus
2881 3466 2948 3521 ad
2989 3468 3245 3539 virtutem
3303 3470 3611 3540 proficiant.

2037 3552 2173 3608 Nam
2201 3555 2389 3610 eadem
2418 3554 2655 3611 tribuere
2682 3557 2747 3611 iis
2771 3556 2863 3627 qui
2914 3572 3018 3612 non
3065 3559 3252 3614 eadem
3286 3569 3470 3631 agunt,
3520 3563 3617 3615 ah-

2037 3643 2416 3698 surdissimum
2432 3652 2534 3709 est,
2559 3646 2881 3716 virtutisque
2901 3646 3365 3715 impedimentum.
3387 3650 3616 3705 Animos

2039 3735 2181 3789 enim
2212 3735 2539 3804 optimorum
2575 3735 2834 3804 dejiciens
2865 3750 2929 3791 ac
2962 3752 3314 3807 prosternens
3340 3750 3613 3811 torporem

2042 3826 2264 3881 inducit.
2305 3826 2671 3882 Institutorem
2720 3828 2883 3898 igitur
2920 3838 2971 3884 te
3003 3832 3178 3899 potius
3208 3846 3417 3887 morum
3452 3849 3613 3903 quam

2041 3932 2353 3971 sermonum
2383 3932 2505 3973 esse
2532 3927 2701 3983 ratus,
2726 3928 2868 3973 tuam
2902 3920 3006 3977 illis
3038 3922 3202 3977 vitam
3242 3923 3485 3988 ostende,
3517 3940 3612 3979 ve-

2041 4007 2121 4061 lut
2151 4009 2502 4079 archetypum
2552 4008 2666 4063 sive
2696 4009 2991 4079 exemplar.
3047 4010 3164 4068 Non
3217 4015 3359 4068 enim
3407 4024 3613 4071 tantum

2043 4099 2239 4164 oratio,
2270 4107 2532 4167 quantum
2560 4102 2664 4153 vita
2689 4102 2754 4155 ad
2786 4102 3036 4157 virtutem
3065 4104 3231 4161 ducit.

2499 4210 2813 4268 CCCXLIX.
2838 4242 2909 4255 --
2941 4213 3167 4272 EIDEH.

1582 4320 1851 4376 Erubescit
1885 4332 2134 4375 tauaatus
2176 4322 2409 4375 Immitis.

444 4430 565 4484 Ὀτι
644 4429 782 4500 πρὸς
861 4429 988 4493 τοὺς
1051 4428 1303 4493 ἐπαίνους
1380 4428 1640 4501 ἐρυθριᾷν
1692 4430 1932 4498 πέφυκα,

2114 4428 2193 4482 Ad
2223 4428 2408 4483 laudes
2430 4428 2753 4487 erubescere
2779 4445 2866 4488 me
2889 4441 3080 4487 natura
3102 4433 3297 4497 solere,
3325 4435 3489 4504 probe
3525 4445 3615 4489 tua

370 4524 523 4597 μάλα
576 4486 819 4594 artifici»;
864 4486 984 4576 om.
1029 4538 1124 4575 σου
1162 4522 1197 4592 ἡ
1226 4486 1529 4584 ποίίδειίσιςί
1585 4486 1791 4575 amb“;
1832 4486 1932 4591 Ὺάέ

2049 4519 2199 4573 novit
2244 4520 2556 4590 prudentia.
2590 4520 2723 4575 Cum
2756 4523 2899 4577 enim
2947 4539 3237 4581 occurrere
3285 4528 3436 4581 nobis
3486 4543 3614 4581 cum

370 4615 512 4688 μετὰ
543 4613 650 4668 τῶν
690 4614 801 4667 σῶν
847 4613 1118 4683 φοιτητῶν
1159 4614 1401 4683 ἐντυχεῖν
1431 4614 1567 4684 ἡμῖν
1599 4611 1932 4682 κατηξίωσας

2052 4611 2158 4664 tuis
2208 4611 2547 4667 auditoribus
2588 4613 2837 4684 dignatus
2888 4629 2949 4672 es
3006 4626 3062 4671 et
3110 4619 3235 4687 quid
3280 4620 3618 4689 interrogare

369 4705 468 4759 καὶ
499 4703 769 4774 ἐρωτῆσαί
801 4721 853 4756 τι
878 4702 988 4757 τῶν
1014 4704 1174 4774 ιερῶν
1220 4701 1452 4775 Γραφῶν
1476 4701 1801 4773 ἠϐουλήθης,
1829 4702 1932 4771 ἐγὼ

2045 4715 2077 4756 ο
2107 4704 2279 4757 sacris
2312 4703 2532 4759 Litteris
2560 4705 2798 4770 voluisti,
2830 4721 2930 4776 ego
2973 4722 3103 4762 vero
3137 4709 3244 4762 dixi
3292 4711 3464 4777 quoad
3498 4712 3617 4779 ejus

369 4795 429 4849 δέ
459 4789 611 4848 εἷπον
633 4794 709 4858 ὠς
740 4788 929 4847 οἷόντε
953 4790 1043 4864 ἦν’
1071 4794 1133 4847 τὸ
1164 4793 1463 4863 τηνικαῦτα
1491 4794 1619 4864 παρ’
1652 4792 1807 4863 ὑμῶν
1843 4792 1932 4864 μὲν

2045 4790 2160 4846 ﬁeri
2191 4792 2383 4860 potuit,
2409 4801 2537 4847 tunc
2557 4792 2777 4862 plausus
2798 4810 2826 4848 a
2859 4795 3009 4850 vobis
3042 4798 3307 4864 processit
3334 4798 3616 4869 laudisque

369 4884 565 4955 κρότος
592 4885 703 4956 (10)
728 4883 1045 4954 ἐξεφοίτησε
1071 4883 1167 4936 καὶ
1198 4882 1422 4936 ἐπαίνου
1463 4882 1668 4955 ῥόθιον.
1707 4882 1850 4952 Ἐγὼ
1879 4882 1932 4937 δὲ

2046 4883 2275 4940 sonitus.
2300 4882 2588 4939 Perculsus
2615 4892 2791 4939 tamen
2823 4884 2898 4940 ita
2929 4884 3005 4939 fui
3029 4887 3334 4956 ruboreque
3360 4888 3615 4955 suffusus,

369 4972 514 5026 οὕτω
560 4971 910 5040 κατεπλάγην
970 4969 1065 5023 καὶ
1118 4967 1469 5039 ἠρυθρίασα,
1530 4968 1607 5032 ὡς
1651 4969 1745 5023 ἐπὶ
1803 4969 1932 5023 πολὺ

2048 4982 2107 5025 ιιι
2144 4972 2231 5027 diu
2258 4974 2504 5043 stupidus
2533 4974 2809 5030 iusserim.
2868 4974 2976 5030 Cur
3025 4976 3189 5046 igitur
3224 4978 3405 5033 laudes
3453 4982 3613 5034 ador-

370 5064 580 5135 άχανὴς
643 5064 844 5133 μεῖναι.
909 5059 975 5112 Τί
1016 5058 1215 5129 δήποτε
1272 5058 1453 5112 τοίνυν
1514 5057 1771 5119 ἐπαίνους
1815 5074 1932 5111 συν-

2051 5076 2211 5129 nans,
2250 5078 2371 5136 quae
2396 5065 2590 5121 merita
2650 5075 2832 5122 nostra
2857 5065 3014 5138 longe
3060 5069 3346 5137 excedant,
3382 5072 3622 5128 misisti?

369 5156 507 5220 θεὶς,
539 5152 718 5223 πολλῷ
758 5152 856 5223 τὴν
884 5152 1161 5223 ἡμετέραν
1193 5149 1589 5221 ὑπερϐαίνοντα
1618 5150 1775 5215 ἀξίαν
1812 5150 1943 5206 ἐπέ·

371 5245 589 5310 στείλας
605 5263 622 5313 ;

1463 5399 1696 5454 VARUE
1738 5400 2121 5460 LECTIONES
2157 5403 2244 5459 ΕΤ
2283 5403 2520 5471 ΝΟΤΕ,

367 5557 522 5685 Ρῡω)
548 5555 648 5612 Pro
684 5556 953 5627 μαθηταῖς
994 5559 1154 5614 iidem
1189 5558 1347 5612 codd.
1390 5559 1591 5613 habent
1636 5563 1941 5630 φοιτηταῖς.

453 5643 583 5680 ssm.

453 5643 583 5680 SSIN.

442 5698 553 5771 (10)
590 5697 691 5751 Pro
720 5697 911 5767 κρότος
932 5699 1086 5754 codd.
1119 5698 1240 5754 Vat.
1266 5699 1368 5754 650
1398 5707 1451 5753 et
1469 5698 1575 5754 Alt.
1596 5698 1934 5769 Ιθειιιιιικρό-

2047 5580 2140 5686 ἴου
2166 5574 2230 5687 etl
2249 5579 2390 5622 vers.
2420 5574 2595 5635 antep.
2643 5566 2801 5632 epist.
2837 5565 3087 5631 ἐπαίνους
3132 5577 3185 5623 et
3231 5568 3451 5625 ἐπαίνου
3490 5587 3608 5629 mu-

2068 5645 2178 5687 ant.
2239 5649 2289 5687 ο.

2068 5645 2178 5688 ant.
2216 5645 2289 5688 lD.
