3974 6144
490 264 626 331 1539
1676 268 1736 327 S.
1768 265 2059 328 ‘ISIDORI

2167 266 2529 330 ELUSIOTEE
3603 258 3736 329 i540

935 381 1124 438 CCCL.
1153 411 1222 424 —
1254 378 1574 437 EUTONIO.
2079 390 2129 447 Α

2079 390 2129 447 Α
2659 379 2786 433 TN'.
2814 409 2883 419 —
2913 379 3231 451 ΕΥΤΟΝΙῼ.

1250 486 1498 544 Corporis
1525 488 1790 543 animique
1822 488 2162 556 pulchritudo
2194 487 2428 541 adversis
2455 502 2555 539 non
2593 486 2963 551 exstinguitur.

562 596 630 653 Ut
681 596 923 666 corporis
981 595 1344 665 pulchritudo,
1403 610 1471 651 ne
1505 596 1561 649 in
1594 597 2050 652 consternatione

2228 599 2439 670 Ὥσπερ
2489 596 2552 650 τὸ
2619 612 2931 666 σωματικον
2988 594 3182 656 κάλλος
3256 594 3367 649 οὐδ’
3432 594 3543 649 ὑπὸ
3628 596 3739 650 τῶν

487 688 706 756 quidem
741 694 1009 751 mutatur,
1037 696 1285 742 servatur
1315 700 1449 741 vero
1493 687 1603 756 ipsa
1638 696 1692 741 et
1715 687 1766 741 in
1800 686 2051 757 lacrymis

2172 690 2470 756 εκπλήξεων
2517 687 2846 752 ἀλλοιοῦται,
2879 685 3043 751 σώζει
3085 686 3144 739 δὲ
3183 686 3335 752 αὐτὸ,
3388 685 3488 740 κᾶν
3532 690 3599 740 ὲν
3643 689 3741 742 δα-

487 778 675 831 subest
709 794 726 831 :
758 777 828 830 ita
852 786 907 831 et
943 776 1137 830 anima:
1182 784 1437 831 venustas
1469 777 1728 830 virtutum
1786 790 2050 831 consensu

2171 780 2346 849 κρύοις
2385 780 2608 851 ὑπάρχῃ
2631 818 2647 845 ,
2681 778 2827 833 οὕτω
2876 778 2973 833 καὶ
2995 778 3058 832 τὸ
3102 777 3357 849 ψυχικὸν,
3386 777 3446 831 τὸ
3489 779 3605 831 ὑπὸ
3638 779 3740 849 τῆς

486 866 684 921 coalita
720 866 976 936 seipsatn,
1004 870 1103 922 etsi
1137 867 1188 921 in
1211 866 1609 922 calamitatibus
1632 866 1725 933 sit,
1747 876 2052 922 conservat.

2167 868 2504 940 συμμετρίας
2568 868 2680 922 τῶν
2730 867 2944 939 ἀρετῶν
3022 865 3520 936 συγκροτούμενον,
3570 865 3736 929 σώζει

490 956 848 1013 Exerceamus
893 957 1074 1027 itaque
1121 972 1265 1022 eam,
1311 964 1368 1012 et
1418 956 1565 1011 nulla
1603 958 1827 1012 tentatio
1859 958 2056 1013 invicta

2172 959 2345 1025 ἑαυτὸ,
2400 958 2504 1013 κᾶν
2554 960 2612 1011 ἐν
2667 959 2976 1029 συμφοραῖς
3025 956 3294 1029 τυγχάνῃ.
3349 957 3524 1009 Τοῦτο
3556 957 3741 1009 τοίνυν

490 1045 580 1102 Dei
611 1048 799 1102 dextra
833 1048 991 1104 nobis
1024 1063 1179 1119 Opem
1218 1048 1425 1104 ferente
1450 1062 1551 1103 nos
1575 1048 1926 1118 expugnabit.

2168 1051 2446 1120 ἀσκῶμεν,
2488 1051 2584 1102 καὶ
2608 1049 2781 1113 οὐδεὶς
2810 1049 3123 1119 πειρασμὸς
3155 1051 3254 1119 τῆς
3284 1048 3559 1118 ἀηττήτου
3601 1065 3737 1120 προα-

2157 1139 2477 1211 ηγουμένως
2516 1138 2815 1210 βοηθούσης
2849 1139 3028 1205 δεξιᾶς
3057 1140 3205 1209 ἡμᾶς
3230 1141 3680 1205 καταγωνιεῖται.

692 1244 915 1302 CCCLI.
946 1274 1016 1286 -
1038 1243 1432 1301 HARPOCRIE
1458 1242 1841 1303 SOPHISTAE.

2439 1246 2615 1303 TNA’.
2654 1276 2725 1291 -
2763 1248 3095 1319 ΑΡΠΟΚΡᾼ
3138 1246 3450 1317 ΣΟΦΙΣΤῌ.

489 1355 806 1412 Humilitate
830 1357 1037 1412 steteris
1062 1358 1444 1428 praestandum.
1472 1357 1657 1428 (Cani.
1680 1358 1982 1429 epistJQ'I,
2005 1357 2136 1429 559,
2169 1356 2294 1412 549.
2319 1355 2424 1429 ,Sic
2452 1355 2521 1429 Β.
2549 1358 2685 1429 Aug.
2710 1358 2863 1429 epist.
2894 1359 2963 1413 ad
2984 1314 3307 1413 Januarium
3339 1314 3411 1413 de
3439 1356 3740 1412 humilitate

1548 1442 1613 1480 ea:
1635 1428 1777 1481 dicto
1806 1428 1973 1481 simili
1995 1426 2232 1482 Demost.
2292 1428 2357 1482 de
2385 1426 2645 1498 actione.)

556 1531 773 1586 Duobus
801 1529 920 1584 ﬁdis
950 1528 1231 1596 fratribus,
1258 1538 1313 1585 et
1334 1531 1473 1586 inter
1509 1546 1567 1587 se
1609 1532 1843 1587 maxime
1871 1546 2061 1586 aman-
2088 1597 2125 1605 _

2234 1530 2391 1585 Δυοῖν
2422 1549 2552 1586 ποτε
2578 1532 2829 1603 ἀδελφοῖν
2873 1534 3086 1587 πιστοϊν
3114 1534 3210 1587 καὶ
3248 1532 3424 1602 φιλειν
3459 1534 3730 1605 ἀρίστοιν,

486 1621 630 1675 tibus
654 1635 719 1675 ac
747 1619 814 1673 de
846 1619 1045 1673 virtute
1087 1620 1422 1675 certantibus
1450 1636 1536 1675 me
1555 1620 1793 1688 judicem
1827 1624 2050 1692 capien-

2163 1622 2254 1677 καὶ
2316 1624 2398 1686 είς
2471 1624 2672 1696 ἀρετὴν
2720 1597 3167 1695 ἀμιλλωμένοιν,
3228 1597 3425 1697 κριτήν

488 1709 654 1773 tibus,
690 1723 753 1764 ac
777 1706 1131 1779 jurejurando
1163 1710 1304 1777 quod
1329 1708 1626 1779 judicatum
1657 1712 2053 1782 eritamplesa-

2162 1714 2365 1784 μίνοιν,
2392 1715 2488 1769 καὶ
2510 1715 2660 1787 ὅρκῳ
2686 1715 2931 1787 στέρξειν
2948 1716 3018 1770 τά
3035 1716 3406 1788 κριθησόμενα
3445 1717 3731 1787 ἰσχυρισα-

487 1800 612 1854 tis:
666 1798 814 1853 illum
866 1798 1105 1869 judicavi
1162 1810 1441 1868 praestare,
1496 1802 1591 1870 qui
1650 1802 1705 1858 in
1732 1803 1941 1860 caeteris
1981 1804 2055 1860 sit

2162 1805 2364 1876 μένοιν,
2394 1807 2600 1860 ἐκεῖνον
2654 1806 3010 1879 ὲψηφισάμην
3055 1807 3341 1880 κρείττονα
3368 1802 3538 1873 εῖναι,
3588 1806 3645 1869 ὃς
3676 1809 3728 1859 ἐν

484 1889 730 1959 aqualis,
756 1890 1057 1945 humilitate
1084 1898 1260 1945 tamen
1288 1890 1595 1947 antecellat.

2161 1897 2269 1958 τοῖς
2297 1896 2478 1961 ἄλλοις
2507 1898 2714 1952 άπασιν
2745 1898 3022 1969 ἰσάμιλλος
3045 1897 3140 1963 ὢν,
3172 1899 3232 1952 ὲν
3268 1901 3337 1971 τῇ
3368 1914 3730 1969 ταπεινοφρο-

2160 1984 2293 2056 σύνῃ
2331 1984 2664 2044 πλεονεκτεῖ.

937 2077 1174 2137 CCCLll.
1213 2109 1285 2123 -—
1316 2078 1591 2138 HERONI.

2663 2095 2835 2151 TNB'.
2866 2125 2937 2136 —
2970 2096 3199 2152 ΗΡΩΝΙ.

1722 2173 1941 2232 Parent:
1966 2182 2147 2239 merito
2177 2185 2468 2255 parendum

556 2278 838 2335 Parentem
863 2286 1014 2335 tuum
1042 2292 1294 2336 reverere
1341 2280 1653 2336 hortantem
1699 2281 2048 2339 incitantetn-

2219 2290 2504 2363 Αίδέσθητι
2539 2292 2631 2346 τὸν
2657 2295 2856 2349 σαυτοῦ
2907 2295 3137 2367 πατέρα,
3165 2295 3260 2350 τὸν
3293 2297 3352 2349 ὲν
3384 2287 3472 2360 οἷς
3508 2296 3714 2363 ἔξεστιν

484 2387 589 2439 que
618 2373 672 2426 in
724 2371 920 2440 quibus
967 2370 1264 2440 imperandi
1304 2370 1393 2437 jus
1437 2371 1748 2425 habeatzin
1796 2374 2049 2443 viamque

2151 2381 2459 2436 ἐπιτάττειν
2537 2369 2993 2455 παρακαλοῦντα·
3073 2388 3167 2441 καὶ
3246 2386 3513 2441 ὲπάνελθε
3592 2385 3718 2457 πρὸς

484 2464 598 2517 redi
629 2461 868 2551 virtutis,
904 2476 970 2515 ne
998 2461 1145 2515 abuti
1175 2461 1406 2531 propriis
1429 2472 1653 2529 cogatur
1686 2463 1872 2517 armis.
1897 2464 2049 2518 Dilli-

2152 2473 2375 2543 ἀρετὴν,
2406 2473 2493 2527 ἵνα
2529 2475 2607 2546 μὴ
2663 2477 2981 2549 ἀναγκάσῃς
3042 2477 3205 2532 αὐτὸν
3246 2477 3557 2551 χρήσασθαι
3614 2480 3717 2539 τοίς

485 2554 604 2608 cilis
659 2553 804 2607 enim
858 2561 1162 2623 expugnatu
1216 2562 1321 2619 est,
1352 2554 1443 2621 qui
1499 2554 1706 2623 legibus
1763 2569 1827 2610 ac
1862 2566 2054 2613 natura

2152 2563 2370 2628 οἰκείοις
2405 2565 2611 2630 ὅπλοις.
2662 2568 2950 2639 Δύσμαχος
3000 2569 3115 2640 γάρ
3164 2571 3281 2623 ἐστι
3325 2568 3492 2639 φύσει
3534 2585 3592 2621 τε
3628 2568 3714 2621 καὶ

485 2642 747 2696 munitus.
792 2640 848 2696 ld
879 2641 925 2696 si
960 2641 1293 2696 humanitate
1331 2656 1438 2697 non
1468 2645 1827 2713 persuaserit,
1862 2657 1918 2703 at
1953 2663 2051 2719 po-

2151 2655 2339 2725 νόμοις
2396 2657 2899 2730 δορυφορούμενοςο
2955 2663 3049 2713 καὶ
3100 2662 3151 2714 si
3187 2659 3263 2731 μὴ
3328 2658 3620 2732 πεισθείσῃ
3650 2659 3710 2727 τῇ

484 2739 678 2788 testate
706 2746 808 2788 sua
841 2740 1050 2786 utetur.

2151 2745 2551 2820 φιλανθρωπίᾳ,
2577 2750 2840 2821 χρήσεται
2864 2754 2930 2823 τῇ
2959 2751 3199 2824 ἐξουσίᾳ.

854 2837 1021 2910 666
1044 2836 1308 2896 cccuu.
1337 2868 1407 2880 -
1440 2840 1672 2901 EIDEM.

2620 2853 2794 2911 TNI".
2833 2884 2907 2896 —
2934 2856 3020 2927 To
3046 2856 3251 2929 ΔΥΤῼ.

1811 2935 1973 3009 Leges
2003 2938 2377 3009 formidandis.

566 3036 620 3094 Si
649 3047 895 3093 naturam
929 3038 1109 3095 minus
1138 3040 1365 3106 vereris,
1400 3040 1543 3113 leges
1580 3044 1771 3101 saltem
1798 3048 2044 3117 metuito,
2074 3036 2118 3093 (ἶ

2219 3052 2284 3105 El
2315 3052 2417 3107 οὐκ
2467 3054 2589 3126 αίδῇ
2623 3054 2723 3126 τὴν
2780 3054 2964 3123 φύσιν,
3023 3055 3290 3129 φοϐήθητι
3318 3058 3451 3121 τοὺς
3497 3057 3698 3129 νόμους,

486 3144 555 3185 ne
575 3130 704 3201 quid
732 3131 784 3185 in
811 3129 980 3187 Deum
1007 3144 1196 3201 pecces
1219 3140 1275 3186 et
1296 3132 1348 3187 iu
1371 3132 1638 3191 homines.

2149 3141 2235 3195 ἵνα
2285 3145 2361 3217 μὴ
2420 3145 2514 3201 καὶ
2561 3146 2670 3201 τῶν
2712 3147 2871 3202 θείων
2920 3149 3016 3202 καὶ
3056 3149 3167 3203 τῶν
3196 3148 3553 3223 ἀνθρωπίνων
3595 3150 3698 3204 δια-

2194 3233 2383 3293 ἀρτης.

2150 3249 2383 3307 μα,

896 3324 1155 3382 CCCLW.
1201 3355 1271 3367 —
1299 3326 1621 3384 AUSONIO.

2150 3249 2227 3303 μα
2232 3251 2383 3307 ρτῃς,

2606 3347 2777 3403 TNA'.
2806 3378 2879 3391 —
2928 3348 3248 3421 ΔΥΣΟΝΙῼ.

1182 3422 1305 3476 Νοη
1328 3423 1392 3476 ab
1411 3436 1597 3479 eventu
1625 3440 1705 3479 res
1721 3425 2050 3498 judicentur,
2072 3437 2165 3489 sed
2188 3454 2254 3492 ea:
2275 3441 2467 3497 animo.
2489 3444 2665 3514 (conf.
2686 3447 2839 3515 epist.
2869 3442 3019 3516 333:)

554 3528 625 3586 lit
651 3531 744 3601 qui
772 3529 957 3587 ulcisci
975 3530 1145 3601 cupit,
1176 3546 1277 3587 nec
1302 3541 1500 3601 potest,
1527 3532 1580 3587 in
1607 3534 1747 3589 idem
1769 3537 1959 3593 recidit
1982 3553 2048 3596 ac

2223 3553 2432 3624 Ὠσπερ
2463 3556 2492 3607 ὁ
2512 3553 2818 3625 ἀμύνεσθαι
2850 3555 3132 3626 ἐπιθυμῶν
3172 3555 3293 3626 μὲν,
3314 3556 3589 3613 ἀδυνατῶν
3619 3556 3687 3618 δὲ,

480 3622 526 3677 si
564 3620 708 3675 ultus
733 3628 881 3675 esset
916 3637 933 3676 :
967 3619 1041 3674 ita
1074 3620 1165 3690 qui
1221 3620 1516 3691 rependere
1540 3623 1678 3691 vult,
1723 3641 1823 3681 nec
1867 3638 2044 3697 potest

2147 3641 2207 3695 τό
2243 3658 2308 3710 γε
2336 3619 2416 3706 είς
2450 3619 2613 3697 αὐτδν
2642 3640 2797 3716 ἧκον,
2841 3619 3116 3714 ἠμύνατο·
3161 3619 3305 3699 οὕτω
3343 3648 3445 3700 καὶ
3475 3649 3503 3701 ὀ
3546 3647 3687 3716 ἀμεί-

483 3724 684 3777 tamen,
714 3709 829 3779 jam
854 3710 1118 3781 rependit.
1144 3709 1296 3777 Quod
1316 3709 1459 3765 enim
1488 3710 1543 3766 in
1572 3726 1632 3768 se
1658 3725 1795 3781 erat,
1828 3719 2044 3787 praesti-

2144 3709 2346 3802 ψασθαι
2387 3709 2729 3806 βουλόμενος,
2768 3736 2843 3807 μὴ
2867 3709 3173 3807 δυνάμενος
3194 3738 3275 3805 δὲ,
3314 3709 3597 3810 ὴμείψατοξ
3622 3738 3684 3790 Τὸ

484 3804 549 3857 tit
579 3819 595 3855 :
619 3810 740 3856 cum
761 3801 906 3855 enim
930 3816 1036 3855 non
1056 3814 1267 3869 semper
1283 3799 1548 3865 voluntati
1572 3801 1800 3861 facultas
1827 3821 2046 3878 respou-

2144 3799 2253 3897 ψὰρ
2275 3799 2441 3879 αὐτοῦ
2488 3799 2597 3882 παν
2629 3828 2725 3881 καὶ
2764 3799 2923 3891 οὗτος
2960 3799 3207 3900 εποίησε.
3250 3799 3474 3903 (Ετὲὲιδις
3509 3828 3608 3901 γάρ
3631 3828 3683 3882 οὗ

484 3895 628 3960 deat,
658 3907 747 3949 res
773 3892 841 3949 ab
866 3892 1057 3949 elfectu
1080 3891 1410 3961 judicantur.

2145 3891 2359 3977 πάντως
2385 3915 2451 3984 τῇ
2478 3913 2731 3986 βουλήσει
2760 3917 2794 3987 ἡ
2816 3916 3045 3987 δύναμις
3070 3891 3281 3987 ἕπεται,
3305 3920 3417 3974 ἀπὸ

2144 4018 2253 4072 μης
2280 4002 2350 4056 τὰ
2388 4004 2689 4075 πράγματα
2723 4006 2990 4076 κρίνεται.

631 4106 869 4163 CCCLV.
909 4136 981 4147 —
1026 4105 1422 4163 URSENORIO
1447 4107 1524 4177 (a)
1546 4107 1868 4165 LECTORI.

2313 4115 2480 4170 TNE'.
2516 4145 2585 4155 —
2623 4116 3051 4191 οΥΡΣΕΝοΦιο
3093 4120 3527 4195 ΑΝΔΓΝΩΣΤῌ.

866 4196 1049 4250 Virtus
1077 4197 1175 4250 etsi
1198 4196 1286 4249 hic
1308 4197 1567 4250 maeonio
1596 4209 1773 4252 careat
1817 4203 2087 4266 prtemium
2113 4212 2285 4259 tamen
2317 4206 2638 4276 gloriamque
2668 4208 2723 4260 in
2752 4207 2931 4277 futuro
2953 4211 3147 4264 saeculo
3170 4212 3374 4268 habebit

543 4312 774 4368 Tametsi
799 4298 981 4363 in‘hac
1004 4308 1117 4378 ipsa
1148 4300 1360 4363 mortali
1410 4310 1546 4377 vita,
1600 4313 1763 4368 multa
1790 4316 2029 4387 antiquis
2064 4304 2110 4358 Ῑ)

2101 4313 2110 4352 ⁵
2207 4320 2272 4373 El
2306 4320 2402 4372 καὶ
2435 4320 2494 4372 ὲν
2543 4319 2621 4391 τῷ
2645 4320 2701 4374 δε
2743 4320 2821 4392 τῷ
2869 4322 2970 4394 βίῳ
3015 4324 3185 4379 πολλὰ
3211 4328 3325 4391 τοῖς
3364 4327 3603 4388 παλαιοῖς
3629 4324 3670 4377 oi

478 4402 803 4458 recentiores
847 4398 1043 4454 similia
1098 4398 1406 4469 aﬂiniaque,
1459 4402 1568 4458 imo
1604 4412 1661 4459 et
1712 4406 2026 4463 admiranda

2132 4405 2225 4460 νῦν
2255 4407 2609 4479 παραπλήσια
2659 4408 2693 4479 ἢ
2729 4408 2827 4463 καὶ
2859 4411 3282 4485 θαυμασιώτερα
3344 4416 3590 4486 δρῶντες,
3618 4414 3669 4465 οὐ

479 4493 647 4563 magis
703 4497 943 4559 agentes,
1002 4503 1106 4543 non
1160 4504 1344 4558 parem
1406 4498 1583 4546 tamen
1616 4504 1743 4548 sunt
1806 4495 2029 4563 gloriam

2134 4498 2521 4568 παραπλησίας
2572 4498 2729 4569 δόξης
2796 4502 3187 4571 τυγχάνουσιν,
3216 4507 3389 4578 (παρά
3445 4508 3545 4577 γὰρ
3588 4504 3668 4574 τήν

476 4584 653 4653 adepti
682 4582 827 4651 (nam
864 4586 1084 4649 propter
1110 4579 1503 4647 infirmitatem,
1530 4592 1624 4636 aut
1660 4584 1913 4639 invidiam
1936 4597 2033 4642 aut

2134 4590 2242 4643 τῶν
2293 4590 2647 4659 ὑμνησάντων
2688 4590 2995 4661 ἀσθένειαν,
3052 4594 3087 4665 ἢ
3133 4595 3328 4663 φθόνον
3380 4597 3417 4667 ἢ
3477 4594 3664 4653 σπάνιν,

476 4675 547 4731 ob
572 4672 845 4745 penuriam
863 4669 1272 4735 celebrantium,
1296 4669 1578 4729 inferiores
1596 4687 1715 4729 esse
1738 4675 2027 4745 videntur),

2137 4680 2356 4733 ἔλαττον
2385 4679 2528 4751 ἔχειν
2569 4680 2861 4751 δοκοῦσιν),
2919 4684 3057 4740 ἀλλά
3106 4702 3171 4755 γε
3214 4689 3274 4741 ὲν
3327 4686 3407 4756 τῷ
3451 4683 3664 4755 μέλλοντι

473 4767 567 4822 sed
594 4772 648 4818 et
680 4765 735 4818 in
767 4765 932 4816 altera
962 4762 1070 4815 vita
1096 4772 1161 4815 ea
1208 4770 1623 4831 consequentur,
1645 4778 1764 4832 qua:
1797 4779 1897 4835 par
1943 4776 2025 4822 est

2128 4770 2394 4840 τοσαύτης
2444 4770 2741 4836 τεύξονται,
2782 4772 2916 4843 ὅσης
2953 4775 3021 4829 ἀν
3066 4778 3249 4847 τυχεῖν
3304 4777 3507 4830 δίκαιον
3557 4772 3663 4831 τοὺς

473 4857 727 4927 adipisci,
762 4856 854 4925 qui
883 4854 1109 4911 honeste
1139 4853 1355 4924 quidem
1401 4853 1670 4923 vixerunt,
1703 4855 1915 4927 inglorii
1944 4868 2027 4913 ta-

2122 4862 2358 4926 εὺκλεῶς
2409 4862 2508 4931 μὲν
2557 4862 2851 4933 ζήσαντας,
2906 4865 3117 4931 ἀκλεῶς
3147 4867 3205 4921 δὲ
3235 4868 3656 4939 τελευτήσαντας·

473 4963 592 5003 tnen
621 4948 725 5000 vita
751 4946 1017 5000 abierunt.

470 5053 733 5113 CCCLVI.
803 5084 875 5095 --
924 5052 1253 5118 HERMINO,
1302 5052 1708 5122 DOROTHEO,
1762 5054 2033 5114 lllERACI

932 5123 1106 5179 VIRIS
1130 5123 1576 5180 CLARISSIMIS.

2126 5059 2315 5127 TNG”.
2359 5088 2430 5099 —
2490 5058 2772 5183 EPMINS,
2840 5064 3165 5137 ΔΩΡΟΘΕῼ,
3220 5069 3454 5123 ιΕΡΔΚΙ
3501 5060 3656 5119 ΛΑΜ-

2756 5132 3110 5183 ΡΟΤΑΤΟΙΣ.

932 5123 1106 5179 VIRIS
1130 5123 1576 5180 CLARISSIMIS.
2252 5123 2265 5127 ⁷

1540 5126 1558 5179 5
1572 5174 1576 5179 .
2252 5123 2265 5127 ⁷
2707 5123 3109 5192 ΠΡΟΤΑΤΟΙΣ.

1184 5213 1261 5267 De
1286 5214 1379 5268 Dei
1404 5202 1801 5285 longanimitate
1824 5217 1881 5270 in
1904 5216 2058 5271 malis
2080 5216 2384 5271 tolerandis.
2416 5216 2597 5283 (Conf.
2625 5220 2777 5280 epist.
2810 5221 2959 5292 5'55.)

540 5309 892 5391 Nolitefboni
933 5315 1056 5392 viri,
1111 5334 1297 5380 contra
1353 5325 1588 5380 divinam
1625 5326 1861 5383 clamare
1894 5344 2021 5398 pro-

2197 5330 2290 5400 Μὴ
2317 5329 2643 5395 καταϐοᾶτε,
2679 5348 2724 5385 ω
2756 5331 3044 5402 βέλτιστοι,
3075 5334 3179 5406 τῆς
3220 5336 3371 5399 θείας
3404 5331 3648 5405 προνοίας.

466 5420 781 5484 videntiam,
815 5418 955 5486 quod
1000 5415 1293 5479 Zositnum,
1344 5416 1444 5472 etsi
1494 5431 1598 5474 non
1640 5418 1879 5487 jusserit,
1930 5422 2025 5477 sed

2125 5422 2206 5475 ὅτι
2234 5418 2501 5491 Ζώσιμον,
2557 5423 2605 5475 εί
2654 5423 2746 5477 καὶ
2774 5424 2850 5494 μὴ
2909 5425 3251 5492 κεκέλευκεν,
3299 5426 3433 5481 and
3484 5440 3541 5493 γε
3565 5418 3648 5473 οὐκ

468 5523 573 5561 non
610 5505 946 5576 prohibuerit
983 5506 1121 5560 Deus
1156 5505 1367 5575 operari
1411 5506 1622 5565 sacris:
1658 5509 1751 5566 sed
1776 5508 1893 5581 ejus
1926 5525 2022 5581 po-

2126 5509 2397 5566 ἐκώλυσεν
2461 5513 2727 5585 ἱερᾶσθαι.
2802 5514 2961 5571 Ἀλλά
3017 5516 3327 5588 θαυμάζετε
3368 5515 3527 5585 αὐτῆς
3564 5507 3645 5580 τὴν

540 5618 613 5687 (α)
647 5616 1003 5687 Ursephanio,
1033 5618 1196 5688 epist.
1230 5617 1352 5674 502.
