3974 6144
414 311 549 381 1541
1283 312 1821 381 EPISTOLARUM
1857 318 1983 379 LIB

2103 344 2199 380 .-
2217 320 2453 381 EPIST.
2497 318 2783 381 CCCLIX.
3528 309 3668 375 1512

415 425 821 501 μακροθυμίαν,
876 426 976 500 τὴν
1031 426 1229 498 μικρὸν
1264 427 1515 501 ὕστερον,
1551 433 1601 484 εί
1656 431 1733 501 μὴ
1790 448 1984 500 γνωσι-

2097 433 2206 487 tius
2250 433 2593 488 tolerantiam
2642 430 3008 495 admiremini,
3050 444 3170 498 qua:
3196 433 3319 499 post
3358 428 3520 499 paulo
3560 426 3665 481 nisi

413 520 719 588 μαχήσειε,
770 519 1028 582 τοιαύτας
1087 520 1250 574 αὐτὸν
1311 522 1749 595 είσπραξομένην
1803 525 1980 589 δίκας,

2096 522 2179 577 ille
2206 524 2495 592 resipuerit
2545 532 2723 579 tantas
2772 523 2917 578 brevi
2958 535 3149 590 poenas
3211 520 3413 589 exiget,
3467 526 3528 572 ut
3572 516 3665 587 qui

410 608 487 669 ὡς
519 608 648 672 τοὺς
710 610 808 663 νῦν
861 610 1267 677 καταὸοῶντας,
1319 612 1418 684 τὴν
1473 613 1770 668 ἀδέκαστον
1815 615 1979 685 αὐτῆς

2093 628 2236 667 nunc
2302 613 2627 679 acclamant,
2681 614 3053 683 incorruptum
3113 612 3232 681 ejus
3260 612 3368 665 sint
3401 608 3662 678 judicium

407 700 584 770 ἀνακη
594 698 750 771 ρύξαι
770 700 970 773 ψῆφον.
2091 701 2454 771 ριάιάἰεειυι·ἱ.

811 813 981 872 TNZ'.
1002 847 1073 861 —
1103 814 1258 872 ΤΟΙΣ
1289 816 1563 873 ΔΥΤΟῘΣ.

2545 816 2830 875 CCCLVII.
2856 847 2928 857 —
2953 817 3208 873 IISDEM.
3238 814 3240 817 ’

1100 928 1107 932 ”
1500 929 1624 985 Νοη
1647 938 1725 984 est
1760 930 1899 984 idem
1923 929 2133 999 jubere,
2174 942 2223 987 et
2262 934 2581 1001 permittere.

404 1098 409 1104 η
478 1038 594 1093 Οὐκ
622 1039 738 1094 ἔστι
767 1044 963 1098 ταυτὸν
990 1046 1283 1114 κελεύειν,
1314 1045 1409 1101 καὶ
1430 1044 1516 1115 μὴ
1556 1044 1841 1101 κωλύειν’
1863 1045 1973 1099 οὐδὲ

2161 1043 2422 1101 Diﬂ‘eruut
2455 1059 2587 1101 sane
2605 1045 2794 1116 jubere
2818 1054 2871 1100 ct
2893 1046 3209 1115 permittere,
3240 1055 3295 1100 ut
3322 1053 3377 1100 et
3409 1045 3667 1101 ordinare

412 1132 762 1199 χειροτονεῖν,
799 1131 893 1184 καὶ
932 1135 1256 1205 συγχωρεῖν.
1306 1134 1382 1188 Τὸ
1429 1133 1526 1203 μὲν
1552 1134 1660 1202 γὰρ
1712 1133 1788 1197 ὡς
1839 1132 1981 1198 δέον,

2097 1148 2251 1189 manu
2303 1135 2581 1205 imposita,
2622 1145 2678 1193 et
2721 1136 2970 1192 tolerare.
3032 1136 3163 1191 Illud
3207 1138 3349 1191 enim
3396 1147 3480 1192 est
3524 1137 3666 1204 quod

412 1221 659 1290 γίνεσθαι
708 1224 1104 1293 προστάττεται
1124 1241 1139 1257 ο
1174 1225 1234 1279 τὸ
1259 1224 1316 1278 δέ
1338 1225 1427 1279 διὰ
1455 1225 1553 1296 τὴν
1584 1224 1680 1278 τοῦ
1720 1223 1979 1288 αὐτεξου-

2097 1233 2299 1291 oportet
2329 1226 2467 1294 ﬂeri,
2496 1226 2711 1297 jubere;
2733 1228 2837 1283 hoc
2867 1244 2994 1283 vero
3015 1239 3235 1298 propter
3265 1228 3477 1283 arbitrii
3504 1228 3666 1283 liber-

413 1312 528 1367 σίου
560 1314 898 1386 προαίρεσιν,
990 1315 1052 1370 τδ
1080 1316 1416 1388 ἀνθρώπινον
1439 1314 1776 1388 κεκόσμηται
1804 1316 1981 1386 γένος,

2098 1321 2276 1384 tatem,
2308 1331 2414 1387 qua
2442 1319 2700 1388 praeditus
2744 1319 2907 1374 homo
2956 1329 3059 1384 est,
3111 1321 3442 1387 permittere.
3492 1318 3667 1375 Nolite

413 1408 796 1481 συγχωρεῖται.
837 1407 930 1478 Μὴ
970 1409 1151 1463 τοίνυν
1206 1410 1315 1464 τῶν
1343 1407 1723 1481 άγοραζὸντων
1767 1408 1868 1479 τὴν
1906 1410 1982 1461 is-

2099 1406 2262 1477 igitur
2298 1423 2414 1474 eos,
2439 1410 2529 1479 qui
2578 1412 2880 1466 sacerdotia
2927 1420 3240 1466 mercantur
3281 1412 3585 1473 absolvere,
3612 1420 3668 1465 et

414 1497 664 1569 ρωσύνην
716 1499 1000 1568 ἀφέμενοι,
1036 1499 1128 1554 τὸν
1171 1500 1561 1572 συγχωροῦντα
1615 1498 1881 1554 αἱτιᾶσθε.
1921 1500 1983 1553 Εί

2095 1511 2215 1551 eum
2246 1497 2338 1566 qui
2362 1501 2580 1554 eosdem
2640 1500 2852 1561 tolerat,
2893 1515 3175 1556 accusare.
3207 1482 3485 1571 Siquidem
3519 1501 3664 1553 enim

415 1587 515 1657 μὲν
546 1587 655 1658 γάρ
686 1588 975 1652 ἀνεύθυνος
1011 1583 1079 1660 ἦν
1122 1590 1156 1660 ἡ
1184 1590 1350 1661 ἀρχὴ,
1388 1589 1615 1651 είκότως
1667 1588 1984 1660 ἐδυσχεραί-

2095 1587 2377 1644 reddendis
2404 1590 2705 1646 rationibus
2736 1592 3003 1647 obnoxius
3048 1607 3152 1646 non
3202 1600 3349 1647 esset
3377 1592 3664 1661 magistra-

412 1693 552 1731 νετε.
583 1678 647 1730 Εί
668 1677 725 1731 δὲ
752 1677 1024 1749 τοσαύτην
1042 1681 1354 1734 ἀπαιτεῖται
1381 1679 1483 1751 τὴν
1527 1678 1685 1751 δίκην
1716 1679 1745 1731 ὁ
1776 1678 1981 1750 ταύτην

2098 1686 2199 1744 tus,
2230 1682 2424 1736 merito
2464 1682 2837 1754 indignemini.
2870 1682 2928 1739 Si
2965 1699 3097 1739 vero
3127 1693 3395 1740 tantarum
3432 1682 3667 1754 postule-

412 1767 633 1835 διέπων,
673 1770 797 1824 ὅσον
851 1771 947 1825 καὶ
996 1774 1096 1842 τὴν
1124 1770 1291 1844 τιμὴν
1330 1770 1479 1843 ἔσχε,
1522 1770 1981 1843 καταθρηνεῖσθαι

2097 1786 2172 1831 tur
2196 1774 2476 1844 pmnarum
2508 1775 2617 1841 ille,
2650 1775 2741 1845 qui
2782 1790 2876 1830 eas
2915 1776 3215 1846 dispensat,
3261 1785 3521 1845 quantum
3566 1775 3666 1829 lia-

411 1860 480 1912 ἂν
510 1860 595 1931 είη
622 1861 850 1928 δίκαιος,
895 1863 977 1917 ὅτι
1010 1865 1080 1936 τῇ
1122 1862 1244 1936 θείᾳ
1279 1862 1637 1936 μακροθυμίᾳ
1674 1864 1755 1928 είς
1786 1862 1980 1927 κακίας

2102 1866 2208 1935 buit
2245 1865 2530 1931 honorem,
2561 1867 2742 1936 potius
2770 1867 3158 1935 deplorandus,
3180 1867 3321 1938 quod
3366 1868 3547 1923 divina
3576 1868 3671 1923 bo-

412 1951 621 2020 ἐφόδιον
650 1954 855 2025 ἐπεχρή
864 1971 1019 2009 σατο.

2090 1958 2260 2013 nitate
2284 1958 2350 2013 ad
2376 1957 2575 2012 malum
2608 1958 2680 2013 sit
2700 1960 2923 2015 abusus.

653 2063 833 2117 TNH'.
856 2094 929 2104 -—
968 2065 1218 2136 ΖΟΣΙΜῼ
1256 2065 1733 2136 ΠΡΕΣΒΥΤΕΡῼ.

2263 2065 2576 2124 CCCLVIII.
2611 2098 2685 2109 —
2713 2067 2967 2125 ZOSlMO
3002 2066 3488 2124 PRESBYTERO.

574 2175 842 2231 Bonorum
866 2177 1100 2231 uirorum
1136 2178 1426 2232 acerbiores
1457 2177 1879 2245 reprehensiones
1911 2195 2015 2233 non
2058 2178 2236 2250 inique
2268 2180 2534 2249 ferendas.
2562 2178 2802 2251 (Confer.
2836 2180 2991 2244 epist.
3037 2178 3159 2244 378,
3194 2178 3319 2243 448,
3353 2178 3506 2243 466.)

484 2287 547 2340 Ei
603 2287 697 2342 καὶ
734 2287 878 2359 πέρα
902 2287 1015 2358 (il)
1071 2287 1167 2341 τοῦ
1212 2286 1425 2353 δέοντος
1463 2289 1657 2361 πρώην
1699 2288 1857 2361 ὤφθη
1902 2307 1987 2343 σοι

2153 2292 2233 2348 Ne
2270 2292 2571 2362 indigneris
2604 2293 2708 2348 etsi
2740 2302 2940 2362 praeter
2970 2296 3063 2361 jus
3110 2308 3173 2347 ac
3209 2295 3464 2348 decorum
3496 2308 3665 2361 nuper

415 2378 669 2450 φορτικὸς
699 2381 794 2433 καὶ
844 2379 1091 2451 ἐπαχθὴς
1118 2381 1147 2434 ὁ
1183 2382 1384 2446 παντὸς
1433 2381 1655 2435 ἐπαίνου
1686 2383 1980 2454 κρείττων,

2102 2385 2186 2439 .ibi
2222 2384 2371 2440 visus
2411 2384 2593 2454 gravis
2647 2392 2733 2439 est
2774 2394 2939 2453 atque
2984 2399 3268 2449 onerosus,
3301 2385 3447 2439 omni
3498 2385 3671 2453 major

427 2472 757 2543 Ἐρμογένης
778 2475 807 2526 ὀ
833 2472 1154 2537 ἐπίσκοπος,
1184 2474 1619 2547 πληκτικωτέρῳ
1643 2475 1989 2547 χρησάμενος

2101 2479 2246 2534 {aude
2284 2475 2654 2545 Hermogenes
2702 2475 3009 2544 episcopus,
3041 2476 3205 2546 667
3254 2475 3490 2531 mordaci
3543 2491 3670 2531 usus

413 2561 575 2633 λόγῳ,
608 2562 702 2615 καὶ
733 2562 946 2634 μακρὰν
968 2563 1109 2617 κατὰ
1134 2566 1235 2635 τῆς
1264 2564 1365 2635 σῆς
1399 2565 1674 2637 ῥᾳθυμίας
1701 2566 1982 2629 ἀποτείνας

2103 2568 2364 2631 oratione,
2398 2566 2722 2634 longamque
2765 2564 2992 2635 ignavia:
3026 2575 3129 2621 tua:
3154 2566 3417 2620 adhibens
3446 2582 3672 2621 accusa-

413 2658 513 2724 τὴν
539 2655 890 2725 κατηγορίαν,
948 2655 1024 2726 μὴ
1074 2654 1431 2728 δυσχεράνῃς.
1488 2657 1551 2709 Ei
1594 2657 1693 2728 μὲν
1720 2657 1830 2728 γὰρ
1859 2657 1982 2711 αὐτδ

2100 2659 2316 2714 tionem.
2350 2658 2408 2715 Si
2440 2659 2584 2713 enim
2611 2657 2712 2713 boc
2752 2656 2926 2725 ipsum
2979 2656 3193 2712 fecisset
3217 2668 3271 2711 ut
3299 2666 3352 2711 te
3374 2658 3669 2712 contrista-

416 2745 598 2810 τοῦτο,
627 2744 868 2815 λυπῆσαί
917 2762 977 2797 σε
1018 2745 1380 2816 προελόμενος
1410 2746 1590 2815 μόνον,
1617 2747 1684 2800 τὰ
1714 2746 1783 2799 σά
1814 2763 1985 2816 γεγω-

2101 2761 2175 2805 ret
2205 2752 2401 2815 solum,
2433 2759 2486 2804 et
2532 2758 2622 2801 tua
2663 2748 2834 2815 magis
2885 2747 3259 2815 proscinderet
3289 2747 3440 2813 vitia,
3474 2748 3670 2801 merito

415 2835 633 2906 νότερον
672 2835 1079 2905 ἐξετραγῴδησε
1116 2837 1283 2898 κακὰ,
1318 2836 1547 2901 εἰκότως
1593 2838 1984 2909 ἐδυσχέραινες.

2102 2841 2477 2911 indignareris.
2516 2839 2573 2893 Si
2602 2853 2733 2893 vero
2757 2840 2823 2893 ad
2855 2847 3002 2892 tuam
3034 2839 3205 2893 solum
3243 2848 3494 2909 spectans
3525 2840 3671 2892 utili-

418 2927 481 2979 Εί
523 2926 577 2978 δὲ
605 2926 740 2997 πρὸς
784 2926 844 2980 τὸ
872 2925 1149 2998 συμφέρον
1204 2943 1285 2979 σοι
1328 2926 1487 2997 μόνον
1539 2926 1775 2997 βλέπων,
1804 2928 1904 2998 τὴν
1933 2929 1987 2979 ἐν

2101 2942 2261 2988 tatem
2295 2931 2477 2986 verbis
2511 2930 2582 2984 sit
2631 2945 2762 2984 usus
2798 2930 3165 2999 asperioribus
3192 2939 3245 2983 et
3271 2930 3501 2999 gratiam
3529 2945 3670 2999 prae-

414 3020 526 3081 τοίς
554 3018 733 3087 λόγοις
760 3019 936 3089 ἄωρον
971 3019 1065 3071 καὶ
1095 3018 1367 3088 ἐπιϐλαϐἧ
1396 3019 1557 3090 χάριν
1584 3020 1863 3088 παρεῖδεν,
1905 3020 1983 3073 ἵνα

2100 3024 2287 3080 stando
2322 3032 2370 3077 te
2394 3021 2617 3087 laeserit,
2650 3035 2756 3089 quo
2787 3036 2873 3074 res
2898 3030 3016 3075 tuas
3052 3021 3370 3090 corrigeret,
3404 3020 3669 3091 siquidem

416 3108 487 3161 τὰ
512 3110 815 3180 πράγματα
868 3108 1207 3181 διορθώσεως
1246 3110 1405 3181 τύχῃ,
1448 3111 1498 3164 εί
1554 3110 1649 3163 καὶ
1687 3108 1762 3181 μὴ
1803 3110 1985 3164 ἀποδέ-

2103 3115 2528 3173 benevolentiam
2577 3112 2695 3176 eius
2732 3113 3019 3168 admittere
3050 3112 3205 3179 nolis,
3248 3114 3343 3167 sed
3392 3113 3672 3183 ignoscere

416 3200 612 3265 ξασθαι
634 3199 812 3269 βούλει
843 3202 942 3268 τῆς
999 3199 1210 3261 εὐνοίας
1267 3200 1451 3265 αὐτὸν,
1503 3199 1639 3253 ἀλλὰ
1684 3200 1985 3270 συγγνῶναι

2104 3221 2150 3265 te
2175 3210 2294 3280 ejus
2332 3209 2501 3263 amori
2531 3222 2741 3277 aequum
2784 3216 2888 3262 est.
2933 3205 3138 3259 Etenim
3178 3205 3333 3259 valde
3366 3220 3575 3265 vereor,
3608 3220 3673 3257 ne

414 3295 515 3363 τῆς
549 3291 821 3361 τοσαύτης
853 3291 1238 3362 φιλοστοργίας
1262 3290 1467 3355 δίκαιος
1490 3291 1556 3345 ἂν
1581 3292 1716 3362 είης.
1747 3292 1857 3346 Καὶ
1884 3292 1983 3363 γὰρ

2105 3302 2279 3358 divina
2338 3300 2701 3371 providentia,
2768 3307 2989 3368 propter
3021 3297 3211 3368 ignave
3240 3307 3403 3366 atque
3433 3296 3674 3365 improbe

417 3383 626 3454 σφόδρα
647 3381 901 3448 δέδοικεν,
936 3379 1011 3453 μὴ
1052 3379 1207 3451 παρὰ
1242 3379 1356 3452 (12)
1396 3381 1496 3450 τῆς
1529 3379 1679 3444 θείας
1708 3379 1986 3450 προνοίας,

2103 3395 2399 3448 traductam
2433 3392 2599 3445 vitam
2646 3404 2833 3460 poenas
2863 3393 2978 3453 des,
3013 3400 3072 3443 ut
3117 3404 3185 3443 ue
3223 3402 3408 3443 vocem
3458 3388 3672 3456 quidem

416 3472 669 3527 οὕτωδιὰ
710 3471 808 3543 τὴν
837 3472 935 3543 σὴν
979 3470 1253 3542 ρᾳθυμίαν
1308 3472 1402 3525 καὶ
1433 3471 1634 3525 κακίαν
1671 3471 1985 3542 δυσφημου-

2105 3498 2266 3539 ausus
2295 3485 2511 3538 mittere
2545 3482 2614 3537 ob
2661 3483 2796 3537 tales
2826 3481 3122 3537 concitatas
3163 3481 3350 3535 turbas
3382 3479 3674 3535 factiones-

421 3567 612 3638 μένης,
655 3565 813 3629 δίκας
882 3564 1016 3619 αὐτὸ
1076 3563 1432 3634 άπαιτηθείη,
1487 3563 1564 3627 ὡς
1613 3562 1749 3634 μηδέ
1807 3562 1990 3634 φωνὴν

2106 3592 2221 3647 que.
2261 3576 2623 3644 Quamobrem
2682 3585 2778 3630 aut
2807 3578 2921 3631 hac
2974 3584 3193 3643 patrare
3227 3574 3433 3640 desine,
3480 3580 3571 3627 aut
3606 3585 3675 3626 ne

421 3657 582 3729 ρῆξαι
620 3658 895 3728 τολμήσας
920 3655 1170 3709 τοιούτων
1191 3654 1793 3726 δραματουργουμένων
1819 3670 1990 3724 τραγ-

1857 3670 1991 3724 ραγ-
2099 3683 2196 3725 eos
2225 3683 2448 3726 accuses
2475 3669 2567 3739 qui
2602 3676 2745 3722 tuam
2789 3668 3071 3737 deplorant
3112 3666 3424 3721 amentium.

426 3748 623 3817 ῳδιῶν.
651 3751 721 3802 Ἦ
750 3742 841 3803 οὖν
892 3745 1099 3801 παῦσαι
1120 3746 1350 3800 τοιαῦτα
1382 3746 1543 3818 δρῶν,
1576 3745 1611 3817 ἢ
1648 3746 1723 3817 μὴ
1759 3745 1991 3799 ἐπαιτιῶ

423 3842 549 3904 τοὺς
571 3840 668 3911 τὴν
702 3840 798 3910 σὴν
822 3838 1297 3911 καταθρηνοῦντας
1327 3839 1544 3910 μανίαν.

703 3954 872 4011 TNG’.
896 3984 964 3995 —
994 3954 1247 4025 ΙΑΚΩΒῼ
1274 3953 1710 4023 ΑΝΛΓΝΩΣΤῌ.
1764 3922 1767 3923 ν

2399 3949 2667 4006 CCCLIX.
2696 3980 2765 3989 —
2786 3947 3042 4004 JACOBO
3071 3948 3385 4004 LECTORI.

1364 4069 1529 4121 Deum
1549 4082 1654 4120 non
1673 4065 1891 4130 mutari,
1922 4081 1950 4119 e
1988 4066 2155 4119 sacris
2188 4075 2451 4120 ostensum
2488 4065 2723 4120 Litteris.

507 4184 571 4237 Ἦ
602 4185 722 4239 θεία
754 4187 849 4241 καὶ
884 4187 1159 4259 ἀκήρατος
1208 4186 1304 4240 καὶ
1330 4186 1602 4257 ἀήττητος
1637 4183 1786 4250 δεξιὰ
1830 4182 1995 4237 ἀναλ-

2173 4181 2363 4236 Divina
2400 4190 2454 4236 et
2486 4182 2796 4251 incorrupta
2844 4178 3154 4249 invictaque
3200 4176 3292 4231 Dei
3324 4177 3539 4231 dextera
3571 4176 3674 4229 im-

424 4278 644 4342 λοίωτός
673 4281 790 4333 ἐστι
819 4279 954 4350 (15),
984 4280 1080 4333 καὶ⁵
1108 4280 1195 4334 ἀεὶ
1232 4278 1374 4332 κατὰ
1399 4277 1468 4331 τὰ
1489 4275 1651 4344 αὐτὰ,
1689 4277 1785 4329 και
1817 4275 1993 4347 ὡσαύ-

2109 4273 2378 4327 mutabilis
2427 4280 2510 4327 est
2559 4272 2748 4328 eadem
2799 4284 3017 4338 semper
3065 4268 3360 4337 eodemque
3400 4270 3557 4322 modo
3591 4270 3678 4321 lm-

430 4390 539 4434 τως
583 4370 721 4442 ἔχει,
756 4370 883 4425 οὔτε
930 4372 1214 4444 προκοπὴν
1253 4371 1615 4442 ἐπιδεχομένη
1666 4369 1764 4440 τὴν
1806 4369 1900 4421 ἐπὶ
1935 4368 1997 4421 τὸ

2106 4364 2255 4428 bens,
2288 4378 2460 4432 neque
2485 4364 2876 4418 incrementum
2919 4362 3137 4431 capiens
3166 4361 3217 4414 in
3245 4358 3415 4427 majus
3445 4360 3675 4430 (summa

427 4464 680 4533 κρεῖττον
705 4480 719 4493 ο
758 4463 1038 4535 ἀκροτάτη
1076 4464 1184 4534 γάρ
1212 4465 1360 4518 ἐστιν
1402 4461 1571 4532 ἀρετή
1595 4478 1610 4493 ο
1645 4460 1767 4513 οὗτε
1842 4476 1996 4530 μετα-

2110 4456 2255 4511 enim
2291 4456 2371 4511 \‘is
2390 4455 2533 4510 Deus
2559 4455 2687 4525 est),
2724 4470 2787 4511 ac
2818 4468 2886 4509 ne
2915 4454 2969 4508 in
2996 4453 3231 4508 deterius
3260 4452 3494 4521 quidem,
3534 4452 3675 4519 quod

427 4553 591 4625 ϐολήν
618 4554 718 4627 τὴν
757 4553 853 4607 ἐπὶ
877 4553 947 4608 τὰ
973 4554 1142 4626 χείρω
1168 4570 1182 4584 ·
1214 4555 1276 4609 οὐ
1309 4555 1418 4625 γὰρ
1451 4548 1561 4606 οἶόν
1585 4542 1666 4605 τε.
1707 4551 1996 4606 Μεταϐάλ-

2105 4548 2219 4603 ﬁeri
2243 4547 2447 4617 nequit,
2474 4556 2735 4601 mutatur.
2757 4546 3067 4601 Abscedunt
3088 4544 3233 4599 enim
3259 4554 3311 4597 et
3338 4553 3674 4597 commutan-

427 4648 509 4700 λει
541 4646 597 4700 δὲ
635 4646 730 4700 καὶ
766 4647 975 4701 ἀλλοιοῖ
1015 4648 1087 4702 τὰ
1133 4645 1468 4718 βελτιώσεως
1496 4642 1748 4712 δεόμενα.
1780 4642 1872 4695 Διὸ
1910 4641 1996 4695 καὶ

2110 4648 2190 4691 tur
2212 4652 2332 4707 qua:
2360 4638 2658 4692 mutatione
2688 4637 2948 4706 indigent.
2976 4635 3112 4689 i’liuc
3152 4636 3312 4689 etiam
3338 4633 3572 4701 psalmus
3599 4632 3679 4685 sic

430 4738 659 4807 Ψαλμὸς
698 4738 1105 4810 ἐπιγέγραπται
1161 4756 1180 4789 ι
1234 4737 1344 4791 τῶν
1401 4732 1933 4805 άλλοιωθησομένων*
1972 4751 1993 4785 s

2110 4731 2396 4801 inscriptus
2433 4747 2448 4785 :
2498 4748 2517 4783 ι
2556 4729 2663 4785 Pro
2690 4730 2756 4784 iis
2783 4728 2873 4797 qui
2922 4728 3239 4782 commutati
3267 4724 3477 4787 sunt”,
3521 4742 3539 4774 ι
3575 4722 3679 4776 hoc

428 4831 676 4899 τουτέστι
699 4830 856 4901 ,τῶν
898 4830 1179 4901 βελτίωσιν
1224 4828 1642 4899 ἐπιδεξομένων,
1682 4826 1779 4879 καὶ
1832 4826 1912 4889 είς
1941 4825 1997 4879 τὸ

2109 4833 2187 4879 est
2218 4823 2309 4892 qui
2334 4823 2583 4879 meliores
2604 4823 2822 4888 redditi,
2848 4835 2949 4876 nec
2967 4820 3158 4875 melius
3178 4818 3479 4872 deteriusve
3496 4830 3678 4870 susce-

433 4924 678 4993 κρεῖττον
735 4900 831 4976 καὶ
891 4900 1121 4992 άμεινον
1170 4919 1672 4990 ἀναχθησομένωνο
1718 4918 1772 4971 εί
1819 4917 2002 4970 τοίνυν

2107 4923 2321 4983 perunt.
2355 4913 2485 4980 Quae
2527 4929 2648 4969 cum
2681 4914 2752 4968 ita
2784 4913 2913 4978 sint,
2967 4926 3073 4965 non
3118 4918 3202 4965 est
3236 4908 3399 4963 nimis
3446 4906 3676 4970 difﬁcile,

429 5010 583 5064 ταῦθ’
615 5011 937 5082 οὕτως’έχει
961 5049 977 5075 ,
1027 5010 1129 5064 οὐκ
1169 5010 1283 5063 ἔστι
1324 5009 1664 5080 περισκελές,
1709 5009 1845 5079 ὅπερ
1876 5008 1998 5079 ἠθέ-

2112 5007 2248 5074 quod
2275 5021 2602 5077 cognoscere
2634 5005 2861 5075 optabas
2919 5019 2935 5058 :
2977 5022 2995 5054 ι
3037 5002 3161 5057 limo
3204 5000 3429 5054 mutatio
3477 5000 3681 5053 dextra:

432 5102 603 5173 ).ηοας
646 5102 858 5172 μαθεῖν,
905 5122 924 5156 ι
968 5101 1117 5174 Αὕτη
1147 5104 1181 5174 ἡ
1230 5102 1518 5167 ἀλλοίωσις
1560 5103 1659 5170 τῆς
1701 5099 1882 5166 δεξιᾶς
1909 5100 2001 5154 τοῦ

2113 5097 2318 5155 Excelsi
2354 5098 2423 5154 κ’.
2471 5117 2490 5150 ι
2527 5097 2643 5154 Non
2671 5098 2813 5167 quod
2842 5104 3104 5164 mutetur,
3140 5093 3230 5165 qui
3258 5102 3342 5148 est
3370 5090 3682 5147 immutabi-

519 5262 566 5294 ⁸⁸
599 5260 913 5328 Psal.mv,
954 5260 1006 5316 1.
1065 5260 1295 5330 "{Psal.
1341 5276 1540 5325 Lxxvt,
1568 5261 1657 5315 ll.

1526 5412 1760 5468 νΑῐιιΑε
1802 5412 2179 5469 LECTIONES
2217 5413 2303 5468 ET
2351 5410 2581 5470 ΝΟΤᾸΞ.

507 5571 616 5643 (ll)
650 5570 754 5643 Pro
782 5572 926 5643 πέρα
961 5571 1142 5643 legunt
1184 5569 1332 5643 παρὰ
1359 5571 1515 5643 codd.
1540 5569 1747 5643 iidem.
1786 5567 1999 5643 Possm.
2183 5567 2295 5643 (ιδ)
2322 5568 2461 5624 Ante
2506 5568 2621 5623 ἐστὶ
2663 5566 2818 5623 codd.
2864 5567 2980 5621 Vat.
3035 5566 3138 5621 050
3182 5575 3235 5624 et
3266 5566 3386 5637 .Alt.
3436 5560 3693 5633 inserunt

510 5637 623 5710 (12)
653 5637 1043 5715 lidemjolluni
1071 5642 1220 5715 παρὰ
1237 5637 1377 5711 quod
1402 5639 1631 5711 in_edito
1657 5648 1734 5695 est
1766 5639 2002 5707 positum
2111 5655 2189 5691 τε.
2218 5637 2289 5695 In.

439 5712 581 5766 inter
614 5710 689 5782 μὴ
716 5722 769 5768 et
794 5712 911 5782 τῆς.
948 5711 1023 5768 In.
1152 5710 1163 5715 ⁷
1210 5722 1219 5725 ’
