3974 6144
346 246 489 316 1545
1146 252 1681 314 EPISTOLARUM
1712 251 1861 316 LIB.
1901 252 1969 313 V.
2009 278 2080 288 —
2118 254 2355 315 EPIST.
2397 256 2760 320 CCCLXVII.
3451 268 3586 336 1546

345 380 491 434 ματα
510 361 606 414 καὶ
636 360 956 432 πράγματα,
993 361 1086 413 καὶ
1116 361 1479 434 ἐνθυμήματα
1522 360 1888 432 βασανίζουσα

2016 365 2181 417 verba
2210 364 2365 432 juxta
2389 379 2454 419 ac
2485 381 2591 431 res,
2635 369 2977 439 cogitataque
3022 374 3350 442 expendcns,
3398 380 3464 433 ad
3506 383 3581 437 iu-

342 455 437 508 καὶ
465 454 571 516 ἕως
609 453 814 505 ἀδύτων
844 452 1135 522 χωροῦσα,
1177 452 1271 506 καὶ
1312 454 1399 506 διὰ.
1437 453 1656 505 πάντων
1704 451 1894 519 ἄγουσι

2020 456 2148 509 tima
2174 472 2343 526 usque
2373 460 2706 525 pettetrando
2740 474 2804 514 ac
2830 465 3126 517 scrutando
3153 477 3366 522 cuncta.
3398 468 3467 523 At
3502 472 3587 525 in-

340 545 444 614 τὴν
470 544 717 614 ἔρευναν.
763 541 942 612 Πολλὴ
994 541 1049 594 δέ
1084 543 1178 595 καὶ
1226 542 1383 612 ἡμῶν
1425 544 1459 613 ή
1510 542 1759 611 ἀμέλεια.
1807 542 1894 594 Κα⁴

2016 562 2147 616 gens
2184 548 2341 602 nobis
2406 548 2644 617 ignavia,
2699 551 2805 606 etsi
2852 568 2957 606 non
3014 553 3181 624 fugiat
3239 574 3336 612 nos
3395 575 3583 629 pinnas

337 633 515 686 ταῦτα
545 632 783 697 εἰδότων,
824 633 906 686 ὅτι
940 634 1161 699 πάντως
1203 634 1359 704 δίκην
1404 634 1693 705 ύφέξομεν,
1729 636 1778 687 εἰ
1819 635 1894 688 κα

2015 639 2237 693 omnino
2275 642 2675 709 persoluturos,
2708 645 2957 713 quamvis
2998 662 3103 700 non
3128 650 3344 702 easdem
3371 667 3576 708 omnes.

338 725 419 795 μὴ
442 724 539 795 τὴν
565 722 734 794 αὐτὴν
766 723 1028 788 ἅπαντες.
1063 725 1137 777 Ού
1172 725 1275 795 γάρ
1305 726 1353 778 oi
1381 727 1493 788 τοῖς
1518 726 1702 787 αὐτοῖς
1732 725 1913 795 ἁμαρ-

334 813 545 882 τήμασι
585 813 1005 883 περιπεσόντες,
1057 812 1273 875 πάντως
1313 813 1413 883 τὴν
1462 813 1632 883 αὐτὴν
1683 811 1912 866 δώσουσι

334 902 524 972 δίκην,⁴
546 902 623 973 τῷ
656 904 749 957 καὶ
800 904 977 966 αἰτίας
1016 902 1386 969 ἐξετάζεσθαι,
1419 905 1513 957 καὶ
1537 904 1765 976 καιροὺς
1814 905 1911 959 καὶ

333 993 563 1055 τόπους’
602 987 713 1045 οἷόν
756 1010 808 1045 τι
838 993 1014 1062 λέγω·
1046 991 1245 1063 ἐναγὴς
1276 995 1304 1047 6
1349 994 1526 1062 φόνος.
1578 993 1673 1058 Τίς
1705 994 1814 1063 γὰρ
1846 993 1907 1047 οὗ

334 1083 531 1154 φήσει;
590 1083 731 1136 Ἀλλ’
773 1086 901 1137 ὅταν
926 1085 1020 1138 καὶ
1048 1086 1105 1138 ἐν
1148 1084 1331 1153 ἁγίαις
1378 1085 1612 1156 ἡμέραις
1642 1085 1908 1155 γένηται,

334 1176 690 1245 ἐναγέστερος
728 1176 971 1243 γίνεται·
1005 1177 1053 1229 εί
1091 1176 1148 1231 δὲ
1182 1178 1275 1231 καὶ
1306 1179 1365 1231 ἐν
1418 1177 1549 1248 ἱερῷ
1587 1178 1771 1247 τόπῳ,
1822 1179 1908 1229 ὲν-

332 1266 651 1334 αγέστατοςο
676 1265 770 1319 τοῦ
800 1266 971 1320 κακοῦ
997 1268 1089 1320 καὶ
1111 1267 1326 1321 ἀπὸτοῦ
1356 1268 1549 1340 καιροῦ
1575 1271 1668 1321 καὶ
1690 1267 1798 1321 ἀπὸ
1814 1267 1905 1321 τοῦ

331 1358 500 1411 τόπου
544 1358 955 1428 αὐξανομένου,
986 1358 1081 1412 καὶ
1134 1359 1454 1431 προσθήκην
1501 1362 1583 1423 είς
1635 1359 1905 1430 τιμωρίαν

330 1448 722 1520 λαμϐάνοντος,
756 1450 906 1519 καὶὴ
942 1450 1170 1520 πορνεία
1207 1450 1306 1521 μία
1341 1446 1483 1504 εἶναι
1524 1448 1778 1514 δοκοῦσα,
1809 1448 1907 1501 καὶ

329 1538 441 1591 ἀπὸ
475 1539 669 1611 καιροῦ
691 1578 706 1602 ,
743 1539 836 1592 καὶ
876 1538 985 1592 ἀπὸ
1015 1538 1185 1593 τόπου
1221 1540 1501 1613 βαρυτέρα
1542 1540 1776 1610 γίνεται.
1807 1541 1902 1593 Ἓν

328 1629 509 1682 τοίνυν
532 1630 823 1701 σκοπῶμεν
851 1631 1083 1695 ὅπωςτά
1102 1630 1223 1684 καθ’
1249 1631 1476 1695 ἑαυτοὺς
1502 1628 1561 1685 εὖ
1586 1630 1887 1701 διαθῶμεν⁸

2014 728 2197 798 Neque
2227 733 2370 786 enim
2402 750 2611 802 omnes,
2657 736 2846 790 eadem
2896 737 3291 809 delinquentes,
3336 744 3581 798 eamdem

2012 821 2161 875 luem
2210 837 2449 891 pmnam,
2480 825 2610 895 quia
2664 834 2719 879 et
2753 841 2938 894 causa,
2974 838 3029 883 et
3059 829 3195 895 loca,
3239 846 3304 885 ac
3343 843 3581 904 tempora

2012 912 2484 967 examinabuutur.
2516 915 2673 969 Verbi
2702 917 2873 985 gratia
2906 918 3254 975 homicidium
3291 938 3580 977 exsecran-

2012 1003 2138 1055 dum
2173 1001 2433 1072 ﬂagitiutn
2457 1014 2560 1071 est,
2588 1004 2710 1075 quis
2739 1007 2937 1075 neget?
2967 1007 3116 1075 Quod
3145 1010 3188 1063 si
3220 1010 3371 1065 festis
3403 1022 3583 1081 patrao

2013 1102 2123 1147 tum
2152 1094 2223 1148 sit
2253 1093 2444 1149 diebus
2475 1097 2647 1166 magis
2676 1107 2761 1152 est
2810 1102 3224 1165 exsecrandum,
3273 1104 3317 1157 si
3372 1106 3424 1158 in
3466 1105 3581 1161 loco

2015 1199 2173 1240 sacro
2200 1187 2433 1242 maxime
2462 1188 2696 1255 exsistit,
2752 1188 3151 1259 detestandum,
3192 1192 3395 1265 ﬂagitio
3433 1213 3583 1252 sunt-

2008 1288 2229 1344 mopere
2251 1291 2279 1327 a
2310 1273 2411 1330 loci
2454 1277 2828 1350 temporisque
2864 1281 3272 1336 circumstantia
3327 1285 3577 1351 adaucto,

2008 1377 2167 1432 pt'ena
2189 1365 2355 1420 etiam
2383 1376 2732 1436 augmentum
2766 1370 2889 1423 inde
2912 1382 3160 1427 sumente
3192 1390 3206 1427 :
3240 1384 3293 1429 et
3325 1377 3579 1433 scortatio

2007 1455 2134 1512 licet
2178 1473 2286 1511 una
2336 1458 2601 1522 videatur,
2655 1461 2899 1514 variatur
2934 1470 3113 1517 tamen
3178 1465 3579 1537 intenditurque

2008 1548 2268 1615 temporis
2296 1546 2511 1617 locique
2551 1548 2840 1616 adjunctis.
2874 1552 3140 1608 Curemus
3181 1556 3363 1626 itaque
3391 1560 3440 1612 in
3468 1561 3578 1628 pri-

2006 1637 2130 1704 mis,
2166 1646 2226 1694 ut
2258 1654 2439 1695 mores
2479 1654 2863 1710 componamus
2886 1653 3106 1700 nostros
3167 1663 3183 1700 :
3240 1648 3405 1716 judici
3449 1666 3576 1705 vero

326 1718 407 1790 τῷ
428 1720 486 1773 δέ
512 1723 669 1792 κριτῇ
699 1723 1080 1795 ἐπιτετράφθω
1105 1726 1137 1795 ή
1163 1722 1395 1797 ἀκρισὴς
1418 1722 1670 1793 βάσανος.
1693 1723 1768 1775 Ού
1792 1722 1894 1791 γὰρ

2009 1731 2119 1785 Deo
2143 1732 2347 1801 optimo
2370 1733 2607 1787 maximo
2634 1734 2817 1790 relicta
2852 1737 2925 1790 sit
2972 1748 3227 1792 accurata
3282 1745 3454 1796 nostri
3485 1759 3577 1797 co-

327 1812 377 1863 εί
420 1813 583 1883 ἡμεῖς
635 1813 730 1868 νῦν
775 1816 1054 1887 ὁριοῦμεν,
1090 1815 1254 1878 αὐτὸς
1287 1815 1685 1885 ἐπιψηφιεῖται.
1732 1813 1897 1868 Ἀλλά

325 1900 541 1972 ἀνάγκη
574 1904 721 1973 ήμᾶς
748 1904 846 1974 τὴν
869 1905 1167 1960 ἀδέκαστον
1195 1906 1487 1976 ἀναμένειν
1517 1905 1718 1975 ψῆφον.

819 2199 1000 2269 ΤΞςν.
1025 2231 1094 2241 -
1123 2200 1398 2272 muta.

2004 1819 2177 1889 gnitio
2222 1830 2278 1874 et
2330 1821 2656 1890 disquisitio.
2695 1822 2810 1878 Non
2866 1825 3010 1880 enim
3043 1829 3087 1881 si
3139 1829 3265 1896 quid
3305 1846 3447 1885 nunc
3477 1833 3575 1900 ipsi

2003 1910 2325 1977 definimus,
2372 1914 2486 1981 ipse
2517 1917 2842 1971 sententiam
2876 1917 2955 1973 sic
2982 1918 3139 1988 feret,
3174 1922 3341 1994 669
3376 1926 3469 1979 sed
3497 1926 3577 1980 in-

2005 2013 2213 2073 tegrum
2245 2005 2729 2077 incorruptnmque
2758 2008 2875 2081 ejus
2898 2021 3119 2080 oportet
3151 2027 3465 2083 exspectare
3490 2017 3575 2087 ju-

1999 2094 2218 2151 dicium.
2382 2158 2386 2163 _

2381 2202 2698 2259 CCCLXVI.
2749 2237 2819 2248 —
2860 2207 3183 2266 IIYPATIO.

1103 2295 1286 2351 Virtus
1307 2306 1422 2366 post
1463 2296 1680 2350 sudores
1710 2296 1965 2365 gaudium
1990 2306 2037 2351 et
2068 2312 2317 2351 coronam
2353 2299 2492 2365 parit
2528 2300 2801 2355 caelestem.

399 2402 555 2474 Ἔχει
592 2403 691 2474 μὲν
725 2402 760 2474 ἠ
795 2405 966 2474 ἀρετὴ
997 2402 1337 2475 εὐφροσύνην
1377 2402 1645 2474 εἰλικρινῆ
1675 2403 1770 2455 καὶ
1807 2401 1895 2454 ἔν-
1944 2422 1952 2431 ·

322 2491 476 2559 δοξον
526 2496 622 2548 καὶ
659 2495 1037 2567 ἀτελεύτητον,
1071 2495 1176 2549 ὑπὸ
1217 2496 1315 2565 μὲν
1340 2495 1432 2547 τοῦ
1473 2494 1681 2562 ἀγαθοῦ
1711 2511 1889 2548 συνει-

322 2585 473 2648 δότος
502 2588 849 2658 τικτομένην,
885 2587 990 2639 ὑπὸ
1026 2586 1083 2639 δὲ
1128 2586 1235 2640 τῶν
1269 2586 1657 2656 ὐπερκοσμίων
1690 2585 1891 2653 στεφά-

323 2694 432 2730 νων
458 2678 854 2749 τιθηνουμένην
901 2680 1033 2749 (Μ),
1058 2679 1152 2731 καὶ
1183 2678 1287 2730 ὑπὸ
1314 2678 1411 2745 τῆς
1444 2677 1553 2730 τῶν
1590 2677 1892 2746 μελλόντων

324 2768 539 2832 ἐλπίδος
583 2770 920 2839 τρεφομένην
939 2787 952 2800 ·
981 2770 1094 2839 ἔχει
1121 2769 1178 2821 δὲ
1208 2771 1300 2821 καὶ
1328 2768 1547 2833 πόνους,
1588 2767 1682 2821 καὶ
1716 2770 1891 2837 ἀγρυ-

323 2860 507 2923 πνίας,
543 2862 635 2912 καὶ
663 2862 943 2929 ἀσκήσεις.
981 2861 1048 2914 δι’
1088 2853 1162 2913 ὧν
1200 2858 1579 2929 κατορθοῦται.
1613 2859 1689 2911 Οὐ
1724 2861 1831 2926 γὰρ
1862 2857 1890 2907 6

2072 2404 2254 2460 Virtus
2280 2420 2410 2460 sane
2437 2408 2729 2471 sinceram,
2765 2409 3077 2475 gloriosam.
3130 2420 3294 2482 atque
3343 2415 3568 2468 immor-

1997 2496 2155 2550 talem
2180 2498 2579 2568 perfectamque
2608 2502 2843 2556 continet
2866 2502 3127 2569 laetitiam,
3158 2521 3187 2557 a
3219 2507 3354 2560 bona
3381 2509 3569 2576 quavis

1987 2587 2317 2642 conscientia
2352 2589 2605 2657 genitam,
2639 2593 2857 2647 coronis
2899 2603 3076 2648 autem
3121 2596 3431 2651 cmlestibus
3468 2614 3567 2653 nu-

1991 2678 2170 2731 tritam
2196 2678 2592 2747 educatamqne
2620 2696 2713 2749 spe
2744 2680 3047 2737 futurorum
3077 2685 3360 2742 bonorum.
3394 2686 3565 2742 lIaItct

1986 2782 2117 2821 vero
2161 2769 2326 2822 etiam
2380 2768 2591 2823 labores
2640 2770 2955 2840 vigiliasque
3012 2783 3066 2827 et
3118 2778 3561 2841 exercitationes,

1987 2859 2185 2926 quibus
2214 2860 2388 2914 virtus
2435 2862 2728 2929 perficitur.
2768 2862 2998 2929 Ignavus
3028 2866 3170 2919 enim
3211 2875 3264 2921 et
3291 2868 3565 2924 dormiens

324 2946 587 3017 ῥαθυμῶν
630 2949 727 3001 καὶ
777 2948 1054 3002 καθεύδων
1099 2949 1361 3019 τρόπαιον
1419 2948 1631 3015 στήσει,
1694 2945 1809 2998 ἀλλ’
1860 2946 1889 2997 6

1999 2957 2194 3015 [τόρευε
2234 2961 2340 3001 non
2381 2959 2600 3014 statuet,
2641 2952 2734 3005 sed
2769 2952 2860 3021 qui
2898 2954 3069 3008 valide
3110 2954 3162 3008 in
3219 2956 3424 3010 hostem
3466 2974 3564 3026 pu-

322 3036 589 3107 λαμπρῶς
622 3038 759 3108 πρὸς
784 3040 911 3103 τοὺς
953 3039 1231 3101 ἐναντίους
1282 3036 1714 3105 ἀγωνισάμενος.
1742 3036 1805 3088 Et
1833 3035 1891 3088 δὲ

321 3128 491 3196 φαίης
521 3127 704 3191 πάλιν,
734 3128 922 3198 ὥσπερ
949 3124 1041 3181 οῦν
1072 3128 1166 3182 καὶ
1194 3128 1350 3196 ἔφης,
1386 3120 1497 3180 οἶόν
1523 3143 1583 3178 τε
1633 3119 1771 3178 εἶναι
1799 3126 1891 3179 τὸν

319 3217 390 3270 τὰ
419 3217 649 3287 βιωτικὰ
686 3219 987 3289 πράγματα
1021 3220 1535 3289 μεταχειριζόμενον
1569 3219 1887 3288 στεφθῆναι.

320 3308 503 3362 πάντα
530 3308 600 3361 τὰ
626 3308 739 3378 εἴδη
770 3311 871 3377 τῆς
893 3310 1094 3379 ἀρετῆς
1116 3310 1560 3382 κατορθώσαντα,
1605 3309 1699 3362 καὶ
1726 3324 1892 3361 σπου-

320 3398 518 3462 δάζων,
572 3398 710 3451 ἀλλὰ
759 3398 834 3469 μὴ
874 3400 1085 3463 παίζων
1122 3400 1367 3472 ἀκριϐῶς
1411 3400 1588 3454 ταῦτα
1638 3400 1779 3469 φής’
1813 3397 1889 3467 μὴ

321 3486 595 3559 φθονήσῃς
624 3486 830 3552 διδάξαι
866 3506 935 3557 με
965 3489 1025 3541 τὸ
1081 3489 1385 3560 παράδοξον
1413 3487 1572 3542 τοῦτο
1610 3488 1705 3540 καὶ
1751 3485 1888 3539 νεώ-

320 3596 481 3649 τερον
513 3579 755 3650 μάθημα.
792 3580 925 3632 Οὐδὲ
950 3581 1056 3650 γὰρ
1085 3581 1274 3650 ῥᾳδίας
1310 3581 1444 3650 (15),
1476 3578 1572 3633 καὶ
1605 3577 1883 3643 πλατείας,

321 3668 420 3722 rei.
450 3668 753 3736 ίππηλάτου
784 3667 949 3737 ούσης
982 3668 1082 3737 τῆς
1107 3668 1360 3736 τοιαύτης
1395 3666 1538 3728 ὁδοῦ,
1576 3666 1888 3734 πράγματα

330 3758 591 3827 βούλομαι
622 3759 783 3820 αὑτός
809 3775 867 3810 τε
903 3759 1068 3827 ἐχειν,
1101 3758 1196 3809 καὶ
1240 3760 1351 3818 τοῖς
1394 3756 1571 3817 ἄλλοις
1603 3754 1884 3823 παρέχειν,

322 3849 499 3915 λέγων
529 3848 589 3899 τὸ
637 3848 1029 3914 ἀποστολικὸν,
1071 3848 1151 3901 ὅτι
1193 3866 1211 3897 ι
1251 3847 1349 3899 Διά
1394 3845 1607 3897 πολλῶν
1654 3843 1887 3911 θλίψεων

320 3938 405 3991 δεῖ
434 3937 579 4006 ἡμᾶς
608 3938 861 3992 εἰσελθεῖν
886 3940 965 4001 εἰς
992 3937 1089 4008 τὴν
1113 3936 1387 3998 βασιλείαν
1420 3935 1528 3988 τῶν
1560 3933 1827 4005 οὐρανῶν.
1862 3951 1882 3984 ι

331 4028 396 4080 'O
428 4026 536 4098 γὰρ
570 4028 842 4097 Δεσπότης
885 4028 1117 4098 Χριστὸς
1151 4028 1490 4097 ἀπεφήνατο,
1524 4023 1713 4094 στενὴν
1747 4019 1885 4075 εἶναι

319 4121 420 4187 τὴν
448 4117 648 4189 πύλην,
682 4120 776 4170 καὶ
811 4119 1177 4188 τεθλιμμένην
1205 4119 1302 4188 τὴν
1342 4117 1479 4177 ὁδὸν,
1512 4115 1608 4185 τὴν
1641 4113 1885 4180 ἀπάγου-

319 4226 423 4263 σαν
451 4210 531 4271 είς
562 4209 659 4279 τὴν
686 4209 850 4279 ζωὴν,
885 4210 979 4263 καὶ
1011 4210 1222 4277 ὀλίγους
1274 4206 1413 4262 εἶναι
1440 4210 1565 4270 τοὺς
1601 4208 1884 4277 εὑρίσκον-

1992 3034 2257 3104 gnaverit.
2292 3033 2348 3088 Si
2381 3035 2575 3089 iterum
2620 3036 2867 3103 ohjicias,
2905 3042 3045 3110 quod
3071 3042 3230 3105 facis,
3262 3043 3375 3097 ﬁeri
3404 3060 3561 3114 posse

1993 3134 2050 3177 ut
2080 3123 2170 3194 qui
2204 3124 2270 3177 ad
2304 3125 2590 3179 humanam
2627 3128 2789 3181 vitam
2828 3131 3037 3199 negotia
3075 3132 3393 3200 pertinentia
3452 3146 3560 3188 tra-

1992 3223 2121 3279 ctet,
2165 3224 2458 3270 coronetur
2490 3217 2637 3269 onmi
2680 3217 2935 3273 virtutum
2979 3232 3204 3278 ornatus
3247 3238 3461 3293 genere.
3496 3225 3563 3281 Et

1992 3304 2133 3357 serio
2186 3304 2296 3359 haec
2343 3305 2581 3373 quidem,
2619 3317 2977 3379 aecurateqtte
3021 3326 3123 3365 non
3170 3312 3404 3382 jocando
3448 3315 3561 3370 ltzec

1991 3391 2223 3461 profers,
2257 3411 2359 3446 non
2396 3394 2616 3451 moleste
2644 3406 2819 3452 tamen
2854 3399 2993 3454 feres
3021 3401 3211 3455 docere
3243 3418 3327 3457 me
3362 3418 3557 3458 novum

1991 3484 2092 3538 ltoc
2140 3494 2192 3538 et
2249 3484 2558 3539 inusitatum
2609 3496 2703 3540 aut
2757 3489 3073 3546 incredibile
3124 3492 3339 3562 dogma.
3375 3493 3559 3563 Neque

1989 3586 2117 3625 vero
2141 3587 2241 3640 ego
2269 3574 2480 3628 tametsi
2516 3574 2711 3641 facilis,
2762 3577 2890 3644 lata,
2933 3589 2988 3633 et
3034 3596 3218 3650 prope,
3252 3592 3310 3636 ut
3356 3584 3427 3637 ita
3476 3584 3557 3638 di-

1988 3678 2128 3728 cam,
2154 3666 2357 3719 curulis
2388 3678 2531 3721 esset
2569 3669 2674 3733 via,
2711 3684 2828 3735 qme
2859 3670 2927 3723 ad
2965 3672 3159 3725 coelum
3210 3672 3376 3738 ducit,
3424 3675 3554 3729 milii

1993 3763 2168 3806 tamen
2217 3754 2402 3808 aliisve
2431 3771 2548 3809 eam
2582 3756 2849 3812 diIIiciIem
2884 3761 3109 3814 reddere
3142 3762 3323 3824 velim,
3352 3778 3558 3818 memor
3672 3774 3678 3779 ‘

1988 3843 2103 3910 ejus
2154 3846 2433 3913 apostolici
2485 3846 2665 3899 dicti:
2706 3866 2726 3899 ι
2792 3848 2894 3903 Per
2937 3849 3131 3903 multas
3185 3852 3556 3909 tribulatioaes

1988 3943 2199 4001 oportet
2234 3949 2332 3988 nos
2382 3935 2587 3990 intrare
2626 3936 2680 3990 in
2733 3953 2951 4008 regnum
3003 3940 3091 3993 Dei
3122 3941 3189 3995 9'.
3235 3960 3253 3993 ι
3309 3941 3558 3999 Christus

1986 4040 2117 4079 vero
2168 4024 2427 4081 Dominus
2494 4028 2733 4082 ostendit
2813 4040 3091 4098 angustam
3148 4046 3273 4087 esse
3323 4042 3553 4101 portam,

1991 4116 2239 4183 viamque
2295 4117 2639 4181 laboriosam,
2680 4134 2799 4186 quae
2830 4120 2894 4172 ad
2929 4120 3091 4174 vitam
3150 4123 3309 4176 ducat
3359 4125 3557 4192 sempi-

1989 4216 2219 4268 teruam,
2251 4222 2554 4275 paucosque
2603 4210 2737 4263 adeo
2777 4224 2921 4273 esse,
2968 4211 3059 4278 qui
3093 4225 3212 4265 eam
3264 4214 3552 4282 reperiant.

316 4317 420 4363 τας
448 4268 636 4369 αὑτήν..
672 4268 847 4353 ’Ᾰλλὲι⁷
865 4302 972 4371 γὰρ
1024 4268 1180 4356 τοῦτο
1204 4268 1273 4354 ⁷ού
1308 4268 1558 4371 δύναμαι
1577 4268 1791 4369 μαθεῖν,
1824 4298 1886 4350 οὐ

1999 4298 2099 4351 Sed
2154 4299 2253 4351 hoc
2297 4298 2543 4366 equidem
2578 4313 2683 4351 non
2721 4313 2936 4367 possum
2972 4301 3178 4355 discere
3213 4318 3226 4355 :
3268 4318 3371 4356 non
3411 4304 3553 4356 enim

317 4393 429 4462 γὰρ
481 4392 575 4461 ἐᾷς
606 4392 669 4444 σὺ
706 4394 798 4445 καὶ
830 4393 898 4445 δι’
922 4387 997 4446 ὧν
1028 4394 1227 4462 λέγεις,
1259 4396 1355 4447 καὶ
1383 4393 1449 4446 δι’
1500 4385 1575 4445 ὧν
1605 4392 1883 4461 πράττεις,

318 4481 814 4552 ἀντιφθεγγόμενος
845 4483 1017 4556 ταύτῃ
1044 4501 1102 4537 τε
1130 4487 1198 4555 τῇ
1227 4484 1391 4554 ψήφῳ
1410 4522 1425 4548 ,
1452 4482 1548 4535 καὶ
1573 4484 1686 4545 τοῖς
1718 4481 1886 4543 θείοις

316 4574 610 4645 χρησμοῖς,
646 4574 740 4627 καὶ
771 4575 1032 4628 τάναντία
1061 4574 1351 4630 παιδεύων.

508 4678 677 4735 ΤΞΖ’.’
709 4710 784 4724 -
818 4681 1213 4751 θΕοΓΝΩΣΤᾳ
1251 4678 1714 4750 arenarum.

1991 4386 2195 4441 desinis
2229 4397 2281 4439 tu
2315 4402 2410 4455 per
2451 4400 2512 4439 ea
2542 4402 2663 4455 quae
2696 4388 2872 4457 jactas
2900 4390 3123 4459 agisque
3152 4394 3392 4461 quotidie
3430 4396 3556 4448 ltuit:

1990 4479 2274 4532 sententiae
2310 4477 2624 4544 reclamare,
2673 4489 2832 4549 atque
2881 4481 3079 4538 divinis
3097 4485 3332 4539 oraculis
3360 4487 3553 4545 obniti,

1991 4570 2100 4624 imo
2121 4570 2390 4624 contraria
2416 4570 2577 4624 etiam
2620 4572 2819 4639 passim
2849 4573 3059 4628 docere.

1989 4673 2330 4729 CCCLXV".
2383 4704 2451 4714 —
2509 4674 2994 4732 TIIEOGNOSTE
3080 4677 3551 4735 PRESBYTERO.

798 4774 873 4829 De
899 4778 1094 4830 ultione
1114 4777 1291 4829 divina
1323 4777 1380 4828 in
1411 4775 1525 4828 illos
1552 4777 1641 4837 qui
1671 4773 1876 4825 nomine
1904 4780 1951 4824 et
1988 4780 2185 4831 trapteo
2215 4770 2385 4823 crucis
2409 4770 2601 4839 signati
2641 4771 2854 4840 indigne
2880 4774 3076 4825 vivunt.

390 4884 685 4939 Πέπτωκεν
730 4885 758 4937 6
799 4882 1063 4947 διάϐολος,
1107 4885 1155 4935 εί
1185 4883 1278 4935 καὶ
1307 4882 1726 4953 ἀπερισκέπτως
1755 4862 1905 4952 θρα-κ

316 4975 556 5031 σύνεται.
604 4975 943 5045 Θρασύνεται
989 4974 1081 5040 δὲ,
1123 4972 1221 5044 τὴν
1277 4975 1550 5045 ήμετέραν
1606 4971 1882 5043 ρᾳθυμίαν

314 5065 529 5132 ἐφόδιον
568 5066 667 5134 τῆς
710 5064 916 5127 οἰκείας
966 5064 1222 5125 ἀπονοίας
1262 5064 1600 5131 ποιούμενος.
1653 5064 1725 5115 Τὸ
1773 5061 1881 5132 γὰρ

317 5154 576 5225 μέγιστον
608 5158 702 5208 καὶ
741 5156 884 5208 θεῖον
925 5157 1207 5225 τρόπαιον,
1260 5157 1397 5227 ὅπερ
1426 5158 1454 5208 6
1503 5155 1689 5226 Σωτὴρ
1719 5154 1882 5225 δεῦρο

361 5336 407 5369 ⁸³
439 5337 559 5390 Act.
600 5352 712 5403 xw,
743 5338 835 5391 ΕΗ.

2063 4878 2315 4933 Diabolus
2354 4880 2489 4933 coelo
2520 4880 2737 4944 decidit,
2770 4888 3003 4934 attamen
3062 4879 3187 4934 ferit
3250 4894 3313 4934 ac
3366 4880 3552 4938 ferocit

1992 4971 2331 5025 temerarius.
2364 4970 2578 5025 Ferocit
2610 4973 2752 5024 eniut
2795 4973 3062 5040 audetque
3090 4973 3333 5026 socordia
3371 4986 3552 5029 nostra

1990 5048 2290 5115 subsidium
2312 5061 2412 5115 sibi
2445 5063 2673 5130 propria:
2696 5076 2888 5130 parare
2920 5062 3188 5115 amentiae.
3222 5061 3372 5128 Quod
3411 5066 3551 5119 enim

1992 5153 2285 5207 maximum
2316 5167 2379 5207 ac
2407 5152 2648 5207 divinum
2683 5161 2939 5223 tropreum
2970 5153 3150 5209 crucis
3182 5154 3247 5207 ad
3283 5169 3381 5209 nos
3414 5143 3551 5211 Deus

1423 5448 1655 5503 VARIAS
1695 5448 2072 5505 LECTIONES
2112 5450 2199 5505 ET
2237 5452 2466 5508 ΝΟΤΑΞ.

382 5606 495 5677 (Η)
531 5607 604 5661 Ex
650 5607 1034 5676 τιουνουμένην
1063 5606 1183 5659 cod.
1228 5605 1332 5658 ΑΙι.
1372 5604 1507 5659 tollit
1552 5620 1621 5657 τι.
1666 5600 1873 5659 Possm.

555 5702 822 5761 ΡΑΤιιοι..
856 5703 969 5764 Gtt.
1012 5698 1330 5762 LXXVIII.

2056 5603 2167 5674 (I5\
2219 5603 2431 5676 Ῥᾳδίας
2460 5608 2578 5663 cod.
2606 5608 2709 5662 Alt.
2742 5616 2906 5663 mutat
2933 5608 2983 5662 in
3017 5608 3236 5678 ῥᾳδίως.
3264 5605 3339 5662 In.

3070 5699 3143 5759 49
