3974 6144
526 294 665 365 1547

1721 300 1780 358 S.
1826 297 2116 357 lSlDORI
2155 294 2591 359 PBLUSIOTzE

3629 298 3740 366 isis

529 411 750 465 veniens
807 408 994 461 statuit
1055 406 1119 461 de
1162 404 1395 469 diabolo,
1441 404 1737 460 verendum
1774 422 1903 461 sane
1929 414 2013 460 est
2044 420 2108 458 ne

2212 408 2568 477 ὲπιφοιτήσας
2619 406 2740 459 κατ’
2770 405 2935 460 αὐτοῦ
2980 406 3197 477 ἔστησε.
3246 407 3541 461 κινδυνεύει
3578 411 3637 464 ὲκ
3664 414 3740 483 τῆς

530 513 715 557 nostra
766 499 1107 569 improbitate
1152 500 1491 561 obscuretur,
1525 514 1631 552 non
1662 498 1857 552 amissa
1889 497 2104 566 quidem

532 611 625 649 sna
658 594 729 657 vi,
758 593 851 647 sed
875 600 1059 646 nostro
1091 600 1308 661 torpore
1354 606 1417 643 ac
1465 590 1721 645 daemonis
1756 590 1955 643 malitia
2009 602 2105 641 nos

532 684 924 741 circumeuntis
960 682 1240 750 injuriose.
1278 681 1379 746 Qui
1412 682 1554 736 enim
1590 682 1729 751 regis
1760 681 2103 749 triumphan-

536 779 604 833 tis
632 776 828 830 milites
849 790 911 829 se
935 789 1055 829 esse
1090 773 1411 843 gloriantes,
1444 772 1796 839 divinumque
1842 770 1962 840 ejus
2009 782 2104 823 no-

530 885 654 925 men
680 884 775 937 pro
801 882 1009 921 summa
1045 865 1324 934 dignitate,
1359 873 1417 917 ut
1464 878 1650 919 revera
1681 872 1784 928 est,
1819 861 2108 917 circumfe-

532 968 711 1013 rentes
741 952 1058 1018 Christiani,
1096 952 1303 1007 deliciis
1338 966 1400 1006 ac
1440 950 1666 1021 (λειπειυί
1691 950 1803 1019 jam
1854 958 1981 1002 sunt
2012 949 2107 1001 de-

532 1051 655 1113 diti,
690 1063 813 1104 cum
846 1047 946 1117 ipsi
979 1047 1125 1116 digni
1153 1043 1261 1099 sint
1284 1044 1373 1112 qui
1397 1044 1702 1107 vincantur,
1727 1050 1943 1111 propter
1966 1038 2108 1106 regis

532 1153 711 1196 tamen
742 1140 991 1210 gloriam,
1028 1150 1331 1205 nomenque
1378 1140 1635 1203 superant
1677 1153 1694 1187 :
1740 1140 1945 1186 tantum
1998 1144 2105 1184 non

529 1234 674 1287 enim
706 1231 808 1285 hoc
833 1228 990 1282 modo
1017 1226 1123 1281 illis
1145 1226 1344 1282 accinit
1368 1241 1382 1278 :
1416 1242 1435 1275 ι
1473 1223 1589 1277 Non
1621 1238 1720 1293 ego
1747 1222 1913 1277 vestri
1941 1235 2107 1276 causa

532 1338 654 1393 ago,
681 1323 773 1377 sed
802 1330 1021 1391 propter
1059 1333 1252 1371 nomen
1282 1332 1481 1380 meum,
1514 1330 1579 1369 ne
1611 1314 1737 1368 illud
1776 1314 2107 1382 profanetur,

532 1424 694 1481 atque
742 1410 1073 1479 inquinetur.
1124 1425 1142 1457 ι
1176 1406 1288 1461 Nisi
1340 1406 1485 1459 enim
1531 1404 1803 1475 propriam
1842 1403 1956 1471 ipse
1986 1416 2107 1454 cum

532 1504 721 1573 plausu
756 1507 1103 1567 componeret
1132 1497 1471 1567 religionem,
1496 1504 1549 1548 et
1574 1494 1752 1547 omnia
1786 1494 1885 1546 sibi
1920 1490 2107 1558 subju-

533 1604 706 1662 garet,
739 1592 903 1663 67o
936 1601 1055 1661 post
1085 1587 1373 1657 aliquando
1405 1587 1843 1654 vilipenderetur,
1895 1580 2107 1651 ignavia

533 1701 639 1741 non
672 1685 851 1739 debite
881 1698 999 1738 eam
1033 1679 1531 1734 administrantium
1571 1693 1584 1729 ε
1618 1675 1712 1730 sed
1743 1675 1959 1743 quando
1993 1686 2111 1743 pro-

2205 497 2483 565 ἡμετέρας
2514 496 2713 559 κακίας
2737 496 3133 566 ἀμαυρωθῆναι
3152 514 3165 526 ·
3196 498 3258 548 οὐ
3287 498 3380 567 τὴν
3407 500 3611 552 οἰκείαν
3635 502 3741 553 ἀπο-

2207 586 2369 638 λέσαν
2397 587 2647 657 δύναμιν,
2676 588 2791 640 ἀλλ’
2819 587 2924 640 ὑπὸ
2952 591 3050 657 τῆς
3076 588 3293 650 ἀτονίας
3320 589 3411 640 καὶ
3440 590 3633 653 κακίας
3656 592 3744 644 τῶν

2206 680 2615 749 περιφερόντων
2644 680 2777 732 αὐτὸ
2796 679 3281 750 καθυϐριζόμενον.
3318 680 3379 732 Ol
3403 681 3513 750 γὰρ
3532 681 3620 733 τοῦ
3646 683 3749 735 καλ-

2205 768 2412 822 λινίκου
2462 771 2727 840 βασιλέως
2772 771 3068 841 αὐχοῦντες
3100 766 3242 825 εἶναι
3294 773 3639 843 στρατιῶται,
3670 776 3747 828 καὶ

2206 862 2267 915 τὸ
2298 861 2442 916 θεῖον
2489 862 2655 916 αὑτοῦ
2691 864 2861 934 δνομα
2892 862 3082 934 ὥσπερ
3137 865 3354 933 ἀξίωμα
3388 865 3552 934 μέγα,
3585 865 3747 936 ὥσπερ

2206 943 2299 1001 οὖν
2346 950 2438 1001 καὶ
2471 949 2611 1015 ἐστι,
2659 951 3046 1021 περιφέροντες
3076 992 3090 1016 ,
3119 954 3299 1021 τρυφῇ
3348 952 3460 1021 (16)
3501 954 3593 1005 καὶ
3635 972 3749 1025 χρη-

2210 1042 2500 1109 ματισμοῖς
2550 1042 2777 1104 ἑαυτοὺς
2814 1042 3113 1106 ἐκδιδόντες
3136 1082 3150 1107 ,
3183 1044 3277 1095 καὶ
3311 1043 3377 1095 δι’
3416 1044 3638 1107 ἑαυτοὺς
3669 1049 3750 1115 ήτ-

2207 1129 2441 1200 τηθῆναι
2471 1130 2670 1183 δίκαιοι
2709 1132 2884 1197 ὄντες,
2922 1133 3011 1185 διά
3056 1133 3156 1204 τήν
3185 1132 3279 1187 τοῦ
3315 1134 3578 1204 βασιλέως
3618 1135 3749 1201 δόξαν

2209 1222 2603 1290 περιγίνονται·
2640 1225 2922 1294 μονονουχὶ
2945 1224 3055 1295 γὰρ
3093 1226 3189 1279 καὶ
3218 1225 3315 1277 νῦν
3343 1227 3533 1288 αὐτοῖς
3564 1230 3747 1297 ἐπιφωρ

2208 1313 2326 1363 νεῖ·
2361 1330 2379 1362 t
2415 1313 2487 1365 Οὐ
2509 1313 2578 1366 δι’
2606 1315 2750 1383 ὑμᾶς
2775 1314 2885 1383 ἐγὼ
2913 1316 3071 1378 ποιῶ,
3099 1316 3237 1369 ἀλλά
3259 1316 3345 1369 διὰ
3375 1317 3439 1369 τὸ
3464 1316 3626 1386 δνομά
3646 1335 3747 1387 μου,

2210 1400 2297 1452 ἴνα
2332 1402 2405 1472 μὴ
2438 1401 2742 1473 βεδηλωθῇ.
2776 1424 2793 1455 ι
2824 1406 2886 1457 Et
2918 1406 2993 1476 μὴ
3028 1407 3133 1476 γάρ
3158 1406 3318 1469 αὐτὸς
3344 1402 3415 1477 ἦν
3442 1410 3471 1459 ό
3502 1408 3611 1459 νυνὶ
3640 1424 3747 1473 συγ·

2211 1491 2422 1563 κροτῶν
2453 1494 2551 1563 τὴν
2578 1494 2786 1548 οἰκείαν
2816 1495 3114 1567 θρησκείαν
3153 1497 3244 1549 καὶ
3267 1496 3450 1549 πάντα
3482 1499 3608 1568 αὐτῇ
3637 1497 3748 1549 ὑπο-

2212 1585 2393 1656 χείρια
2424 1587 2878 1658 παρασκευάζων,
2918 1588 3088 1641 πάλαι
3129 1588 3195 1641 ἂν
3228 1588 3315 1641 διὰ
3348 1589 3451 1659 τὴν
3478 1587 3579 1640 τῶν
3612 1605 3747 1657 μετα-

2211 1674 2602 1759 χειριζομένων
2658 1678 2830 1749 αὐτὴν
2901 1680 2962 1732 οὐ
3021 1679 3249 1742 δεόντως
3297 1680 3571 1752 ρᾳθυμίαν
3617 1680 3753 1747 ὠλιγ-

533 1777 708 1848 priam
737 1777 837 1831 sibi
886 1775 1121 1828 vindicat
1154 1772 1401 1843 gloriam,
1437 1770 1581 1824 hunc
1612 1767 1825 1837 quidem
1858 1767 1909 1819 in
1946 1766 2109 1819 altum

2213 1758 2401 1836 ωρήθη
2422 1783 2435 1797 ο
2471 1766 2585 1820 ἀλλ’
2626 1767 2813 1838 ἐπειδὴ
2839 1768 2938 1839 τῆς
2970 1769 3176 1833 οἰκείας
3210 1771 3565 1822 ἀντιποιεῖται
3597 1768 3749 1836 δόξης.

536 1868 803 1930 attollens,
843 1865 910 1920 ab
946 1866 1065 1919 aliis
1118 1879 1245 1918 vero
1302 1870 1421 1932 post
1472 1858 1629 1930 paulo
1678 1856 1903 1911 acerbas
1943 1856 2111 1926 exigit

535 1974 743 2029 ptenas.
770 1957 877 2012 Nec
905 1957 1047 2011 enim
1083 1956 1284 2025 patitur
1300 1954 1417 2007 haec
1440 1954 1656 2020 impune
1696 1963 1885 2003 ausum
1916 1946 2107 2011 fuisse,

539 2064 712 2120 neque
739 2049 976 2103 divinum
1013 2057 1204 2099 nomen
1241 2044 1382 2112 ipsos
1417 2040 1851 2107 blasphemantes
1878 2034 2112 2101 impuni-

541 2152 621 2195 tos
648 2139 898 2201 dimittet,
929 2138 1035 2191 imo
1075 2142 1129 2190 et
1162 2133 1364 2201 majora
1397 2132 1575 2199 exiget
1608 2128 1867 2199 supplicia
1917 2126 1985 2179 ab
2043 2124 2111 2179 iis

538 2230 628 2297 qui
693 2228 963 2299 peccando
1028 2225 1377 2296 dignitatibus
1439 2236 1503 2275 ac
1569 2218 1902 2290 przefeeturis
1958 2215 2112 2285 potiti

540 2332 684 2385 sunt,
726 2337 789 2375 ac
829 2337 895 2373 ne
929 2318 1009 2373 sic
1054 2316 1267 2385 quidem
1320 2314 1595 2367 moderate
1635 2311 1888 2380 agebant,
1925 2319 2111 2360 verum

540 2412 769 2479 propriae
802 2411 1118 2478 compendio
1143 2407 1401 2462 socordia:
1426 2403 1517 2458 Dei
1546 2401 1953 2470 longanimitate
1984 2409 2111 2453 sunt

540 2502 718 2567 abusi,
742 2516 802 2554 ac
824 2516 920 2570 pro
947 2501 1139 2568 quibus
1168 2498 1430 2567 paenitere
1449 2494 1751 2564 oportebat,
1776 2506 1870 2561 per
1903 2492 2016 2546 haec
2042 2491 2109 2544 ad

540 2591 742 2645 malum
778 2591 947 2660 magis
977 2600 1103 2644 sunt
1132 2587 1359 2643 incitati.

960 2880 1318 2940 CCCLXVIII.
1348 2911 1416 2923 —
1443 2876 1686 2936 ESAIAE.

2205 1853 2298 1905 τὸν
2328 1853 2441 1924 (17)
2478 1854 2579 1923 μὲν
2607 1856 2687 1917 είς
2714 1855 2847 1924 ὕψος
2888 1858 3056 1928 αἴρει,
3087 1860 3213 1921 τοὺς
3239 1858 3296 1910 δὲ
3336 1859 3495 1922 δίκας
3524 1858 3750 1927 πικροτά-

2206 1961 2305 2007 τας
2336 1945 2531 2015 μικρὸν
2565 1944 2793 2018 ὕστερον
2818 1948 3194 2019 εἰσπράξεται.
3230 1950 3371 2003 Οὐδὲ
3404 1952 3511 2021 γὰρ
3539 1949 3750 2013 ἀνέξεται

2206 2035 2381 2089 ταῦτα
2408 2037 2711 2108 τολμᾶσθαι
2740 2039 3076 2110 ἀτιμώρητὶ,
3114 2041 3233 2093 οὐδὲ
3266 2043 3397 2106 τοὺς
3420 2043 3481 2095 τὸ
3513 2041 3642 2094 θεῖον
3673 2042 3750 2093 αὑ-

2207 2128 2301 2181 τοῦ
2331 2129 2503 2199 ὄνομα
2533 2131 2658 2199 τόγε
2692 2133 2773 2193 εἰς
2801 2133 2999 2197 αὐτοὺς
3024 2128 3160 2205 ἧκον
3192 2133 3642 2206 βλασφημηθῑψαι
3667 2150 3751 2186 πα·

2212 2222 2686 2289 ρασκευάσαντας,
2712 2223 3096 2295 ἀτιμωρήτους
3120 2227 3323 2298 ἀφήσει
3347 2240 3367 2257 ο
3399 2227 3533 2281 ἀλλά
3562 2228 3645 2280 καὶ
3667 2228 3748 2295 cip-

2210 2312 2559 2386 γαλεωτέρας
2592 2315 2887 2387 ἀπαιτήσει
2918 2317 3074 2380 δίκας
3102 2319 3229 2380 τοὺς
3271 2318 3372 2371 καὶ
3404 2320 3462 2371 ὲν
3488 2318 3561 2388 τῷ
3591 2316 3745 2385 πλημ-

2213 2404 2395 2474 μελεῖν
2454 2407 2793 2476 προστασίας
2847 2408 3115 2478 τοσαύτης
3169 2409 3612 2472 ἀπολαύσαντας,
3670 2407 3746 2459 καὶ

2213 2496 2345 2566 μηδὲ
2368 2494 2509 2548 οὕτω
2540 2498 3029 2565 σωφρονισθέντας,
3064 2500 3177 2552 ἀλλ’
3200 2501 3417 2568 ἐφόδιον
3444 2501 3539 2570 τῆς
3574 2499 3745 2558 οἰκείας

2210 2586 2484 2656 ῥᾳθυμίας
2509 2589 2609 2657 τὴν
2642 2588 2793 2643 θείαν
2826 2591 3206 2661 μακροθυμίαν
3231 2594 3641 2663 ποιησαμένους,
3668 2590 3744 2641 καὶ

2206 2675 2274 2727 δι’
2298 2668 2373 2728 ὧν
2402 2681 2769 2747 γνωσιμαχεῖν
2796 2678 2987 2750 ἐχρῆν,
3028 2678 3116 2733 διὰ
3140 2678 3346 2733 τούτων
3382 2681 3476 2733 ἐπὶ
3506 2680 3564 2731 τὸ
3593 2679 3744 2746 χεῖρον

2207 2765 2528 2830 ἐλάσαντας.

2726 2876 2897 2930 ΤΞΗο.
2934 2907 3005 2917 -
3034 2878 3263 2949 nuta.

1023 2995 1041 3027 ι
1074 2976 1289 3029 Declina
1311 2992 1343 3028 a
1368 2974 1507 3028 malo
1548 2984 1593 3027 et
1616 2974 1701 3042 [ac
1728 2973 1939 3035 bonum,
1974 2987 1993 3021 ι
2030 2970 2154 3035 quia
2192 2968 2333 3022 Deus
2360 2968 2535 3021 omnia
2569 2968 2752 3021 cernit.
2777 2966 2946 3037 (Prol.
2978 2985 3164 3031 xxxvi,
3187 2971 3302 3039 ‘27.)

608 3086 801 3158 Ingens
852 3099 905 3140 et
948 3094 1104 3138 acute
1138 3099 1367 3138 cernens
1399 3099 1462 3138 ac
1492 3082 1722 3152 vigilans
1760 3079 1981 3152 justiti»:
2018 3077 2110 3133 Dei

2284 3075 2508 3144 Μέγας,
2564 3075 2661 3128 καὶ
2722 3075 3055 3147 ὀξυδερκὴς,
3107 3077 3199 3130 καὶ
3249 3078 3548 3148 ἀκοίμητος
3592 3077 3617 3128 ὁ
3661 3074 3737 3143 τῆς

540 3189 625 3235 est
654 3178 862 3241 oculus,
892 3190 1063 3243 neque
1086 3174 1257 3228 solum
1282 3189 1401 3243 qua:
1427 3174 1639 3242 publice
1667 3182 1815 3240 gesta
1849 3173 2107 3233 intuetur,

542 3272 635 3327 sed
669 3280 723 3324 et
757 3284 873 3337 qua:
904 3270 955 3321 in
997 3268 1189 3337 abysso
1214 3267 1332 3336 quis
1363 3266 1444 3318 vel
1471 3264 1788 3318 abscondito
1818 3271 1899 3316 est
1924 3276 2111 3328 ausus,

543 3361 828 3427 cordisque
865 3359 998 3409 adeo
1027 3356 1238 3411 abditos
1277 3368 1521 3409 recessus
1551 3360 1826 3407 scrutatur
1870 3366 1933 3405 ac
1960 3366 2111 3404 com-

544 3447 846 3519 prehendit.
876 3445 1060 3500 Talem
1093 3445 1274 3511 itaque
1303 3458 1424 3495 cum
1450 3442 1788 3511 hicjudicem
1822 3441 2112 3494 habeamus

546 3546 797 3596 virtutem
836 3537 1292 3607 complectamur;
1332 3535 1698 3589 abstineamus
1745 3547 1874 3587 vero
1916 3548 1947 3585 a
1998 3546 2113 3585 ma-

544 3633 682 3687 litia.
715 3630 862 3684 Illam
895 3628 1039 3681 enim
1091 3625 1521 3679 remunerabitur
1574 3623 1750 3690 Deus;
1801 3624 1940 3678 hanc
1992 3638 2117 3677 vero

538 3720 687 3789 justo
715 3718 917 3789 judicio
950 3719 1150 3786 puniet.

753 3827 1073 3883 CCCLXIX.
1110 3856 1179 3868 —
1214 3821 1548 3880 PALLADIO
1580 3820 1898 3879 DIACONO.

2211 3164 2362 3227 θείας
2394 3166 2506 3235 (18)
2553 3165 2710 3235 δίκης
2752 3167 2901 3219 ἐστὶν
2936 3166 3240 3237 ὀφθαλμός·
3296 3170 3396 3221 καὶ
3425 3170 3482 3221 οὺ
3522 3168 3661 3239 μόνον
3685 3166 3737 3215 τὰ

2212 3257 2269 3307 ὲν
2300 3255 2517 3326 φανερῷ
2562 3255 2813 3327 δρώμενα
2852 3258 3043 3327 ἐφορᾷ,
3088 3258 3222 3311 ἀλλὰ
3272 3260 3365 3311 καὶ
3413 3261 3477 3311 τά
3521 3261 3571 3310 ὲν
3594 3272 3737 3325 παρα·

2213 3346 2397 3417 ϐύστῳ
2444 3346 2768 3416 τολμώμενα
2818 3348 3093 3417 ἀνιχνεύει
3119 3390 3133 3414 ,
3166 3351 3260 3402 καὶ
3305 3351 3377 3403 τὰ
3418 3351 3512 3418 τῆς
3555 3348 3737 3416 καρδίας

2213 3438 2491 3507 κινήματα
2510 3438 2941 3507 καταλαμϐάνει.
2966 3439 3219 3493 Τοιοῦτον
3250 3441 3540 3511 τοιγαροῦν
3567 3440 3737 3507 ἔχοντες

2216 3529 2429 3598 κριτὴν,
2489 3528 2843 3599 ἀντεχώμεθα
2900 3530 3000 3600 μὲν
3056 3531 3296 3601 ἀρετῆς,
3352 3530 3659 3601 ἀπεχώμεθα
3696 3524 3737 3576 δὲ

2218 3622 2435 3685 κακίας-
2492 3622 2620 3691 ιΤὴν
2686 3622 2787 3691 μὲν
2837 3623 2947 3695 γὰρ
3000 3624 3342 3694 ἀμείψεται,
3405 3627 3499 3694 τὴν
3544 3622 3592 3674 δὲ
3635 3620 3739 3685 dpu-

2217 3721 2408 3767 νεῖται.
3390 3721 3399 3729 ’

2485 3823 2651 3877 τΞΘι.
2700 3853 2770 3864 -
2799 3824 3144 3896 ΠΑΛΛΑΔΙῼ
3194 3825 3514 3896 ΔΙΑΚΟΝῼ.

1495 3916 1646 3971 Nihil
1680 3918 1836 3971 nimis
1866 3914 2237 3985 differendum.
2264 3914 2471 3969 Diaboli
2499 3927 2637 3970 artes
2665 3918 2842 3972 malm.

617 4030 734 4087 Non
776 4039 859 4086 est
886 4030 1416 4099 procrastinandum,
1445 4026 1930 4096 diﬁerendumque,
1972 4027 2115 4081 bone

545 4127 649 4190 vir,
673 4126 766 4179 sed
809 4126 1012 4192 optima
1044 4134 1267 4190 quaeque
1298 4121 1524 4188 agenda.
1561 4117 1743 4187 Neque
1792 4119 1934 4171 enim
1993 4117 2115 4171 linis

546 4228 756 4286 tempus
807 4215 1071 4278 novimus,
1118 4227 1183 4265 ac
1241 4226 1308 4264 ne
1353 4210 1614 4265 daemonis
1672 4209 1885 4277 quidem
1942 4210 2113 4262 malas

545 4319 689 4362 artes
722 4306 1118 4372 versutiasqne,
1156 4302 1351 4371 quibus
1394 4316 1489 4355 nos
1532 4309 1822 4369 oppugnat,
1854 4299 1944 4369 qui
1972 4314 2111 4367 prae-

545 4398 788 4454 sentibus
818 4410 916 4448 nos
951 4393 1253 4455 excutiens,
1286 4392 1584 4445 futurorum
1621 4390 1899 4459 promissis
1924 4390 2108 4442 eludit.

547 4488 650 4545 Ubi
698 4489 840 4541 enim
879 4486 1025 4540 novit
1053 4483 1301 4539 homines
1350 4484 1401 4536 in
1452 4482 1594 4537 diem
1642 4482 1843 4547 vivere,
1876 4481 2111 4534 futurum

544 4594 675 4633 vero
732 4577 801 4631 sit
861 4574 1145 4637 incertum,
1201 4580 1473 4642 oppugnat
1529 4570 1667 4634 illos,
1715 4584 1777 4623 ac
1828 4570 2113 4639 praesentia

544 4668 762 4740 quidem
798 4666 1010 4730 fallens,
1035 4664 1208 4732 deque
1253 4662 1450 4717 futuris
1475 4661 1618 4715 inani
1647 4676 1744 4730 spe
1772 4660 1997 4721 lactans,
2022 4659 2113 4728 qui

547 4762 862 4816 hodiernum
906 4757 1047 4811 diem
1082 4768 1299 4823 semper
1337 4762 1655 4822 prmsentem
1700 4750 2051 4814 arbitrantur,
2080 4764 2110 4803 a

546 4865 607 4905 se
644 4861 928 4918 persuasos
965 4844 1286 4915 praecipitat.
1313 4843 1650 4913 Quapropter
1674 4852 1728 4896 et
1760 4842 1833 4896 rei
1867 4840 2114 4908 gerenda:

547 4938 887 4993 occasionem
906 4937 965 5011 in
990 4935 1123 4989 nihil
1146 4934 1353 5004 agendo
1371 4942 1774 4996 consumentes,
1799 4934 2115 5001 opportuni-

549 5038 709 5081 tatem
770 5037 1083 5095 tempusque
1138 5024 1430 5094 negligunt.
1480 5022 1714 5093 Tempus
1762 5025 1901 5076 enim
1948 5021 2118 5077 ﬂuens

547 5116 882 5186 aequabiliter
934 5130 1211 5184 nunquam
1266 5114 1499 5176 sistitur,
1555 5112 1650 5166 sed
1708 5126 1842 5181 quas
1910 5112 2118 5166 interea

2292 4028 2365 4079 Οὐ
2401 4027 2635 4096 μέλλειν,
2682 4023 2727 4081 ὦ
2758 4029 2888 4098 σοφὲ
2910 4066 2926 4092 ,
2972 4028 3111 4082 ἀλλά
3141 4030 3405 4101 πράττειν
3432 4030 3529 4101 χρὴ
3546 4027 3614 4081 *τὰ
3645 4025 3735 4096 βίλ-

2216 4134 2416 4172 τισταο
2452 4116 2576 4170 οὔτε
2616 4117 2726 4188 γὰρ
2766 4118 2858 4170 τὸν
2909 4119 3007 4189 τῆς
3056 4119 3317 4188 τελευτῆς
3367 4123 3524 4190 ἴσμεν
3568 4115 3737 4183 καιρὸν.

2215 4206 2340 4261 οὔτε
2387 4208 2485 4277 τὴν
2525 4210 2620 4260 τοῦ
2664 4208 2913 4260 διαϐόλου
2967 4210 3328 4279 κακουργίαν,
3361 4212 3429 4280 ἢν
3476 4208 3585 4280 καθ’
3613 4203 3736 4274 ἡμῶν

2220 4276 2547 4369 μηχανᾶται,
2588 4298 2868 4369 ἐκκρούων
2913 4299 3012 4369 μὲν
3061 4276 3157 4353 ἀεὶ.
3176 4276 3271 4354 τοῦ
3314 4276 3590 4372 παρόντος,
3620 4293 3734 4348 τὸδὲ

2220 4391 2411 4461 μέλλον
2460 4391 2825 4462 ὀνειροπολεῖν
2884 4393 3340 4462 παρασκευάζων.
3410 4391 3606 4460 Ἐπειδὴ
3652 4386 3733 4454 γὰρ

2217 4478 2375 4547 οἶδεν,
2405 4483 2486 4535 ὅτι
2515 4481 2656 4534 κατὰ
2705 4482 2766 4534 τὸ
2794 4481 2968 4552 παρὸν
3008 4481 3191 4552 ζῶμεν
3235 4485 3283 4535 oi
3309 4483 3595 4553 ἄνθρωποι,
3618 4476 3666 4529 τὸ
3692 4473 3733 4525 δὲ

2224 4571 2415 4643 μέλλον
2440 4572 2767 4641 ἀμφίϐολον,
2809 4576 3253 4645 καταστρατηγεῖ
3274 4591 3289 4606 ο
3323 4575 3419 4627 καὶ
3460 4573 3518 4625 τὸ
3546 4571 3629 4640 μὲν
3652 4580 3732 4617 πα·

2222 4662 2315 4733 ρδν
2344 4662 2590 4727 ἀπατῶν,
2618 4663 2678 4715 τὸ
2700 4661 2756 4714 δὲ
2788 4662 2981 4732 μέλλον
3019 4663 3429 4734 ὑποτιθέμενος,
3466 4652 3734 4730 ἐκτραχηλί-

2221 4750 2304 4815 ζει
2350 4753 2473 4814 τοὺς
2515 4752 2868 4823 πειθομένους
2896 4792 2912 4817 ,
2943 4754 3003 4807 τὸ
3040 4756 3281 4825 σήμερον
3327 4756 3415 4809 ἀεὶ
3445 4752 3601 4823 παρὸν
3624 4748 3734 4812 λογι-

2222 4844 2505 4915 ζομένους.
2538 4845 2629 4897 Διὸ
2671 4846 2765 4898 καὶ
2799 4846 2891 4899 τὸν
2930 4846 3025 4899 τοῦ
3076 4848 3341 4919 πράττειν
3384 4846 3569 4916 καιρὸν
3606 4834 3733 4901 εξςτδ

2223 4938 2388 5006 μηδὲν
2439 4937 2952 5006 παρασκευάζεσθαι
3004 4938 3420 5001 ἀναλίσκοντες,
3477 4927 3730 5003 διαμαρτάο

2222 5044 2371 5079 νουσι
2404 5028 2503 5096 τῆς
2537 5028 2840 5099 εὐκαιρίας.
2892 5029 2952 5081 '0
2998 5029 3107 5101 γὰρ
3156 5030 3348 5100 χρόνος
3395 5030 3455 5082 τὸ
3486 5024 3655 5098 βράδος
3685 5016 3728 5067 οὗ

2225 5117 2510 5187 περιμένει
2534 5133 2548 5147 ο
2583 5118 2718 5171 ἀλλά
2763 5121 2857 5173 καὶ
2893 5119 2959 5184 ἀς
3001 5122 3058 5173 ὲν
3098 5120 3175 5191 τῷ
3216 5120 3419 5192 μεταξὺ
3453 5119 3610 5189 χρόνῳ
3630 5112 3728 5165 ὕλας

1645 5288 1877 5343 VARI/13
1916 5287 2299 5344 LECTIONES
2340 5289 2426 5342 ΕΤ
2466 5288 2697 5345 NOTAE.

549 5440 976 5565 Ροὲἒῗιζ.Τρυφῇ
1028 5443 1166 5497 idem
1209 5451 1369 5512 “"3”
1428 5444 1479 5496 ί¹¹
1524 5442 1758 5513 τρυφῆς·
1814 5457 1935 5512 pus.
1993 5443 2117 5497 οτι).

628 5580 738 5652 (l7)
768 5580 870 5652 [fro
897 5580 989 5633 τὸν
1024 5582 1179 5635 ambo
1218 5584 1371 5636 codd.
1404 5582 1758 5652 ponunttr'iv.
1794 5580 1868 5633 In.

625 5650 735 5718 (18)
766 5649 893 5706 Cod.
924 5661 1148 5720 ulerqne
1170 5653 1367 5707 omittit
1401 5652 1568 5713 θείας.
1595 5649 1747 5705 νειῖδ.
1780 5652 1813 5705 5
1846 5652 1990 5703 inter
2013 5665 2114 5700 κα-

2217 5444 2551 5517 ταλαμϐάνει
2578 5456 2631 5499 et
2662 5445 2902 5499 τοιοῦτον
2925 5450 3083 5503 ambo
3111 5450 3351 5505 inserunt
3374 5451 3523 5517 πρός.
3553 5444 3600 5517 In
3623 5440 3723 5517 (11ιρ-

2218 5516 2317 5567 bus
2352 5517 2549 5569 ultimis
2583 5519 2825 5570 versibus
2858 5519 3113 5571 vocabula
3144 5522 3299 5573 iidem
3327 5515 3479 5573 aliter
3499 5515 3721 5571 οῐιιὶιιιιιιι

2217 5595 2511 5638 mutatione
2544 5599 2731 5653 parum
2768 5588 3015 5642 notabili.
3047 5589 3251 5643 Possis.
