  <div class='ocr_page' id='page_1' title='image "/cluster/home/n/w/nwhite01/storage/ocr_20150623/78/mdp.39015010334699/783.png"; bbox 0 0 3974 6144; ppageno 0'>
   <div class='ocr_carea' id='block_1_1' title="bbox 503 404 1603 562">
    <p class='ocr_par' dir='ltr' id='par_1_1' title="bbox 503 404 1603 562">
     <span class='ocr_line' id='line_1_1' title="bbox 503 404 1603 562; baseline -0.01 2"><span class='ocrx_word' id='word_1_1' title='bbox 503 404 635 471; x_wconf 62' lang='grc'><strong><em>1551</em></strong></span> <span class='ocrx_word' id='word_1_2' title='bbox 938 500 1277 562; x_wconf 75' lang='lat' dir='ltr'><strong><em>CCCLXXV.</em></strong></span> <span class='ocrx_word' id='word_1_3' title='bbox 1306 531 1371 541; x_wconf 88' lang='lat'><strong><em>—-</em></strong></span> <span class='ocrx_word' id='word_1_4' title='bbox 1392 498 1603 554; x_wconf 75' lang='lat' dir='ltr'><strong><em>EIDEM</em></strong></span> 
     </span>
    </p>
   </div>
   <div class='ocr_carea' id='block_1_2' title="bbox 1694 378 2554 451">
    <p class='ocr_par' dir='ltr' id='par_1_2' title="bbox 1694 378 2554 451">
     <span class='ocr_line' id='line_1_2' title="bbox 1694 378 2554 451; baseline -0.009 -2"><span class='ocrx_word' id='word_1_5' title='bbox 1694 392 1753 451; x_wconf 91' lang='lat' dir='ltr'><strong><em>S.</em></strong></span> <span class='ocrx_word' id='word_1_6' title='bbox 1795 388 2083 448; x_wconf 84' lang='lat' dir='ltr'><strong><em>ISIDORI</em></strong></span> <span class='ocrx_word' id='word_1_7' title='bbox 2122 378 2554 446; x_wconf 72' lang='lat' dir='ltr'><strong><em>PELUSIOT/E</em></strong></span> 
     </span>
    </p>
   </div>
   <div class='ocr_carea' id='block_1_3' title="bbox 3619 370 3744 435">
    <p class='ocr_par' dir='ltr' id='par_1_3' title="bbox 3619 370 3744 435">
     <span class='ocr_line' id='line_1_3' title="bbox 3619 370 3744 435; baseline 0 -3"><span class='ocrx_word' id='word_1_8' title='bbox 3619 370 3638 432; x_wconf 86' lang='grc' dir='ltr'><strong>Ῑ</strong></span> <span class='ocrx_word' id='word_1_9' title='bbox 3649 372 3744 435; x_wconf 76' lang='grc'><strong><em>552</em></strong></span> 
     </span>
    </p>
   </div>
   <div class='ocr_carea' id='block_1_4' title="bbox 2586 440 3393 559">
    <p class='ocr_par' dir='ltr' id='par_1_4' title="bbox 2586 440 3393 559">
     <span class='ocr_line' id='line_1_4' title="bbox 2586 440 3393 559; baseline -0.002 -18"><span class='ocrx_word' id='word_1_10' title='bbox 2586 490 2753 545; x_wconf 69' lang='lat' dir='ltr'><strong><em>&#39;roe&#39;.</em></strong></span> <span class='ocrx_word' id='word_1_11' title='bbox 2785 520 2851 529; x_wconf 90' lang='lat'><strong>—</strong></span> <span class='ocrx_word' id='word_1_12' title='bbox 2875 487 2963 559; x_wconf 84' lang='grc' dir='ltr'>Τῼ</span> <span class='ocrx_word' id='word_1_13' title='bbox 2992 487 3175 557; x_wconf 61' lang='lat' dir='ltr'><strong><em>arra</em></strong></span> <span class='ocrx_word' id='word_1_14' title='bbox 3210 486 3343 557; x_wconf 66' lang='grc' dir='ltr'>(ρο).</span> <span class='ocrx_word' id='word_1_15' title='bbox 3390 440 3393 443; x_wconf 39' lang='grc'><em>’</em></span> 
     </span>
    </p>
   </div>
   <div class='ocr_carea' id='block_1_5' title="bbox 1193 602 3074 682">
    <p class='ocr_par' dir='ltr' id='par_1_5' title="bbox 1193 602 3074 682">
     <span class='ocr_line' id='line_1_5' title="bbox 1193 602 3074 682; baseline -0.009 -14"><span class='ocrx_word' id='word_1_16' title='bbox 1193 614 1547 682; x_wconf 79' lang='lat' dir='ltr'><strong><em>Interrogatio</em></strong></span> <span class='ocrx_word' id='word_1_17' title='bbox 1588 612 1643 664; x_wconf 87' lang='lat' dir='ltr'><strong><em>in</em></strong></span> <span class='ocrx_word' id='word_1_18' title='bbox 1675 612 1841 663; x_wconf 77' lang='lat' dir='ltr'><strong><em>sacris</em></strong></span> <span class='ocrx_word' id='word_1_19' title='bbox 1871 609 2079 663; x_wconf 74' lang='lat' dir='ltr'><strong><em>Litteris</em></strong></span> <span class='ocrx_word' id='word_1_20' title='bbox 2110 605 2531 660; x_wconf 74' lang='lat' dir='ltr'><strong><em>vehementiorem</em></strong></span> <span class='ocrx_word' id='word_1_21' title='bbox 2561 603 2731 657; x_wconf 80' lang='lat' dir='ltr'><strong><em>reddit</em></strong></span> <span class='ocrx_word' id='word_1_22' title='bbox 2762 602 3074 654; x_wconf 85' lang='lat' dir='ltr'><strong><em>orationem.</em></strong></span> 
     </span>
    </p>
   </div>
   <div class='ocr_carea' id='block_1_6' title="bbox 578 721 2073 799">
    <p class='ocr_par' dir='ltr' id='par_1_6' title="bbox 578 721 2073 799">
     <span class='ocr_line' id='line_1_6' title="bbox 578 721 2073 799; baseline -0.011 -14"><span class='ocrx_word' id='word_1_23' title='bbox 578 725 833 799; x_wconf 75' lang='lat' dir='ltr'><strong><em>Quisquis</em></strong></span> <span class='ocrx_word' id='word_1_24' title='bbox 861 742 963 781; x_wconf 90' lang='lat' dir='ltr'><strong><em>non</em></strong></span> <span class='ocrx_word' id='word_1_25' title='bbox 992 736 1097 779; x_wconf 88' lang='lat' dir='ltr'><strong><em>tam</em></strong></span> <span class='ocrx_word' id='word_1_26' title='bbox 1130 724 1376 778; x_wconf 87' lang='lat' dir='ltr'><strong><em>enuntiat</em></strong></span> <span class='ocrx_word' id='word_1_27' title='bbox 1398 737 1558 790; x_wconf 88' lang='lat' dir='ltr'><strong><em>quam</em></strong></span> <span class='ocrx_word' id='word_1_28' title='bbox 1584 721 1896 788; x_wconf 74' lang='lat' dir='ltr'><strong><em>interrogat,</em></strong></span> <span class='ocrx_word' id='word_1_29' title='bbox 1914 726 2073 785; x_wconf 80' lang='lat' dir='ltr'><strong><em>atque</em></strong></span> 
     </span>
    </p>
   </div>
   <div class='ocr_carea' id='block_1_7' title="bbox 509 809 2075 885">
    <p class='ocr_par' dir='ltr' id='par_1_7' title="bbox 509 809 2075 885">
     <span class='ocr_line' id='line_1_7' title="bbox 509 809 2075 885; baseline -0.011 -9"><span class='ocrx_word' id='word_1_30' title='bbox 509 820 909 878; x_wconf 85' lang='lat' dir='ltr'><strong><em>exaudientinm</em></strong></span> <span class='ocrx_word' id='word_1_31' title='bbox 939 816 1144 885; x_wconf 88' lang='lat' dir='ltr'><strong><em>judicio</em></strong></span> <span class='ocrx_word' id='word_1_32' title='bbox 1178 814 1282 867; x_wconf 92' lang='lat' dir='ltr'><strong><em>fert</em></strong></span> <span class='ocrx_word' id='word_1_33' title='bbox 1317 811 1661 873; x_wconf 85' lang='lat' dir='ltr'><strong><em>sententiam,</em></strong></span> <span class='ocrx_word' id='word_1_34' title='bbox 1704 809 1986 863; x_wconf 84' lang='lat' dir='ltr'><strong><em>clariorem</em></strong></span> <span class='ocrx_word' id='word_1_35' title='bbox 2022 814 2075 859; x_wconf 91' lang='lat' dir='ltr'><strong><em>et</em></strong></span> 
     </span>
    </p>
   </div>
   <div class='ocr_carea' id='block_1_8' title="bbox 510 892 2073 974">
    <p class='ocr_par' dir='ltr' id='par_1_8' title="bbox 510 892 2073 974">
     <span class='ocr_line' id='line_1_8' title="bbox 510 892 2073 974; baseline -0.012 -10"><span class='ocrx_word' id='word_1_36' title='bbox 510 909 859 965; x_wconf 87' lang='lat' dir='ltr'><strong><em>ellicaciorem</em></strong></span> <span class='ocrx_word' id='word_1_37' title='bbox 916 903 1296 974; x_wconf 83' lang='lat' dir='ltr'><strong><em>interrogando</em></strong></span> <span class='ocrx_word' id='word_1_38' title='bbox 1347 897 1863 954; x_wconf 77' lang='lat' dir='ltr'><strong><em>demonstrationem</em></strong></span> <span class='ocrx_word' id='word_1_39' title='bbox 1926 892 2073 947; x_wconf 83' lang='lat' dir='ltr'><strong><em>facit.</em></strong></span> 
     </span>
    </p>
   </div>
   <div class='ocr_carea' id='block_1_9' title="bbox 510 985 2079 1063">
    <p class='ocr_par' dir='ltr' id='par_1_9' title="bbox 510 985 2079 1063">
     <span class='ocr_line' id='line_1_9' title="bbox 510 985 2079 1063; baseline -0.009 -12"><span class='ocrx_word' id='word_1_40' title='bbox 510 1000 641 1053; x_wconf 84' lang='lat' dir='ltr'><strong><em>Nam</em></strong></span> <span class='ocrx_word' id='word_1_41' title='bbox 673 996 976 1063; x_wconf 88' lang='lat' dir='ltr'><strong><em>judicantes</em></strong></span> <span class='ocrx_word' id='word_1_42' title='bbox 1005 992 1327 1060; x_wconf 65' lang='lat' dir='ltr'><strong><em>arrogantiae</em></strong></span> <span class='ocrx_word' id='word_1_43' title='bbox 1360 989 1548 1059; x_wconf 82' lang='lat' dir='ltr'><strong><em>vulgus</em></strong></span> <span class='ocrx_word' id='word_1_44' title='bbox 1576 995 1813 1041; x_wconf 82' lang='lat' dir='ltr'><strong><em>accusat.</em></strong></span> <span class='ocrx_word' id='word_1_45' title='bbox 1849 985 2079 1039; x_wconf 84' lang='lat' dir='ltr'><strong><em>Interro-</em></strong></span> 
     </span>
    </p>
   </div>
   <div class='ocr_carea' id='block_1_10' title="bbox 510 1080 2081 1158">
    <p class='ocr_par' dir='ltr' id='par_1_10' title="bbox 510 1080 2081 1158">
     <span class='ocr_line' id='line_1_10' title="bbox 510 1080 2081 1158; baseline -0.007 -18"><span class='ocrx_word' id='word_1_46' title='bbox 510 1097 699 1158; x_wconf 82' lang='lat' dir='ltr'><strong><em>gantes</em></strong></span> <span class='ocrx_word' id='word_1_47' title='bbox 732 1101 859 1141; x_wconf 86' lang='lat' dir='ltr'><strong><em>vero</em></strong></span> <span class='ocrx_word' id='word_1_48' title='bbox 896 1094 949 1138; x_wconf 90' lang='lat' dir='ltr'><strong><em>et</em></strong></span> <span class='ocrx_word' id='word_1_49' title='bbox 986 1084 1288 1138; x_wconf 84' lang='lat' dir='ltr'><strong><em>temeritate</em></strong></span> <span class='ocrx_word' id='word_1_50' title='bbox 1335 1080 1566 1147; x_wconf 81' lang='lat' dir='ltr'><strong><em>majores</em></strong></span> <span class='ocrx_word' id='word_1_51' title='bbox 1627 1092 1750 1132; x_wconf 90' lang='lat' dir='ltr'><strong><em>esse</em></strong></span> <span class='ocrx_word' id='word_1_52' title='bbox 1802 1083 1974 1146; x_wconf 80' lang='lat' dir='ltr'><strong><em>putat,</em></strong></span> <span class='ocrx_word' id='word_1_53' title='bbox 2024 1085 2081 1129; x_wconf 87' lang='lat' dir='ltr'><strong><em>et</em></strong></span> 
     </span>
    </p>
   </div>
   <div class='ocr_carea' id='block_1_11' title="bbox 509 1170 2079 1246">
    <p class='ocr_par' dir='ltr' id='par_1_11' title="bbox 509 1170 2079 1246">
     <span class='ocr_line' id='line_1_11' title="bbox 509 1170 2079 1246; baseline -0.008 -16"><span class='ocrx_word' id='word_1_54' title='bbox 509 1178 743 1232; x_wconf 87' lang='lat' dir='ltr'><strong><em>libenter</em></strong></span> <span class='ocrx_word' id='word_1_55' title='bbox 773 1177 987 1246; x_wconf 89' lang='lat' dir='ltr'><strong><em>probat,</em></strong></span> <span class='ocrx_word' id='word_1_56' title='bbox 1019 1174 1169 1242; x_wconf 90' lang='lat' dir='ltr'><strong><em>quasi</em></strong></span> <span class='ocrx_word' id='word_1_57' title='bbox 1204 1173 1349 1225; x_wconf 90' lang='lat' dir='ltr'><strong><em>dicta</em></strong></span> <span class='ocrx_word' id='word_1_58' title='bbox 1381 1170 1700 1240; x_wconf 87' lang='lat' dir='ltr'><strong><em>percipiant,</em></strong></span> <span class='ocrx_word' id='word_1_59' title='bbox 1734 1177 1787 1221; x_wconf 89' lang='lat' dir='ltr'><strong><em>et</em></strong></span> <span class='ocrx_word' id='word_1_60' title='bbox 1820 1174 2079 1237; x_wconf 89' lang='lat' dir='ltr'><strong><em>perpetuo</em></strong></span> 
     </span>
    </p>
   </div>
   <div class='ocr_carea' id='block_1_12' title="bbox 509 1259 2078 1339">
    <p class='ocr_par' dir='ltr' id='par_1_12' title="bbox 509 1259 2078 1339">
     <span class='ocr_line' id='line_1_12' title="bbox 509 1259 2078 1339; baseline -0.008 -16"><span class='ocrx_word' id='word_1_61' title='bbox 509 1269 768 1339; x_wconf 76' lang='lat' dir='ltr'><strong><em>judicent.</em></strong></span> <span class='ocrx_word' id='word_1_62' title='bbox 796 1266 959 1337; x_wconf 76' lang='lat'><strong><em>672</em></strong></span> <span class='ocrx_word' id='word_1_63' title='bbox 1004 1263 1137 1317; x_wconf 85' lang='lat' dir='ltr'><strong><em>Nam</em></strong></span> <span class='ocrx_word' id='word_1_64' title='bbox 1170 1260 1422 1330; x_wconf 74' lang='lat' dir='ltr'><strong><em>suffragio</em></strong></span> <span class='ocrx_word' id='word_1_65' title='bbox 1453 1260 1616 1315; x_wconf 88' lang='lat' dir='ltr'><strong><em>semel</em></strong></span> <span class='ocrx_word' id='word_1_66' title='bbox 1664 1259 1772 1329; x_wconf 87' lang='lat' dir='ltr'><strong><em>lato</em></strong></span> <span class='ocrx_word' id='word_1_67' title='bbox 1822 1271 2078 1312; x_wconf 86' lang='lat' dir='ltr'><strong><em>revocare</em></strong></span> 
     </span>
    </p>
   </div>
   <div class='ocr_carea' id='block_1_13' title="bbox 511 1348 2081 1413">
    <p class='ocr_par' dir='ltr' id='par_1_13' title="bbox 511 1348 2081 1413">
     <span class='ocr_line' id='line_1_13' title="bbox 511 1348 2081 1413; baseline -0.006 -1"><span class='ocrx_word' id='word_1_68' title='bbox 511 1358 964 1413; x_wconf 86' lang='lat' dir='ltr'><strong><em>verccundantur.</em></strong></span> <span class='ocrx_word' id='word_1_69' title='bbox 1004 1355 1093 1410; x_wconf 90' lang='lat' dir='ltr'><strong><em>Sic</em></strong></span> <span class='ocrx_word' id='word_1_70' title='bbox 1124 1354 1373 1409; x_wconf 86' lang='lat' dir='ltr'><strong><em>Christus</em></strong></span> <span class='ocrx_word' id='word_1_71' title='bbox 1418 1350 1705 1406; x_wconf 83' lang='lat' dir='ltr'><strong><em>ineffabilis</em></strong></span> <span class='ocrx_word' id='word_1_72' title='bbox 1755 1350 1846 1403; x_wconf 85' lang='lat' dir='ltr'><strong><em>Dei</em></strong></span> <span class='ocrx_word' id='word_1_73' title='bbox 1906 1348 2081 1403; x_wconf 84' lang='lat' dir='ltr'><strong><em>Patris</em></strong></span> 
     </span>
    </p>
   </div>
   <div class='ocr_carea' id='block_1_14' title="bbox 514 1438 2079 1518">
    <p class='ocr_par' dir='ltr' id='par_1_14' title="bbox 514 1438 2079 1518">
     <span class='ocr_line' id='line_1_14' title="bbox 514 1438 2079 1518; baseline -0.009 -15"><span class='ocrx_word' id='word_1_74' title='bbox 514 1447 777 1518; x_wconf 84' lang='lat' dir='ltr'><strong><em>sapientia</em></strong></span> <span class='ocrx_word' id='word_1_75' title='bbox 809 1460 948 1514; x_wconf 67' lang='lat' dir='ltr'><strong><em>saepe</em></strong></span> <span class='ocrx_word' id='word_1_76' title='bbox 974 1443 1227 1498; x_wconf 86' lang='lat' dir='ltr'><strong><em>adhibere</em></strong></span> <span class='ocrx_word' id='word_1_77' title='bbox 1257 1441 1449 1495; x_wconf 89' lang='lat' dir='ltr'><strong><em>solitus</em></strong></span> <span class='ocrx_word' id='word_1_78' title='bbox 1474 1449 1557 1495; x_wconf 87' lang='lat' dir='ltr'><strong><em>est</em></strong></span> <span class='ocrx_word' id='word_1_79' title='bbox 1578 1438 2079 1509; x_wconf 86' lang='lat' dir='ltr'><strong><em>interrogationem,</em></strong></span> 
     </span>
    </p>
   </div>
   <div class='ocr_carea' id='block_1_15' title="bbox 513 1528 2081 1602">
    <p class='ocr_par' dir='ltr' id='par_1_15' title="bbox 513 1528 2081 1602">
     <span class='ocr_line' id='line_1_15' title="bbox 513 1528 2081 1602; baseline -0.006 -10"><span class='ocrx_word' id='word_1_80' title='bbox 513 1538 751 1593; x_wconf 82' lang='lat' dir='ltr'><strong><em>maxime</em></strong></span> <span class='ocrx_word' id='word_1_81' title='bbox 779 1537 832 1590; x_wconf 92' lang='lat' dir='ltr'><strong><em>in</em></strong></span> <span class='ocrx_word' id='word_1_82' title='bbox 863 1535 1109 1589; x_wconf 88' lang='lat' dir='ltr'><strong><em>vinitoris</em></strong></span> <span class='ocrx_word' id='word_1_83' title='bbox 1142 1531 1425 1602; x_wconf 88' lang='lat' dir='ltr'><strong><em>parabola;</em></strong></span> <span class='ocrx_word' id='word_1_84' title='bbox 1453 1532 1531 1585; x_wconf 90' lang='lat' dir='ltr'><strong><em>sic</em></strong></span> <span class='ocrx_word' id='word_1_85' title='bbox 1559 1545 1807 1600; x_wconf 72' lang='lat' dir='ltr'><strong><em>quarrens</em></strong></span> <span class='ocrx_word' id='word_1_86' title='bbox 1841 1549 1854 1585; x_wconf 93' lang='lat'>:</span> <span class='ocrx_word' id='word_1_87' title='bbox 1893 1547 1911 1581; x_wconf 74' lang='grc' dir='ltr'><strong><em>ι</em></strong></span> <span class='ocrx_word' id='word_1_88' title='bbox 1948 1528 2081 1584; x_wconf 90' lang='lat' dir='ltr'><strong><em>Cum</em></strong></span> 
     </span>
    </p>
   </div>
   <div class='ocr_carea' id='block_1_16' title="bbox 514 1618 2084 1696">
    <p class='ocr_par' dir='ltr' id='par_1_16' title="bbox 514 1618 2084 1696">
     <span class='ocr_line' id='line_1_16' title="bbox 514 1618 2084 1696; baseline -0.006 -14"><span class='ocrx_word' id='word_1_89' title='bbox 514 1642 640 1696; x_wconf 83' lang='lat' dir='ltr'><strong><em>ergo</em></strong></span> <span class='ocrx_word' id='word_1_90' title='bbox 675 1626 882 1680; x_wconf 87' lang='lat' dir='ltr'><strong><em>venerit</em></strong></span> <span class='ocrx_word' id='word_1_91' title='bbox 932 1624 1179 1679; x_wconf 90' lang='lat' dir='ltr'><strong><em>dominus</em></strong></span> <span class='ocrx_word' id='word_1_92' title='bbox 1229 1623 1421 1687; x_wconf 82' lang='lat' dir='ltr'><strong><em>vineae,</em></strong></span> <span class='ocrx_word' id='word_1_93' title='bbox 1455 1622 1581 1690; x_wconf 86' lang='lat' dir='ltr'><strong><em>quid</em></strong></span> <span class='ocrx_word' id='word_1_94' title='bbox 1640 1620 1797 1675; x_wconf 85' lang='lat' dir='ltr'><strong><em>faciet</em></strong></span> <span class='ocrx_word' id='word_1_95' title='bbox 1836 1618 2084 1689; x_wconf 76' lang='lat' dir='ltr'><strong><em>agricolis</em></strong></span> 
     </span>
    </p>
   </div>
   <div class='ocr_carea' id='block_1_17' title="bbox 515 1709 2081 1779">
    <p class='ocr_par' dir='ltr' id='par_1_17' title="bbox 515 1709 2081 1779">
     <span class='ocr_line' id='line_1_17' title="bbox 515 1709 2081 1779; baseline -0.006 -8"><span class='ocrx_word' id='word_1_96' title='bbox 515 1717 665 1772; x_wconf 86' lang='lat' dir='ltr'><strong><em>illis?</em></strong></span> <span class='ocrx_word' id='word_1_97' title='bbox 699 1735 717 1768; x_wconf 73' lang='grc' dir='ltr'><strong><em>ι</em></strong></span> <span class='ocrx_word' id='word_1_98' title='bbox 748 1715 856 1770; x_wconf 88' lang='lat' dir='ltr'><strong><em>illis</em></strong></span> <span class='ocrx_word' id='word_1_99' title='bbox 886 1724 1063 1768; x_wconf 86' lang='lat' dir='ltr'><strong><em>autem</em></strong></span> <span class='ocrx_word' id='word_1_100' title='bbox 1090 1712 1391 1767; x_wconf 88' lang='lat' dir='ltr'><strong><em>dicentibus</em></strong></span> <span class='ocrx_word' id='word_1_101' title='bbox 1419 1730 1431 1765; x_wconf 97' lang='lat'>:</span> <span class='ocrx_word' id='word_1_102' title='bbox 1467 1730 1483 1763; x_wconf 79' lang='grc' dir='ltr'><strong><em>ι</em></strong></span> <span class='ocrx_word' id='word_1_103' title='bbox 1520 1709 1688 1765; x_wconf 83' lang='lat' dir='ltr'><strong><em>Malos</em></strong></span> <span class='ocrx_word' id='word_1_104' title='bbox 1715 1711 1853 1765; x_wconf 90' lang='lat' dir='ltr'><strong><em>male</em></strong></span> <span class='ocrx_word' id='word_1_105' title='bbox 1875 1711 2081 1779; x_wconf 86' lang='lat' dir='ltr'><strong><em>perdel,</em></strong></span> 
     </span>
    </p>
   </div>
   <div class='ocr_carea' id='block_1_18' title="bbox 514 1799 2081 1871">
    <p class='ocr_par' dir='ltr' id='par_1_18' title="bbox 514 1799 2081 1871">
     <span class='ocr_line' id='line_1_18' title="bbox 514 1799 2081 1871; baseline -0.006 -8"><span class='ocrx_word' id='word_1_106' title='bbox 514 1820 569 1863; x_wconf 85' lang='lat' dir='ltr'><strong><em>et</em></strong></span> <span class='ocrx_word' id='word_1_107' title='bbox 596 1810 803 1862; x_wconf 90' lang='lat' dir='ltr'><strong><em>vineam</em></strong></span> <span class='ocrx_word' id='word_1_108' title='bbox 862 1820 1013 1859; x_wconf 90' lang='lat' dir='ltr'><strong><em>suam</em></strong></span> <span class='ocrx_word' id='word_1_109' title='bbox 1062 1802 1257 1858; x_wconf 90' lang='lat' dir='ltr'><strong><em>locabit</em></strong></span> <span class='ocrx_word' id='word_1_110' title='bbox 1294 1802 1416 1855; x_wconf 86' lang='lat' dir='ltr'><strong><em>aliis</em></strong></span> <span class='ocrx_word' id='word_1_111' title='bbox 1468 1799 1717 1871; x_wconf 79' lang='lat' dir='ltr'><strong><em>agricolis</em></strong></span> <span class='ocrx_word' id='word_1_112' title='bbox 1747 1802 1816 1866; x_wconf 72' lang='lat'><strong><em>’7,</em></strong></span> <span class='ocrx_word' id='word_1_113' title='bbox 1874 1820 1893 1851; x_wconf 76' lang='grc' dir='ltr'><strong><em>ι</em></strong></span> <span class='ocrx_word' id='word_1_114' title='bbox 1943 1800 2081 1855; x_wconf 87' lang='lat' dir='ltr'><strong><em>idem</em></strong></span> 
     </span>
    </p>
   </div>
   <div class='ocr_carea' id='block_1_19' title="bbox 515 1892 2081 1967">
    <p class='ocr_par' dir='ltr' id='par_1_19' title="bbox 515 1892 2081 1967">
     <span class='ocr_line' id='line_1_19' title="bbox 515 1892 2081 1967; baseline -0.006 -12"><span class='ocrx_word' id='word_1_115' title='bbox 515 1914 777 1967; x_wconf 84' lang='lat' dir='ltr'><strong><em>responso</em></strong></span> <span class='ocrx_word' id='word_1_116' title='bbox 805 1898 1014 1952; x_wconf 90' lang='lat' dir='ltr'><strong><em>illorum</em></strong></span> <span class='ocrx_word' id='word_1_117' title='bbox 1068 1893 1444 1947; x_wconf 87' lang='lat' dir='ltr'><strong><em>auctoritatem</em></strong></span> <span class='ocrx_word' id='word_1_118' title='bbox 1494 1892 1714 1947; x_wconf 85' lang='lat' dir='ltr'><strong><em>addidit.</em></strong></span> <span class='ocrx_word' id='word_1_119' title='bbox 1747 1893 1880 1947; x_wconf 92' lang='lat' dir='ltr'><strong><em>Cum</em></strong></span> <span class='ocrx_word' id='word_1_120' title='bbox 1936 1894 2081 1947; x_wconf 92' lang='lat' dir='ltr'><strong><em>enim</em></strong></span> 
     </span>
    </p>
   </div>
   <div class='ocr_carea' id='block_1_20' title="bbox 515 1984 2083 2057">
    <p class='ocr_par' dir='ltr' id='par_1_20' title="bbox 515 1984 2083 2057">
     <span class='ocr_line' id='line_1_20' title="bbox 515 1984 2083 2057; baseline -0.006 -11"><span class='ocrx_word' id='word_1_121' title='bbox 515 1991 795 2046; x_wconf 83' lang='lat' dir='ltr'><strong><em>enuntiare</em></strong></span> <span class='ocrx_word' id='word_1_122' title='bbox 839 1989 949 2057; x_wconf 90' lang='lat' dir='ltr'><strong><em>ipse</em></strong></span> <span class='ocrx_word' id='word_1_123' title='bbox 984 1988 1107 2055; x_wconf 87' lang='lat' dir='ltr'><strong><em>jure</em></strong></span> <span class='ocrx_word' id='word_1_124' title='bbox 1154 1992 1355 2053; x_wconf 87' lang='lat' dir='ltr'><strong><em>posset,</em></strong></span> <span class='ocrx_word' id='word_1_125' title='bbox 1394 1984 1572 2052; x_wconf 81' lang='lat' dir='ltr'><strong><em>coegit</em></strong></span> <span class='ocrx_word' id='word_1_126' title='bbox 1625 1998 1719 2038; x_wconf 89' lang='lat' dir='ltr'><strong><em>eos</em></strong></span> <span class='ocrx_word' id='word_1_127' title='bbox 1763 1984 2083 2037; x_wconf 88' lang='lat' dir='ltr'><strong><em>sententiam</em></strong></span> 
     </span>
    </p>
   </div>
   <div class='ocr_carea' id='block_1_21' title="bbox 520 2075 2087 2150">
    <p class='ocr_par' dir='ltr' id='par_1_21' title="bbox 520 2075 2087 2150">
     <span class='ocr_line' id='line_1_21' title="bbox 520 2075 2087 2150; baseline -0.006 -12"><span class='ocrx_word' id='word_1_128' title='bbox 520 2083 688 2148; x_wconf 89' lang='lat' dir='ltr'><strong><em>ferre,</em></strong></span> <span class='ocrx_word' id='word_1_129' title='bbox 716 2083 895 2150; x_wconf 90' lang='lat' dir='ltr'><strong><em>itaque</em></strong></span> <span class='ocrx_word' id='word_1_130' title='bbox 926 2078 1195 2149; x_wconf 75' lang='lat' dir='ltr'><strong><em>superavit</em></strong></span> <span class='ocrx_word' id='word_1_131' title='bbox 1226 2087 1277 2132; x_wconf 89' lang='lat' dir='ltr'><strong><em>et</em></strong></span> <span class='ocrx_word' id='word_1_132' title='bbox 1317 2078 1640 2131; x_wconf 90' lang='lat' dir='ltr'><strong><em>sententiam</em></strong></span> <span class='ocrx_word' id='word_1_133' title='bbox 1694 2077 1972 2131; x_wconf 83' lang='lat' dir='ltr'><strong><em>stabilivit.</em></strong></span> <span class='ocrx_word' id='word_1_134' title='bbox 2005 2075 2087 2129; x_wconf 84' lang='lat' dir='ltr'><strong><em>Ad</em></strong></span> 
     </span>
    </p>
   </div>
   <div class='ocr_carea' id='block_1_22' title="bbox 516 2166 2089 2234">
    <p class='ocr_par' dir='ltr' id='par_1_22' title="bbox 516 2166 2089 2234">
     <span class='ocr_line' id='line_1_22' title="bbox 516 2166 2089 2234; baseline -0.006 -5"><span class='ocrx_word' id='word_1_135' title='bbox 516 2175 760 2229; x_wconf 85' lang='lat' dir='ltr'><strong><em>cmudem</em></strong></span> <span class='ocrx_word' id='word_1_136' title='bbox 799 2171 1014 2225; x_wconf 87' lang='lat' dir='ltr'><strong><em>modum</em></strong></span> <span class='ocrx_word' id='word_1_137' title='bbox 1062 2176 1117 2222; x_wconf 90' lang='lat' dir='ltr'><strong><em>et</em></strong></span> <span class='ocrx_word' id='word_1_138' title='bbox 1167 2168 1356 2222; x_wconf 85' lang='lat' dir='ltr'><strong><em>beatus</em></strong></span> <span class='ocrx_word' id='word_1_139' title='bbox 1389 2166 1587 2222; x_wconf 84' lang='lat' dir='ltr'><strong><em>Paulus</em></strong></span> <span class='ocrx_word' id='word_1_140' title='bbox 1617 2166 1892 2234; x_wconf 69' lang='lat' dir='ltr'><strong><em>sapientiae</em></strong></span> <span class='ocrx_word' id='word_1_141' title='bbox 1947 2167 2089 2220; x_wconf 89' lang='lat' dir='ltr'><strong><em>illius</em></strong></span> 
     </span>
    </p>
   </div>
   <div class='ocr_carea' id='block_1_23' title="bbox 517 2256 2086 2329">
    <p class='ocr_par' dir='ltr' id='par_1_23' title="bbox 517 2256 2086 2329">
     <span class='ocr_line' id='line_1_23' title="bbox 517 2256 2086 2329; baseline -0.006 -10"><span class='ocrx_word' id='word_1_142' title='bbox 517 2266 749 2329; x_wconf 81' lang='lat' dir='ltr'><strong><em>auditor,</em></strong></span> <span class='ocrx_word' id='word_1_143' title='bbox 792 2262 937 2316; x_wconf 89' lang='lat' dir='ltr'><strong><em>fecit.</em></strong></span> <span class='ocrx_word' id='word_1_144' title='bbox 971 2261 1102 2314; x_wconf 82' lang='lat' dir='ltr'><strong><em>Cum</em></strong></span> <span class='ocrx_word' id='word_1_145' title='bbox 1150 2258 1292 2313; x_wconf 86' lang='lat' dir='ltr'><strong><em>enim</em></strong></span> <span class='ocrx_word' id='word_1_146' title='bbox 1345 2268 1528 2326; x_wconf 89' lang='lat' dir='ltr'><strong><em>posset</em></strong></span> <span class='ocrx_word' id='word_1_147' title='bbox 1572 2257 1833 2310; x_wconf 84' lang='lat' dir='ltr'><strong><em>allirmate</em></strong></span> <span class='ocrx_word' id='word_1_148' title='bbox 1860 2256 2086 2311; x_wconf 86' lang='lat' dir='ltr'><strong><em>dicere:</em></strong></span> 
     </span>
    </p>
   </div>
   <div class='ocr_carea' id='block_1_24' title="bbox 523 2346 2083 2415">
    <p class='ocr_par' dir='ltr' id='par_1_24' title="bbox 523 2346 2083 2415">
     <span class='ocr_line' id='line_1_24' title="bbox 523 2346 2083 2415; baseline -0.008 -6"><span class='ocrx_word' id='word_1_149' title='bbox 523 2373 543 2407; x_wconf 77' lang='grc' dir='ltr'><strong><em>ι</em></strong></span> <span class='ocrx_word' id='word_1_150' title='bbox 581 2355 695 2408; x_wconf 81' lang='lat' dir='ltr'><strong><em>Non</em></strong></span> <span class='ocrx_word' id='word_1_151' title='bbox 725 2354 878 2407; x_wconf 85' lang='lat' dir='ltr'><strong><em>decet</em></strong></span> <span class='ocrx_word' id='word_1_152' title='bbox 916 2349 1193 2403; x_wconf 87' lang='lat' dir='ltr'><strong><em>mulierem</em></strong></span> <span class='ocrx_word' id='word_1_153' title='bbox 1225 2347 1367 2400; x_wconf 90' lang='lat' dir='ltr'><strong><em>nudo</em></strong></span> <span class='ocrx_word' id='word_1_154' title='bbox 1396 2346 1572 2415; x_wconf 89' lang='lat' dir='ltr'><strong><em>capite</em></strong></span> <span class='ocrx_word' id='word_1_155' title='bbox 1594 2346 1761 2400; x_wconf 86' lang='lat' dir='ltr'><strong><em>Deum</em></strong></span> <span class='ocrx_word' id='word_1_156' title='bbox 1791 2347 2023 2413; x_wconf 85' lang='lat' dir='ltr'><strong><em>precari,</em></strong></span> <span class='ocrx_word' id='word_1_157' title='bbox 2064 2364 2083 2397; x_wconf 76' lang='grc' dir='ltr'><strong><em>ι</em></strong></span> 
     </span>
    </p>
   </div>
   <div class='ocr_carea' id='block_1_25' title="bbox 517 2435 2085 2517">
    <p class='ocr_par' dir='ltr' id='par_1_25' title="bbox 517 2435 2085 2517">
     <span class='ocr_line' id='line_1_25' title="bbox 517 2435 2085 2517; baseline -0.006 -17"><span class='ocrx_word' id='word_1_158' title='bbox 517 2440 1110 2517; x_wconf 87' lang='lat' dir='ltr'><strong><em>perinterrogationem</em></strong></span> <span class='ocrx_word' id='word_1_159' title='bbox 1143 2440 1420 2493; x_wconf 88' lang='lat' dir='ltr'><strong><em>ardentius</em></strong></span> <span class='ocrx_word' id='word_1_160' title='bbox 1463 2435 1696 2491; x_wconf 81' lang='lat' dir='ltr'><strong><em>extorsit</em></strong></span> <span class='ocrx_word' id='word_1_161' title='bbox 1744 2449 2085 2503; x_wconf 88' lang='lat' dir='ltr'><strong><em>responsum,</em></strong></span> 
     </span>
    </p>
   </div>
   <div class='ocr_carea' id='block_1_26' title="bbox 520 2528 2091 2599">
    <p class='ocr_par' dir='ltr' id='par_1_26' title="bbox 520 2528 2091 2599">
     <span class='ocr_line' id='line_1_26' title="bbox 520 2528 2091 2599; baseline -0.006 -8"><span class='ocrx_word' id='word_1_162' title='bbox 520 2552 641 2591; x_wconf 89' lang='lat' dir='ltr'><strong><em>cum</em></strong></span> <span class='ocrx_word' id='word_1_163' title='bbox 673 2534 751 2588; x_wconf 90' lang='lat' dir='ltr'><strong><em>sic</em></strong></span> <span class='ocrx_word' id='word_1_164' title='bbox 774 2532 850 2585; x_wconf 89' lang='lat' dir='ltr'><strong><em>ait</em></strong></span> <span class='ocrx_word' id='word_1_165' title='bbox 878 2548 892 2584; x_wconf 88' lang='lat'><strong>:</strong></span> <span class='ocrx_word' id='word_1_166' title='bbox 932 2549 952 2582; x_wconf 74' lang='grc' dir='ltr'><strong><em>ι</em></strong></span> <span class='ocrx_word' id='word_1_167' title='bbox 985 2528 1095 2584; x_wconf 82' lang='lat' dir='ltr'><strong><em>Vos</em></strong></span> <span class='ocrx_word' id='word_1_168' title='bbox 1119 2529 1219 2599; x_wconf 90' lang='lat' dir='ltr'><strong><em>ipsi</em></strong></span> <span class='ocrx_word' id='word_1_169' title='bbox 1242 2528 1452 2597; x_wconf 90' lang='lat' dir='ltr'><strong><em>judices</em></strong></span> <span class='ocrx_word' id='word_1_170' title='bbox 1493 2536 1687 2591; x_wconf 90' lang='lat' dir='ltr'><strong><em>estote,</em></strong></span> <span class='ocrx_word' id='word_1_171' title='bbox 1719 2528 1941 2584; x_wconf 82' lang='lat' dir='ltr'><strong><em>decetne</em></strong></span> <span class='ocrx_word' id='word_1_172' title='bbox 1972 2544 2091 2583; x_wconf 88' lang='lat' dir='ltr'><strong><em>mu-</em></strong></span> 
     </span>
    </p>
   </div>
   <div class='ocr_carea' id='block_1_27' title="bbox 519 2618 2093 2689">
    <p class='ocr_par' dir='ltr' id='par_1_27' title="bbox 519 2618 2093 2689">
     <span class='ocr_line' id='line_1_27' title="bbox 519 2618 2093 2689; baseline -0.006 -8"><span class='ocrx_word' id='word_1_173' title='bbox 519 2627 707 2681; x_wconf 89' lang='lat' dir='ltr'><strong><em>lierem</em></strong></span> <span class='ocrx_word' id='word_1_174' title='bbox 732 2638 835 2677; x_wconf 90' lang='lat' dir='ltr'><strong><em>non</em></strong></span> <span class='ocrx_word' id='word_1_175' title='bbox 860 2621 1087 2675; x_wconf 83' lang='lat' dir='ltr'><strong><em>velatam</em></strong></span> <span class='ocrx_word' id='word_1_176' title='bbox 1117 2635 1278 2675; x_wconf 88' lang='lat' dir='ltr'><strong><em>orare</em></strong></span> <span class='ocrx_word' id='word_1_177' title='bbox 1310 2620 1475 2673; x_wconf 91' lang='lat' dir='ltr'><strong><em>Deum</em></strong></span> <span class='ocrx_word' id='word_1_178' title='bbox 1498 2618 1583 2671; x_wconf 74' lang='grc'><strong><em>⁸⁸⁸2</em></strong></span> <span class='ocrx_word' id='word_1_179' title='bbox 1612 2638 1631 2672; x_wconf 70' lang='grc' dir='ltr'><strong><em>ι</em></strong></span> <span class='ocrx_word' id='word_1_180' title='bbox 1672 2618 1754 2673; x_wconf 89' lang='lat' dir='ltr'><strong><em>Tu</em></strong></span> <span class='ocrx_word' id='word_1_181' title='bbox 1785 2633 1913 2689; x_wconf 88' lang='lat' dir='ltr'><strong><em>ergo</em></strong></span> <span class='ocrx_word' id='word_1_182' title='bbox 1940 2620 2093 2675; x_wconf 75' lang='lat' dir='ltr'><strong><em>cimi-</em></strong></span> 
     </span>
    </p>
   </div>
   <div class='ocr_carea' id='block_1_28' title="bbox 520 2710 2092 2782">
    <p class='ocr_par' dir='ltr' id='par_1_28' title="bbox 520 2710 2092 2782">
     <span class='ocr_line' id='line_1_28' title="bbox 520 2710 2092 2782; baseline -0.003 -12"><span class='ocrx_word' id='word_1_183' title='bbox 520 2716 665 2781; x_wconf 88' lang='lat' dir='ltr'><strong><em>liter,</em></strong></span> <span class='ocrx_word' id='word_1_184' title='bbox 691 2714 735 2769; x_wconf 87' lang='lat' dir='ltr'><strong><em>sl</em></strong></span> <span class='ocrx_word' id='word_1_185' title='bbox 767 2713 896 2782; x_wconf 87' lang='lat' dir='ltr'><strong><em>quid</em></strong></span> <span class='ocrx_word' id='word_1_186' title='bbox 929 2710 1157 2766; x_wconf 79' lang='lat' dir='ltr'><strong><em>definire</em></strong></span> <span class='ocrx_word' id='word_1_187' title='bbox 1187 2710 1397 2780; x_wconf 87' lang='lat' dir='ltr'><strong><em>cupias,</em></strong></span> <span class='ocrx_word' id='word_1_188' title='bbox 1430 2710 1565 2765; x_wconf 89' lang='lat' dir='ltr'><strong><em>nihil</em></strong></span> <span class='ocrx_word' id='word_1_189' title='bbox 1611 2712 1914 2780; x_wconf 86' lang='lat' dir='ltr'><strong><em>pertendas,</em></strong></span> <span class='ocrx_word' id='word_1_190' title='bbox 1939 2725 2092 2767; x_wconf 88' lang='lat' dir='ltr'><strong><em>asse-</em></strong></span> 
     </span>
    </p>
   </div>
   <div class='ocr_carea' id='block_1_29' title="bbox 519 2799 2093 2872">
    <p class='ocr_par' dir='ltr' id='par_1_29' title="bbox 519 2799 2093 2872">
     <span class='ocr_line' id='line_1_29' title="bbox 519 2799 2093 2872; baseline -0.003 -11"><span class='ocrx_word' id='word_1_191' title='bbox 519 2821 697 2871; x_wconf 82' lang='lat' dir='ltr'><strong><em>veres,</em></strong></span> <span class='ocrx_word' id='word_1_192' title='bbox 716 2813 809 2857; x_wconf 91' lang='lat' dir='ltr'><strong><em>aut</em></strong></span> <span class='ocrx_word' id='word_1_193' title='bbox 840 2816 1032 2872; x_wconf 79' lang='lat' dir='ltr'><strong><em>urgeas</em></strong></span> <span class='ocrx_word' id='word_1_194' title='bbox 1065 2800 1281 2857; x_wconf 80' lang='lat' dir='ltr'><strong><em>fortius.</em></strong></span> <span class='ocrx_word' id='word_1_195' title='bbox 1312 2799 1463 2855; x_wconf 86' lang='lat' dir='ltr'><strong><em>Multi</em></strong></span> <span class='ocrx_word' id='word_1_196' title='bbox 1494 2801 1638 2854; x_wconf 88' lang='lat' dir='ltr'><strong><em>enim</em></strong></span> <span class='ocrx_word' id='word_1_197' title='bbox 1675 2801 1779 2856; x_wconf 89' lang='lat' dir='ltr'><strong><em>hoc</em></strong></span> <span class='ocrx_word' id='word_1_198' title='bbox 1805 2802 1964 2856; x_wconf 88' lang='lat' dir='ltr'><strong><em>modo</em></strong></span> <span class='ocrx_word' id='word_1_199' title='bbox 1990 2802 2093 2857; x_wconf 89' lang='lat' dir='ltr'><strong><em>etsi</em></strong></span> 
     </span>
    </p>
   </div>
   <div class='ocr_carea' id='block_1_30' title="bbox 521 2894 2094 2966">
    <p class='ocr_par' dir='ltr' id='par_1_30' title="bbox 521 2894 2094 2966">
     <span class='ocr_line' id='line_1_30' title="bbox 521 2894 2094 2966; baseline -0.003 -13"><span class='ocrx_word' id='word_1_200' title='bbox 521 2897 722 2966; x_wconf 85' lang='lat' dir='ltr'><strong><em>alioqui</em></strong></span> <span class='ocrx_word' id='word_1_201' title='bbox 760 2894 1201 2950; x_wconf 86' lang='lat' dir='ltr'><strong><em>benedicentibus</em></strong></span> <span class='ocrx_word' id='word_1_202' title='bbox 1247 2894 1635 2965; x_wconf 84' lang='lat' dir='ltr'><strong><em>obloquuntur,</em></strong></span> <span class='ocrx_word' id='word_1_203' title='bbox 1678 2894 1773 2950; x_wconf 86' lang='lat' dir='ltr'><strong><em>sed</em></strong></span> <span class='ocrx_word' id='word_1_204' title='bbox 1815 2894 1933 2949; x_wconf 89' lang='lat' dir='ltr'><strong><em>miti</em></strong></span> <span class='ocrx_word' id='word_1_205' title='bbox 1978 2909 2094 2948; x_wconf 86' lang='lat' dir='ltr'><strong><em>mo-</em></strong></span> 
     </span>
    </p>
   </div>
   <div class='ocr_carea' id='block_1_31' title="bbox 523 2985 2094 3057">
    <p class='ocr_par' dir='ltr' id='par_1_31' title="bbox 523 2985 2094 3057">
     <span class='ocr_line' id='line_1_31' title="bbox 523 2985 2094 3057; baseline -0.003 -13"><span class='ocrx_word' id='word_1_206' title='bbox 523 2991 782 3057; x_wconf 90' lang='lat' dir='ltr'><strong><em>destaque</em></strong></span> <span class='ocrx_word' id='word_1_207' title='bbox 845 2985 1270 3054; x_wconf 88' lang='lat' dir='ltr'><strong><em>interrogatione</em></strong></span> <span class='ocrx_word' id='word_1_208' title='bbox 1328 2985 1679 3040; x_wconf 79' lang='lat' dir='ltr'><strong><em>elﬁcaciorem</em></strong></span> <span class='ocrx_word' id='word_1_209' title='bbox 1754 2986 2094 3040; x_wconf 85' lang='lat' dir='ltr'><strong><em>demonstra-</em></strong></span> 
     </span>
    </p>
   </div>
   <div class='ocr_carea' id='block_1_32' title="bbox 527 3076 2091 3148">
    <p class='ocr_par' dir='ltr' id='par_1_32' title="bbox 527 3076 2091 3148">
     <span class='ocr_line' id='line_1_32' title="bbox 527 3076 2091 3148; baseline -0.003 -14"><span class='ocrx_word' id='word_1_210' title='bbox 527 3081 724 3135; x_wconf 87' lang='lat' dir='ltr'><strong><em>tionem</em></strong></span> <span class='ocrx_word' id='word_1_211' title='bbox 760 3091 955 3148; x_wconf 85' lang='lat' dir='ltr'><strong><em>parare</em></strong></span> <span class='ocrx_word' id='word_1_212' title='bbox 983 3086 1187 3146; x_wconf 81' lang='lat' dir='ltr'><strong><em>satage.</em></strong></span> <span class='ocrx_word' id='word_1_213' title='bbox 1224 3076 1315 3132; x_wconf 92' lang='lat' dir='ltr'><strong><em>Sic</em></strong></span> <span class='ocrx_word' id='word_1_214' title='bbox 1338 3077 1481 3131; x_wconf 90' lang='lat' dir='ltr'><strong><em>enim</em></strong></span> <span class='ocrx_word' id='word_1_215' title='bbox 1509 3076 1662 3131; x_wconf 93' lang='lat' dir='ltr'><strong><em>lucro</em></strong></span> <span class='ocrx_word' id='word_1_216' title='bbox 1679 3090 1936 3146; x_wconf 87' lang='lat' dir='ltr'><strong><em>appones,</em></strong></span> <span class='ocrx_word' id='word_1_217' title='bbox 1970 3090 2091 3131; x_wconf 88' lang='lat' dir='ltr'><strong><em>cum</em></strong></span> 
     </span>
    </p>
   </div>
   <div class='ocr_carea' id='block_1_33' title="bbox 525 3165 2090 3236">
    <p class='ocr_par' dir='ltr' id='par_1_33' title="bbox 525 3165 2090 3236">
     <span class='ocr_line' id='line_1_33' title="bbox 525 3165 2090 3236; baseline -0.003 -12"><span class='ocrx_word' id='word_1_218' title='bbox 525 3168 747 3232; x_wconf 90' lang='lat' dir='ltr'><strong><em>viceris,</em></strong></span> <span class='ocrx_word' id='word_1_219' title='bbox 772 3166 1093 3235; x_wconf 83' lang='lat' dir='ltr'><strong><em>laudemque</em></strong></span> <span class='ocrx_word' id='word_1_220' title='bbox 1130 3166 1271 3222; x_wconf 83' lang='lat' dir='ltr'><strong><em>teres</em></strong></span> <span class='ocrx_word' id='word_1_221' title='bbox 1309 3167 1454 3222; x_wconf 89' lang='lat' dir='ltr'><strong><em>mitis</em></strong></span> <span class='ocrx_word' id='word_1_222' title='bbox 1488 3181 1554 3221; x_wconf 87' lang='lat' dir='ltr'><strong><em>ac</em></strong></span> <span class='ocrx_word' id='word_1_223' title='bbox 1582 3165 1841 3222; x_wconf 83' lang='lat' dir='ltr'><strong><em>moderati</em></strong></span> <span class='ocrx_word' id='word_1_224' title='bbox 1873 3165 2090 3236; x_wconf 85' lang='lat' dir='ltr'><strong><em>ingenii.</em></strong></span> 
     </span>
    </p>
   </div>
   <div class='ocr_carea' id='block_1_34' title="bbox 790 3433 1827 3495">
    <p class='ocr_par' dir='ltr' id='par_1_34' title="bbox 790 3433 1827 3495">
     <span class='ocr_line' id='line_1_34' title="bbox 790 3433 1827 3495; baseline -0.007 0"><span class='ocrx_word' id='word_1_225' title='bbox 790 3434 1153 3495; x_wconf 76' lang='lat' dir='ltr'><strong><em>CCCLXXVI.</em></strong></span> <span class='ocrx_word' id='word_1_226' title='bbox 1170 3463 1242 3474; x_wconf 91' lang='lat'><em>—</em></span> <span class='ocrx_word' id='word_1_227' title='bbox 1265 3433 1478 3489; x_wconf 73' lang='grc' dir='ltr'><strong><em>ΜΕΝῶ</em></strong></span> <span class='ocrx_word' id='word_1_228' title='bbox 1511 3433 1827 3490; x_wconf 81' lang='lat' dir='ltr'><strong><em>DIACONO.</em></strong></span> 
     </span>
    </p>
   </div>
   <div class='ocr_carea' id='block_1_35' title="bbox 2255 709 3757 785">
    <p class='ocr_par' dir='ltr' id='par_1_35' title="bbox 2255 709 3757 785">
     <span class='ocr_line' id='line_1_35' title="bbox 2255 709 3757 785; baseline -0.005 -16"><span class='ocrx_word' id='word_1_229' title='bbox 2255 716 2315 769; x_wconf 82' lang='lat'><strong><em>&#39;0</em></strong></span> <span class='ocrx_word' id='word_1_230' title='bbox 2350 714 2423 785; x_wconf 83' lang='grc' dir='ltr'>μὴ</span> <span class='ocrx_word' id='word_1_231' title='bbox 2443 713 2903 781; x_wconf 83' lang='grc' dir='ltr'><strong><em>ἀποφαινόμενος,</em></strong></span> <span class='ocrx_word' id='word_1_232' title='bbox 2930 710 3044 763; x_wconf 79' lang='grc' dir='ltr'>ἀλλ’</span> <span class='ocrx_word' id='word_1_233' title='bbox 3078 709 3325 779; x_wconf 83' lang='grc' dir='ltr'>ἐρωτῶν,</span> <span class='ocrx_word' id='word_1_234' title='bbox 3358 711 3454 761; x_wconf 77' lang='grc' dir='ltr'><strong><em>καὶ</em></strong></span> <span class='ocrx_word' id='word_1_235' title='bbox 3476 712 3540 779; x_wconf 85' lang='grc' dir='ltr'>τῇ</span> <span class='ocrx_word' id='word_1_236' title='bbox 3570 709 3757 779; x_wconf 76' lang='grc' dir='ltr'>κρίσετ</span> 
     </span>
    </p>
   </div>
   <div class='ocr_carea' id='block_1_36' title="bbox 2174 800 3748 878">
    <p class='ocr_par' dir='ltr' id='par_1_36' title="bbox 2174 800 3748 878">
     <span class='ocr_line' id='line_1_36' title="bbox 2174 800 3748 878; baseline -0.006 -17"><span class='ocrx_word' id='word_1_237' title='bbox 2174 808 2282 861; x_wconf 85' lang='grc' dir='ltr'><strong><em>τῶν</em></strong></span> <span class='ocrx_word' id='word_1_238' title='bbox 2308 806 2593 878; x_wconf 83' lang='grc' dir='ltr'>ἀκροατῶν</span> <span class='ocrx_word' id='word_1_239' title='bbox 2612 804 2713 873; x_wconf 80' lang='grc' dir='ltr'>τὴν</span> <span class='ocrx_word' id='word_1_240' title='bbox 2730 803 2912 872; x_wconf 75' lang='grc' dir='ltr'>ψῆφον</span> <span class='ocrx_word' id='word_1_241' title='bbox 2934 800 3267 871; x_wconf 80' lang='grc' dir='ltr'>ἐπιτρέπων,</span> <span class='ocrx_word' id='word_1_242' title='bbox 3295 800 3748 871; x_wconf 79' lang='grc' dir='ltr'>ἐμφατικωτέραν</span> 
     </span>
    </p>
   </div>
   <div class='ocr_carea' id='block_1_37' title="bbox 2178 891 3750 970">
    <p class='ocr_par' dir='ltr' id='par_1_37' title="bbox 2178 891 3750 970">
     <span class='ocr_line' id='line_1_37' title="bbox 2178 891 3750 970; baseline -0.006 -16"><span class='ocrx_word' id='word_1_243' title='bbox 2178 903 2271 954; x_wconf 77' lang='grc' dir='ltr'><strong><em>καὶ</em></strong></span> <span class='ocrx_word' id='word_1_244' title='bbox 2300 898 2743 970; x_wconf 80' lang='grc' dir='ltr'>δραστικωτέραν</span> <span class='ocrx_word' id='word_1_245' title='bbox 2775 898 2842 965; x_wconf 86' lang='grc' dir='ltr'>τῇ</span> <span class='ocrx_word' id='word_1_246' title='bbox 2875 896 3145 965; x_wconf 76' lang='grc' dir='ltr'><strong><em>ἐρωτήσει</em></strong></span> <span class='ocrx_word' id='word_1_247' title='bbox 3183 892 3296 962; x_wconf 71' lang='grc'><strong><em>(21)</em></strong></span> <span class='ocrx_word' id='word_1_248' title='bbox 3333 893 3431 962; x_wconf 86' lang='grc' dir='ltr'><strong><em>τὴν</em></strong></span> <span class='ocrx_word' id='word_1_249' title='bbox 3478 891 3750 955; x_wconf 79' lang='grc' dir='ltr'>ἀπόδειξιν</span> 
     </span>
    </p>
   </div>
   <div class='ocr_carea' id='block_1_38' title="bbox 2178 982 3753 1056">
    <p class='ocr_par' dir='ltr' id='par_1_38' title="bbox 2178 982 3753 1056">
     <span class='ocr_line' id='line_1_38' title="bbox 2178 982 3753 1056; baseline -0.006 -13"><span class='ocrx_word' id='word_1_250' title='bbox 2178 993 2434 1043; x_wconf 84' lang='grc' dir='ltr'>ποιεῖται.</span> <span class='ocrx_word' id='word_1_251' title='bbox 2462 989 2602 1050; x_wconf 82' lang='grc' dir='ltr'><strong><em>Τοὺς</em></strong></span> <span class='ocrx_word' id='word_1_252' title='bbox 2635 986 2733 1056; x_wconf 83' lang='grc' dir='ltr'><strong><em>μὲν</em></strong></span> <span class='ocrx_word' id='word_1_253' title='bbox 2768 986 2876 1055; x_wconf 81' lang='grc' dir='ltr'>γὰρ</span> <span class='ocrx_word' id='word_1_254' title='bbox 2923 984 3419 1053; x_wconf 68' lang='grc' dir='ltr'>ἀποφαινομένους,</span> <span class='ocrx_word' id='word_1_255' title='bbox 3462 982 3753 1044; x_wconf 70' lang='grc' dir='ltr'><strong><em>αὐθαδείας</em></strong></span> 
     </span>
    </p>
   </div>
   <div class='ocr_carea' id='block_1_39' title="bbox 2177 1072 3753 1148">
    <p class='ocr_par' dir='ltr' id='par_1_39' title="bbox 2177 1072 3753 1148">
     <span class='ocr_line' id='line_1_39' title="bbox 2177 1072 3753 1148; baseline -0.005 -16"><span class='ocrx_word' id='word_1_256' title='bbox 2177 1080 2223 1132; x_wconf 85' lang='grc' dir='ltr'>οἱ</span> <span class='ocrx_word' id='word_1_257' title='bbox 2255 1076 2439 1131; x_wconf 69' lang='grc' dir='ltr'>πολλοὶ</span> <span class='ocrx_word' id='word_1_258' title='bbox 2483 1076 2805 1148; x_wconf 79' lang='grc' dir='ltr'>γράφονται.</span> <span class='ocrx_word' id='word_1_259' title='bbox 2843 1074 2983 1138; x_wconf 82' lang='grc' dir='ltr'>Τοὺς</span> <span class='ocrx_word' id='word_1_260' title='bbox 3013 1074 3071 1126; x_wconf 84' lang='grc' dir='ltr'>δὲ</span> <span class='ocrx_word' id='word_1_261' title='bbox 3118 1072 3462 1144; x_wconf 83' lang='grc' dir='ltr'>ἐρωτῶντας,</span> <span class='ocrx_word' id='word_1_262' title='bbox 3494 1074 3589 1125; x_wconf 75' lang='grc' dir='ltr'><strong><em>καὶ</em></strong></span> <span class='ocrx_word' id='word_1_263' title='bbox 3621 1089 3753 1140; x_wconf 82' lang='grc' dir='ltr'>προ-</span> 
     </span>
    </p>
   </div>
   <div class='ocr_carea' id='block_1_40' title="bbox 2180 1158 3755 1236">
    <p class='ocr_par' dir='ltr' id='par_1_40' title="bbox 2180 1158 3755 1236">
     <span class='ocr_line' id='line_1_40' title="bbox 2180 1158 3755 1236; baseline -0.004 -18"><span class='ocrx_word' id='word_1_264' title='bbox 2180 1166 2399 1227; x_wconf 89' lang='grc' dir='ltr'>πετείας</span> <span class='ocrx_word' id='word_1_265' title='bbox 2450 1164 2767 1236; x_wconf 86' lang='grc' dir='ltr'>κρείττονας</span> <span class='ocrx_word' id='word_1_266' title='bbox 2819 1158 2958 1215; x_wconf 81' lang='grc' dir='ltr'>εἶναι</span> <span class='ocrx_word' id='word_1_267' title='bbox 3008 1161 3294 1232; x_wconf 77' lang='grc' dir='ltr'>ἡγοῦνται,</span> <span class='ocrx_word' id='word_1_268' title='bbox 3349 1161 3447 1213; x_wconf 76' lang='grc' dir='ltr'><strong><em>καὶ</em></strong></span> <span class='ocrx_word' id='word_1_269' title='bbox 3503 1160 3755 1230; x_wconf 79' lang='grc' dir='ltr'>ἁσμένως</span> 
     </span>
    </p>
   </div>
   <div class='ocr_carea' id='block_1_41' title="bbox 2182 1246 3757 1324">
    <p class='ocr_par' dir='ltr' id='par_1_41' title="bbox 2182 1246 3757 1324">
     <span class='ocr_line' id='line_1_41' title="bbox 2182 1246 3757 1324; baseline -0.003 -15"><span class='ocrx_word' id='word_1_270' title='bbox 2182 1255 2544 1324; x_wconf 78' lang='grc' dir='ltr'>στεφανοῦσι,</span> <span class='ocrx_word' id='word_1_271' title='bbox 2595 1253 2673 1324; x_wconf 84' lang='grc' dir='ltr'>τῷ</span> <span class='ocrx_word' id='word_1_272' title='bbox 2721 1253 2789 1308; x_wconf 87' lang='grc' dir='ltr'>τὰ</span> <span class='ocrx_word' id='word_1_273' title='bbox 2850 1246 3118 1323; x_wconf 67' lang='grc' dir='ltr'>λεγόμεΰα</span> <span class='ocrx_word' id='word_1_274' title='bbox 3188 1250 3581 1320; x_wconf 78' lang='grc' dir='ltr'>καταδέχεσθαι</span> <span class='ocrx_word' id='word_1_275' title='bbox 3661 1253 3757 1305; x_wconf 76' lang='grc' dir='ltr'><strong><em>καὶ</em></strong></span> 
     </span>
    </p>
   </div>
   <div class='ocr_carea' id='block_1_42' title="bbox 2180 1342 3756 1418">
    <p class='ocr_par' dir='ltr' id='par_1_42' title="bbox 2180 1342 3756 1418">
     <span class='ocr_line' id='line_1_42' title="bbox 2180 1342 3756 1418; baseline -0.001 -19"><span class='ocrx_word' id='word_1_276' title='bbox 2180 1347 2455 1418; x_wconf 81' lang='grc' dir='ltr'>ἐγκρίνειν</span> <span class='ocrx_word' id='word_1_277' title='bbox 2471 1344 2777 1409; x_wconf 80' lang='grc' dir='ltr'>ἀεί.”Απαξ</span> <span class='ocrx_word' id='word_1_278' title='bbox 2798 1344 2905 1415; x_wconf 75' lang='grc' dir='ltr'>γὰρ</span> <span class='ocrx_word' id='word_1_279' title='bbox 2934 1342 3327 1413; x_wconf 76' lang='grc' dir='ltr'>ψηφισάμενοι,</span> <span class='ocrx_word' id='word_1_280' title='bbox 3360 1343 3659 1413; x_wconf 59' lang='grc' dir='ltr'>ἀνατρέψαι</span> <span class='ocrx_word' id='word_1_281' title='bbox 3687 1344 3756 1397; x_wconf 76' lang='grc' dir='ltr'>τὰ</span> 
     </span>
    </p>
   </div>
   <div class='ocr_carea' id='block_1_43' title="bbox 2181 1434 3761 1510">
    <p class='ocr_par' dir='ltr' id='par_1_43' title="bbox 2181 1434 3761 1510">
     <span class='ocr_line' id='line_1_43' title="bbox 2181 1434 3761 1510; baseline -0.005 -17"><span class='ocrx_word' id='word_1_282' title='bbox 2181 1439 2484 1510; x_wconf 87' lang='grc' dir='ltr'>κεκριμένα</span> <span class='ocrx_word' id='word_1_283' title='bbox 2514 1438 2881 1508; x_wconf 80' lang='grc' dir='ltr'>αἰσχύνονται.</span> <span class='ocrx_word' id='word_1_284' title='bbox 2914 1434 3137 1489; x_wconf 81' lang='grc' dir='ltr'>Τοιοῦτό</span> <span class='ocrx_word' id='word_1_285' title='bbox 3163 1453 3217 1487; x_wconf 89' lang='grc' dir='ltr'><strong><em>τι</em></strong></span> <span class='ocrx_word' id='word_1_286' title='bbox 3249 1435 3346 1488; x_wconf 66' lang='grc' dir='ltr'>καὶ</span> <span class='ocrx_word' id='word_1_287' title='bbox 3379 1437 3406 1487; x_wconf 88' lang='grc' dir='ltr'><strong>ὀ</strong></span> <span class='ocrx_word' id='word_1_288' title='bbox 3432 1434 3687 1504; x_wconf 75' lang='grc' dir='ltr'>Χριστὸς,</span> <span class='ocrx_word' id='word_1_289' title='bbox 3718 1436 3761 1503; x_wconf 75' lang='grc' dir='ltr'><strong>ἡ</strong></span> 
     </span>
    </p>
   </div>
   <div class='ocr_carea' id='block_1_44' title="bbox 2181 1525 3761 1602">
    <p class='ocr_par' dir='ltr' id='par_1_44' title="bbox 2181 1525 3761 1602">
     <span class='ocr_line' id='line_1_44' title="bbox 2181 1525 3761 1602; baseline -0.004 -18"><span class='ocrx_word' id='word_1_290' title='bbox 2181 1531 2418 1602; x_wconf 79' lang='grc' dir='ltr'>ἀρῤητος</span> <span class='ocrx_word' id='word_1_291' title='bbox 2462 1530 2649 1599; x_wconf 80' lang='grc' dir='ltr'>σοφία,</span> <span class='ocrx_word' id='word_1_292' title='bbox 2678 1526 2947 1598; x_wconf 86' lang='grc' dir='ltr'>πολλαχοῦ</span> <span class='ocrx_word' id='word_1_293' title='bbox 2982 1527 3084 1595; x_wconf 82' lang='grc' dir='ltr'>μὲν</span> <span class='ocrx_word' id='word_1_294' title='bbox 3114 1528 3406 1595; x_wconf 78' lang='grc' dir='ltr'>πεποίηκε,</span> <span class='ocrx_word' id='word_1_295' title='bbox 3439 1526 3675 1595; x_wconf 75' lang='grc' dir='ltr'>μάλιστα</span> <span class='ocrx_word' id='word_1_296' title='bbox 3699 1525 3761 1578; x_wconf 72' lang='grc' dir='ltr'><strong><em>δέ</em></strong></span> 
     </span>
    </p>
   </div>
   <div class='ocr_carea' id='block_1_45' title="bbox 2183 1622 3765 1695">
    <p class='ocr_par' dir='ltr' id='par_1_45' title="bbox 2183 1622 3765 1695">
     <span class='ocr_line' id='line_1_45' title="bbox 2183 1622 3765 1695; baseline -0.004 -16"><span class='ocrx_word' id='word_1_297' title='bbox 2183 1628 2274 1679; x_wconf 79' lang='grc' dir='ltr'><strong><em>ἐπὶ</em></strong></span> <span class='ocrx_word' id='word_1_298' title='bbox 2301 1626 2409 1680; x_wconf 86' lang='grc' dir='ltr'>τῶν</span> <span class='ocrx_word' id='word_1_299' title='bbox 2441 1624 2862 1695; x_wconf 86' lang='grc' dir='ltr'>ἀμπελουργῶν.</span> <span class='ocrx_word' id='word_1_300' title='bbox 2891 1623 3202 1693; x_wconf 81' lang='grc' dir='ltr'>Ἐρωτήσας</span> <span class='ocrx_word' id='word_1_301' title='bbox 3222 1623 3351 1691; x_wconf 79' lang='grc' dir='ltr'>γάρ’</span> <span class='ocrx_word' id='word_1_302' title='bbox 3387 1640 3405 1673; x_wconf 80' lang='grc' dir='ltr'><strong><em>ι</em></strong></span> <span class='ocrx_word' id='word_1_303' title='bbox 3442 1622 3508 1674; x_wconf 84' lang='grc' dir='ltr'><strong><em>Τί</em></strong></span> <span class='ocrx_word' id='word_1_304' title='bbox 3543 1622 3765 1691; x_wconf 81' lang='grc' dir='ltr'>ποιήσει</span> 
     </span>
    </p>
   </div>
   <div class='ocr_carea' id='block_1_46' title="bbox 2183 1706 3761 1786">
    <p class='ocr_par' dir='ltr' id='par_1_46' title="bbox 2183 1706 3761 1786">
     <span class='ocr_line' id='line_1_46' title="bbox 2183 1706 3761 1786; baseline -0.002 -18"><span class='ocrx_word' id='word_1_305' title='bbox 2183 1718 2297 1779; x_wconf 90' lang='grc' dir='ltr'>τοῖς</span> <span class='ocrx_word' id='word_1_306' title='bbox 2324 1716 2593 1786; x_wconf 80' lang='grc' dir='ltr'><strong><em>γεωργοῖς</em></strong></span> <span class='ocrx_word' id='word_1_307' title='bbox 2631 1714 2896 1777; x_wconf 87' lang='grc' dir='ltr'>ἐκείνοις;</span> <span class='ocrx_word' id='word_1_308' title='bbox 2936 1731 2953 1764; x_wconf 71' lang='grc' dir='ltr'><strong><em>ι</em></strong></span> <span class='ocrx_word' id='word_1_309' title='bbox 2999 1706 3119 1765; x_wconf 79' lang='grc' dir='ltr'>εἶτα</span> <span class='ocrx_word' id='word_1_310' title='bbox 3172 1712 3397 1766; x_wconf 79' lang='grc' dir='ltr'>ἐκείνων</span> <span class='ocrx_word' id='word_1_311' title='bbox 3436 1715 3761 1781; x_wconf 76' lang='grc' dir='ltr'>φησάντων·</span> 
     </span>
    </p>
   </div>
   <div class='ocr_carea' id='block_1_47' title="bbox 2190 1803 3766 1874">
    <p class='ocr_par' dir='ltr' id='par_1_47' title="bbox 2190 1803 3766 1874">
     <span class='ocr_line' id='line_1_47' title="bbox 2190 1803 3766 1874; baseline -0.004 -13"><span class='ocrx_word' id='word_1_312' title='bbox 2190 1828 2210 1860; x_wconf 79' lang='lat' dir='ltr'><strong><em>c</em></strong></span> <span class='ocrx_word' id='word_1_313' title='bbox 2260 1808 2478 1871; x_wconf 79' lang='grc' dir='ltr'>Κακοὺς</span> <span class='ocrx_word' id='word_1_314' title='bbox 2511 1805 2697 1868; x_wconf 87' lang='grc' dir='ltr'>κακῶς</span> <span class='ocrx_word' id='word_1_315' title='bbox 2724 1804 2980 1858; x_wconf 80' lang='grc' dir='ltr'>ἀπολέσει</span> <span class='ocrx_word' id='word_1_316' title='bbox 3031 1803 3252 1867; x_wconf 82' lang='grc' dir='ltr'>αὐτοὺς,</span> <span class='ocrx_word' id='word_1_317' title='bbox 3289 1805 3389 1858; x_wconf 76' lang='grc' dir='ltr'><strong><em>καὶ</em></strong></span> <span class='ocrx_word' id='word_1_318' title='bbox 3431 1804 3523 1856; x_wconf 79' lang='grc' dir='ltr'><strong><em>τὸν</em></strong></span> <span class='ocrx_word' id='word_1_319' title='bbox 3578 1804 3766 1874; x_wconf 82' lang='grc' dir='ltr'>ἀμπε-</span> 
     </span>
    </p>
   </div>
   <div class='ocr_carea' id='block_1_48' title="bbox 2185 1894 3769 1964">
    <p class='ocr_par' dir='ltr' id='par_1_48' title="bbox 2185 1894 3769 1964">
     <span class='ocr_line' id='line_1_48' title="bbox 2185 1894 3769 1964; baseline -0.004 -12"><span class='ocrx_word' id='word_1_320' title='bbox 2185 1898 2331 1951; x_wconf 81' lang='grc' dir='ltr'>λῶνα</span> <span class='ocrx_word' id='word_1_321' title='bbox 2376 1896 2673 1950; x_wconf 75' lang='grc' dir='ltr'>ἐκδώσεται</span> <span class='ocrx_word' id='word_1_322' title='bbox 2727 1894 2936 1964; x_wconf 84' lang='grc' dir='ltr'>ἑτέροις</span> <span class='ocrx_word' id='word_1_323' title='bbox 3000 1897 3307 1964; x_wconf 74' lang='grc' dir='ltr'>γεωργοῖςο</span> <span class='ocrx_word' id='word_1_324' title='bbox 3366 1911 3384 1943; x_wconf 75' lang='grc' dir='ltr'><strong><em>ι</em></strong></span> <span class='ocrx_word' id='word_1_325' title='bbox 3444 1894 3611 1955; x_wconf 78' lang='grc' dir='ltr'>αὐτὸς</span> <span class='ocrx_word' id='word_1_326' title='bbox 3668 1894 3769 1962; x_wconf 76' lang='grc' dir='ltr'>τὴν</span> 
     </span>
    </p>
   </div>
   <div class='ocr_carea' id='block_1_49' title="bbox 2188 1984 3773 2058">
    <p class='ocr_par' dir='ltr' id='par_1_49' title="bbox 2188 1984 3773 2058">
     <span class='ocr_line' id='line_1_49' title="bbox 2188 1984 3773 2058; baseline -0.005 -16"><span class='ocrx_word' id='word_1_327' title='bbox 2188 1990 2462 2058; x_wconf 83' lang='grc' dir='ltr'>ἀπόφασιν</span> <span class='ocrx_word' id='word_1_328' title='bbox 2508 1987 2734 2039; x_wconf 77' lang='grc' dir='ltr'>ἐκείνων</span> <span class='ocrx_word' id='word_1_329' title='bbox 2769 1984 3037 2055; x_wconf 77' lang='grc' dir='ltr'>ἐκύρωσε.</span> <span class='ocrx_word' id='word_1_330' title='bbox 3074 1985 3384 2053; x_wconf 84' lang='grc' dir='ltr'>Δυνάμενος</span> <span class='ocrx_word' id='word_1_331' title='bbox 3412 1984 3521 2053; x_wconf 82' lang='grc' dir='ltr'>γὰρ</span> <span class='ocrx_word' id='word_1_332' title='bbox 3550 1984 3773 2052; x_wconf 56' lang='grc' dir='ltr'>ἀπωθῇ.</span> 
     </span>
    </p>
   </div>
   <div class='ocr_carea' id='block_1_50' title="bbox 2190 2075 3773 2149">
    <p class='ocr_par' dir='ltr' id='par_1_50' title="bbox 2190 2075 3773 2149">
     <span class='ocr_line' id='line_1_50' title="bbox 2190 2075 3773 2149; baseline -0.003 -16"><span class='ocrx_word' id='word_1_333' title='bbox 2190 2081 2406 2144; x_wconf 82' lang='grc' dir='ltr'>νασοαι,</span> <span class='ocrx_word' id='word_1_334' title='bbox 2435 2078 2750 2149; x_wconf 75' lang='grc' dir='ltr'>ἠνάγκασεν</span> <span class='ocrx_word' id='word_1_335' title='bbox 2777 2076 3021 2139; x_wconf 81' lang='grc' dir='ltr'>ἐκείνους</span> <span class='ocrx_word' id='word_1_336' title='bbox 3060 2075 3149 2129; x_wconf 80' lang='grc' dir='ltr'>διὰ</span> <span class='ocrx_word' id='word_1_337' title='bbox 3180 2079 3279 2145; x_wconf 86' lang='grc' dir='ltr'>τῆς</span> <span class='ocrx_word' id='word_1_338' title='bbox 3312 2077 3643 2146; x_wconf 81' lang='grc' dir='ltr'>ἐρωτήσεως</span> <span class='ocrx_word' id='word_1_339' title='bbox 3670 2076 3773 2144; x_wconf 76' lang='grc' dir='ltr'><strong><em>τὴν</em></strong></span> 
     </span>
    </p>
   </div>
   <div class='ocr_carea' id='block_1_51' title="bbox 2187 2167 3776 2242">
    <p class='ocr_par' dir='ltr' id='par_1_51' title="bbox 2187 2167 3776 2242">
     <span class='ocr_line' id='line_1_51' title="bbox 2187 2167 3776 2242; baseline -0.004 -16"><span class='ocrx_word' id='word_1_340' title='bbox 2187 2173 2365 2242; x_wconf 73' lang='grc' dir='ltr'>ψῆφον</span> <span class='ocrx_word' id='word_1_341' title='bbox 2388 2171 2711 2239; x_wconf 81' lang='grc' dir='ltr'>ἐξενεγκεῖν,</span> <span class='ocrx_word' id='word_1_342' title='bbox 2742 2169 2837 2222; x_wconf 76' lang='grc' dir='ltr'>καὶ</span> <span class='ocrx_word' id='word_1_343' title='bbox 2852 2168 3023 2231; x_wconf 76' lang='grc' dir='ltr'>οὕτως</span> <span class='ocrx_word' id='word_1_344' title='bbox 3048 2169 3211 2230; x_wconf 80' lang='grc' dir='ltr'>αὐτὸς</span> <span class='ocrx_word' id='word_1_345' title='bbox 3232 2167 3585 2221; x_wconf 73' lang='grc' dir='ltr'>ἐϐεϐαίωσεν.</span> <span class='ocrx_word' id='word_1_346' title='bbox 3614 2168 3776 2220; x_wconf 76' lang='grc' dir='ltr'>Οὕτω</span> 
     </span>
    </p>
   </div>
   <div class='ocr_carea' id='block_1_52' title="bbox 2190 2258 3775 2333">
    <p class='ocr_par' dir='ltr' id='par_1_52' title="bbox 2190 2258 3775 2333">
     <span class='ocr_line' id='line_1_52' title="bbox 2190 2258 3775 2333; baseline -0.003 -16"><span class='ocrx_word' id='word_1_347' title='bbox 2190 2264 2285 2317; x_wconf 76' lang='grc' dir='ltr'>καὶ</span> <span class='ocrx_word' id='word_1_348' title='bbox 2321 2266 2348 2316; x_wconf 86' lang='grc' dir='ltr'>ὁ</span> <span class='ocrx_word' id='word_1_349' title='bbox 2379 2260 2590 2324; x_wconf 79' lang='grc' dir='ltr'>Παῦλος</span> <span class='ocrx_word' id='word_1_350' title='bbox 2629 2264 2657 2316; x_wconf 86' lang='grc' dir='ltr'>ὁ</span> <span class='ocrx_word' id='word_1_351' title='bbox 2696 2262 2795 2333; x_wconf 85' lang='grc' dir='ltr'><strong><em>τῆς</em></strong></span> <span class='ocrx_word' id='word_1_352' title='bbox 2849 2261 3040 2328; x_wconf 78' lang='grc' dir='ltr'>σοφίας</span> <span class='ocrx_word' id='word_1_353' title='bbox 3083 2259 3346 2331; x_wconf 79' lang='grc' dir='ltr'>φοιτητὴς</span> <span class='ocrx_word' id='word_1_354' title='bbox 3380 2260 3611 2330; x_wconf 74' lang='grc' dir='ltr'>ἐποίησε</span> <span class='ocrx_word' id='word_1_355' title='bbox 3632 2276 3647 2289; x_wconf 90' lang='grc'><strong>·</strong></span> <span class='ocrx_word' id='word_1_356' title='bbox 3678 2258 3775 2313; x_wconf 77' lang='grc' dir='ltr'>δυ-</span> 
     </span>
    </p>
   </div>
   <div class='ocr_carea' id='block_1_53' title="bbox 2190 2354 3776 2429">
    <p class='ocr_par' dir='ltr' id='par_1_53' title="bbox 2190 2354 3776 2429">
     <span class='ocr_line' id='line_1_53' title="bbox 2190 2354 3776 2429; baseline -0.001 -19"><span class='ocrx_word' id='word_1_357' title='bbox 2190 2357 2421 2429; x_wconf 85' lang='grc' dir='ltr'>νάμενος</span> <span class='ocrx_word' id='word_1_358' title='bbox 2449 2355 2558 2427; x_wconf 83' lang='grc' dir='ltr'><strong><em>γὰρ</em></strong></span> <span class='ocrx_word' id='word_1_359' title='bbox 2585 2356 2761 2409; x_wconf 83' lang='grc' dir='ltr'>εἰπεῖν</span> <span class='ocrx_word' id='word_1_360' title='bbox 2783 2372 2797 2385; x_wconf 91' lang='grc'><strong>·</strong></span> <span class='ocrx_word' id='word_1_361' title='bbox 2834 2374 2853 2407; x_wconf 78' lang='grc' dir='ltr'><strong><em>ι</em></strong></span> <span class='ocrx_word' id='word_1_362' title='bbox 2888 2354 3027 2408; x_wconf 77' lang='grc' dir='ltr'>Οὔτε</span> <span class='ocrx_word' id='word_1_363' title='bbox 3056 2354 3258 2427; x_wconf 81' lang='grc' dir='ltr'>πρέπει</span> <span class='ocrx_word' id='word_1_364' title='bbox 3284 2356 3519 2422; x_wconf 85' lang='grc' dir='ltr'>γυναῖκα</span> <span class='ocrx_word' id='word_1_365' title='bbox 3554 2354 3776 2410; x_wconf 79' lang='grc' dir='ltr'>ἀκατα-</span> 
     </span>
    </p>
   </div>
   <div class='ocr_carea' id='block_1_54' title="bbox 2190 2445 3772 2519">
    <p class='ocr_par' dir='ltr' id='par_1_54' title="bbox 2190 2445 3772 2519">
     <span class='ocr_line' id='line_1_54' title="bbox 2190 2445 3772 2519; baseline -0.004 -15"><span class='ocrx_word' id='word_1_366' title='bbox 2190 2450 2467 2505; x_wconf 85' lang='grc' dir='ltr'>κάλυπτον</span> <span class='ocrx_word' id='word_1_367' title='bbox 2499 2447 2577 2519; x_wconf 85' lang='grc' dir='ltr'>τῷ</span> <span class='ocrx_word' id='word_1_368' title='bbox 2610 2447 2732 2519; x_wconf 87' lang='grc' dir='ltr'><strong><em>Θεῷ</em></strong></span> <span class='ocrx_word' id='word_1_369' title='bbox 2772 2447 3193 2519; x_wconf 84' lang='grc' dir='ltr'>προσεύχεσθαι.</span> <span class='ocrx_word' id='word_1_370' title='bbox 3236 2465 3254 2497; x_wconf 74' lang='grc' dir='ltr'><strong><em>ι</em></strong></span> <span class='ocrx_word' id='word_1_371' title='bbox 3293 2445 3396 2499; x_wconf 83' lang='grc' dir='ltr'>Διά</span> <span class='ocrx_word' id='word_1_372' title='bbox 3424 2446 3526 2515; x_wconf 83' lang='grc' dir='ltr'>τῆς</span> <span class='ocrx_word' id='word_1_373' title='bbox 3556 2448 3772 2517; x_wconf 75' lang='grc' dir='ltr'>ἐρωτήο</span> 
     </span>
    </p>
   </div>
   <div class='ocr_carea' id='block_1_55' title="bbox 2194 2523 3778 2611">
    <p class='ocr_par' dir='ltr' id='par_1_55' title="bbox 2194 2523 3778 2611">
     <span class='ocr_line' id='line_1_55' title="bbox 2194 2523 3778 2611; baseline 0.001 -18"><span class='ocrx_word' id='word_1_374' title='bbox 2194 2557 2331 2603; x_wconf 87' lang='grc' dir='ltr'>σεως</span> <span class='ocrx_word' id='word_1_375' title='bbox 2355 2540 2798 2611; x_wconf 78' lang='grc' dir='ltr'>ζητητικωτέραν</span> <span class='ocrx_word' id='word_1_376' title='bbox 2824 2538 2959 2610; x_wconf 71' lang='grc'><strong><em>(22),</em></strong></span> <span class='ocrx_word' id='word_1_377' title='bbox 2991 2523 3090 2609; x_wconf 68' lang='grc' dir='ltr'><strong><em>τὴν</em></strong></span> <span class='ocrx_word' id='word_1_378' title='bbox 3122 2537 3394 2603; x_wconf 83' lang='grc' dir='ltr'>ἀπόδειξιν</span> <span class='ocrx_word' id='word_1_379' title='bbox 3428 2541 3778 2594; x_wconf 79' lang='grc' dir='ltr'>κατεσκεύα-</span> 
     </span>
    </p>
   </div>
   <div class='ocr_carea' id='block_1_56' title="bbox 2195 2628 3780 2700">
    <p class='ocr_par' dir='ltr' id='par_1_56' title="bbox 2195 2628 3780 2700">
     <span class='ocr_line' id='line_1_56' title="bbox 2195 2628 3780 2700; baseline 0 -17"><span class='ocrx_word' id='word_1_380' title='bbox 2195 2647 2286 2684; x_wconf 87' lang='grc' dir='ltr'><strong><em>σεν</em></strong></span> <span class='ocrx_word' id='word_1_381' title='bbox 2337 2630 2530 2695; x_wconf 87' lang='grc' dir='ltr'>είπὼν,</span> <span class='ocrx_word' id='word_1_382' title='bbox 2576 2649 2594 2682; x_wconf 82' lang='grc' dir='ltr'><strong><em>ι</em></strong></span> <span class='ocrx_word' id='word_1_383' title='bbox 2631 2632 2719 2683; x_wconf 87' lang='grc' dir='ltr'><strong><em>Ἐν</em></strong></span> <span class='ocrx_word' id='word_1_384' title='bbox 2761 2630 2888 2700; x_wconf 83' lang='grc' dir='ltr'>ὑμῖν</span> <span class='ocrx_word' id='word_1_385' title='bbox 2918 2630 3102 2694; x_wconf 78' lang='grc' dir='ltr'>αὐτοῖς</span> <span class='ocrx_word' id='word_1_386' title='bbox 3142 2628 3387 2700; x_wconf 81' lang='grc' dir='ltr'>κρίνατε,</span> <span class='ocrx_word' id='word_1_387' title='bbox 3418 2630 3637 2699; x_wconf 83' lang='grc' dir='ltr'>πρέπον</span> <span class='ocrx_word' id='word_1_388' title='bbox 3660 2632 3780 2683; x_wconf 66' lang='grc' dir='ltr'>ἐστὶ</span> 
     </span>
    </p>
   </div>
   <div class='ocr_carea' id='block_1_57' title="bbox 2191 2716 3775 2787">
    <p class='ocr_par' dir='ltr' id='par_1_57' title="bbox 2191 2716 3775 2787">
     <span class='ocr_line' id='line_1_57' title="bbox 2191 2716 3775 2787; baseline 0 -16"><span class='ocrx_word' id='word_1_389' title='bbox 2191 2719 2428 2787; x_wconf 88' lang='grc' dir='ltr'>γυναῖκα</span> <span class='ocrx_word' id='word_1_390' title='bbox 2469 2717 2928 2772; x_wconf 83' lang='grc' dir='ltr'>ἀκατακάλυπτον</span> <span class='ocrx_word' id='word_1_391' title='bbox 2974 2716 3053 2787; x_wconf 81' lang='grc' dir='ltr'><strong><em>τῷ</em></strong></span> <span class='ocrx_word' id='word_1_392' title='bbox 3102 2716 3223 2786; x_wconf 88' lang='grc' dir='ltr'><strong><em>Θεῷ</em></strong></span> <span class='ocrx_word' id='word_1_393' title='bbox 3279 2716 3714 2787; x_wconf 75' lang='grc' dir='ltr'>προσεύχεσθαις</span> <span class='ocrx_word' id='word_1_394' title='bbox 3754 2737 3775 2770; x_wconf 77' lang='grc' dir='ltr'><strong><em>ι</em></strong></span> 
     </span>
    </p>
   </div>
   <div class='ocr_carea' id='block_1_58' title="bbox 2193 2805 3781 2879">
    <p class='ocr_par' dir='ltr' id='par_1_58' title="bbox 2193 2805 3781 2879">
     <span class='ocr_line' id='line_1_58' title="bbox 2193 2805 3781 2879; baseline -0.002 -17"><span class='ocrx_word' id='word_1_395' title='bbox 2193 2809 2303 2862; x_wconf 82' lang='grc' dir='ltr'><strong><em>Καὶ</em></strong></span> <span class='ocrx_word' id='word_1_396' title='bbox 2336 2808 2501 2871; x_wconf 82' lang='grc' dir='ltr'>αὐτὸς</span> <span class='ocrx_word' id='word_1_397' title='bbox 2531 2808 2709 2863; x_wconf 86' lang='grc' dir='ltr'>τοίνυν</span> <span class='ocrx_word' id='word_1_398' title='bbox 2741 2810 2817 2879; x_wconf 80' lang='grc' dir='ltr'>μὴ</span> <span class='ocrx_word' id='word_1_399' title='bbox 2862 2807 3151 2870; x_wconf 86' lang='grc' dir='ltr'>διατείνου,</span> <span class='ocrx_word' id='word_1_400' title='bbox 3177 2807 3273 2861; x_wconf 68' lang='grc' dir='ltr'>καὶ</span> <span class='ocrx_word' id='word_1_401' title='bbox 3307 2805 3651 2869; x_wconf 74' lang='grc' dir='ltr'>διαδεὸαιοῦ,</span> <span class='ocrx_word' id='word_1_402' title='bbox 3683 2808 3781 2859; x_wconf 77' lang='grc' dir='ltr'>καὶ</span> 
     </span>
    </p>
   </div>
   <div class='ocr_carea' id='block_1_59' title="bbox 2192 2895 3781 2968">
    <p class='ocr_par' dir='ltr' id='par_1_59' title="bbox 2192 2895 3781 2968">
     <span class='ocr_line' id='line_1_59' title="bbox 2192 2895 3781 2968; baseline -0.003 -17"><span class='ocrx_word' id='word_1_403' title='bbox 2192 2897 2603 2968; x_wconf 78' lang='grc' dir='ltr'>διαπληκτίζου,</span> <span class='ocrx_word' id='word_1_404' title='bbox 2631 2898 2684 2951; x_wconf 69' lang='lat' dir='ltr'><strong><em>et</em></strong></span> <span class='ocrx_word' id='word_1_405' title='bbox 2709 2898 2840 2950; x_wconf 87' lang='grc' dir='ltr'>ποτέ</span> <span class='ocrx_word' id='word_1_406' title='bbox 2864 2915 2917 2950; x_wconf 92' lang='grc' dir='ltr'><strong><em>τι</em></strong></span> <span class='ocrx_word' id='word_1_407' title='bbox 2954 2896 3234 2963; x_wconf 79' lang='grc' dir='ltr'>ἀποδεῖξαι</span> <span class='ocrx_word' id='word_1_408' title='bbox 3267 2895 3613 2967; x_wconf 83' lang='grc' dir='ltr'>βουληθείης.</span> <span class='ocrx_word' id='word_1_409' title='bbox 3644 2895 3781 2948; x_wconf 84' lang='grc' dir='ltr'>Πολ-</span> 
     </span>
    </p>
   </div>
   <div class='ocr_carea' id='block_1_60' title="bbox 2192 2984 3781 3058">
    <p class='ocr_par' dir='ltr' id='par_1_60' title="bbox 2192 2984 3781 3058">
     <span class='ocr_line' id='line_1_60' title="bbox 2192 2984 3781 3058; baseline -0.003 -18"><span class='ocrx_word' id='word_1_410' title='bbox 2192 2987 2277 3040; x_wconf 88' lang='grc' dir='ltr'>λοὶ</span> <span class='ocrx_word' id='word_1_411' title='bbox 2301 2987 2410 3058; x_wconf 90' lang='grc' dir='ltr'><strong><em>γάρ</em></strong></span> <span class='ocrx_word' id='word_1_412' title='bbox 2439 2989 2551 3050; x_wconf 88' lang='grc' dir='ltr'>τοῖς</span> <span class='ocrx_word' id='word_1_413' title='bbox 2579 2985 2722 3039; x_wconf 75' lang='grc' dir='ltr'>οὕτω</span> <span class='ocrx_word' id='word_1_414' title='bbox 2761 2986 3158 3056; x_wconf 84' lang='grc' dir='ltr'>διακειμένοις,</span> <span class='ocrx_word' id='word_1_415' title='bbox 3192 2986 3289 3049; x_wconf 82' lang='grc' dir='ltr'>καὶ</span> <span class='ocrx_word' id='word_1_416' title='bbox 3329 2986 3377 3037; x_wconf 89' lang='grc' dir='ltr'><strong><em>εί</em></strong></span> <span class='ocrx_word' id='word_1_417' title='bbox 3404 2984 3591 3048; x_wconf 81' lang='grc' dir='ltr'>καλῶς</span> <span class='ocrx_word' id='word_1_418' title='bbox 3638 2986 3781 3055; x_wconf 82' lang='grc' dir='ltr'><strong><em>φρά-</em></strong></span> 
     </span>
    </p>
   </div>
   <div class='ocr_carea' id='block_1_61' title="bbox 2196 3075 3780 3148">
    <p class='ocr_par' dir='ltr' id='par_1_61' title="bbox 2196 3075 3780 3148">
     <span class='ocr_line' id='line_1_61' title="bbox 2196 3075 3780 3148; baseline -0.003 -18"><span class='ocrx_word' id='word_1_419' title='bbox 2196 3077 2359 3143; x_wconf 82' lang='grc' dir='ltr'>ζοιεν,</span> <span class='ocrx_word' id='word_1_420' title='bbox 2394 3077 2767 3145; x_wconf 84' lang='grc' dir='ltr'>ἀντιλέγουσιν</span> <span class='ocrx_word' id='word_1_421' title='bbox 2787 3093 2801 3109; x_wconf 79' lang='grc' dir='ltr'><strong>ο</strong></span> <span class='ocrx_word' id='word_1_422' title='bbox 2833 3076 2971 3129; x_wconf 87' lang='grc' dir='ltr'><strong><em>ἀλλά</em></strong></span> <span class='ocrx_word' id='word_1_423' title='bbox 3002 3076 3323 3148; x_wconf 72' lang='grc' dir='ltr'>προσηνεία,</span> <span class='ocrx_word' id='word_1_424' title='bbox 3356 3077 3452 3129; x_wconf 71' lang='grc' dir='ltr'><strong><em>καὶ</em></strong></span> <span class='ocrx_word' id='word_1_425' title='bbox 3479 3075 3780 3145; x_wconf 67' lang='grc' dir='ltr'>πραότητι,</span> 
     </span>
    </p>
   </div>
   <div class='ocr_carea' id='block_1_62' title="bbox 2196 3169 3782 3241">
    <p class='ocr_par' dir='ltr' id='par_1_62' title="bbox 2196 3169 3782 3241">
     <span class='ocr_line' id='line_1_62' title="bbox 2196 3169 3782 3241; baseline 0 -18"><span class='ocrx_word' id='word_1_426' title='bbox 2196 3170 2291 3224; x_wconf 67' lang='grc' dir='ltr'>καὶ</span> <span class='ocrx_word' id='word_1_427' title='bbox 2344 3171 2613 3241; x_wconf 78' lang='grc' dir='ltr'>ἐρωτήσει</span> <span class='ocrx_word' id='word_1_428' title='bbox 2666 3170 3121 3240; x_wconf 77' lang='grc' dir='ltr'>ἐμφατικωτέραν</span> <span class='ocrx_word' id='word_1_429' title='bbox 3161 3170 3261 3241; x_wconf 85' lang='grc' dir='ltr'>τὴν</span> <span class='ocrx_word' id='word_1_430' title='bbox 3309 3169 3587 3234; x_wconf 78' lang='grc' dir='ltr'>ἀπόδειξιν</span> <span class='ocrx_word' id='word_1_431' title='bbox 3618 3187 3782 3223; x_wconf 80' lang='grc' dir='ltr'>κατα-</span> 
     </span>
    </p>
   </div>
   <div class='ocr_carea' id='block_1_63' title="bbox 2120 3258 3781 3336">
    <p class='ocr_par' dir='ltr' id='par_1_63' title="bbox 2120 3258 3781 3336">
     <span class='ocr_line' id='line_1_63' title="bbox 2120 3258 3781 3336; baseline -0.001 -23"><span class='ocrx_word' id='word_1_432' title='bbox 2120 3279 2162 3336; x_wconf 78' lang='lat' dir='ltr'>c</span> <span class='ocrx_word' id='word_1_433' title='bbox 2198 3260 2455 3323; x_wconf 77' lang='grc' dir='ltr'>σκεύαζε.</span> <span class='ocrx_word' id='word_1_434' title='bbox 2510 3260 2665 3314; x_wconf 78' lang='grc' dir='ltr'>Οὕτω</span> <span class='ocrx_word' id='word_1_435' title='bbox 2722 3262 2831 3331; x_wconf 82' lang='grc' dir='ltr'>γὰρ</span> <span class='ocrx_word' id='word_1_436' title='bbox 2890 3261 3171 3329; x_wconf 86' lang='grc' dir='ltr'>κερδανεῖς</span> <span class='ocrx_word' id='word_1_437' title='bbox 3216 3260 3354 3331; x_wconf 86' lang='grc' dir='ltr'><strong><em>μετά</em></strong></span> <span class='ocrx_word' id='word_1_438' title='bbox 3407 3258 3505 3312; x_wconf 80' lang='grc' dir='ltr'><strong><em>τοῦ</em></strong></span> <span class='ocrx_word' id='word_1_439' title='bbox 3557 3261 3781 3328; x_wconf 77' lang='grc' dir='ltr'>νικῆσαι</span> 
     </span>
    </p>
   </div>
   <div class='ocr_carea' id='block_1_64' title="bbox 2199 3349 3139 3425">
    <p class='ocr_par' dir='ltr' id='par_1_64' title="bbox 2199 3349 3139 3425">
     <span class='ocr_line' id='line_1_64' title="bbox 2199 3349 3139 3425; baseline 0 -20"><span class='ocrx_word' id='word_1_440' title='bbox 2199 3352 2294 3405; x_wconf 71' lang='grc' dir='ltr'><strong><em>καὶ</em></strong></span> <span class='ocrx_word' id='word_1_441' title='bbox 2326 3351 2424 3425; x_wconf 82' lang='grc' dir='ltr'>τὴν</span> <span class='ocrx_word' id='word_1_442' title='bbox 2456 3352 2548 3406; x_wconf 78' lang='grc' dir='ltr'>τοῦ</span> <span class='ocrx_word' id='word_1_443' title='bbox 2580 3354 2755 3423; x_wconf 78' lang='grc' dir='ltr'>πρᾶος</span> <span class='ocrx_word' id='word_1_444' title='bbox 2791 3349 2930 3407; x_wconf 76' lang='grc' dir='ltr'>εἶναι</span> <span class='ocrx_word' id='word_1_445' title='bbox 2960 3351 3139 3417; x_wconf 78' lang='grc' dir='ltr'>δόξαν.</span> 
     </span>
    </p>
   </div>
   <div class='ocr_carea' id='block_1_65' title="bbox 2550 3440 3422 3513">
    <p class='ocr_par' dir='ltr' id='par_1_65' title="bbox 2550 3440 3422 3513">
     <span class='ocr_line' id='line_1_65' title="bbox 2550 3440 3422 3513; baseline -0.001 -19"><span class='ocrx_word' id='word_1_446' title='bbox 2550 3442 2735 3508; x_wconf 69' lang='grc' dir='ltr'>Τοςι.</span> <span class='ocrx_word' id='word_1_447' title='bbox 2770 3471 2839 3481; x_wconf 89' lang='grc'><strong><em>-</em></strong></span> <span class='ocrx_word' id='word_1_448' title='bbox 2867 3441 3071 3513; x_wconf 80' lang='grc' dir='ltr'><strong><em>ΜΗΝᾼ</em></strong></span> <span class='ocrx_word' id='word_1_449' title='bbox 3099 3440 3422 3511; x_wconf 79' lang='grc' dir='ltr'><strong><em>ΔΙΑΚΟΝῼ.</em></strong></span> 
     </span>
    </p>
   </div>
   <div class='ocr_carea' id='block_1_66' title="bbox 532 3527 3781 3671">
    <p class='ocr_par' dir='ltr' id='par_1_66' title="bbox 532 3527 3781 3671">
     <span class='ocr_line' id='line_1_66' title="bbox 532 3527 3781 3671; baseline 0 -84"><span class='ocrx_word' id='word_1_450' title='bbox 532 3530 927 3602; x_wconf 70' lang='lat' dir='ltr'><strong><em>Quwstionibus</em></strong></span> <span class='ocrx_word' id='word_1_451' title='bbox 976 3529 1258 3598; x_wconf 77' lang='lat' dir='ltr'><strong><em>propositis</em></strong></span> <span class='ocrx_word' id='word_1_452' title='bbox 1312 3529 1465 3593; x_wconf 79' lang='lat' dir='ltr'><strong><em>plane</em></strong></span> <span class='ocrx_word' id='word_1_453' title='bbox 1498 3536 1546 3581; x_wconf 80' lang='lat' dir='ltr'><strong><em>et</em></strong></span> <span class='ocrx_word' id='word_1_454' title='bbox 1576 3527 1842 3595; x_wconf 82' lang='lat' dir='ltr'><strong><em>perspicue</em></strong></span> <span class='ocrx_word' id='word_1_455' title='bbox 1890 3530 2305 3671; x_wconf 30' lang='lat' dir='ltr'><strong><em>regi-Ogygii???</em></strong></span> <span class='ocrx_word' id='word_1_456' title='bbox 2345 3533 2503 3601; x_wconf 75' lang='lat' dir='ltr'><strong><em>iuxta</em></strong></span> <span class='ocrx_word' id='word_1_457' title='bbox 2546 3533 2638 3587; x_wconf 85' lang='lat' dir='ltr'><strong><em>Dei</em></strong></span> <span class='ocrx_word' id='word_1_458' title='bbox 2690 3535 2901 3587; x_wconf 70' lang='lat' dir='ltr'><strong><em>tet&#39;bttm</em></strong></span> <span class='ocrx_word' id='word_1_459' title='bbox 2948 3536 3269 3587; x_wconf 81' lang='lat' dir='ltr'><strong><em>medicorum</em></strong></span> <span class='ocrx_word' id='word_1_460' title='bbox 3311 3531 3569 3599; x_wconf 73' lang='lat' dir='ltr'><strong><em>exempto.</em></strong></span> <span class='ocrx_word' id='word_1_461' title='bbox 3600 3531 3781 3602; x_wconf 72' lang='lat' dir='ltr'><strong><em>(Conf.</em></strong></span> 
     </span>
    </p>
   </div>
   <div class='ocr_carea' id='block_1_67' title="bbox 600 3702 2104 3773">
    <p class='ocr_par' dir='ltr' id='par_1_67' title="bbox 600 3702 2104 3773">
     <span class='ocr_line' id='line_1_67' title="bbox 600 3702 2104 3773; baseline -0.004 -12"><span class='ocrx_word' id='word_1_462' title='bbox 600 3706 680 3761; x_wconf 81' lang='lat' dir='ltr'><strong><em>Ne</em></strong></span> <span class='ocrx_word' id='word_1_463' title='bbox 707 3719 837 3760; x_wconf 82' lang='lat' dir='ltr'><strong><em>vero</em></strong></span> <span class='ocrx_word' id='word_1_464' title='bbox 869 3713 1131 3768; x_wconf 81' lang='lat' dir='ltr'><strong><em>tortuosa,</em></strong></span> <span class='ocrx_word' id='word_1_465' title='bbox 1150 3702 1387 3772; x_wconf 86' lang='lat' dir='ltr'><strong><em>obliqua,</em></strong></span> <span class='ocrx_word' id='word_1_466' title='bbox 1409 3712 1465 3757; x_wconf 88' lang='lat' dir='ltr'><strong><em>et</em></strong></span> <span class='ocrx_word' id='word_1_467' title='bbox 1497 3711 1682 3758; x_wconf 88' lang='lat' dir='ltr'><strong><em>coacta</em></strong></span> <span class='ocrx_word' id='word_1_468' title='bbox 1725 3702 2104 3773; x_wconf 83' lang='lat' dir='ltr'><strong><em>interroganti-</em></strong></span> 
     </span>
    </p>
   </div>
   <div class='ocr_carea' id='block_1_68' title="bbox 532 3794 2103 3866">
    <p class='ocr_par' dir='ltr' id='par_1_68' title="bbox 532 3794 2103 3866">
     <span class='ocr_line' id='line_1_68' title="bbox 532 3794 2103 3866; baseline -0.001 -14"><span class='ocrx_word' id='word_1_469' title='bbox 532 3797 630 3852; x_wconf 86' lang='lat' dir='ltr'><strong><em>bus</em></strong></span> <span class='ocrx_word' id='word_1_470' title='bbox 672 3812 927 3866; x_wconf 81' lang='lat' dir='ltr'><strong><em>responsa</em></strong></span> <span class='ocrx_word' id='word_1_471' title='bbox 971 3797 1159 3851; x_wconf 88' lang='lat' dir='ltr'><strong><em>demus</em></strong></span> <span class='ocrx_word' id='word_1_472' title='bbox 1207 3794 1611 3850; x_wconf 87' lang='lat' dir='ltr'><strong><em>allaborandum</em></strong></span> <span class='ocrx_word' id='word_1_473' title='bbox 1649 3806 1750 3861; x_wconf 90' lang='lat' dir='ltr'><strong><em>est,</em></strong></span> <span class='ocrx_word' id='word_1_474' title='bbox 1791 3796 1883 3849; x_wconf 89' lang='lat' dir='ltr'><strong><em>sed</em></strong></span> <span class='ocrx_word' id='word_1_475' title='bbox 1930 3805 2103 3861; x_wconf 89' lang='lat' dir='ltr'><strong><em>recta,</em></strong></span> 
     </span>
    </p>
   </div>
   <div class='ocr_carea' id='block_1_69' title="bbox 531 3883 2102 3958">
    <p class='ocr_par' dir='ltr' id='par_1_69' title="bbox 531 3883 2102 3958">
     <span class='ocr_line' id='line_1_69' title="bbox 531 3883 2102 3958; baseline -0.003 -15"><span class='ocrx_word' id='word_1_476' title='bbox 531 3904 708 3958; x_wconf 86' lang='lat' dir='ltr'><strong><em>neque</em></strong></span> <span class='ocrx_word' id='word_1_477' title='bbox 738 3888 992 3942; x_wconf 89' lang='lat' dir='ltr'><strong><em>violenta.</em></strong></span> <span class='ocrx_word' id='word_1_478' title='bbox 1025 3887 1192 3941; x_wconf 83' lang='lat' dir='ltr'><strong><em>Sacra</em></strong></span> <span class='ocrx_word' id='word_1_479' title='bbox 1244 3886 1389 3941; x_wconf 89' lang='lat' dir='ltr'><strong><em>enim</em></strong></span> <span class='ocrx_word' id='word_1_480' title='bbox 1438 3883 1841 3953; x_wconf 85' lang='lat' dir='ltr'><strong><em>Scripturarum</em></strong></span> <span class='ocrx_word' id='word_1_481' title='bbox 1885 3884 2102 3939; x_wconf 82' lang='lat' dir='ltr'><strong><em>oracula</em></strong></span> 
     </span>
    </p>
   </div>
   <div class='ocr_carea' id='block_1_70' title="bbox 529 3975 2102 4047">
    <p class='ocr_par' dir='ltr' id='par_1_70' title="bbox 529 3975 2102 4047">
     <span class='ocr_line' id='line_1_70' title="bbox 529 3975 2102 4047; baseline -0.003 -14"><span class='ocrx_word' id='word_1_482' title='bbox 529 3977 767 4047; x_wconf 89' lang='lat' dir='ltr'><strong><em>peccatis</em></strong></span> <span class='ocrx_word' id='word_1_483' title='bbox 806 3977 1056 4031; x_wconf 89' lang='lat' dir='ltr'><strong><em>omnibus</em></strong></span> <span class='ocrx_word' id='word_1_484' title='bbox 1116 3976 1397 4045; x_wconf 86' lang='lat' dir='ltr'><strong><em>perspicua</em></strong></span> <span class='ocrx_word' id='word_1_485' title='bbox 1458 3975 1692 4029; x_wconf 68' lang='lat' dir='ltr'><strong><em>atterunt</em></strong></span> <span class='ocrx_word' id='word_1_486' title='bbox 1737 3975 1998 4031; x_wconf 86' lang='lat' dir='ltr'><strong><em>remedia.</em></strong></span> <span class='ocrx_word' id='word_1_487' title='bbox 2034 3975 2102 4029; x_wconf 89' lang='lat' dir='ltr'><strong><em>Et</em></strong></span> 
     </span>
    </p>
   </div>
   <div class='ocr_carea' id='block_1_71' title="bbox 531 4067 2097 4137">
    <p class='ocr_par' dir='ltr' id='par_1_71' title="bbox 531 4067 2097 4137">
     <span class='ocr_line' id='line_1_71' title="bbox 531 4067 2097 4137; baseline -0.001 -14"><span class='ocrx_word' id='word_1_488' title='bbox 531 4068 727 4123; x_wconf 91' lang='lat' dir='ltr'><strong><em>medici</em></strong></span> <span class='ocrx_word' id='word_1_489' title='bbox 759 4068 901 4122; x_wconf 87' lang='lat' dir='ltr'><strong><em>aliud</em></strong></span> <span class='ocrx_word' id='word_1_490' title='bbox 932 4083 1027 4137; x_wconf 91' lang='lat' dir='ltr'><strong><em>pro</em></strong></span> <span class='ocrx_word' id='word_1_491' title='bbox 1060 4068 1166 4122; x_wconf 91' lang='lat' dir='ltr'><strong><em>alio</em></strong></span> <span class='ocrx_word' id='word_1_492' title='bbox 1189 4068 1537 4136; x_wconf 89' lang='lat' dir='ltr'><strong><em>pharmacum</em></strong></span> <span class='ocrx_word' id='word_1_493' title='bbox 1569 4068 1786 4137; x_wconf 73' lang='lat' dir='ltr'><strong><em>aegrotis</em></strong></span> <span class='ocrx_word' id='word_1_494' title='bbox 1806 4067 2097 4123; x_wconf 75' lang='lat' dir='ltr'><strong><em>offerentes</em></strong></span> 
     </span>
    </p>
   </div>
   <div class='ocr_carea' id='block_1_72' title="bbox 532 4157 2100 4224">
    <p class='ocr_par' dir='ltr' id='par_1_72' title="bbox 532 4157 2100 4224">
     <span class='ocr_line' id='line_1_72' title="bbox 532 4157 2100 4224; baseline -0.002 -10"><span class='ocrx_word' id='word_1_495' title='bbox 532 4169 735 4214; x_wconf 89' lang='lat' dir='ltr'><strong><em>tantum</em></strong></span> <span class='ocrx_word' id='word_1_496' title='bbox 765 4158 917 4212; x_wconf 90' lang='lat' dir='ltr'><strong><em>abest</em></strong></span> <span class='ocrx_word' id='word_1_497' title='bbox 944 4157 1241 4212; x_wconf 82' lang='lat' dir='ltr'><strong><em>valetudini</em></strong></span> <span class='ocrx_word' id='word_1_498' title='bbox 1295 4165 1354 4211; x_wconf 89' lang='lat' dir='ltr'><strong><em>ut</em></strong></span> <span class='ocrx_word' id='word_1_499' title='bbox 1401 4157 1630 4224; x_wconf 89' lang='lat' dir='ltr'><strong><em>prosint,</em></strong></span> <span class='ocrx_word' id='word_1_500' title='bbox 1672 4164 1729 4210; x_wconf 89' lang='lat' dir='ltr'><strong><em>ut</em></strong></span> <span class='ocrx_word' id='word_1_501' title='bbox 1757 4158 1923 4210; x_wconf 84' lang='lat' dir='ltr'><strong><em>etiam</em></strong></span> <span class='ocrx_word' id='word_1_502' title='bbox 1951 4157 2100 4212; x_wconf 66' lang='lat' dir='ltr'><strong><em>labe-</em></strong></span> 
     </span>
    </p>
   </div>
   <div class='ocr_carea' id='block_1_73' title="bbox 532 4246 2096 4316">
    <p class='ocr_par' dir='ltr' id='par_1_73' title="bbox 532 4246 2096 4316">
     <span class='ocr_line' id='line_1_73' title="bbox 532 4246 2096 4316; baseline 0 -13"><span class='ocrx_word' id='word_1_503' title='bbox 532 4251 754 4303; x_wconf 84' lang='lat' dir='ltr'><strong><em>factent.</em></strong></span> <span class='ocrx_word' id='word_1_504' title='bbox 802 4246 878 4300; x_wconf 88' lang='lat' dir='ltr'><strong><em>lta</em></strong></span> <span class='ocrx_word' id='word_1_505' title='bbox 939 4248 1031 4315; x_wconf 89' lang='lat' dir='ltr'><strong><em>qui</em></strong></span> <span class='ocrx_word' id='word_1_506' title='bbox 1074 4246 1289 4316; x_wconf 88' lang='lat' dir='ltr'><strong><em>propria</em></strong></span> <span class='ocrx_word' id='word_1_507' title='bbox 1349 4246 1542 4302; x_wconf 76' lang='lat' dir='ltr'><strong><em>afferre</em></strong></span> <span class='ocrx_word' id='word_1_508' title='bbox 1592 4248 1829 4302; x_wconf 84' lang='lat' dir='ltr'><strong><em>remedia</em></strong></span> <span class='ocrx_word' id='word_1_509' title='bbox 1886 4249 2096 4303; x_wconf 81' lang='lat' dir='ltr'><strong><em>crimini</em></strong></span> 
     </span>
    </p>
   </div>
   <div class='ocr_carea' id='block_1_74' title="bbox 533 4337 2103 4409">
    <p class='ocr_par' dir='ltr' id='par_1_74' title="bbox 533 4337 2103 4409">
     <span class='ocr_line' id='line_1_74' title="bbox 533 4337 2103 4409; baseline 0 -14"><span class='ocrx_word' id='word_1_510' title='bbox 533 4340 703 4395; x_wconf 89' lang='lat' dir='ltr'><strong><em>cuivis</em></strong></span> <span class='ocrx_word' id='word_1_511' title='bbox 736 4338 1000 4405; x_wconf 88' lang='lat' dir='ltr'><strong><em>nesciunt,</em></strong></span> <span class='ocrx_word' id='word_1_512' title='bbox 1029 4353 1148 4392; x_wconf 88' lang='lat' dir='ltr'><strong><em>cum</em></strong></span> <span class='ocrx_word' id='word_1_513' title='bbox 1196 4337 1418 4393; x_wconf 68' lang='lat' dir='ltr'><strong><em>medicae</em></strong></span> <span class='ocrx_word' id='word_1_514' title='bbox 1478 4338 1586 4392; x_wconf 89' lang='lat' dir='ltr'><strong><em>sint</em></strong></span> <span class='ocrx_word' id='word_1_515' title='bbox 1629 4340 1762 4391; x_wconf 87' lang='lat' dir='ltr'><strong><em>artis</em></strong></span> <span class='ocrx_word' id='word_1_516' title='bbox 1801 4339 1995 4409; x_wconf 83' lang='lat' dir='ltr'><strong><em>ignari,</em></strong></span> <span class='ocrx_word' id='word_1_517' title='bbox 2047 4349 2103 4395; x_wconf 89' lang='lat' dir='ltr'><strong><em>et</em></strong></span> 
     </span>
    </p>
   </div>
   <div class='ocr_carea' id='block_1_75' title="bbox 533 4427 2103 4500">
    <p class='ocr_par' dir='ltr' id='par_1_75' title="bbox 533 4427 2103 4500">
     <span class='ocr_line' id='line_1_75' title="bbox 533 4427 2103 4500; baseline -0.001 -15"><span class='ocrx_word' id='word_1_518' title='bbox 533 4427 844 4485; x_wconf 67' lang='lat' dir='ltr'><strong><em>affectiones</em></strong></span> <span class='ocrx_word' id='word_1_519' title='bbox 870 4438 1153 4497; x_wconf 82' lang='lat' dir='ltr'><strong><em>augentur.</em></strong></span> <span class='ocrx_word' id='word_1_520' title='bbox 1185 4427 1284 4494; x_wconf 85' lang='lat' dir='ltr'><strong><em>Qui</em></strong></span> <span class='ocrx_word' id='word_1_521' title='bbox 1315 4430 1458 4484; x_wconf 90' lang='lat' dir='ltr'><strong><em>enim</em></strong></span> <span class='ocrx_word' id='word_1_522' title='bbox 1488 4431 1721 4485; x_wconf 89' lang='lat' dir='ltr'><strong><em>oraculis</em></strong></span> <span class='ocrx_word' id='word_1_523' title='bbox 1746 4432 2103 4500; x_wconf 85' lang='lat' dir='ltr'><strong><em>sapientiores</em></strong></span> 
     </span>
    </p>
   </div>
   <div class='ocr_carea' id='block_1_76' title="bbox 532 4519 2102 4589">
    <p class='ocr_par' dir='ltr' id='par_1_76' title="bbox 532 4519 2102 4589">
     <span class='ocr_line' id='line_1_76' title="bbox 532 4519 2102 4589; baseline 0 -13"><span class='ocrx_word' id='word_1_524' title='bbox 532 4534 653 4576; x_wconf 89' lang='lat' dir='ltr'><strong><em>esse</em></strong></span> <span class='ocrx_word' id='word_1_525' title='bbox 670 4519 871 4583; x_wconf 88' lang='lat' dir='ltr'><strong><em>volunt,</em></strong></span> <span class='ocrx_word' id='word_1_526' title='bbox 894 4534 1117 4589; x_wconf 65' lang='lat' dir='ltr'><strong><em>qumque</em></strong></span> <span class='ocrx_word' id='word_1_527' title='bbox 1138 4520 1239 4575; x_wconf 91' lang='lat' dir='ltr'><strong><em>sibi</em></strong></span> <span class='ocrx_word' id='word_1_528' title='bbox 1258 4520 1491 4589; x_wconf 79' lang='lat' dir='ltr'><strong><em>placent,</em></strong></span> <span class='ocrx_word' id='word_1_529' title='bbox 1514 4521 1727 4585; x_wconf 90' lang='lat' dir='ltr'><strong><em>docent,</em></strong></span> <span class='ocrx_word' id='word_1_530' title='bbox 1744 4537 1846 4575; x_wconf 86' lang='lat' dir='ltr'><strong><em>non</em></strong></span> <span class='ocrx_word' id='word_1_531' title='bbox 1871 4537 1928 4576; x_wconf 92' lang='lat' dir='ltr'><strong><em>se</em></strong></span> <span class='ocrx_word' id='word_1_532' title='bbox 1946 4523 2102 4576; x_wconf 91' lang='lat' dir='ltr'><strong><em>modo</em></strong></span> 
     </span>
    </p>
   </div>
   <div class='ocr_carea' id='block_1_77' title="bbox 536 4608 2104 4679">
    <p class='ocr_par' dir='ltr' id='par_1_77' title="bbox 536 4608 2104 4679">
     <span class='ocr_line' id='line_1_77' title="bbox 536 4608 2104 4679; baseline 0.003 -17"><span class='ocrx_word' id='word_1_533' title='bbox 536 4610 635 4678; x_wconf 90' lang='lat' dir='ltr'><strong><em>ipsi</em></strong></span> <span class='ocrx_word' id='word_1_534' title='bbox 664 4610 755 4663; x_wconf 87' lang='lat' dir='ltr'><strong><em>sed</em></strong></span> <span class='ocrx_word' id='word_1_535' title='bbox 784 4619 836 4664; x_wconf 91' lang='lat' dir='ltr'><strong><em>et</em></strong></span> <span class='ocrx_word' id='word_1_536' title='bbox 858 4608 993 4663; x_wconf 83' lang='lat' dir='ltr'><strong><em>alios</em></strong></span> <span class='ocrx_word' id='word_1_537' title='bbox 1010 4609 1102 4677; x_wconf 88' lang='lat' dir='ltr'><strong><em>qui</em></strong></span> <span class='ocrx_word' id='word_1_538' title='bbox 1130 4610 1197 4664; x_wconf 89' lang='lat' dir='ltr'><strong><em>ad</em></strong></span> <span class='ocrx_word' id='word_1_539' title='bbox 1224 4625 1283 4665; x_wconf 91' lang='lat' dir='ltr'><strong><em>se</em></strong></span> <span class='ocrx_word' id='word_1_540' title='bbox 1310 4611 1473 4666; x_wconf 92' lang='lat' dir='ltr'><strong><em>veluti</em></strong></span> <span class='ocrx_word' id='word_1_541' title='bbox 1500 4613 1550 4665; x_wconf 93' lang='lat' dir='ltr'><strong><em>in</em></strong></span> <span class='ocrx_word' id='word_1_542' title='bbox 1584 4623 1792 4679; x_wconf 87' lang='lat' dir='ltr'><strong><em>portum</em></strong></span> <span class='ocrx_word' id='word_1_543' title='bbox 1816 4626 1935 4668; x_wconf 86' lang='lat' dir='ltr'><strong><em>sese</em></strong></span> <span class='ocrx_word' id='word_1_544' title='bbox 1970 4613 2104 4667; x_wconf 83' lang='lat' dir='ltr'><strong><em>reci-</em></strong></span> 
     </span>
    </p>
   </div>
   <div class='ocr_carea' id='block_1_78' title="bbox 536 4697 2101 4772">
    <p class='ocr_par' dir='ltr' id='par_1_78' title="bbox 536 4697 2101 4772">
     <span class='ocr_line' id='line_1_78' title="bbox 536 4697 2101 4772; baseline 0.006 -23"><span class='ocrx_word' id='word_1_545' title='bbox 536 4698 709 4765; x_wconf 87' lang='lat' dir='ltr'><strong><em>piunt,</em></strong></span> <span class='ocrx_word' id='word_1_546' title='bbox 744 4700 885 4751; x_wconf 89' lang='lat' dir='ltr'><strong><em>inani</em></strong></span> <span class='ocrx_word' id='word_1_547' title='bbox 913 4714 1006 4769; x_wconf 91' lang='lat' dir='ltr'><strong><em>spe</em></strong></span> <span class='ocrx_word' id='word_1_548' title='bbox 1032 4697 1246 4763; x_wconf 86' lang='lat' dir='ltr'><strong><em>fallunt,</em></strong></span> <span class='ocrx_word' id='word_1_549' title='bbox 1276 4700 1327 4754; x_wconf 90' lang='lat' dir='ltr'><strong><em>in</em></strong></span> <span class='ocrx_word' id='word_1_550' title='bbox 1370 4711 1579 4755; x_wconf 85' lang='lat' dir='ltr'><strong><em>vastum</em></strong></span> <span class='ocrx_word' id='word_1_551' title='bbox 1616 4702 1973 4771; x_wconf 63' lang='lat' dir='ltr'><strong><em>quaestionum</em></strong></span> <span class='ocrx_word' id='word_1_552' title='bbox 2005 4718 2101 4772; x_wconf 86' lang='lat' dir='ltr'><strong><em>pe—</em></strong></span> 
     </span>
    </p>
   </div>
   <div class='ocr_carea' id='block_1_79' title="bbox 537 4788 1193 4861">
    <p class='ocr_par' dir='ltr' id='par_1_79' title="bbox 537 4788 1193 4861">
     <span class='ocr_line' id='line_1_79' title="bbox 537 4788 1193 4861; baseline 0.003 -19"><span class='ocrx_word' id='word_1_553' title='bbox 537 4788 690 4858; x_wconf 88' lang='lat' dir='ltr'><strong><em>lagus</em></strong></span> <span class='ocrx_word' id='word_1_554' title='bbox 708 4805 800 4844; x_wconf 86' lang='lat' dir='ltr'><strong><em>eos</em></strong></span> <span class='ocrx_word' id='word_1_555' title='bbox 824 4789 1193 4861; x_wconf 83' lang='lat' dir='ltr'><strong><em>conjicicntes.</em></strong></span> 
     </span>
    </p>
   </div>
   <div class='ocr_carea' id='block_1_80' title="bbox 599 5032 1825 5101">
    <p class='ocr_par' dir='ltr' id='par_1_80' title="bbox 599 5032 1825 5101">
     <span class='ocr_line' id='line_1_80' title="bbox 599 5032 1825 5101; baseline 0.003 -13"><span class='ocrx_word' id='word_1_556' title='bbox 599 5033 644 5066; x_wconf 84' lang='lat'><strong>&quot;</strong></span> <span class='ocrx_word' id='word_1_557' title='bbox 674 5032 863 5091; x_wconf 84' lang='lat' dir='ltr'><strong><em>Matth.</em></strong></span> <span class='ocrx_word' id='word_1_558' title='bbox 915 5049 1027 5097; x_wconf 74' lang='lat' dir='ltr'><strong><em>ut,</em></strong></span> <span class='ocrx_word' id='word_1_559' title='bbox 1056 5034 1143 5098; x_wconf 81' lang='grc'>40,</span> <span class='ocrx_word' id='word_1_560' title='bbox 1178 5034 1268 5088; x_wconf 57' lang='lat' dir='ltr'><strong><em>Al.</em></strong></span> <span class='ocrx_word' id='word_1_561' title='bbox 1336 5034 1380 5065; x_wconf 79' lang='grc'><strong><em>⁸⁸</em></strong></span> <span class='ocrx_word' id='word_1_562' title='bbox 1413 5035 1427 5088; x_wconf 96' lang='lat' dir='ltr'><strong><em>l</em></strong></span> <span class='ocrx_word' id='word_1_563' title='bbox 1459 5034 1583 5089; x_wconf 89' lang='lat' dir='ltr'><strong><em>Cor.</em></strong></span> <span class='ocrx_word' id='word_1_564' title='bbox 1625 5052 1704 5101; x_wconf 71' lang='grc' dir='ltr'>χι,</span> <span class='ocrx_word' id='word_1_565' title='bbox 1737 5038 1825 5093; x_wconf 79' lang='grc'><strong><em>15.</em></strong></span> 
     </span>
    </p>
   </div>
   <div class='ocr_carea' id='block_1_81' title="bbox 2271 3707 3784 3781">
    <p class='ocr_par' dir='ltr' id='par_1_81' title="bbox 2271 3707 3784 3781">
     <span class='ocr_line' id='line_1_81' title="bbox 2271 3707 3784 3781; baseline 0.001 -21"><span class='ocrx_word' id='word_1_566' title='bbox 2271 3707 2363 3780; x_wconf 82' lang='grc' dir='ltr'><strong><em>Μὴ</em></strong></span> <span class='ocrx_word' id='word_1_567' title='bbox 2395 3707 2555 3775; x_wconf 86' lang='grc' dir='ltr'>λοξάς</span> <span class='ocrx_word' id='word_1_568' title='bbox 2588 3710 2681 3764; x_wconf 80' lang='grc' dir='ltr'><strong><em>καὶ</em></strong></span> <span class='ocrx_word' id='word_1_569' title='bbox 2716 3711 2953 3780; x_wconf 85' lang='grc' dir='ltr'>πλαγίας</span> <span class='ocrx_word' id='word_1_570' title='bbox 2987 3710 3083 3764; x_wconf 74' lang='grc' dir='ltr'><strong><em>καὶ</em></strong></span> <span class='ocrx_word' id='word_1_571' title='bbox 3105 3710 3474 3781; x_wconf 78' lang='grc' dir='ltr'>βεϐιασμένας</span> <span class='ocrx_word' id='word_1_572' title='bbox 3496 3714 3613 3774; x_wconf 64' lang='lat' dir='ltr'><strong><em>tot;</em></strong></span> <span class='ocrx_word' id='word_1_573' title='bbox 3640 3712 3784 3780; x_wconf 75' lang='grc' dir='ltr'>ἐρωο</span> 
     </span>
    </p>
   </div>
   <div class='ocr_carea' id='block_1_82' title="bbox 2198 3799 3828 3873">
    <p class='ocr_par' dir='ltr' id='par_1_82' title="bbox 2198 3799 3828 3873">
     <span class='ocr_line' id='line_1_82' title="bbox 2198 3799 3828 3873; baseline 0.003 -23"><span class='ocrx_word' id='word_1_574' title='bbox 2198 3799 2334 3851; x_wconf 83' lang='grc' dir='ltr'>τῶσι</span> <span class='ocrx_word' id='word_1_575' title='bbox 2359 3800 2455 3863; x_wconf 79' lang='grc' dir='ltr'><strong><em>τὰς</em></strong></span> <span class='ocrx_word' id='word_1_576' title='bbox 2481 3802 2801 3871; x_wconf 81' lang='grc' dir='ltr'>ἀποκρίσεις</span> <span class='ocrx_word' id='word_1_577' title='bbox 2829 3802 3130 3872; x_wconf 83' lang='grc' dir='ltr'>ποιώμεθα,</span> <span class='ocrx_word' id='word_1_578' title='bbox 3162 3802 3279 3854; x_wconf 88' lang='grc' dir='ltr'>ἀλλ’</span> <span class='ocrx_word' id='word_1_579' title='bbox 3306 3802 3471 3873; x_wconf 79' lang='grc' dir='ltr'>ὀρθὰς</span> <span class='ocrx_word' id='word_1_580' title='bbox 3496 3802 3595 3855; x_wconf 73' lang='grc' dir='ltr'><strong><em>καὶ</em></strong></span> <span class='ocrx_word' id='word_1_581' title='bbox 3624 3802 3785 3855; x_wconf 74' lang='grc' dir='ltr'>ἀδιά-</span> <span class='ocrx_word' id='word_1_582' title='bbox 3821 3807 3828 3814; x_wconf 86' lang='grc'><em>’</em></span> 
     </span>
    </p>
   </div>
   <div class='ocr_carea' id='block_1_83' title="bbox 2202 3892 3785 3965">
    <p class='ocr_par' dir='ltr' id='par_1_83' title="bbox 2202 3892 3785 3965">
     <span class='ocr_line' id='line_1_83' title="bbox 2202 3892 3785 3965; baseline 0.003 -23"><span class='ocrx_word' id='word_1_583' title='bbox 2202 3906 2392 3953; x_wconf 75' lang='grc' dir='ltr'>στουςο</span> <span class='ocrx_word' id='word_1_584' title='bbox 2426 3892 2475 3943; x_wconf 90' lang='grc' dir='ltr'><strong><em>οί</em></strong></span> <span class='ocrx_word' id='word_1_585' title='bbox 2512 3893 2610 3962; x_wconf 83' lang='grc' dir='ltr'><strong><em>μὲν</em></strong></span> <span class='ocrx_word' id='word_1_586' title='bbox 2640 3892 2753 3963; x_wconf 83' lang='grc' dir='ltr'>γὰρ</span> <span class='ocrx_word' id='word_1_587' title='bbox 2786 3894 2921 3965; x_wconf 80' lang='grc' dir='ltr'>ἱεροὶ</span> <span class='ocrx_word' id='word_1_588' title='bbox 2951 3894 3190 3965; x_wconf 80' lang='grc' dir='ltr'>χρησμοὶ</span> <span class='ocrx_word' id='word_1_589' title='bbox 3226 3895 3357 3947; x_wconf 81' lang='grc' dir='ltr'>πᾶσι</span> <span class='ocrx_word' id='word_1_590' title='bbox 3385 3896 3497 3956; x_wconf 82' lang='grc' dir='ltr'>τοῖς</span> <span class='ocrx_word' id='word_1_591' title='bbox 3529 3893 3785 3963; x_wconf 39' lang='grc' dir='ltr'>ἁμαρτῇ</span> 
     </span>
    </p>
   </div>
   <div class='ocr_carea' id='block_1_84' title="bbox 2201 3978 3789 4052">
    <p class='ocr_par' dir='ltr' id='par_1_84' title="bbox 2201 3978 3789 4052">
     <span class='ocr_line' id='line_1_84' title="bbox 2201 3978 3789 4052; baseline -0.001 -20"><span class='ocrx_word' id='word_1_592' title='bbox 2201 3996 2334 4048; x_wconf 85' lang='grc' dir='ltr'>μασι</span> <span class='ocrx_word' id='word_1_593' title='bbox 2355 3978 2424 4033; x_wconf 74' lang='grc' dir='ltr'>τὰ</span> <span class='ocrx_word' id='word_1_594' title='bbox 2459 3980 2666 4049; x_wconf 82' lang='grc' dir='ltr'>ἰάματα</span> <span class='ocrx_word' id='word_1_595' title='bbox 2698 3982 2841 4050; x_wconf 82' lang='grc' dir='ltr'>σαφῆ</span> <span class='ocrx_word' id='word_1_596' title='bbox 2864 3983 3258 4052; x_wconf 74' lang='grc' dir='ltr'>προσάγουσιν.</span> <span class='ocrx_word' id='word_1_597' title='bbox 3289 3981 3504 4049; x_wconf 84' lang='grc' dir='ltr'>Ὠσπερ</span> <span class='ocrx_word' id='word_1_598' title='bbox 3522 3979 3581 4032; x_wconf 83' lang='grc' dir='ltr'>δὲ</span> <span class='ocrx_word' id='word_1_599' title='bbox 3610 3979 3789 4048; x_wconf 70' lang='grc' dir='ltr'>ἰατροὶ</span> 
     </span>
    </p>
   </div>
   <div class='ocr_carea' id='block_1_85' title="bbox 2204 4072 3789 4145">
    <p class='ocr_par' dir='ltr' id='par_1_85' title="bbox 2204 4072 3789 4145">
     <span class='ocr_line' id='line_1_85' title="bbox 2204 4072 3789 4145; baseline 0.001 -21"><span class='ocrx_word' id='word_1_600' title='bbox 2204 4072 2391 4141; x_wconf 75' lang='grc' dir='ltr'>ἕτερον</span> <span class='ocrx_word' id='word_1_601' title='bbox 2443 4072 2561 4125; x_wconf 80' lang='grc' dir='ltr'>ἀνθ’</span> <span class='ocrx_word' id='word_1_602' title='bbox 2637 4073 2824 4143; x_wconf 85' lang='grc' dir='ltr'>ἐτέρου</span> <span class='ocrx_word' id='word_1_603' title='bbox 2885 4074 3178 4144; x_wconf 80' lang='grc' dir='ltr'>φάρμακον</span> <span class='ocrx_word' id='word_1_604' title='bbox 3240 4073 3619 4145; x_wconf 81' lang='grc' dir='ltr'>προσάγοντες</span> <span class='ocrx_word' id='word_1_605' title='bbox 3678 4072 3789 4132; x_wconf 59' lang='lat' dir='ltr'><strong><em>uti;</em></strong></span> 
     </span>
    </p>
   </div>
   <div class='ocr_carea' id='block_1_86' title="bbox 2206 4158 3791 4231">
    <p class='ocr_par' dir='ltr' id='par_1_86' title="bbox 2206 4158 3791 4231">
     <span class='ocr_line' id='line_1_86' title="bbox 2206 4158 3791 4231; baseline 0 -20"><span class='ocrx_word' id='word_1_606' title='bbox 2206 4161 2523 4230; x_wconf 79' lang='grc' dir='ltr'>κάμνουσιν,</span> <span class='ocrx_word' id='word_1_607' title='bbox 2550 4162 2650 4216; x_wconf 82' lang='grc' dir='ltr'><strong><em>οὐκ</em></strong></span> <span class='ocrx_word' id='word_1_608' title='bbox 2679 4161 2745 4215; x_wconf 85' lang='grc' dir='ltr'>ἂν</span> <span class='ocrx_word' id='word_1_609' title='bbox 2778 4162 3140 4231; x_wconf 74' lang='grc' dir='ltr'>ὠφελήσαιεν,</span> <span class='ocrx_word' id='word_1_610' title='bbox 3174 4160 3310 4215; x_wconf 86' lang='grc' dir='ltr'><strong><em>ἀλλά</em></strong></span> <span class='ocrx_word' id='word_1_611' title='bbox 3347 4161 3444 4213; x_wconf 77' lang='grc' dir='ltr'>καὶ</span> <span class='ocrx_word' id='word_1_612' title='bbox 3482 4158 3791 4229; x_wconf 64' lang='grc' dir='ltr'>λυμανοῦν-</span> 
     </span>
    </p>
   </div>
   <div class='ocr_carea' id='block_1_87' title="bbox 2205 4250 3792 4323">
    <p class='ocr_par' dir='ltr' id='par_1_87' title="bbox 2205 4250 3792 4323">
     <span class='ocr_line' id='line_1_87' title="bbox 2205 4250 3792 4323; baseline 0.001 -21"><span class='ocrx_word' id='word_1_613' title='bbox 2205 4268 2317 4306; x_wconf 87' lang='grc' dir='ltr'>ται.</span> <span class='ocrx_word' id='word_1_614' title='bbox 2352 4252 2508 4305; x_wconf 73' lang='grc' dir='ltr'>Οὕτω</span> <span class='ocrx_word' id='word_1_615' title='bbox 2554 4254 2650 4307; x_wconf 80' lang='grc' dir='ltr'><strong><em>καὶ</em></strong></span> <span class='ocrx_word' id='word_1_616' title='bbox 2677 4255 2725 4306; x_wconf 83' lang='grc' dir='ltr'>οἱ</span> <span class='ocrx_word' id='word_1_617' title='bbox 2769 4253 2843 4323; x_wconf 85' lang='grc' dir='ltr'>μὴ</span> <span class='ocrx_word' id='word_1_618' title='bbox 2877 4252 2977 4317; x_wconf 83' lang='grc' dir='ltr'><strong><em>τὰς</em></strong></span> <span class='ocrx_word' id='word_1_619' title='bbox 3007 4252 3202 4322; x_wconf 86' lang='grc' dir='ltr'>κυρίας</span> <span class='ocrx_word' id='word_1_620' title='bbox 3244 4250 3543 4321; x_wconf 83' lang='grc' dir='ltr'>θεραπείας</span> <span class='ocrx_word' id='word_1_621' title='bbox 3572 4252 3792 4318; x_wconf 70' lang='grc' dir='ltr'>ἑκάστῳ</span> 
     </span>
    </p>
   </div>
   <div class='ocr_carea' id='block_1_88' title="bbox 2207 4340 3792 4414">
    <p class='ocr_par' dir='ltr' id='par_1_88' title="bbox 2207 4340 3792 4414">
     <span class='ocr_line' id='line_1_88' title="bbox 2207 4340 3792 4414; baseline -0.002 -19"><span class='ocrx_word' id='word_1_622' title='bbox 2207 4343 2509 4413; x_wconf 86' lang='grc' dir='ltr'>πταίσματι</span> <span class='ocrx_word' id='word_1_623' title='bbox 2571 4343 2901 4414; x_wconf 83' lang='grc' dir='ltr'>προσφέρειν</span> <span class='ocrx_word' id='word_1_624' title='bbox 2943 4342 3162 4404; x_wconf 82' lang='grc' dir='ltr'>εἰδότες,</span> <span class='ocrx_word' id='word_1_625' title='bbox 3215 4341 3308 4393; x_wconf 76' lang='grc' dir='ltr'><strong><em>καὶ</em></strong></span> <span class='ocrx_word' id='word_1_626' title='bbox 3346 4340 3602 4408; x_wconf 74' lang='grc' dir='ltr'>ἰατρικῆς</span> <span class='ocrx_word' id='word_1_627' title='bbox 3652 4341 3792 4392; x_wconf 73' lang='grc' dir='ltr'>εἰσιν</span> 
     </span>
    </p>
   </div>
   <div class='ocr_carea' id='block_1_89' title="bbox 2204 4429 3791 4505">
    <p class='ocr_par' dir='ltr' id='par_1_89' title="bbox 2204 4429 3791 4505">
     <span class='ocr_line' id='line_1_89' title="bbox 2204 4429 3791 4505; baseline -0.004 -18"><span class='ocrx_word' id='word_1_628' title='bbox 2204 4433 2422 4505; x_wconf 80' lang='grc' dir='ltr'>ἄπειροι</span> <span class='ocrx_word' id='word_1_629' title='bbox 2452 4435 2668 4505; x_wconf 84' lang='grc' dir='ltr'>τέχνης,</span> <span class='ocrx_word' id='word_1_630' title='bbox 2694 4435 2791 4488; x_wconf 70' lang='grc' dir='ltr'><strong><em>καὶ</em></strong></span> <span class='ocrx_word' id='word_1_631' title='bbox 2813 4433 2880 4487; x_wconf 81' lang='grc' dir='ltr'>τὰ</span> <span class='ocrx_word' id='word_1_632' title='bbox 2910 4432 3056 4502; x_wconf 82' lang='grc' dir='ltr'>πάθη</span> <span class='ocrx_word' id='word_1_633' title='bbox 3081 4430 3443 4502; x_wconf 80' lang='grc' dir='ltr'>ἐπιτρίϐουσι.</span> <span class='ocrx_word' id='word_1_634' title='bbox 3477 4429 3791 4498; x_wconf 73' lang='grc' dir='ltr'>Σοφὼτεροι</span> 
     </span>
    </p>
   </div>
   <div class='ocr_carea' id='block_1_90' title="bbox 2204 4520 3791 4596">
    <p class='ocr_par' dir='ltr' id='par_1_90' title="bbox 2204 4520 3791 4596">
     <span class='ocr_line' id='line_1_90' title="bbox 2204 4520 3791 4596; baseline -0.005 -17"><span class='ocrx_word' id='word_1_635' title='bbox 2204 4526 2315 4596; x_wconf 68' lang='grc' dir='ltr'><strong><em>γὰρ</em></strong></span> <span class='ocrx_word' id='word_1_636' title='bbox 2343 4524 2481 4579; x_wconf 78' lang='grc' dir='ltr'>εἶναι</span> <span class='ocrx_word' id='word_1_637' title='bbox 2522 4526 2836 4596; x_wconf 83' lang='grc' dir='ltr'>βουλόμενοι</span> <span class='ocrx_word' id='word_1_638' title='bbox 2881 4524 2987 4578; x_wconf 84' lang='grc' dir='ltr'>τῶν</span> <span class='ocrx_word' id='word_1_639' title='bbox 3037 4523 3254 4591; x_wconf 82' lang='grc' dir='ltr'>λογίων,</span> <span class='ocrx_word' id='word_1_640' title='bbox 3298 4520 3491 4574; x_wconf 75' lang='grc' dir='ltr'>καὶτὰ</span> <span class='ocrx_word' id='word_1_641' title='bbox 3523 4520 3791 4573; x_wconf 73' lang='grc' dir='ltr'>δοκοῦντα</span> 
     </span>
    </p>
   </div>
   <div class='ocr_carea' id='block_1_91' title="bbox 2206 4611 3792 4686">
    <p class='ocr_par' dir='ltr' id='par_1_91' title="bbox 2206 4611 3792 4686">
     <span class='ocr_line' id='line_1_91' title="bbox 2206 4611 3792 4686; baseline -0.004 -17"><span class='ocrx_word' id='word_1_642' title='bbox 2206 4618 2422 4679; x_wconf 79' lang='grc' dir='ltr'>ἑαυτοῖς</span> <span class='ocrx_word' id='word_1_643' title='bbox 2447 4617 2886 4686; x_wconf 75' lang='grc' dir='ltr'>δογματίζοντες,</span> <span class='ocrx_word' id='word_1_644' title='bbox 2922 4617 2984 4669; x_wconf 87' lang='grc' dir='ltr'><strong><em>οὐ</em></strong></span> <span class='ocrx_word' id='word_1_645' title='bbox 3020 4614 3180 4685; x_wconf 85' lang='grc' dir='ltr'>μόνον</span> <span class='ocrx_word' id='word_1_646' title='bbox 3234 4613 3490 4675; x_wconf 74' lang='grc' dir='ltr'>ἑαυτοὺς,</span> <span class='ocrx_word' id='word_1_647' title='bbox 3523 4612 3665 4666; x_wconf 75' lang='grc' dir='ltr'><strong><em>ἀλλά</em></strong></span> <span class='ocrx_word' id='word_1_648' title='bbox 3700 4611 3792 4663; x_wconf 70' lang='grc' dir='ltr'>καὶ</span> 
     </span>
    </p>
   </div>
   <div class='ocr_carea' id='block_1_92' title="bbox 2206 4702 3793 4774">
    <p class='ocr_par' dir='ltr' id='par_1_92' title="bbox 2206 4702 3793 4774">
     <span class='ocr_line' id='line_1_92' title="bbox 2206 4702 3793 4774; baseline -0.004 -16"><span class='ocrx_word' id='word_1_649' title='bbox 2206 4706 2330 4767; x_wconf 80' lang='grc' dir='ltr'>τοὺς</span> <span class='ocrx_word' id='word_1_650' title='bbox 2363 4707 2498 4774; x_wconf 74' lang='grc' dir='ltr'>πρὸς</span> <span class='ocrx_word' id='word_1_651' title='bbox 2527 4707 2729 4768; x_wconf 84' lang='grc' dir='ltr'>αὐτοὺς</span> <span class='ocrx_word' id='word_1_652' title='bbox 2758 4704 2948 4773; x_wconf 83' lang='grc' dir='ltr'>ὥσπερ</span> <span class='ocrx_word' id='word_1_653' title='bbox 2973 4705 3052 4766; x_wconf 84' lang='grc' dir='ltr'><strong><em>είς</em></strong></span> <span class='ocrx_word' id='word_1_654' title='bbox 3079 4702 3302 4771; x_wconf 85' lang='grc' dir='ltr'>λιμένας</span> <span class='ocrx_word' id='word_1_655' title='bbox 3339 4702 3793 4769; x_wconf 75' lang='grc' dir='ltr'>καταφεύγοντας</span> 
     </span>
    </p>
   </div>
   <div class='ocr_carea' id='block_1_93' title="bbox 2133 4779 3792 4865">
    <p class='ocr_par' dir='ltr' id='par_1_93' title="bbox 2133 4779 3792 4865">
     <span class='ocr_line' id='line_1_93' title="bbox 2133 4779 3792 4865; baseline -0.005 -17"><span class='ocrx_word' id='word_1_656' title='bbox 2133 4779 2177 4834; x_wconf 80' lang='grc' dir='ltr'><strong><em>Ῑ)</em></strong></span> <span class='ocrx_word' id='word_1_657' title='bbox 2210 4796 2501 4864; x_wconf 75' lang='grc' dir='ltr'>σφάλλουσι</span> <span class='ocrx_word' id='word_1_658' title='bbox 2535 4796 2633 4865; x_wconf 83' lang='grc' dir='ltr'>τῆς</span> <span class='ocrx_word' id='word_1_659' title='bbox 2667 4795 2902 4860; x_wconf 81' lang='grc' dir='ltr'>ἐλπίδος,</span> <span class='ocrx_word' id='word_1_660' title='bbox 2929 4796 3011 4859; x_wconf 78' lang='grc' dir='ltr'><strong><em>εἰς</em></strong></span> <span class='ocrx_word' id='word_1_661' title='bbox 3037 4794 3273 4862; x_wconf 82' lang='grc' dir='ltr'>πέλαγος</span> <span class='ocrx_word' id='word_1_662' title='bbox 3304 4792 3507 4855; x_wconf 80' lang='grc' dir='ltr'>αὐτοὺς</span> <span class='ocrx_word' id='word_1_663' title='bbox 3540 4790 3792 4861; x_wconf 76' lang='grc' dir='ltr'><strong><em>ζητημά-</em></strong></span> 
     </span>
    </p>
   </div>
   <div class='ocr_carea' id='block_1_94' title="bbox 2207 4887 2798 4954">
    <p class='ocr_par' dir='ltr' id='par_1_94' title="bbox 2207 4887 2798 4954">
     <span class='ocr_line' id='line_1_94' title="bbox 2207 4887 2798 4954; baseline 0.007 -13"><span class='ocrx_word' id='word_1_664' title='bbox 2207 4906 2314 4943; x_wconf 84' lang='grc' dir='ltr'><strong><em>των</em></strong></span> <span class='ocrx_word' id='word_1_665' title='bbox 2346 4887 2798 4954; x_wconf 74' lang='grc' dir='ltr'>ἐξακοντίζοντες.</span> 
     </span>
    </p>
   </div>
   <div class='ocr_carea' id='block_1_95' title="bbox 1632 5150 2695 5209">
    <p class='ocr_par' dir='ltr' id='par_1_95' title="bbox 1632 5150 2695 5209">
     <span class='ocr_line' id='line_1_95' title="bbox 1632 5150 2695 5209; baseline 0.001 -1"><span class='ocrx_word' id='word_1_666' title='bbox 1632 5152 1869 5208; x_wconf 67' lang='lat' dir='ltr'><strong><em>VARI/13</em></strong></span> <span class='ocrx_word' id='word_1_667' title='bbox 1912 5151 2296 5208; x_wconf 75' lang='lat' dir='ltr'><strong><em>LECTIONES</em></strong></span> <span class='ocrx_word' id='word_1_668' title='bbox 2339 5151 2424 5206; x_wconf 88' lang='lat' dir='ltr'>ET</span> <span class='ocrx_word' id='word_1_669' title='bbox 2462 5150 2695 5209; x_wconf 63' lang='lat' dir='ltr'><strong><em>NOTAE.</em></strong></span> 
     </span>
    </p>
   </div>
   <div class='ocr_carea' id='block_1_96' title="bbox 617 5263 2115 5339">
    <p class='ocr_par' dir='ltr' id='par_1_96' title="bbox 617 5263 2115 5339">
     <span class='ocr_line' id='line_1_96' title="bbox 617 5263 2115 5339; baseline 0.001 -20"><span class='ocrx_word' id='word_1_670' title='bbox 617 5266 729 5337; x_wconf 74' lang='grc' dir='ltr'><strong><em>(ἳο)</em></strong></span> <span class='ocrx_word' id='word_1_671' title='bbox 759 5265 928 5339; x_wconf 57' lang='grc' dir='ltr'>(ξοδδ.</span> <span class='ocrx_word' id='word_1_672' title='bbox 972 5263 1089 5319; x_wconf 81' lang='lat' dir='ltr'><strong><em>Vat.</em></strong></span> <span class='ocrx_word' id='word_1_673' title='bbox 1123 5266 1226 5319; x_wconf 77' lang='lat'><strong><em>650</em></strong></span> <span class='ocrx_word' id='word_1_674' title='bbox 1256 5277 1307 5321; x_wconf 89' lang='lat' dir='ltr'><strong><em>et</em></strong></span> <span class='ocrx_word' id='word_1_675' title='bbox 1336 5268 1444 5321; x_wconf 83' lang='lat' dir='ltr'><strong><em>Alt.</em></strong></span> <span class='ocrx_word' id='word_1_676' title='bbox 1498 5284 1593 5337; x_wconf 88' lang='lat' dir='ltr'><strong><em>pro</em></strong></span> <span class='ocrx_word' id='word_1_677' title='bbox 1620 5268 1697 5339; x_wconf 81' lang='grc' dir='ltr'><strong><em>τῷ</em></strong></span> <span class='ocrx_word' id='word_1_678' title='bbox 1730 5268 1876 5338; x_wconf 77' lang='grc' dir='ltr'>αὐτῷ</span> <span class='ocrx_word' id='word_1_679' title='bbox 1920 5270 2115 5323; x_wconf 78' lang='lat' dir='ltr'><strong><em>habent</em></strong></span> 
     </span>
    </p>
   </div>
   <div class='ocr_carea' id='block_1_97' title="bbox 544 5334 999 5405">
    <p class='ocr_par' dir='ltr' id='par_1_97' title="bbox 544 5334 999 5405">
     <span class='ocr_line' id='line_1_97' title="bbox 544 5334 999 5405; baseline -0.004 -16"><span class='ocrx_word' id='word_1_680' title='bbox 544 5334 756 5405; x_wconf 77' lang='grc' dir='ltr'>Πέτρῳ.</span> <span class='ocrx_word' id='word_1_681' title='bbox 790 5334 999 5389; x_wconf 71' lang='lat' dir='ltr'><strong><em>Possm.</em></strong></span> 
     </span>
    </p>
   </div>
   <div class='ocr_carea' id='block_1_98' title="bbox 615 5405 2105 5477">
    <p class='ocr_par' dir='ltr' id='par_1_98' title="bbox 615 5405 2105 5477">
     <span class='ocr_line' id='line_1_98' title="bbox 615 5405 2105 5477; baseline 0.001 -20"><span class='ocrx_word' id='word_1_682' title='bbox 615 5405 1024 5477; x_wconf 73' lang='lat' dir='ltr'><strong><em>(2|)Modestiac</em></strong></span> <span class='ocrx_word' id='word_1_683' title='bbox 1054 5406 1105 5477; x_wconf 84' lang='lat' dir='ltr'><strong><em>id</em></strong></span> <span class='ocrx_word' id='word_1_684' title='bbox 1154 5415 1526 5477; x_wconf 81' lang='lat' dir='ltr'><strong><em>argumentum</em></strong></span> <span class='ocrx_word' id='word_1_685' title='bbox 1570 5407 1703 5477; x_wconf 85' lang='lat' dir='ltr'><strong><em>alios</em></strong></span> <span class='ocrx_word' id='word_1_686' title='bbox 1753 5408 2105 5474; x_wconf 80' lang='lat' dir='ltr'><strong><em>interrogare,</em></strong></span> 
     </span>
    </p>
   </div>
   <div class='ocr_carea' id='block_1_99' title="bbox 546 5474 2109 5551">
    <p class='ocr_par' dir='ltr' id='par_1_99' title="bbox 546 5474 2109 5551">
     <span class='ocr_line' id='line_1_99' title="bbox 546 5474 2109 5551; baseline 0.002 -26"><span class='ocrx_word' id='word_1_687' title='bbox 546 5481 608 5528; x_wconf 84' lang='lat' dir='ltr'><strong><em>ut</em></strong></span> <span class='ocrx_word' id='word_1_688' title='bbox 627 5474 963 5551; x_wconf 76' lang='lat' dir='ltr'><strong><em>sententiam</em></strong></span> <span class='ocrx_word' id='word_1_689' title='bbox 997 5475 1091 5543; x_wconf 90' lang='lat' dir='ltr'><strong><em>ipsi</em></strong></span> <span class='ocrx_word' id='word_1_690' title='bbox 1134 5476 1435 5551; x_wconf 81' lang='lat' dir='ltr'><strong><em>vel_contra</em></strong></span> <span class='ocrx_word' id='word_1_691' title='bbox 1461 5491 1531 5551; x_wconf 67' lang='lat' dir='ltr'><strong><em>se</em></strong></span> <span class='ocrx_word' id='word_1_692' title='bbox 1560 5476 1758 5531; x_wconf 86' lang='lat' dir='ltr'><strong><em>ferant.</em></strong></span> <span class='ocrx_word' id='word_1_693' title='bbox 1790 5477 2109 5529; x_wconf 85' lang='lat' dir='ltr'><strong><em>Aristoteles</em></strong></span> 
     </span>
    </p>
   </div>
   <div class='ocr_carea' id='block_1_100' title="bbox 548 5545 2108 5614">
    <p class='ocr_par' dir='ltr' id='par_1_100' title="bbox 548 5545 2108 5614">
     <span class='ocr_line' id='line_1_100' title="bbox 548 5545 2108 5614; baseline 0.001 -19"><span class='ocrx_word' id='word_1_694' title='bbox 548 5557 761 5614; x_wconf 89' lang='lat' dir='ltr'><strong><em>quoque</em></strong></span> <span class='ocrx_word' id='word_1_695' title='bbox 807 5554 861 5614; x_wconf 82' lang='lat' dir='ltr'><strong><em>et</em></strong></span> <span class='ocrx_word' id='word_1_696' title='bbox 890 5545 1236 5614; x_wconf 74' lang='lat' dir='ltr'><strong><em>jttrecmtsulti</em></strong></span> <span class='ocrx_word' id='word_1_697' title='bbox 1275 5559 1376 5597; x_wconf 92' lang='lat' dir='ltr'><strong><em>non</em></strong></span> <span class='ocrx_word' id='word_1_698' title='bbox 1424 5545 1579 5613; x_wconf 90' lang='lat' dir='ltr'><strong><em>plane</em></strong></span> <span class='ocrx_word' id='word_1_699' title='bbox 1618 5562 1830 5614; x_wconf 88' lang='lat' dir='ltr'><strong><em>semper</em></strong></span> <span class='ocrx_word' id='word_1_700' title='bbox 1871 5561 2108 5609; x_wconf 79' lang='lat' dir='ltr'><strong><em>pronun-</em></strong></span> 
     </span>
    </p>
   </div>
   <div class='ocr_carea' id='block_1_101' title="bbox 548 5611 2107 5689">
    <p class='ocr_par' dir='ltr' id='par_1_101' title="bbox 548 5611 2107 5689">
     <span class='ocr_line' id='line_1_101' title="bbox 548 5611 2107 5689; baseline 0.003 -26"><span class='ocrx_word' id='word_1_701' title='bbox 548 5612 703 5689; x_wconf 72' lang='lat' dir='ltr'><strong><em>tiant,</em></strong></span> <span class='ocrx_word' id='word_1_702' title='bbox 734 5611 823 5664; x_wconf 84' lang='lat' dir='ltr'><strong><em>sed</em></strong></span> <span class='ocrx_word' id='word_1_703' title='bbox 858 5612 1019 5663; x_wconf 81' lang='lat' dir='ltr'><strong><em>videri</em></strong></span> <span class='ocrx_word' id='word_1_704' title='bbox 1053 5615 1240 5689; x_wconf 70' lang='lat' dir='ltr'><strong><em>bonum</em></strong></span> <span class='ocrx_word' id='word_1_705' title='bbox 1280 5615 1332 5665; x_wconf 84' lang='lat' dir='ltr'><strong><em>id</em></strong></span> <span class='ocrx_word' id='word_1_706' title='bbox 1361 5611 1643 5689; x_wconf 9' lang='lat' dir='ltr'><strong><em>etfreqnum</em></strong></span> <span class='ocrx_word' id='word_1_707' title='bbox 1692 5611 2107 5689; x_wconf 32' lang='lat' dir='ltr'><strong><em>esserOratores</em></strong></span> 
     </span>
    </p>
   </div>
   <div class='ocr_carea' id='block_1_102' title="bbox 548 5682 2104 5742">
    <p class='ocr_par' dir='ltr' id='par_1_102' title="bbox 548 5682 2104 5742">
     <span class='ocr_line' id='line_1_102' title="bbox 548 5682 2104 5742; baseline 0.002 -11"><span class='ocrx_word' id='word_1_708' title='bbox 548 5682 708 5731; x_wconf 85' lang='lat' dir='ltr'><strong><em>etiam</em></strong></span> <span class='ocrx_word' id='word_1_709' title='bbox 733 5694 795 5731; x_wconf 89' lang='lat' dir='ltr'><strong><em>ac</em></strong></span> <span class='ocrx_word' id='word_1_710' title='bbox 825 5689 993 5742; x_wconf 73' lang='lat' dir='ltr'><strong><em>poetae</em></strong></span> <span class='ocrx_word' id='word_1_711' title='bbox 1019 5682 1097 5732; x_wconf 89' lang='lat' dir='ltr'><strong><em>usi</em></strong></span> <span class='ocrx_word' id='word_1_712' title='bbox 1128 5684 1225 5734; x_wconf 85' lang='lat' dir='ltr'><strong><em>hac</em></strong></span> <span class='ocrx_word' id='word_1_713' title='bbox 1253 5696 1375 5736; x_wconf 86' lang='lat' dir='ltr'><strong><em>sunt</em></strong></span> <span class='ocrx_word' id='word_1_714' title='bbox 1398 5685 1620 5736; x_wconf 76' lang='lat' dir='ltr'><strong><em>formula</em></strong></span> <span class='ocrx_word' id='word_1_715' title='bbox 1661 5701 1672 5735; x_wconf 90' lang='lat'>:</span> <span class='ocrx_word' id='word_1_716' title='bbox 1712 5685 1774 5737; x_wconf 80' lang='lat' dir='ltr'><strong><em>Et</em></strong></span> <span class='ocrx_word' id='word_1_717' title='bbox 1806 5684 2104 5736; x_wconf 79' lang='lat' dir='ltr'><strong><em>dubitamus</em></strong></span> 
     </span>
    </p>
   </div>
   <div class='ocr_carea' id='block_1_103' title="bbox 550 5747 2104 5820">
    <p class='ocr_par' dir='ltr' id='par_1_103' title="bbox 550 5747 2104 5820">
     <span class='ocr_line' id='line_1_103' title="bbox 550 5747 2104 5820; baseline 0.005 -22"><span class='ocrx_word' id='word_1_718' title='bbox 550 5747 738 5799; x_wconf 82' lang='lat' dir='ltr'><strong><em>adhuc.</em></strong></span> <span class='ocrx_word' id='word_1_719' title='bbox 770 5747 849 5800; x_wconf 82' lang='lat' dir='ltr'><strong><em>An</em></strong></span> <span class='ocrx_word' id='word_1_720' title='bbox 874 5747 1087 5800; x_wconf 85' lang='lat' dir='ltr'><strong><em>dubium</em></strong></span> <span class='ocrx_word' id='word_1_721' title='bbox 1128 5752 1363 5819; x_wconf 83' lang='lat' dir='ltr'><strong><em>cuiquam</em></strong></span> <span class='ocrx_word' id='word_1_722' title='bbox 1396 5769 1504 5805; x_wconf 79' lang='lat' dir='ltr'><strong><em>esse</em></strong></span> <span class='ocrx_word' id='word_1_723' title='bbox 1550 5764 1735 5820; x_wconf 73' lang='lat' dir='ltr'><strong><em>potest,</em></strong></span> <span class='ocrx_word' id='word_1_724' title='bbox 1770 5763 1825 5808; x_wconf 89' lang='lat' dir='ltr'><strong><em>ut</em></strong></span> <span class='ocrx_word' id='word_1_725' title='bbox 1855 5757 2104 5808; x_wconf 83' lang='lat' dir='ltr'><strong><em>observat</em></strong></span> 
     </span>
    </p>
   </div>
   <div class='ocr_carea' id='block_1_104' title="bbox 2222 5266 3790 5336">
    <p class='ocr_par' dir='ltr' id='par_1_104' title="bbox 2222 5266 3790 5336">
     <span class='ocr_line' id='line_1_104' title="bbox 2222 5266 3790 5336; baseline 0.003 -17"><span class='ocrx_word' id='word_1_726' title='bbox 2222 5268 2275 5319; x_wconf 93' lang='lat' dir='ltr'><strong><em>in</em></strong></span> <span class='ocrx_word' id='word_1_727' title='bbox 2316 5267 2486 5322; x_wconf 83' lang='lat' dir='ltr'><strong><em>Variis</em></strong></span> <span class='ocrx_word' id='word_1_728' title='bbox 2520 5268 2823 5322; x_wconf 81' lang='lat' dir='ltr'><strong><em>lectionibus</em></strong></span> <span class='ocrx_word' id='word_1_729' title='bbox 2864 5266 3010 5322; x_wconf 86' lang='lat' dir='ltr'><strong><em>Petr.</em></strong></span> <span class='ocrx_word' id='word_1_730' title='bbox 3064 5267 3335 5323; x_wconf 78' lang='lat' dir='ltr'><strong><em>Victorius</em></strong></span> <span class='ocrx_word' id='word_1_731' title='bbox 3388 5268 3483 5321; x_wconf 83' lang='lat' dir='ltr'><strong><em>lib.</em></strong></span> <span class='ocrx_word' id='word_1_732' title='bbox 3524 5284 3637 5329; x_wconf 76' lang='lat' dir='ltr'><strong><em>nx,</em></strong></span> <span class='ocrx_word' id='word_1_733' title='bbox 3673 5285 3790 5336; x_wconf 77' lang='lat' dir='ltr'><strong><em>cap.</em></strong></span> 
     </span>
    </p>
   </div>
   <div class='ocr_carea' id='block_1_105' title="bbox 2224 5336 3789 5404">
    <p class='ocr_par' dir='ltr' id='par_1_105' title="bbox 2224 5336 3789 5404">
     <span class='ocr_line' id='line_1_105' title="bbox 2224 5336 3789 5404; baseline 0.001 -15"><span class='ocrx_word' id='word_1_734' title='bbox 2224 5337 2311 5392; x_wconf 79' lang='grc'><strong><em>15.</em></strong></span> <span class='ocrx_word' id='word_1_735' title='bbox 2346 5338 2409 5391; x_wconf 83' lang='grc' dir='ltr'>Ει</span> <span class='ocrx_word' id='word_1_736' title='bbox 2434 5339 2659 5391; x_wconf 85' lang='lat' dir='ltr'><strong><em>Athenis</em></strong></span> <span class='ocrx_word' id='word_1_737' title='bbox 2691 5338 2848 5390; x_wconf 87' lang='lat' dir='ltr'><strong><em>Attici</em></strong></span> <span class='ocrx_word' id='word_1_738' title='bbox 2886 5339 2935 5390; x_wconf 91' lang='lat' dir='ltr'><strong><em>in</em></strong></span> <span class='ocrx_word' id='word_1_739' title='bbox 2961 5336 3165 5403; x_wconf 82' lang='lat' dir='ltr'><strong><em>judicio</em></strong></span> <span class='ocrx_word' id='word_1_740' title='bbox 3193 5352 3342 5390; x_wconf 92' lang='lat' dir='ltr'><strong><em>reum</em></strong></span> <span class='ocrx_word' id='word_1_741' title='bbox 3376 5340 3573 5404; x_wconf 82' lang='lat' dir='ltr'><strong><em>capitis</em></strong></span> <span class='ocrx_word' id='word_1_742' title='bbox 3624 5340 3789 5392; x_wconf 86' lang='lat' dir='ltr'><strong><em>intcr-</em></strong></span> 
     </span>
    </p>
   </div>
   <div class='ocr_carea' id='block_1_106' title="bbox 2216 5407 3789 5476">
    <p class='ocr_par' dir='ltr' id='par_1_106' title="bbox 2216 5407 3789 5476">
     <span class='ocr_line' id='line_1_106' title="bbox 2216 5407 3789 5476; baseline 0.001 -19"><span class='ocrx_word' id='word_1_743' title='bbox 2216 5409 2612 5476; x_wconf 66' lang='lat' dir='ltr'><strong><em>rogabantquo</em></strong></span> <span class='ocrx_word' id='word_1_744' title='bbox 2640 5407 2898 5476; x_wconf 72' lang='lat' dir='ltr'><strong><em>supplicio</em></strong></span> <span class='ocrx_word' id='word_1_745' title='bbox 2929 5421 2987 5459; x_wconf 90' lang='lat' dir='ltr'><strong><em>se</em></strong></span> <span class='ocrx_word' id='word_1_746' title='bbox 3020 5408 3236 5476; x_wconf 76' lang='lat' dir='ltr'><strong><em>dignum</em></strong></span> <span class='ocrx_word' id='word_1_747' title='bbox 3260 5408 3610 5461; x_wconf 80' lang='lat' dir='ltr'><strong><em>existimaret</em></strong></span> <span class='ocrx_word' id='word_1_748' title='bbox 3639 5421 3699 5460; x_wconf 88' lang='lat' dir='ltr'><strong><em>ut</em></strong></span> <span class='ocrx_word' id='word_1_749' title='bbox 3728 5411 3789 5459; x_wconf 89' lang='lat' dir='ltr'><strong><em>de</em></strong></span> 
     </span>
    </p>
   </div>
   <div class='ocr_carea' id='block_1_107' title="bbox 2216 5472 3786 5531">
    <p class='ocr_par' dir='ltr' id='par_1_107' title="bbox 2216 5472 3786 5531">
     <span class='ocr_line' id='line_1_107' title="bbox 2216 5472 3786 5531; baseline -0.001 -3"><span class='ocrx_word' id='word_1_750' title='bbox 2216 5472 2437 5529; x_wconf 55' lang='lat' dir='ltr'><strong><em>Sol-rate</em></strong></span> <span class='ocrx_word' id='word_1_751' title='bbox 2465 5472 2537 5530; x_wconf 71' lang='lat' dir='ltr'><strong><em>ll.</em></strong></span> <span class='ocrx_word' id='word_1_752' title='bbox 2567 5472 2755 5528; x_wconf 76' lang='lat' dir='ltr'><strong><em>Cicero</em></strong></span> <span class='ocrx_word' id='word_1_753' title='bbox 2790 5474 3002 5528; x_wconf 81' lang='lat' dir='ltr'><strong><em>Tuscut.</em></strong></span> <span class='ocrx_word' id='word_1_754' title='bbox 3038 5472 3171 5528; x_wconf 63' lang='lat' dir='ltr'><strong><em>l.&#39;ex</em></strong></span> <span class='ocrx_word' id='word_1_755' title='bbox 3202 5472 3429 5531; x_wconf 81' lang='lat' dir='ltr'><strong><em>Platone</em></strong></span> <span class='ocrx_word' id='word_1_756' title='bbox 3453 5491 3786 5531; x_wconf 82' lang='lat' dir='ltr'><strong><em>commemo-</em></strong></span> 
     </span>
    </p>
   </div>
   <div class='ocr_carea' id='block_1_108' title="bbox 2213 5543 2901 5613">
    <p class='ocr_par' dir='ltr' id='par_1_108' title="bbox 2213 5543 2901 5613">
     <span class='ocr_line' id='line_1_108' title="bbox 2213 5543 2901 5613; baseline -0.003 -15"><span class='ocrx_word' id='word_1_757' title='bbox 2213 5556 2295 5598; x_wconf 86' lang='lat' dir='ltr'><strong><em>rat</em></strong></span> <span class='ocrx_word' id='word_1_758' title='bbox 2327 5561 2387 5597; x_wconf 84' lang='lat' dir='ltr'><strong><em>ac</em></strong></span> <span class='ocrx_word' id='word_1_759' title='bbox 2408 5545 2616 5613; x_wconf 83' lang='lat' dir='ltr'><strong><em>Lysias.</em></strong></span> <span class='ocrx_word' id='word_1_760' title='bbox 2663 5543 2901 5597; x_wconf 75' lang='lat' dir='ltr'><strong><em>Scnor&#39;r.</em></strong></span> 
     </span>
    </p>
   </div>
   <div class='ocr_carea' id='block_1_109' title="bbox 2282 5612 3782 5684">
    <p class='ocr_par' dir='ltr' id='par_1_109' title="bbox 2282 5612 3782 5684">
     <span class='ocr_line' id='line_1_109' title="bbox 2282 5612 3782 5684; baseline -0.001 -18"><span class='ocrx_word' id='word_1_761' title='bbox 2282 5615 2393 5684; x_wconf 69' lang='lat'><strong><em>(2‘2)</em></strong></span> <span class='ocrx_word' id='word_1_762' title='bbox 2436 5612 2540 5684; x_wconf 78' lang='lat' dir='ltr'><strong><em>Pro</em></strong></span> <span class='ocrx_word' id='word_1_763' title='bbox 2588 5612 3033 5684; x_wconf 81' lang='grc' dir='ltr'>ζητητικωτέραν</span> <span class='ocrx_word' id='word_1_764' title='bbox 3081 5614 3205 5668; x_wconf 84' lang='lat' dir='ltr'><strong><em>cod.</em></strong></span> <span class='ocrx_word' id='word_1_765' title='bbox 3253 5614 3380 5670; x_wconf 78' lang='lat' dir='ltr'><strong><em>Val.</em></strong></span> <span class='ocrx_word' id='word_1_766' title='bbox 3432 5616 3541 5671; x_wconf 85' lang='grc'><strong><em>650</em></strong></span> <span class='ocrx_word' id='word_1_767' title='bbox 3584 5625 3635 5669; x_wconf 82' lang='lat' dir='ltr'><strong><em>et</em></strong></span> <span class='ocrx_word' id='word_1_768' title='bbox 3682 5616 3782 5667; x_wconf 84' lang='lat' dir='ltr'><strong><em>Alt.</em></strong></span> 
     </span>
    </p>
   </div>
   <div class='ocr_carea' id='block_1_110' title="bbox 2208 5681 3127 5751">
    <p class='ocr_par' dir='ltr' id='par_1_110' title="bbox 2208 5681 3127 5751">
     <span class='ocr_line' id='line_1_110' title="bbox 2208 5681 3127 5751; baseline -0.001 -13"><span class='ocrx_word' id='word_1_769' title='bbox 2208 5681 2451 5738; x_wconf 72' lang='lat' dir='ltr'><strong><em>scribunt</em></strong></span> <span class='ocrx_word' id='word_1_770' title='bbox 2476 5681 2873 5751; x_wconf 71' lang='grc' dir='ltr'>ζωτικωτέραν.</span> <span class='ocrx_word' id='word_1_771' title='bbox 2917 5683 3127 5738; x_wconf 78' lang='lat' dir='ltr'><strong><em>Possm.</em></strong></span> 
     </span>
    </p>
   </div>
  </div>
