3974 6144
317 275 454 346 1553
1148 281 1679 343 EPISTOLARUM
1721 283 1868 343 LIB.
1906 282 1970 343 V.
1998 307 2066 319 -
2104 281 2339 344 EPIST.
2379 283 2739 346 CCCLXXX.

823 392 987 448 TOZ'.
1019 423 1089 433 ——
1123 395 1372 466 ΠΑΥΛῼ.

2393 396 2784 453 CCCLXXVII.
2802 424 2874 435 —
2891 393 2975 449 PA
2987 391 3141 450 ULO.

941 527 961 558 ι
999 508 1105 572 Qui
1135 513 1300 575 potuit
1331 510 1628 578 transgredi
1655 520 1704 564 et
1733 525 1835 564 non
1857 520 1932 564 est
1962 493 2339 579 transgressus.
2369 527 2390 560 ι
2424 509 2614 582 (Eccli.
2647 524 2796 574 xxxi,
2829 506 2959 573 10.),

325 605 327 607 ’
384 593 501 664 Οὐχ
532 595 561 647 6
588 595 766 665 πάσης
807 597 1059 666 ἀφορμῆς
1111 597 1246 667 πρὸς
1293 597 1507 651 ἀδικίαν
1547 597 1752 668 ἔρημος
1779 596 1877 665 ὢν,

2057 597 2171 651 Non
2216 598 2306 666 qui
2337 599 2482 652 omni
2513 606 2666 651 caret
2713 597 2779 650 ad
2825 595 3234 666 improbitatem
3269 593 3558 649 occasione

293 682 523 748 ’δίκαιος
559 685 852 755 κεκλῆσθαι
883 686 1112 750 δίκαιος,
1141 688 1258 741 ἀλλ’
1303 690 1450 751 ὅστις
1485 689 1584 760 τὴν
1634 688 1882 753 ἐξουσίαν

1987 687 2158 759 iustus
2197 690 2356 744 debet
2381 689 2660 758 appellari,
2705 689 2799 742 sed
2843 688 3022 757 potius
3067 689 3185 758 qui,
3217 702 3338 740 cum
3387 687 3558 756 possit

311 772 409 826 τοῦ
446 774 774 844 πράγματος
813 776 975 846 ἔχων,
1007 778 1222 840 ἀδικίας
1264 779 1361 849 οὐχ
1391 780 1619 834 ἅπτεται
1640 795 1656 810 ο
1682 781 1744 834 οὺ
1775 779 1882 851 μὴν

1989 795 2217 850 nequam
2258 795 2399 846 esse,
2425 780 2650 835 minime
2692 781 2824 834 vult.
2864 779 3050 849 Neque
3093 780 3183 848 qui
3232 777 3557 833 necessitate

3419 279 3564 348 1555

311 865 435 918 οὐδὲ
461 867 489 918 ὁ
518 866 733 939 ἀνάγκῃ
756 868 1050 938 σωφρονῶν
1081 868 1315 940 σώφρων
1343 871 1570 934 εἰκότως
1613 870 1879 942 κεκλήσε-

310 971 423 1018 ται,
458 954 576 1008 ἀλλ’
607 956 756 1020 ὅστις
784 957 882 1027 τὴν
912 958 1159 1025 ἐξουσίαν
1183 958 1292 1012 τῶν
1323 959 1523 1030 ἡδονῶν
1556 961 1695 1030 ἔχων
1721 961 1880 1015 ἐκού-

314 1061 430 1097 σιον
459 1046 816 1117 σωφροσύνην
847 1047 1168 1112 ἀσπάζεται.
1209 1050 1275 1102 Oi
1311 1049 1410 1120 μὲν
1435 1049 1545 1120 γάρ
1579 1049 1658 1119 τῷ
1687 1049 1761 1120 μὴ
1791 1050 1882 1103 δύ-

312 1134 510 1188 νασθαι
545 1135 678 1207 δρᾷν
712 1137 748 1191 ἀ
777 1137 1078 1207 βούλονται,
1104 1139 1406 1194 ἐπιείκειαν
1433 1140 1693 1204 πολλάκις
1715 1141 1881 1195 πλάτ-

310 1242 494 1280 τονται
522 1243 535 1257 '
568 1229 628 1280 ἐν
658 1227 878 1298 ἐξουσίᾳ.
904 1229 962 1283 δὲ
1013 1230 1317 1300 γενόμενοι,
1345 1231 1679 1302 ἐλέγχονται.
1720 1232 1784 1285 Oi
1823 1231 1882 1284 δέ

311 1313 526 1382 ἄριστοι
569 1315 692 1370 τότε
730 1316 968 1385 μάλιστα
1020 1318 1372 1390 καρτεροῦσι,
1412 1324 1507 1374 καὶ
1534 1320 1627 1374 τοῦ
1671 1321 1880 1375 δικαίου

311 1401 548 1473 ἔχονται.
581 1405 670 1458 ὅτε
703 1406 979 1476 ήέξουσία
1015 1407 1114 1478 τὴν
1147 1409 1360 1463 ἀδικίαν
1391 1411 1583 1465 τίκτει.

522 1512 698 1570 ’I'OH'.
722 1542 794 1554 —
821 1514 1162 1568 ΜΑΡΚΙΩΝΙ
1199 1517 1666 1590 ΠΡΕΣΒΥΤΕΡῼ.

1985 879 2070 924 est
2103 877 2408 937 temperans
2431 884 2498 925 ac
2535 870 3204 948 moderatushtemperans
3229 869 3423 922 merito
3461 882 3557 920 vr:-

1986 970 2160 1024 celur,
2192 961 2286 1014 sed
2331 961 2424 1029 qui
2464 960 2723 1029 voluptati
2755 959 3034 1029 indulgere
3062 976 3183 1015 cum
3219 959 3388 1028 possit
3413 968 3556 1013 tem-

1984 1052 2284 1119 perantiam
2313 1051 2485 1107 libens
2508 1061 2563 1106 et
2595 1052 2782 1108 volens
2822 1052 3223 1121 complectitur.
3263 1049 3362 1116 Qui
3411 1049 3556 1103 enim

1984 1158 2104 1213 qua
2130 1144 2333 1207 volunt,
2373 1154 2588 1213 patrare
2637 1160 2741 1199 non
2797 1153 3044 1212 possunt,
3079 1142 3386 1212 aequitatem
3415 1153 3560 1208 saepe

1983 1245 2236 1307 servant:
2270 1243 2324 1288 at
2347 1250 2467 1290 cum
2491 1237 2726 1305 suppetit
2771 1236 2965 1307 agendi
3001 1235 3226 1289 facultas
3248 1231 3556 1287 reirenandi

1980 1336 2126 1381 sunt.
2161 1325 2405 1395 Optimus
2441 1328 2673 1397 quisque
2723 1336 2832 1380 tum
2887 1327 3120 1380 niaxime
3167 1322 3470 1387 invalescit,
3498 1330 3555 1376 et

1975 1417 2153 1486 justus
2181 1419 2432 1482 habetur,
2455 1418 2671 1486 quando
2703 1416 2929 1472 facultas
2961 1417 3210 1484 iujuriam
3240 1417 3441 1484 pariat.

1981 1523 2141 1594 673
2167 1521 2583 1578 CCCLXXVIII.
2611 1553 2681 1564 -
2711 1522 3038 1578 MARCIONI
3075 1519 3553 1576 PRESBYTERO.

492 1608 623 1675 Quae
650 1609 881 1678 dignitas
915 1611 1034 1664 boni
1059 1612 1368 1664 sacerdotis.
1408 1610 1748 1682 Hermogenis
1782 1615 2013 1684 episcopi
2045 1618 2182 1671 laus.
2221 1615 2435 1670 Eusebii
2471 1619 2805 1686 vituperatio.
2841 1616 3026 1686 (Supr.
3050 1617 3203 1684 epist.
3229 1617 3378 1685 558.)

391 1715 450 1771 ’0
477 1717 540 1768 ἐκ
562 1717 662 1786 τῆς
689 1715 798 1768 τῶν
819 1714 999 1787 ἔργων
1013 1716 1464 1788 λαμπρυνόμενος
1485 1719 1702 1789 ἀρετῆς,
1726 1713 1879 1784 οὗτος

2051 1726 2152 1792 Qui
2191 1725 2405 1780 virtutis
2435 1739 2554 1780 sese
2585 1727 2835 1794 operibus
2859 1724 3130 1788 ostendit,
3175 1737 3257 1776 nte
3304 1721 3394 1776 ille
3422 1736 3555 1776 vero

311 1809 535 1875 γνήσιος
569 1809 866 1878 ίερωσύνης
893 1808 1153 1876 τυγχάνει
1183 1807 1409 1878 κόσμος.
1441 1810 1628 1873 Ὅστις
1654 1811 1711 1863 δὲ
1731 1811 1880 1864 ἔνδον

308 1899 410 1967 τῆς
443 1895 598 1962 ἀξίας
623 1898 683 1950 ού
719 1897 902 1968 φορῶν
937 1897 1051 1967 (93)
1086 1898 1156 1952 τά
1188 1899 1562 1970 γνωρίσματα,
1593 1900 1880 1973 ἀλλοτρίαν

313 1988 782 2058 σχηματιζόμενος
853 1987 1222 2056 εὐπρέπειαν,
1274 1991 1340 2058 τῇ
1395 1992 1530 2060 τιμῇ
1597 1990 1734 2061 μόνῃ
1793 1992 1880 2042 ἐν-

311 2078 626 2149 αϐρύνεται,
664 2072 820 2142 οὗτος
860 2080 964 2132 ὑπὸ
992 2081 1091 2150 τῆς
1135 2080 1390 2152 ἀληθείας
1413 2084 1494 2146 είς
1526 2083 1655 2147 τοὺς
1691 2083 1880 2147 νόθους

312 2171 665 2241 ἀπέρριπται.
714 2171 865 2224 Ἐπεὶ¹
915 2167 1008 2225 οὖν
1046 2174 1074 2224 ό
1106 2172 1204 2242 μὲν
1249 2172 1500 2244 θεοφιλὴς
1548 2175 1879 2247 Ἑρμογένης

313 2262 677 2331 ὁμολογοῦσαν
705 2264 770 2334 τῇ
799 2263 964 2334 ἀρετῇ
1000 2264 1094 2318 καὶ
1124 2266 1224 2334 τὴν
1243 2264 1399 2329 ἀξίαν
1429 2265 1583 2335 ἔνθ-χει
1613 2267 1752 2336 πρὸς
1771 2266 1880 2336 γάρ

309 2353 374 2404 τὸ
402 2355 602 2406 οἰκεῖον
634 2353 895 2424 ἑκάτερον
927 2354 1214 2419 ἔσπευσεν,
1253 2357 1280 2407 ὁ
1323 2355 1422 2426 μὲν
1454 2357 1554 2424 τῆς
1599 2358 1879 2424 ἁγιστείας

310 2443 514 2513 κόσμος
539 2443 629 2496 τὸν
651 2443 800 2507 ἀξιον
830 2443 1191 2515 ἐπιζητήσας,
1223 2445 1284 2498 τὸ
1306 2446 1362 2498 δέ
1384 2447 1480 2514 τῆς
1507 2448 1708 2517 ἀρετῆς
1730 2449 1879 2517 ἀρχι-

310 2533 407 2586 κὸν
431 2534 527 2604 τὴν
558 2536 708 2604 παρά
735 2537 829 2605 τῆς
866 2533 1017 2598 θείας
1053 2536 1275 2606 χάριτος
1317 2537 1679 2608 ὀφειλομένην
1711 2555 1879 2608 προσ-

310 2622 518 2691 θήκην·
572 2624 600 2675 ὁ
650 2622 710 2674 δὲ
764 2623 1057 2693 θεομισὴς,
1117 2623 1191 2686 ὼς
1243 2624 1564 2692 γέγραφας,
1622 2625 1878 2688 Εὐσέϐιος

309 2712 514 2782 ἀρετῆς
545 2711 813 2784 χηρεύων,
837 2715 904 2784 τῇ
940 2711 1209 2784 ίερωσύνῃ
1246 2713 1384 2784 μόνῃ
1415 2715 1756 2783 σεμνύνεται.
1819 2716 1876 2768 Ὁ

312 2803 415 2872 μέν
449 2804 598 2874 παρὰ
639 2805 857 2859 πάντων
907 2804 1114 2876 ᾄδεται,
1145 2804 1220 2866 ὡς
1249 2804 1613 2875 ὁμολογοῦσαν
1642 2808 1708 2875 τῇ
1751 2805 1878 2875 ἀξίᾳ

309 2892 407 2942 καὶ
435 2892 535 2963 τὴν
570 2893 889 2964 προαίρεσιν
927 2893 1411 2964 εἰσενεγκάμενοςο
1439 2897 1467 2947 6
1505 2894 1561 2946 δὲ
1595 2891 1877 2957 κακίζεται

1981 1817 2281 1871 sacerdotio
2332 1826 2414 1870 est
2468 1824 2805 1870 ornamento.
2877 1813 2976 1879 Qui
3035 1828 3164 1867 vero
3226 1812 3557 1866 intrinsecus

1979 1907 2256 1978 dignitatis
2289 1906 2568 1961 scientiam
2619 1919 2722 1959 non
2769 1905 2964 1968 habet,
2999 1903 3174 1958 alieno
3219 1918 3280 1957 se
3309 1909 3550 1973 ostentat

1979 2006 2310 2060 ornamento,
2341 1997 2455 2050 solo
2475 1997 2649 2051 elatus
2679 1997 2886 2050 honore
2912 2014 2924 2049 :
2958 1997 3045 2049 hic
3070 1994 3241 2049 instar
3265 1994 3431 2062 spurii
3463 2008 3556 2047 re-

1981 2103 2104 2140 vera
2150 2086 2329 2141 decori
2381 2096 2464 2141 est
2519 2087 2701 2140 Statui.
2770 2084 2904 2140 Cum
2966 2085 3130 2153 igitur
3190 2085 3284 2139 Dei
3346 2085 3556 2139 amicus

1981 2178 2366 2248 liennngenes,
2404 2178 2586 2232 virtuti
2634 2191 2744 2232 suae
2775 2176 3185 2231 convenientem
3215 2176 3555 2245 estdignita~

1982 2279 2084 2322 tcm
2122 2277 2470 2323 consecutus.
2535 2268 2618 2321 Ad
2653 2277 2942 2336 utrumque
2970 2266 3112 2320 enim
3143 2265 3218 2318 uti
3275 2265 3554 2334 proprium

1979 2373 2319 2427 summopere
2364 2357 2673 2423 contendit,
2716 2357 2914 2426 quippe
2949 2356 3124 2425 ipsum
3177 2355 3553 2410 sanctimonia:

1977 2450 2142 2504 decus
2178 2450 2352 2503 virum
2386 2448 2601 2518 dignum
2632 2448 2832 2517 exigit,
2864 2456 2918 2502 et
2955 2445 3170 2499 virtutis
3218 2444 3557 2514 principatus

1979 2541 2216 2594 debitum
2250 2555 2278 2594 a
2315 2541 2494 2596 divina
2537 2540 2706 2611 gratia
2739 2540 3184 2593 additamentum.
3241 2536 3394 2590 Alter
3423 2551 3554 2590 vero

1980 2630 2088 2684 Deo
2120 2631 2323 2686 invisus
2354 2631 2639 2695 Eusebius,
2667 2631 2732 2685 de
2759 2643 2866 2699 quo
2889 2633 2955 2683 ad
2987 2644 3076 2683 me
3104 2629 3318 2690 scribis,
3351 2628 3552 2681 virtute

1979 2735 2210 2785 vacuus,
2249 2723 2364 2777 solo
2395 2737 2455 2777 se
2502 2723 2674 2791 jactat
2718 2719 3041 2775 sacerdotio.
3101 2717 3194 2770 Ille
3227 2715 3441 2786 quidem
3477 2719 3548 2770 ab

1977 2812 2224 2865 omnibus
2264 2811 2588 2874 celebratur,
2636 2820 2693 2863 ut
2723 2809 3068 2864 consentiens
3123 2808 3366 2876 dignitati
3427 2822 3555 2877 pro-

1979 2899 2209 2966 positum
2259 2897 2531 2963 aii‘crens;
2592 2900 2681 2954 hic
2715 2907 2901 2953 contra
2949 2908 3004 2951 ut
3045 2899 3259 2967 spurius
3309 2906 3553 2960 notatur,

306 2979 386 3042 ὼς
411 2981 588 3046 νόθος,
659 2984 756 3037 καὶ
807 2985 886 3047 είς
919 2983 1233 3054 μηδαμόθεν
1295 2983 1444 3054 αὐτῷ
1496 2985 1876 3054 προσήκουσαν

1987 2985 2133 3054 quasi
2169 2989 2236 3039 ad
2272 2987 2373 3041 sibi
2412 2987 2589 3042 minus
2612 2987 3023 3043 convenientem
3051 2987 3298 3042 redactus
3327 2994 3555 3048 sortem,

309 3072 677 3144 κληρονομίαν
709 3075 1148 3144 εἰσϐιασάμενος.

510 3183 678 3238 ΤΟΘ¹.
707 3214 778 3224 -
811 3181 1116 3251 ΔΩΡΟΘΕῼ
1169 3181 1656 3252 ΛΑΜΙΙΡΟΤΕΡῼ.

1983 3075 2144 3143 atque
2173 3076 2564 3130 ltazreditatem.

2032 3181 2404 3239 CCCLXXIX.
2440 3216 2510 3225 —
2564 3185 2929 3242 DOROTHEO
2965 3183 3282 3241 CLARISS.
3310 3182 3494 3239 VIRO.

1549 3273 1652 3340 Qui
1684 3275 1970 3328 ordinandi
2009 3279 2326 3335 sacerdotes.

381 3381 472 3453 Μὴ
498 3383 627 3444 τοὺς
674 3381 844 3452 μόλις,
877 3381 972 3434 καὶ
1006 3381 1093 3434 διὰ
1141 3381 1351 3452 μυρίων
1398 3383 1628 3450 ἀγώνων
1677 3381 1876 3454 ἀρετὴν

312 3471 788 3542 κατορθώσαντας,
826 3473 919 3526 καὶ
944 3473 1024 3535 είς
1055 3472 1152 3543 τὴν
1176 3473 1547 3542 εὺαγεστάτην
1581 3473 1878 3544 ἱερωσύνην

313 3563 662 3628 τελέσαντας,
711 3565 818 3618 ἀπὸ
856 3563 964 3616 τῶν
994 3563 1054 3629 ἐξ
1081 3564 1380 3634 ἐπιδρομῆς
1427 3564 1880 3636 ἐπιπηδησάντων

314 3654 454 3724 αὐτῇ
507 3655 907 3725 χαρακτήριζε·
945 3654 1060 3708 ἀλλ’
1095 3656 1338 3719 ἐκείνους
1387 3656 1482 3724 μὲν
1515 3656 1879 3725 ἀνακήρυττε,

314 3747 536 3808 τούτους
561 3746 617 3798 δέ
643 3747 1013 3816 ἀποκήρυττε.
1038 3745 1163 3808 Τοῖς
1191 3744 1300 3816 γὰρ
1328 3747 1402 3816 μὴ
1432 3745 1540 3799 ἀπὸ
1569 3746 1677 3799 τῶν
1704 3745 1883 3798 αὐτῶν

320 3835 414 3887 ἐπὶ
443 3836 510 3888 τὰ
539 3835 673 3889 αὖτά
688 3837 934 3906 ἥκουσιν,
957 3835 1055 3906 οὐχ
1075 3835 1278 3906 ὁμοίως
1305 3837 1693 3906 προσενεκτέον
1713 3853 1727 3866 ·
1749 3837 1883 3889 ἀ).λά

317 3928 446 3990 τοὺς
485 3927 584 3996 μὲν
632 3929 832 3998 ἀρετῆς
875 3924 1038 3980 ἆθλον
1092 3926 1190 3997 τὴν
1239 3926 1536 3998 ίερωσύνην
1584 3928 1885 3996 ἐσχηκότας

319 4019 732 4089 ἐγκωμιαστέον
759 4019 855 4072 καὶ
879 4018 1266 4088 μακαριστέον.
1288 4017 1442 4080 Τοὺς
1467 4017 1524 4070 δέ
1555 4018 1885 4088 ἐπιπηδῆσαι

321 4109 461 4181 αὐτῇ
492 4110 886 4179 τολμήσαντας.
916 4109 1022 4163 τόδ’
1060 4109 1207 4171 ὅπως
1234 4107 1346 4179 (2-4)
1369 4109 1582 4177 φράσω,
1615 4108 1886 4161 αἰτιατέον

327 4200 420 4252 καὶ
446 4199 693 4270 ἐλεητὲον
713 4219 728 4232 ·
758 4201 840 4254 ὅτι
868 4200 967 4270 τὴν
1016 4199 1288 4270 φέρουσαν
1334 4198 1452 4252 ὁδὸν
1482 4199 1575 4251 ἐπὶ
1606 4199 1706 4268 τὴν
1735 4198 1886 4251 θείαν

317 4292 660 4363 λειτουργίαν
715 4292 1055 4365 παριδόντες,
1121 4291 1215 4344 καὶ
1267 4290 1365 4361 τὴν
1435 4290 1737 4360 ὁσιωτάτην
1794 4290 1887 4342 καὶ

318 4383 692 4453 εύαγεστάτην
717 4385 774 4437 ἐν
805 4385 986 4456 πολλῷ
1018 4385 1198 4456 χρόνῳ
1226 4382 1334 4436 τῶν
1367 4381 1678 4450 φιλαρὲτων
1704 4381 1882 4435 πόνων

321 4475 604 4545 ὑπομονὴν
652 4477 1041 4546 ἀτιμάσαντες,
1077 4476 1312 4546 θεσμούς
1352 4491 1411 4527 τε
1444 4475 1540 4526 καὶ
1587 4473 1686 4536 τὰς
1720 4472 1884 4537 ἄλλας

318 4567 637 4634 ἁγιαστείας
673 4568 773 4631 τὰς
804 4570 910 4622 ἀπὸ
934 4573 1034 4640 τῆς
1088 4568 1254 4640 ὀρθῆς
1301 4564 1576 4625 πολιτείας
1625 4565 1885 4634 παρωσά-

2047 3385 2126 3439 Ne
2149 3387 2365 3441 ordines
2385 3425 2398 3450 ,
2437 3386 2637 3441 relictis
2670 3386 2774 3440 illis
2817 3386 2906 3455 qui
2958 3401 3054 3457 per
3074 3388 3226 3441 varia
3251 3387 3554 3442 certamina

1980 3477 2044 3531 ad
2068 3476 2317 3532 virtutem
2363 3477 2634 3541 instructi,
2679 3479 2894 3532 tandem
2927 3480 2992 3531 ad
3029 3489 3435 3533 sacrosanctum
3467 3495 3556 3532 sa-

1980 3567 2276 3621 cerdotium
2313 3566 2573 3632 nituntur,
2602 3582 2694 3622 eos
2722 3569 2812 3636 qui
2841 3582 2906 3622 eo
2933 3568 3231 3636 irrumpunt
3259 3585 3273 3622 :
3303 3568 3400 3622 sed
3433 3568 3555 3622 illos

1981 3658 2161 3726 potius
2207 3658 2512 3714 sacerdotes
2537 3673 2793 3714 consecra
2814 3699 2830 3724 ,
2881 3659 2979 3713 bos
3014 3674 3142 3714 vero
3177 3659 3395 3727 repelle.
3449 3659 3556 3726 Qui

1983 3748 2124 3802 cnim
2155 3749 2222 3802 ab
2250 3748 2437 3803 iisdem
2467 3763 2570 3802 non
2601 3750 2665 3803 ad
2696 3752 2884 3804 eadem
2914 3749 3207 3816 festinant;
3238 3764 3423 3803 eorum
3447 3766 3556 3805 non

1984 3838 2169 3894 eadem
2203 3838 2448 3894 habenda
2480 3841 2616 3893 ratio
2635 3852 2738 3906 est,
2771 3841 2863 3896 sed
2896 3840 2985 3893 alii
3012 3841 3222 3895 virtutis
3249 3842 3559 3909 praemium,

1985 3929 2343 3984 sacerdotium
2378 3931 2574 3998 adepti,
2609 3931 2858 3986 laudandi
2890 3933 3101 4000 publice
3123 3940 3266 3998 sunt,
3295 3945 3348 3986 et
3369 3932 3556 3987 felices

1987 4021 2334 4095 praedicandi.
2376 4023 2446 4075 At
2473 4022 2563 4090 qui
2597 4021 2898 4091 irrumpere
2927 4032 3089 4091 atque
3121 4023 3329 4077 insilire
3359 4024 3562 4079 audent

1988 4113 2039 4165 in
2071 4111 2451 4175 sacerdotium,
2482 4113 2514 4166 ii
2547 4127 2697 4176 sane,
2727 4124 2785 4166 ut
2811 4113 3095 4175 itadieam,
3129 4113 3565 4181 reprehendendi

1988 4219 2051 4257 ac
2082 4203 2553 4258 commiseratione
2589 4203 2770 4272 digni,
2803 4204 2945 4272 quod
2984 4214 3184 4257 rectam
3215 4204 3280 4256 ad
3316 4204 3559 4258 divinum

1989 4307 2264 4346 sacrorum
2309 4292 2666 4347 ministerium
2714 4293 2996 4347 ducentem
3046 4293 3187 4345 viam
3243 4293 3554 4363 negligant:

1990 4391 2504 4452 contemnentesque
2574 4383 2993 4438 sacratissimam
3053 4384 3561 4451 sanctissimamth

1991 4473 2300 4542 patientiam
2331 4476 2382 4527 in
2413 4475 2550 4544 longi
2596 4477 2851 4545 temporis
2875 4476 3072 4530 virtute
3103 4476 3446 4545 praeditorum
3479 4474 3558 4527 la—

1993 4565 2245 4629 boribus,
2290 4567 2425 4621 ritus
2461 4566 2872 4635 sanctionesquc
2895 4607 2907 4630 ,
2939 4575 2993 4620 ct
3031 4567 3135 4621 alia
3176 4564 3242 4618 ad
3288 4565 3555 4619 sacrilicia

324 4673 496 4724 μενοι,
532 4657 860 4728 ἀποχρῶσαν
881 4659 1140 4727 ἐνόμισαν
1166 4657 1378 4717 ἐαυτοῖς
1400 4653 1496 4722 τὴν
1520 4653 1852 4723 χειροτονίαν
1871 4671 1884 4685 ο

1993 4654 2312 4725 pertinentia
2345 4670 2410 4709 ex
2431 4656 2628 4725 optima
2658 4655 2916 4725 pellentes
2948 4656 3213 4725 republica
3250 4655 3439 4708 ordine
3466 4670 3562 4710 sa“

321 4744 390 4796 δι’
423 4746 487 4814 ἣν
538 4747 629 4799 καὶ
661 4747 829 4817 μόνην
859 4747 1297 4819 ἐναϐρυνόμενοι,
1355 4745 1496 4797 κατὰ
1549 4743 1657 4796 τῶν
1708 4743 1882 4814 ὀρθῶς

323 4833 581 4906 βιούντων
602 4838 944 4908 ἐπιφύονται.

634 4948 763 5002 Til'.
803 4975 873 4987 .-
910 4944 1237 5015 aeneum
1267 4943 1573 5013 ΣΟΦΙΣΤῌ.

1988 4745 2240 4801 cerdotali
2290 4746 2537 4816 indignos
2566 4761 2625 4802 se
2657 4750 2946 4803 ostendunt
2978 4768 2990 4803 :
3045 4762 3150 4817 quo
3187 4747 3300 4802 solo
3329 4747 3464 4802 elati.
3498 4746 3568 4800 in.

1998 4845 2138 4892 recte
2167 4837 2405 4891 viventes
2439 4838 2742 4907 insurgunt.

2153 4942 2493 5002 CCCLXXX.
2535 4974 2602 4983 —
2655 4943 3050 5000 llARPOUR.—E
3087 4943 3412 4998 RIlETORI‘.

603 5036 704 5091 Uni
731 5042 1022 5091 vacandum
1053 5037 1176 5100 arti,
1199 5045 1255 5088 ut
1290 5035 1534 5102 excellas,
1576 5050 1667 5087 nec
1701 5035 1836 5087 enim
1870 5034 1923 5085 in
1951 5034 2188 5088 omnibus
2221 5045 2362 5102 potes
2386 5033 2657 5090 excellere.
2691 5035 2925 5106 (Confer.
2961 5036 3109 5102 epist.
3137 5035 3286 5104 451)..)

406 5143 644 5216 Ἀνάγκη
677 5146 768 5199 τὸν
800 5148 899 5216 μιᾷ
933 5145 1259 5216 σχολάζοντα
1288 5144 1471 5215 τέχνῃ,
1504 5145 1700 5215 ἄριστα
1719 5145 1888 5214 αὐτὴν

321 5236 736 5304 διηκριὸῶσθαι.
772 5240 834 5290 Οἱ
861 5238 970 5306 γὰρ
1001 5235 1220 5299 πολλαῖς
1267 5236 1489 5297 ἑαυτοὺς
1530 5235 1884 5304 παρέχοντες,

322 5330 373 5382 εἰ
403 5327 496 5381 καὶ
523 5327 730 5391 δόξειαν
763 5328 963 5391 πολλὰς
1005 5329 1216 5389 εἰδέναι,
1251 5325 1366 5380 ἀλλ’
1397 5325 1456 5376 οὐ
1488 5325 1678 5376 πασῶν
1713 5327 1790 5386 είς
1827 5325 1887 5376 τὸ

2066 5143 2167 5198 Uni
2201 5155 2475 5199 vacantem
2509 5144 2610 5196 arti
2659 5158 2878 5198 necesse
2905 5155 2985 5198 est
3019 5144 3222 5212 optime
3253 5159 3372 5197 eam
3397 5158 3556 5197 exer-

1994 5250 2136 5287 cere.
2196 5236 2293 5301 Qui
2330 5250 2456 5290 vero
2484 5235 2667 5289 multis
2699 5250 2757 5289 se
2787 5235 3050 5300 tradunt,
3087 5235 3189 5288 etsi
3229 5235 3390 5287 multa
3417 5235 3556 5288 seire

1995 5327 2296 5390 vidcantur,
2355 5327 2421 5379 ad
2472 5327 2682 5382 culmen
2724 5341 2828 5382 non
2887 5327 3218 5396 perungunt.
3263 5324 3455 5381 Verum
3507 5324 3574 5378 si.

1416 5458 1647 5514 VARle
1683 5458 2066 5514 LEUTIONES
2108 5460 2191 5514 ΕΤ
2235 5460 2462 5516 ΝυΤιιΕ.

400 5585 512 5654 (25)
542 5585 642 5638 Pro
670 5587 850 5655 φορῶν
881 5587 1036 5640 iidem
1068 5587 1262 5640 habent
1301 5589 1474 5655 φορεῖ.
1512 5588 1718 5642 Possm-

422 5658 513 5726 1M)
540 5655 684 5711 inter
705 5657 874 5722 οὕτως
906 5669 958 5713 ct
995 5659 1188 5727 φράσω
1217 5657 1373 5712 autbo
1409 5659 1563 5713 codd.
1615 5660 1852 5714 inserunt
1887 5658 1972 5713 οὗ.
1998 5657 2070 5710 lo.
