3974 6144
487 278 621 346 1555

1668 278 1728 338 S.
1771 276 2059 337 ISIDORI
2099 273 2531 333 PELUSIOT/E

3600 266 3747 331 1556

482 395 623 461 quod
654 400 759 457 est,
786 392 1011 461 ingenue
1040 389 1401 445 conlitendum
1438 402 1628 441 omnes
1652 385 2037 453 semiperfecta:

2155 383 2460 453 ἀκρότατον
2488 380 2788 450 ἀφίξονται.
2833 382 2972 434 Ἀλλ’
3001 382 3049 435 εί
3072 381 3177 451 χρη
3198 379 3257 433 τὸ
3280 380 3507 448 ἀκριϐές
3534 380 3744 446 είπεῖν,

482 482 743 536 etcrudas
774 496 869 535 seu
905 494 1220 547 przecoquas
1252 478 1547 546 possident.
1589 475 1645 530 Si
1675 487 1853 528 autem
1885 476 2055 527 abun-

484 574 612 627 dare
647 586 710 627 ac
752 584 1007 639 superare
1035 570 1231 622 artiqu
1283 566 1508 622 scientia
1551 567 1852 630 videantur,
1892 579 2055 632 supe-

483 674 672 719 rantur
691 661 955 725 vicissim,
972 661 1113 730 quod
1139 659 1441 713 accuratius
1461 658 1701 726 singulas
1720 663 2054 725 cognoscant

483 755 610 819 alii,
640 763 803 823 atque
834 768 863 806 a
899 761 1047 821 tergo
1079 751 1385 819 relinquant
1419 749 1748 818 disciplinas.

479 862 646 938 6⁷4
674 859 1039 920 CCCLXXXI.
1067 856 1526 983 -ἒ
1558 852 2047 911 REMPUBLICAM

2159 474 2287 534 ὅλας
2320 473 2600 542 ἡμιτελεῖς
2638 472 2733 525 καὶ
2775 472 2988 543 ἀώρους
3019 472 3401 541 κεκτήσονται.
3444 471 3509 523 Ei
3541 470 3600 523 δὲ
3646 472 3748 523 καὶ

2160 565 2367 619 δοκοῖεν
2415 565 2759 618 πλεονεκτεῖν
2804 563 2882 633 τῷ
2920 563 3114 624 πολλὰς
3159 562 3381 623 εἰδέναι,
3428 562 3545 614 ἀλλ’
3585 562 3747 614 ἀντι-

2160 655 2611 709 πλεονεκτοῦνται
2654 655 2734 725 τῷ
2761 653 3047 708 λείπεσθαι
3076 656 3187 715 τοῖς
3234 653 3313 715 εἰς
3360 652 3456 705 τὴν
3495 652 3767 722 ἑκάστην.

2158 745 2352 816 τέχνην
2385 746 2594 815 ἄκροις.

2310 853 2483 909 THA'.
2519 882 2587 895 —
2617 852 2962 924 ΚΑΣΣΙΔΝῼ
3010 851 3580 922 ΠΟΛΙΤΕΥΟΜΕΝῼ.

1232 1021 1505 1090 Cupientes
1536 1035 1669 1087 saepe
1688 1019 1849 1085 capti.
1883 1016 1960 1071 De
1981 1018 2149 1085 fratre
2189 1017 2258 1069 ad
2298 1014 2494 1069 Christi
2523 1015 2677 1083 fidem
2703 1031 2964 1068 converso.

549 1132 729 1192 Fratri
772 1139 861 1186 tuo
883 1129 1022 1184 idem
1051 1143 1217 1198 prope
1246 1128 1466 1194 accidit,
1496 1126 1636 1195 quod
1662 1126 1922 1182 ministris
1947 1124 2051 1180 illis

479 1222 663 1279 missis
686 1238 714 1275 a
734 1219 1023 1275 Pharlsmis
1052 1226 1111 1273 ut
1134 1217 1407 1272 Christum
1440 1217 1789 1280 abducerent,
1824 1215 2051 1273 redeun-

482 1314 626 1370 tibus
649 1326 775 1368 vero
804 1325 926 1365 mox
957 1324 1079 1363 cum
1110 1308 1311 1376 ingenti
1339 1307 1712 1361 admirationis
1739 1316 1956 1374 stupore
1975 1306 2043 1357 ”.

482 1402 554 1460 Ut
584 1404 727 1459 enim
770 1401 846 1456 illi
876 1414 1127 1456 sermone
1154 1399 1272 1466 ejus
1313 1400 1453 1468 capti
1499 1408 1664 1466 sunt,
1694 1408 1748 1453 et
1791 1397 1942 1453 missi
1990 1406 2049 1451 ut

479 1504 765 1563 caperent,
792 1491 934 1561 capti
970 1488 1328 1543 admiratione
1357 1489 1656 1543 discedunt.
1699 1486 1788 1542 Sic
1821 1495 1876 1541 et
1910 1489 2043 1555 ipse,

479 1593 542 1641 ut
584 1584 794 1647 aiebat,
826 1593 1012 1650 captus
1044 1583 1305 1635 orationis
1335 1580 1601 1649 elegantia
1656 1590 1863 1634 tantum
1897 1580 2048 1634 abest

480 1684 539 1727 ut
572 1672 815 1744 religioni
851 1675 1093 1728 adversa:
1114 1672 1418 1737 obstiterit,
1446 1680 1503 1724 ut
1531 1670 1695 1726 etiam
1729 1670 1845 1737 ejus
1870 1683 2046 1738 praeco

2227 1121 2615 1194 Παραπλήσιόν
2640 1139 2693 1175 τι
2718 1122 2986 1176 πέπονθεν
3016 1124 3044 1177 ό
3078 1121 3170 1185 σδς
3195 1120 3426 1190 ἀδελφὸς
3472 1124 3587 1185 τοῖς
3622 1121 3735 1175 ὕπ-

2154 1214 2395 1285 ηρέταις,
2442 1217 2557 1279 τοῖς
2596 1215 2895 1286 πεμφθεῖσι
2937 1215 3035 1285 μὲν
3071 1217 3301 1283 ἀγαγεῖν
3341 1216 3433 1268 τὸν
3461 1214 3725 1285 Χριστὸν,

2154 1307 2512 1361 ἐπανελθοῦσι
2545 1306 2604 1360 δὲ
2643 1307 2784 1377 μετά
2813 1306 3010 1360 πολλοῦ
3051 1306 3145 1359 τοῦ
3185 1305 3484 1376 θαύματος.
3516 1306 3735 1374 Ὥσπερ

2152 1397 2261 1469 γὰρ
2288 1400 2486 1451 ἐκεῖνοι
2516 1397 2891 1469 ἐχειρώθησαν
2921 1396 3030 1452 ἀπὸ
3066 1397 3167 1466 τῆς
3213 1396 3577 1466 δημηγορίας,
3626 1397 3731 1449 καὶ

2154 1490 2497 1560 πεμφθέντες
2528 1490 2710 1561 δῆσαι,
2742 1490 3050 1559 ἐπανῆλθον
3074 1488 3323 1550 δεθέντες
3344 1488 3424 1558 τῷ
3444 1488 3689 1557 θαύματι
3709 1502 3726 1515 ·

2148 1582 2293 1636 οῦτω
2322 1585 2418 1638 καὶ
2443 1583 2624 1646 αὐτὸς,
2656 1583 2730 1646 ὡς
2753 1583 2880 1652 ἔφη,
2916 1580 3081 1642 ἁλοὺς
3110 1581 3191 1648 τῷ
3219 1579 3407 1633 κάλλει
3444 1579 3551 1632 τῶν
3575 1580 3734 1649 είρη-

2153 1673 2349 1743 μένων,
2381 1674 2440 1725 οὐ
2474 1673 2633 1742 μόνον
2661 1671 2753 1726 τοῦ
2780 1671 3163 1725 ἐναντιοῦσθαι
3199 1673 3266 1741 τῇ
3298 1671 3545 1741 θειοτάτῃ
3579 1671 3725 1742 θρη-

479 1779 546 1819 ac
592 1765 865 1835 professor
905 1766 975 1820 sit
1027 1763 1226 1819 factus.
1284 1763 1525 1818 Veritate
1574 1764 1716 1817 enim
1775 1762 1904 1816 nihil
1964 1773 2037 1817 csl

2154 1766 2310 1836 σκείᾳ
2342 1766 2576 1835 ἀπέστη,
2602 1764 2737 1818 ἀλλά
2762 1764 2857 1821 καὶ
2896 1764 3074 1836 κήρυξ
3107 1763 3281 1833 αὐτῆς
3305 1764 3401 1815 καὶ
3430 1764 3733 1832 συνήγορος

480 1854 742 1910 illustrius
770 1866 862 1910 aut
894 1856 1211 1925 simplicius,
1246 1871 1367 1911 cum
1401 1869 1505 1908 non
1532 1854 1641 1923 agit
1667 1853 1790 1921 quis
1819 1852 2044 1907 fraudu-

477 1944 671 1999 Ieuter.
733 1944 1194 2011 Quemadmodum
1243 1946 1289 2000 si
1342 1943 1609 1998 malitiose
1637 1952 1760 2011 agat
1812 1942 1945 1997 nihil
1978 1956 2042 1997 ea

479 2038 775 2093 molestius.
810 2038 1059 2093 Gaudeas
1086 2039 1269 2107 itaque
1295 2038 1571 2093 nobiscum
1606 2048 1824 2104 precare
1852 2034 2042 2100 Deum,

476 2140 536 2182 ut
556 2130 649 2199 qui
672 2144 857 2185 verum
886 2140 1284 2199 consequentur
1313 2145 1418 2184 non
1447 2127 1605 2182 modo
1630 2142 1732 2181 non
1756 2125 2040 2191 laedantur,

476 2221 569 2275 sed
601 2231 654 2275 et
685 2229 863 2274 mente
896 2221 1253 2275 illustreutur.

826 2325 1213 2381 CCCLXXXII.
1251 2358 1320 2367 —
1366 2326 1684 2384 EULOGIO.

2152 1855 2409 1922 κατέστη.
2441 1853 2607 1907 Οὐδὲν
2644 1853 2751 1922 γάρ
2781 1853 2880 1922 τῆς
2920 1852 3186 1923 ἀληθείας
3218 1853 3572 1921 σαφέστερον,
3602 1852 3730 1904 οὐδὲ

2151 1945 2535 2015 ἁπλούστερον,
2592 1946 2720 1997 ὅταν
2773 1962 2855 2006 τις
2900 1943 2976 2014 μὴ
3020 1946 3326 2014 κακουργῇ.
3387 1945 3598 2015 Ὠσπερ
3634 1938 3731 1997 οὖν

2150 2038 2248 2091 ἐὰν
2278 2040 2583 2107 κακουργῇ,
2602 2037 2755 2092 οὐδὲν
2772 2037 2923 2089 δοκεῖ
2946 2036 3370 2106 δυσκολώτερον.
3402 2037 3729 2105 Συγχαίρων

2146 2130 2323 2181 τοίνυν
2354 2131 2485 2197 ἡμῖν
2518 2128 2703 2197 εῦχου,
2737 2128 2885 2191 ὅπως
2914 2129 2961 2182 οἱ
2990 2130 3410 2198 ἐντυγχάνοντες
3446 2128 3523 2197 μὴ
3560 2128 3729 2196 μόνον

2149 2220 2223 2292 μὴ
2256 2220 2621 2289 βλάπτωνται,
2651 2218 2787 2272 ἀλλά
2826 2220 2919 2272 καὶ
2944 2219 3287 2285 φωτίζωνται
3320 2218 3420 2289 τὴν
3451 2218 3723 2272 διάνοιαν.

2622 2327 2793 2379 THB’.
2822 2356 2892 2367 —
2920 2327 3230 2400 ΕΥΛΟΓΙῼ.

474 2416 746 2487 Difﬁcilius
776 2427 851 2472 est
879 2419 1160 2471 secundant
1186 2434 1344 2489 quam
1380 2421 1655 2474 adversam
1682 2420 1821 2489 ferre
1847 2422 2136 2489 fortunam.
2171 2420 2425 2474 Secundis
2470 2434 2572 2489 non
2608 2418 2869 2473 tollendus
2908 2421 3137 2483 animus,
3172 2435 3265 2472 nec
3312 2419 3544 2473 adversis
3578 2434 3723 2473 mer-

1667 2486 1882 2558 gendus.
1913 2490 2150 2561 (Confer.
2179 2492 2328 2557 epist.
2377 2486 2524 2557 H5.)

540 2575 716 2647 Magni
740 2576 985 2646 equidem
1012 2579 1150 2633 duco
1174 2592 1352 2633 rerum
1375 2578 1801 2636 vicissitudinem
1827 2583 2041 2638 fortiter

466 2665 635 2719 ferre.
674 2664 823 2720 Multi
864 2667 1043 2734 itaque
1070 2668 1340 2724 diIIiciIius
1366 2670 1681 2726 existimant
1705 2688 1733 2725 a
1766 2672 1924 2725 rebus
1951 2687 2039 2726 se-

468 2755 660 2809 cundis
692 2754 744 2808 in
774 2756 1028 2810 adversas
1056 2756 1402 2825 incidentem,
1431 2763 1636 2817 celsum
1668 2777 1887 2819 servare
1916 2761 2036 2815 ani-

469 2861 635 2900 mum.
691 2846 801 2914 Ego
833 2862 959 2901 vero
988 2847 1357 2905 tliﬂicillimum
1387 2854 1644 2919 arbitror,
1684 2870 1806 2909 eum
1845 2854 1935 2923 qui
1967 2855 2035 2907 ab

470 2935 707 2991 adversis
740 2938 897 2992 rebus
919 2940 984 2991 ad
1014 2940 1276 2995 secundas
1306 2944 1462 3007 redit,
1492 2944 1827 2997 moderatum
1855 2955 2036 2997 custo-

2217 2580 2290 2631 Οὐ
2325 2578 2518 2648 μικρὸν
2543 2578 2717 2647 ἔγωγε
2744 2577 2980 2649 ἠγοῦμαι
3011 2576 3068 2630 τὸ
3113 2577 3414 2649 μεταϐολὴν
3448 2583 3723 2651 πραγμά-

2142 2686 2250 2722 των
2284 2670 2544 2741 ἀνδρείως
2583 2672 2827 2737 ἐνεγκεῖν
2851 2685 2865 2699 ο
2909 2669 3093 2721 πολλοὶ
3130 2669 3228 2738 μὲν
3254 2666 3349 2723 οὖν
3379 2670 3719 2726 δυσκολώτε-

2146 2777 2238 2829 ρον
2262 2756 2401 2812 εῐναι
2430 2759 2689 2829 ἡγοῦνται
2719 2761 2778 2812 τὸ
2806 2759 2915 2813 ἀπὸ
2947 2759 3247 2828 εὐημερίας
3273 2762 3352 2821 είς
3375 2759 3720 2831 δυσπραγίαν

2143 2850 2546 2921 ἐμπεπτωκότα
2600 2850 2711 2916 (‘25)
2773 2851 2893 2902 τινά
2947 2848 3178 2917 φυλάξαι
3235 2850 3609 2903 ἀταπείνωτον
3660 2854 3722 2905 τὸ

2142 2942 2416 3012 φρόνημα.
2465 2938 2605 3008 Ἐγὼ
2654 2940 2710 2992 δὲ
2771 2939 3176 2993 δυσκολώτατον
3207 2941 3449 3010 ἡγοῦμαι
3486 2941 3551 2994 τὸ
3607 2944 3718 2997 ἀπὸ

470 3030 586 3080 dire
607 3028 861 3082 aniumm.
898 3028 965 3082 Et
991 3040 1277 3100 utrumque
1298 3031 1511 3099 quidem
1534 3033 1665 3086 mihi
1698 3032 1857 3087 fortis
1872 3032 2035 3086 animi

2148 3033 2485 3100 Βυσπραγίας
2536 3032 2615 3092 είς
2666 3030 2966 3100 εὐημερίαν
3018 3030 3417 3101 ἀναδραμόντα,
3483 3033 3717 3098 φυλάξαι

467 3130 589 3171 esse
627 3128 999 3187 argumentum
1034 3130 1153 3185 est,
1198 3136 1295 3175 nec
1330 3123 1580 3177 secundis
1614 3123 1832 3187 extolli,
1866 3138 2037 3191 neque

468 3206 521 3259 in
548 3207 789 3262 adversis
818 3209 1013 3278 abjecti
1053 3225 1173 3265 esse
1198 3211 1361 3264 animi
1387 3230 1402 3274 ;
1448 3213 1541 3265 sed
1571 3226 1782 3281 aequam
1818 3226 2036 3265 servare

470 3307 724 3352 mentem.

607 3498 1020 3555 CCCLXXXI".
1060 3531 1128 3542 —
1169 3500 1396 3556 PETRO
1427 3500 1889 3557 COIiRECTORI.

2147 3124 2365 3192 μέτριον
2402 3122 2465 3173 τὸ
2512 3121 2791 3191 φρόνημα.
2839 3122 2948 3174 Καὶ
2980 3120 3137 3172 τοῦτο
3176 3121 3283 3188 γὰρ
3328 3121 3551 3176 κάκεῖνο
3592 3123 3717 3191 ἐμοὶ

2140 3212 2391 3283 ἀνδρείας
2413 3212 2739 3281 τεκμήριον,
2776 3212 2913 3282 μήτε
2938 3209 3241 3280 ἐξυϐρίζειν
3276 3213 3334 3264 ἐν
3360 3214 3482 3275 ταῖς
3514 3214 3717 3283 εὐημε-

2143 3301 2305 3372 ρίαις,
2344 3302 2479 3370 μήτε
2506 3299 2893 3353 ταπεινοῦσθαι
2924 3302 2981 3353 ἐν
3023 3301 3143 3363 ταῖς
3186 3300 3571 3371 δυσημερίαις,
3600 3303 3713 3357 ἀλλ’

2138 3391 2335 3462 ὁμαλὸν
2362 3392 2422 3444 τὸ
2446 3390 2703 3462 φρόνημα
2734 3391 2901 3461 ἔχειν.

2379 3500 2552 3555 TUI".
2600 3527 2668 3539 --
2702 3499 2927 3569 ΠΕΤΡῼ
2957 3500 3427 3557 ΚΟΡΡΗΚΤΩΡΙ.

467 3587 852 3655 Rempublicam
876 3593 1023 3661 juste
1070 3595 1477 3649 administrandi
1509 3607 1843 3663 praeceptum.
1877 3596 2029 3649 Disce
2073 3595 2220 3665 juste
2263 3610 2523 3661 prazesse;
2558 3602 2606 3646 et
2652 3611 2671 3643 ι
2715 3592 2831 3645 Tibi
2878 3594 2976 3646 soli
3022 3597 3250 3661 peccavi.
3280 3615 3297 3646 ι
3337 3596 3514 3665 (Psal.
3549 3612 3603 3657 ι..
3634 3597 3713 3657 ϐ.ὶ

539 3682 794 3750 Quisquis
821 3683 1069 3747 imperat,
1091 3683 1295 3751 legibus
1322 3699 1443 3737 eum
1473 3700 1663 3752 parere
1682 3700 1900 3739 necesse
1925 3693 2026 3739 est.

467 3773 617 3840 Quod
652 3774 695 3827 si
735 3784 973 3838 recuset,
1004 3774 1246 3843 quinam,
1288 3790 1491 3843 quaeso,
1516 3774 1752 3844 legitime
1783 3776 2027 3844 imperet,

468 3862 552 3921 cui
588 3862 716 3914 vitia
746 3861 1059 3929 imperent?
1116 3861 1258 3928 juste
1285 3860 1464 3929 itaque
1511 3871 1565 3915 et
1596 3862 1832 3929 legitime
1868 3863 2033 3930 impe-

468 3964 604 4017 rato,
635 3963 689 4005 ut
725 3952 818 4007 tibi
860 3954 1194 4020 potissimum
1231 3955 1460 4021 imperes
1485 3992 1499 4014 ,
1532 3955 1726 4007 dehinc
1756 3956 2034 4009 commode

467 4045 627 4099 etiam
662 4043 803 4098 aliis.
847 4043 903 4098 Si
945 4043 1152 4113 justum
1190 4044 1438 4112 ignorare
1475 4054 1526 4097 te
1560 4044 1757 4112 ﬁngas,
1788 4059 1910 4101 cum
1945 4062 2034 4099 sa-

467 4134 736 4202 pientibus
778 4146 939 4201 atque
990 4133 1414 4202 intelligentibus
1461 4134 1887 4197 communicato,
1938 4137 2030 4201 qui

462 4225 723 4292 justitiam
775 4224 987 4285 colant,
1033 4234 1087 4277 et
1133 4224 1270 4281 foeda
1301 4226 1481 4276 omnia
1525 4232 1897 4284 contemnant.
1976 4227 2031 4280 Si

2209 3683 2267 3734 '0
2297 3682 2488 3752 ἄρχειν
2515 3681 2715 3751 λαχὼν,
2748 3682 2851 3735 ὑπὸ
2892 3682 2999 3734 τῶν
3046 3685 3229 3753 νόμων
3280 3686 3492 3749 δίκαιος
3532 3688 3597 3741 ἂν
3629 3690 3710 3759 εἴη

2127 3774 2416 3844 ἄρχεσθαι.
2452 3775 2514 3827 Εἰ
2547 3774 2603 3827 δὲ
2639 3774 2801 3836 αὐτὸς
2835 3775 3031 3844 ἀκυροῖ
3060 3776 3304 3842 τούτους,
3330 3778 3448 3841 πῶς
3471 3779 3540 3831 ἂν
3561 3781 3713 3848 νόμι-

2138 3882 2237 3933 μος
2265 3865 2350 3934 εἴη
2391 3864 2594 3935 ἄρχων,
2643 3864 2805 3928 αὐτὸς
2849 3865 2954 3918 ὑπὸ
2983 3866 3081 3933 τῆς
3125 3867 3325 3929 κακίας
3373 3868 3711 3937 ἀρχόμενος

2136 3957 2369 4019 Δικαίως
2420 3956 2713 4027 τοιγαροῦν
2759 3956 2855 4010 καὶ
2910 3958 3158 4027 νομίμως
3208 3958 3363 4029 ἆρχε,
3418 3959 3584 4022 αὐτὸς
3618 3961 3713 4029 μὲν

2138 4049 2335 4103 σαυτοῦ
2361 4049 2462 4119 τὴν
2496 4050 2761 4121 μεγίστην
2783 4050 2979 4123 ἀρχὴν,
3006 4051 3113 4104 τῶν
3138 4052 3193 4105 δὲ
3220 4054 3543 4122 ἀρχομένων
3570 4054 3712 4106 δεόν-

2134 4159 2262 4204 τως.
2295 4143 2358 4194 Εί
2389 4142 2432 4194 δ’
2466 4142 2688 4209 ἄγνοιαν
2732 4142 2825 4195 τοῦ
2882 4143 3093 4197 δικαίου
3134 4145 3373 4215 σκήπτῃ,
3426 4145 3705 4196 ἀνακοίνου

2134 4233 2246 4293 τοῖς
2282 4236 2483 4300 σοφοῖς,
2522 4233 2617 4285 καὶ⁵
2648 4236 2911 4296 συνετοῖς,
2950 4233 3127 4287 καὶτὸ
3162 4233 3368 4286 δίκαιον
3405 4236 3508 4303 μὲν
3540 4236 3707 4304 τιμῶ-

467 4314 743 4380 veroquid
777 4316 1036 4380 peccaris,
1078 4316 1127 4367 id
1159 4315 1433 4384 corrigitu.
1498 4315 1554 4369 Si
1586 4332 1710 4371 vero
1747 4320 2026 4372 existimas

2148 4339 2235 4383 τιν,
2282 4324 2522 4392 αἰσχρῶν
2551 4324 2607 4376 δὲ
2667 4324 2974 4395 λημμάτων
3036 4325 3493 4393 καταφρονοῦσιν.
3548 4327 3611 4378 Ei
3655 4324 3708 4377 δὲ

467 4404 519 4463 id
571 4404 934 4474 przrjudicium
982 4406 1287 4462 auctoritati
1330 4405 1556 4471 atl‘erre,
1592 4406 1730 4460 scito
1771 4408 1821 4460 id
1856 4407 2029 4464 maxi-

464 4512 606 4549 mam
649 4511 837 4563 parere
870 4496 1108 4555 laudem.
1150 4496 1332 4566 Neque
1360 4514 1485 4552 vero
1517 4508 1623 4551 tam
1672 4497 1800 4551 illud
1847 4512 1911 4550 ex
1944 4512 2028 4550 me

465 4587 770 4655 pronuntio,
805 4603 964 4653 quam
993 4601 1058 4641 ex
1093 4586 1315 4643 historia
1351 4590 1401 4641 in
1433 4604 1591 4656 quam
1633 4603 1804 4657 nuper
1839 4588 2021 4642 incidi.

460 4678 707 4741 Rexerat
730 4678 861 4746 justi
889 4689 943 4733 et
964 4681 1101 4747 aequi
1138 4680 1188 4732 in
1222 4681 1411 4748 primis
1438 4679 1733 4743 studiosus,
1767 4679 1833 4732 ad
1867 4682 2028 4734 urbes

463 4772 541 4827 sic
580 4769 964 4837 pet-scribens:
1007 4788 1023 4820 ι
1062 4770 1117 4823 Si
1155 4772 1281 4839 quid
1317 4782 1500 4824 contra
1536 4772 1678 4840 leges
1727 4770 1841 4824 ﬁeri
1874 4773 2023 4829 ordi-

462 4861 638 4920 nando
667 4862 1069 4931 prazscripsero,
1119 4861 1282 4918 nolite
1316 4872 1370 4912 ul
1420 4863 1687 4930 ignoranti
1733 4864 1972 4916 obedire.
2002 4883 2019 4914 ι

462 4946 519 5000 Si
547 4962 675 4999 vero
698 4948 783 5000 ille
807 4964 926 5001 cum
968 4965 1055 5001 rex
1084 4961 1258 5013 esset,
1290 4965 1387 5001 nec
1436 4953 1668 5004 humano
1697 4951 1902 5019 judicio
1929 4953 2023 5006 ob-

464 5038 658 5095 noxius
696 5037 821 5103 (soli
854 5038 996 5090 enim
1042 5038 1135 5091 Dei
1176 5039 1376 5105 judicio
1406 5040 1630 5106 subjecti
1666 5051 1791 5093 sunt
1840 5041 2025 5110 hujus—

463 5128 602 5181 nimii
630 5149 642 5183 :
679 5129 817 5181 unde
851 5139 906 5182 et
934 5126 1142 5182 Psaltes
1172 5131 1247 5182 ait
1276 5149 1289 5184 :
1329 5130 1445 5184 Tibi
1478 5132 1573 5185 soli
1608 5132 1875 5203 peccavi),
1946 5135 2026 5186 sic

460 5217 809 5275 nihilominus
840 5218 1105 5285 justitiam
1143 5222 1347 5285 coluit,
1381 5233 1431 5275 te
1469 5238 1599 5277 sane
1629 5232 1681 5277 et
1727 5224 1942 5295 regibus
1972 5234 2027 5278 et

477 5339 550 5405 ’θ’
585 5372 771 5427 Matth.
814 5389 947 5437 χχιι,
986 5373 1168 5431 lii-2‘3.

2142 4413 2236 4465 καὶ
2286 4413 2445 4465 ἔλαθέ
2492 4431 2564 4481 τι,
2624 4414 2959 4482 ἐπανόρθου·
3012 4416 3061 4465 εί
3096 4415 3153 4467 δέ
3187 4418 3288 4467 οίει
3334 4416 3495 4469 τοῦτο
3546 4416 3709 4469 κατὰυ

2136 4519 2340 4570 γνωσιν
2382 4503 2588 4575 φέρειν,
2634 4504 2740 4557 ἴσθι
2774 4504 2855 4556 ὅτι
2919 4502 3137 4557 ἔπαινον
3195 4506 3453 4575 μέγιστον
3503 4508 3702 4559 τίκτει·

2138 4594 2426 4647 καὶτοῦτο
2472 4596 2572 4647 οὐκ
2608 4597 2703 4648 ἀπ’
2762 4595 2999 4665 ἐμαυτοῦ
3051 4598 3306 4651 τοσοῦτον
3362 4598 3530 4667 λέγω,
3590 4600 3706 4651 ὅσον

2135 4685 2389 4755 ἀρχαίαις
2425 4687 2683 4755 ἱστορίαις
2722 4688 2982 4755 ἐντυχών,
3023 4689 3285 4751 Βασιλεὺς
3319 4691 3431 4760 γάρ
3468 4708 3554 4752 τις
3588 4690 3702 4741 λίαν

2129 4777 2224 4829 τοῦ
2255 4776 2464 4830 δικαίου
2499 4778 2799 4847 φροντίζων
2829 4778 3038 4850 ἔγραφε
3075 4783 3195 4843 ταῖς
3242 4781 3500 4832 πόλεσιν·
3538 4800 3558 4831 ‹
3610 4783 3704 4831 Ἀν

2130 4884 2184 4918 τι
2214 4867 2408 4938 γράψω
2441 4868 2593 4936 παρά
2645 4870 2769 4931 τοὺς
2803 4870 3000 4939 νόμους
3032 4872 3397 4939 παρατάττων
3439 4868 3698 4935 γίνεσθαι.

2136 4959 2210 5031 μὴ
2243 4959 2527 5027 προσέχειν
2549 4960 2623 5021 ὡς
2649 4960 2961 5029 ἠγνοηκότι.
2996 4979 3012 5010 ›
3052 4961 3113 5012 Εἰ
3146 4960 3200 5011 δέ
3228 4963 3433 5021 ἐκεῖνος
3458 4958 3702 5027 βασιλεὺς

2132 5046 2228 5111 ὢν,
2263 5048 2357 5099 καὶ
2397 5048 2627 5111 εὐθύνας
2668 5050 2820 5118 παρά
2842 5050 3145 5118 ἀνθρώπων
3180 5050 3255 5120 μὴ
3288 5050 3501 5119 μέλλων
3544 5051 3695 5101 ἀπαιο

2132 5138 2342 5190 τεῖσθαι
2385 5140 2489 5209 (τῇ
2521 5141 2629 5210 γὰρ
2669 5141 2790 5210 θείᾳ.
2828 5140 2953 5210 δίκῃ
2990 5142 3148 5210 μόνος
3180 5144 3210 5195 ὸ
3257 5140 3497 5201 τοιοῦτος
3546 5136 3699 5191 ὑπεύ-

2132 5225 2308 5289 θυνος.
2341 5227 2432 5279 Διὸ
2460 5230 2553 5280 καὶ.
2584 5230 2613 5280 ὁ
2639 5228 2888 5299 Μελῳδὸς
2917 5229 3070 5300 ἔλεγε
3090 5245 3105 5259 ·
3143 5247 3163 5281 ι
3214 5230 3307 5283 Σοὶ
3338 5230 3488 5302 μόνῳ
3530 5229 3695 5297 ἦμαρ-

1550 5482 1784 5543 VARIIE
1827 5484 2203 5539 LECTIONES
2243 5488 2329 5541 ΕΤ
2373 5488 2600 5545 NOTAE.

534 5633 646 5707 (ᾗ)
688 5634 1115 5707 Ἐμπεπτωκότα
1147 5645 1373 5703 uterque
1408 5636 1523 5691 cod.
1560 5638 1615 5693 in
1663 5638 2037 5715 ἐμπεπτωκότι

2148 5652 2325 5699 nutat.
2357 5644 2565 5704 Possm.
