3974 6144
308 307 440 374 1557

1050 318 1579 387 EPISTOLARUM
1613 328 1760 390 LIB.
1801 330 1869 390 V.
1909 316 1987 366 Σ
2012 327 2248 389 EPIST.
2286 326 2761 391 CCCLXXXVII.

3391 329 3550 394 1558'

305 436 394 511 τον
414 422 483 492 ι),
518 420 660 474 οὕτω
683 421 776 475 τοῦ
802 423 1011 479 δικαίου
1044 431 1348 501 ἐφρόντιζε,
1387 438 1445 490 σὲ
1473 438 1564 492 τὸν
1592 441 1685 494 καὶ
1716 441 1856 511 βασι-

1969 440 2422 510 guberuatoribus
2467 440 2765 509 subjectum
2808 432 2911 509 par
2954 446 3037 493 est
3082 436 3284 507 justum
3334 438 3537 505 colere,

302 509 457 564 Αεῦσι
494 512 588 567 καὶ
628 512 856 583 ἄρχουσι
887 518 1126 586 μείζοσιν
1161 523 1540 596 ὑποκείμενον,
1570 509 1775 585 δίκαιον
1800 531 1866 584 ἂν

300 601 392 694 εἴη
426 601 521 654 τοῦ
550 602 757 694 δικαίου
790 605 1031 676 ἔχεσθαι,
1076 613 1171 665 καὶ
1202 615 1466 688 μηδαμῶς
1493 622 1652 674 τοῦτο
1689 639 1867 694 παρα-

298 689 528 781 βαίνειν·
550 692 862 781 έννοοῦντα,
886 698 969 752 ὅτι
1003 701 1053 753 εί
1085 703 1181 755 καὶ
1208 703 1308 777 τὴν
1331 708 1565 765 ἐνταῦθα
1583 689 1866 781 διαφύγοις

296 778 479 849 δίκην,
507 780 607 853 τὴν
647 782 798 837 θείαν
826 787 886 839 οὐ
912 787 1198 865 διαφεύξῃ.

786 891 954 949 ΤΠΔ’.
991 926 1060 937 —
1096 900 1384 958 ΜΑΡΩΝῙ.

1966 532 2130 603 675
2171 532 2286 586 haec
2322 532 2391 586 ab
2419 546 2484 586 eo
2514 532 2784 598 recedere,
2836 532 3163 601 COgitantem
3198 532 3341 599 quod
3371 532 3413 585 si
3449 532 3537 587 hie

1968 624 2258 679 vindictam
2288 623 2547 688 evaseris,
2580 624 2768 694 utique
2800 622 3039 678 divinam
3070 637 3175 677 non
3211 623 3426 678 evades.

2339 914 2751 971 CCCLXXXIV.
2785 946 2855 956 —
2893 914 3177 974 MARONI.

401 981 605 1050 Corpus
629 995 830 1051 pareat,
870 1003 1013 1043 mens
1059 990 1294 1061 imperet.
1328 995 1544 1066 (Confer
1567 1001 1719 1069 epist.
1748 1002 1853 1059 529
1880 1014 1928 1059 et
1959 1005 2050 1063 lib.
2081 1024 2119 1073 ι,
2160 1008 2312 1077 epist.
2349 1006 2437 1073 15,
2460 1016 2507 1063 et
2538 1007 2628 1063 lib.
2662 1021 2733 1073 Iv,
2769 1008 2921 1077 epist.
2965 1007 3089 1077 £24,
3124 1007 3421 1079 126.1%.)

378 1092 438 1147 '0
467 1092 572 1146 ὑπὸ
594 1093 703 1147 τῶν
734 1094 1100 1170 ἀνελευθέρων
1129 1102 1227 1171 τῆς
1259 1105 1459 1176 σαρκὸς
1492 1109 1678 1163 παθῶν
1706 1111 1864 1176 ἐξαν-

293 1184 673 1255 δραποδισθεὶς
719 1187 841 1256 (ἵνα
887 1189 981 1243 καὶ
1027 1192 1322 1267 παχυτέρῳ
1356 1197 1649 1268 χρήσωμαι
1683 1218 1863 1271 παρα-

292 1276 601 1348 δείγματι),
651 1276 826 1332 ἔοικεν
856 1280 1077 1352 ἡνιόχῳ,
1110 1284 1486 1341 ὲκπεπτωκότι
1513 1290 1610 1360 μὲν
1638 1290 1732 1344 τοῦ
1765 1292 1864 1363 ἆρ-

297 1385 489 1439 ματος,
532 1369 815 1440 συρομένῳ
853 1370 910 1423 δὲ
938 1372 1044 1426 ὑπὸ
1092 1374 1202 1428 τῶν
1241 1377 1428 1445 ἡνιῶν,
1460 1380 1570 1433 τῶν
1621 1381 1697 1454 μὴ
1728 1382 1865 1437 ἀπο-

291 1459 539 1515 λυουσῶν
590 1460 774 1527 αὑτὸν,
822 1460 960 1516 ἀλλά
1003 1464 1465 1537 συμπλεκομένων
1499 1470 1668 1542 αὐτῷ,
1707 1473 1863 1545 δίκην

289 1553 389 1621 τῆς
419 1549 689 1621 ῥᾳθυμίας
720 1551 1122 1625 ἀπαιτουμένῳ.
1158 1557 1325 1611 Ἔνθα
1349 1558 1414 1630 δὴ
1448 1560 1558 1614 τῶν
1584 1563 1726 1617 κατά
1756 1564 1861 1633 φύ-

291 1656 378 1692 σιν
408 1639 671 1694 τάναντία
696 1641 960 1697 ἐκϐαίνει.
1004 1645 1133 1698 Δέον
1174 1646 1283 1718 γάρ
1319 1648 1381 1701 τὸ
1414 1651 1569 1721 ἆρμα
1615 1653 1721 1705 ὑπὸ
1762 1655 1860 1725 τῆς

288 1728 484 1799 τέχνης
516 1728 614 1782 τοῦ
660 1730 877 1800 ἡνιόχου
911 1731 1139 1799 ἄγεσθαι
1184 1736 1384 1802 καλῶς,
1419 1740 1447 1791 ό
1495 1720 1707 1811 ἡνίοχος
1754 1720 1860 1795 ὑπὸ
1892 1720 1934 1775 Β

289 1818 400 1871 τῶν
443 1819 625 1872 ἵππων
678 1819 902 1891 σύρεται
943 1823 1151 1887 κακῶς.
1194 1826 1307 1896 Τῆς
1358 1828 1468 1899 γάρ
1506 1831 1645 1883 κατὰ
1695 1831 1858 1900 φύσιν

290 1908 585 1979 ἡγεμονίας
614 1911 913 1982 ἀνατροπὴ,
963 1914 997 1983 ἡ
1027 1916 1181 1987 παρά
1204 1917 1367 1987 φύσιν
1398 1923 1749 1994 παρατροπὴ,
1776 1922 1859 1977 διὸ

289 2000 396 2071 χρὴ
416 2000 509 2055 τὸν
537 2002 664 2058 νοῦν
698 2004 967 2077 κυϐερνᾷν
994 2007 1056 2060 τὸ
1090 2007 1270 2077 σῶμα.

756 2132 930 2188 THE’.
960 2163 1032 2176 —
1055 2136 1142 2207 Ἰᾩ
1173 2137 1376 2209 arm.

2041 1116 2142 1184 Qui
2171 1116 2351 1174 carnis
2383 1116 2629 1172 illiberali
2664 1118 2997 1184 mancipatus
3017 1126 3100 1173 est
3127 1117 3257 1171 vitio
3282 1116 3364 1188 (ut
3389 1131 3535 1173 cras-

1969 1210 2111 1266 siore
2144 1218 2264 1263 utar
2292 1208 2561 1278 exemplo)
2603 1222 2709 1263 non
2754 1208 3017 1263 absimilis
3048 1218 3130 1263 cst
3172 1208 3411 1279 aurigae,
3443 1210 3534 1277 qui

1959 1317 2119 1358 curru
2147 1299 2378 1363 excidit,
2410 1307 2652 1369 raptatus
2685 1314 2714 1352 a
2742 1298 3025 1368 jumentis,
3061 1313 3161 1352 nec
3190 1298 3260 1353 ab
3303 1298 3407 1353 illis
3443 1313 3535 1352 so-

1958 1393 2133 1458 lutus,
2189 1390 2282 1446 sed
2331 1389 2463 1460 jngo
2512 1389 2816 1457 implicatus
2868 1390 3133 1444 socordia:
3180 1389 3313 1444 dans
3356 1388 3533 1457 justas

1957 1495 2165 1552 ptrnas.
2207 1479 2332 1536 Hinc
2358 1482 2502 1535 enim
2536 1480 2749 1535 inversa
2775 1480 3027 1534 accidunt
3056 1488 3267 1534 natura.
3299 1480 3529 1534 Currum

1955 1572 2099 1627 enim
2150 1581 2295 1625 recte
2324 1587 2390 1625 cx
2423 1579 2540 1625 arte
2568 1582 2759 1639 regere
2785 1571 3075 1635 convenit;
3113 1570 3253 1624 male
3281 1585 3410 1624 vero
3440 1586 3530 1623 re-

1957 1679 2111 1733 gens,
2142 1664 2209 1718 ab
2241 1663 2395 1733 equis
2426 1671 2668 1730 raptatur
2692 1661 2901 1729 auriga.
2946 1661 3199 1716 Evertere
3225 1662 3368 1716 enim
3396 1676 3523 1715 eum

1958 1756 2048 1823 qui
2083 1771 2147 1810 ex
2183 1763 2377 1809 natura
2424 1754 2683 1823 imperat,
2729 1754 2780 1807 id
2822 1762 2905 1807 est
2947 1763 3197 1806 naturam
3232 1754 3528 1807 invertere.

1959 1843 2165 1912 Corpus
2195 1842 2375 1912 itaque
2407 1856 2437 1895 a
2468 1850 2649 1896 mente
2678 1841 2788 1908 regi
2823 1855 2921 1909 par
2954 1850 3038 1895 est
3073 1856 3135 1895 ac
3167 1841 3477 1910 gubernari.

2358 2147 2749 2204 CCCLxxxv.
2787 2178 2858 2189 --
2912 2146 3140 2202 EIDEM.
3228 2226 3231 2229 _

1264 2229 1620 2289 Fortitudinis
1662 2246 1907 2293 extrema:
1936 2240 2166 2295 audacia
2196 2250 2245 2295 et
2284 2241 2565 2296 timiditas.

356 2332 429 2386 Τὸ
460 2333 560 2403 μὲν
581 2333 961 2406 λελογισμένον
992 2338 1088 2392 καὶ
1109 2342 1375 2407 γενναῖον,
1404 2343 1646 2413 ἀνδρεῖον
1678 2344 1854 2415 ἔγωγε

285 2419 466 2474 καλῶν
505 2420 564 2474 τὸ
599 2422 657 2476 δὲ
684 2422 897 2492 ἄλογον,
940 2426 1033 2479 καὶ
1059 2427 1161 2497 τὴν
1190 2427 1319 2482 ἄνευ
1362 2428 1456 2483 νοῦ
1491 2432 1687 2504 ἀλκὴν,
1720 2434 1851 2506 θρα-

287 2510 492 2582 σύτητα
519 2515 926 2586 προσαγορεύω.

550 2714 737 2782 τηαν.
774 2746 843 2757 -
870 2715 1119 2789 ΑΛΦΕΙῼ
1152 2718 1578 2778 ΜΟΝΑΖΟΝΤΙ.

2030 2349 2181 2415 Quod
2212 2358 2295 2405 est
2326 2366 2449 2405 cum
2479 2351 2688 2405 ratione
2718 2366 2782 2404 ac
2812 2364 3073 2419 generose
3109 2358 3315 2417 gestum
3340 2388 3356 2414 ,
3389 2350 3528 2404 idem

1957 2454 2058 2507 ego
2086 2439 2227 2496 forte
2257 2456 2321 2495 ac
2344 2440 2498 2495 virile
2529 2441 2775 2511 appello;
2808 2451 3018 2507 contra,
3040 2442 3180 2510 quod
3215 2441 3530 2510 imprudens

1956 2541 2042 2584 est
2074 2545 2136 2584 ac
2169 2531 2285 2585 sine
2319 2540 2497 2585 mente
2524 2531 2801 2586 robustum
2824 2569 2839 2592 ,
2872 2531 2922 2585 id
2951 2546 3052 2602 ego
3083 2531 3368 2586 audaciam
3397 2546 3528 2586 con-

1958 2619 2342 2690 ﬁdentiamque
2371 2622 2578 2675 dixero.

2154 2726 2569 2783 CCCLXXXVI.
2608 2757 2677 2769 —-
2708 2728 2962 2785 ALPlllO
2998 2727 3351 2784 MONACHO.

1524 2819 1603 2874 De
1622 2821 1747 2886 jure
1770 2821 1891 2876 belli
1912 2838 1975 2876 ac
1999 2825 2260 2881 vindictae.

351 2926 464 2995 Τῆς
488 2929 586 2997 μὲν
607 2930 714 2982 τῶν
740 2933 1036 3004 ἀλλοτρίων
1061 2936 1224 2993 ἕνεκα
1252 2942 1499 3009 κτήσεως
1519 2943 1687 3014 μόνης
1712 2945 1846 3014 (26),

2027 2946 2173 3001 Bella
2242 2947 2352 3002 fere
2400 2945 2470 3002 ob
2513 2946 2718 3001 alienas
2778 2946 3081 3002 conﬂantur
3134 2951 3520 3018 possessiones,

280 3016 320 3110 ii
368 3017 622 3110 μάλιστα,
669 3023 717 3073 oi
754 3024 978 3094 πόλεμοι
1016 3030 1465 3099 ἀναῤῥιπίξονται
1490 3050 1503 3064 ·
1536 3033 1596 3085 οὗ
1643 3036 1851 3098 πάντας

1963 3041 2234 3107 bonaque:
2267 3053 2331 3093 ac
2362 3053 2428 3093 ne
2450 3038 2881 3106 omnes’quidem
2915 3038 3049 3093 bella
3081 3049 3327 3110 gerentes
3360 3055 3525 3095 accu-

277 3107 335 3199 δὲ
371 3108 493 3171 τοὺς
536 3112 906 3183 πολεμοῦντας
947 3120 1215 3175 αἰτιατέον
1238 3138 1253 3152 ο
1295 3124 1428 3177 ἀλλὰ
1454 3126 1581 3188 τοὺς
1614 3117 1726 3195 μέν’
1749 3128 1850 3199 ἀρ-

280 3197 476 3262 ξαντας
504 3200 536 3269 ἣ
574 3202 772 3272 χειρῶν
820 3206 1020 3259 ἀδίκων
1050 3209 1081 3278 ἢ
1116 3210 1397 3281 ἁρπαγῆς,
1432 3213 1508 3277 ὡς
1541 3197 1851 3287 ἀλιτηρίους

278 3287 535 3357 δαίμονας
566 3293 867 3359 νομιστέον.
922 3296 1059 3359 Τοὺς
1092 3298 1149 3350 δὲ
1180 3300 1554 3370 ἀμυνομένους
1591 3305 1848 3374 μετρίως,

278 3376 402 3429 οὔτε
455 3380 733 3448 μεμπτέον
781 3383 855 3446 ὡς
913 3385 1151 3451 ἀδίκους.
1205 3390 1453 3460 Νόμιμον
1482 3392 1589 3463 γὰρ
1620 3397 1850 3465 πρᾶγμα

281 3467 557 3521 ποιοῦσιψ
598 3470 721 3524 οὕτε
765 3475 871 3543 μὴν
918 3476 1257 3546 θαυμαστέον
1290 3481 1366 3545 ὡς
1400 3483 1720 3554 φιλοσόφους
1758 3488 1851 3540 καὶ

281 3558 711 3629 ἀνακηρυκτέον,
737 3564 832 3617 ἆτε
862 3566 973 3635 (27)
999 3569 1210 3640 οὐρανῷ
1236 3573 1552 3642 πρέπουσαν
1577 3578 1849 3631 πολιτείαν

282 3648 749 3722 πολιτευομένους,
791 3657 892 3710 οὐκ
937 3659 995 3710 ὲν
1033 3660 1111 3730 τῷ
1140 3664 1395 3735 ἁντιδρᾷν
1430 3666 1466 3723 ἃ
1494 3669 1846 3734 πεπόνθασιν,

281 3735 401 3788 ἀλλ’
426 3740 484 3792 έν
514 3741 593 3811 τῷ
625 3745 885 3810 γενναίως
918 3750 1162 3815 ἐνεγκεῖν
1189 3753 1288 3821 τὴν
1313 3754 1605 3823 ἀνανδρίαν
1635 3757 1851 3826 κρίναν-

281 3843 405 3889 τας.
458 3830 592 3894 Τοὺς
627 3834 682 3885 δὲ
718 3834 943 3899 δικαίως
995 3838 1095 3908 μὲν
1141 3841 1533 3911 ἀμυνομένους,
1585 3846 1850 3915 ὑπερϐαί-

284 3933 475 3981 νοντας
516 3920 572 3974 as
618 3925 714 3993 τῆς
767 3927 982 3999 ἀμύνης
1028 3929 1089 3982 τὸ
1137 3932 1352 4001 μέτρον,
1405 3933 1481 3997 ὡς
1532 3934 1849 3999 ἀδικοῦντας

284 4011 578 4079 γραπτέον.
630 4018 692 4067 Οἱ
746 4018 853 4087 γὰρ
898 4020 1154 4090 ἀμέτρως
1209 4022 1560 4092 ἀμυνόμενοι,
1608 4025 1850 4097 δεύτεροι

285 4101 447 4153 πάλιν
503 4105 887 4175 κατάρχουσιν.
957 4112 1328 4184 Ἀντιμετρεῖν
1382 4115 1490 4186 γὰρ
1562 4117 1667 4188 χρὴ
1737 4120 1850 4181 τοῖς

292 4188 721 4262 πλημμελήμασι
755 4196 852 4259 τὰς
882 4200 1173 4268 τιμωρίας,
1206 4203 1304 4271 οὐχ
1337 4202 1727 4271 ὑπερϐαίνειν
1764 4203 1852 4256 ἵνα

1950 3129 2136 3193 sandi,
2167 3130 2260 3183 sed
2301 3130 2389 3198 qui
2422 3127 2722 3198 suscipiunt
2751 3128 2834 3183 vel
2885 3129 3115 3198 injuriae,
3150 3132 3231 3187 vel
3277 3132 3523 3201 rapiendi

1950 3233 2132 3284 causa,
2163 3217 2215 3272 hi
2247 3217 2532 3287 perniciosi
2559 3217 2707 3273 velut
2733 3219 3005 3273 daemones
3037 3220 3289 3274 habendi.
3332 3222 3399 3274 At
3427 3220 3522 3292 qui

1951 3308 2192 3363 modeste
2222 3308 2500 3361 vindicant
2534 3322 2598 3362 ac
2628 3308 2907 3363 moderate
2935 3310 3264 3364 ulciscuntur
3299 3312 3522 3382 injurias

1952 3396 2145 3463 illatas,
2171 3412 2277 3453 non
2306 3407 2433 3452 sunt
2479 3408 2537 3452 ιιι
2578 3398 2705 3468 justi
2757 3400 3208 3469 reprehendendi.
3243 3401 3321 3456 Ex
3349 3403 3523 3473 legum

1949 3488 2094 3541 enim
2116 3489 2430 3558 prmscripto
2459 3503 2569 3543 rem
2597 3499 2825 3556 gerunt:
2856 3505 3028 3558 neque
3051 3506 3142 3545 eos
3164 3492 3327 3547 veluti
3351 3492 3525 3562 philo-

1952 3579 2152 3648 sophos
2180 3578 2439 3633 admirari
2472 3588 2687 3649 oportet
2736 3594 2836 3635 nec
2867 3581 3229 3650 depraedicare
3257 3584 3406 3652 quasi
3441 3584 3523 3637 vi-

1954 3679 2061 3724 tam
2090 3669 2229 3725 coelo
2258 3670 2470 3736 dignam
2501 3671 2791 3735 ducentes,
2823 3686 2928 3725 non
2968 3672 3020 3726 in
3062 3673 3416 3742 rependeudis
3442 3674 3525 3727 in-

1947 3760 2108 3829 juriis
2134 3776 2269 3829 quas
2300 3763 2538 3829 perpessi
2576 3771 2736 3827 sunt,
2764 3765 2858 3817 sed
2879 3765 3022 3831 quod
3050 3764 3279 3818 viriliter
3313 3775 3367 3818 et
3392 3779 3521 3819 cou-

1951 3862 2159 3905 stanter
2188 3850 2304 3903 illas
2330 3852 2623 3919 perferant,
2659 3852 2905 3906 inertiam
2932 3851 3228 3921 culpantes.
3264 3852 3364 3917 Qui
3392 3868 3523 3908 vero

1945 3941 2089 4012 juste
2119 3942 2332 4008 quidem
2361 3956 2421 3995 se
2456 3942 2749 4003 vindicant,
2783 3941 2996 3995 modum
3031 3953 3206 3997 tamen
3231 3945 3519 4008 excedunt,

1953 4032 1986 4084 ii
2035 4041 2093 4084 ut
2127 4031 2306 4100 injusti
2350 4042 2481 4087 sunt
2517 4033 2826 4086 accusandi.
2867 4033 2965 4099 Qui
2989 4035 3133 4089 enim
3170 4035 3522 4092 inunoderate

1952 4121 2309 4187 ulciscuntur,
2337 4125 2626 4177 secundam
2649 4133 2703 4176 et
2727 4138 2915 4177 novam
2938 4124 3223 4179 ordiuntur
3250 4125 3519 4192 injuriam.

1954 4212 2149 4268 Ptenas
2175 4214 2327 4267 enim.
2365 4213 2575 4268 delictis
2597 4228 2717 4268 esse
2744 4228 2903 4281 pares
2934 4224 3178 4282 oportet,
3214 4232 3319 4269 non
3351 4216 3520 4283 majo-

281 4280 359 4348 μὴ
399 4280 460 4332 τὸ
496 4281 702 4335 δίκαιον
750 4287 845 4337 καὶ
884 4288 945 4339 τὸ
974 4290 1200 4360 νόμιμον
1231 4292 1589 4362 ὑπερϐάντες,
1622 4296 1717 4350 καὶ
1755 4296 1851 4366 τὴν

1963 4318 2062 4367 res,
2096 4318 2160 4356 ne
2188 4302 2389 4370 justum
2426 4313 2481 4356 et
2512 4318 2725 4372 tequum
2761 4307 3079 4374 transgressi
3105 4314 3159 4359 et
3197 4306 3419 4373 justitiae
3457 4307 3521 4359 li-

280 4371 374 4422 ἐπὶ
416 4370 493 4440 τῷ
533 4372 755 4437 δικαίως
792 4376 1235 4449 ὲπεξεληλυθέναι
1267 4382 1423 4447 δόξαν
1455 4385 1844 4455 λυμηνάμενοι,

1963 4410 2051 4450 nes
2080 4397 2385 4450 excedenda
2414 4396 2637 4465 gloriam
2678 4395 3117 4460 dchonestautes,
3155 4399 3294 4452 inter
3321 4399 3523 4453 alasto—

282 4464 362 4524 είς
396 4463 521 4526 τοὺς
552 4463 855 4537 ἀλάστορας
882 4472 1249 4542 ὲγγραφῶσιν.

739 4762 906 4818 THZ'.
946 4797 1017 4806 -
1055 4769 1393 4842 ΟΛΥΜΠΙῼ.

1953 4503 2041 4543 res
2067 4486 2391 4551 referantur,
2423 4489 2683 4542 excedere
2709 4487 2944 4542 videare.
2985 4488 3393 4543 Gloriamenim
3427 4491 3520 4543 dc-

1956 4579 2265 4642 bonestant,
2298 4576 2520 4645 iustitia:
2552 4580 2686 4633 ﬁnes
2713 4579 3043 4647 excedenda,
3072 4590 3235 4648 utque
3260 4580 3392 4633 diris
3424 4593 3518 4633 ex-

1954 4667 2196 4721 secrandi
2234 4666 2465 4721 habendi
2496 4678 2645 4724 sunt.

2286 4774 2727 4832 CCCLXXXVII.
2768 4808 2837 4818 ——
2872 4777 3197 4834 OLYMPlO.

902 4873 1000 4929 Sui
1024 4880 1247 4947 cognitio
1280 4883 1451 4948 prima
1481 4885 1550 4935 ad
1596 4884 1866 4939 scientiam
1894 4887 1973 4939 via
1996 4903 2016 4950 ;
2042 4903 2105 4941 ea:
2137 4886 2369 4940 Platonis
2398 4885 2670 4939 Alcibiade
2697 4886 2889 4953 priore.

356 4977 477 5031 Ὀτι
504 4978 565 5032 τὸ
590 4980 788 5034 εἰδέναι
817 4982 1022 5035 οἴεσθαι
1060 4984 1154 5036 τοῦ
1185 4986 1258 5055 μὴ
1289 4988 1482 5041 εἰδέναι
1516 4991 1687 5044 αἴτιον
1708 4993 1840 5045 καο-

280 5069 543 5139 έστηκεν’
592 5072 640 5123 εί
687 5071 780 5124 καὶ
822 5072 1051 5140 αἴνιγμα
1100 5075 1246 5128 δοκεῖ
1282 5073 1422 5131 εἷναί
1473 5095 1554 5131 σοι
1598 5079 1658 5132 τὸ
1690 5082 1845 5150 εἰρη-

286 5161 462 5227 μένον.
511 5162 798 5232 Μαρτυρεῖ
838 5163 1085 5227 Πλάτων,
1115 5165 1172 5218 ὃν
1209 5168 1295 5218 ἀεὶ
1337 5168 1430 5220 ἐπὶ
1461 5169 1727 5239 στόματος
1756 5171 1849 5239 φέ-

282 5267 413 5321 ρεις,
460 5252 633 5319 λέγων
676 5255 811 5323 πρὸς
837 5255 927 5307 τὸν
964 5256 1323 5327 Ἀλκιϐιάδην.
1347 5262 1505 5312 Σωκ·
1562 5278 1579 5311 ι
1615 5262 1850 5330 Πότερον

284 5341 478 5394 σαυτὸν
519 5343 772 5412 λέληθας,
826 5346 906 5398 ὄτι
960 5348 1058 5402 οὐκ
1104 5350 1391 5402 ἐπίστασαι
1446 5350 1698 5422 τοῦτο;ἧ
1751 5354 1850 5423 ἐμὲ

2021 4993 2119 5060 Qui
2155 4994 2296 5049 scire
2325 5009 2382 5048 se
2409 5000 2585 5063 putat,
2608 5008 2704 5047 cur
2730 4991 2862 5045 nihil
2891 4991 3028 5045 sciat
3065 4992 3166 5047 sibi
3201 5007 3359 5047 causa
3389 5003 3512 5049 est;

1952 5083 2104 5135 multi
2136 5084 2199 5136 ad
2224 5084 2578 5139 eruditionem
2607 5081 2995 5151 pervenissent,
3025 5082 3123 5135 nisi
3152 5096 3210 5136 se
3250 5079 3360 5148 jam
3393 5097 3516 5149 per-

1954 5174 2161 5229 venisse
2193 5183 2498 5242 putassent,
2559 5174 2635 5228 ait
2668 5172 2894 5227 Seneca.
2958 5172 3014 5226 ld
3070 5174 3115 5226 si
3162 5174 3388 5241 teuigma
3423 5175 3531 5228 tibi

1956 5265 2221 5329 videntur,
2255 5267 2407 5319 testis
2436 5265 2656 5318 idoneus
2684 5263 2835 5317 Plato
2864 5275 2983 5329 est,
3026 5280 3183 5334 quem
3218 5280 3430 5332 semper
3459 5265 3513 5318 in

1957 5370 2052 5407 ore
2099 5353 2302 5407 habens
2349 5354 2567 5417 laudas,
2618 5369 2739 5408 cum
2774 5353 3048 5408 Alcibiade
3097 5354 3176 5409 sic
3223 5355 3526 5409 disserens.

1363 5534 1592 5589 VARle
1631 5535 2012 5591 LECTIONES
2054 5535 2139 5589 ET
2177 5536 2404 5592 ΝΟΤᾹΞ.

363 5681 421 5744 ςὲ
457 5686 472 5747 )
503 5681 627 5737 Post
662 5683 827 5754 μόνης
861 5685 1017 5740 iidem
1066 5687 1265 5741 addunt
1292 5687 1387 5750 ὡς.
1424 5688 1526 5741 Pro
1570 5690 1661 5742 ἅτε
1694 5690 1849 5743 iidcm

1970 5699 2061 5742 unt
2093 5688 2235 5741 οὕτε.
2270 5690 2434 5743 Ιόωιγ
2480 5700 2513 5723 ⁸
