3974 6144
453 273 589 337 1559
1650 283 1709 343 s.
1752 284 2039 344 ISIDORI
2076 283 2510 344 PELUSIO’I‘IE
3564 273 3706 341 1560

451 384 765 441 SOCBATES:
816 404 833 436 ι
861 386 1352 455 Animadvertisne,
1376 404 1412 445 ο
1437 389 1766 457 Alcibiades,
1816 402 1869 446 te
1897 394 2011 448 haec
2038 404 2077 460 Α

2162 392 2301 455 αθες
2329 390 2635 460 μανθάνων,
2675 387 2772 444 καὶ
2799 385 3001 456 φοιτῶν
3046 386 3127 449 si;
3157 385 3511 448 διδασκάλου,
3544 386 3607 448 ὃς
3643 403 3707 439 σε

453 477 739 544 ignorare?
767 478 933 549 676
963 494 1030 531 an
1056 494 1140 534 me
1173 482 1356 536 nescio
1383 481 1496 534 haec
1519 482 1775 550 didicisti,
1805 494 1857 539 et
1882 497 2017 553 prte-

2162 482 2378 536 δίδασκε
2414 481 2796 549 διαγινώσκειν
2823 478 2887 532 τὸ
2910 477 3245 548 δικαιότερόν
3274 493 3334 528 τε
3379 478 3475 530 καὶ
3502 476 3711 529 ἀδικώ-

453 570 690 638 ουριοιίιι
717 584 929 637 Operam
968 570 1400 642 industriamque
1435 573 1765 639 adhibuisti,
1811 576 1903 645 qui
1967 586 2017 630 te

2162 589 2314 644 ερθν;
2362 593 2380 625 ι
2433 574 2592 626 'AJx.
2637 591 2656 622 ι
2698 572 2762 624 Τί
2790 570 2879 635 δὲ,
2922 572 2972 623 εί
3001 570 3078 639 μὴ
3107 569 3245 639 Exn);
3288 589 3307 620 ι
3343 570 3486 623 Σωκ,
3534 586 3554 618 ι
3585 569 3708 620 Οὐκ

455 660 673 713 deceret
693 660 988 727 dijudicare
1018 659 1215 728 justius
1243 673 1297 716 et
1333 663 1622 729 injustius?
1652 684 1670 715 ι
1712 664 1830 718 Mox
1861 667 2018 719 ALCI-

2164 683 2191 717 ν
2218 664 2321 717 οἴει
2356 680 2427 733 με
2467 664 2645 725 ἄλλως
2670 662 2866 716 ειδέναι
2913 662 3043 731 περὶ
3074 661 3187 714 τῶν
3213 661 3438 713 δικαίων
3464 661 3558 712 καὶ
3586 659 3711 711 ἁδε-

458 764 687 805 Bunss:
741 765 761 801 ι
783 748 980 814 Quidni
1010 750 1206 819 possim
1225 751 1249 803 ?
1269 770 1287 802 ι
1353 751 1478 807 Soc.
1518 770 1536 803 ι
1557 752 1912 809 Existimasne
1934 771 2019 810 me

2162 770 2266 821 wv;
2308 755 2430 819 ναὶ,
2473 753 2587 821 εἴγε
2619 752 2836 824 εὖροις⁶
2878 770 2898 803 ι
2962 751 3112 805 Ἅλις.
3154 771 3174 804 ι
3231 750 3375 803 Ἀλλ’
3406 750 3509 802 οὐκ
3540 750 3611 803 ἄν
3640 766 3713 817 με

460 855 634 894 rerum
683 839 949 906 iustarum
984 847 1039 891 et
1099 836 1417 905 injustarum
1460 839 1827 896 deﬁnitionem
1872 844 2021 913 igno-

2162 846 2304 917 δρεῖν
2332 848 2476 918 ήγῇ;
2514 865 2533 898 ι
2563 848 2709 899 Σωκ.
2743 865 2765 897 ι
2785 845 2895 898 Καὶ
2928 844 3076 913 μάλα
3103 860 3188 912 γε,
3239 844 3289 894 εί
3319 842 3641 912 ζητήσεως.
3681 861 3703 893 ι

461 928 622 984 rare?
670 927 934 982 Existimo
965 938 1113 983 certe
1152 940 1204 983 te
1238 930 1382 984 illam
1424 946 1616 1000 posse,
1648 933 1694 989 si
1727 948 1846 990 eam
1877 950 2026 990 com-

2162 937 2287 991 Δλκ.
2324 935 2489 991 «Εἶτα
2511 938 2744 1008 ζητῆσαι
2761 937 2861 990 οὐκ
2879 935 2947 991 ἂν
2965 934 3067 988 οῐει
3087 951 3188 1004 tte;
3214 952 3233 986 ι
3262 934 3403 987 Σωκ.
3427 951 3446 982 ι
3461 933 3709 999 Ἔγωγε,

458 1018 725 1089 pet-eris.»
797 1021 983 1074 Ascra.
1041 1013 1237 1075 «Tunc
1269 1036 1400 1076 vero
1449 1023 1733 1079 arbitraris
1789 1042 1876 1081 me
1916 1040 2022 1081 non

2162 1031 2171 1083 ί
2200 1029 2440 1101 οἰηθείης
2471 1030 2549 1101 μὴ
2573 1031 2768 1083 ειδέναι
2804 1029 2941 1100 (27).
2985 1046 3004 1078 ι
3040 1028 3104 1080 Ei
3131 1026 3312 1078 τοίνυν
3345 1023 3500 1077 ταῦθ’
3529 1024 3710 1087 052m;

459 1110 826 1182 comperisse?
854 1130 872 1162 ι
927 1111 1052 1167 Soc.
1094 1130 1113 1163 ι
1146 1112 1405 1181 Equidem
1427 1115 1684 1181 arbitror,
1712 1117 1757 1171 si
1790 1132 1908 1171 eam
1938 1117 2024 1172 in-

2127 1120 2259 1189 ἔχει,
2294 1122 2414 1173 τότε
2456 1119 2739 1189 εἰσόμεθα,
2793 1119 2921 1173 ὅταν
2962 1118 3040 1190 μὴ
3076 1117 3275 1171 εἰδέναι
3312 1116 3547 1185 οἰόμενοι
3578 1118 3715 1180 τοὺς

462 1202 827 1273 vestigaveris.
853 1220 872 1253 ι
928 1200 1114 1256 Amm.
1165 1201 1322 1256 tiam
1355 1218 1509 1258 mene
1543 1220 1647 1259 non
1670 1204 2028 1276 investigasse

2163 1210 2480 1275 ιδὰσκοντας
2510 1210 2955 1283 ὲπιζητήσωμεν.

460 1294 819 1353 arbitraris?»
880 1297 1006 1353 Soc.
1052 1296 1350 1364 «Arbitror,
1382 1299 1427 1352 si
1460 1298 1748 1368 aliquando
1768 1300 2021 1370 opinatus
2059 1319 2119 1359 es
2148 1316 2199 1359 te
2263 1307 2407 1361 illam
2441 1307 2711 1375 ignorare.
2732 1326 2751 1357 ι
2804 1304 2936 1370 Qua;
2962 1318 3085 1360 cum
3150 1303 3226 1357 ita
3249 1303 3380 1368 sint,
3418 1311 3546 1358 tunc
3569 1302 3718 1359 scie-

460 1404 580 1444 mus
602 1430 617 1454 ,
647 1404 768 1443 cum
817 1404 920 1443 non
958 1389 1097 1443 scire
1124 1403 1217 1444 eos
1257 1390 1630 1446 existimantes
1660 1392 1751 1461 qui
1802 1402 1901 1447 nos
1936 1394 2166 1450 doceant
2194 1398 2664 1466 conquisierimus.

461 1496 921 1555 CCCLXXXVIII.
949 1529 1019 1539 —
1045 1497 1439 1555 ATHANASIO
1461 1511 1512 1555 et
1538 1500 2022 1559 TllEOGNOSTO.

2292 1508 2472 1564 THH'.
2512 1538 2581 1549 —-
2610 1509 2955 1578 ΛΘΛΝΑΣΙῼ
2982 1507 3101 1561 ΚΑΙ
3130 1508 3551 1576 ΘΕΟΓΝΩΣΤῼ.

851 1588 1105 1643 Timothei
1134 1592 1237 1644 vita
1276 1591 1446 1659 functi
1472 1591 1732 1657 laudatio,
1763 1595 1920 1648 veluti
1950 1595 2187 1664 funebris
2217 1604 2411 1664 oratio,
2451 1602 2514 1653 de
2542 1617 2644 1670 quo
2685 1611 2731 1653 et
2759 1600 2850 1652 lib.
2885 1614 2946 1663 ιι,
2993 1601 3146 1665 epist.
3176 1599 3326 1669 155.)

537 1696 658 1753 Vita
695 1712 865 1765 nuper
910 1697 1147 1750 functum
1185 1698 1525 1753 Timotheum
1573 1702 1742 1756 bonos
1789 1701 2033 1757 imitandi
2068 1696 2109 1751 Β

467 1788 962 1853 studiosissimum,
1000 1789 1343 1858 maximeque
1369 1791 1787 1856 admirandum,
1821 1793 1907 1847 vel
1952 1808 2038 1848 me

468 1890 680 1936 tacente
718 1879 911 1934 novisti
947 1894 1257 1948 expressam
1294 1880 1510 1936 virtutis
1546 1882 1801 1937 habuisse
1836 1883 2037 1954 imagi-

469 1986 615 2027 nem.
668 1971 818 2038 Quod
846 1986 975 2025 vcro
1007 1971 1241 2026 maxime
1284 1972 1438 2027 nobis
1470 1971 1721 2029 addictus
1759 1974 1954 2039 fuerit,
1987 1983 2042 2029 et

468 2078 498 2114 a
540 2064 696 2118 nobis
731 2072 970 2131 putetur,
1011 2064 1111 2117 etsi
1158 2077 1262 2115 non
1301 2062 1373 2116 ita
1419 2066 1530 2127 sit.
1571 2064 1793 2120 duxisse
1831 2064 2039 2120 initium

471 2155 554 2210 sui
590 2156 640 2208 in
671 2154 860 2209 melius
889 2167 1225 2222 progressus,
1249 2152 1494 2222 quamvis
1525 2154 1689 2207 multa
1722 2170 1844 2223 qua:
1867 2155 2040 2208 dicam

472 2255 794 2316 suppetunt,
832 2244 1200 2313 praetermitto,
1234 2244 1355 2296 aliis
1383 2243 1621 2297 dolorem
1658 2243 1708 2297 in
1745 2244 1810 2297 iis
1840 2245 2035 2313 quibus

473 2337 694 2408 glorior,
729 2338 1057 2405 relinquens.
1122 2334 1296 2391 Unum
1333 2336 1538 2401 dicam,
1572 2335 1724 2403 cujus
1768 2335 1844 2389 rei
1878 2345 2044 2389 testes

474 2429 630 2481 amici
661 2437 811 2490 sunt,
838 2428 1001 2481 etiam
1040 2427 1269 2492 inimici,
1300 2442 1365 2481 eo
1397 2440 1458 2481 se
1483 2427 1785 2492 demisisse,
1811 2436 2043 2481 tantam-

475 2536 579 2587 que
602 2532 727 2589 erga
758 2533 853 2573 nos
888 2518 1198 2574 exhibuisse
1231 2518 1687 2580 benevolentiam,
1714 2529 1772 2572 ut
1808 2519 1852 2572 si
1885 2519 2045 2573 dare-

479 2621 564 2663 tur
609 2609 683 2663 illi
715 2609 900 2678 optio;
955 2609 1045 2663 ubi
1082 2609 1300 2670 mallet,
1340 2621 1407 2660 an
1453 2607 1504 2661 in
1542 2608 1707 2678 regiis
1732 2609 1936 2661 versari
1965 2607 2048 2662 vel

478 2716 685 2754 mecum
715 2740 731 2766 ,
767 2701 869 2755 hoc
913 2700 1031 2754 sine
1061 2698 1226 2755 dubio
1264 2699 1563 2768 praeferret.
1634 2698 1835 2766 Duplici
1886 2699 2050 2768 igitur

479 2792 694 2845 nomine
735 2792 851 2859 ejus
887 2803 1117 2845 mortem
1169 2790 1393 2844 moleste
1438 2789 1577 2855 fero,
1622 2806 1743 2845 cum
1797 2791 1868 2845 ob
1897 2806 2050 2845 sum-

477 2899 622 2938 mam
658 2884 828 2951 ipsius
857 2883 1142 2946 virtutem,
1175 2890 1288 2935 tum
1320 2882 1390 2935 ob
1419 2882 1687 2935 sinceram
1730 2881 2048 2937 amicitiam.

483 2972 597 3027 Duo
647 2987 772 3026 vero
821 2970 1056 3025 vicissim
1107 2970 1346 3024 dolorem
1404 2971 1736 3025 consolando
1783 2972 2048 3037 adimunt,

481 3063 654 3132 primo
679 3062 817 3128 quod
846 3060 935 3116 ille
957 3061 1191 3116 decessit
1218 3075 1248 3114 e
1277 3060 1381 3114 vita
1410 3072 1657 3128 ornatus,
1690 3061 1884 3117 deinde
1906 3035 2049 3130 quod
2077 3035 2120 3093 δ

481 3156 687 3210 amoris
714 3155 888 3226 gratia
921 3168 1175 3208 coronam
1208 3168 1237 3205 a
1271 3153 1380 3208 Deo
1410 3155 1696 3222 acceperit.

532 3364 953 3423 CCCLXXXIX.
989 3392 1059 3405 --
1096 3360 1470 3418 TIIEODORO
1499 3360 2010 3417 ANACHORETAL

2211 1707 2330 1760 ’Ότι
2380 1707 2479 1778 μὲν
2534 1709 2562 1760 ὁ
2623 1704 2890 1777 μακάριος
2944 1705 3209 1772 Τιμόθεος
3266 1704 3721 1774 μιμητικιῖπατος

2142 1801 2359 1870 ἐγένετο
2388 1802 2481 1853 καὶ
2510 1799 2957 1869 Θαυμασιώτατος
2980 1798 3197 1851 ἃπασαν
3226 1796 3570 1867 ὲκμάξασθαι
3607 1813 3725 1849 πα-

2143 1891 2505 1963 ραδείγματος
2551 1891 2774 1961 ἀρετὴν,
2824 1890 2940 1942 ίστε
2990 1886 3093 1940 κᾶν
3129 1889 3206 1959 μὴ
3238 1888 3456 1959 γράφω.
3504 1886 3634 1939 Ὅτι
3661 1888 3725 1940 δὲ

2141 1985 2361 2038 πάντων
2418 1984 2651 2053 μάλιστα
2697 1985 2828 2051 ἡμῖν
2881 1979 3294 2051 προσανέκειτο,
3334 1980 3425 2031 καὶ
3458 1978 3521 2041 ἐξ
3557 1978 3725 2046 ἡμῶν

2142 2077 2328 2146 ἡγεῖτο
2360 2073 2441 2145 (εί
2476 2074 2568 2125 καὶ
2597 2072 2671 2143 μὴ
2699 2071 2871 2133 οὕτως
2898 2066 3013 2139 εἶχε
3037 2070 3095 2121 τὸ
3127 2068 3391 2139 πρᾶγμα)
3417 2068 3517 2132 τὴν
3541 2067 3729 2135 ἀρχὴν

2143 2164 2292 2234 αὐτῷ
2316 2163 2645 2232 γεγενῆσθαι
2670 2165 2769 2232 τῆς
2801 2161 2912 2231 (28)
2944 2162 3036 2214 ἐπὶ
3068 2160 3127 2212 τὸ
3154 2162 3375 2228 ἄμεινον
3407 2160 3725 2228 προκοπῆς,

2145 2256 2315 2309 πολλὰ
2347 2255 2483 2324 ἔχων
2511 2256 2706 2317 εἰπεῖν,
2739 2250 3076 2321 παραλείψω,
3108 2251 3511 2319 φυλαττόμενος
3540 2248 3605 2299 τὸ
3630 2248 3730 2299 λυ-

2147 2348 2321 2418 πῆσαί
2368 2352 2519 2408 τινας
2559 2345 2643 2411 ἐφ’
2675 2329 2755 2406 οἷς
2789 2342 3144 2413 σεμνύνομαι.
3196 2342 3294 2394 Ἐν
3322 2341 3379 2393 δὲ
3410 2340 3629 2413 φρᾲσω,
3664 2332 3729 2393 οὗ

2148 2442 2345 2501 πάντες
2389 2438 2483 2491 καὶ
2525 2436 2669 2504 φίλοι
2694 2434 2787 2488 καὶ
2818 2433 3002 2504 ἐχθροὶ
3024 2433 3349 2502 τυγχάνουσι
3395 2431 3683 2502 μάρτυρες
3709 2446 3726 2459 ·

2147 2534 2227 2586 ὅτι
2265 2529 2515 2584 τοσοῦτον
2548 2530 2765 2598 ἥττητο,
2800 2528 2893 2580 καὶ
2925 2527 3194 2595 τοσαύτην
3228 2524 3359 2594 περὶ
3388 2525 3536 2593 ἡμᾶς
3574 2519 3730 2593 εἶχεν

2148 2621 2304 2687 αἰδὼ,
2344 2621 2419 2684 ὡς
2467 2621 2516 2673 εί
2563 2623 2774 2688 αἵρεσις
2809 2617 2959 2687 αὐτῷ
2988 2616 3274 2688 προετέθη,
3324 2618 3414 2667 ποῖ
3447 2614 3728 2684 βούλεται,

2150 2714 2207 2765 ὲν
2254 2713 2366 2773 τοῖς
2408 2708 2691 2779 βασιλείοις
2736 2706 3016 2777 διατρίψω
3062 2705 3095 2774 ἦ
3128 2704 3259 2775 παρ’
3286 2704 3433 2774 ἐμοὶ,
3463 2700 3627 2755 τοῦτο
3661 2704 3730 2756 ἂν

2150 2802 2499 2871 ἀσυγκρίτως
2547 2798 2783 2852 ἑλέσθαι.
2842 2799 2996 2850 Δυοῖν
3042 2796 3223 2849 τοίνυν
3266 2796 3451 2847 ἕνεκεν
3510 2794 3730 2864 βαρέως

2153 2888 2396 2957 ἐνεγκὼν
2424 2888 2522 2958 τὴν
2552 2886 2740 2939 τούτου
2770 2885 3048 2956 τελευτὴν,
3085 2885 3203 2947 ἐνὸς
3230 2884 3352 2955 μὲν,
3378 2884 3467 2937 διὰ
3492 2884 3591 2954 τὴν
3621 2885 3725 2936 ἁνο

2154 2980 2491 3052 υπέρϐλητον
2533 2978 2755 3050 ἀρετὴν,
2808 2978 2996 3048 ἐτέρου
3032 2978 3088 3030 δὲ
3121 2977 3212 3029 διὰ
3256 2975 3354 3047 τὴν
3392 2977 3731 3046 ἀσύγκριτον

2156 3072 2359 3143 φιλίαν,
2399 3071 2502 3123 ὑπὸ
2542 3070 2686 3123 δυοῖν
2729 3067 3124 3140 ὲΘεραπεύθην,
3153 3067 3249 3120 τοῦ
3276 3083 3337 3119 τε
3367 3066 3611 3129 εὐκλεῶς
3643 3067 3733 3117 ev.

2155 3162 2344 3217 τεῠθεν
2381 3160 2901 3231 ἀποπεφοιτηκέναι,
2928 3158 3020 3212 τοῦ
3056 3175 3117 3211 τε
3143 3157 3296 3227 παρὰ
3326 3156 3461 3210 Θεοῦ
3494 3157 3731 3224 ἐστεφα-

2158 3252 2382 3309 νῶσθαι.

2377 3360 2548 3414 ΤΠΘ.
2584 3387 2655 3399 -—
2686 3356 3009 3428 ΘΕΟΔΟΣΙῼ
3052 3356 3500 3425 ΑΝΑΧΩΡΗΤῌ.

485 3460 721 3514 Ρεσεαιίι
781 3470 1043 3527 utcunque
1083 3460 1259 3527 parvis
1293 3458 1550 3526 principio
1593 3457 1924 3517 obstandum,
1959 3472 2052 3527 ηε-
2068 3465 2322 3527 crescant,
2344 3466 2401 3508 ut
2430 3453 2651 3527 Zosimi
2670 3464 3072 3527 «ceterorumque
3103 3468 3197 3520 pro
3246 3451 3435 3521 quibus
3477 3463 3731 3519 tanquam

1359 3527 1647 3594 desperatis
1674 3527 1953 3579 orandum.
1991 3524 2225 3597 (Confer.
2266 3530 2418 3593 epist.
2453 3525 2509 3589 2,
2552 3524 2675 3586 105,
2705 3524 2853 3591 MO.)

557 3642 705 3696 Satis
734 3650 817 3695 est
845 3650 990 3695 tuam
1023 3639 1151 3693 mihi
1203 3638 1485 3694 testiﬁcari
1540 3638 1887 3693 sanctitatem
1947 3653 2053 3691 non

486 3748 606 3789 esse
636 3747 843 3786 morum
862 3731 1151 3800 quamdam
1182 3729 1685 3799 iusolentiam,qu'.e
1717 3731 1786 3784 ob
1816 3744 1899 3782 res
1932 3744 2054 3797 par-

487 3826 538 3879 vi
574 3823 831 3879 momenti
869 3825 1157 3888 irascatur,
1186 3822 1277 3876 sed
1307 3828 1681 3889 corruptorum
1716 3819 2055 3889 negOtiorum

2241 3639 2428 3709 Ἀρκεῖ
2454 3636 2632 3699 τοῦτο,
2685 3635 2745 3688 τὸ
2781 3632 3127 3705 μαρτυρῆσαί
3167 3650 3256 3703 μοι
3293 3632 3393 3701 τὴν
3424 3632 3526 3701 σὴν
3560 3632 3765 3717 ἀγιωι,

2160 3731 2345 3799 σύνην,
2391 3731 2473 3783 ὅτι
2517 3731 2617 3782 οὐκ
2664 3724 2733 3798 ἦν
2788 3726 3045 3779 δυσκολία
3097 3726 3313 3795 τρόπων
3370 3726 3466 3777 ἐπὶ
3516 3726 3734 3793 μικροῖς

2158 3820 2456 3887 ποιουμένη
2510 3815 2611 3885 τὴν
2656 3814 2845 3885 ὀργὴν,
2900 3813 3018 3866 ἀλλ’
3069 3812 3336 3882 ἐμπειρία
3387 3813 3734 3881 πραγμάτων

485 3916 940 3986 experimentum,
986 3922 1041 3968 et
1069 3915 1134 3968 ad
1162 3914 1401 3969 deterius
1432 3913 1752 3975 labentium,
1808 3912 1908 3965 nisi
1938 3926 2058 3980 quae

2162 3909 2591 3979 διεφθαρμένων,
2624 3909 2717 3961 καὶ
2747 3906 2842 3959 ἐπί
2876 3922 2938 3975 γε
2967 3905 3027 3958 τὸ
3060 3908 3241 3975 χεῖρον
3274 3904 3535 3975 ἡξόντων,
3578 3905 3629 3955 εί
3662 3902 3733 3971 μή

487 4007 772 4076 prohibeat
811 4007 1135 4061 necessitas.
1163 4006 1451 4061 Ostensum
1484 4005 1629 4058 enim
1657 4044 1671 4067 ,
1709 4014 1765 4057 nt
1796 4005 1876 4058 ais
1898 4045 1913 4069 ,
1947 4004 2057 4057 Eu-

2160 4018 2246 4065 τις
2274 4002 2488 4069 ἀνάγκη
2512 3998 2804 4051 κωλύσειεν
2821 4014 2834 4028 ’
2860 3996 3028 4061 ἔδειξε
3052 3997 3183 4080 γὰρ,
3210 3996 3286 4059 ὡς
3311 3994 3469 4065 ἔφης,
3505 3994 3567 4046 τὺ
3594 3996 3736 4063 πρί-

488 4100 715 4165 stathio,
750 4100 990 4161 Zosimo,
1014 4108 1069 4152 et
1104 4097 1306 4151 Maroni
1342 4095 1671 4150 successisse
1716 4108 1782 4148 ex
1816 4105 1939 4148 voto
1967 4095 2059 4149 de-

2162 4111 2300 4165 γμα,
2327 4092 2444 4155 πῶς
2468 4090 2770 4159 samem,
2806 4090 2899 4143 ml.
2937 4088 3192 4158 Ζωσίμῳ,
3242 4088 3338 4140 καὶ
3360 4089 3591 4155 Μάρωνι
3639 4088 3736 4137 ἑπ-

488 4192 742 4245 mentiam
779 4189 1092 4244 deliciarum
1126 4202 1188 4242 ac
1223 4185 1483 4240 libidinis.
1510 4184 1706 4240 (Eslro
1721 4184 1864 4240 enim
1890 4200 1953 4241 ac
1973 4185 2056 4239 fu-

491 4296 616 4335 rore
652 4281 856 4335 incitati
878 4322 894 4347 ,
926 4279 1311 4349 propemodum
1340 4286 1626 4331 centauros
1675 4277 2058 4331 obscurarunt.

492 4371 609 4426 Non
644 4372 827 4441 itaque
871 4370 1109 4425 cessabis
1144 4384 1238 4422 eos
1279 4369 1601 4437 deplorare:
1633 4367 1717 4422 sin
1764 4368 2058 4435 gratiﬁcari

495 4464 656 4519 etiam
692 4462 793 4529 vis,
829 4458 1078 4531 precibus
1108 4458 1226 4513 illos
1247 4456 1463 4526 juvans,
1493 4467 1640 4513 recte
1673 4456 1891 4513 feceris.

989 4660 1231 4717 CCCXC.
1256 4690 1325 4700 —-
1352 4656 1600 4714 PAULO.

2163 4183 2477 4256 ηυξήθησαν
2519 4184 2574 4235 αἱ
2626 4182 2755 4252 περὶ
2789 4181 2888 4250 τὴν
2918 4180 3131 4251 τρυφὴν
3162 4179 3264 4256 ⁸καὶ
3302 4178 3403 4248 τὴν
3447 4177 3736 4244 ἀσέλγειαν

2166 4253 2375 4345 μανίαι.
2409 4272 2743 4343 Οἰστρῶντες
2777 4270 2886 4341 γὰρ
2916 4270 3010 4323 καὶ⁸
3040 4253 3360 4333 λυτεῶντες,
3390 4267 3593 4338 μικροῦ
3613 4268 3735 4329 τοὺς

2164 4362 2496 4435 κενταύρους
2537 4350 2884 4431 ἀπέκρυψαν.
2933 4361 3196 4415 Λείπεται
3242 4356 3336 4413 οὖν
3378 4360 3556 4423 οὐδὲν,
3591 4360 3624 4428 ἢ
3676 4358 3735 4410 τὸ

2165 4454 2523 4523 καταθρηνεῖν
2562 4450 2787 4514 αὐτούς·
2820 4454 2870 4503 εί
2917 4450 2974 4505 δὲ
3004 4450 3101 4505 καὶ
3133 4450 3387 4521 χαρίσαιο
3416 4450 3601 4511 αὐτοῖς
3637 4446 3733 4509 τὰς

2166 4544 2364 4600 σαυτοῦ
2394 4546 2579 4614 εὐχὰς,
2610 4539 2739 4610 εὖγε
2767 4543 3071 4610 ποιήσειας.

2690 4651 2806 4717 Τις.
2846 4678 2915 4690 -
2952 4649 3203 4718 mmo.

1510 4767 1685 4838 [Lucri
1719 4776 2062 4835 contemptus,
2094 4766 2326 4832 bonaque
2359 4762 2696 4816 existimatio.

566 4885 697 4941 Novi
731 4901 830 4956 ego
850 4886 1130 4955 quosdam,
1160 4881 1386 4937 forsitan
1416 4890 1469 4935 ct
1497 4888 1573 4941 tu,
1599 4880 1689 4948 qui
1715 4879 1893 4934 oblata
1922 4894 2061 4946 pra:-

494 4981 601 5034 mia
633 4981 919 5033 honoraria
949 4993 1052 5031 non
1081 4976 1377 5031 admisere:
1406 4989 1509 5027 non
1532 4974 1677 5039 quod
1707 4972 1912 5026 lucrum
1938 4984 2061 5024 con-

2236 4873 2370 4931 Οἶδά
2396 4893 2567 4938 τινας,
2603 4876 2732 4936 ἴσως
2759 4870 2816 4926 δὲ
2858 4870 2957 4925 καὶ
2990 4870 3172 4932 αὐτὸς,
3208 4868 3278 4920 τὰ
3308 4868 3564 4936 διδόμενα
3600 4867 3729 4935 γέρα

2168 4971 2247 5040 μὴ
2295 4967 2716 5039 προσιεμένουςο
2764 4963 2827 5018 οὐ
2872 4960 2952 5031 τῷ
2994 4962 3277 5032 κρείττους
3341 4955 3483 5012 εἶναι
3536 4957 3728 5028 κερδῶν

1623 5147 1856 5203 VARIA'J
1897 5145 2279 5203 LECTIONES
2310 5143 2397 5199 ET
2430 5144 2660 5201 NOTAE.

574 5313 687 5381 (‘27)
725 5311 859 5365 Tres
886 5322 1008 5364 esse
1042 5306 1275 5381 docet‘in
1301 5304 1567 5381 Alcibiade
1590 5303 1762 5381 priore
1791 5301 1945 5380 Plato
1971 5301 2068 5381 hu-

500 5371 679 5437 manae
701 5393 903 5433 natura:
931 5387 1107 5446 pestes
1148 5393 1161 5428 :
1186 5373 1564 5446 ignorantiam,
1586 5371 1979 5446 _negligentiam,
2009 5378 2062 5421 et

498 5452 892 5518 arrogantiam;
932 5441 1249 5515 ignorantiae
1294 5456 1449 5518 vero_
1475 5441 1667 5518 duplex
1713 5454 1882 5518 genus
1917 5453 2059 5518 esse,

502 5507 810 5572 exisiimare
838 5507 898 5569 ea
946 5507 1103 5568 nosse
1141 5507 1261 5581 quas
1306 5507 1643 5568 nescias,’de
1680 5522 1788 5581 quo
1814 5507 2065 5581 hocloco

501 5588 613 5655 agit
636 5586 870 5638 Isidorus
891 5576 1174 5655 ;WailACl‘tllD—
1193 5593 1481 5655 agnoscere
1512 5586 1656 5655 ιιιξιιιι
1680 5576 2063 5655 ignorantiam,

504 5644 567 5707 ci’
582 5644 1027 5721 peritortun'tidei
1062 5661 1112 5705 te
1159 5644 1512 5703 committere.
1553 5646 1684 5701 Ilinc
1707 5644 1777 5701 ὀι
1812 5644 2067 5700 Socrates

2175 5312 2377 5369 septem
2406 5298 2628 5369 Graecia:
2654 5298 2976 5369 sapientum
3019 5291 3451 5369 sapientissimus
3479 5284 3721 5369 Apollinis

2171 5351 2390 5425 oraculo
2419 5351 2519 5423 est
2542 5351 2779 5426 habitus,
2804 5366 2945 5434 quod
2974 5351 3135 5417 ιιιιιιὶιι
3178 5376 3237 5415 se
3269 5360 3411 5413 seire
3439 5351 3578 5427 quod
3602 5351 3715 5407 nihil

2169 5442 2353 5501 sciret,
2377 5437 2687 5492 aﬂirmaret.
2723 5437 2959 5489 SCHOTT.
3148 5500 3154 5501 ί
3322 5498 3368 5501 η
3418 5495 3459 5501 __
3563 5491 3621 5501 μ,

2380 5488 3000 5576 ⁷Τῆςηιιιιιιέὴεπὶίιιιιιιιιιιι
3035 5503 3086 5557 ἰιι
3107 5500 3208 5570 τὴν
3236 5498 3391 5555 codd.
3418 5495 3537 5550 Vat.
3558 5488 3655 5549 650
3672 5496 3715 5542 ct

2239 5590 2276 5633 t.
2351 5593 2514 5633 essm.

2169 5581 2276 5633 Alt.
2309 5581 2514 5633 Possm.
