  <div class='ocr_page' id='page_1' title='image "/cluster/home/n/w/nwhite01/storage/ocr_20150623/78/mdp.39015010334699/788.png"; bbox 0 0 3974 6144; ppageno 0'>
   <div class='ocr_carea' id='block_1_1' title="bbox 319 308 452 375">
    <p class='ocr_par' dir='ltr' id='par_1_1' title="bbox 319 308 452 375">
     <span class='ocr_line' id='line_1_1' title="bbox 319 308 452 375; baseline 0.015 -3"><span class='ocrx_word' id='word_1_1' title='bbox 319 308 452 375; x_wconf 85' lang='grc'><strong>1561</strong></span> 
     </span>
    </p>
   </div>
   <div class='ocr_carea' id='block_1_2' title="bbox 1144 308 2713 376">
    <p class='ocr_par' dir='ltr' id='par_1_2' title="bbox 1144 308 2713 376">
     <span class='ocr_line' id='line_1_2' title="bbox 1144 308 2713 376; baseline 0.001 -2"><span class='ocrx_word' id='word_1_2' title='bbox 1144 311 1675 375; x_wconf 83' lang='lat' dir='ltr'><strong>EPISTOLARUM</strong></span> <span class='ocrx_word' id='word_1_3' title='bbox 1712 310 1860 371; x_wconf 87' lang='lat' dir='ltr'><strong>LIB.</strong></span> <span class='ocrx_word' id='word_1_4' title='bbox 1897 310 1967 372; x_wconf 86' lang='lat' dir='ltr'><strong>V.</strong></span> <span class='ocrx_word' id='word_1_5' title='bbox 2004 333 2076 348; x_wconf 89' lang='grc'><strong>--</strong></span> <span class='ocrx_word' id='word_1_6' title='bbox 2111 308 2349 372; x_wconf 87' lang='lat' dir='ltr'><strong>EPIST.</strong></span> <span class='ocrx_word' id='word_1_7' title='bbox 2380 311 2713 376; x_wconf 86' lang='lat' dir='ltr'><strong>CCCXCIV.</strong></span> 
     </span>
    </p>
   </div>
   <div class='ocr_carea' id='block_1_3' title="bbox 3435 306 3569 374">
    <p class='ocr_par' dir='ltr' id='par_1_3' title="bbox 3435 306 3569 374">
     <span class='ocr_line' id='line_1_3' title="bbox 3435 306 3569 374; baseline -0.03 1"><span class='ocrx_word' id='word_1_8' title='bbox 3435 306 3569 374; x_wconf 73' lang='lat'><strong>1562</strong></span> 
     </span>
    </p>
   </div>
   <div class='ocr_carea' id='block_1_4' title="bbox 318 418 1948 498">
    <p class='ocr_par' dir='ltr' id='par_1_4' title="bbox 318 418 1948 498">
     <span class='ocr_line' id='line_1_4' title="bbox 318 418 1948 498; baseline -0.004 -18"><span class='ocrx_word' id='word_1_9' title='bbox 318 427 521 496; x_wconf 75' lang='grc' dir='ltr'>(πάσης</span> <span class='ocrx_word' id='word_1_10' title='bbox 547 427 653 497; x_wconf 72' lang='grc' dir='ltr'>γὰρ</span> <span class='ocrx_word' id='word_1_11' title='bbox 674 426 738 479; x_wconf 81' lang='grc' dir='ltr'><strong>ἂν</strong></span> <span class='ocrx_word' id='word_1_12' title='bbox 752 418 891 497; x_wconf 78' lang='grc' dir='ltr'>ἦσαν</span> <span class='ocrx_word' id='word_1_13' title='bbox 917 426 1272 498; x_wconf 79' lang='grc' dir='ltr'>ἀναρρήσεως</span> <span class='ocrx_word' id='word_1_14' title='bbox 1294 427 1479 498; x_wconf 74' lang='grc' dir='ltr'>ἄξιοι),</span> <span class='ocrx_word' id='word_1_15' title='bbox 1503 426 1637 480; x_wconf 81' lang='grc' dir='ltr'>ἀλλὰ</span> <span class='ocrx_word' id='word_1_16' title='bbox 1664 425 1743 494; x_wconf 84' lang='grc' dir='ltr'>τῷ</span> <span class='ocrx_word' id='word_1_17' title='bbox 1766 439 1883 491; x_wconf 87' lang='grc' dir='ltr'>μει-</span> <span class='ocrx_word' id='word_1_18' title='bbox 1911 430 1948 483; x_wconf 74' lang='grc' dir='ltr'><em>Α</em></span> 
     </span>
    </p>
   </div>
   <div class='ocr_carea' id='block_1_5' title="bbox 2023 418 3568 498">
    <p class='ocr_par' dir='ltr' id='par_1_5' title="bbox 2023 422 3568 498">
     <span class='ocr_line' id='line_1_5' title="bbox 2023 422 3568 498; baseline 0.002 -22"><span class='ocrx_word' id='word_1_19' title='bbox 2023 434 2291 477; x_wconf 64' lang='lat' dir='ltr'><strong>Elimean</strong></span> <span class='ocrx_word' id='word_1_20' title='bbox 2321 424 2534 494; x_wconf 87' lang='lat' dir='ltr'><strong>(quovis</strong></span> <span class='ocrx_word' id='word_1_21' title='bbox 2562 425 2703 479; x_wconf 89' lang='lat' dir='ltr'><strong>enim</strong></span> <span class='ocrx_word' id='word_1_22' title='bbox 2735 425 3005 495; x_wconf 81' lang='lat' dir='ltr'><strong>praeconio</strong></span> <span class='ocrx_word' id='word_1_23' title='bbox 3029 424 3174 498; x_wconf 88' lang='lat' dir='ltr'><strong>digni</strong></span> <span class='ocrx_word' id='word_1_24' title='bbox 3206 422 3423 494; x_wconf 88' lang='lat' dir='ltr'><strong>erant),</strong></span> <span class='ocrx_word' id='word_1_25' title='bbox 3472 425 3568 479; x_wconf 84' lang='lat' dir='ltr'><strong>sed</strong></span> 
     </span>
    </p>
   </div>
   <div class='ocr_carea' id='block_1_6' title="bbox 317 516 1892 585">
    <p class='ocr_par' dir='ltr' id='par_1_6' title="bbox 317 516 1892 585">
     <span class='ocr_line' id='line_1_6' title="bbox 317 516 1892 585; baseline -0.003 -15"><span class='ocrx_word' id='word_1_26' title='bbox 317 516 487 580; x_wconf 83' lang='grc' dir='ltr'>ζόνων</span> <span class='ocrx_word' id='word_1_27' title='bbox 521 517 797 584; x_wconf 71' lang='grc' dir='ltr'>ἐφίεσθαιο</span> <span class='ocrx_word' id='word_1_28' title='bbox 857 518 1054 580; x_wconf 81' lang='grc' dir='ltr'>οἵτινες</span> <span class='ocrx_word' id='word_1_29' title='bbox 1081 518 1174 570; x_wconf 71' lang='grc' dir='ltr'><strong>καὶ</strong></span> <span class='ocrx_word' id='word_1_30' title='bbox 1217 517 1375 581; x_wconf 84' lang='grc' dir='ltr'>δόξαν</span> <span class='ocrx_word' id='word_1_31' title='bbox 1403 516 1725 585; x_wconf 82' lang='grc' dir='ltr'><strong>σκαιότητος</strong></span> <span class='ocrx_word' id='word_1_32' title='bbox 1761 530 1892 582; x_wconf 83' lang='grc' dir='ltr'>κερ-</span> 
     </span>
    </p>
   </div>
   <div class='ocr_carea' id='block_1_7' title="bbox 316 601 1891 677">
    <p class='ocr_par' dir='ltr' id='par_1_7' title="bbox 316 601 1891 677">
     <span class='ocr_line' id='line_1_7' title="bbox 316 601 1891 677; baseline -0.004 -17"><span class='ocrx_word' id='word_1_33' title='bbox 316 608 578 671; x_wconf 88' lang='grc' dir='ltr'>δαίνουσι,</span> <span class='ocrx_word' id='word_1_34' title='bbox 612 606 713 676; x_wconf 83' lang='grc' dir='ltr'>τῆς</span> <span class='ocrx_word' id='word_1_35' title='bbox 744 607 914 670; x_wconf 80' lang='grc' dir='ltr'>ὅντως</span> <span class='ocrx_word' id='word_1_36' title='bbox 936 607 1187 668; x_wconf 82' lang='grc' dir='ltr'>εὐκλείας</span> <span class='ocrx_word' id='word_1_37' title='bbox 1215 606 1600 677; x_wconf 90' lang='grc' dir='ltr'>γυμνούμενοι.</span> <span class='ocrx_word' id='word_1_38' title='bbox 1628 604 1748 673; x_wconf 83' lang='grc' dir='ltr'>Χρὴ</span> <span class='ocrx_word' id='word_1_39' title='bbox 1774 601 1891 654; x_wconf 57' lang='grc' dir='ltr'>τοίθ</span> 
     </span>
    </p>
   </div>
   <div class='ocr_carea' id='block_1_8' title="bbox 317 693 1886 768">
    <p class='ocr_par' dir='ltr' id='par_1_8' title="bbox 317 693 1886 768">
     <span class='ocr_line' id='line_1_8' title="bbox 317 693 1886 768; baseline -0.003 -17"><span class='ocrx_word' id='word_1_40' title='bbox 317 716 414 753; x_wconf 92' lang='grc' dir='ltr'><strong>νυν</strong></span> <span class='ocrx_word' id='word_1_41' title='bbox 449 700 681 768; x_wconf 79' lang='grc' dir='ltr'>μάλιστα</span> <span class='ocrx_word' id='word_1_42' title='bbox 711 697 811 767; x_wconf 80' lang='grc' dir='ltr'><strong>μὲν</strong></span> <span class='ocrx_word' id='word_1_43' title='bbox 839 699 1153 767; x_wconf 84' lang='grc' dir='ltr'>κρείττονας</span> <span class='ocrx_word' id='word_1_44' title='bbox 1191 693 1331 751; x_wconf 77' lang='grc' dir='ltr'>εἶναι</span> <span class='ocrx_word' id='word_1_45' title='bbox 1360 696 1569 767; x_wconf 82' lang='grc' dir='ltr'>κερδῶν</span> <span class='ocrx_word' id='word_1_46' title='bbox 1587 712 1603 726; x_wconf 76' lang='grc' dir='ltr'><strong>ο</strong></span> <span class='ocrx_word' id='word_1_47' title='bbox 1633 697 1681 747; x_wconf 83' lang='grc' dir='ltr'>εἰ</span> <span class='ocrx_word' id='word_1_48' title='bbox 1708 694 1765 746; x_wconf 88' lang='grc' dir='ltr'>δὲ</span> <span class='ocrx_word' id='word_1_49' title='bbox 1789 694 1886 763; x_wconf 79' lang='grc' dir='ltr'>μὴ,</span> 
     </span>
    </p>
   </div>
   <div class='ocr_carea' id='block_1_9' title="bbox 318 770 1893 859">
    <p class='ocr_par' dir='ltr' id='par_1_9' title="bbox 318 770 1893 859">
     <span class='ocr_line' id='line_1_9' title="bbox 318 770 1893 859; baseline -0.006 -17"><span class='ocrx_word' id='word_1_50' title='bbox 318 789 539 858; x_wconf 81' lang='grc' dir='ltr'>ἀγαπᾷν</span> <span class='ocrx_word' id='word_1_51' title='bbox 582 788 645 840; x_wconf 88' lang='grc' dir='ltr'>τὸ</span> <span class='ocrx_word' id='word_1_52' title='bbox 692 787 908 859; x_wconf 86' lang='grc' dir='ltr'>μέτριον</span> <span class='ocrx_word' id='word_1_53' title='bbox 932 805 943 817; x_wconf 92' lang='grc'><strong>·</strong></span> <span class='ocrx_word' id='word_1_54' title='bbox 981 788 1068 840; x_wconf 82' lang='grc' dir='ltr'>ἵνα</span> <span class='ocrx_word' id='word_1_55' title='bbox 1118 788 1192 858; x_wconf 82' lang='grc' dir='ltr'>μὴ</span> <span class='ocrx_word' id='word_1_56' title='bbox 1222 789 1283 841; x_wconf 84' lang='grc' dir='ltr'><strong>τὸ</strong></span> <span class='ocrx_word' id='word_1_57' title='bbox 1309 770 1446 856; x_wconf 70' lang='grc' dir='ltr'>ὑπὲρ</span> <span class='ocrx_word' id='word_1_58' title='bbox 1474 786 1576 857; x_wconf 77' lang='grc' dir='ltr'>τὴν</span> <span class='ocrx_word' id='word_1_59' title='bbox 1605 785 1762 851; x_wconf 79' lang='grc' dir='ltr'>ἀξίαν</span> <span class='ocrx_word' id='word_1_60' title='bbox 1793 784 1893 852; x_wconf 84' lang='grc' dir='ltr'><strong>ζη-</strong></span> 
     </span>
    </p>
   </div>
   <div class='ocr_carea' id='block_1_10' title="bbox 318 874 1890 946">
    <p class='ocr_par' dir='ltr' id='par_1_10' title="bbox 318 874 1890 946">
     <span class='ocr_line' id='line_1_10' title="bbox 318 874 1890 946; baseline -0.003 -15"><span class='ocrx_word' id='word_1_61' title='bbox 318 879 556 941; x_wconf 81' lang='grc' dir='ltr'>τοῦντες,</span> <span class='ocrx_word' id='word_1_62' title='bbox 588 878 685 933; x_wconf 75' lang='grc' dir='ltr'><strong>καὶ</strong></span> <span class='ocrx_word' id='word_1_63' title='bbox 715 879 810 932; x_wconf 81' lang='grc' dir='ltr'>τοῦ</span> <span class='ocrx_word' id='word_1_64' title='bbox 843 879 965 933; x_wconf 83' lang='grc' dir='ltr'>κατ’</span> <span class='ocrx_word' id='word_1_65' title='bbox 1001 877 1158 942; x_wconf 78' lang='grc' dir='ltr'>ἀξίαν</span> <span class='ocrx_word' id='word_1_66' title='bbox 1189 877 1531 946; x_wconf 76' lang='grc' dir='ltr'><strong>ἐκπέσωμεν,</strong></span> <span class='ocrx_word' id='word_1_67' title='bbox 1574 875 1668 928; x_wconf 79' lang='grc' dir='ltr'>καὶ</span> <span class='ocrx_word' id='word_1_68' title='bbox 1703 874 1890 927; x_wconf 82' lang='grc' dir='ltr'>σκαιό-</span> 
     </span>
    </p>
   </div>
   <div class='ocr_carea' id='block_1_11' title="bbox 321 964 1891 1041">
    <p class='ocr_par' dir='ltr' id='par_1_11' title="bbox 321 964 1891 1041">
     <span class='ocr_line' id='line_1_11' title="bbox 321 964 1891 1041; baseline -0.004 -19"><span class='ocrx_word' id='word_1_69' title='bbox 321 986 486 1041; x_wconf 84' lang='grc' dir='ltr'>τητος</span> <span class='ocrx_word' id='word_1_70' title='bbox 511 968 668 1033; x_wconf 83' lang='grc' dir='ltr'>δόξαν</span> <span class='ocrx_word' id='word_1_71' title='bbox 700 968 984 1039; x_wconf 80' lang='grc' dir='ltr'>σχοίημεν,</span> <span class='ocrx_word' id='word_1_72' title='bbox 1015 969 1117 1022; x_wconf 83' lang='grc' dir='ltr'><strong>οὐκ</strong></span> <span class='ocrx_word' id='word_1_73' title='bbox 1145 968 1240 1021; x_wconf 67' lang='grc' dir='ltr'><strong>ἐπὶ</strong></span> <span class='ocrx_word' id='word_1_74' title='bbox 1261 966 1338 1038; x_wconf 84' lang='grc' dir='ltr'>τῷ</span> <span class='ocrx_word' id='word_1_75' title='bbox 1373 967 1559 1020; x_wconf 80' lang='grc' dir='ltr'>λαϐεῖν</span> <span class='ocrx_word' id='word_1_76' title='bbox 1589 981 1644 1019; x_wconf 88' lang='grc' dir='ltr'><strong>τι</strong></span> <span class='ocrx_word' id='word_1_77' title='bbox 1686 964 1891 1032; x_wconf 78' lang='grc' dir='ltr'>ἀγαθὸν</span> 
     </span>
    </p>
   </div>
   <div class='ocr_carea' id='block_1_12' title="bbox 322 1056 1893 1131">
    <p class='ocr_par' dir='ltr' id='par_1_12' title="bbox 322 1056 1893 1131">
     <span class='ocr_line' id='line_1_12' title="bbox 322 1056 1893 1131; baseline -0.003 -17"><span class='ocrx_word' id='word_1_78' title='bbox 322 1060 815 1131; x_wconf 77' lang='grc' dir='ltr'>ἐγκωμιαζόμενοι,</span> <span class='ocrx_word' id='word_1_79' title='bbox 844 1060 961 1114; x_wconf 86' lang='grc' dir='ltr'>ἀλλ’</span> <span class='ocrx_word' id='word_1_80' title='bbox 1007 1060 1101 1112; x_wconf 74' lang='grc' dir='ltr'>ἐπὶ</span> <span class='ocrx_word' id='word_1_81' title='bbox 1147 1057 1228 1129; x_wconf 83' lang='grc' dir='ltr'><strong>τῷ</strong></span> <span class='ocrx_word' id='word_1_82' title='bbox 1260 1058 1587 1129; x_wconf 84' lang='grc' dir='ltr'>προσλαϐεῖν</span> <span class='ocrx_word' id='word_1_83' title='bbox 1632 1075 1685 1110; x_wconf 82' lang='grc' dir='ltr'><strong>τι</strong></span> <span class='ocrx_word' id='word_1_84' title='bbox 1725 1056 1893 1110; x_wconf 84' lang='grc' dir='ltr'>κακὸν</span> 
     </span>
    </p>
   </div>
   <div class='ocr_carea' id='block_1_13' title="bbox 323 1147 765 1221">
    <p class='ocr_par' dir='ltr' id='par_1_13' title="bbox 323 1147 765 1221">
     <span class='ocr_line' id='line_1_13' title="bbox 323 1147 765 1221; baseline -0.002 -17"><span class='ocrx_word' id='word_1_85' title='bbox 323 1147 585 1221; x_wconf 78' lang='grc' dir='ltr'>κωμῳδού</span> <span class='ocrx_word' id='word_1_86' title='bbox 593 1167 765 1220; x_wconf 84' lang='grc' dir='ltr'>μενοι.</span> 
     </span>
    </p>
   </div>
   <div class='ocr_carea' id='block_1_14' title="bbox 849 1231 1369 1304">
    <p class='ocr_par' dir='ltr' id='par_1_14' title="bbox 849 1231 1369 1304">
     <span class='ocr_line' id='line_1_14' title="bbox 849 1231 1369 1304; baseline 0 -16"><span class='ocrx_word' id='word_1_87' title='bbox 849 1236 1011 1302; x_wconf 56' lang='lat' dir='ltr'><strong>Tw.</strong></span> <span class='ocrx_word' id='word_1_88' title='bbox 1041 1264 1113 1275; x_wconf 90' lang='lat'><strong>—</strong></span> <span class='ocrx_word' id='word_1_89' title='bbox 1141 1231 1369 1304; x_wconf 84' lang='grc' dir='ltr'><strong>ΝΕΙΛῼ.</strong></span> 
     </span>
    </p>
   </div>
   <div class='ocr_carea' id='block_1_15' title="bbox 1994 513 3561 583">
    <p class='ocr_par' dir='ltr' id='par_1_15' title="bbox 1994 513 3561 583">
     <span class='ocr_line' id='line_1_15' title="bbox 1994 513 3561 583; baseline 0.003 -20"><span class='ocrx_word' id='word_1_90' title='bbox 1994 523 2053 564; x_wconf 85' lang='grc' dir='ltr'><strong>ιιι</strong></span> <span class='ocrx_word' id='word_1_91' title='bbox 2083 513 2394 581; x_wconf 82' lang='lat' dir='ltr'><strong>acciperent</strong></span> <span class='ocrx_word' id='word_1_92' title='bbox 2424 514 2625 583; x_wconf 86' lang='lat' dir='ltr'><strong>majora</strong></span> <span class='ocrx_word' id='word_1_93' title='bbox 2652 555 2669 581; x_wconf 91' lang='lat'><strong>,</strong></span> <span class='ocrx_word' id='word_1_94' title='bbox 2698 515 2801 569; x_wconf 85' lang='lat' dir='ltr'><strong>har.</strong></span> <span class='ocrx_word' id='word_1_95' title='bbox 2833 517 3040 570; x_wconf 89' lang='lat' dir='ltr'><strong>ratione</strong></span> <span class='ocrx_word' id='word_1_96' title='bbox 3070 516 3345 570; x_wconf 72' lang='lat' dir='ltr'><strong>sinistram</strong></span> <span class='ocrx_word' id='word_1_97' title='bbox 3380 514 3561 583; x_wconf 78' lang='lat' dir='ltr'><strong>adepti</strong></span> 
     </span>
    </p>
   </div>
   <div class='ocr_carea' id='block_1_16' title="bbox 1994 601 3568 676">
    <p class='ocr_par' dir='ltr' id='par_1_16' title="bbox 1994 601 3568 676">
     <span class='ocr_line' id='line_1_16' title="bbox 1994 601 3568 676; baseline 0.003 -23"><span class='ocrx_word' id='word_1_98' title='bbox 1994 601 2217 665; x_wconf 80' lang='lat' dir='ltr'><strong>famam,</strong></span> <span class='ocrx_word' id='word_1_99' title='bbox 2243 614 2298 656; x_wconf 90' lang='lat' dir='ltr'><strong>et</strong></span> <span class='ocrx_word' id='word_1_100' title='bbox 2321 618 2443 657; x_wconf 88' lang='lat' dir='ltr'><strong>vera</strong></span> <span class='ocrx_word' id='word_1_101' title='bbox 2471 604 2685 671; x_wconf 78' lang='lat' dir='ltr'><strong>privati.</strong></span> <span class='ocrx_word' id='word_1_102' title='bbox 2716 606 2880 676; x_wconf 79' lang='lat'><strong>677</strong></span> <span class='ocrx_word' id='word_1_103' title='bbox 2914 606 3076 660; x_wconf 91' lang='lat' dir='ltr'><strong>Decet</strong></span> <span class='ocrx_word' id='word_1_104' title='bbox 3099 607 3282 675; x_wconf 81' lang='lat' dir='ltr'><strong>itaque</strong></span> <span class='ocrx_word' id='word_1_105' title='bbox 3334 606 3568 659; x_wconf 77' lang='lat' dir='ltr'><strong>maxime</strong></span> 
     </span>
    </p>
   </div>
   <div class='ocr_carea' id='block_1_17' title="bbox 1992 690 3567 761">
    <p class='ocr_par' dir='ltr' id='par_1_17' title="bbox 1992 690 3567 761">
     <span class='ocr_line' id='line_1_17' title="bbox 1992 690 3567 761; baseline 0.003 -17"><span class='ocrx_word' id='word_1_106' title='bbox 1992 690 2127 746; x_wconf 89' lang='lat' dir='ltr'><strong>lucri</strong></span> <span class='ocrx_word' id='word_1_107' title='bbox 2166 700 2578 760; x_wconf 90' lang='lat' dir='ltr'><strong>contemptores</strong></span> <span class='ocrx_word' id='word_1_108' title='bbox 2607 710 2727 750; x_wconf 84' lang='lat' dir='ltr'><strong>esse</strong></span> <span class='ocrx_word' id='word_1_109' title='bbox 2758 712 2772 748; x_wconf 89' lang='lat'><strong>:</strong></span> <span class='ocrx_word' id='word_1_110' title='bbox 2827 697 2909 749; x_wconf 90' lang='lat' dir='ltr'><strong>sin</strong></span> <span class='ocrx_word' id='word_1_111' title='bbox 2956 710 3115 750; x_wconf 80' lang='lat' dir='ltr'><strong>serus</strong></span> <span class='ocrx_word' id='word_1_112' title='bbox 3136 735 3152 761; x_wconf 91' lang='lat'><strong>,</strong></span> <span class='ocrx_word' id='word_1_113' title='bbox 3190 695 3407 749; x_wconf 90' lang='lat' dir='ltr'><strong>modum</strong></span> <span class='ocrx_word' id='word_1_114' title='bbox 3436 708 3567 749; x_wconf 86' lang='lat' dir='ltr'><strong>con-</strong></span> 
     </span>
    </p>
   </div>
   <div class='ocr_carea' id='block_1_18' title="bbox 1989 784 3570 855">
    <p class='ocr_par' dir='ltr' id='par_1_18' title="bbox 1989 784 3570 855">
     <span class='ocr_line' id='line_1_18' title="bbox 1989 784 3570 855; baseline 0.003 -19"><span class='ocrx_word' id='word_1_115' title='bbox 1989 784 2137 837; x_wconf 91' lang='lat' dir='ltr'><strong>venit</strong></span> <span class='ocrx_word' id='word_1_116' title='bbox 2167 799 2408 852; x_wconf 82' lang='lat' dir='ltr'><strong>servare,</strong></span> <span class='ocrx_word' id='word_1_117' title='bbox 2446 803 2514 842; x_wconf 91' lang='lat' dir='ltr'><strong>ne</strong></span> <span class='ocrx_word' id='word_1_118' title='bbox 2542 787 2668 855; x_wconf 91' lang='lat' dir='ltr'><strong>quid</strong></span> <span class='ocrx_word' id='word_1_119' title='bbox 2715 801 2877 854; x_wconf 86' lang='lat' dir='ltr'><strong>supra</strong></span> <span class='ocrx_word' id='word_1_120' title='bbox 2913 785 3227 855; x_wconf 88' lang='lat' dir='ltr'><strong>dignitatem</strong></span> <span class='ocrx_word' id='word_1_121' title='bbox 3255 784 3570 840; x_wconf 75' lang='lat' dir='ltr'><strong>aﬂectantcs</strong></span> 
     </span>
    </p>
   </div>
   <div class='ocr_carea' id='block_1_19' title="bbox 1994 873 3569 944">
    <p class='ocr_par' dir='ltr' id='par_1_19' title="bbox 1994 873 3569 944">
     <span class='ocr_line' id='line_1_19' title="bbox 1994 873 3569 944; baseline 0.001 -19"><span class='ocrx_word' id='word_1_122' title='bbox 1994 881 2051 926; x_wconf 89' lang='lat' dir='ltr'><strong>et</strong></span> <span class='ocrx_word' id='word_1_123' title='bbox 2066 873 2242 943; x_wconf 79' lang='lat' dir='ltr'><strong>dignis</strong></span> <span class='ocrx_word' id='word_1_124' title='bbox 2259 878 2571 930; x_wconf 84' lang='lat' dir='ltr'><strong>excidamus</strong></span> <span class='ocrx_word' id='word_1_125' title='bbox 2587 884 2640 930; x_wconf 91' lang='lat' dir='ltr'><strong>et</strong></span> <span class='ocrx_word' id='word_1_126' title='bbox 2660 875 2938 929; x_wconf 77' lang='lat' dir='ltr'><strong>sinistram</strong></span> <span class='ocrx_word' id='word_1_127' title='bbox 2960 888 3214 943; x_wconf 85' lang='lat' dir='ltr'><strong>paremus</strong></span> <span class='ocrx_word' id='word_1_128' title='bbox 3227 874 3531 944; x_wconf 82' lang='lat' dir='ltr'><strong>opinionem</strong></span> <span class='ocrx_word' id='word_1_129' title='bbox 3551 890 3569 939; x_wconf 92' lang='lat'><strong>;</strong></span> 
     </span>
    </p>
   </div>
   <div class='ocr_carea' id='block_1_20' title="bbox 1997 963 3571 1036">
    <p class='ocr_par' dir='ltr' id='par_1_20' title="bbox 1997 963 3571 1036">
     <span class='ocr_line' id='line_1_20' title="bbox 1997 963 3571 1036; baseline 0 -20"><span class='ocrx_word' id='word_1_130' title='bbox 1997 977 2103 1016; x_wconf 91' lang='lat' dir='ltr'><strong>non</strong></span> <span class='ocrx_word' id='word_1_131' title='bbox 2138 963 2387 1021; x_wconf 80' lang='lat' dir='ltr'><strong>laudandi</strong></span> <span class='ocrx_word' id='word_1_132' title='bbox 2429 966 2575 1036; x_wconf 88' lang='lat' dir='ltr'><strong>quod</strong></span> <span class='ocrx_word' id='word_1_133' title='bbox 2631 967 2755 1019; x_wconf 90' lang='lat' dir='ltr'><strong>boni</strong></span> <span class='ocrx_word' id='word_1_134' title='bbox 2797 965 3000 1033; x_wconf 86' lang='lat' dir='ltr'><strong>aliquid</strong></span> <span class='ocrx_word' id='word_1_135' title='bbox 3040 965 3442 1034; x_wconf 80' lang='lat' dir='ltr'><strong>acceperimus,</strong></span> <span class='ocrx_word' id='word_1_136' title='bbox 3476 963 3571 1020; x_wconf 83' lang='lat' dir='ltr'><strong>sed</strong></span> 
     </span>
    </p>
   </div>
   <div class='ocr_carea' id='block_1_21' title="bbox 1996 1056 3277 1126">
    <p class='ocr_par' dir='ltr' id='par_1_21' title="bbox 1996 1056 3277 1126">
     <span class='ocr_line' id='line_1_21' title="bbox 1996 1056 3277 1126; baseline 0.004 -20"><span class='ocrx_word' id='word_1_137' title='bbox 1996 1056 2139 1123; x_wconf 85' lang='lat' dir='ltr'><strong>quod</strong></span> <span class='ocrx_word' id='word_1_138' title='bbox 2176 1056 2304 1112; x_wconf 87' lang='lat' dir='ltr'><strong>mali</strong></span> <span class='ocrx_word' id='word_1_139' title='bbox 2339 1058 2468 1126; x_wconf 86' lang='lat' dir='ltr'><strong>quid</strong></span> <span class='ocrx_word' id='word_1_140' title='bbox 2500 1058 2647 1113; x_wconf 85' lang='lat' dir='ltr'><strong>nacti</strong></span> <span class='ocrx_word' id='word_1_141' title='bbox 2684 1059 2879 1122; x_wconf 89' lang='lat' dir='ltr'><strong>simus,</strong></span> <span class='ocrx_word' id='word_1_142' title='bbox 2915 1058 3277 1126; x_wconf 87' lang='lat' dir='ltr'><strong>vituperandi.</strong></span> 
     </span>
    </p>
   </div>
   <div class='ocr_carea' id='block_1_22' title="bbox 2480 1237 3072 1295">
    <p class='ocr_par' dir='ltr' id='par_1_22' title="bbox 2480 1237 3072 1295">
     <span class='ocr_line' id='line_1_22' title="bbox 2480 1237 3072 1295; baseline -0.007 0"><span class='ocrx_word' id='word_1_143' title='bbox 2480 1237 2749 1295; x_wconf 78' lang='lat' dir='ltr'><strong>CCCXCI.</strong></span> <span class='ocrx_word' id='word_1_144' title='bbox 2782 1267 2853 1282; x_wconf 89' lang='lat'><strong>—-</strong></span> <span class='ocrx_word' id='word_1_145' title='bbox 2888 1237 3072 1294; x_wconf 83' lang='lat' dir='ltr'><strong>NILO.</strong></span> 
     </span>
    </p>
   </div>
   <div class='ocr_carea' id='block_1_23' title="bbox 331 1319 3577 1398">
    <p class='ocr_par' dir='ltr' id='par_1_23' title="bbox 331 1319 3577 1398">
     <span class='ocr_line' id='line_1_23' title="bbox 331 1319 3577 1398; baseline -0.001 -16"><span class='ocrx_word' id='word_1_146' title='bbox 331 1328 399 1382; x_wconf 83' lang='lat' dir='ltr'><strong>In</strong></span> <span class='ocrx_word' id='word_1_147' title='bbox 428 1328 585 1381; x_wconf 82' lang='lat' dir='ltr'><strong>nimio</strong></span> <span class='ocrx_word' id='word_1_148' title='bbox 614 1326 792 1380; x_wconf 84' lang='lat' dir='ltr'><strong>dolore</strong></span> <span class='ocrx_word' id='word_1_149' title='bbox 836 1342 970 1392; x_wconf 67' lang='lat' dir='ltr'><strong>saepe</strong></span> <span class='ocrx_word' id='word_1_150' title='bbox 995 1336 1180 1393; x_wconf 86' lang='lat' dir='ltr'><strong>stupor</strong></span> <span class='ocrx_word' id='word_1_151' title='bbox 1206 1336 1253 1378; x_wconf 85' lang='lat' dir='ltr'><strong>et</strong></span> <span class='ocrx_word' id='word_1_152' title='bbox 1280 1323 1544 1377; x_wconf 85' lang='lat' dir='ltr'><strong>silentium</strong></span> <span class='ocrx_word' id='word_1_153' title='bbox 1567 1321 1787 1377; x_wconf 86' lang='lat' dir='ltr'><strong>obvenit.</strong></span> <span class='ocrx_word' id='word_1_154' title='bbox 1821 1319 2099 1393; x_wconf 81' lang='lat' dir='ltr'><strong>Obstupui,</strong></span> <span class='ocrx_word' id='word_1_155' title='bbox 2126 1336 2480 1398; x_wconf 72' lang='lat' dir='ltr'><strong>steteruntque</strong></span> <span class='ocrx_word' id='word_1_156' title='bbox 2513 1345 2695 1393; x_wconf 66' lang='lat' dir='ltr'><strong>comae,</strong></span> <span class='ocrx_word' id='word_1_157' title='bbox 2729 1339 2774 1382; x_wconf 87' lang='lat' dir='ltr'><strong>et</strong></span> <span class='ocrx_word' id='word_1_158' title='bbox 2810 1344 2908 1383; x_wconf 67' lang='lat' dir='ltr'><strong>vos:</strong></span> <span class='ocrx_word' id='word_1_159' title='bbox 2937 1328 3177 1397; x_wconf 79' lang='lat' dir='ltr'><strong>faucibus</strong></span> <span class='ocrx_word' id='word_1_160' title='bbox 3197 1327 3365 1381; x_wconf 69' lang='lat' dir='ltr'><strong>haesit.</strong></span> <span class='ocrx_word' id='word_1_161' title='bbox 3395 1323 3546 1394; x_wconf 76' lang='lat' dir='ltr'><strong>Virg.</strong></span> <span class='ocrx_word' id='word_1_162' title='bbox 3574 1332 3577 1333; x_wconf 66' lang='grc'><strong><em>⁷</em></strong></span> 
     </span>
    </p>
   </div>
   <div class='ocr_carea' id='block_1_24' title="bbox 400 1411 1900 1487">
    <p class='ocr_par' dir='ltr' id='par_1_24' title="bbox 400 1411 1900 1487">
     <span class='ocr_line' id='line_1_24' title="bbox 400 1411 1900 1487; baseline -0.005 -16"><span class='ocrx_word' id='word_1_163' title='bbox 400 1418 464 1472; x_wconf 74' lang='lat' dir='ltr'><strong>Ui</strong></span> <span class='ocrx_word' id='word_1_164' title='bbox 510 1418 606 1487; x_wconf 84' lang='grc' dir='ltr'>μὲν</span> <span class='ocrx_word' id='word_1_165' title='bbox 643 1415 880 1487; x_wconf 76' lang='grc' dir='ltr'>μετρίως</span> <span class='ocrx_word' id='word_1_166' title='bbox 913 1412 1243 1484; x_wconf 79' lang='grc' dir='ltr'>λυπούμενοι</span> <span class='ocrx_word' id='word_1_167' title='bbox 1273 1414 1368 1466; x_wconf 62' lang='grc' dir='ltr'><strong>καὶ⁹</strong></span> <span class='ocrx_word' id='word_1_168' title='bbox 1393 1412 1652 1483; x_wconf 80' lang='grc' dir='ltr'>δακρύειν</span> <span class='ocrx_word' id='word_1_169' title='bbox 1686 1411 1900 1482; x_wconf 82' lang='grc' dir='ltr'>ἰσχύου-</span> 
     </span>
    </p>
   </div>
   <div class='ocr_carea' id='block_1_25' title="bbox 332 1502 1900 1575">
    <p class='ocr_par' dir='ltr' id='par_1_25' title="bbox 332 1502 1900 1575">
     <span class='ocr_line' id='line_1_25' title="bbox 332 1502 1900 1575; baseline -0.006 -12"><span class='ocrx_word' id='word_1_170' title='bbox 332 1527 445 1564; x_wconf 75' lang='grc' dir='ltr'>σινο</span> <span class='ocrx_word' id='word_1_171' title='bbox 473 1510 522 1561; x_wconf 74' lang='grc' dir='ltr'><strong>οἱ</strong></span> <span class='ocrx_word' id='word_1_172' title='bbox 548 1508 605 1561; x_wconf 85' lang='grc' dir='ltr'>δὲ</span> <span class='ocrx_word' id='word_1_173' title='bbox 639 1506 1136 1575; x_wconf 84' lang='grc' dir='ltr'>καταπληττόμενοι</span> <span class='ocrx_word' id='word_1_174' title='bbox 1166 1505 1258 1557; x_wconf 73' lang='grc' dir='ltr'><strong>ἐπὶ</strong></span> <span class='ocrx_word' id='word_1_175' title='bbox 1284 1506 1405 1567; x_wconf 85' lang='grc' dir='ltr'>ταῖς</span> <span class='ocrx_word' id='word_1_176' title='bbox 1441 1502 1728 1573; x_wconf 78' lang='grc' dir='ltr'>μεγίσταις</span> <span class='ocrx_word' id='word_1_177' title='bbox 1765 1518 1900 1571; x_wconf 87' lang='grc' dir='ltr'>συμ-</span> 
     </span>
    </p>
   </div>
   <div class='ocr_carea' id='block_1_26' title="bbox 330 1590 1899 1672">
    <p class='ocr_par' dir='ltr' id='par_1_26' title="bbox 330 1590 1899 1672">
     <span class='ocr_line' id='line_1_26' title="bbox 330 1590 1899 1672; baseline -0.008 -18"><span class='ocrx_word' id='word_1_178' title='bbox 330 1604 541 1672; x_wconf 84' lang='grc' dir='ltr'>φοραῖς,</span> <span class='ocrx_word' id='word_1_179' title='bbox 588 1599 705 1651; x_wconf 84' lang='grc' dir='ltr'>ούδὲ</span> <span class='ocrx_word' id='word_1_180' title='bbox 760 1596 1026 1667; x_wconf 74' lang='grc' dir='ltr'>δακρύσαι</span> <span class='ocrx_word' id='word_1_181' title='bbox 1079 1594 1353 1657; x_wconf 84' lang='grc' dir='ltr'>δύνανται,</span> <span class='ocrx_word' id='word_1_182' title='bbox 1412 1594 1476 1662; x_wconf 83' lang='grc' dir='ltr'>τῇ</span> <span class='ocrx_word' id='word_1_183' title='bbox 1538 1590 1631 1643; x_wconf 81' lang='grc' dir='ltr'>τοῦ</span> <span class='ocrx_word' id='word_1_184' title='bbox 1691 1590 1899 1651; x_wconf 81' lang='grc' dir='ltr'>πάθους</span> 
     </span>
    </p>
   </div>
   <div class='ocr_carea' id='block_1_27' title="bbox 330 1676 1897 1760">
    <p class='ocr_par' dir='ltr' id='par_1_27' title="bbox 330 1676 1897 1760">
     <span class='ocr_line' id='line_1_27' title="bbox 330 1676 1897 1760; baseline -0.008 -15"><span class='ocrx_word' id='word_1_185' title='bbox 330 1690 603 1760; x_wconf 83' lang='grc' dir='ltr'>ὑπερϐολῇ</span> <span class='ocrx_word' id='word_1_186' title='bbox 659 1687 982 1748; x_wconf 82' lang='grc' dir='ltr'>ὲαλωκότες,</span> <span class='ocrx_word' id='word_1_187' title='bbox 1036 1685 1131 1737; x_wconf 75' lang='grc' dir='ltr'><strong>καὶ</strong></span> <span class='ocrx_word' id='word_1_188' title='bbox 1158 1686 1265 1737; x_wconf 77' lang='grc' dir='ltr'>πᾶν</span> <span class='ocrx_word' id='word_1_189' title='bbox 1299 1684 1423 1736; x_wconf 85' lang='grc' dir='ltr'>ὅσον</span> <span class='ocrx_word' id='word_1_190' title='bbox 1466 1676 1608 1751; x_wconf 79' lang='grc' dir='ltr'>εἶχον</span> <span class='ocrx_word' id='word_1_191' title='bbox 1634 1681 1799 1751; x_wconf 76' lang='grc' dir='ltr'>ὑγρὸν</span> <span class='ocrx_word' id='word_1_192' title='bbox 1831 1684 1897 1750; x_wconf 84' lang='grc' dir='ltr'>τῇ</span> 
     </span>
    </p>
   </div>
   <div class='ocr_carea' id='block_1_28' title="bbox 2077 1415 3571 1488">
    <p class='ocr_par' dir='ltr' id='par_1_28' title="bbox 2077 1415 3571 1488">
     <span class='ocr_line' id='line_1_28' title="bbox 2077 1415 3571 1488; baseline -0.001 -20"><span class='ocrx_word' id='word_1_193' title='bbox 2077 1415 2175 1480; x_wconf 83' lang='lat' dir='ltr'><strong>Qui</strong></span> <span class='ocrx_word' id='word_1_194' title='bbox 2204 1417 2480 1471; x_wconf 78' lang='lat' dir='ltr'><strong>moderate</strong></span> <span class='ocrx_word' id='word_1_195' title='bbox 2511 1418 2712 1481; x_wconf 85' lang='lat' dir='ltr'><strong>dolent,</strong></span> <span class='ocrx_word' id='word_1_196' title='bbox 2745 1417 3031 1488; x_wconf 85' lang='lat' dir='ltr'><strong>lacrymari</strong></span> <span class='ocrx_word' id='word_1_197' title='bbox 3076 1416 3245 1471; x_wconf 89' lang='lat' dir='ltr'><strong>etiam</strong></span> <span class='ocrx_word' id='word_1_198' title='bbox 3292 1424 3519 1484; x_wconf 89' lang='lat' dir='ltr'><strong>possunt</strong></span> <span class='ocrx_word' id='word_1_199' title='bbox 3555 1429 3571 1466; x_wconf 90' lang='lat'><strong>:</strong></span> 
     </span>
    </p>
   </div>
   <div class='ocr_carea' id='block_1_29' title="bbox 2006 1504 3578 1576">
    <p class='ocr_par' dir='ltr' id='par_1_29' title="bbox 2006 1504 3578 1576">
     <span class='ocr_line' id='line_1_29' title="bbox 2006 1504 3578 1576; baseline 0.001 -19"><span class='ocrx_word' id='word_1_200' title='bbox 2006 1506 2095 1573; x_wconf 89' lang='lat' dir='ltr'><strong>qui</strong></span> <span class='ocrx_word' id='word_1_201' title='bbox 2128 1522 2253 1559; x_wconf 84' lang='lat' dir='ltr'><strong>vero</strong></span> <span class='ocrx_word' id='word_1_202' title='bbox 2276 1508 2475 1576; x_wconf 78' lang='lat' dir='ltr'><strong>ingenti</strong></span> <span class='ocrx_word' id='word_1_203' title='bbox 2512 1509 2819 1561; x_wconf 76' lang='lat' dir='ltr'><strong>calamitate</strong></span> <span class='ocrx_word' id='word_1_204' title='bbox 2852 1506 3107 1573; x_wconf 72' lang='lat' dir='ltr'><strong>perculsi,</strong></span> <span class='ocrx_word' id='word_1_205' title='bbox 3167 1522 3234 1560; x_wconf 90' lang='lat' dir='ltr'><strong>ne</strong></span> <span class='ocrx_word' id='word_1_206' title='bbox 3284 1504 3578 1575; x_wconf 83' lang='lat' dir='ltr'><strong>laerymari</strong></span> 
     </span>
    </p>
   </div>
   <div class='ocr_carea' id='block_1_30' title="bbox 2006 1592 3576 1664">
    <p class='ocr_par' dir='ltr' id='par_1_30' title="bbox 2006 1592 3576 1664">
     <span class='ocr_line' id='line_1_30' title="bbox 2006 1592 3576 1664; baseline -0.002 -17"><span class='ocrx_word' id='word_1_207' title='bbox 2006 1596 2223 1664; x_wconf 84' lang='lat' dir='ltr'><strong>quidem</strong></span> <span class='ocrx_word' id='word_1_208' title='bbox 2252 1607 2473 1664; x_wconf 86' lang='lat' dir='ltr'><strong>queunt,</strong></span> <span class='ocrx_word' id='word_1_209' title='bbox 2510 1596 2708 1650; x_wconf 83' lang='lat' dir='ltr'><strong>doloris</strong></span> <span class='ocrx_word' id='word_1_210' title='bbox 2740 1596 2866 1649; x_wconf 86' lang='lat' dir='ltr'><strong>victi</strong></span> <span class='ocrx_word' id='word_1_211' title='bbox 2893 1594 3287 1661; x_wconf 76' lang='lat' dir='ltr'><strong>magnitudine,</strong></span> <span class='ocrx_word' id='word_1_212' title='bbox 3317 1602 3372 1646; x_wconf 90' lang='lat' dir='ltr'><strong>et</strong></span> <span class='ocrx_word' id='word_1_213' title='bbox 3416 1592 3576 1660; x_wconf 86' lang='lat' dir='ltr'><strong>quid-</strong></span> 
     </span>
    </p>
   </div>
   <div class='ocr_carea' id='block_1_31' title="bbox 2005 1680 3578 1756">
    <p class='ocr_par' dir='ltr' id='par_1_31' title="bbox 2005 1680 3578 1756">
     <span class='ocr_line' id='line_1_31' title="bbox 2005 1680 3578 1756; baseline -0.002 -18"><span class='ocrx_word' id='word_1_214' title='bbox 2005 1687 2131 1754; x_wconf 86' lang='lat' dir='ltr'><strong>quid</strong></span> <span class='ocrx_word' id='word_1_215' title='bbox 2163 1689 2298 1741; x_wconf 87' lang='lat' dir='ltr'><strong>inest</strong></span> <span class='ocrx_word' id='word_1_216' title='bbox 2318 1688 2522 1740; x_wconf 83' lang='lat' dir='ltr'><strong>humidi</strong></span> <span class='ocrx_word' id='word_1_217' title='bbox 2547 1687 2710 1756; x_wconf 79' lang='lat' dir='ltr'><strong>ignita</strong></span> <span class='ocrx_word' id='word_1_218' title='bbox 2736 1686 2785 1740; x_wconf 87' lang='lat' dir='ltr'><strong>vi</strong></span> <span class='ocrx_word' id='word_1_219' title='bbox 2814 1690 3187 1739; x_wconf 82' lang='lat' dir='ltr'><strong>consumente.</strong></span> <span class='ocrx_word' id='word_1_220' title='bbox 3213 1680 3372 1736; x_wconf 82' lang='lat' dir='ltr'><strong>Vultu</strong></span> <span class='ocrx_word' id='word_1_221' title='bbox 3396 1682 3578 1750; x_wconf 90' lang='lat' dir='ltr'><strong>itaque</strong></span> 
     </span>
    </p>
   </div>
   <div class='ocr_carea' id='block_1_32' title="bbox 328 1762 1948 1850">
    <p class='ocr_par' dir='ltr' id='par_1_32' title="bbox 328 1762 1948 1850">
     <span class='ocr_line' id='line_1_32' title="bbox 328 1762 1948 1850; baseline -0.007 -17"><span class='ocrx_word' id='word_1_222' title='bbox 328 1782 423 1835; x_wconf 77' lang='grc' dir='ltr'><strong>τοῦ</strong></span> <span class='ocrx_word' id='word_1_223' title='bbox 470 1780 639 1850; x_wconf 79' lang='grc' dir='ltr'>πυρὸς</span> <span class='ocrx_word' id='word_1_224' title='bbox 678 1779 829 1846; x_wconf 84' lang='grc' dir='ltr'><strong>ἀκμῇ</strong></span> <span class='ocrx_word' id='word_1_225' title='bbox 868 1776 1297 1843; x_wconf 82' lang='grc' dir='ltr'>δαπανήσαντες.</span> <span class='ocrx_word' id='word_1_226' title='bbox 1344 1774 1586 1842; x_wconf 85' lang='grc' dir='ltr'>Ἀχανεῖς</span> <span class='ocrx_word' id='word_1_227' title='bbox 1632 1771 1762 1838; x_wconf 80' lang='grc' dir='ltr'>γοῦν</span> <span class='ocrx_word' id='word_1_228' title='bbox 1809 1762 1948 1823; x_wconf 72' lang='grc' dir='ltr'>καὶ]</span> 
     </span>
    </p>
   </div>
   <div class='ocr_carea' id='block_1_33' title="bbox 2023 1762 3580 1850">
    <p class='ocr_par' dir='ltr' id='par_1_33' title="bbox 2023 1777 3580 1844">
     <span class='ocr_line' id='line_1_33' title="bbox 2023 1777 3580 1844; baseline -0.003 -16"><span class='ocrx_word' id='word_1_229' title='bbox 2023 1777 2216 1829; x_wconf 79' lang='grc' dir='ltr'><strong>ιιιοιιίιῑ</strong></span> <span class='ocrx_word' id='word_1_230' title='bbox 2269 1791 2333 1831; x_wconf 88' lang='lat' dir='ltr'><strong>ac</strong></span> <span class='ocrx_word' id='word_1_231' title='bbox 2363 1777 2594 1844; x_wconf 88' lang='lat' dir='ltr'><strong>perculsi</strong></span> <span class='ocrx_word' id='word_1_232' title='bbox 2653 1789 2906 1839; x_wconf 78' lang='lat' dir='ltr'><strong>rnoerore,</strong></span> <span class='ocrx_word' id='word_1_233' title='bbox 2953 1787 3125 1842; x_wconf 91' lang='lat' dir='ltr'><strong>neque</strong></span> <span class='ocrx_word' id='word_1_234' title='bbox 3168 1786 3358 1825; x_wconf 88' lang='lat' dir='ltr'><strong>vocem</strong></span> <span class='ocrx_word' id='word_1_235' title='bbox 3404 1784 3580 1839; x_wconf 87' lang='lat' dir='ltr'><strong>neque</strong></span> 
     </span>
    </p>
   </div>
   <div class='ocr_carea' id='block_1_34' title="bbox 332 1860 1899 1939">
    <p class='ocr_par' dir='ltr' id='par_1_34' title="bbox 332 1860 1899 1939">
     <span class='ocr_line' id='line_1_34' title="bbox 332 1860 1899 1939; baseline -0.009 -15"><span class='ocrx_word' id='word_1_236' title='bbox 332 1872 596 1939; x_wconf 80' lang='grc' dir='ltr'>κατηφεῖς</span> <span class='ocrx_word' id='word_1_237' title='bbox 624 1870 753 1921; x_wconf 82' lang='grc' dir='ltr'>εἰσι·</span> <span class='ocrx_word' id='word_1_238' title='bbox 778 1866 917 1936; x_wconf 86' lang='grc' dir='ltr'>μήτε</span> <span class='ocrx_word' id='word_1_239' title='bbox 948 1864 1125 1931; x_wconf 92' lang='grc' dir='ltr'>λόγον,</span> <span class='ocrx_word' id='word_1_240' title='bbox 1161 1868 1297 1933; x_wconf 83' lang='grc' dir='ltr'>μήτε</span> <span class='ocrx_word' id='word_1_241' title='bbox 1326 1861 1534 1931; x_wconf 88' lang='grc' dir='ltr'>δάκρυα</span> <span class='ocrx_word' id='word_1_242' title='bbox 1564 1860 1899 1930; x_wconf 79' lang='grc' dir='ltr'>προϊέμενοι,</span> 
     </span>
    </p>
   </div>
   <div class='ocr_carea' id='block_1_35' title="bbox 329 1950 1903 2031">
    <p class='ocr_par' dir='ltr' id='par_1_35' title="bbox 329 1950 1903 2031">
     <span class='ocr_line' id='line_1_35' title="bbox 329 1950 1903 2031; baseline -0.007 -17"><span class='ocrx_word' id='word_1_243' title='bbox 329 1964 396 2031; x_wconf 71' lang='grc' dir='ltr'>τῇ</span> <span class='ocrx_word' id='word_1_244' title='bbox 428 1960 485 2013; x_wconf 80' lang='grc' dir='ltr'>δὲ</span> <span class='ocrx_word' id='word_1_245' title='bbox 531 1958 626 2012; x_wconf 80' lang='grc' dir='ltr'>τοῦ</span> <span class='ocrx_word' id='word_1_246' title='bbox 675 1954 965 2027; x_wconf 82' lang='grc' dir='ltr'>προσώπου</span> <span class='ocrx_word' id='word_1_247' title='bbox 1023 1954 1344 2022; x_wconf 80' lang='grc' dir='ltr'>στυγνότητι</span> <span class='ocrx_word' id='word_1_248' title='bbox 1396 1950 1752 2019; x_wconf 73' lang='grc' dir='ltr'>ἐμφαίνοντες</span> <span class='ocrx_word' id='word_1_249' title='bbox 1806 1951 1903 2019; x_wconf 81' lang='grc' dir='ltr'>τῆς</span> 
     </span>
    </p>
   </div>
   <div class='ocr_carea' id='block_1_36' title="bbox 330 2038 1907 2119">
    <p class='ocr_par' dir='ltr' id='par_1_36' title="bbox 330 2038 1907 2119">
     <span class='ocr_line' id='line_1_36' title="bbox 330 2038 1907 2119; baseline -0.007 -17"><span class='ocrx_word' id='word_1_250' title='bbox 330 2049 509 2119; x_wconf 70' lang='grc' dir='ltr'>ψυχῆς</span> <span class='ocrx_word' id='word_1_251' title='bbox 546 2047 645 2113; x_wconf 83' lang='grc' dir='ltr'><strong>τὴν</strong></span> <span class='ocrx_word' id='word_1_252' title='bbox 693 2045 1048 2098; x_wconf 78' lang='grc' dir='ltr'>κατάστασιν.</span> <span class='ocrx_word' id='word_1_253' title='bbox 1097 2040 1265 2094; x_wconf 80' lang='grc' dir='ltr'>Τοῦτο</span> <span class='ocrx_word' id='word_1_254' title='bbox 1301 2039 1358 2091; x_wconf 82' lang='grc' dir='ltr'>δὲ</span> <span class='ocrx_word' id='word_1_255' title='bbox 1407 2041 1591 2100; x_wconf 82' lang='grc' dir='ltr'>αὐτοῖς</span> <span class='ocrx_word' id='word_1_256' title='bbox 1624 2038 1797 2091; x_wconf 82' lang='grc' dir='ltr'>τίκτει</span> <span class='ocrx_word' id='word_1_257' title='bbox 1846 2039 1907 2091; x_wconf 87' lang='grc' dir='ltr'><strong>τὸ</strong></span> 
     </span>
    </p>
   </div>
   <div class='ocr_carea' id='block_1_37' title="bbox 334 2129 1904 2208">
    <p class='ocr_par' dir='ltr' id='par_1_37' title="bbox 334 2129 1904 2208">
     <span class='ocr_line' id='line_1_37' title="bbox 334 2129 1904 2208; baseline 0.02 -45"><span class='ocrx_word' id='word_1_258' title='bbox 334 2141 611 2208; x_wconf 62' lang='grc' dir='ltr'><strong>ἀδόκητον.</strong></span> <span class='ocrx_word' id='word_1_259' title='bbox 650 2138 711 2189; x_wconf 67' lang='grc' dir='ltr'>τὸ</span> <span class='ocrx_word' id='word_1_260' title='bbox 744 2136 851 2204; x_wconf 75' lang='grc' dir='ltr'>γὰρ</span> <span class='ocrx_word' id='word_1_261' title='bbox 881 2134 953 2204; x_wconf 80' lang='grc' dir='ltr'>μὴ</span> <span class='ocrx_word' id='word_1_262' title='bbox 996 2132 1162 2185; x_wconf 83' lang='grc' dir='ltr'>πάλαι</span> <span class='ocrx_word' id='word_1_263' title='bbox 1211 2130 1501 2201; x_wconf 78' lang='grc' dir='ltr'>μελετηθὲν</span> <span class='ocrx_word' id='word_1_264' title='bbox 1524 2130 1604 2199; x_wconf 83' lang='grc' dir='ltr'>τῷ</span> <span class='ocrx_word' id='word_1_265' title='bbox 1636 2129 1904 2201; x_wconf 69' lang='grc' dir='ltr'>λογισμῷ,</span> 
     </span>
    </p>
   </div>
   <div class='ocr_carea' id='block_1_38' title="bbox 330 2221 1349 2302">
    <p class='ocr_par' dir='ltr' id='par_1_38' title="bbox 330 2221 1349 2302">
     <span class='ocr_line' id='line_1_38' title="bbox 330 2221 1349 2302; baseline -0.01 -18"><span class='ocrx_word' id='word_1_266' title='bbox 330 2221 414 2302; x_wconf 63' lang='grc' dir='ltr'><strong>τιτῷ</strong></span> <span class='ocrx_word' id='word_1_267' title='bbox 446 2231 653 2301; x_wconf 72' lang='grc' dir='ltr'>ἀθρόως</span> <span class='ocrx_word' id='word_1_268' title='bbox 679 2226 1023 2296; x_wconf 86' lang='grc' dir='ltr'>συμϐαίνειν,</span> <span class='ocrx_word' id='word_1_269' title='bbox 1054 2222 1349 2292; x_wconf 81' lang='grc' dir='ltr'>ἐξίστησιν.</span> 
     </span>
    </p>
   </div>
   <div class='ocr_carea' id='block_1_39' title="bbox 631 2313 1596 2386">
    <p class='ocr_par' dir='ltr' id='par_1_39' title="bbox 631 2313 1596 2386">
     <span class='ocr_line' id='line_1_39' title="bbox 631 2313 1596 2386; baseline -0.006 -15"><span class='ocrx_word' id='word_1_270' title='bbox 631 2317 792 2386; x_wconf 58' lang='grc' dir='ltr'><strong>ΤιιΒο.</strong></span> <span class='ocrx_word' id='word_1_271' title='bbox 826 2345 896 2355; x_wconf 95' lang='lat'><strong>—</strong></span> <span class='ocrx_word' id='word_1_272' title='bbox 933 2316 1231 2385; x_wconf 78' lang='grc' dir='ltr'><strong>ΕΥΤΟΝΙᾩ</strong></span> <span class='ocrx_word' id='word_1_273' title='bbox 1270 2313 1596 2381; x_wconf 82' lang='grc' dir='ltr'><strong>ΔΙΑΚΟΝῼ.</strong></span> 
     </span>
    </p>
   </div>
   <div class='ocr_carea' id='block_1_40' title="bbox 2010 1862 3582 1936">
    <p class='ocr_par' dir='ltr' id='par_1_40' title="bbox 2010 1862 3582 1936">
     <span class='ocr_line' id='line_1_40' title="bbox 2010 1862 3582 1936; baseline -0.003 -18"><span class='ocrx_word' id='word_1_274' title='bbox 2010 1866 2272 1936; x_wconf 86' lang='lat' dir='ltr'><strong>lacrymas</strong></span> <span class='ocrx_word' id='word_1_275' title='bbox 2295 1868 2568 1931; x_wconf 90' lang='lat' dir='ltr'><strong>emittunt,</strong></span> <span class='ocrx_word' id='word_1_276' title='bbox 2595 1865 2880 1933; x_wconf 79' lang='lat' dir='ltr'><strong>vultusque</strong></span> <span class='ocrx_word' id='word_1_277' title='bbox 2926 1864 3147 1917; x_wconf 82' lang='lat' dir='ltr'><strong>tristitia</strong></span> <span class='ocrx_word' id='word_1_278' title='bbox 3172 1862 3335 1916; x_wconf 82' lang='lat' dir='ltr'><strong>animi</strong></span> <span class='ocrx_word' id='word_1_279' title='bbox 3372 1876 3483 1930; x_wconf 66' lang='lat' dir='ltr'><strong>prae</strong></span> <span class='ocrx_word' id='word_1_280' title='bbox 3522 1874 3582 1915; x_wconf 88' lang='lat' dir='ltr'><strong>se</strong></span> 
     </span>
    </p>
   </div>
   <div class='ocr_carea' id='block_1_41' title="bbox 2009 1953 3577 2023">
    <p class='ocr_par' dir='ltr' id='par_1_41' title="bbox 2009 1953 3577 2023">
     <span class='ocr_line' id='line_1_41' title="bbox 2009 1953 3577 2023; baseline -0.004 -13"><span class='ocrx_word' id='word_1_281' title='bbox 2009 1957 2191 2011; x_wconf 79' lang='lat' dir='ltr'><strong>ferunt</strong></span> <span class='ocrx_word' id='word_1_282' title='bbox 2216 1958 2508 2012; x_wconf 78' lang='lat' dir='ltr'><strong>tristitiam.</strong></span> <span class='ocrx_word' id='word_1_283' title='bbox 2529 1957 2639 2011; x_wconf 90' lang='lat' dir='ltr'><strong>Hoc</strong></span> <span class='ocrx_word' id='word_1_284' title='bbox 2655 1956 2758 2011; x_wconf 82' lang='lat' dir='ltr'><strong>illis</strong></span> <span class='ocrx_word' id='word_1_285' title='bbox 2780 1956 3207 2023; x_wconf 78' lang='lat' dir='ltr'><strong>inexspectatum</strong></span> <span class='ocrx_word' id='word_1_286' title='bbox 3228 1953 3577 2020; x_wconf 82' lang='lat' dir='ltr'><strong>subitumque</strong></span> 
     </span>
    </p>
   </div>
   <div class='ocr_carea' id='block_1_42' title="bbox 2003 2039 3566 2115">
    <p class='ocr_par' dir='ltr' id='par_1_42' title="bbox 2003 2039 3566 2115">
     <span class='ocr_line' id='line_1_42' title="bbox 2003 2039 3566 2115; baseline -0.003 -17"><span class='ocrx_word' id='word_1_287' title='bbox 2003 2048 2172 2115; x_wconf 82' lang='lat' dir='ltr'><strong>gignit</strong></span> <span class='ocrx_word' id='word_1_288' title='bbox 2211 2048 2429 2101; x_wconf 87' lang='lat' dir='ltr'><strong>malum.</strong></span> <span class='ocrx_word' id='word_1_289' title='bbox 2466 2046 2618 2112; x_wconf 87' lang='lat' dir='ltr'><strong>Quod</strong></span> <span class='ocrx_word' id='word_1_290' title='bbox 2651 2047 2795 2100; x_wconf 91' lang='lat' dir='ltr'><strong>enim</strong></span> <span class='ocrx_word' id='word_1_291' title='bbox 2839 2059 2944 2098; x_wconf 81' lang='lat' dir='ltr'><strong>non</strong></span> <span class='ocrx_word' id='word_1_292' title='bbox 2986 2043 3137 2113; x_wconf 90' lang='lat' dir='ltr'><strong>prius</strong></span> <span class='ocrx_word' id='word_1_293' title='bbox 3171 2042 3354 2097; x_wconf 80' lang='lat' dir='ltr'><strong>animo</strong></span> <span class='ocrx_word' id='word_1_294' title='bbox 3380 2039 3566 2108; x_wconf 80' lang='lat' dir='ltr'><strong>provi-</strong></span> 
     </span>
    </p>
   </div>
   <div class='ocr_carea' id='block_1_43' title="bbox 2006 2132 3451 2207">
    <p class='ocr_par' dir='ltr' id='par_1_43' title="bbox 2006 2132 3451 2207">
     <span class='ocr_line' id='line_1_43' title="bbox 2006 2132 3451 2207; baseline -0.005 -15"><span class='ocrx_word' id='word_1_295' title='bbox 2006 2152 2129 2192; x_wconf 86' lang='lat' dir='ltr'><strong>sum</strong></span> <span class='ocrx_word' id='word_1_296' title='bbox 2161 2138 2252 2204; x_wconf 90' lang='lat' dir='ltr'><strong>sit,</strong></span> <span class='ocrx_word' id='word_1_297' title='bbox 2293 2140 2417 2193; x_wconf 90' lang='lat' dir='ltr'><strong>hinc</strong></span> <span class='ocrx_word' id='word_1_298' title='bbox 2441 2139 2639 2193; x_wconf 83' lang='lat' dir='ltr'><strong>mentis</strong></span> <span class='ocrx_word' id='word_1_299' title='bbox 2665 2137 2881 2207; x_wconf 88' lang='lat' dir='ltr'><strong>copiosa</strong></span> <span class='ocrx_word' id='word_1_300' title='bbox 2899 2134 3154 2189; x_wconf 65' lang='lat' dir='ltr'><strong>nascitur</strong></span> <span class='ocrx_word' id='word_1_301' title='bbox 3174 2132 3451 2189; x_wconf 85' lang='lat' dir='ltr'><strong>alienatio.</strong></span> 
     </span>
    </p>
   </div>
   <div class='ocr_carea' id='block_1_44' title="bbox 2244 2312 3347 2372">
    <p class='ocr_par' dir='ltr' id='par_1_44' title="bbox 2244 2312 3347 2372">
     <span class='ocr_line' id='line_1_44' title="bbox 2244 2312 3347 2372; baseline -0.004 0"><span class='ocrx_word' id='word_1_302' title='bbox 2244 2314 2545 2372; x_wconf 82' lang='lat' dir='ltr'><strong>CCCXC&quot;.</strong></span> <span class='ocrx_word' id='word_1_303' title='bbox 2584 2344 2655 2357; x_wconf 91' lang='lat'><strong>—-</strong></span> <span class='ocrx_word' id='word_1_304' title='bbox 2685 2314 2989 2370; x_wconf 77' lang='lat' dir='ltr'><strong>EUTONIO</strong></span> <span class='ocrx_word' id='word_1_305' title='bbox 3025 2312 3347 2368; x_wconf 81' lang='lat' dir='ltr'><strong>DlACONO.</strong></span> 
     </span>
    </p>
   </div>
   <div class='ocr_carea' id='block_1_45' title="bbox 402 2400 3517 2477">
    <p class='ocr_par' dir='ltr' id='par_1_45' title="bbox 402 2400 3517 2477">
     <span class='ocr_line' id='line_1_45' title="bbox 402 2400 3517 2477; baseline -0.004 -13"><span class='ocrx_word' id='word_1_306' title='bbox 402 2409 569 2464; x_wconf 78' lang='lat' dir='ltr'><strong>Bonis</strong></span> <span class='ocrx_word' id='word_1_307' title='bbox 597 2423 805 2477; x_wconf 80' lang='lat' dir='ltr'><strong>propter</strong></span> <span class='ocrx_word' id='word_1_308' title='bbox 850 2406 1205 2472; x_wconf 82' lang='lat' dir='ltr'><strong>improborum</strong></span> <span class='ocrx_word' id='word_1_309' title='bbox 1235 2406 1485 2458; x_wconf 81' lang='lat' dir='ltr'><strong>invidiam</strong></span> <span class='ocrx_word' id='word_1_310' title='bbox 1508 2401 1714 2455; x_wconf 82' lang='lat' dir='ltr'><strong>virtutis</strong></span> <span class='ocrx_word' id='word_1_311' title='bbox 1753 2402 1986 2456; x_wconf 83' lang='lat' dir='ltr'><strong>studium</strong></span> <span class='ocrx_word' id='word_1_312' title='bbox 2027 2420 2128 2459; x_wconf 88' lang='lat' dir='ltr'><strong>non</strong></span> <span class='ocrx_word' id='word_1_313' title='bbox 2163 2404 2527 2462; x_wconf 81' lang='lat' dir='ltr'><strong>deserendum.</strong></span> <span class='ocrx_word' id='word_1_314' title='bbox 2569 2405 2743 2459; x_wconf 82' lang='lat' dir='ltr'><strong>Virtus</strong></span> <span class='ocrx_word' id='word_1_315' title='bbox 2786 2405 2956 2457; x_wconf 82' lang='lat' dir='ltr'><strong>claros</strong></span> <span class='ocrx_word' id='word_1_316' title='bbox 2992 2412 3312 2471; x_wconf 69' lang='lat' dir='ltr'><strong>retentosque</strong></span> <span class='ocrx_word' id='word_1_317' title='bbox 3345 2400 3517 2469; x_wconf 78' lang='lat' dir='ltr'><strong>efficit.</strong></span> 
     </span>
    </p>
   </div>
   <div class='ocr_carea' id='block_1_46' title="bbox 404 2490 1911 2567">
    <p class='ocr_par' dir='ltr' id='par_1_46' title="bbox 404 2490 1911 2567">
     <span class='ocr_line' id='line_1_46' title="bbox 404 2490 1911 2567; baseline -0.007 -14"><span class='ocrx_word' id='word_1_318' title='bbox 404 2501 470 2553; x_wconf 81' lang='lat' dir='ltr'><strong>Ei</strong></span> <span class='ocrx_word' id='word_1_319' title='bbox 501 2498 595 2552; x_wconf 67' lang='grc' dir='ltr'><strong>καὶ</strong></span> <span class='ocrx_word' id='word_1_320' title='bbox 627 2496 796 2567; x_wconf 82' lang='grc' dir='ltr'>πολλὴ</span> <span class='ocrx_word' id='word_1_321' title='bbox 819 2496 914 2549; x_wconf 77' lang='grc' dir='ltr'>καὶ</span> <span class='ocrx_word' id='word_1_322' title='bbox 942 2490 1279 2557; x_wconf 75' lang='grc' dir='ltr'>πολύπλοκος</span> <span class='ocrx_word' id='word_1_323' title='bbox 1300 2494 1400 2562; x_wconf 79' lang='grc' dir='ltr'><strong>τῆς</strong></span> <span class='ocrx_word' id='word_1_324' title='bbox 1430 2492 1625 2551; x_wconf 80' lang='grc' dir='ltr'>κακίας</span> <span class='ocrx_word' id='word_1_325' title='bbox 1648 2493 1682 2560; x_wconf 82' lang='grc' dir='ltr'>ὴ</span> <span class='ocrx_word' id='word_1_326' title='bbox 1711 2507 1911 2544; x_wconf 76' lang='grc' dir='ltr'>σκαιωο</span> 
     </span>
    </p>
   </div>
   <div class='ocr_carea' id='block_1_47' title="bbox 341 2582 1911 2663">
    <p class='ocr_par' dir='ltr' id='par_1_47' title="bbox 341 2582 1911 2663">
     <span class='ocr_line' id='line_1_47' title="bbox 341 2582 1911 2663; baseline -0.006 -20"><span class='ocrx_word' id='word_1_327' title='bbox 341 2591 451 2663; x_wconf 87' lang='grc' dir='ltr'>ρία,</span> <span class='ocrx_word' id='word_1_328' title='bbox 475 2589 612 2643; x_wconf 86' lang='grc' dir='ltr'><strong>ἀλλά</strong></span> <span class='ocrx_word' id='word_1_329' title='bbox 633 2590 699 2643; x_wconf 83' lang='grc' dir='ltr'><strong>σὺ</strong></span> <span class='ocrx_word' id='word_1_330' title='bbox 728 2591 795 2657; x_wconf 87' lang='grc' dir='ltr'>τῇ</span> <span class='ocrx_word' id='word_1_331' title='bbox 820 2589 989 2658; x_wconf 83' lang='grc' dir='ltr'>ἀρετῇ</span> <span class='ocrx_word' id='word_1_332' title='bbox 1014 2585 1218 2655; x_wconf 87' lang='grc' dir='ltr'>ταύτην</span> <span class='ocrx_word' id='word_1_333' title='bbox 1240 2582 1642 2652; x_wconf 75' lang='grc' dir='ltr'>καταγωνίζου.</span> <span class='ocrx_word' id='word_1_334' title='bbox 1686 2582 1911 2649; x_wconf 82' lang='grc' dir='ltr'>Ἐπειδὴ</span> 
     </span>
    </p>
   </div>
   <div class='ocr_carea' id='block_1_48' title="bbox 339 2671 1915 2747">
    <p class='ocr_par' dir='ltr' id='par_1_48' title="bbox 339 2671 1915 2747">
     <span class='ocr_line' id='line_1_48' title="bbox 339 2671 1915 2747; baseline -0.005 -15"><span class='ocrx_word' id='word_1_335' title='bbox 339 2683 449 2747; x_wconf 78' lang='grc' dir='ltr'>γὰρ</span> <span class='ocrx_word' id='word_1_336' title='bbox 480 2679 679 2747; x_wconf 78' lang='grc' dir='ltr'>ἀρετῆς</span> <span class='ocrx_word' id='word_1_337' title='bbox 711 2677 808 2747; x_wconf 82' lang='grc' dir='ltr'><strong>μὲν</strong></span> <span class='ocrx_word' id='word_1_338' title='bbox 837 2675 1216 2745; x_wconf 83' lang='grc' dir='ltr'>λαμπρότερον</span> <span class='ocrx_word' id='word_1_339' title='bbox 1243 2673 1414 2738; x_wconf 79' lang='grc' dir='ltr'>οὐδὲν,</span> <span class='ocrx_word' id='word_1_340' title='bbox 1447 2672 1644 2733; x_wconf 87' lang='grc' dir='ltr'>κακίας</span> <span class='ocrx_word' id='word_1_341' title='bbox 1674 2671 1731 2723; x_wconf 86' lang='grc' dir='ltr'>δὲ</span> <span class='ocrx_word' id='word_1_342' title='bbox 1761 2672 1915 2724; x_wconf 78' lang='grc' dir='ltr'>οὐδὲν</span> 
     </span>
    </p>
   </div>
   <div class='ocr_carea' id='block_1_49' title="bbox 339 2763 1908 2839">
    <p class='ocr_par' dir='ltr' id='par_1_49' title="bbox 339 2763 1908 2839">
     <span class='ocr_line' id='line_1_49' title="bbox 339 2763 1908 2839; baseline -0.008 -14"><span class='ocrx_word' id='word_1_343' title='bbox 339 2772 759 2839; x_wconf 79' lang='grc' dir='ltr'>ζοφωδέστερον,</span> <span class='ocrx_word' id='word_1_344' title='bbox 813 2767 999 2821; x_wconf 80' lang='grc' dir='ltr'>πολλοὶ</span> <span class='ocrx_word' id='word_1_345' title='bbox 1044 2765 1305 2826; x_wconf 82' lang='grc' dir='ltr'>πολλάκις</span> <span class='ocrx_word' id='word_1_346' title='bbox 1361 2763 1468 2815; x_wconf 85' lang='grc' dir='ltr'><strong>τῶν</strong></span> <span class='ocrx_word' id='word_1_347' title='bbox 1521 2764 1660 2831; x_wconf 81' lang='grc' dir='ltr'>μήτε</span> <span class='ocrx_word' id='word_1_348' title='bbox 1710 2763 1908 2827; x_wconf 84' lang='grc' dir='ltr'>εἰπεῖν,</span> 
     </span>
    </p>
   </div>
   <div class='ocr_carea' id='block_1_50' title="bbox 344 2852 1911 2934">
    <p class='ocr_par' dir='ltr' id='par_1_50' title="bbox 344 2852 1911 2934">
     <span class='ocr_line' id='line_1_50' title="bbox 344 2852 1911 2934; baseline -0.009 -18"><span class='ocrx_word' id='word_1_349' title='bbox 344 2866 480 2934; x_wconf 88' lang='grc' dir='ltr'>μήτε</span> <span class='ocrx_word' id='word_1_350' title='bbox 514 2861 716 2931; x_wconf 78' lang='grc' dir='ltr'>πρᾶξαί</span> <span class='ocrx_word' id='word_1_351' title='bbox 744 2878 796 2912; x_wconf 85' lang='grc' dir='ltr'><strong>τι</strong></span> <span class='ocrx_word' id='word_1_352' title='bbox 830 2857 1083 2927; x_wconf 86' lang='grc' dir='ltr'>λαμπρὸν</span> <span class='ocrx_word' id='word_1_353' title='bbox 1129 2854 1487 2924; x_wconf 81' lang='grc' dir='ltr'>βουλομένων,</span> <span class='ocrx_word' id='word_1_354' title='bbox 1520 2852 1754 2920; x_wconf 82' lang='grc' dir='ltr'>ὁρῶντες</span> <span class='ocrx_word' id='word_1_355' title='bbox 1782 2854 1911 2904; x_wconf 81' lang='grc' dir='ltr'>ἑαυ-</span> 
     </span>
    </p>
   </div>
   <div class='ocr_carea' id='block_1_51' title="bbox 2084 2489 3589 2563">
    <p class='ocr_par' dir='ltr' id='par_1_51' title="bbox 2084 2489 3589 2563">
     <span class='ocr_line' id='line_1_51' title="bbox 2084 2489 3589 2563; baseline -0.004 -14"><span class='ocrx_word' id='word_1_356' title='bbox 2084 2495 2199 2549; x_wconf 89' lang='lat' dir='ltr'><strong>Etsi</strong></span> <span class='ocrx_word' id='word_1_357' title='bbox 2238 2496 2421 2550; x_wconf 85' lang='lat' dir='ltr'><strong>varius</strong></span> <span class='ocrx_word' id='word_1_358' title='bbox 2446 2505 2529 2551; x_wconf 86' lang='lat' dir='ltr'><strong>est</strong></span> <span class='ocrx_word' id='word_1_359' title='bbox 2551 2505 2714 2563; x_wconf 87' lang='lat' dir='ltr'><strong>atque</strong></span> <span class='ocrx_word' id='word_1_360' title='bbox 2758 2493 3051 2563; x_wconf 85' lang='lat' dir='ltr'><strong>implicitus</strong></span> <span class='ocrx_word' id='word_1_361' title='bbox 3099 2490 3459 2560; x_wconf 82' lang='lat' dir='ltr'><strong>improbitatis</strong></span> <span class='ocrx_word' id='word_1_362' title='bbox 3490 2489 3589 2543; x_wconf 71' lang='lat' dir='ltr'><strong>do-</strong></span> 
     </span>
    </p>
   </div>
   <div class='ocr_carea' id='block_1_52' title="bbox 2014 2581 3587 2654">
    <p class='ocr_par' dir='ltr' id='par_1_52' title="bbox 2014 2581 3587 2654">
     <span class='ocr_line' id='line_1_52' title="bbox 2014 2581 3587 2654; baseline -0.002 -17"><span class='ocrx_word' id='word_1_363' title='bbox 2014 2587 2124 2650; x_wconf 90' lang='lat' dir='ltr'><strong>lus,</strong></span> <span class='ocrx_word' id='word_1_364' title='bbox 2159 2599 2282 2640; x_wconf 92' lang='lat' dir='ltr'><strong>eum</strong></span> <span class='ocrx_word' id='word_1_365' title='bbox 2309 2593 2363 2639; x_wconf 91' lang='lat' dir='ltr'><strong>tu</strong></span> <span class='ocrx_word' id='word_1_366' title='bbox 2400 2585 2600 2639; x_wconf 87' lang='lat' dir='ltr'><strong>virtute</strong></span> <span class='ocrx_word' id='word_1_367' title='bbox 2623 2598 2893 2654; x_wconf 70' lang='lat' dir='ltr'><strong>expugna.</strong></span> <span class='ocrx_word' id='word_1_368' title='bbox 2921 2582 3185 2647; x_wconf 84' lang='lat' dir='ltr'><strong>Quoniam</strong></span> <span class='ocrx_word' id='word_1_369' title='bbox 3208 2581 3351 2635; x_wconf 85' lang='lat' dir='ltr'><strong>enim</strong></span> <span class='ocrx_word' id='word_1_370' title='bbox 3385 2582 3587 2634; x_wconf 85' lang='lat' dir='ltr'><strong>virtute</strong></span> 
     </span>
    </p>
   </div>
   <div class='ocr_carea' id='block_1_53' title="bbox 2019 2669 3578 2737">
    <p class='ocr_par' dir='ltr' id='par_1_53' title="bbox 2019 2669 3578 2737">
     <span class='ocr_line' id='line_1_53' title="bbox 2019 2669 3578 2737; baseline -0.002 -11"><span class='ocrx_word' id='word_1_371' title='bbox 2019 2673 2155 2727; x_wconf 85' lang='lat' dir='ltr'><strong>nihil</strong></span> <span class='ocrx_word' id='word_1_372' title='bbox 2212 2684 2296 2729; x_wconf 89' lang='lat' dir='ltr'><strong>est</strong></span> <span class='ocrx_word' id='word_1_373' title='bbox 2350 2674 2639 2737; x_wconf 89' lang='lat' dir='ltr'><strong>illustrius,</strong></span> <span class='ocrx_word' id='word_1_374' title='bbox 2689 2674 2889 2726; x_wconf 88' lang='lat' dir='ltr'><strong>malitia</strong></span> <span class='ocrx_word' id='word_1_375' title='bbox 2916 2687 3046 2726; x_wconf 84' lang='lat' dir='ltr'><strong>vero</strong></span> <span class='ocrx_word' id='word_1_376' title='bbox 3094 2670 3226 2724; x_wconf 86' lang='lat' dir='ltr'><strong>nihil</strong></span> <span class='ocrx_word' id='word_1_377' title='bbox 3269 2669 3578 2733; x_wconf 85' lang='lat' dir='ltr'><strong>obscurius,</strong></span> 
     </span>
    </p>
   </div>
   <div class='ocr_carea' id='block_1_54' title="bbox 2020 2760 3582 2833">
    <p class='ocr_par' dir='ltr' id='par_1_54' title="bbox 2020 2760 3582 2833">
     <span class='ocr_line' id='line_1_54' title="bbox 2020 2760 3582 2833; baseline -0.001 -19"><span class='ocrx_word' id='word_1_378' title='bbox 2020 2764 2172 2817; x_wconf 82' lang='lat' dir='ltr'><strong>Innlti</strong></span> <span class='ocrx_word' id='word_1_379' title='bbox 2204 2779 2577 2833; x_wconf 67' lang='lat' dir='ltr'><strong>smpenumero</strong></span> <span class='ocrx_word' id='word_1_380' title='bbox 2621 2764 2712 2831; x_wconf 88' lang='lat' dir='ltr'><strong>qui</strong></span> <span class='ocrx_word' id='word_1_381' title='bbox 2749 2776 2926 2830; x_wconf 87' lang='lat' dir='ltr'><strong>neque</strong></span> <span class='ocrx_word' id='word_1_382' title='bbox 2958 2764 3139 2816; x_wconf 84' lang='lat' dir='ltr'><strong>dicere</strong></span> <span class='ocrx_word' id='word_1_383' title='bbox 3183 2776 3357 2828; x_wconf 88' lang='lat' dir='ltr'><strong>neque</strong></span> <span class='ocrx_word' id='word_1_384' title='bbox 3399 2760 3582 2815; x_wconf 84' lang='lat' dir='ltr'><strong>facere</strong></span> 
     </span>
    </p>
   </div>
   <div class='ocr_carea' id='block_1_55' title="bbox 2026 2851 3593 2921">
    <p class='ocr_par' dir='ltr' id='par_1_55' title="bbox 2026 2851 3593 2921">
     <span class='ocr_line' id='line_1_55' title="bbox 2026 2851 3593 2921; baseline 0 -16"><span class='ocrx_word' id='word_1_385' title='bbox 2026 2854 2301 2921; x_wconf 89' lang='lat' dir='ltr'><strong>quidpiam</strong></span> <span class='ocrx_word' id='word_1_386' title='bbox 2353 2854 2594 2921; x_wconf 63' lang='lat' dir='ltr'><strong>praeclari</strong></span> <span class='ocrx_word' id='word_1_387' title='bbox 2628 2852 2834 2916; x_wconf 91' lang='lat' dir='ltr'><strong>volunt,</strong></span> <span class='ocrx_word' id='word_1_388' title='bbox 2875 2867 3026 2906; x_wconf 89' lang='lat' dir='ltr'><strong>suam</strong></span> <span class='ocrx_word' id='word_1_389' title='bbox 3074 2851 3481 2918; x_wconf 90' lang='lat' dir='ltr'><strong>turpitudinem,</strong></span> <span class='ocrx_word' id='word_1_390' title='bbox 3535 2861 3593 2905; x_wconf 87' lang='lat' dir='ltr'><strong>et</strong></span> 
     </span>
    </p>
   </div>
   <div class='ocr_carea' id='block_1_56' title="bbox 338 2929 1948 3022">
    <p class='ocr_par' dir='ltr' id='par_1_56' title="bbox 338 2929 1948 3022">
     <span class='ocr_line' id='line_1_56' title="bbox 338 2929 1948 3022; baseline -0.01 -15"><span class='ocrx_word' id='word_1_391' title='bbox 338 2929 447 3007; x_wconf 56' lang='grc' dir='ltr'>τιῖιν</span> <span class='ocrx_word' id='word_1_392' title='bbox 498 2929 595 3022; x_wconf 61' lang='grc' dir='ltr'>μέν</span> <span class='ocrx_word' id='word_1_393' title='bbox 640 2952 739 3020; x_wconf 78' lang='grc' dir='ltr'><strong>τὴν</strong></span> <span class='ocrx_word' id='word_1_394' title='bbox 787 2948 1139 3017; x_wconf 80' lang='grc' dir='ltr'>αἰσχρότητα,</span> <span class='ocrx_word' id='word_1_395' title='bbox 1194 2944 1304 2997; x_wconf 82' lang='grc' dir='ltr'>τῶν</span> <span class='ocrx_word' id='word_1_396' title='bbox 1359 2943 1416 2995; x_wconf 78' lang='grc' dir='ltr'>δὲ</span> <span class='ocrx_word' id='word_1_397' title='bbox 1458 2942 1767 3011; x_wconf 81' lang='grc' dir='ltr'>φιλαρέτων</span> <span class='ocrx_word' id='word_1_398' title='bbox 1812 2940 1948 3009; x_wconf 79' lang='grc' dir='ltr'>τὴν⁴</span> 
     </span>
    </p>
   </div>
   <div class='ocr_carea' id='block_1_57' title="bbox 2023 2929 3589 3022">
    <p class='ocr_par' dir='ltr' id='par_1_57' title="bbox 2023 2942 3589 3012">
     <span class='ocr_line' id='line_1_57' title="bbox 2023 2942 3589 3012; baseline 0 -17"><span class='ocrx_word' id='word_1_399' title='bbox 2023 2944 2310 3011; x_wconf 91' lang='lat' dir='ltr'><strong>proborum</strong></span> <span class='ocrx_word' id='word_1_400' title='bbox 2354 2945 2736 2998; x_wconf 87' lang='lat' dir='ltr'><strong>claritudinem</strong></span> <span class='ocrx_word' id='word_1_401' title='bbox 2787 2945 3054 3007; x_wconf 86' lang='lat' dir='ltr'><strong>videntes,</strong></span> <span class='ocrx_word' id='word_1_402' title='bbox 3086 2944 3321 3012; x_wconf 85' lang='lat' dir='ltr'><strong>aliquem</strong></span> <span class='ocrx_word' id='word_1_403' title='bbox 3359 2942 3589 3011; x_wconf 84' lang='lat' dir='ltr'><strong>eligunt,</strong></span> 
     </span>
    </p>
   </div>
   <div class='ocr_carea' id='block_1_58' title="bbox 338 3032 1915 3115">
    <p class='ocr_par' dir='ltr' id='par_1_58' title="bbox 338 3032 1915 3115">
     <span class='ocr_line' id='line_1_58' title="bbox 338 3032 1915 3115; baseline -0.01 -16"><span class='ocrx_word' id='word_1_404' title='bbox 338 3043 733 3115; x_wconf 78' lang='grc' dir='ltr'>λαμπρότηταο</span> <span class='ocrx_word' id='word_1_405' title='bbox 786 3038 1141 3107; x_wconf 78' lang='grc' dir='ltr'>ἐκλεξάμενοί</span> <span class='ocrx_word' id='word_1_406' title='bbox 1188 3054 1313 3088; x_wconf 87' lang='grc' dir='ltr'>τινα</span> <span class='ocrx_word' id='word_1_407' title='bbox 1352 3034 1460 3087; x_wconf 83' lang='grc' dir='ltr'>τῶν</span> <span class='ocrx_word' id='word_1_408' title='bbox 1494 3034 1658 3103; x_wconf 82' lang='grc' dir='ltr'>μηδὲν</span> <span class='ocrx_word' id='word_1_409' title='bbox 1690 3032 1915 3099; x_wconf 81' lang='grc' dir='ltr'>ἀγαθὸν,</span> 
     </span>
    </p>
   </div>
   <div class='ocr_carea' id='block_1_59' title="bbox 344 3123 1917 3206">
    <p class='ocr_par' dir='ltr' id='par_1_59' title="bbox 344 3123 1917 3206">
     <span class='ocr_line' id='line_1_59' title="bbox 344 3123 1917 3206; baseline -0.01 -18"><span class='ocrx_word' id='word_1_410' title='bbox 344 3138 480 3206; x_wconf 86' lang='grc' dir='ltr'>μήτε</span> <span class='ocrx_word' id='word_1_411' title='bbox 509 3136 701 3196; x_wconf 70' lang='grc' dir='ltr'>εἰπεῖν,</span> <span class='ocrx_word' id='word_1_412' title='bbox 737 3132 872 3201; x_wconf 82' lang='grc' dir='ltr'>μήτε</span> <span class='ocrx_word' id='word_1_413' title='bbox 919 3129 1143 3198; x_wconf 77' lang='grc' dir='ltr'>ποιῆσαι</span> <span class='ocrx_word' id='word_1_414' title='bbox 1173 3125 1597 3197; x_wconf 73' lang='grc' dir='ltr'>προῃρημένων,</span> <span class='ocrx_word' id='word_1_415' title='bbox 1633 3123 1917 3193; x_wconf 76' lang='grc' dir='ltr'>ἐπαίρουσι</span> 
     </span>
    </p>
   </div>
   <div class='ocr_carea' id='block_1_60' title="bbox 342 3212 1917 3293">
    <p class='ocr_par' dir='ltr' id='par_1_60' title="bbox 342 3212 1917 3293">
     <span class='ocr_line' id='line_1_60' title="bbox 342 3212 1917 3293; baseline -0.01 -14"><span class='ocrx_word' id='word_1_416' title='bbox 342 3226 437 3279; x_wconf 76' lang='grc' dir='ltr'>καὶ</span> <span class='ocrx_word' id='word_1_417' title='bbox 473 3223 845 3293; x_wconf 78' lang='grc' dir='ltr'>θαυμάζουσιν</span> <span class='ocrx_word' id='word_1_418' title='bbox 888 3220 1028 3287; x_wconf 76' lang='grc' dir='ltr'>ὑπὲρ</span> <span class='ocrx_word' id='word_1_419' title='bbox 1057 3217 1155 3287; x_wconf 82' lang='grc' dir='ltr'>τὴν</span> <span class='ocrx_word' id='word_1_420' title='bbox 1196 3216 1374 3281; x_wconf 78' lang='grc' dir='ltr'>ἀξίαν,</span> <span class='ocrx_word' id='word_1_421' title='bbox 1399 3217 1448 3267; x_wconf 85' lang='grc' dir='ltr'>οἱ</span> <span class='ocrx_word' id='word_1_422' title='bbox 1482 3216 1580 3285; x_wconf 80' lang='grc' dir='ltr'>μὲν</span> <span class='ocrx_word' id='word_1_423' title='bbox 1606 3212 1839 3283; x_wconf 79' lang='grc' dir='ltr'>ἀμαθίᾳ,</span> <span class='ocrx_word' id='word_1_424' title='bbox 1868 3212 1917 3264; x_wconf 74' lang='lat' dir='ltr'><strong>oi</strong></span> 
     </span>
    </p>
   </div>
   <div class='ocr_carea' id='block_1_61' title="bbox 338 3305 1918 3386">
    <p class='ocr_par' dir='ltr' id='par_1_61' title="bbox 338 3305 1918 3386">
     <span class='ocr_line' id='line_1_61' title="bbox 338 3305 1918 3386; baseline -0.008 -17"><span class='ocrx_word' id='word_1_425' title='bbox 338 3318 395 3370; x_wconf 83' lang='grc' dir='ltr'>δὲ</span> <span class='ocrx_word' id='word_1_426' title='bbox 427 3314 696 3386; x_wconf 78' lang='grc' dir='ltr'>βασκανίᾳ</span> <span class='ocrx_word' id='word_1_427' title='bbox 720 3313 876 3364; x_wconf 77' lang='grc' dir='ltr'>τοῦτο</span> <span class='ocrx_word' id='word_1_428' title='bbox 920 3308 1179 3380; x_wconf 77' lang='grc' dir='ltr'>δρῶντες,</span> <span class='ocrx_word' id='word_1_429' title='bbox 1219 3307 1304 3360; x_wconf 85' lang='grc' dir='ltr'><strong>ἵνα</strong></span> <span class='ocrx_word' id='word_1_430' title='bbox 1334 3307 1433 3377; x_wconf 81' lang='grc' dir='ltr'>τὴν</span> <span class='ocrx_word' id='word_1_431' title='bbox 1461 3307 1618 3372; x_wconf 79' lang='grc' dir='ltr'>δόξαν</span> <span class='ocrx_word' id='word_1_432' title='bbox 1651 3305 1918 3358; x_wconf 78' lang='grc' dir='ltr'>καθέλωσι</span> 
     </span>
    </p>
   </div>
   <div class='ocr_carea' id='block_1_62' title="bbox 341 3392 1918 3471">
    <p class='ocr_par' dir='ltr' id='par_1_62' title="bbox 341 3392 1918 3471">
     <span class='ocr_line' id='line_1_62' title="bbox 341 3392 1918 3471; baseline -0.007 -15"><span class='ocrx_word' id='word_1_433' title='bbox 341 3404 449 3457; x_wconf 83' lang='grc' dir='ltr'>τῶν</span> <span class='ocrx_word' id='word_1_434' title='bbox 481 3400 810 3471; x_wconf 85' lang='grc' dir='ltr'>φιλοπόνων,</span> <span class='ocrx_word' id='word_1_435' title='bbox 842 3399 940 3467; x_wconf 75' lang='grc' dir='ltr'><strong>οὐχ</strong></span> <span class='ocrx_word' id='word_1_436' title='bbox 972 3397 1058 3448; x_wconf 86' lang='grc' dir='ltr'><strong>ἵνα</strong></span> <span class='ocrx_word' id='word_1_437' title='bbox 1087 3395 1301 3459; x_wconf 84' lang='grc' dir='ltr'>δείξωσι</span> <span class='ocrx_word' id='word_1_438' title='bbox 1332 3395 1644 3465; x_wconf 83' lang='grc' dir='ltr'>θαυμαστὸν</span> <span class='ocrx_word' id='word_1_439' title='bbox 1673 3396 1800 3446; x_wconf 83' lang='grc' dir='ltr'>ὅντα</span> <span class='ocrx_word' id='word_1_440' title='bbox 1826 3392 1918 3445; x_wconf 80' lang='grc' dir='ltr'><strong>τὸν</strong></span> 
     </span>
    </p>
   </div>
   <div class='ocr_carea' id='block_1_63' title="bbox 351 3483 1918 3563">
    <p class='ocr_par' dir='ltr' id='par_1_63' title="bbox 351 3483 1918 3563">
     <span class='ocr_line' id='line_1_63' title="bbox 351 3483 1918 3563; baseline -0.007 -17"><span class='ocrx_word' id='word_1_441' title='bbox 351 3493 425 3563; x_wconf 83' lang='grc' dir='ltr'>μὴ</span> <span class='ocrx_word' id='word_1_442' title='bbox 453 3494 582 3546; x_wconf 81' lang='grc' dir='ltr'>ὅντα</span> <span class='ocrx_word' id='word_1_443' title='bbox 611 3490 873 3544; x_wconf 84' lang='grc' dir='ltr'>τοιοῦτον.</span> <span class='ocrx_word' id='word_1_444' title='bbox 920 3488 1082 3542; x_wconf 81' lang='grc' dir='ltr'>Ἀλλά</span> <span class='ocrx_word' id='word_1_445' title='bbox 1120 3488 1211 3540; x_wconf 82' lang='grc' dir='ltr'><strong>τὸν</strong></span> <span class='ocrx_word' id='word_1_446' title='bbox 1241 3487 1523 3540; x_wconf 89' lang='grc' dir='ltr'>σπουδαῖον</span> <span class='ocrx_word' id='word_1_447' title='bbox 1549 3486 1785 3554; x_wconf 79' lang='grc' dir='ltr'>μάλιστα</span> <span class='ocrx_word' id='word_1_448' title='bbox 1818 3483 1918 3553; x_wconf 85' lang='grc' dir='ltr'>μὲν</span> 
     </span>
    </p>
   </div>
   <div class='ocr_carea' id='block_1_64' title="bbox 344 3575 1915 3650">
    <p class='ocr_par' dir='ltr' id='par_1_64' title="bbox 344 3575 1915 3650">
     <span class='ocr_line' id='line_1_64' title="bbox 344 3575 1915 3650; baseline -0.008 -13"><span class='ocrx_word' id='word_1_449' title='bbox 344 3585 440 3637; x_wconf 75' lang='grc' dir='ltr'><strong>καὶ</strong></span> <span class='ocrx_word' id='word_1_450' title='bbox 482 3582 722 3635; x_wconf 76' lang='grc' dir='ltr'>ἐπαίνων</span> <span class='ocrx_word' id='word_1_451' title='bbox 753 3576 889 3633; x_wconf 77' lang='grc' dir='ltr'>εἶναι</span> <span class='ocrx_word' id='word_1_452' title='bbox 937 3581 1226 3650; x_wconf 84' lang='grc' dir='ltr'>κρείττονα</span> <span class='ocrx_word' id='word_1_453' title='bbox 1272 3579 1407 3649; x_wconf 78' lang='grc' dir='ltr'><strong>χρὴ·</strong></span> <span class='ocrx_word' id='word_1_454' title='bbox 1440 3578 1578 3630; x_wconf 81' lang='grc' dir='ltr'>εἰδὲ</span> <span class='ocrx_word' id='word_1_455' title='bbox 1626 3579 1717 3630; x_wconf 73' lang='grc' dir='ltr'><strong>καὶ</strong></span> <span class='ocrx_word' id='word_1_456' title='bbox 1743 3575 1915 3646; x_wconf 77' lang='grc' dir='ltr'>διψῴη</span> 
     </span>
    </p>
   </div>
   <div class='ocr_carea' id='block_1_65' title="bbox 345 3664 1917 3738">
    <p class='ocr_par' dir='ltr' id='par_1_65' title="bbox 345 3664 1917 3738">
     <span class='ocr_line' id='line_1_65' title="bbox 345 3664 1917 3738; baseline -0.003 -17"><span class='ocrx_word' id='word_1_457' title='bbox 345 3670 571 3731; x_wconf 85' lang='grc' dir='ltr'>τούτων,</span> <span class='ocrx_word' id='word_1_458' title='bbox 625 3668 854 3738; x_wconf 86' lang='grc' dir='ltr'>συνορᾷν</span> <span class='ocrx_word' id='word_1_459' title='bbox 899 3666 990 3719; x_wconf 79' lang='grc' dir='ltr'><strong>τὸν</strong></span> <span class='ocrx_word' id='word_1_460' title='bbox 1024 3666 1195 3729; x_wconf 89' lang='grc' dir='ltr'>δόλον,</span> <span class='ocrx_word' id='word_1_461' title='bbox 1244 3666 1326 3718; x_wconf 80' lang='grc' dir='ltr'>ὃτι</span> <span class='ocrx_word' id='word_1_462' title='bbox 1373 3667 1571 3717; x_wconf 79' lang='grc' dir='ltr'>ἐκεῖνοι</span> <span class='ocrx_word' id='word_1_463' title='bbox 1620 3664 1917 3734; x_wconf 71' lang='grc' dir='ltr'>ἢὲκκόψαι</span> 
     </span>
    </p>
   </div>
   <div class='ocr_carea' id='block_1_66' title="bbox 350 3755 1917 3827">
    <p class='ocr_par' dir='ltr' id='par_1_66' title="bbox 350 3755 1917 3827">
     <span class='ocr_line' id='line_1_66' title="bbox 350 3755 1917 3827; baseline -0.003 -17"><span class='ocrx_word' id='word_1_464' title='bbox 350 3759 498 3827; x_wconf 80' lang='grc' dir='ltr'>αύτῷ</span> <span class='ocrx_word' id='word_1_465' title='bbox 541 3758 630 3810; x_wconf 81' lang='grc' dir='ltr'><strong>τὸν</strong></span> <span class='ocrx_word' id='word_1_466' title='bbox 672 3759 751 3821; x_wconf 83' lang='grc' dir='ltr'><strong>είς</strong></span> <span class='ocrx_word' id='word_1_467' title='bbox 782 3758 880 3827; x_wconf 83' lang='grc' dir='ltr'>τὴν</span> <span class='ocrx_word' id='word_1_468' title='bbox 930 3757 1134 3826; x_wconf 84' lang='grc' dir='ltr'>ἀρετὴν</span> <span class='ocrx_word' id='word_1_469' title='bbox 1168 3755 1366 3825; x_wconf 82' lang='grc' dir='ltr'>δρόμον</span> <span class='ocrx_word' id='word_1_470' title='bbox 1405 3755 1736 3824; x_wconf 86' lang='grc' dir='ltr'>βουλόμενοι,</span> <span class='ocrx_word' id='word_1_471' title='bbox 1767 3756 1801 3823; x_wconf 83' lang='grc' dir='ltr'><strong>ἢ</strong></span> <span class='ocrx_word' id='word_1_472' title='bbox 1826 3755 1917 3806; x_wconf 90' lang='grc' dir='ltr'>λυ-</span> 
     </span>
    </p>
   </div>
   <div class='ocr_carea' id='block_1_67' title="bbox 350 3843 1919 3917">
    <p class='ocr_par' dir='ltr' id='par_1_67' title="bbox 350 3843 1919 3917">
     <span class='ocr_line' id='line_1_67' title="bbox 350 3843 1919 3917; baseline -0.004 -17"><span class='ocrx_word' id='word_1_473' title='bbox 350 3848 542 3917; x_wconf 83' lang='grc' dir='ltr'>πῆσαι,</span> <span class='ocrx_word' id='word_1_474' title='bbox 575 3846 841 3917; x_wconf 76' lang='grc' dir='ltr'>ἐπῄνεσαν</span> <span class='ocrx_word' id='word_1_475' title='bbox 878 3846 970 3898; x_wconf 82' lang='grc' dir='ltr'><strong>τὸν</strong></span> <span class='ocrx_word' id='word_1_476' title='bbox 1016 3844 1357 3915; x_wconf 82' lang='grc' dir='ltr'>κακηγορίας</span> <span class='ocrx_word' id='word_1_477' title='bbox 1408 3845 1577 3907; x_wconf 84' lang='grc' dir='ltr'>ἄξιον.</span> <span class='ocrx_word' id='word_1_478' title='bbox 1630 3843 1740 3896; x_wconf 77' lang='grc' dir='ltr'><strong>Καὶ</strong></span> <span class='ocrx_word' id='word_1_479' title='bbox 1790 3843 1919 3905; x_wconf 75' lang='grc' dir='ltr'>τοὺς</span> 
     </span>
    </p>
   </div>
   <div class='ocr_carea' id='block_1_68' title="bbox 354 3932 1914 4009">
    <p class='ocr_par' dir='ltr' id='par_1_68' title="bbox 354 3932 1914 4009">
     <span class='ocr_line' id='line_1_68' title="bbox 354 3932 1914 4009; baseline -0.005 -17"><span class='ocrx_word' id='word_1_480' title='bbox 354 3939 454 4009; x_wconf 85' lang='grc' dir='ltr'>μὲν</span> <span class='ocrx_word' id='word_1_481' title='bbox 477 3938 542 3991; x_wconf 88' lang='grc' dir='ltr'>δι’</span> <span class='ocrx_word' id='word_1_482' title='bbox 564 3938 799 4008; x_wconf 84' lang='grc' dir='ltr'>ἀμαθίαν</span> <span class='ocrx_word' id='word_1_483' title='bbox 824 3937 980 3990; x_wconf 82' lang='grc' dir='ltr'>τοῦτο</span> <span class='ocrx_word' id='word_1_484' title='bbox 1014 3935 1320 4001; x_wconf 82' lang='grc' dir='ltr'>ποιοῦντας,</span> <span class='ocrx_word' id='word_1_485' title='bbox 1353 3932 1683 4003; x_wconf 83' lang='grc' dir='ltr'>συγγνώμης</span> <span class='ocrx_word' id='word_1_486' title='bbox 1709 3932 1914 3999; x_wconf 77' lang='grc' dir='ltr'>ἀξιοῦν·</span> 
     </span>
    </p>
   </div>
   <div class='ocr_carea' id='block_1_69' title="bbox 348 4024 1918 4099">
    <p class='ocr_par' dir='ltr' id='par_1_69' title="bbox 348 4024 1918 4099">
     <span class='ocr_line' id='line_1_69' title="bbox 348 4024 1918 4099; baseline -0.004 -16"><span class='ocrx_word' id='word_1_487' title='bbox 348 4032 475 4093; x_wconf 78' lang='grc' dir='ltr'>τοὺς</span> <span class='ocrx_word' id='word_1_488' title='bbox 505 4030 561 4082; x_wconf 81' lang='grc' dir='ltr'>δὲ</span> <span class='ocrx_word' id='word_1_489' title='bbox 587 4030 674 4082; x_wconf 76' lang='grc' dir='ltr'><strong>διὰ</strong></span> <span class='ocrx_word' id='word_1_490' title='bbox 716 4030 929 4098; x_wconf 84' lang='grc' dir='ltr'>φθόνον,</span> <span class='ocrx_word' id='word_1_491' title='bbox 966 4027 1185 4099; x_wconf 86' lang='grc' dir='ltr'>θρηνεῖν</span> <span class='ocrx_word' id='word_1_492' title='bbox 1207 4043 1221 4057; x_wconf 82' lang='grc'><em>’</em></span> <span class='ocrx_word' id='word_1_493' title='bbox 1252 4028 1333 4079; x_wconf 83' lang='grc' dir='ltr'>ὅτι</span> <span class='ocrx_word' id='word_1_494' title='bbox 1369 4025 1623 4079; x_wconf 79' lang='grc' dir='ltr'>τοσοῦτον</span> <span class='ocrx_word' id='word_1_495' title='bbox 1652 4024 1918 4093; x_wconf 82' lang='grc' dir='ltr'>ἀπέχουσι</span> 
     </span>
    </p>
   </div>
   <div class='ocr_carea' id='block_1_70' title="bbox 346 4103 1920 4188">
    <p class='ocr_par' dir='ltr' id='par_1_70' title="bbox 346 4103 1920 4188">
     <span class='ocr_line' id='line_1_70' title="bbox 346 4103 1920 4188; baseline -0.003 -15"><span class='ocrx_word' id='word_1_496' title='bbox 346 4121 440 4174; x_wconf 79' lang='grc' dir='ltr'>τοῦ</span> <span class='ocrx_word' id='word_1_497' title='bbox 486 4120 690 4188; x_wconf 79' lang='grc' dir='ltr'>πρᾶξαί</span> <span class='ocrx_word' id='word_1_498' title='bbox 734 4136 787 4172; x_wconf 87' lang='grc' dir='ltr'><strong>τι</strong></span> <span class='ocrx_word' id='word_1_499' title='bbox 839 4103 1027 4183; x_wconf 79' lang='grc' dir='ltr'>καλὸν,</span> <span class='ocrx_word' id='word_1_500' title='bbox 1076 4119 1158 4171; x_wconf 84' lang='grc' dir='ltr'>ὅτι</span> <span class='ocrx_word' id='word_1_501' title='bbox 1206 4118 1325 4171; x_wconf 80' lang='grc' dir='ltr'>οὐδὲ</span> <span class='ocrx_word' id='word_1_502' title='bbox 1354 4116 1496 4188; x_wconf 78' lang='grc' dir='ltr'>πρὸς</span> <span class='ocrx_word' id='word_1_503' title='bbox 1545 4116 1637 4169; x_wconf 82' lang='grc' dir='ltr'><strong>τὸν</strong></span> <span class='ocrx_word' id='word_1_504' title='bbox 1665 4116 1920 4185; x_wconf 79' lang='grc' dir='ltr'>ἐνάρετον</span> 
     </span>
    </p>
   </div>
   <div class='ocr_carea' id='block_1_71' title="bbox 351 4211 690 4267">
    <p class='ocr_par' dir='ltr' id='par_1_71' title="bbox 351 4211 690 4267">
     <span class='ocr_line' id='line_1_71' title="bbox 351 4211 690 4267; baseline -0.012 0"><span class='ocrx_word' id='word_1_505' title='bbox 351 4211 690 4267; x_wconf 80' lang='grc' dir='ltr'>σπένδονται.</span> 
     </span>
    </p>
   </div>
   <div class='ocr_carea' id='block_1_72' title="bbox 596 4296 1652 4369">
    <p class='ocr_par' dir='ltr' id='par_1_72' title="bbox 596 4296 1652 4369">
     <span class='ocr_line' id='line_1_72' title="bbox 596 4296 1652 4369; baseline -0.001 -17"><span class='ocrx_word' id='word_1_506' title='bbox 596 4298 753 4366; x_wconf 64' lang='lat' dir='ltr'><strong>Tu&quot;.</strong></span> <span class='ocrx_word' id='word_1_507' title='bbox 788 4331 856 4340; x_wconf 87' lang='lat'><strong><em>—</em></strong></span> <span class='ocrx_word' id='word_1_508' title='bbox 889 4299 1140 4369; x_wconf 80' lang='grc' dir='ltr'><strong>ΖΩΣΙΜῼ</strong></span> <span class='ocrx_word' id='word_1_509' title='bbox 1178 4296 1652 4365; x_wconf 79' lang='grc' dir='ltr'><strong>ΠΡΕΣΒΥΤΕΡῼ.</strong></span> 
     </span>
    </p>
   </div>
   <div class='ocr_carea' id='block_1_73' title="bbox 2024 3035 3596 3104">
    <p class='ocr_par' dir='ltr' id='par_1_73' title="bbox 2024 3035 3596 3104">
     <span class='ocr_line' id='line_1_73' title="bbox 2024 3035 3596 3104; baseline 0.001 -18"><span class='ocrx_word' id='word_1_510' title='bbox 2024 3049 2123 3088; x_wconf 91' lang='lat' dir='ltr'><strong>nec</strong></span> <span class='ocrx_word' id='word_1_511' title='bbox 2160 3035 2549 3102; x_wconf 87' lang='lat' dir='ltr'><strong>benedieeudi,</strong></span> <span class='ocrx_word' id='word_1_512' title='bbox 2599 3051 2698 3090; x_wconf 89' lang='lat' dir='ltr'><strong>nec</strong></span> <span class='ocrx_word' id='word_1_513' title='bbox 2728 3035 2957 3091; x_wconf 89' lang='lat' dir='ltr'><strong>faciendi</strong></span> <span class='ocrx_word' id='word_1_514' title='bbox 2999 3035 3286 3104; x_wconf 84' lang='lat' dir='ltr'><strong>cupidum,</strong></span> <span class='ocrx_word' id='word_1_515' title='bbox 3359 3045 3596 3101; x_wconf 75' lang='lat' dir='ltr'><strong>eumqu:</strong></span> 
     </span>
    </p>
   </div>
   <div class='ocr_carea' id='block_1_74' title="bbox 2023 3123 3595 3192">
    <p class='ocr_par' dir='ltr' id='par_1_74' title="bbox 2023 3123 3595 3192">
     <span class='ocr_line' id='line_1_74' title="bbox 2023 3123 3595 3192; baseline -0.001 -13"><span class='ocrx_word' id='word_1_516' title='bbox 2023 3139 2185 3191; x_wconf 88' lang='lat' dir='ltr'><strong>supra</strong></span> <span class='ocrx_word' id='word_1_517' title='bbox 2222 3127 2414 3179; x_wconf 89' lang='lat' dir='ltr'><strong>merita</strong></span> <span class='ocrx_word' id='word_1_518' title='bbox 2450 3126 2715 3181; x_wconf 82' lang='lat' dir='ltr'><strong>extollunt</strong></span> <span class='ocrx_word' id='word_1_519' title='bbox 2760 3137 2815 3180; x_wconf 88' lang='lat' dir='ltr'><strong>et</strong></span> <span class='ocrx_word' id='word_1_520' title='bbox 2864 3126 3222 3190; x_wconf 87' lang='lat' dir='ltr'><strong>admirantur,</strong></span> <span class='ocrx_word' id='word_1_521' title='bbox 3278 3124 3332 3179; x_wconf 88' lang='lat' dir='ltr'><strong>hi</strong></span> <span class='ocrx_word' id='word_1_522' title='bbox 3371 3123 3595 3192; x_wconf 89' lang='lat' dir='ltr'><strong>quidem</strong></span> 
     </span>
    </p>
   </div>
   <div class='ocr_carea' id='block_1_75' title="bbox 2023 3213 3591 3284">
    <p class='ocr_par' dir='ltr' id='par_1_75' title="bbox 2023 3213 3591 3284">
     <span class='ocr_line' id='line_1_75' title="bbox 2023 3213 3591 3284; baseline -0.003 -14"><span class='ocrx_word' id='word_1_523' title='bbox 2023 3228 2120 3284; x_wconf 85' lang='lat' dir='ltr'><strong>per</strong></span> <span class='ocrx_word' id='word_1_524' title='bbox 2154 3214 2476 3283; x_wconf 89' lang='lat' dir='ltr'><strong>imperitiam</strong></span> <span class='ocrx_word' id='word_1_525' title='bbox 2506 3216 2607 3271; x_wconf 91' lang='lat' dir='ltr'><strong>hoc</strong></span> <span class='ocrx_word' id='word_1_526' title='bbox 2626 3215 2904 3281; x_wconf 80' lang='lat' dir='ltr'><strong>facientes,</strong></span> <span class='ocrx_word' id='word_1_527' title='bbox 2930 3214 3005 3269; x_wconf 92' lang='lat' dir='ltr'><strong>illi</strong></span> <span class='ocrx_word' id='word_1_528' title='bbox 3029 3231 3157 3269; x_wconf 87' lang='lat' dir='ltr'><strong>vero</strong></span> <span class='ocrx_word' id='word_1_529' title='bbox 3190 3229 3283 3284; x_wconf 90' lang='lat' dir='ltr'><strong>per</strong></span> <span class='ocrx_word' id='word_1_530' title='bbox 3308 3213 3591 3279; x_wconf 82' lang='lat' dir='ltr'><strong>invidiam,</strong></span> 
     </span>
    </p>
   </div>
   <div class='ocr_carea' id='block_1_76' title="bbox 2025 3305 3593 3377">
    <p class='ocr_par' dir='ltr' id='par_1_76' title="bbox 2025 3305 3593 3377">
     <span class='ocr_line' id='line_1_76' title="bbox 2025 3305 3593 3377; baseline -0.002 -17"><span class='ocrx_word' id='word_1_531' title='bbox 2025 3319 2079 3360; x_wconf 89' lang='lat' dir='ltr'><strong>ut</strong></span> <span class='ocrx_word' id='word_1_532' title='bbox 2114 3306 2337 3377; x_wconf 83' lang='lat' dir='ltr'><strong>gloriam</strong></span> <span class='ocrx_word' id='word_1_533' title='bbox 2375 3307 2662 3376; x_wconf 80' lang='lat' dir='ltr'><strong>acquirant</strong></span> <span class='ocrx_word' id='word_1_534' title='bbox 2702 3306 2897 3361; x_wconf 89' lang='lat' dir='ltr'><strong>Iahoris</strong></span> <span class='ocrx_word' id='word_1_535' title='bbox 2933 3321 2996 3359; x_wconf 89' lang='lat' dir='ltr'><strong>ac</strong></span> <span class='ocrx_word' id='word_1_536' title='bbox 3035 3305 3349 3375; x_wconf 65' lang='lat' dir='ltr'><strong>diligentiae,</strong></span> <span class='ocrx_word' id='word_1_537' title='bbox 3394 3319 3500 3358; x_wconf 92' lang='lat' dir='ltr'><strong>non</strong></span> <span class='ocrx_word' id='word_1_538' title='bbox 3534 3311 3593 3357; x_wconf 87' lang='lat' dir='ltr'><strong>ut</strong></span> 
     </span>
    </p>
   </div>
   <div class='ocr_carea' id='block_1_77' title="bbox 2022 3394 3591 3465">
    <p class='ocr_par' dir='ltr' id='par_1_77' title="bbox 2022 3394 3591 3465">
     <span class='ocr_line' id='line_1_77' title="bbox 2022 3394 3591 3465; baseline -0.001 -16"><span class='ocrx_word' id='word_1_539' title='bbox 2022 3396 2379 3450; x_wconf 87' lang='lat' dir='ltr'><strong>admiratione</strong></span> <span class='ocrx_word' id='word_1_540' title='bbox 2397 3398 2614 3465; x_wconf 87' lang='lat' dir='ltr'><strong>dignum</strong></span> <span class='ocrx_word' id='word_1_541' title='bbox 2636 3411 2757 3451; x_wconf 88' lang='lat' dir='ltr'><strong>esse</strong></span> <span class='ocrx_word' id='word_1_542' title='bbox 2775 3398 3218 3459; x_wconf 90' lang='lat' dir='ltr'><strong>ostendanteum,</strong></span> <span class='ocrx_word' id='word_1_543' title='bbox 3235 3395 3324 3465; x_wconf 84' lang='lat' dir='ltr'><strong>qui</strong></span> <span class='ocrx_word' id='word_1_544' title='bbox 3344 3394 3463 3449; x_wconf 89' lang='lat' dir='ltr'><strong>talis</strong></span> <span class='ocrx_word' id='word_1_545' title='bbox 3485 3408 3591 3448; x_wconf 90' lang='lat' dir='ltr'><strong>non</strong></span> 
     </span>
    </p>
   </div>
   <div class='ocr_carea' id='block_1_78' title="bbox 2023 3480 3591 3556">
    <p class='ocr_par' dir='ltr' id='par_1_78' title="bbox 2023 3480 3591 3556">
     <span class='ocr_line' id='line_1_78' title="bbox 2023 3480 3591 3556; baseline -0.004 -13"><span class='ocrx_word' id='word_1_546' title='bbox 2023 3488 2095 3543; x_wconf 87' lang='lat' dir='ltr'><strong>sit</strong></span> <span class='ocrx_word' id='word_1_547' title='bbox 2120 3504 2133 3539; x_wconf 89' lang='lat'><strong>:</strong></span> <span class='ocrx_word' id='word_1_548' title='bbox 2167 3488 2259 3541; x_wconf 92' lang='lat' dir='ltr'><strong>sed</strong></span> <span class='ocrx_word' id='word_1_549' title='bbox 2286 3487 2509 3556; x_wconf 85' lang='lat' dir='ltr'><strong>probum</strong></span> <span class='ocrx_word' id='word_1_550' title='bbox 2543 3480 2868 3556; x_wconf 83' lang='lat' dir='ltr'><strong>virtutisque</strong></span> <span class='ocrx_word' id='word_1_551' title='bbox 2898 3488 3192 3541; x_wconf 90' lang='lat' dir='ltr'><strong>studiosum</strong></span> <span class='ocrx_word' id='word_1_552' title='bbox 3222 3486 3468 3539; x_wconf 88' lang='lat' dir='ltr'><strong>laudibus</strong></span> <span class='ocrx_word' id='word_1_553' title='bbox 3490 3498 3591 3554; x_wconf 88' lang='lat' dir='ltr'><strong>po-</strong></span> 
     </span>
    </p>
   </div>
   <div class='ocr_carea' id='block_1_79' title="bbox 2025 3576 3594 3667">
    <p class='ocr_par' dir='ltr' id='par_1_79' title="bbox 2025 3576 3594 3667">
     <span class='ocr_line' id='line_1_79' title="bbox 2025 3576 3594 3667; baseline -0.003 -35"><span class='ocrx_word' id='word_1_554' title='bbox 2025 3578 2289 3633; x_wconf 90' lang='lat' dir='ltr'><strong>tissimum</strong></span> <span class='ocrx_word' id='word_1_555' title='bbox 2318 3594 2437 3632; x_wconf 90' lang='lat' dir='ltr'><strong>esse</strong></span> <span class='ocrx_word' id='word_1_556' title='bbox 2454 3579 2714 3649; x_wconf 87' lang='lat' dir='ltr'><strong>majorem</strong></span> <span class='ocrx_word' id='word_1_557' title='bbox 2744 3589 2977 3646; x_wconf 86' lang='lat' dir='ltr'><strong>oportet,</strong></span> <span class='ocrx_word' id='word_1_558' title='bbox 3007 3578 3049 3632; x_wconf 91' lang='lat' dir='ltr'><strong>si</strong></span> <span class='ocrx_word' id='word_1_559' title='bbox 3072 3593 3200 3632; x_wconf 90' lang='lat' dir='ltr'><strong>vero</strong></span> <span class='ocrx_word' id='word_1_560' title='bbox 3224 3576 3412 3667; x_wconf 52' lang='grc' dir='ltr'><strong>Ιέιιιφε</strong></span> <span class='ocrx_word' id='word_1_561' title='bbox 3428 3576 3594 3629; x_wconf 88' lang='lat' dir='ltr'><strong>etiam</strong></span> 
     </span>
    </p>
   </div>
   <div class='ocr_carea' id='block_1_80' title="bbox 2023 3666 3587 3737">
    <p class='ocr_par' dir='ltr' id='par_1_80' title="bbox 2023 3666 3587 3737">
     <span class='ocr_line' id='line_1_80' title="bbox 2023 3666 3587 3737; baseline -0.003 -15"><span class='ocrx_word' id='word_1_562' title='bbox 2023 3669 2192 3730; x_wconf 88' lang='lat' dir='ltr'><strong>sitiat,</strong></span> <span class='ocrx_word' id='word_1_563' title='bbox 2216 3668 2411 3722; x_wconf 84' lang='lat' dir='ltr'><strong>intueri</strong></span> <span class='ocrx_word' id='word_1_564' title='bbox 2436 3668 2615 3723; x_wconf 91' lang='lat' dir='ltr'><strong>dolum</strong></span> <span class='ocrx_word' id='word_1_565' title='bbox 2644 3678 2874 3737; x_wconf 89' lang='lat' dir='ltr'><strong>oportet,</strong></span> <span class='ocrx_word' id='word_1_566' title='bbox 2898 3668 3039 3737; x_wconf 88' lang='lat' dir='ltr'><strong>quod</strong></span> <span class='ocrx_word' id='word_1_567' title='bbox 3060 3668 3135 3721; x_wconf 88' lang='lat' dir='ltr'><strong>illi</strong></span> <span class='ocrx_word' id='word_1_568' title='bbox 3162 3676 3254 3721; x_wconf 90' lang='lat' dir='ltr'><strong>aut</strong></span> <span class='ocrx_word' id='word_1_569' title='bbox 3290 3666 3587 3720; x_wconf 89' lang='lat' dir='ltr'><strong>interrum-</strong></span> 
     </span>
    </p>
   </div>
   <div class='ocr_carea' id='block_1_81' title="bbox 2024 3759 3592 3828">
    <p class='ocr_par' dir='ltr' id='par_1_81' title="bbox 2024 3759 3592 3828">
     <span class='ocr_line' id='line_1_81' title="bbox 2024 3759 3592 3828; baseline -0.001 -14"><span class='ocrx_word' id='word_1_570' title='bbox 2024 3775 2151 3828; x_wconf 88' lang='lat' dir='ltr'><strong>pere</strong></span> <span class='ocrx_word' id='word_1_571' title='bbox 2165 3775 2381 3813; x_wconf 88' lang='lat' dir='ltr'><strong>cursum</strong></span> <span class='ocrx_word' id='word_1_572' title='bbox 2399 3761 2463 3813; x_wconf 91' lang='lat' dir='ltr'><strong>ad</strong></span> <span class='ocrx_word' id='word_1_573' title='bbox 2481 3761 2750 3824; x_wconf 85' lang='lat' dir='ltr'><strong>virtutem,</strong></span> <span class='ocrx_word' id='word_1_574' title='bbox 2772 3772 2864 3815; x_wconf 90' lang='lat' dir='ltr'><strong>aut</strong></span> <span class='ocrx_word' id='word_1_575' title='bbox 2882 3761 3116 3816; x_wconf 90' lang='lat' dir='ltr'><strong>dolorem</strong></span> <span class='ocrx_word' id='word_1_576' title='bbox 3136 3761 3335 3815; x_wconf 86' lang='lat' dir='ltr'><strong>inferre</strong></span> <span class='ocrx_word' id='word_1_577' title='bbox 3353 3759 3592 3815; x_wconf 89' lang='lat' dir='ltr'><strong>volentes</strong></span> 
     </span>
    </p>
   </div>
   <div class='ocr_carea' id='block_1_82' title="bbox 2026 3850 3586 3920">
    <p class='ocr_par' dir='ltr' id='par_1_82' title="bbox 2026 3850 3586 3920">
     <span class='ocr_line' id='line_1_82' title="bbox 2026 3850 3586 3920; baseline 0.003 -21"><span class='ocrx_word' id='word_1_578' title='bbox 2026 3850 2417 3917; x_wconf 88' lang='lat' dir='ltr'><strong>vituperatione</strong></span> <span class='ocrx_word' id='word_1_579' title='bbox 2453 3850 2670 3917; x_wconf 88' lang='lat' dir='ltr'><strong>dignum</strong></span> <span class='ocrx_word' id='word_1_580' title='bbox 2702 3850 2989 3905; x_wconf 86' lang='lat' dir='ltr'><strong>laudarim.</strong></span> <span class='ocrx_word' id='word_1_581' title='bbox 3022 3850 3085 3904; x_wconf 87' lang='lat' dir='ltr'><strong>Et</strong></span> <span class='ocrx_word' id='word_1_582' title='bbox 3108 3852 3322 3919; x_wconf 82' lang='lat' dir='ltr'><strong>quidem</strong></span> <span class='ocrx_word' id='word_1_583' title='bbox 3353 3852 3443 3920; x_wconf 90' lang='lat' dir='ltr'><strong>qui</strong></span> <span class='ocrx_word' id='word_1_584' title='bbox 3485 3865 3586 3920; x_wconf 88' lang='lat' dir='ltr'><strong>per</strong></span> 
     </span>
    </p>
   </div>
   <div class='ocr_carea' id='block_1_83' title="bbox 2026 3938 3591 4009">
    <p class='ocr_par' dir='ltr' id='par_1_83' title="bbox 2026 3938 3591 4009">
     <span class='ocr_line' id='line_1_83' title="bbox 2026 3938 3591 4009; baseline 0.002 -18"><span class='ocrx_word' id='word_1_585' title='bbox 2026 3939 2348 4006; x_wconf 87' lang='lat' dir='ltr'><strong>imperitiam</strong></span> <span class='ocrx_word' id='word_1_586' title='bbox 2371 3939 2421 3991; x_wconf 91' lang='lat' dir='ltr'><strong>id</strong></span> <span class='ocrx_word' id='word_1_587' title='bbox 2464 3938 2685 4003; x_wconf 85' lang='lat' dir='ltr'><strong>faciunt,</strong></span> <span class='ocrx_word' id='word_1_588' title='bbox 2721 3941 2875 3994; x_wconf 84' lang='lat' dir='ltr'><strong>venia</strong></span> <span class='ocrx_word' id='word_1_589' title='bbox 2906 3943 3098 4007; x_wconf 77' lang='lat' dir='ltr'><strong>dignos</strong></span> <span class='ocrx_word' id='word_1_590' title='bbox 3122 3942 3461 4007; x_wconf 80' lang='lat' dir='ltr'><strong>existimem;</strong></span> <span class='ocrx_word' id='word_1_591' title='bbox 3494 3938 3591 4009; x_wconf 81' lang='lat' dir='ltr'><strong>qui</strong></span> 
     </span>
    </p>
   </div>
   <div class='ocr_carea' id='block_1_84' title="bbox 2023 4028 3593 4100">
    <p class='ocr_par' dir='ltr' id='par_1_84' title="bbox 2023 4028 3593 4100">
     <span class='ocr_line' id='line_1_84' title="bbox 2023 4028 3593 4100; baseline 0.002 -21"><span class='ocrx_word' id='word_1_592' title='bbox 2023 4042 2153 4081; x_wconf 81' lang='lat' dir='ltr'><strong>vero</strong></span> <span class='ocrx_word' id='word_1_593' title='bbox 2180 4041 2277 4095; x_wconf 87' lang='lat' dir='ltr'><strong>per</strong></span> <span class='ocrx_word' id='word_1_594' title='bbox 2304 4028 2557 4082; x_wconf 89' lang='lat' dir='ltr'><strong>invidiam</strong></span> <span class='ocrx_word' id='word_1_595' title='bbox 2587 4029 2638 4082; x_wconf 92' lang='lat' dir='ltr'><strong>id</strong></span> <span class='ocrx_word' id='word_1_596' title='bbox 2664 4031 3007 4083; x_wconf 88' lang='lat' dir='ltr'><strong>committunt</strong></span> <span class='ocrx_word' id='word_1_597' title='bbox 3041 4031 3320 4099; x_wconf 80' lang='lat' dir='ltr'><strong>deplorare</strong></span> <span class='ocrx_word' id='word_1_598' title='bbox 3357 4039 3593 4100; x_wconf 88' lang='lat' dir='ltr'><strong>oportet,</strong></span> 
     </span>
    </p>
   </div>
   <div class='ocr_carea' id='block_1_85' title="bbox 2026 4115 3596 4190">
    <p class='ocr_par' dir='ltr' id='par_1_85' title="bbox 2026 4115 3596 4190">
     <span class='ocr_line' id='line_1_85' title="bbox 2026 4115 3596 4190; baseline 0.003 -21"><span class='ocrx_word' id='word_1_599' title='bbox 2026 4115 2167 4184; x_wconf 89' lang='lat' dir='ltr'><strong>quod</strong></span> <span class='ocrx_word' id='word_1_600' title='bbox 2197 4127 2401 4170; x_wconf 81' lang='lat' dir='ltr'><strong>tantum</strong></span> <span class='ocrx_word' id='word_1_601' title='bbox 2430 4132 2459 4169; x_wconf 94' lang='lat' dir='ltr'><strong>a</strong></span> <span class='ocrx_word' id='word_1_602' title='bbox 2490 4118 2628 4171; x_wconf 87' lang='lat' dir='ltr'><strong>bene</strong></span> <span class='ocrx_word' id='word_1_603' title='bbox 2661 4118 2866 4187; x_wconf 82' lang='lat' dir='ltr'><strong>agendo</strong></span> <span class='ocrx_word' id='word_1_604' title='bbox 2913 4120 3201 4185; x_wconf 87' lang='lat' dir='ltr'><strong>abstinent,</strong></span> <span class='ocrx_word' id='word_1_605' title='bbox 3258 4130 3315 4172; x_wconf 89' lang='lat' dir='ltr'><strong>ut</strong></span> <span class='ocrx_word' id='word_1_606' title='bbox 3336 4134 3510 4190; x_wconf 89' lang='lat' dir='ltr'><strong>neque</strong></span> <span class='ocrx_word' id='word_1_607' title='bbox 3539 4119 3596 4173; x_wconf 88' lang='lat' dir='ltr'><strong>hi</strong></span> 
     </span>
    </p>
   </div>
   <div class='ocr_carea' id='block_1_86' title="bbox 2027 4208 3045 4276">
    <p class='ocr_par' dir='ltr' id='par_1_86' title="bbox 2027 4208 3045 4276">
     <span class='ocr_line' id='line_1_86' title="bbox 2027 4208 3045 4276; baseline 0.003 -16"><span class='ocrx_word' id='word_1_608' title='bbox 2027 4223 2147 4261; x_wconf 89' lang='lat' dir='ltr'><strong>cum</strong></span> <span class='ocrx_word' id='word_1_609' title='bbox 2174 4208 2373 4260; x_wconf 88' lang='lat' dir='ltr'><strong>virlute</strong></span> <span class='ocrx_word' id='word_1_610' title='bbox 2400 4209 2621 4276; x_wconf 65' lang='lat' dir='ltr'><strong>praedito</strong></span> <span class='ocrx_word' id='word_1_611' title='bbox 2642 4208 2821 4262; x_wconf 67' lang='lat' dir='ltr'><strong>‘fwdus</strong></span> <span class='ocrx_word' id='word_1_612' title='bbox 2844 4208 3045 4263; x_wconf 75' lang='lat' dir='ltr'><strong>ineant.</strong></span> 
     </span>
    </p>
   </div>
   <div class='ocr_carea' id='block_1_87' title="bbox 2193 4296 3432 4354">
    <p class='ocr_par' dir='ltr' id='par_1_87' title="bbox 2193 4296 3432 4354">
     <span class='ocr_line' id='line_1_87' title="bbox 2193 4296 3432 4354; baseline 0.002 -3"><span class='ocrx_word' id='word_1_613' title='bbox 2193 4296 2501 4352; x_wconf 80' lang='lat' dir='ltr'><strong>CCCXClll.</strong></span> <span class='ocrx_word' id='word_1_614' title='bbox 2549 4327 2620 4338; x_wconf 94' lang='lat'>—</span> <span class='ocrx_word' id='word_1_615' title='bbox 2652 4298 2905 4353; x_wconf 81' lang='lat' dir='ltr'><strong>ZOSIMO</strong></span> <span class='ocrx_word' id='word_1_616' title='bbox 2955 4299 3432 4354; x_wconf 76' lang='lat' dir='ltr'><strong>PRESBYTERO.</strong></span> 
     </span>
    </p>
   </div>
   <div class='ocr_carea' id='block_1_88' title="bbox 461 4384 3488 4459">
    <p class='ocr_par' dir='ltr' id='par_1_88' title="bbox 461 4384 3488 4459">
     <span class='ocr_line' id='line_1_88' title="bbox 461 4384 3488 4459; baseline 0 -13"><span class='ocrx_word' id='word_1_617' title='bbox 461 4392 710 4446; x_wconf 74' lang='lat' dir='ltr'><strong>Simonia!</strong></span> <span class='ocrx_word' id='word_1_618' title='bbox 739 4392 1232 4459; x_wconf 78' lang='lat' dir='ltr'><strong>nundinatiouisque</strong></span> <span class='ocrx_word' id='word_1_619' title='bbox 1267 4388 1636 4456; x_wconf 77' lang='lat' dir='ltr'><strong>beneﬁciorum</strong></span> <span class='ocrx_word' id='word_1_620' title='bbox 1671 4394 1907 4452; x_wconf 78' lang='lat' dir='ltr'><strong>accusat,</strong></span> <span class='ocrx_word' id='word_1_621' title='bbox 1942 4397 1995 4440; x_wconf 86' lang='lat' dir='ltr'><strong>ut</strong></span> <span class='ocrx_word' id='word_1_622' title='bbox 2028 4384 2165 4442; x_wconf 85' lang='lat' dir='ltr'><strong>alias</strong></span> <span class='ocrx_word' id='word_1_623' title='bbox 2209 4403 2368 4453; x_wconf 69' lang='lat' dir='ltr'><strong>saepe,</strong></span> <span class='ocrx_word' id='word_1_624' title='bbox 2401 4387 2495 4441; x_wconf 76' lang='lat' dir='ltr'><strong>lib.</strong></span> <span class='ocrx_word' id='word_1_625' title='bbox 2529 4404 2569 4453; x_wconf 89' lang='grc' dir='ltr'>ι,</span> <span class='ocrx_word' id='word_1_626' title='bbox 2600 4398 2647 4443; x_wconf 79' lang='lat' dir='ltr'><strong>et</strong></span> <span class='ocrx_word' id='word_1_627' title='bbox 2676 4390 2773 4444; x_wconf 84' lang='lat' dir='ltr'><strong>lib.</strong></span> <span class='ocrx_word' id='word_1_628' title='bbox 2803 4406 2891 4455; x_wconf 86' lang='grc' dir='ltr'>ιιι,</span> <span class='ocrx_word' id='word_1_629' title='bbox 2927 4402 2973 4445; x_wconf 84' lang='lat' dir='ltr'><strong>et</strong></span> <span class='ocrx_word' id='word_1_630' title='bbox 2997 4408 3113 4459; x_wconf 83' lang='lat' dir='ltr'><strong>sup.</strong></span> <span class='ocrx_word' id='word_1_631' title='bbox 3154 4393 3308 4459; x_wconf 82' lang='lat' dir='ltr'><strong>epist.</strong></span> <span class='ocrx_word' id='word_1_632' title='bbox 3345 4392 3414 4444; x_wconf 72' lang='lat'><strong>27</strong></span> <span class='ocrx_word' id='word_1_633' title='bbox 3432 4391 3488 4446; x_wconf 83' lang='lat'><strong>6.</strong></span> 
     </span>
    </p>
   </div>
   <div class='ocr_carea' id='block_1_89' title="bbox 423 4475 1915 4549">
    <p class='ocr_par' dir='ltr' id='par_1_89' title="bbox 423 4475 1915 4549">
     <span class='ocr_line' id='line_1_89' title="bbox 423 4475 1915 4549; baseline -0.001 -18"><span class='ocrx_word' id='word_1_634' title='bbox 423 4480 588 4548; x_wconf 81' lang='grc' dir='ltr'>Δῆλος</span> <span class='ocrx_word' id='word_1_635' title='bbox 626 4479 721 4548; x_wconf 73' lang='grc' dir='ltr'>μὲν</span> <span class='ocrx_word' id='word_1_636' title='bbox 743 4476 810 4549; x_wconf 83' lang='grc' dir='ltr'>ἧς</span> <span class='ocrx_word' id='word_1_637' title='bbox 840 4479 1072 4533; x_wconf 73' lang='grc' dir='ltr'>ἔκπαλαι</span> <span class='ocrx_word' id='word_1_638' title='bbox 1110 4480 1209 4549; x_wconf 81' lang='grc' dir='ltr'>τὴν</span> <span class='ocrx_word' id='word_1_639' title='bbox 1239 4476 1539 4548; x_wconf 80' lang='grc' dir='ltr'>ἱερωσύνην</span> <span class='ocrx_word' id='word_1_640' title='bbox 1569 4475 1669 4528; x_wconf 89' lang='grc' dir='ltr'><strong>ούκ</strong></span> <span class='ocrx_word' id='word_1_641' title='bbox 1698 4477 1915 4545; x_wconf 84' lang='grc' dir='ltr'>εὐαγῶς</span> 
     </span>
    </p>
   </div>
   <div class='ocr_carea' id='block_1_90' title="bbox 353 4568 1920 4641">
    <p class='ocr_par' dir='ltr' id='par_1_90' title="bbox 353 4568 1920 4641">
     <span class='ocr_line' id='line_1_90' title="bbox 353 4568 1920 4641; baseline -0.004 -16"><span class='ocrx_word' id='word_1_642' title='bbox 353 4570 627 4640; x_wconf 81' lang='grc' dir='ltr'>κτώμενος</span> <span class='ocrx_word' id='word_1_643' title='bbox 650 4586 662 4598; x_wconf 91' lang='grc'><strong>·</strong></span> <span class='ocrx_word' id='word_1_644' title='bbox 693 4571 752 4622; x_wconf 88' lang='grc' dir='ltr'><strong>ού</strong></span> <span class='ocrx_word' id='word_1_645' title='bbox 788 4572 894 4641; x_wconf 75' lang='grc' dir='ltr'><strong>γὰρ</strong></span> <span class='ocrx_word' id='word_1_646' title='bbox 930 4572 1018 4623; x_wconf 78' lang='grc' dir='ltr'>διὰ</span> <span class='ocrx_word' id='word_1_647' title='bbox 1052 4570 1326 4631; x_wconf 83' lang='grc' dir='ltr'>πολιτείας</span> <span class='ocrx_word' id='word_1_648' title='bbox 1362 4568 1592 4637; x_wconf 84' lang='grc' dir='ltr'>ἀρίστης</span> <span class='ocrx_word' id='word_1_649' title='bbox 1618 4568 1920 4637; x_wconf 82' lang='grc' dir='ltr'>κτήσασθαι</span> 
     </span>
    </p>
   </div>
   <div class='ocr_carea' id='block_1_91' title="bbox 352 4658 1919 4729">
    <p class='ocr_par' dir='ltr' id='par_1_91' title="bbox 352 4658 1919 4729">
     <span class='ocr_line' id='line_1_91' title="bbox 352 4658 1919 4729; baseline -0.003 -14"><span class='ocrx_word' id='word_1_650' title='bbox 352 4663 641 4725; x_wconf 79' lang='grc' dir='ltr'>ὲδικαίους,</span> <span class='ocrx_word' id='word_1_651' title='bbox 688 4662 822 4714; x_wconf 81' lang='grc' dir='ltr'><strong>ἀλλά</strong></span> <span class='ocrx_word' id='word_1_652' title='bbox 854 4663 1129 4729; x_wconf 85' lang='grc' dir='ltr'>χρήμασιν</span> <span class='ocrx_word' id='word_1_653' title='bbox 1167 4659 1483 4729; x_wconf 85' lang='grc' dir='ltr'>ὠνήσασθαι</span> <span class='ocrx_word' id='word_1_654' title='bbox 1517 4658 1919 4727; x_wconf 83' lang='grc' dir='ltr'>ὠνειροπόλεις.</span> 
     </span>
    </p>
   </div>
   <div class='ocr_carea' id='block_1_92' title="bbox 350 4746 1916 4818">
    <p class='ocr_par' dir='ltr' id='par_1_92' title="bbox 350 4746 1916 4818">
     <span class='ocr_line' id='line_1_92' title="bbox 350 4746 1916 4818; baseline -0.003 -14"><span class='ocrx_word' id='word_1_655' title='bbox 350 4752 516 4818; x_wconf 69' lang='grc' dir='ltr'>Δὴλος</span> <span class='ocrx_word' id='word_1_656' title='bbox 560 4751 616 4803; x_wconf 83' lang='grc' dir='ltr'>δὲ</span> <span class='ocrx_word' id='word_1_657' title='bbox 646 4747 694 4804; x_wconf 78' lang='grc' dir='ltr'><strong>εί</strong></span> <span class='ocrx_word' id='word_1_658' title='bbox 715 4752 807 4803; x_wconf 71' lang='grc' dir='ltr'><strong>καὶ</strong></span> <span class='ocrx_word' id='word_1_659' title='bbox 834 4750 923 4801; x_wconf 75' lang='grc' dir='ltr'><strong>νῦν</strong></span> <span class='ocrx_word' id='word_1_660' title='bbox 954 4751 1050 4818; x_wconf 81' lang='grc' dir='ltr'><strong>τὴν</strong></span> <span class='ocrx_word' id='word_1_661' title='bbox 1074 4747 1365 4817; x_wconf 74' lang='grc' dir='ltr'>ἐπιθυμίαν</span> <span class='ocrx_word' id='word_1_662' title='bbox 1386 4750 1464 4809; x_wconf 85' lang='grc' dir='ltr'>εἰς</span> <span class='ocrx_word' id='word_1_663' title='bbox 1494 4746 1652 4815; x_wconf 80' lang='grc' dir='ltr'>ἔργον</span> <span class='ocrx_word' id='word_1_664' title='bbox 1673 4746 1916 4815; x_wconf 85' lang='grc' dir='ltr'>ἀγαγὼν,</span> 
     </span>
    </p>
   </div>
   <div class='ocr_carea' id='block_1_93' title="bbox 350 4833 1926 4908">
    <p class='ocr_par' dir='ltr' id='par_1_93' title="bbox 350 4833 1926 4908">
     <span class='ocr_line' id='line_1_93' title="bbox 350 4833 1926 4908; baseline -0.003 -14"><span class='ocrx_word' id='word_1_665' title='bbox 350 4842 526 4895; x_wconf 83' lang='grc' dir='ltr'>καίτοι</span> <span class='ocrx_word' id='word_1_666' title='bbox 579 4843 657 4903; x_wconf 78' lang='grc' dir='ltr'>εἰς</span> <span class='ocrx_word' id='word_1_667' title='bbox 703 4840 913 4908; x_wconf 79' lang='grc' dir='ltr'>δυσμὰς</span> <span class='ocrx_word' id='word_1_668' title='bbox 970 4837 1045 4890; x_wconf 83' lang='grc' dir='ltr'>ὣν</span> <span class='ocrx_word' id='word_1_669' title='bbox 1083 4838 1270 4890; x_wconf 77' lang='grc' dir='ltr'>λοιπὸν</span> <span class='ocrx_word' id='word_1_670' title='bbox 1294 4837 1389 4889; x_wconf 81' lang='grc' dir='ltr'>τοῦ</span> <span class='ocrx_word' id='word_1_671' title='bbox 1420 4836 1556 4905; x_wconf 79' lang='grc' dir='ltr'>βίου.</span> <span class='ocrx_word' id='word_1_672' title='bbox 1591 4836 1687 4899; x_wconf 76' lang='grc' dir='ltr'>Τίς</span> <span class='ocrx_word' id='word_1_673' title='bbox 1718 4833 1813 4891; x_wconf 80' lang='grc' dir='ltr'><strong>οὖν</strong></span> <span class='ocrx_word' id='word_1_674' title='bbox 1843 4855 1926 4890; x_wconf 89' lang='grc' dir='ltr'><strong>σοι</strong></span> 
     </span>
    </p>
   </div>
   <div class='ocr_carea' id='block_1_94' title="bbox 354 4926 1921 5001">
    <p class='ocr_par' dir='ltr' id='par_1_94' title="bbox 354 4926 1921 5001">
     <span class='ocr_line' id='line_1_94' title="bbox 354 4926 1921 5001; baseline 0.003 -23"><span class='ocrx_word' id='word_1_675' title='bbox 354 4931 650 5001; x_wconf 79' lang='grc' dir='ltr'>συγγνώμη</span> <span class='ocrx_word' id='word_1_676' title='bbox 677 4930 1001 4999; x_wconf 73' lang='grc' dir='ltr'>λελείψεται,</span> <span class='ocrx_word' id='word_1_677' title='bbox 1033 4930 1099 4998; x_wconf 82' lang='grc' dir='ltr'>τῇ</span> <span class='ocrx_word' id='word_1_678' title='bbox 1132 4928 1304 4998; x_wconf 70' lang='grc' dir='ltr'>κακίᾳ.</span> <span class='ocrx_word' id='word_1_679' title='bbox 1328 4926 1741 4982; x_wconf 63' lang='grc' dir='ltr'>τσυναποθανείν</span> <span class='ocrx_word' id='word_1_680' title='bbox 1790 4946 1921 4999; x_wconf 85' lang='grc' dir='ltr'>προ-</span> 
     </span>
    </p>
   </div>
   <div class='ocr_carea' id='block_1_95' title="bbox 351 5024 638 5092">
    <p class='ocr_par' dir='ltr' id='par_1_95' title="bbox 351 5024 638 5092">
     <span class='ocr_line' id='line_1_95' title="bbox 351 5024 638 5092; baseline -0.017 0"><span class='ocrx_word' id='word_1_681' title='bbox 351 5024 638 5092; x_wconf 54' lang='lat' dir='ltr'><strong>ammte;</strong></span> 
     </span>
    </p>
   </div>
   <div class='ocr_carea' id='block_1_96' title="bbox 849 5102 1427 5171">
    <p class='ocr_par' dir='ltr' id='par_1_96' title="bbox 849 5102 1427 5171">
     <span class='ocr_line' id='line_1_96' title="bbox 849 5102 1427 5171; baseline -0.002 -15"><span class='ocrx_word' id='word_1_682' title='bbox 849 5102 1006 5171; x_wconf 60' lang='lat' dir='ltr'><strong>TLA&#39;.</strong></span> <span class='ocrx_word' id='word_1_683' title='bbox 1045 5134 1113 5144; x_wconf 89' lang='lat'><strong><em>—</em></strong></span> <span class='ocrx_word' id='word_1_684' title='bbox 1148 5103 1427 5171; x_wconf 76' lang='grc' dir='ltr'><strong>ΙΣΙΔΩΡῼ.</strong></span> 
     </span>
    </p>
   </div>
   <div class='ocr_carea' id='block_1_97' title="bbox 2095 4477 3597 4550">
    <p class='ocr_par' dir='ltr' id='par_1_97' title="bbox 2095 4477 3597 4550">
     <span class='ocr_line' id='line_1_97' title="bbox 2095 4477 3597 4550; baseline 0.003 -20"><span class='ocrx_word' id='word_1_685' title='bbox 2095 4477 2171 4531; x_wconf 89' lang='lat' dir='ltr'><strong>Te</strong></span> <span class='ocrx_word' id='word_1_686' title='bbox 2226 4477 2581 4533; x_wconf 85' lang='lat' dir='ltr'><strong>sacerdotium</strong></span> <span class='ocrx_word' id='word_1_687' title='bbox 2614 4478 2812 4550; x_wconf 87' lang='lat' dir='ltr'><strong>injuste</strong></span> <span class='ocrx_word' id='word_1_688' title='bbox 2847 4482 3121 4549; x_wconf 86' lang='lat' dir='ltr'><strong>possidere</strong></span> <span class='ocrx_word' id='word_1_689' title='bbox 3150 4491 3332 4536; x_wconf 88' lang='lat' dir='ltr'><strong>notum</strong></span> <span class='ocrx_word' id='word_1_690' title='bbox 3392 4482 3597 4550; x_wconf 87' lang='lat' dir='ltr'><strong>pridem</strong></span> 
     </span>
    </p>
   </div>
   <div class='ocr_carea' id='block_1_98' title="bbox 2024 4567 3597 4641">
    <p class='ocr_par' dir='ltr' id='par_1_98' title="bbox 2024 4567 3597 4641">
     <span class='ocr_line' id='line_1_98' title="bbox 2024 4567 3597 4641; baseline 0.001 -20"><span class='ocrx_word' id='word_1_691' title='bbox 2024 4568 2295 4621; x_wconf 84' lang='lat' dir='ltr'><strong>omnibus.</strong></span> <span class='ocrx_word' id='word_1_692' title='bbox 2348 4567 2534 4638; x_wconf 89' lang='lat' dir='ltr'><strong>Neque</strong></span> <span class='ocrx_word' id='word_1_693' title='bbox 2586 4572 2729 4625; x_wconf 91' lang='lat' dir='ltr'><strong>enim</strong></span> <span class='ocrx_word' id='word_1_694' title='bbox 2801 4571 3039 4641; x_wconf 80' lang='lat' dir='ltr'><strong>legitime</strong></span> <span class='ocrx_word' id='word_1_695' title='bbox 3102 4572 3331 4640; x_wconf 76' lang='lat' dir='ltr'><strong>iureque</strong></span> <span class='ocrx_word' id='word_1_696' title='bbox 3388 4572 3597 4638; x_wconf 80' lang='lat' dir='ltr'><strong>Optimo</strong></span> 
     </span>
    </p>
   </div>
   <div class='ocr_carea' id='block_1_99' title="bbox 2027 4656 3600 4731">
    <p class='ocr_par' dir='ltr' id='par_1_99' title="bbox 2027 4656 3600 4731">
     <span class='ocr_line' id='line_1_99' title="bbox 2027 4656 3600 4731; baseline 0.003 -23"><span class='ocrx_word' id='word_1_697' title='bbox 2027 4656 2250 4724; x_wconf 86' lang='lat' dir='ltr'><strong>adipisci</strong></span> <span class='ocrx_word' id='word_1_698' title='bbox 2291 4659 2571 4724; x_wconf 87' lang='lat' dir='ltr'><strong>studuisti,</strong></span> <span class='ocrx_word' id='word_1_699' title='bbox 2610 4661 2706 4715; x_wconf 88' lang='lat' dir='ltr'><strong>sed</strong></span> <span class='ocrx_word' id='word_1_700' title='bbox 2746 4664 2974 4731; x_wconf 86' lang='lat' dir='ltr'><strong>pecunia</strong></span> <span class='ocrx_word' id='word_1_701' title='bbox 3033 4673 3301 4716; x_wconf 86' lang='lat' dir='ltr'><strong>mercatus</strong></span> <span class='ocrx_word' id='word_1_702' title='bbox 3347 4676 3405 4713; x_wconf 89' lang='lat' dir='ltr'><strong>es</strong></span> <span class='ocrx_word' id='word_1_703' title='bbox 3466 4676 3600 4715; x_wconf 88' lang='lat' dir='ltr'><strong>cau-</strong></span> 
     </span>
    </p>
   </div>
   <div class='ocr_carea' id='block_1_100' title="bbox 2025 4747 3593 4820">
    <p class='ocr_par' dir='ltr' id='par_1_100' title="bbox 2025 4747 3593 4820">
     <span class='ocr_line' id='line_1_100' title="bbox 2025 4747 3593 4820; baseline 0.001 -20"><span class='ocrx_word' id='word_1_704' title='bbox 2025 4747 2292 4815; x_wconf 71' lang='lat' dir='ltr'><strong>ponando,</strong></span> <span class='ocrx_word' id='word_1_705' title='bbox 2334 4749 2676 4804; x_wconf 82' lang='lat' dir='ltr'><strong>Manifestum</strong></span> <span class='ocrx_word' id='word_1_706' title='bbox 2703 4763 2788 4806; x_wconf 89' lang='lat' dir='ltr'><strong>est</strong></span> <span class='ocrx_word' id='word_1_707' title='bbox 2814 4761 2864 4806; x_wconf 93' lang='lat' dir='ltr'><strong>te</strong></span> <span class='ocrx_word' id='word_1_708' title='bbox 2894 4767 3033 4805; x_wconf 91' lang='lat' dir='ltr'><strong>nunc</strong></span> <span class='ocrx_word' id='word_1_709' title='bbox 3074 4766 3286 4820; x_wconf 84' lang='lat' dir='ltr'><strong>quoque</strong></span> <span class='ocrx_word' id='word_1_710' title='bbox 3338 4752 3404 4803; x_wconf 91' lang='lat' dir='ltr'><strong>ad</strong></span> <span class='ocrx_word' id='word_1_711' title='bbox 3455 4764 3593 4818; x_wconf 89' lang='lat' dir='ltr'><strong>opus</strong></span> 
     </span>
    </p>
   </div>
   <div class='ocr_carea' id='block_1_101' title="bbox 2024 4837 3593 4911">
    <p class='ocr_par' dir='ltr' id='par_1_101' title="bbox 2024 4837 3593 4911">
     <span class='ocr_line' id='line_1_101' title="bbox 2024 4837 3593 4911; baseline 0.002 -21"><span class='ocrx_word' id='word_1_712' title='bbox 2024 4837 2369 4905; x_wconf 89' lang='lat' dir='ltr'><strong>cupiditatem</strong></span> <span class='ocrx_word' id='word_1_713' title='bbox 2427 4840 2648 4907; x_wconf 88' lang='lat' dir='ltr'><strong>referre,</strong></span> <span class='ocrx_word' id='word_1_714' title='bbox 2712 4843 2959 4911; x_wconf 90' lang='lat' dir='ltr'><strong>quamvis</strong></span> <span class='ocrx_word' id='word_1_715' title='bbox 3013 4842 3065 4894; x_wconf 94' lang='lat' dir='ltr'><strong>in</strong></span> <span class='ocrx_word' id='word_1_716' title='bbox 3121 4857 3317 4896; x_wconf 86' lang='lat' dir='ltr'><strong>occasu</strong></span> <span class='ocrx_word' id='word_1_717' title='bbox 3347 4840 3469 4893; x_wconf 64' lang='lat' dir='ltr'><strong>vitae</strong></span> <span class='ocrx_word' id='word_1_718' title='bbox 3496 4840 3593 4895; x_wconf 91' lang='lat' dir='ltr'><strong>sis.</strong></span> 
     </span>
    </p>
   </div>
   <div class='ocr_carea' id='block_1_102' title="bbox 2026 4924 3590 4996">
    <p class='ocr_par' dir='ltr' id='par_1_102' title="bbox 2026 4924 3590 4996">
     <span class='ocr_line' id='line_1_102' title="bbox 2026 4924 3590 4996; baseline 0.003 -18"><span class='ocrx_word' id='word_1_719' title='bbox 2026 4924 2157 4991; x_wconf 84' lang='lat' dir='ltr'><strong>Quis</strong></span> <span class='ocrx_word' id='word_1_720' title='bbox 2194 4928 2357 4996; x_wconf 80' lang='lat' dir='ltr'><strong>igitur</strong></span> <span class='ocrx_word' id='word_1_721' title='bbox 2392 4931 2561 4984; x_wconf 73' lang='lat' dir='ltr'><strong>venis:</strong></span> <span class='ocrx_word' id='word_1_722' title='bbox 2593 4930 2811 4984; x_wconf 85' lang='lat' dir='ltr'><strong>relictus</strong></span> <span class='ocrx_word' id='word_1_723' title='bbox 2850 4930 3021 4994; x_wconf 86' lang='lat' dir='ltr'><strong>locus,</strong></span> <span class='ocrx_word' id='word_1_724' title='bbox 3072 4946 3191 4984; x_wconf 90' lang='lat' dir='ltr'><strong>cum</strong></span> <span class='ocrx_word' id='word_1_725' title='bbox 3226 4930 3291 4982; x_wconf 89' lang='lat' dir='ltr'><strong>ad</strong></span> <span class='ocrx_word' id='word_1_726' title='bbox 3326 4932 3448 4984; x_wconf 76' lang='lat' dir='ltr'><strong>vita:</strong></span> <span class='ocrx_word' id='word_1_727' title='bbox 3470 4930 3590 4984; x_wconf 53' lang='lat' dir='ltr'><strong>exi.</strong></span> 
     </span>
    </p>
   </div>
   <div class='ocr_carea' id='block_1_103' title="bbox 2028 5018 3247 5086">
    <p class='ocr_par' dir='ltr' id='par_1_103' title="bbox 2028 5018 3247 5086">
     <span class='ocr_line' id='line_1_103' title="bbox 2028 5018 3247 5086; baseline 0.004 -17"><span class='ocrx_word' id='word_1_728' title='bbox 2028 5026 2138 5069; x_wconf 82' lang='lat' dir='ltr'><strong>‘um</strong></span> <span class='ocrx_word' id='word_1_729' title='bbox 2182 5018 2440 5086; x_wconf 88' lang='lat' dir='ltr'><strong>improbis</strong></span> <span class='ocrx_word' id='word_1_730' title='bbox 2463 5020 2645 5073; x_wconf 79' lang='lat' dir='ltr'><strong>venire</strong></span> <span class='ocrx_word' id='word_1_731' title='bbox 2680 5020 2923 5075; x_wconf 87' lang='lat' dir='ltr'><strong>moribus</strong></span> <span class='ocrx_word' id='word_1_732' title='bbox 2954 5020 3247 5075; x_wconf 81' lang='lat' dir='ltr'><strong>malueris?</strong></span> 
     </span>
    </p>
   </div>
   <div class='ocr_carea' id='block_1_104' title="bbox 2120 5104 3499 5173">
    <p class='ocr_par' dir='ltr' id='par_1_104' title="bbox 2120 5104 3499 5173">
     <span class='ocr_line' id='line_1_104' title="bbox 2120 5104 3499 5173; baseline -0.001 -12"><span class='ocrx_word' id='word_1_733' title='bbox 2120 5104 2311 5173; x_wconf 81' lang='lat'><strong>678.</strong></span> <span class='ocrx_word' id='word_1_734' title='bbox 2339 5104 2646 5161; x_wconf 76' lang='lat' dir='ltr'><strong>CCCXCIV.</strong></span> <span class='ocrx_word' id='word_1_735' title='bbox 2693 5134 2764 5145; x_wconf 89' lang='lat'><strong>———</strong></span> <span class='ocrx_word' id='word_1_736' title='bbox 2826 5106 3097 5161; x_wconf 81' lang='lat' dir='ltr'><strong>lSlDORO</strong></span> <span class='ocrx_word' id='word_1_737' title='bbox 3145 5104 3499 5163; x_wconf 80' lang='lat' dir='ltr'><strong>EPlSCOPO.</strong></span> 
     </span>
    </p>
   </div>
   <div class='ocr_carea' id='block_1_105' title="bbox 1162 5193 2787 5266">
    <p class='ocr_par' dir='ltr' id='par_1_105' title="bbox 1162 5193 2787 5266">
     <span class='ocr_line' id='line_1_105' title="bbox 1162 5193 2787 5266; baseline 0.002 -20"><span class='ocrx_word' id='word_1_738' title='bbox 1162 5194 1395 5247; x_wconf 83' lang='lat' dir='ltr'><strong>Prudens</strong></span> <span class='ocrx_word' id='word_1_739' title='bbox 1427 5194 1539 5259; x_wconf 82' lang='lat' dir='ltr'><strong>quis</strong></span> <span class='ocrx_word' id='word_1_740' title='bbox 1577 5204 1624 5244; x_wconf 85' lang='lat' dir='ltr'><strong>et</strong></span> <span class='ocrx_word' id='word_1_741' title='bbox 1650 5193 1803 5259; x_wconf 80' lang='lat' dir='ltr'><strong>[ortis</strong></span> <span class='ocrx_word' id='word_1_742' title='bbox 1835 5193 2236 5247; x_wconf 74' lang='lat' dir='ltr'><strong>existimandus.</strong></span> <span class='ocrx_word' id='word_1_743' title='bbox 2272 5194 2453 5264; x_wconf 78' lang='lat' dir='ltr'><strong>(Conf.</strong></span> <span class='ocrx_word' id='word_1_744' title='bbox 2486 5198 2637 5266; x_wconf 85' lang='lat' dir='ltr'><strong>epist.</strong></span> <span class='ocrx_word' id='word_1_745' title='bbox 2670 5199 2787 5266; x_wconf 78' lang='lat'><strong>76.)</strong></span> 
     </span>
    </p>
   </div>
   <div class='ocr_carea' id='block_1_106' title="bbox 423 5283 1920 5359">
    <p class='ocr_par' dir='ltr' id='par_1_106' title="bbox 423 5283 1920 5359">
     <span class='ocr_line' id='line_1_106' title="bbox 423 5283 1920 5359; baseline -0.003 -17"><span class='ocrx_word' id='word_1_746' title='bbox 423 5292 483 5342; x_wconf 84' lang='grc' dir='ltr'><strong>Εἰ</strong></span> <span class='ocrx_word' id='word_1_747' title='bbox 517 5290 833 5359; x_wconf 84' lang='grc' dir='ltr'>θεασοίμην,</span> <span class='ocrx_word' id='word_1_748' title='bbox 878 5283 923 5341; x_wconf 74' lang='grc' dir='ltr'>ὦ</span> <span class='ocrx_word' id='word_1_749' title='bbox 974 5286 1262 5356; x_wconf 80' lang='grc' dir='ltr'>ὁμώνυμε,</span> <span class='ocrx_word' id='word_1_750' title='bbox 1295 5285 1461 5355; x_wconf 80' lang='grc' dir='ltr'>ἄνδρα</span> <span class='ocrx_word' id='word_1_751' title='bbox 1512 5285 1681 5337; x_wconf 83' lang='grc' dir='ltr'>δεινὸν</span> <span class='ocrx_word' id='word_1_752' title='bbox 1724 5284 1823 5353; x_wconf 80' lang='grc' dir='ltr'><strong>μὲν</strong></span> <span class='ocrx_word' id='word_1_753' title='bbox 1853 5285 1920 5337; x_wconf 80' lang='grc' dir='ltr'>ἐκ</span> 
     </span>
    </p>
   </div>
   <div class='ocr_carea' id='block_1_107' title="bbox 351 5375 1915 5449">
    <p class='ocr_par' dir='ltr' id='par_1_107' title="bbox 351 5375 1915 5449">
     <span class='ocr_line' id='line_1_107' title="bbox 351 5375 1915 5449; baseline -0.003 -18"><span class='ocrx_word' id='word_1_754' title='bbox 351 5381 459 5431; x_wconf 81' lang='grc' dir='ltr'><strong>τῶν</strong></span> <span class='ocrx_word' id='word_1_755' title='bbox 490 5381 829 5449; x_wconf 76' lang='grc' dir='ltr'>φαινομένων</span> <span class='ocrx_word' id='word_1_756' title='bbox 864 5379 923 5430; x_wconf 86' lang='grc' dir='ltr'><strong>τὸ</strong></span> <span class='ocrx_word' id='word_1_757' title='bbox 951 5378 1095 5440; x_wconf 83' lang='grc' dir='ltr'>εἰκὸς</span> <span class='ocrx_word' id='word_1_758' title='bbox 1127 5376 1424 5446; x_wconf 84' lang='grc' dir='ltr'>συμϐαλεῖν</span> <span class='ocrx_word' id='word_1_759' title='bbox 1459 5375 1593 5441; x_wconf 67' lang='lat'><strong>(‘29),</strong></span> <span class='ocrx_word' id='word_1_760' title='bbox 1616 5375 1915 5444; x_wconf 83' lang='grc' dir='ltr'>δεινότερον</span> 
     </span>
    </p>
   </div>
   <div class='ocr_carea' id='block_1_108' title="bbox 2101 5284 3592 5358">
    <p class='ocr_par' dir='ltr' id='par_1_108' title="bbox 2101 5284 3592 5358">
     <span class='ocr_line' id='line_1_108' title="bbox 2101 5284 3592 5358; baseline 0 -19"><span class='ocrx_word' id='word_1_761' title='bbox 2101 5284 2155 5339; x_wconf 93' lang='lat' dir='ltr'><strong>Si</strong></span> <span class='ocrx_word' id='word_1_762' title='bbox 2180 5290 2565 5355; x_wconf 78' lang='lat' dir='ltr'><strong>perspexerim,</strong></span> <span class='ocrx_word' id='word_1_763' title='bbox 2590 5306 2622 5341; x_wconf 91' lang='grc' dir='ltr'><strong>ο</strong></span> <span class='ocrx_word' id='word_1_764' title='bbox 2645 5290 2772 5342; x_wconf 87' lang='lat' dir='ltr'><strong>mihi</strong></span> <span class='ocrx_word' id='word_1_765' title='bbox 2805 5290 3381 5358; x_wconf 84' lang='lat' dir='ltr'><strong>eognominislsidore,</strong></span> <span class='ocrx_word' id='word_1_766' title='bbox 3416 5287 3592 5341; x_wconf 91' lang='lat' dir='ltr'><strong>virum</strong></span> 
     </span>
    </p>
   </div>
   <div class='ocr_carea' id='block_1_109' title="bbox 2024 5378 3597 5449">
    <p class='ocr_par' dir='ltr' id='par_1_109' title="bbox 2024 5378 3597 5449">
     <span class='ocr_line' id='line_1_109' title="bbox 2024 5378 3597 5449; baseline 0.003 -23"><span class='ocrx_word' id='word_1_767' title='bbox 2024 5385 2239 5428; x_wconf 89' lang='lat' dir='ltr'><strong>acutum</strong></span> <span class='ocrx_word' id='word_1_768' title='bbox 2291 5392 2356 5430; x_wconf 85' lang='lat' dir='ltr'><strong>ex</strong></span> <span class='ocrx_word' id='word_1_769' title='bbox 2388 5380 2547 5431; x_wconf 87' lang='lat' dir='ltr'><strong>rebus</strong></span> <span class='ocrx_word' id='word_1_770' title='bbox 2579 5381 2964 5447; x_wconf 83' lang='lat' dir='ltr'><strong>apparentibus</strong></span> <span class='ocrx_word' id='word_1_771' title='bbox 3002 5384 3144 5449; x_wconf 84' lang='lat' dir='ltr'><strong>quod</strong></span> <span class='ocrx_word' id='word_1_772' title='bbox 3174 5378 3465 5434; x_wconf 81' lang='lat' dir='ltr'><strong>verisimile</strong></span> <span class='ocrx_word' id='word_1_773' title='bbox 3485 5385 3597 5443; x_wconf 76' lang='lat' dir='ltr'><strong>est,</strong></span> 
     </span>
    </p>
   </div>
   <div class='ocr_carea' id='block_1_110' title="bbox 1469 5484 2517 5545">
    <p class='ocr_par' dir='ltr' id='par_1_110' title="bbox 1469 5484 2517 5545">
     <span class='ocr_line' id='line_1_110' title="bbox 1469 5484 2517 5545; baseline 0.007 -7"><span class='ocrx_word' id='word_1_774' title='bbox 1469 5485 1703 5539; x_wconf 71' lang='lat' dir='ltr'><strong>VARUE</strong></span> <span class='ocrx_word' id='word_1_775' title='bbox 1742 5484 2122 5541; x_wconf 83' lang='lat' dir='ltr'><strong>LECTIONES</strong></span> <span class='ocrx_word' id='word_1_776' title='bbox 2158 5487 2247 5540; x_wconf 85' lang='lat' dir='ltr'><strong>ET</strong></span> <span class='ocrx_word' id='word_1_777' title='bbox 2287 5488 2517 5545; x_wconf 71' lang='lat' dir='ltr'><strong>NUTA‘J.</strong></span> 
     </span>
    </p>
   </div>
   <div class='ocr_carea' id='block_1_111' title="bbox 430 5607 1915 5678">
    <p class='ocr_par' dir='ltr' id='par_1_111' title="bbox 430 5607 1915 5678">
     <span class='ocr_line' id='line_1_111' title="bbox 430 5607 1915 5678; baseline -0.003 -18"><span class='ocrx_word' id='word_1_778' title='bbox 430 5610 537 5678; x_wconf 68' lang='lat'><strong>(29)</strong></span> <span class='ocrx_word' id='word_1_779' title='bbox 570 5609 672 5662; x_wconf 81' lang='lat' dir='ltr'><strong>Pro</strong></span> <span class='ocrx_word' id='word_1_780' title='bbox 696 5608 987 5674; x_wconf 78' lang='grc' dir='ltr'>συμϐαλεῖν</span> <span class='ocrx_word' id='word_1_781' title='bbox 1017 5610 1175 5660; x_wconf 85' lang='lat' dir='ltr'><strong>ambo</strong></span> <span class='ocrx_word' id='word_1_782' title='bbox 1198 5608 1356 5659; x_wconf 79' lang='lat' dir='ltr'><strong>iidem</strong></span> <span class='ocrx_word' id='word_1_783' title='bbox 1386 5607 1540 5661; x_wconf 85' lang='lat' dir='ltr'><strong>codd.</strong></span> <span class='ocrx_word' id='word_1_784' title='bbox 1578 5607 1628 5659; x_wconf 90' lang='lat' dir='ltr'><strong>in</strong></span> <span class='ocrx_word' id='word_1_785' title='bbox 1663 5615 1915 5678; x_wconf 84' lang='lat' dir='ltr'><strong>contextu</strong></span> 
     </span>
    </p>
   </div>
   <div class='ocr_carea' id='block_1_112' title="bbox 356 5669 2645 5744">
    <p class='ocr_par' dir='ltr' id='par_1_112' title="bbox 356 5669 2645 5744">
     <span class='ocr_line' id='line_1_112' title="bbox 356 5669 2645 5744; baseline -0.005 -7"><span class='ocrx_word' id='word_1_786' title='bbox 356 5669 554 5737; x_wconf 77' lang='lat' dir='ltr'><strong>habent</strong></span> <span class='ocrx_word' id='word_1_787' title='bbox 588 5669 889 5743; x_wconf 68' lang='grc' dir='ltr'>συλλαϐεῖν,</span> <span class='ocrx_word' id='word_1_788' title='bbox 920 5678 1012 5733; x_wconf 77' lang='lat' dir='ltr'><strong>sed</strong></span> <span class='ocrx_word' id='word_1_789' title='bbox 1049 5688 1274 5744; x_wconf 81' lang='lat' dir='ltr'><strong>uterque</strong></span> <span class='ocrx_word' id='word_1_790' title='bbox 1320 5678 1599 5731; x_wconf 86' lang='lat' dir='ltr'><strong>lectionem</strong></span> <span class='ocrx_word' id='word_1_791' title='bbox 1647 5678 1775 5731; x_wconf 84' lang='lat' dir='ltr'><strong>editi</strong></span> <span class='ocrx_word' id='word_1_792' title='bbox 1817 5673 2032 5730; x_wconf 81' lang='lat' dir='ltr'><strong>exhibet</strong></span> <span class='ocrx_word' id='word_1_793' title='bbox 2061 5673 2114 5726; x_wconf 87' lang='lat' dir='ltr'><strong>in</strong></span> <span class='ocrx_word' id='word_1_794' title='bbox 2148 5673 2403 5740; x_wconf 81' lang='lat' dir='ltr'><strong>margine.</strong></span> <span class='ocrx_word' id='word_1_795' title='bbox 2438 5669 2645 5726; x_wconf 67' lang='lat' dir='ltr'><strong>Possis.</strong></span> 
     </span>
    </p>
   </div>
  </div>
