3974 6144
386 207 523 265 Πῖίι3

1573 204 1633 265 S.
1674 204 1968 264 ISIDORI
2004 202 2445 264 PELUSIOTIE

3497 181 3638 245 1564

385 318 701 387 conjicere:
747 315 1047 372 acutiorem
1107 329 1235 370 vero
1285 330 1349 370 ex
1409 330 1511 370 non
1570 319 1947 387 apparentibus

2064 317 2105 370 se
2129 319 2192 370 ἐκ
2225 316 2333 369 τῶν
2362 312 2585 386 ἀφανῶν
2610 310 2669 364 τὸ
2691 309 2811 364 δέον
2838 307 3070 361 συνιδεῖν
3093 321 3107 334 ’
3140 302 3197 356 ἐν
3220 317 3281 355 τε
3305 302 3420 362 τοῖς
3447 315 3639 369 πειρα-

385 408 527 477 qnod
568 408 742 471 decet,
776 406 1046 475 colligere,
1091 405 1229 459 utin
1271 405 1657 460 tentationibus
1695 422 1758 461 ac
1802 409 1947 475 peri-

383 498 517 554 culis
542 498 814 567 specimen
853 497 1064 565 aliquod
1083 495 1380 564 prudentia:
1413 497 1649 565 praebeat
1679 498 1945 552 sermoni-

384 592 484 645 bus
508 586 840 653 hortatoriis,
870 596 923 641 et
955 586 1043 640 illa
1074 586 1343 656 intrepido
1382 601 1479 653 per
1519 602 1579 641 se
1610 587 1790 641 animo
1822 602 1945 656 pro-

384 680 601 750 pulsare
627 688 809 748 queat,
843 678 987 732 hunc
1014 693 1114 746 ego
1150 678 1628 747 prudentissimum
1666 676 1819 746 jnxta
1885 692 1951 734 ac

385 771 741 828 fortissimum
769 770 942 823 virum
966 769 1340 839 jndicaverim.

566 879 856 936 CCCXCV.
894 908 963 920 —
1006 876 1396 933 APOLLONIO
1420 875 1770 933 EPISCOPO.

2058 410 2215 477 σμοῖς
2249 407 2342 459 καὶ
2376 408 2486 468 τοῖς
2516 402 2782 463 κινδύνοις
2808 399 2866 452 τὸ
2894 399 3079 468 δῆγμα
3106 394 3214 448 τῶν
3243 392 3513 445 συνόντων
3544 388 3637 439 λό-

2055 514 2171 566 γοις
2204 515 2263 550 τε
2288 496 2737 565 παρακλητικοῖς,
2768 490 2959 560 καὶτῷ
2987 488 3109 543 καθ’
3146 484 3337 538 ἐαυτὸν
3358 482 3506 536 ἀδεεῖ
3537 480 3634 533 δυ-

2060 588 2291 658 νάμενον
2330 586 2612 640 ἐκϐαλεῖν·
2646 585 2837 639 τοῦτον
2866 584 2962 636 καὶ
2988 578 3377 638 συνετώτατον,
3410 573 3505 626 καὶ
3537 573 3637 624 ἀν-

2057 677 2363 748 δρειότατον
2386 675 2699 748 ὁρισαίμην.

2287 883 2451 949 Τιτεν.
2487 910 2552 922 -
2590 877 2986 949 ΑΠΟΛΛΩΝῘῼ
3021 871 3391 941 ΕΠῙΣΚΟΠῼ.

1296 984 1425 1049 Quis
1451 1000 1566 1039 vere
1594 1002 1704 1051 rex,
1727 985 1842 1054 quis
1869 996 2142 1057 tyrannus.
2167 986 2344 1058 (Conf.
2368 989 2522 1057 epist.
2550 988 2703 1057 255.)

459 1093 611 1149 Hunc
648 1107 749 1163 ego
789 1092 962 1147 solum
1024 1106 1205 1161 regem
1256 1093 1554 1160 ducemque
1605 1092 1815 1158 dixero,
1862 1093 1953 1162 qui

2132 1096 2366 1149 Ἐκεῖνον
2401 1096 2561 1167 μόνον
2589 1095 2761 1163 ἔγωγε
2810 1090 3033 1163 βασιλέα
3070 1093 3165 1144 καὶ
3197 1090 3441 1160 ἡγεμόνα
3478 1080 3627 1141 εἶναι

389 1184 491 1238 sibi
516 1184 785 1252 imperans
826 1183 1098 1238 subditum
1142 1182 1394 1251 arquitate
1422 1191 1583 1251 atque
1616 1185 1951 1240 humanitate

2064 1186 2314 1259 ιιγοῢμαι,
2348 1187 2406 1250 ὃς
2432 1186 2603 1258 ἄρξας
2641 1183 2836 1240 ἑαυτοῦ
2868 1184 2928 1236 τὸ
2961 1184 3202 1254 ὑπήκοον
3229 1181 3502 1250 ἐπιεικείᾳ.
3532 1179 3632 1231 καὶ

390 1273 759 1327 obstrinxerit.
808 1273 1045 1328 Caeteros
1083 1287 1207 1327 vero
1235 1282 1492 1342 tyrannos
1537 1274 1822 1342 appellem,
1854 1274 1943 1343 qui

2064 1280 2433 1351 φιλανθρωπίᾳ.
2464 1280 2830 1349 ἀνηρτήσατο.
2863 1278 3001 1340 Τοὺς
3027 1276 3083 1328 δέ
3109 1274 3301 1337 ἄλλους
3334 1274 3636 1340 τυράννους

388 1378 486 1432 per
523 1363 674 1419 nefas
737 1364 1037 1434 voluptates
1074 1379 1221 1430 suas,
1258 1364 1435 1420 alieno
1486 1364 1669 1420 labore
1731 1367 1959 1436 conqui-

389 1465 540 1510 runt.

566 1561 888 1619 CCCXCVI.
924 1592 995 1604 -—-
1021 1558 1420 1618 ATHANASIO
1442 1561 1762 1621 DIACONO.

2056 1370 2305 1440 κλητέον,
2348 1370 2477 1432 τοὺς
2524 1371 2638 1432 τοῖς
2687 1367 2890 1441 ἐτέρων
2940 1367 3125 1429 πόνοις
3178 1365 3388 1427 ἑαυτοῖς
3439 1362 3634 1433 ἡδονὰς

2057 1460 2351 1532 ἀθεμίτους
2388 1460 2732 1530 πορίζοντας.

2345 1570 2523 1638 Τιιςν.
2554 1600 2625 1610 -
2652 1569 2997 1638 ΑΘΔΝΑΣΙῼ
3030 1565 3353 1636 ΔΙΔΚΟΝῼ.

1586 1672 1727 1728 Bene
1756 1673 1998 1729 morienti
2012 1656 2415 1746 ‘grntulandum.

459 1786 516 1841 Si
571 1783 877 1839 mortalium
938 1781 1169 1852 quisque
1231 1784 1388 1836 morti
1451 1783 1584 1837 vivit
1658 1784 1949 1844 obnoxius.

2125 1784 2188 1837 Εἰ
2219 1786 2327 1846 πᾶς
2366 1783 2653 1855 ἄνθρωπος
2687 1783 2924 1837 θανάτου
2952 1782 3176 1852 ὄφλημα
3205 1781 3487 1852 τυγχάνει,
3543 1782 3645 1832 καὶ

390 1892 565 1947 neque
588 1874 704 1930 fieri
729 1874 899 1944 possit
932 1874 1060 1942 quin
1091 1874 1142 1927 id
1195 1874 1433 1929 debitum
1483 1874 1777 1944 persolvat,
1811 1875 1955 1945 quod

392 1982 569 2035 neque
615 1979 747 2030 rex,
803 1980 975 2033 neque
1012 1973 1293 2035 tyrannus,
1347 1979 1519 2033 neque
1557 1966 1806 2035 dynasta,
1855 1982 1956 2021 nec

395 2059 632 2127 sapiens,
666 2072 767 2112 nec
799 2057 1029 2125 denique
1058 2057 1238 2127 justus
1276 2056 1447 2125 possit
1495 2058 1804 2113 rescindere
1843 2058 1959 2129 (Dei
1992 2082 1999 2095 τ

391 2149 535 2201 enim
586 2146 850 2202 sententia
900 2146 1242 2216 pronuntiata
1293 2161 1480 2201 omnes
1536 2146 1957 2218 complectitur),

391 2236 866 2292 commiseratione
916 2238 1239 2305 planctuque
1291 2237 1434 2307 digni
1485 2239 1681 2305 quibus
1712 2238 1961 2293 interitus

391 2326 595 2394 praebet
648 2325 857 2379 initium
921 2339 1201 2393 poenarum
1255 2340 1318 2379 ac
1362 2325 1774 2393 suppliciorum.
1850 2327 1961 2381 lllis

393 2424 580 2470 contra
615 2414 1014 2485 gratulandum,
1071 2416 1369 2485 meritoque
1418 2427 1545 2471 sunt
1590 2417 1956 2484 praedicandi,

393 2520 622 2574 quorum
660 2506 711 2559 in
742 2506 1038 2559 certamine
1060 2520 1315 2560 excessus
1350 2507 1402 2560 in
1449 2523 1773 2562 coronarum
1816 2507 1961 2561 desi-

395 2607 531 2652 nunt
581 2597 948 2667 principium!
998 2596 1097 2662 Qui
1145 2597 1289 2651 enim
1340 2613 1566 2653 summae
1611 2598 1961 2653 beatitudinis

395 2689 683 2744 terminum
736 2696 1069 2757 repererunt,
1126 2689 1192 2742 de
1223 2688 1435 2742 caeteris
1483 2690 1737 2742 oumihns
1785 2690 1960 2761 securi

395 2782 629 2834 animam
659 2780 830 2835 solum
858 2790 1192 2834 exornarunt
1246 2796 1260 2833 :
1293 2780 1448 2849 cujus
1487 2781 1651 2833 etiam
1695 2780 1962 2848 expiatio-

394 2887 518 2927 nem
551 2873 604 2927 in
630 2888 689 2926 se
742 2886 939 2941 corpus
970 2874 1234 2942 agnoscit,
1276 2874 1418 2940 quod
1462 2872 1630 2941 ipsum
1670 2872 1721 2924 in
1780 2873 1962 2925 carnis

396 2962 795 3016 resurrectione
824 2965 876 3016 in
902 2963 1095 3017 melius
1122 2970 1533 3026 counnutatum,
1567 2961 1759 3014 animae
1785 2960 1964 3014 denuo

396 3053 687 3109 immortali
716 3055 970 3108 societate
1011 3053 1276 3123 junctum,
1308 3052 1474 3107 vitam
1526 3053 1885 3120 adipiscetur.

2059 1873 2319 1927 ἀδύνατον
2335 1874 2493 1927 τοῦτο
2654 1874 2982 1944 ἀποδοθῆναι
2996 1875 3059 1926 τὸ
3076 1874 3253 1945 χρέος,
3272 1872 3299 1925 ὃ
3321 1874 3457 1942 μήτε
3477 1872 3638 1941 βασι-

2058 1967 2189 2031 λεῖς,
2240 1969 2377 2038 μήτε
2422 1968 2717 2038 τύραννοι,
2758 1968 2897 2037 μήτε
2945 1968 3237 2036 σατράπαι,
3282 1967 3417 2037 μήτε
3460 1966 3642 2033 σοφοὶ,

2064 2059 2200 2129 μήτε
2229 2058 2426 2111 δίκαιοι
2457 2057 2741 2128 ἀκυρῶσαι
2769 2056 3114 2128 ἠδυνήθησαν
3158 2055 3313 2126 (Θεία
3356 2056 3464 2125 γάρ
3489 2057 3645 2107 ἐστιν

2060 2147 2333 2215 ἀπόφασις
2362 2148 2395 2217 ἡ
2429 2147 2574 2200 τοῦτ’
2596 2145 2945 2218 ἀπαιτοῦσα)⁹
2977 2147 3105 2209 τοὺς
3134 2147 3233 2216 μὲν
3250 2146 3437 2208 ἄλλους
3470 2146 3639 2213 ἐλεη-

2060 2235 2179 2288 τέον
2224 2236 2319 2289 καὶ
2369 2236 2702 2305 θρηνητὲον,
2754 2232 2835 2301 οἷς
2879 2239 2913 2306 ἡ
2965 2236 3192 2306 τελευτὴ
3230 2236 3371 2306 ἀρχὴ
3429 2237 3646 2304 γίνεται

2059 2327 2373 2397 τιμωριῶνο
2410 2328 2654 2391 ἐκείνους
2708 2329 2766 2382 δὲ
2820 2328 3171 2399 εὑφημητέον
3215 2330 3311 2381 καὶ
3350 2329 3644 2397 ἀνακηρυ-

2062 2419 2241 2483 κτέον,
2300 2413 2376 2473 ὧν
2415 2420 2687 2491 ήτελευτὴ
2712 2421 2818 2474 τῶν
2837 2420 3063 2489 ἀγώνων
3088 2422 3168 2483 είς
3195 2420 3292 2490 τὴν
3322 2420 3497 2489 ἀρχὴν
3530 2418 3644 2470 τῶν

2064 2509 2342 2576 στεφάνων
2372 2511 2653 2581 περιέστη.
2700 2511 2814 2581 Τῆς
2862 2512 2968 2581 γὰρ
3014 2511 3188 2581 ἄκρας
3236 2500 3645 2580 μακαριότητος

2062 2600 2357 2670 εὑρηκότες
2389 2602 2481 2654 τὸν
2511 2603 2656 2672 ὅρον,
2694 2603 2802 2655 τῶν
2832 2602 3006 2656 ἄλλων
3036 2603 3293 2656 ἁπάντων
3325 2600 3643 2668 ἀμελήσαν-

2063 2710 2174 2755 τες,
2210 2692 2376 2763 μόνην
2428 2693 2525 2763 τὴν
2564 2693 2744 2764 ψυχὴν
2787 2694 3124 2764 ἐκόσμησαν,
3153 2688 3221 2765 ἧς
3258 2692 3352 2745 καὶ
3386 2691 3447 2743 τὸ
3477 2690 3643 2760 σῶμα

2063 2783 2358 2854 ἀνάκτορον
2380 2786 2600 2853 ἁγνείας
2626 2785 2914 2855 ἀπέφηναν
2933 2801 2947 2814 ⁸
2972 2784 3001 2838 ὃ
3032 2786 3123 2839 καὶ
3157 2787 3214 2837 ἐν
3235 2786 3299 2855 τῇ
3332 2782 3631 2836 ἀναστάσει

2064 2875 2157 2926 ἐπὶ
2191 2875 2250 2926 τὸ
2280 2877 2528 2945 κρεῖττον
2565 2875 3001 2947 μετακοσμηθέν,
3034 2877 3101 2948 τῇ
3129 2874 3274 2946 ψυχῇ
3308 2874 3405 2945 τὴν
3435 2872 3643 2929 ἀθάνα-

2063 2982 2154 3018 τον
2189 2968 2409 3037 συζήσει
2449 2966 2622 3037 ζωήν.

481 3162 905 3218 CCCXCVll.-——
946 3160 1340 3217 ISGIIYRIONI
1374 3160 1863 3216 PRESBYTERO.

2282 3160 2441 3229 Tezt
2473 3192 2541 3202 —
2570 3162 2917 3219 ΙΣΧΥΡΙΩΝΙ
2958 3165 3427 3239 ΠΡΕΣΒΥΤΒΡῼ.

1499 3253 1604 3318 Qui
1630 3254 1684 3306 in
1721 3256 1822 3306 vita
1849 3253 2116 3322 fugiendi;
2145 3253 2237 3321 qui
2266 3255 2531 3321 sequendi.

467 3360 695 3430 Fugere,
724 3360 810 3415 vir
856 3362 1077 3430 optime,
1124 3359 1398 3431 improbos
1439 3360 1711 3424 convenit,
1749 3376 1812 3413 ac
1840 3375 1958 3427 per-

2131 3358 2354 3427 Φεύγειν
2380 3359 2505 3431 χρὴ,
2532 3354 2576 3413 ὢ
2610 3360 2878 3431 βέλτιστε,
2897 3364 3024 3427 τοὺς
3054 3365 3348 3436 πονηροὺς,
3380 3369 3473 3419 καλ⁵
3504 3366 3634 3420 διώ-

397 3462 708 3523 sequentes,
772 3453 873 3507 nisi
952 3454 1293 3522 resipiscant,
1353 3452 1710 3520 desinantqne
1796 3452 1958 3506 bonos

2064 3466 2291 3513 κοντας’
2325 3452 2374 3503 εί
2421 3452 2496 3523 μὴ
2535 3452 2810 3522 βούλοιντο
2839 3459 3237 3525 γνωσιμαχεῖνο
3287 3458 3382 3509 καὶ
3423 3456 3645 3513 διώκειν

398 3543 648 3611 persequi
685 3551 845 3610 atque
899 3542 1132 3596 exsules.
1166 3541 1318 3609 Quod
1349 3541 1394 3596 si
1447 3548 1720 3606 recusent,
1761 3541 1958 3595 vitandi

2064 3541 2188 3604 τοὺς
2221 3542 2487 3612 ἀγαθοὺς,
2527 3545 2622 3599 καὶ
2667 3545 2988 3615 φεύγοντας,
3042 3548 3089 3600 εί
3125 3549 3220 3601 καὶ
3248 3550 3323 3619 μὴ
3364 3549 3638 3619 βούλοιντο

401 3644 547 3687 811111..

2064 3633 2098 3703 ἡ
2109 3649 2166 3703 ρε
2172 3634 2292 3703 μεῖν
2301 3671 2314 3686 .

495 3735 855 3796 CCCXCVIII.
879 3768 948 3780 --
968 3738 1356 3797 TllEODOSlO
1383 3737 1863 3795 PRESBYTERO.

2281 3741 2449 3807 ΤῌΡ.
2498 3771 2562 3787 ι-
2598 3741 2923 3814 ΘΕΟΔΟΣΙῼ
2952 3744 3429 3816 ΠΡΕΣΒΥΤΕΡῼ.

402 3845 476 3901 De
505 3847 638 3902 bono
658 3849 945 3917 patientiae,
983 3849 1040 3904 in
1065 3853 1424 3918 persecutione
1454 3852 1581 3921 quid
1609 3852 1891 3927 agendum.
1929 3850 2279 3927 waclarum
2300 3870 2409 3907 esse
2452 3854 2682 3923 injurias
2722 3858 2979 3911 uatienter
3006 3857 3168 3924 ferre,
3201 3869 3253 3911 at
3288 3875 3383 3927 pro
3422 3859 3646 3913 inimicis

1588 3922 1750 3975 etiam
1775 3937 1927 3975 orare
1956 3919 2106 3990 longe
2137 3925 2449 3980 maximum.

469 4027 642 4081 Probe
701 4029 821 4081 novi
871 4028 1043 4097 ipsam
1100 4028 1419 4097 injuriarnm
1490 4029 1958 4098 improbitatisque

2149 4030 2270 4088 Ὅτι
2317 4032 2415 4100 μὲν
2455 4032 2517 4085 τὸ
2563 4032 2662 4096 τὰς
2707 4032 2896 4103 ὕϐρεις
2925 4034 3153 4097 καὶτὰς
3199 4034 3415 4097 ἀδικίας
3439 4037 3645 4106 φέρειν,

400 4118 587 4171 alienae
623 4119 988 4185 tolerantiam,
1033 4131 1087 4175 et
1130 4122 1182 4176 in
1228 4121 1330 4174 hac
1356 4120 1465 4174 vita
1494 4121 1721 4190 gloriam
1748 4135 1958 4186 parere,

2076 4120 2354 4174 κάνταῦθα
2411 4122 2511 4191 μὲν
2544 4123 2700 4194 φέρει
2735 4123 2913 4189 δόξαν,
2965 4126 3190 4177 κάκεῖσε
3220 4126 3278 4179 δὲ
3315 4126 3472 4190 κλέος
3513 4128 3649 4181 οἴσει

404 4219 516 4263 tum
552 4212 601 4265 in
630 4213 797 4267 altera
843 4215 1008 4268 decus
1055 4228 1174 4268 esse
1196 4212 1478 4267 allaturam
1533 4215 1847 4269 maximum.
1881 4213 1958 4268 ln-

2078 4207 2353 4276 μέγιστον,
2381 4210 2528 4280 μάλα
2549 4212 2791 4282 ἀκριϐῶς
2816 4208 2935 4265 οἶδα
2952 4227 2966 4241 ·
2998 4214 3079 4266 ὅτι
3102 4213 3159 4265 δὲ
3189 4214 3248 4266 τὸ
3272 4215 3469 4267 εἰδέναι
3493 4218 3649 4287 χάριν

399 4303 573 4374 jnrias
606 4320 733 4360 vero
769 4307 986 4360 facienti
1031 4321 1095 4359 ac
1127 4306 1337 4359 laedenti
1368 4306 1569 4374 gratias
1615 4322 1812 4376 agere;
1854 4322 1958 4360 rem

2070 4298 2148 4368 τῷ
2186 4300 2458 4355 ἀδικοῦντι
2511 4303 2606 4355 καὶ
2651 4302 2946 4374 ὑϐρίζοντι,
3004 4303 3081 4366 ὡς
3114 4305 3196 4365 είς
3242 4304 3464 4374 μείζονα
3504 4306 3650 4373 (pilo.

402 4409 521 4450 esse
542 4410 664 4465 qua:
694 4397 761 4450 ad
809 4396 1063 4464 majorem
1108 4399 1231 4451 vitae
1270 4398 1652 4466 perfectionem
1696 4399 1958 4453 hominem

2075 4390 2269 4459 σοφίαν
2301 4393 2720 4459 συνελαύνοντι,
2776 4395 2872 4447 καὶ
2923 4394 3162 4463 μάλιστα
3214 4396 3343 4449 ὅταν
3395 4396 3649 4458 πολλάκις

406 4484 664 4554 impellat,
704 4502 769 4540 ac
819 4488 1118 4555 praesertim
1163 4489 1208 4543 si
1248 4489 1476 4558 idipsum
1544 4489 1741 4558 saepius
1797 4504 1958 4557 agens

2074 4480 2231 4534 τοῦτο
2260 4482 2431 4537 ποιῶν
2459 4483 2556 4537 καὶ
2586 4482 2938 4554 ἐναϐρύνοιτο
2968 4485 3096 4554 (ἵνα
3126 4485 3205 4555 μὴ
3230 4485 3391 4553 λέγω,
3417 4488 3498 4539 ὅτι
3528 4489 3649 4547 τοὺς

404 4576 565 4630 etiam
596 4577 852 4631 honorem
883 4578 1085 4632 referat
1111 4594 1176 4633 ac
1207 4579 1440 4634 laudem.
1466 4576 1583 4633 Non
1617 4579 1761 4647 quod
1791 4579 1958 4632 dicam

2076 4570 2384 4639 ἡμετέρους
2435 4572 2735 4641 στεφάνους
2790 4572 3051 4642 βούλομαι
3103 4575 3167 4627 ἐκ
3204 4573 3313 4627 τῶν
3356 4574 3649 4645 ἀλλοτρίων

405 4677 498 4720 ant
535 4667 693 4721 velim
725 4681 823 4721 nos
848 4666 1057 4723 laureas
1086 4684 1148 4724 ex
1195 4670 1388 4725 alienis
1427 4671 1624 4724 debere
1656 4667 1813 4721 malis
1840 4682 1958 4721 con-

2079 4660 2401 4729 ὑφαίνεσθαι
2434 4662 2774 4736 συμφορῶν),
2813 4664 3072 4733 μέγιστόν
3094 4666 3234 4728 ἐστι,
3266 4665 3483 4735 καὶτῆς
3514 4665 3648 4736 ἐμῆς

411 4770 614 4814 texere.
672 4758 729 4813 Id
781 4760 922 4815 enim
966 4777 1313 4832 permagnum
1367 4771 1473 4825 est,
1535 4770 1589 4814 et
1640 4761 1773 4815 meis
1815 4760 1958 4829 longe

2077 4752 2361 4823 δυνάμεως
2397 4756 2601 4825 μεῖξον,
2640 4755 2743 4824 τῆς
2767 4758 2955 4826 φέρειν
2986 4757 3085 4827 μὲν
3113 4758 3172 4809 τὸ
3214 4757 3535 4827 ὑϐρίζεσθαι
3560 4756 3651 4811 καὶ

409 4847 584 4917 impar
610 4850 811 4905 viribus
839 4865 935 4918 per
955 4867 1091 4921 quas
1120 4853 1323 4918 possim
1348 4860 1402 4905 et
1429 4850 1658 4920 injurias
1682 4850 1887 4919 perpeti
1914 4859 1958 4903 el

2080 4844 2384 4897 ἀδικεῖσθαι
2422 4844 2752 4914 δυναμένης,
2786 4845 3014 4915 μηδέπω
3042 4846 3097 4898 δὲ
3137 4846 3565 4917 κατορθώσασης
3591 4845 3651 4897 τδ

409 4938 787 5002 contumelias,
814 4940 981 5009 679
1003 4954 1264 5008 nequeam
1312 4948 1490 4993 tamen
1520 4939 1643 4993 inde
1664 4937 1958 5003 emendari1

2083 4936 2243 5006 χάριν
2280 4936 2478 4989 ειδέναι
2519 4937 2632 4999 τοῖς
2662 4935 2929 4999 ἀδικοῦσι,
2983 4938 3078 4988 κα)⁵
3109 4936 3513 5007 ὑπερεὺχεσθαι
3554 4954 3651 4988 κα-

410 5037 571 5097 atque
602 5028 824 5097 injurias
853 5031 1102 5083 inferenti
1137 5031 1343 5098 gratias
1390 5030 1610 5095 habere,
1660 5038 1715 5082 et
1747 5029 1958 5082 sincere

2081 5025 2261 5096 θαρῶς
2297 5024 2405 5077 τῶν
2434 5025 2521 5078 διὰ
2559 5026 2759 5089 παντὸς
2792 5026 3207 5096 ἐπηρεαζόντων
3229 5042 3241 5055 ·
3283 5028 3377 5079 καὶ
3410 5027 3641 5096 μάλιστα

409 5134 567 5174 orare
597 5134 696 5187 pro
756 5119 1213 5174 calumniantibus
1258 5133 1356 5173 nos
1408 5136 1422 5172 :
1474 5119 1815 5185 maximeque
1847 5130 1958 5170 cum

2079 5118 2206 5169 ὅταν
2246 5115 2381 5186 μηδὲ
2423 5115 2853 5185 μεταγινώσκειν
2900 5116 3182 5182 ἐθέλωσιν,
3230 5118 3367 5171 ἀλλά
3398 5119 3647 5179 καὶτοὺς

414 5225 480 5264 ne
530 5224 822 5278 agnoscere
874 5208 1092 5277 quidem
1143 5209 1332 5271 velint,
1388 5207 1519 5276 quin
1570 5208 1733 5261 etiam
1784 5222 1886 5277 pro
1919 5224 1958 5263 ει

2082 5209 2221 5278 ὑπὲρ
2255 5208 2432 5261 αὑτῶν
2476 5207 2802 5278 εὐχομένους
2843 5207 3063 5276 γελῶσι.
3118 5208 3289 5261 Τοῦτο
3330 5211 3465 5278 παρ’
3516 5207 3645 5279 ἐμοῦ

413 5310 629 5355 orantes
657 5299 833 5355 solent
886 5300 1133 5354 irridere.
1188 5298 1301 5353 Hoc
1329 5313 1495 5352 unum
1525 5314 1594 5352 ex
1639 5314 1726 5353 me
1755 5300 1958 5354 discito.

2087 5299 2328 5369 μάνθανε
2347 5315 2361 5329 ο
2397 5299 2447 5352 εί
2479 5298 2536 5352 δέ
2567 5300 2728 5363 αὑτὸς
2760 5300 2857 5354 καὶ
2906 5301 3064 5354 τοῦτο
3094 5300 3490 5370 κατώρθωσας,
3531 5301 3645 5353 λίαν

413 5388 469 5447 Id
501 5404 627 5443 vero
667 5390 713 5445 si
768 5390 983 5443 fortiter
1030 5389 1243 5453 feceris,
1291 5386 1503 5442 laudem
1539 5402 1673 5443 sane
1703 5398 1758 5443 et
1788 5391 1958 5446 animc

2083 5410 2142 5444 σε
2183 5391 2390 5444 ἐπαινῶ
2423 5390 2520 5443 καὶ
2546 5390 2726 5460 κροτῶ
2753 5392 2851 5461 τῆς
2890 5391 3319 5461 μεγαλοψυχίας.
3372 5392 3517 5460 Ἐγὼ
3542 5392 3644 5461 γὰρ

417 5479 735 5549 applaudam
781 5495 1064 5548 generoso.
1122 5478 1383 5548 Equidem
1434 5479 1563 5547 (non
1613 5478 1754 5531 enim
1803 5496 1958 5533 mean

2086 5483 2177 5553 (οὑ
2213 5482 2319 5552 γὰρ
2347 5482 2773 5553 ἀποκρυψαίμην
2804 5482 3041 5553 ἐμαυτοῦ
3074 5483 3133 5537 τὸ
3158 5482 3489 5551 ἐλάττωμα)
3529 5482 3645 5535 πολ-

418 5566 659 5622 occulerc
679 5566 799 5621 volo
826 5567 1220 5638 infirmitatem)
1255 5584 1359 5622 non
1400 5584 1523 5623 raro
1544 5584 1639 5637 pro
1671 5569 1737 5624 iis
1781 5570 1881 5641 dep
1898 5588 1953 5627 re

2085 5574 2241 5637 λάκις
2264 5575 2519 5646 καθαρῶς
2542 5574 2833 5646 εὐξάμενος
2863 5576 3004 5646 ὑπὲρ
3028 5576 3137 5628 τῶν
3164 5574 3304 5627 κατὰ
3334 5573 3647 5645 περίστασίν
