3974 6144
348 288 485 355 15(ῗῦ

1302 300 1832 362 EPISTOLARUM
1870 299 2018 362 LIB.
2051 302 2120 363 V.
2156 328 2228 338 -
2263 303 2498 368 EPIST.
2536 307 2682 369 CDI.

3446 306 3583 372 1566

342 416 466 452 τινα
500 401 800 468 γεγονότων
857 404 1086 475 ἐχθρῶν,
1121 407 1354 479 θελήσας
1401 410 1459 464 δὲ
1505 410 1764 475 εὔξασθαι
1821 411 1916 463 καὶ

2020 421 2188 475 catus,
2213 415 2302 481 qui
2338 428 2404 468 es
2449 430 2581 470 casu
2613 416 2868 484 quodam,
2901 426 2955 471 et
2980 416 3034 472 in
3056 415 3373 487 quibusdam
3401 432 3580 473 rerum

341 493 480 562 ὑπὲρ
508 493 615 545 τῶν
639 493 780 546 κατὰ
810 496 1037 566 μελέτην
1064 500 1158 552 ita).
1184 500 1443 571 σπουδὴν,
1480 501 1568 555 διὰ
1592 500 1684 553 τοῦ
1712 502 1914 570 στόμα-

342 601 432 645 τος
481 585 641 653 μόνου
671 583 828 637 τοῦτο
856 588 1171 658 πεποιηκὼς
1202 590 1396 643 ἑάλων.
1432 592 1505 643 Οὐ
1549 590 1653 662 μὴν
1700 590 1915 643 ἀπιστῶ

342 676 455 735 τοῖς
495 676 575 736 είς
632 675 885 729 τοσοῦτον
935 677 1136 747 ἀρετῆς
1184 680 1601 750 ἀναϐεϐηκόσιν,
1635 680 1772 733 ἀλλά
1820 679 1914 733 καὶ

341 763 519 832 χαίρω
553 766 649 818 καὶ
686 768 990 839 συγχαίρω,
1020 772 1112 823 καὶ
1138 772 1404 842 εὐξαίμην
1431 774 1510 837 είς
1529 772 1685 825 τοῦτο
1710 772 1913 840 φθάσαι

336 852 399 905 τὸ
424 854 644 925 μέτρον.
682 856 760 910 Οὐ
789 858 897 930 γὰρ
916 860 1144 931 πάθοιμι
1167 862 1228 914 τὸ
1252 863 1460 917 πολλῶν
1491 863 1681 927 πάθος,
1711 863 1759 915 οἳ
1786 863 1912 916 ὅταν

338 944 483 1007 τινὸς
520 946 594 1016 μὴ
642 946 945 1017 δυνηθῶσιν
975 951 1329 1006 ἐπιλαϐέσθαι
1370 954 1589 1022 ἀρετῆς,
1621 953 1823 1007 ἄτοπόν
1858 971 1912 1006 τι

337 1035 538 1105 δρῶσιν
561 1054 573 1067 ·
609 1038 642 1108 ἢ
673 1040 781 1111 γὰρ
810 1042 1100 1095 ἀπιστοῦσι
1130 1046 1242 1106 τοῖς
1272 1044 1710 1114 κατωρθωκόσιν,
1741 1042 1804 1108 ἐξ
1838 1037 1912 1096 ῶν

342 1125 638 1194 πράττουσι
685 1131 780 1182 κοιλ¹
811 1131 939 1200 περὶ
966 1132 1074 1183 τῶν
1106 1132 1281 1187 ἄλλων
1312 1133 1672 1203 ψηφιζόμενοι
1712 1132 1911 1203 (πεφύο

340 1232 472 1267 κασι
510 1219 619 1285 γὰρ
648 1218 833 1287 σχεδὸν
875 1221 1110 1285 ἅπαντες
1150 1224 1215 1275 ἐκ
1242 1222 1351 1275 τῶν
1381 1223 1502 1276 καθ’
1552 1222 1778 1285 ἑαυτοὺς
1817 1223 1912 1275 καὶ

338 1304 439 1366 τὰς
468 1307 595 1375 περὶ
621 1307 728 1359 τῶν
763 1308 931 1371 πέλας
960 1310 1147 1381 φέρειν
1169 1303 1432 1384 ψήφους)ο
1463 1313 1495 1383 ἢ
1530 1312 1910 1383 αἰσχυνόμενοι

338 1394 400 1445 τὸ
423 1395 515 1447 ἐπὶ
549 1397 883 1470 μικροψυχίᾳ
925 1400 1145 1464 ἁλῶναι,
1181 1402 1566 1473 ἐναϐρύνονται
1597 1402 1673 1465 ὡς
1710 1419 1907 1471 κατορ-

341 1484 648 1549 θώσαντεςο
685 1490 778 1543 καὶ
809 1492 1043 1560 μάλιστα
1069 1494 1196 1546 ὅταν
1243 1496 1371 1565 περὶ
1413 1494 1612 1565 ἀδήλου
1649 1495 1911 1567 πράγμα-

341 1594 429 1639 τος
455 1577 483 1628 ὁ
510 1576 667 1645 λόγος
745 1598 758 1610 ·
790 1581 823 1652 ἢ
853 1584 932 1646 είς
963 1583 1193 1655 θεωρίας
1220 1588 1645 1655 καταφεύγουσι,
1672 1586 1734 1639 τὸ
1766 1589 1910 1660 πρᾶ-

338 1683 455 1733 γμα
491 1668 999 1739 ἀποδιδράσκοντες,
1047 1675 1133 1727 ἵνα
1161 1674 1364 1740 δόξοιεν
1402 1677 1474 1748 μὴ
1508 1680 1574 1731 ἐκ
1611 1678 1904 1749 ῥᾳθυμίας,

2023 505 2302 558 eventibus
2366 507 2498 559 mihi
2558 508 2826 563 adversati
2888 507 3144 571 fuerunt,
3196 509 3390 564 deinde
3450 525 3581 565 vero

2021 592 2249 660 idipsum
2282 609 2378 661 pro
2409 596 2479 659 iis
2508 596 2687 651 facere
2717 606 2931 651 tentans
2975 598 3068 666 qui
3102 598 3166 651 de
3211 596 3478 651 industria
3526 609 3583 653 et

2020 685 2198 737 studio
2225 686 2354 739 mihi
2387 687 2807 742 adversarentur
2841 703 2974 742 sane
3005 697 3116 741 tum
3145 696 3398 757 expertus
3434 704 3579 753 sum,

2019 774 2161 843 quod
2197 791 2301 829 non
2333 777 2434 830 nisi
2486 793 2581 831 ore
2626 788 2782 832 tenus
2840 780 2989 849 prius
3047 779 3098 833 id
3158 778 3427 833 fecissem.
3462 779 3583 833 Non

2018 864 2161 919 enim
2195 865 2262 920 iis
2291 865 2502 931 diﬂido,
2532 868 2621 937 qui
2660 869 2725 922 ad
2764 884 3028 923 summam
3078 879 3443 937 pervenerunt
3474 871 3581 923 vir-

2020 962 2212 1020 tutem,
2249 957 2356 1011 imo
2384 959 2591 1024 gaudeo
2621 968 2784 1028 atque
2807 959 2940 1013 adeo
2972 960 3338 1029 congratulor,
3370 969 3583 1028 optem-

2018 1059 2123 1113 que
2159 1061 2223 1102 eo
2266 1046 2614 1114 perfectionis
2645 1050 2977 1118 pertingere.
3018 1049 3202 1119 Neque
3249 1051 3392 1105 enim
3439 1050 3582 1103 mul-

2025 1144 2201 1189 torum
2221 1135 2405 1191 laboro
2420 1134 3197 1206 invidiaeperturbatione,qui,
3218 1154 3335 1192 cum
3354 1139 3584 1208 alicujus

2018 1225 2232 1292 assequi
2269 1234 2539 1295 nequeant
2577 1226 2854 1290 virtutem,
2892 1226 3108 1282 absurdi
3143 1229 3274 1298 quid
3326 1229 3583 1282 commit-

2020 1321 2140 1367 tunt
2167 1330 2181 1366 :
2213 1313 2296 1368 vel
2324 1315 2466 1369 enim
2498 1316 2739 1371 itmdent
2771 1326 2917 1371 recte
2969 1319 3279 1387 agentibus,
3329 1328 3388 1375 et
3414 1334 3481 1373 ex
3514 1319 3580 1374 iis

2016 1416 2136 1471 quae
2162 1405 2415 1470 aguntde
2462 1405 2582 1459 aliis
2628 1403 2872 1472 iudicant
2906 1406 3103 1473 (solent
3158 1409 3303 1462 enim
3341 1409 3582 1477 plerique

2015 1506 2205 1548 omnes
2225 1508 2294 1547 ex
2325 1494 2437 1548 suis
2468 1494 2568 1563 ipsi
2602 1496 2761 1549 rebus
2807 1499 2873 1551 de
2913 1497 3033 1551 aliis
3084 1496 3226 1552 ferre
3267 1499 3582 1568 judicium),

2015 1583 2098 1637 vel
2127 1584 2249 1637 dum
2289 1585 2455 1653 pudet
2480 1585 2600 1639 illos
2621 1586 3081 1653 pusillanimitatis
3114 1587 3291 1655 argui.
3341 1589 3585 1657 glorian-

2022 1682 2129 1737 tur,
2163 1672 2316 1742 quasi
2345 1683 2491 1727 recte
2548 1674 2778 1727 fecerint
2826 1675 3166 1744 maximeque
3211 1691 3333 1729 cum
3389 1677 3455 1730 de
3522 1692 3582 1731 re

339 1756 455 1809 ἀλλ’
491 1758 600 1810 ἀπὸ
634 1760 869 1830 κρίσεως
895 1764 1081 1830 ὑγιοῦς
1127 1765 1201 1835 μὴ
1241 1767 1685 1836 κατωρθωκέναι.
1736 1770 1912 1840 Ὅπερ

2020 1763 2220 1818 incerta
2259 1764 2423 1817 verba
2493 1763 2644 1817 ﬁunt.
2687 1764 2784 1818 Vel
2826 1765 3057 1833 denique
3107 1767 3173 1820 ad
3213 1766 3583 1834 contemplan-

340 1848 491 1912 τι·ιάς
534 1845 651 1904 οἶδα
707 1854 979 1918 παθόντας
1029 1855 1140 1923 ἐγὼ
1180 1857 1289 1910 τῶν
1330 1858 1405 1927 μὴ
1435 1859 1768 1930 δυνηθέντων
1804 1878 1907 1913 κα-

339 1938 630 2007 τορθῶσαι,
654 1943 807 2011 μηδέ
830 1943 939 1997 δύο
961 1946 1236 2013 χιτῶνας.
1269 1950 1467 2019 Ἐχρῆν
1489 1951 1598 2020 γὰρ
1617 1951 1691 2020 μὴ
1713 1951 1909 2015 εἰπεῖν,

340 2027 420 2080 ὅτι
447 2029 783 2100 θεωρηθῆναι
811 2036 937 2105 χρὴ,
967 2037 1102 2089 ἀλλὰ
1128 2037 1405 2108 θαυμάσαι
1439 2041 1536 2108 μὲν
1556 2042 1682 2104 τοὺς
1709 2057 1908 2111 κατορ-

342 2117 641 2185 θώσαντας,
690 2123 1025 2195 ὁμολογῆσαι
1071 2128 1128 2181 δὲ
1159 2129 1349 2183 τούτου
1383 2131 1477 2184 τοῦ
1507 2131 1670 2185 ἄθλου
1714 2132 1910 2185 ἀπολε-

339 2210 571 2279 λεῖφθαι.
626 2214 769 2283 Ἐγὼ
813 2217 922 2286 γὰρ
956 2220 1195 2283 ἐκείνους
1248 2222 1481 2290 μάλιστα
1521 2223 1906 2293 ἀνακηρύττω,

336 2308 461 2366 τοὺς
489 2305 790 2370 ἀνύσαντας
816 2308 960 2379 ἅπερ
990 2311 1128 2375 τέως
1148 2312 1341 2367 ἀνύσαι
1375 2315 1475 2368 οὐκ
1507 2314 1797 2385 ἠδυνήθην.

337 2395 430 2460 qui
487 2408 632 2450 recte
678 2412 742 2451 ac
787 2402 1042 2467 praeclare
1091 2404 1216 2470 quid
1242 2414 1403 2473 agant
1446 2422 1460 2459 :

2015 1854 2144 1907 dum
2175 1867 2233 1908 se
2256 1854 2545 1922 recipiunt,
2580 1855 2846 1909 actionem
2877 1855 3226 1924 refugientes,
3262 1871 3326 1909 ne
3361 1857 3579 1911 videan-

2022 1953 2108 1999 tur
2139 1959 2202 1998 ex
2245 1944 2450 2012 ignavia
2496 1945 2857 2014 socordiaque
2906 1947 2999 2001 sed
3048 1960 3181 2000 sano
3224 1946 3431 2016 judicio
3468 1962 3576 2000 non

2021 2042 2166 2088 recte
2201 2034 2413 2089 fecisse.
2458 2033 2609 2100 Quod
2669 2036 2855 2090 multis
2903 2038 3017 2092 scio
3074 2052 3175 2091 usu
3229 2039 3463 2098 venisse,
3515 2037 3583 2091 iis

2015 2127 2313 2195 praesertim
2359 2126 2450 2195 qui
2484 2128 2610 2182 illud
2655 2142 2876 2182 servare
2937 2143 3044 2182 non
3103 2130 3314 2198 possint
3365 2146 3377 2181 :
3440 2128 3582 2181 Duas

2016 2220 2218 2271 tunicas
2247 2234 2336 2272 nec
2389 2218 2680 2272 habeatis‘.
2738 2217 2854 2272 Non
2897 2219 3041 2272 enim
3102 2219 3410 2283 dicendum,
3456 2233 3588 2271 cou-

2013 2308 2345 2375 templationi
2373 2309 2604 2363 dandam
2633 2323 2878 2377 operam,
2933 2310 3027 2363 sed
3074 2310 3449 2362 admirandmn
3494 2322 3589 2361 eos

1528 2404 1892 2459 confitendum
1965 2415 2094 2455 vero
2128 2402 2228 2453 hoc
2263 2412 2322 2452 se
2403 2400 2700 2453 certamine
2741 2402 2915 2465 viuci,'
2955 2408 3009 2453 et
3056 2414 3085 2452 a
3123 2409 3272 2469 tergo
3328 2398 3582 2469 relinqui.

337 2490 451 2557 Ego
483 2506 615 2546 snne
660 2492 781 2548 illos
822 2497 1055 2549 maxime
1088 2500 1321 2566 praedico
1368 2501 1457 2569 qui
1510 2500 1561 2554 id
1618 2509 1896 2571 praestant,
1936 2497 2077 2568 quod
2114 2496 2226 2565 ipse
2260 2494 2521 2549 hactenus
2549 2509 2652 2547 non
2696 2494 2842 2563 potui
2868 2503 3148 2562 praestare.

782 2601 946 2670 Τιιθι.
978 2634 1049 2644 -
1079 2606 1452 2678 ΜΑΡΤΥΡΙῼ.

2375 2600 2689 2658 CCCXCIX.
2730 2631 2801 2643 ——
2823 2601 3207 2658 MARTYRIO.

938 2713 1200 2778 Temporis
1223 2714 1358 2766 ratio
1386 2714 1645 2766 habenda.
1678 2711 1904 2767 Occasio
1938 2727 2042 2764 non
2073 2707 2404 2777 negligenda.
2439 2706 2617 2777 (Couf.
2655 2708 2806 2775 epist.
2837 2707 2989 2777 266.)

412 2812 666 2884 Ἀριστόν
695 2814 872 2881 ἐστιν,
907 2810 953 2870 ὦ
987 2817 1208 2886 φίλτατε
1229 2858 1244 2882 ,
1274 2820 1336 2872 τὸ
1363 2820 1554 2890 χρόνου
1589 2819 1904 2888 φείδεσθαι·

335 2905 436 2959 οὐκ
470 2906 718 2975 ἀνέχεται
752 2907 862 2977 γὰρ
887 2904 1042 2971 αὖθις
1074 2911 1393 2979 ἐπιφοιτᾷν,
1425 2909 1548 2961 οὔτε
1579 2909 1754 2977 μάτην
1779 2909 1910 2961 ἀνα-

2084 2813 2332 2882 Tempori
2354 2828 2575 2881 parcere
2598 2815 2858 2881 optimum
2878 2823 2982 2879 est,
3011 2812 3336 2867 amicissime
3361 2831 3374 2866 :
3409 2821 3587 2869 trans-

2010 2906 2141 2959 itum
2181 2905 2450 2958 enimnon
2485 2903 2643 2967 redit,
2684 2918 2783 2957 nec
2820 2903 2958 2959 male
2990 2904 3330 2965 collocatum,
3388 2904 3577 2958 eadem

337 2995 529 3058 λωθεὶς
567 2996 668 3066 τὴν
714 2998 883 3065 αὐτὴν
916 2999 1275 3068 ὑποστρέφειν
1314 3000 1462 3052 ὀδόν⁸
1500 2999 1648 3068 νόμῳ
1702 2998 1757 3051 δὲ
1803 2996 1907 3067 φύ-

2020 2993 2301 3048 rcvertitur
2344 2992 2453 3048 via.
2502 2992 2861 3048 lndissolubili
2914 2994 3057 3047 enim
3091 3003 3297 3047 natura:
3350 2993 3448 3062 legi
3496 2994 3587 3047 ob-

338 3102 476 3149 σεως
527 3085 710 3156 ἀλύτῳ
765 3088 1081 3157 πειθόμενος
1135 3088 1447 3156 (ὠκύτατος
1490 3089 1598 3158 γάρ
1650 3090 1764 3141 ἐστι
1813 3087 1909 3140 καὶ

334 3176 696 3246 ταχύτατος),
734 3178 843 3230 θέει
882 3179 979 3247 μὲν
1008 3179 1268 3247 ἀκίχητον
1305 3178 1532 3247 δρόμον,
1569 3177 1828 3231 λαϐέσθαι
1851 3177 1909 3230 δὲ

332 3268 448 3329 τοῖς
474 3266 817 3335 βουλομένοις
847 3267 904 3317 οὐ
933 3266 1165 3320 δίδωσιν.
1200 3266 1407 3319 Οὐκοῦν
1439 3266 1543 3336 χρὴ
1574 3265 1790 3335 ἔχεσθαι
1816 3264 1910 3319 αὒ-

334 3356 430 3410 τοῦ
470 3355 863 3425 πλησιάζοντος
884 3372 897 3385 ·
927 3351 1038 3409 οἷόν
1061 3374 1119 3409 τε
1151 3357 1259 3427 γὰρ
1288 3358 1407 3409 τότε
1438 3356 1577 3409 ἑλεῖν
1616 3356 1703 3409 καὶ
1737 3372 1908 3409 κατα-

338 3449 506 3516 σχεῖν.
539 3446 1026 3516 Παριππεύσαντος
1060 3450 1168 3516 γὰρ
1196 3448 1289 3504 καὶ
1313 3447 1373 3500 τὸ
1400 3445 1751 3517 μεταδιώκειν
1772 3446 1904 3517 ἀνή-

336 3555 493 3597 νυτον
511 3580 525 3603 ,
557 3539 652 3593 καὶ
675 3538 736 3592 τὸ
761 3539 1195 3609 καταλαμϐάνειν
1228 3541 1531 3609 ἀμήχανον.

721 3646 796 3700 Υ’.
833 3678 903 3688 —
933 3646 1192 3718 ΕΡΜΙΝῼ
1227 3648 1522 3701 ΚΟΜΗΤῙ.

2017 3095 2321 3153 temperans
2357 3084 2778 3152 (velocissimum
2821 3093 2903 3138 est
2953 3086 3095 3139 enim
3128 3100 3191 3137 ac
3216 3082 3583 3152 celerrimum)

2016 3175 2614 3244 incomprehensibilem
2655 3174 2826 3229 currit
2881 3189 3123 3243 cursum,
3161 3182 3219 3227 ut
3248 3174 3367 3241 capi
3397 3190 3427 3226 a
3488 3188 3586 3228 vo-

2016 3267 2155 3319 lcutc
2183 3274 2433 3334 nequeat.
2464 3263 2710 3320 Praesens
2761 3265 2941 3332 itaque
2975 3274 3184 3333 tempus
3214 3256 3585 3333 arripiendum

2013 3368 2118 3419 est,
2149 3366 2277 3411 tunc
2307 3357 2449 3411 enim
2483 3358 2886 3425 apprehendere
2930 3357 3092 3410 liceat
3148 3370 3213 3409 ac
3251 3356 3435 3423 petiti.
3478 3354 3589 3407 0b-

2013 3448 2271 3516 equitans
2308 3458 2490 3502 autem
2527 3463 2590 3502 ac
2639 3448 2930 3503 decurrens
2984 3446 3106 3517 capi
3154 3461 3259 3501 non
3318 3452 3495 3516 potest
3523 3458 3588 3498 ac

2014 3538 2417 3608 comprehendi.

2357 3644 2464 3699 CD.
2503 3673 2574 3686 --
2622 3643 2930 3701 HERMINO
2976 3642 3238 3701 COMITI.

1193 3765 1253 3807 ,η
1281 3750 1445 3803 malos
1479 3760 1715 3819 pastores
1744 3766 1898 3819 pecus
1930 3750 2284 3820 deglubentes,
2329 3751 2519 3807 Ezech.
2553 3749 2738 3809 xxitv.

410 3878 501 3950 Μὴ
550 3878 823 3953 θαύμαζε,
870 3881 917 3935 εί
975 3878 1243 3932 τοσούτων
1284 3880 1557 3947 ποιμένων
1608 3878 1912 3947 λεγομένων

338 3973 408 4024 τὰ
437 3970 680 4040 πρόϐατα
712 3970 987 4024 λυκοῦται.
1023 3968 1286 4023 Τοσοῦτον
1323 3970 1429 4038 γὰρ
1460 3969 1719 4038 ἀπέχουσί
1766 3985 1911 4030 τινες

339 4061 399 4125 ἐξ
458 4061 637 4114 αὐτῶν
697 4060 795 4131 (ού
873 4061 981 4130 γὰρ
1048 4060 1254 4121 πάντας
1309 4059 1616 4124 αἰτιατέον)
1665 4058 1757 4111 τοῦ
1812 4077 1911 4127 gou-

337 4147 551 4200 λάττειν
593 4148 687 4200 καὶ
742 4147 1152 4217 ἐπιμελεῖσθαι,
1191 4148 1272 4200 ὅτι
1304 4147 1425 4199 οὐδὲ
1458 4146 1634 4199 κυνῶν
1679 4146 1907 4215 μιμοῦν-

2080 3880 2199 3935 Noli
2248 3879 2505 3935 admirari
2558 3888 2635 3932 tot
2689 3887 3070 3946 tantorumque
3134 3888 3411 3944 pastorum
3449 3893 3583 3934 oves

2011 3970 2172 4024 veluti
2237 3984 2266 4021 a
2320 3968 2460 4037 lupis
2505 3967 2776 4023 dilauiari.
2816 3966 3042 4031 Quidam
3093 3966 3235 4019 enim
3271 3965 3400 4034 (non
3433 3967 3579 4021 enin:

2009 4057 2296 4112 accusandi
2326 4054 2537 4125 omnes)
2564 4064 2772 4110 tantum
2804 4056 2904 4109 sibi
2932 4062 3238 4123 temperant
3267 4070 3295 4107 a
3324 4055 3580 4109 custodia

2006 4158 2059 4200 et
2088 4162 2237 4213 cura,
2271 4157 2330 4200 ut
2362 4161 2428 4201 ne
2445 4160 2637 4199 canum
2669 4146 2835 4215 680
2854 4146 3068 4213 quidem
3100 4160 3316 4212 gregem
3351 4160 3581 4199 servan-

337 4256 430 4291 ται
469 4239 666 4308 τρόπον
701 4239 1103 4305 φυλαττόντων,
1138 4238 1272 4292 ἁλλὰ
1303 4239 1370 4291 τὰ
1397 4238 1574 4291 λύκων
1602 4238 1804 4308 δρῶσι,
1837 4238 1903 4291 τὰ

2020 4239 2139 4290 tium
2184 4251 2386 4291 merent
2432 4245 2669 4299 teneant,
2726 4237 2819 4289 sed
2877 4236 3117 4303 luporum
3161 4244 3346 4303 partes
3378 4247 3562 4305 agant.

340 4326 588 4395 πρόϐατα
633 4328 1025 4390 κατεσθίοντες.
1075 4328 1149 4381 Οὐ
1200 4328 1307 4397 γὰρ
1335 4329 1566 4398 ἤρκεσεν
1614 4328 1796 4389 αὐτοῖς
1839 4327 1907 4380 τὰ

338 4416 461 4485 ἔρια
499 4417 592 4469 καὶ
645 4415 705 4467 τὸ
740 4418 909 4483 γάλα,
948 4418 1084 4471 ἀλλά
1137 4418 1231 4470 καὶ
1282 4418 1460 4471 αὐτῶν
1495 4419 1734 4487 ἥψαντο,
1789 4418 1906 4488 οὐχὶ

336 4507 447 4560 τῶν
489 4507 753 4575 σωμάτων
783 4504 973 4579 (ἦττον
1013 4509 1118 4580 γὰρ
1146 4511 1211 4562 ἂν
1238 4507 1366 4580 ἧν),
1394 4508 1529 4561 ἀλλὰ
1558 4508 1665 4560 τῶν
1687 4506 1904 4576 ψυχῶν

339 4598 447 4647 πᾶν
496 4597 595 4665 μὲν
641 4596 868 4667 λιπαρὸν
915 4598 1385 4667 κατασφάζοντες,
1430 4600 1537 4650 πᾶν
1575 4598 1632 4652 δὲ
1678 4597 1899 4657 ἀσθενὲς

336 4685 706 4756 παρορῶντες,
729 4689 835 4739 πᾶν
858 4689 915 4740 δὲ
936 4687 1469 4757 τετραυματισμένον
1492 4690 1551 4741 ού
1581 4687 1907 4757 θεραπεύον-

337 4794 447 4841 τες,
484 4777 542 4828 τὸ
571 4778 627 4829 δὲ
670 4779 889 4848 ἰσχυρὸν
932 4780 1026 4832 καὶ
1059 4780 1133 4849 μὴ
1162 4775 1307 4832 εἶκον
1339 4783 1405 4850 τῇ
1444 4779 1653 4848 ἀσωτίᾳ
1696 4778 1907 4845 αὐτῶν,

334 4867 507 4931 δόλοις
533 4869 626 4921 καὶ
656 4870 965 4931 ἐπιϐουλαῖς
997 4870 1473 4939 κατεργαζόμενοι.

585 4976 709 5031 ΥΑν.
741 5006 811 5017 -
850 4977 1150 5048 ΔΩΡΟΘΕῼ
1179 4978 1664 5048 ΛΑΜΠΡΟΤΑΤῼ.

1230 5088 1471 5143 Veritatis
1500 5093 1597 5153 vis,
1630 5098 1677 5142 et
1719 5086 1986 5141 candoris.

421 5213 618 5273 Ἡδέως
647 5212 711 5265 ἂν
742 5213 835 5264 καὶ
860 5212 1109 5280 ἀσμένως
1136 5212 1231 5280 τὴν
1265 5214 1516 5282 ἀλήθειαν
1545 5214 1718 5283 τιμῶν
1748 5214 1907 5284 ἡττῆ-

341 5305 464 5355 σθαι
494 5304 664 5363 δοκῶ,
694 5305 724 5373 ἢ
758 5304 1084 5371 ψευδόμενος
1117 5304 1271 5355 νικῶ.
1317 5305 1619 5372 ’Δληθεύων
1652 5304 1749 5373 μὲν
1777 5304 1907 5373 γὰρ,

339 5394 440 5448 κᾶν
478 5394 742 5463 ἡττῆσθαι
767 5395 929 5457 δόξω,
961 5393 1219 5461 νενίκηκα
1242 5412 1254 5425 ο
1281 5395 1465 5470 ἀπάτῃ
1501 5394 1557 5451 δὲ
1591 5395 1869 5466 κρατήσας
1896 5430 1911 5456 ,

340 5487 440 5539 κᾶν
471 5488 812 5554 νενικηκέναι
853 5487 989 5551 δόξω
1012 5528 1025 5552 ,
1057 5486 1316 5559 ἦττημαι.

409 5658 641 5718 ’ilattit.
692 5674 741 5722 ς,
782 5659 865 5712 lO.

2015 4326 2198 4395 Neque
2225 4326 2367 4379 enim
2401 4326 2534 4379 satis
2563 4327 2763 4379 ducunt
2799 4326 2918 4378 lana
2973 4336 3027 4379 et
3069 4331 3211 4379 lacte
3262 4326 3360 4392 uti,
3406 4326 3498 4379 sed
3525 4335 3582 4379 et

2016 4417 2255 4484 ipsorum
2310 4415 2549 4483 rapiunt,
2595 4428 2697 4467 non
2731 4424 2837 4467 tam
2890 4429 3139 4482 corpora,
3199 4416 3343 4484 quod
3396 4416 3578 4469 minus

2014 4505 2172 4568 foret,
2209 4519 2368 4573 quam
2395 4504 2625 4567 animas,
2659 4518 2821 4571 pecus
2856 4519 3016 4557 omne
3056 4506 3254 4572 pingue
3286 4506 3579 4558 absumen-

2009 4606 2167 4659 tes,et
2193 4596 2462 4649 inlirmum
2483 4594 2625 4662 quod
2656 4603 2738 4646 est
2763 4604 3191 4657 contemnentes,
3222 4604 3277 4647 et
3310 4594 3571 4661 quidquid

2010 4688 2191 4741 ltcsum
2219 4687 2436 4740 vulnere
2458 4696 2664 4739 estnon
2686 4685 3034 4739 medicantcs.
3058 4684 3325 4752 Quidquid
3354 4684 3567 4735 [irinum

2010 4784 2092 4828 est
2119 4788 2181 4827 ac
2209 4775 2510 4838 robustum,
2557 4784 2743 4827 contra
2784 4782 2945 4841 atque
2986 4774 3290 4840 oportebat,
3338 4771 3575 4843 ingluvie

2014 4881 2131 4929 sua,
2169 4862 2447 4917 fraudibus
2479 4872 2641 4931 atque
2668 4864 2879 4917 insidiis
2910 4862 3397 4930 comprehendunt.

2191 4970 2321 5023 CD1.
2369 4999 2440 5008 —
2487 4967 2856 5024 DOROTHEO
2902 4968 3062 5026 νιιιο
3092 4969 3398 5027 CLARISS.

2041 5081 2253 5148 Semper
2287 5080 2477 5133 veritas
2520 5080 2697 5133 vincit.

2083 5208 2298 5263 Lubens
2353 5207 2643 5276 volensque
2705 5208 2984 5261 veritatem
3058 5210 3329 5265 honorans
3395 5209 3577 5266 malim

2010 5299 2177 5360 vinci,
2214 5314 2373 5366 quam
2409 5300 2636 5351 mendax
2663 5298 2902 5351 vincere.
2939 5297 3073 5352 Vera
3106 5301 3301 5354 etenim
3330 5315 3577 5366 narrans,

2011 5390 2111 5445 etsi
2147 5390 2285 5442 vinci
2315 5388 2516 5449 videar,
2567 5390 2741 5443 vinco.
2777 5387 2907 5443 Dolo
2963 5406 3090 5444 vero
3130 5391 3269 5447 malo
3292 5408 3577 5464 superans,

2017 5482 2231 5539 tametsi
2260 5480 2449 5535 vicisse
2486 5480 2689 5547 videar,
2716 5481 2888 5537 victus
2921 5481 3075 5537 abeo.
