3974 6144
398 250 539 320 1567

1600 251 1660 312 S.
1701 250 1992 312 ISI-DORI
2029 246 2467 310 PELUSIOTIE

3518 234 3655 300 1568

394 368 553 425 CD".
599 399 670 411 ο-
720 366 1173 429 ΜΑΚΤΙΝΙΑΝΟ,
1224 365 1496 430 ZOSIMO,
1550 365 1814 421 MARONI
1873 366 1962 420 ET
1992 374 2036 431 Α
2069 364 2193 421 ΥΒ⁹.
2234 396 2303 406 -
2349 363 2817 434 ΜΑΡΤΙΝΙΑΝῼ,
2862 362 3142 433 ΖΩΣΙΜῼ,
3189 357 3494 421 ΜΑΡΩΝΙ,
3537 356 3656 410 ΕΥ-

973 437 1387 494 ΕυδΤΑΤιιιυ.

2680 442 2684 445 ⁷
2716 434 2981 488 ΣΤΑΘΙΩ.

1600 552 1800 607 Suadet
1837 568 1869 603 α
1892 550 2109 604 libidine
2135 560 2446 618 temperare.

472 663 917 732 Quandoquidem
956 662 1207 730 ignorare
1250 677 1347 716 vos
1387 662 1656 717 simulatis
1706 660 1968 729 improbi-

401 763 564 808 tatem
593 754 737 806 omni
782 768 902 806 esse
939 768 1095 817 paena
1139 753 1528 819 molestiorem,
1572 767 1782 820 acquum
1831 750 1959 804 duxi

402 846 453 898 id
484 844 810 915 significare.
853 844 907 898 Si
937 856 1118 898 autem
1148 860 1243 900 vos
1274 846 1371 913 ipsi
1404 844 1657 913 decipitis
1701 842 1970 896 illecebris

406 934 734 1003 voluptatum
786 935 1016 1003 decepti,
1057 934 1320 1003 supplicia
1366 950 1487 1003 qua:
1537 933 1640 988 sibi
1707 920 1991 999 intempe-V

408 1025 584 1077 rantia
636 1035 799 1092 atque
858 1024 1023 1078 libido
1077 1024 1334 1089 arcessit,
1374 1031 1429 1076 et
1484 1036 1701 1091 semper
1756 1020 1965 1090 pendit,

408 1116 742 1183 perpendite.

874 1243 1057 1302 CDlll.
1084 1274 1154 1287 -
1185 1242 1477 1302 SERENO.

2158 659 2376 730 Ἐπειδὴ
2404 661 2617 728 ἀγνοεῖν
2651 657 3056 729 προσποιεῖσθε,
3097 657 3180 710 ὅτι
3213 658 3246 726 ή
3278 655 3444 708 κακία
3471 655 3658 723 πάσης

2076 748 2347 819 τιμωρίας
2384 751 2500 802 ἐστὶ
2546 750 2941 820 χαλεπωτέρα,
2987 747 3282 800 ἐδικαίωσα
3325 746 3455 799 αὑτὸ
3494 746 3655 798 τοῦτο

2081 838 2340 908 μηνῦσαι.
2374 840 2434 893 Ei
2457 840 2515 893 δὲ
2550 840 2777 902 ἑαυτοὺς
2806 835 3239 908 παραλογίζεσθε
3268 836 3373 887 ὑπὸ
3394 835 3501 886 τῶν
3526 837 3655 903 ήδο-

2080 926 2185 981 νῶν
2224 928 2666 1000 κολακευόμενοι,
2701 932 2989 999 ἐννοήσατε
3028 927 3123 980 καὶ
3152 926 3249 988 τὰς
3282 926 3530 985 κολάσεις
3558 925 3660 986 τὰς

2077 1019 2143 1089 τῇ
2170 1019 2435 1091 ἀκολασίᾳ
2465 1020 2932 1091 χρεωστουμένας,
2958 1018 3055 1071 καὶ
3085 1018 3302 1078 πάντως
3328 1016 3656 1084 ἀποδοθησο-

2081 1110 2251 1181 μένας
2271 1151 2285 1174 ,
2321 1113 2416 1165 καὶ
2445 1114 2719 1181 ἀπόστητε
2750 1111 2973 1182 ταύτης.

2587 1240 2710 1296 rr'.
2744 1268 2815 1281 -
2844 1239 3140 1310 ΣΕΡΗΝῼ.

1253 1359 1430 1412 Animi
1463 1354 1755 1410 moderatio
1775 1354 1831 1408 in
1859 1324 2124 1423 prosperis
2159 1354 2496 1422 adversisque
2525 1356 2806 1410 servanda.

442 1466 712 1524 'Nimium
736 1468 992 1537 gaudium
1046 1469 1219 1540 magis
1266 1470 1538 1523 interdum
1585 1481 1748 1535 quam
1803 1464 1979 1518 luctus

409 1562 591 1613 animo
631 1568 808 1614 nocet.
841 1559 975 1613 Nam
1002 1575 1095 1628 spe
1128 1560 1375 1614 attollens
1406 1561 1542 1613 bona
1568 1566 1746 1611 mente
1777 1561 1978 1618 movet,

2156 1464 2348 1516 Ἔστιν
2362 1464 2449 1516 ὅτε
2466 1464 2607 1535 χαρὰ
2624 1464 2856 1534 ἄμετρος
2871 1461 3049 1531 λύπης
3064 1459 3224 1513 πλέον
3362 1457 3541 1529 ψυχὴν
3555 1457 3665 1510 ἀδι-

2086 1559 2189 1612 κεῖ.
2227 1558 2290 1609 Ἢ
2322 1557 2549 1627 μὲνγὰρ
2570 1556 2866 1626 ἀναπτεροῖ
2899 1554 2995 1607 καὶ
3022 1552 3349 1624 παράφρονα
3367 1550 3535 1618 αὑτὴν
3569 1550 3665 1618 ἐρο

411 1659 721 1719 naturaeque
776 1650 981 1705 inducit
1031 1650 1250 1705 oblivia.
1326 1649 1524 1703 Luctus
1570 1662 1699 1702 vero
1748 1644 2018 1729 hominis.

2110 1649 2341 1715 ⁵ιιίιζεται,
2384 1649 2480 1701 καὶ
2523 1649 2622 1719 τῆς
2652 1647 2864 1717 φύσεως
2907 1645 3080 1716 λήθην
3128 1644 3365 1712 ἐμποιεῖ.
3409 1641 3473 1692 Ἢ
3507 1638 3564 1691 δὲ
3604 1637 3670 1690 τὺ

412 1751 645 1796 mentem
694 1743 1070 1797 demissiorem
1144 1742 1342 1807 reddit,
1400 1741 1703 1808 fastumque
1773 1737 1975 1806 dejicit,

2084 1739 2337 1810 φρόνημα
2370 1739 2538 1809 αὑτῆς
2562 1740 2847 1802 ταπεινοῖ,
2878 1736 2973 1790 καὶ
2997 1736 3058 1787 τὸ
3098 1734 3329 1803 φύσημα
3357 1732 3531 1792 κενοῖ,
3570 1730 3669 1780 καὶ

412 1847 627 1900 suaeque
656 1834 783 1888 facit
812 1833 1133 1888 conditionis
1159 1850 1452 1888 memorem
1493 1850 1507 1888 :
1537 1832 1722 1885 virtuti
1750 1831 1979 1897 denique

2110 1830 2184 1898 λῆς
2237 1828 2452 1898 φύσεως
2495 1830 2903 1899 ὑπομιμνήσκει
2920 1870 2935 1894 ,

2998 1826 3093 1880 καὶ
3143 1828 3221 1888 εἰς
3284 1822 3481 1893 ἀρετήν
3534 1838 3669 1872 συν-

413 1924 680 1993 astringit.
744 1923 936 1979 Gaudii
978 1925 1161 1993 itaque
1210 1935 1264 1980 et
1306 1925 1483 1979 luctus
1533 1923 1789 1977 victorem
1826 1922 1981 1975 decet

2112 1920 2317 1972 λαύνει.
2362 1920 2484 1991 Χρὴ
2523 1917 2616 1973 οὖν
2648 1920 2741 1973 καὶ
2776 1920 2950 1988 χαρᾶς
2993 1919 3087 1971 καὶ
3127 1918 3302 1985 λύπης
3336 1913 3673 1983 ὑψηλότερον

414 2027 571 2066 esse:
600 2023 886 2084 utrumque
919 2017 1081 2070 etiam
1114 2017 1391 2070 moderate
1445 2020 1869 2082 constanterque
1908 2011 1985 2065 fe-

417 2104 665 2157 rcndutn.

731 2210 911 2268 CDIV.
942 2245 1010 2253 -
1043 2212 1316 2268 iilERACl
1356 2210 1675 2267 DIACONO.

2092 2008 2228 2064 εἶναι
2252 2052 2266 2076 ,
2296 2013 2394 2065 καὶ
2435 2011 2671 2082 μετρίως
2713 2010 2808 2063 καὶ
2847 2008 3225 2079 ἐπιστημόνως
3258 2008 3357 2071 τήν
3399 2005 3675 2073 ἑκατέρας

2093 2103 2279 2174 φέρειν
2306 2102 2513 2172 ἔφοδον.

2460 2211 2582 2264 ΥΔν.
2617 2240 2688 2252 -
2719 2210 2955 2263 ΙΕΡΛΚΙ
2990 2205 3323 2265 ΔΙΑΚΟΝΩ’

421 2324 681 2381 Hortatur
705 2340 783 2396 ut,
815 2346 934 2384 cum
964 2332 1127 2384 animi
1161 2333 1397 2386 morbum
1427 2338 1728 2400 cognoscat,
1767 2330 1882 2400 ejus
1909 2331 2174 2455 ἱεροκωὲίὲίὲ
2196 2330 2435 2469 )medelaz.
2469 2329 2646 2401 (Conf.
2685 2329 2754 2381 ad
2796 2329 3036 2383 eumdem
3064 2327 3215 2395 epist.
3244 2326 3367 2389 155,
3405 2337 3451 2380 et
3483 2327 3577 2381 lib.
3607 2338 3677 2394 n,

1874 2409 2027 2469 epist.
2176 2443 2186 2452 .

1874 2409 2027 2469 epist.
2063 2409 2186 2455 258.

493 2507 617 2562 Plus
667 2519 839 2578 potest
893 2512 1206 2581 aegrotantis
1248 2511 1607 2580 propositum,
1662 2509 1708 2563 si
1764 2523 1983 2578 persua-

422 2602 552 2655 scrit
578 2602 681 2656 sibi
708 2617 767 2656 se
788 2616 1069 2671 aegrotare,
1096 2604 1257 2659 etiam
1286 2604 1339 2657 in
1368 2603 1558 2656 morbo
1582 2612 1776 2655 curatn
1807 2600 1981 2663 facili,

423 2701 478 2747 ct
506 2694 788 2748 sanitatem
819 2695 1079 2764 consequi
1131 2694 1365 2759 studeat,
1406 2708 1568 2762 quam
1615 2690 1859 2745 medicus
1895 2689 1986 2760 qui

426 2784 814 2838 medicamenta
844 2784 1069 2853 plurima
1087 2794 1138 2837 et
1161 2784 1425 2853 exquisita
1453 2784 1665 2837 habeat.
1687 2780 1812 2834 Haec
1834 2781 1980 2835 enim

425 2874 469 2929 si
496 2876 1112 2938 concurrantuniversa,
1131 2875 1374 2944 nihilque
1397 2873 1777 2944 prmtermittat
1804 2884 1991 2925 eorum

2163 2507 2273 2559 Καὶ
2299 2504 2391 2558 τοῦ
2423 2504 2609 2574 ίατροῦ
2642 2505 2746 2559 κᾶν
2767 2503 2986 2574 ἄριστος
3010 2505 3116 2573 εἴη,
3139 2504 3233 2557 καὶ
3256 2504 3361 2556 τῶν
3387 2503 3553 2572 βοηθη
3564 2504 3673 2572 μά-

2092 2614 2198 2650 των
2230 2597 2333 2648 κᾶν
2363 2596 2534 2649 πολλὰ
2565 2598 2648 2667 εἴη
2676 2598 2768 2650 καὶ
2797 2595 3084 2664 πολυτελῆ,
3115 2595 3208 2648 καὶ
3235 2595 3327 2647 τοῦ
3364 2596 3676 2663 νοσήματος

2094 2688 2198 2742 κᾶν
2242 2690 2455 2742 εὑῖατον
2505 2689 2623 2759 εἴη,
2675 2687 2875 2758 μᾶλλον
2928 2686 3147 2739 δύναται
3186 2688 3219 2757 ή
3254 2685 3349 2738 τοῦ
3391 2685 3673 2748 νοσοῦντος

2097 2780 2415 2851 προαίρεσις
2443 2818 2456 2838 ,
2505 2781 2553 2832 εί
2598 2778 2836 2831 πείσειεν
2877 2779 3069 2833 ἑαυτὸν
3102 2780 3185 2831 ὅτι
3224 2782 3401 2843 νοσεῖ,
3448 2778 3544 2830 καὶ
3594 2779 3676 2839 εἰς

2098 2856 2395 2940 Θεραπείαν
2425 2869 2639 2924 ὁδεῦσαι
2677 2870 3046 2923 σπουδάσειεν.
3096 2871 3159 2922 Ei
3204 2869 3314 2941 γὰρ
3358 2868 3452 2922 καὶ
3489 2870 3678 2921 ἐκεῖνα

425 2980 546 3032 quae
571 2967 637 3021 ad
690 2974 891 3021 rectam
940 2969 1213 3037 pertinent
1265 2966 1653 3030 valetudinem,
1702 2963 1835 3018 nihil
1888 2962 1995 3018 tale

2110 2962 2278 3015 πάντα
2313 2960 2631 3031 συνδράμοι,
2670 2960 2766 3013 καὶ
2800 2960 2965 3030 μηδὲν
3000 2960 3402 3030 παραλειφθείη
3430 2960 3539 3012 τῶν
3575 2977 3677 3027 φε-

429 3067 654 3125 possunt
701 3058 911 3114 efﬁcere
974 3060 1019 3114 si
1073 3074 1217 3128 aeger
1263 3060 1539 3129 proposito
1587 3056 1903 3121 reluctetnr,
1942 3065 1992 3110 et

2110 3052 2302 3122 ρόντων
2342 3054 2423 3114 εἰς
2476 3051 2665 3119 ὑγείαν
2688 3091 2703 3113 ,
2736 3051 2889 3105 οὐδὲν
2931 3051 3184 3104 τοσοῦτον
3217 3051 3537 3120 δυνήσονται
3575 3051 3677 3120 τῆς

427 3145 678 3199 omnibus
705 3149 1037 3202 adversetur.
1064 3146 1120 3201 Si
1154 3158 1204 3202 te
1239 3149 1403 3214 igitur
1443 3147 1634 3200 morbo
1678 3146 1817 3201 nosti
1849 3144 2001 3200 labo-

431 3250 575 3299 rare,
614 3251 721 3289 non
748 3238 962 3305 quidem
982 3239 1236 3307 exiguum
1272 3241 1373 3292 hoc
1405 3237 1581 3307 (multi
1616 3238 1760 3291 enim
1786 3236 1998 3307 aegroti,

430 3334 693 3392 πει-θεοῖο
730 3341 789 3379 se
820 3327 1115 3392 nesciunt),
1138 3329 1203 3382 da
1230 3344 1450 3398 operam
1482 3327 1767 3397 diligenter
1788 3338 1845 3381 ut
1868 3342 2003 3384 con-

428 3417 689 3472 valescas.
721 3419 1074 3475 Convalesces
1110 3429 1291 3474 autem
1319 3421 1365 3475 si
1396 3419 1609 3474 coneris
1649 3418 1762 3486 ipse
1793 3416 2001 3473 edicere

436 3516 487 3560 te
522 3522 737 3572 sanum,
766 3518 820 3564 et
852 3525 880 3562 a
910 3510 1016 3564 Deo
1040 3511 1259 3579 petieris
1286 3512 1361 3566 tui
1391 3510 1778 3582 cognitionem,
1808 3523 1926 3578 qua:
1947 3517 2003 3563 et

438 3607 681 3650 naturam
718 3608 772 3652 et
802 3599 1114 3655 morborum
1145 3602 1286 3656 mala
1314 3602 1497 3659 omnia
1534 3601 1694 3657 facile
1716 3611 1956 3670 superat.

634 3888 795 3958 681
827 3886 1426 3943 CDV.-——PALLADIO
1478 3886 1797 3943 DIACONO.

2097 3143 2471 3216 προαιρέσεως
2527 3142 2623 3195 τοῦ
2673 3142 2976 3213 κάμνοντος
3022 3143 3529 3214 ἀντιπραττούσης,
3582 3144 3678 3195 καὶ

2096 3236 2305 3297 τούτοις
2357 3234 2530 3288 ἅπασι
2592 3233 2958 3303 πολεμούσης.
3015 3234 3076 3285 Ei
3126 3233 3309 3286 τοίνυν
3368 3234 3462 3285 καὶ
3515 3233 3677 3296 a’nb;

2094 3324 2246 3388 i‘iGag
2263 3327 2346 3379 ὃτι
2371 3327 2545 3387 νοσεῖς
2585 3325 2667 3384 (οὑ
2699 3324 2893 3395 μικρὸν
2914 3325 2972 3378 δὲ
2999 3324 3095 3378 καὶ
3116 3324 3275 3377 τοῦτο
3301 3340 3318 3355 ο
3359 3324 3544 3376 πολλοὶ
3569 3324 3677 3392 γὰρ

2108 3414 2381 3477 δοσοῦντες
2420 3414 2544 3466 οὑδέ
2584 3414 2667 3467 ὅτι
2694 3411 2945 3466 νοσοῦσιν
2980 3412 3189 3483 ἴσασι),
3224 3412 3529 3466 σπούδασον
3585 3413 3679 3466 καὶ

2109 3504 2345 3573 ἰατρείας
2396 3503 2835 3573 τυχεῖν.νΤύχοις
2883 3504 2978 3568 δέ,
3015 3505 3065 3556 εί
3113 3504 3307 3556 σαυτὸν
3347 3503 3677 3567 συντείνοις,

2106 3598 2204 3650 καὶ
2244 3596 2342 3667 τὴν
2392 3595 2544 3649 θείαν
2587 3594 2884 3658 καλέσειας
2936 3596 3030 3648 ἐπὶ
3087 3595 3285 3648 σαυτὸν
3332 3596 3677 3663 ἐπιστήμην,

2108 3691 2207 3759 τήν
2235 3689 2330 3742 καὶ
2359 3687 2574 3756 φύσεως
2592 3729 2605 3751 ,
2629 3687 2726 3739 καὶ
2754 3688 3076 3755 νοσημάτων
3097 3726 3112 3751 ,
3144 3688 3238 3739 καὶ
3260 3686 3439 3756 πάσης
3470 3702 3683 3756 περιγι-

2108 3782 2339 3852 νομένην
2364 3776 2581 3840 κακίας.

2416 3886 2537 3939 YE'.
2574 3914 2643 3924 —
2680 3884 3023 3954 ΠΑΑΛΑΔΙῼ
3054 3883 3379 3953 ΔΙΑΚΟΝῼ.

438 4001 616 4055 Honet
649 4012 705 4055 ut
736 4005 878 4071 apud
906 4019 1043 4069 eum,
1078 4003 1163 4055 cui
1191 4001 1563 4066 maledixerat,
1586 4001 1910 4127 apologiass:
1939 4010 2119 4126 ηιὸιὸῃει
2149 3996 2396 4138 Ξίῖἰήηὶίε
2423 4008 2694 4065 peccatum
2723 3997 2845 4051 vitet
2876 3998 2930 4050 in
2960 4007 3241 4064 posterum.
3270 3996 3506 4067 (Confer.
3531 3998 3681 4065 epist.

1906 4112 1921 4135 ,
2075 4081 2119 4123 et
2198 4082 2211 4118 ι
2262 4107 2272 4117 .

1906 4112 1921 4135 ,
1953 4081 2054 4126 itm
2075 4081 2119 4123 et
2149 4081 2272 4121 κιο.

514 4200 626 4253 Etsi
660 4200 903 4254 convicio
936 4208 1041 4255 ate.
1082 4199 1329 4263 affectus,
1360 4200 1437 4254 uti
1489 4200 1696 4255 clarum
1759 4203 1855 4257 tibi
1899 4213 2005 4269 est,

2182 4200 2245 4252 Ei
2280 4199 2371 4251 καὶ
2398 4198 2426 4250 ὑ
2465 4197 2795 4268 λοιδορηθεὶς
2838 4199 2991 4268 παρὰ
3021 4197 3115 4251 σοῦ
3142 4197 3300 4268 δῆλός
3344 4198 3495 4249 ἐστιν
3524 4196 3687 4265 ἐξωρ-

442 4300 781 4352 snccenseat,
823 4291 1066 4345 indicans
1114 4290 1387 4358 quomodo
1448 4291 1595 4346 brevi
1652 4307 1682 4345 a
1724 4302 1778 4346 te
1823 4306 2011 4362 poenas

2112 4289 2366 4359 γισμένος
2387 4328 2402 4352 ,
2440 4290 2750 4360 ὑποφαίνων
2775 4307 2835 4344 τε
2862 4290 2940 4352 ὡς
2974 4289 3074 4343 οὑκ
3101 4292 3182 4353 είς
3219 4290 3435 4359 μακρὰν
3469 4290 3585 4357 (30)
3609 4288 3686 4341 δί-

446 4381 685 4434 audaciaa
742 4380 945 4451 exigat,
974 4388 1231 4447 tanquam
1290 4380 1358 4435 ab
1405 4379 1602 4447 injurio
1635 4389 1691 4435 et
1745 4382 2012 4450 improbo,

447 4474 609 4525 credo
652 4481 831 4525 tamen
871 4472 1225 4526 admonitioni
1256 4473 1430 4541 ipsum
1476 4470 1803 4540 parituram,
1839 4487 2015 4541 neque

448 4579 507 4617 se
532 4564 949 4618 vindicaturum.
982 4564 1160 4629 Quare
1184 4564 1228 4618 si
1269 4568 1574 4621 mortalium
1608 4579 1823 4636 poenam
1874 4564 2012 4618 etfu-

449 4656 761 4725 gies(quod
792 4655 1028 4729 futurum
1062 4657 1279 4726 spero),
1309 4658 1532 4727 teipsmn
1563 4659 1867 4720 moderare,
1896 4664 1953 4708 et
1983 4668 2011 4706 a

446 4760 500 4801 te
532 4762 747 4819 poenam
779 4763 1021 4819 reposce,
1050 4758 1313 4805 metanoea
1346 4757 1399 4804 te
1429 4750 1544 4817 ipse
1585 4746 1879 4816 ﬂagellans.
1911 4747 2013 4799 De-

451 4839 693 4895 fensione
730 4856 855 4897 vero
885 4857 947 4895 ac
973 4842 1287 4912 purgatione
1319 4840 1446 4894 lmso
1462 4838 1780 4893 medicinam
1796 4835 2010 4900 τίσει-εδ,

458 4947 814 5001 sccurmnque
869 4932 1063 4988 reddes
1123 4931 1377 5003 (dicens)
1440 4929 1557 4984 fore
1608 4937 1667 4983 ut
1723 4927 1831 4982 talc
1891 4926 2017 4995 quid

459 5025 685 5093 posmac
710 5041 814 5079 non
840 5025 1167 5079 committas.
1198 5023 1253 5078 Si
1286 5038 1417 5078 vero
1465 5024 1743 5089 antiquum
1780 5019 2016 5085 obtines,

461 5116 562 5168 etsi
596 5115 873 5170 hominum
901 5116 1121 5185 effugies
1154 5115 1498 5185 supplicium,
1533 5114 1622 5166 Ι)ρί
1657 5126 1875 5166 manum
1912 5125 2017 5165 non

460 5205 702 5275 t'ﬂ'ugies.

2115 4396 2218 4444 κας
2256 4381 2550 4450 ἀπαιτήσει
2581 4379 2677 4431 τοῦ
2708 4380 3093 4451 τολμήματος,
3127 4381 3222 4433 ἀτε
3259 4380 3523 4449 ὑϐριστὴν
3562 4378 3686 4431 ὅντα

2116 4472 2209 4524 καὶ
2252 4470 2588 4524 ἀτάσθαλονο
2643 4470 2779 4523 ἀλλά
2807 4470 3085 4535 πιστεύω,
3136 4470 3217 4532 ὡς
3266 4468 3400 4533 εἴξει
3548 4485 3684 4539 παρ-

2115 4560 2349 4626 αινέσει,
2404 4560 2497 4613 καὶ
2543 4561 2644 4613 οὐκ
2684 4561 2992 4629 ἀμυνεῖται.
3056 4562 3121 4614 Ei
3177 4561 3360 4614 τοίνυν
3410 4562 3688 4630 διαφύγοις

2117 4653 2234 4707 νυνὶ
2276 4652 2373 4723 τήν
2405 4651 2555 4722 παρά
2604 4650 2914 4722 ἀνθρώποις
2954 4650 3116 4721 δίκην
3150 4651 3452 4722 (διαφεὺξῃ
3486 4652 3543 4704 δὲ
3565 4694 3581 4715 ,
3615 4651 3688 4714 ὡς

2118 4740 2316 4813 οἶμαι),
2349 4744 2544 4796 σαυτὸν
2569 4759 2685 4810 σωφ
2696 4743 2924 4813 ρόνισον,
2945 4744 3041 4795 καὶ
3061 4742 3161 4813 τὴν
3187 4743 3343 4813 δίκην
3368 4744 3685 4811 ἀπαίτησον.

2118 4837 2186 4905 τῇ
2240 4835 2337 4904 μέν
2368 4834 2621 4904 μετανοίᾳ
2649 4834 2846 4887 σαυτὸν
2890 4835 3199 4904 μαστίζων,
3226 4837 3291 4904 τῇ
3330 4832 3389 4886 δέ
3428 4833 3688 4901 ἀπολογία

2122 4925 2212 4978 τὸν
2240 4924 2562 4995 ὑϐρισθέντα
2608 4924 2956 4995 θεραπεύων,
2991 4926 3085 4978 καὶ
3114 4924 3193 4995 τῷ
3233 4924 3435 4996 μηκέτι
3466 4924 3539 4977 τὰ
3562 4923 3689 4975 αὑτὰ

2124 5016 2254 5086 δρᾷν
2297 5015 2394 5086 τήν
2437 5016 2733 5084 ἀσφάλειαν
2772 5015 3153 5085 ποριζόμενος.
3205 5016 3267 5067 Ei
3300 5015 3411 5083 γὰρ
3450 5017 3564 5077 τοῖς
3602 5013 3689 5064 αὑο

2125 5109 2236 5169 τοῖς
2282 5107 2558 5175 ἐπιμένοις
2581 5147 2596 5170 ,
2632 5108 2680 5159 εί
2719 5107 2815 5160 καὶ
2842 5106 2941 5176 τήν
2979 5106 3132 5176 παρὰ
3171 5105 3485 5176 ἀνθρώποις
3515 5104 3687 5164 λάθοις

2126 5197 2280 5267 δίκην
2300 5237 2313 5261 ,
2343 5198 2442 5265 τὴν
2471 5196 2617 5250 θείαν
2648 5197 2709 5250 οὑ
2740 5196 2941 5266 λήσεις.

1559 5374 1793 5429 varum
1829 5368 2214 5428 LECTIONES
2255 5371 2342 5426 ET
2374 5356 2601 5426 NOTAE.

532 5554 644 5622 (50)
678 5554 781 5605 Pro
806 5552 1019 5622 μακρὰν
1060 5554 1217 5606 iidem
1247 5552 1486 5622 scribunt
1514 5547 1918 5622 paxpiv.__Vcrs.
1951 5549 2006 5622 ξ’»,

467 5618 759 5693 ἀπαιτήσει
788 5618 991 5675 mutant
1022 5622 1073 5676 in
1105 5620 1367 5675 ἀποτίσει.
1404 5618 1553 5676 νοιὲ.
1583 5618 1641 5687 7⁷,
1686 5620 1878 5674 tnllunt
1915 5618 2011 5685 τὴν

2117 5554 2240 5629 ante
2267 5546 2550 5667 δὶίκηνμοι
2595 5563 2737 5603 vers.
2787 5558 2966 5618 aulcp.
3016 5562 3112 5618 pro
3154 5543 3447 5614 ἐπιμένοις
3500 5546 3683 5601 habent

2118 5631 2284 5667 εττιιιε
2313 5632 2441 5667 νοις.

2118 5631 2441 5684 επιμεινοις.
