3974 6144
350 305 487 376 1569

849 425 984 494 rq'.
1023 458 1093 469 --
1126 428 1419 499 summa.

1220 317 1752 379 EPISTULARUM
1792 315 1939 377 LIB.
1978 316 2045 376 V.
2076 340 2146 351 -
2181 313 2416 374 EPIST.
2459 313 2625 375 CDX.

3458 312 3594 379 1570

2509 422 2690 478 CDVl.
2706 452 2774 464 —-
2804 422 3099 479 SERENO.

1396 533 1618 588 Virtutis
1652 533 1889 587 laudatio
1910 544 1958 587 et
1988 549 2132 589 sequ.
2169 534 2321 598 epist.
2344 540 2395 584 et
2422 532 2546 585 4η.

417 641 480 694 Εἰ
534 644 646 706 τοῖς
688 641 886 715 ἀρετὴν
936 643 1199 708 ἀσκοῦσι,
1257 643 1394 716 μετὰ
1446 644 1762 715 παρρησίας
1816 642 1912 696 νῦν

346 751 403 786 τε
434 732 609 798 ἔξεστι
649 733 868 802 βιῶσαι,
901 736 994 789 καὶ
1034 738 1174 807 μετὰ
1198 737 1289 790 τὸν
1319 736 1551 789 ἐνταῦθα
1597 736 1709 805 βίον
1736 753 1914 806 παρα-

350 823 540 891 στῆναι
571 823 649 892 τῷ
670 824 795 891 θείῳ
825 826 1158 897 δικαστηρίῳ
1178 845 1193 859 ο
1225 828 1336 890 τοῖς
1365 827 1421 880 δὲ
1450 826 1647 879 κακίαν
1679 827 1918 888 ἀσπαζο-

350 915 530 984 μένοις
554 916 781 986 αξοχύνη
812 916 907 970 νῦν
929 936 987 969 τε
1014 919 1205 972 ἕπεται
1232 960 1245 980 ,
1268 920 1489 971 κάκεῖσε
1521 918 1712 987 ἕψεται
1736 937 1749 948 ·
1778 917 1919 971 διατί

350 1007 425 1076 μὴ
455 1008 670 1075 ἐκείνην
699 1008 796 1078 μὲν
829 1011 1307 1080 περιπτυσσόμεθα
1330 1027 1343 1041 ·
1377 1011 1581 1080 ταύτην
1606 1010 1662 1064 δὲ
1691 1027 1922 1081 προτρο-

348 1098 524 1168 πάδην
554 1098 828 1168 φεύγομεν
849 1117 864 1167 ;

488 1188 491 1189 ⁷
677 1204 796 1258 ΥΖι.
830 1233 899 1244 —
932 1203 1138 1257 neum
1172 1204 1598 1260 MONAZONTI.

2090 642 2145 696 Si
2172 642 2370 694 virtute
2395 640 2634 710 praeditis
2655 639 2707 694 in
2764 654 2864 696 ,ηε
2899 642 3007 695 vita
3070 639 3408 696 conﬁdenter
3435 641 3594 698 liceat

2019 737 2222 799 vivere,
2257 743 2358 787 eta
2406 742 2580 788 morte
2636 731 2730 787 Dei
2790 731 3043 787 tribunali
3087 734 3362 797 assistere,
3394 734 3598 802 impro-

2014 829 2112 882 bos
2140 841 2268 880 vero
2296 825 2406 891 hic,
2429 834 2484 881 et
2509 825 2579 879 ibi
2613 825 2845 881 dedecus
2890 833 3168 894 sequatur,
3194 825 3321 894 quid
3373 826 3590 880 dubita-

2017 932 2137 971 mus
2170 917 2420 969 virtutem
2455 915 2672 985 quidem
2698 916 2947 986 amplecti
2978 932 3043 972 ac
3070 916 3279 983 fovere,
3304 915 3431 971 vitia
3459 930 3593 973 vero

2016 1008 2290 1063 concitato
2321 1005 2509 1073 fugere
2532 1007 2739 1061 cursu?

2508 1201 2711 1257 CDVII.
2736 1200 3105 1260 —HERONI.

1768 1295 1849 1350 De
1891 1297 2073 1350 eadem
2105 1312 2181 1353 re.

423 1407 494 1459 Ἦ
538 1406 706 1478 ἁρετὴ
739 1405 924 1476 χρῆμά
967 1407 1082 1459 ἐστι
1122 1406 1218 1459 καὶ
1265 1407 1593 1475 ἀναγκαῖον,
1646 1408 1741 1461 καὶ
1776 1426 1916 1479 συμ-

344 1498 542 1567 φέρον,
586 1497 681 1549 καὶ
710 1496 907 1559 καλὸν,
955 1498 1048 1549 καὶ
1082 1497 1291 1566 πρέπον
1342 1499 1436 1550 καὶ
1476 1498 1781 1560 λυσιτελὲς,
1822 1500 1916 1553 καὶ

344 1587 635 1656 χρήσιμον.
699 1586 1015 1654 Ἀναγκαῖον
1066 1587 1196 1654 μὲν,
1258 1586 1340 1639 ὅτι
1390 1586 1482 1640 τοῦ
1537 1587 1914 1642 πολιτεύεσθαι

342 1675 517 1747 ὀρθῶς
547 1675 696 1727 οὐδὲν
741 1676 1163 1747 ἀναγκαιότερον
1187 1692 1198 1704 ·
1230 1676 1508 1747 συμφέρον
1545 1677 1632 1743 δὲ,
1664 1679 1744 1731 ὅτι
1781 1679 1916 1749 πρὸς

2100 1406 2277 1462 Virtus
2307 1422 2394 1463 res
2438 1416 2521 1461 est
2562 1406 2891 1470 necessaria,
2920 1416 2975 1461 et
3021 1406 3328 1473 commoda,
3358 1404 3587 1476 pulchra

2023 1514 2085 1555 ac
2120 1501 2340 1562 decens,
2383 1499 2529 1552 utilis
2573 1509 2735 1566 atque
2781 1497 3076 1553 fructuosa.
3113 1496 3428 1553 Necessaria
3468 1500 3591 1567 qui-

2023 1590 2167 1653 dem,
2195 1589 2318 1657 quia
2355 1589 2746 1656 rempublicam
2799 1597 2947 1641 recte
3002 1588 3208 1655 gerenti
3263 1588 3395 1641 nihil
3441 1603 3593 1656 aeque

2023 1681 2413 1734 necessarium.
2440 1680 2755 1746 Commoda,
2777 1679 2902 1747 quia
2929 1679 2994 1731 ad
3027 1677 3416 1731 beatitudinem
3445 1678 3592 1733 ducit

342 1765 726 1836 μακαριότητα
758 1765 879 1833 ἄγει
901 1783 913 1796 ο
940 1764 1102 1818 καλὸν
1126 1764 1203 1831 δὲ,
1231 1766 1312 1818 ὅτι
1345 1766 1599 1836 σεμνύνει
1622 1768 1745 1830 τοὺς
1768 1767 1914 1838 ἔχον-

2028 1772 2424 1839 sempiternam.
2477 1770 2739 1833 Honesta,
2774 1767 2898 1838 quia
2950 1767 3295 1837 possidentes
3348 1768 3590 1822 cohone-

342 1873 441 1918 τας
461 1872 472 1883 ·
509 1856 717 1926 πρέπον
742 1855 796 1908 δέ
814 1899 829 1923 ,
856 1856 936 1908 ὅτι
967 1858 1164 1926 κοσμεῖ
1182 1857 1307 1919 τοὺς
1330 1857 1699 1927 κεκτημένους
1718 1877 1732 1890 ·
1763 1858 1915 1912 λυσι-

343 1946 494 2009 τελὲς
520 1946 595 2008 δὲ,
630 1947 711 1998 ὅτι
745 1945 861 1998 λύει
889 1946 947 1999 τὸ
980 1946 1134 2010 τέλος
1163 1948 1331 2017 αὐτῆς
1358 1948 1484 2010 τοὺς
1515 1947 1711 2011 πόνους
1731 1966 1744 1979 ⁸
1781 1949 1917 2018 χρή-

345 2055 502 2108 σιμον
548 2037 636 2101 δὲ,
688 2038 768 2091 ὅτι
795 2039 945 2091 οὐδὲν
992 2040 1161 2108 αὐτῆς
1195 2038 1628 2110 χρησιμώτερον.
1663 2041 1760 2103 Τίς
1802 2058 1916 2093 τοι·

346 2128 548 2198 γαροῦν
602 2128 677 2199 μὴ
724 2128 845 2182 λίαν
898 2128 1205 2200 ἐξεστηκὼς
1268 2130 1331 2183 οὐ
1381 2130 1502 2185 λίαν
1561 2131 1731 2204 αὐτῆς
1788 2130 1920 2186 ἀνθ-

347 2219 520 2287 έξεται
538 2236 555 2287 ;

868 2326 999 2380 ΥΗ’.
1045 2358 1116 2369 -
1152 2329 1379 2400 usam.

2021 1868 2151 1912 stat.
2193 1860 2417 1923 Decens,
2476 1870 2636 1913 ornat
2689 1860 2833 1914 enim
2890 1874 2949 1913 se
2993 1859 3353 1928 possidentes.
3409 1860 3591 1928 Utilis,

2021 1952 2144 2018 quia
2180 1950 2301 2004 linis
2321 1950 2434 2019 ejus
2465 1950 2711 2005 dissolvit
2748 1951 2980 2006 labores.
3013 1951 3311 2006 Fructuosa
3341 1952 3593 2022 denique,

2021 2040 2144 2108 quia
2212 2041 2342 2093 nihil
2406 2057 2468 2094 ea
2541 2041 2713 2110 magis
2773 2040 3127 2112 lrugiferum.
3184 2040 3380 2111 Ecquis
3406 2042 3591 2109 igitur,

2022 2128 2126 2183 nisi
2156 2130 2307 2185 valde
2337 2146 2675 2198 amens,non
2705 2146 2825 2187 eam
2868 2133 3220 2188 vehementer
3259 2131 3593 2203 complecta-

2023 2220 2153 2275 tur?

2536 2328 2761 2384 CDVIII.
2782 2328 3091 2385 ——lSAlAE.

346 2420 531 2493 Magni
576 2430 625 2475 et
667 2422 879 2488 angusti
924 2423 1091 2477 animi
1142 2424 1442 2479 discrimen.
1469 2422 1646 2495 (Conf.
1699 2423 1854 2493 epist.
1882 2422 2237 2565 528133445,
2265 2424 2392 2478 item
2434 2424 2587 2492 epist.
2633 2424 2751 2487 152,
2791 2424 2884 2478 lib.
2924 2438 2996 2489 tv,
3022 2424 3090 2477 ad
3130 2423 3244 2477 loca
3277 2421 3435 2476 Prov.
3479 2437 3592 2491 xw,

1828 2510 1962 2548 vers.
2060 2533 2074 2549 .

1828 2510 1962 2548 vers.
1986 2510 2074 2549 13.

416 2604 542 2659 Ὅτι
595 2605 694 2675 μὲν
739 2606 805 2676 τῇ
862 2604 961 2675 μὲν
1009 2601 1386 2674 μεγαλοψυχίᾳ
1438 2603 1534 2656 καὶ
1577 2604 1611 2675 ἡ
1670 2604 1918 2674 μεγαλο-

345 2695 585 2766 πρέπεια
632 2697 856 2759 ἕπεται,
905 2699 973 2766 τῇ
1031 2695 1088 2747 δὲ
1147 2694 1483 2765 μικροψυχίᾳ
1535 2697 1568 2765 ή
1620 2696 1917 2768 μικροπρέ-

346 2804 512 2855 πεια,
553 2789 695 2859 μάλα
732 2788 975 2859 άκριὸῶς
1024 2784 1177 2856 οἶμαί
1230 2804 1290 2839 σε
1335 2787 1552 2840 ειδέναι.
1584 2787 1706 2841 ’Ότι
1736 2788 1792 2841 δὲ
1837 2788 1917 2841 δι-

346 2878 517 2942 καίως
548 2881 614 2949 τῇ
652 2880 751 2949 μὲν
790 2879 993 2949 πρέπει
1035 2878 1095 2931 τὸ
1128 2877 1315 2943 κλέος,
1352 2879 1415 2947 τῇ
1455 2877 1513 2929 δὲ
1553 2876 1614 2929 τὸ
1639 2877 1776 2941 δέος,
1824 2878 1921 2930 καὶ

344 2968 504 3021 τοῦτο
530 2963 685 3038 οἶμαι
710 2969 935 3023 εἰδέναι.
992 2968 1060 3020 Ἡ
1086 2968 1184 3038 μὲν
1213 2967 1320 3036 γὰρ
1349 2967 1446 3019 καὶ
1481 2968 1579 3038 τὴν
1618 2968 1916 3038 εὐημερίαν

2028 2966 2357 3033 gloriamque
2409 2981 2425 3018 :

349 3060 584 3129 μετρίως
605 3100 619 3124 ,
665 3062 758 3113 καὶ⁵
786 3060 883 3131 τὴν
911 3059 1245 3130 δυσημερίαν
1274 3059 1533 3131 ἀνδρείως
1559 3060 1735 3130 φέρει.
1775 3060 1840 3112 Ἥ
1860 3060 1917 3113 δὲ

346 3150 425 3221 πῆ
460 3152 558 3222 μὲν
578 3151 717 3221 ἄγαν
743 3151 943 3223 ὑψηλὴ,
968 3152 1044 3220 πῆ
1066 3152 1127 3204 δὲ
1153 3151 1272 3204 λίαν
1293 3151 1521 3222 ταπεινὴ
1550 3152 1780 3219 γίνεται,
1807 3152 1920 3213 τοῖς

346 3243 640 3313 πράγμασι
700 3242 1292 3314 συμμεταϐαλλομένη,
1341 3243 1437 3296 καὶ
1484 3242 1712 3314 εὑρίπου
1770 3242 1921 3296 οὐδὲν

344 3333 698 3402 διαφέρουσα.

836 3530 959 3586 re.
996 3561 1066 3572 —
1097 3532 1183 3603 Τῼ
1215 3532 1419 3603 ΑΥΤῼ.

2082 2605 2331 2661 Arbitror
2358 2614 2544 2659 notum
2581 2604 2674 2659 tibi
2693 2618 2815 2659 esse
2838 2605 2904 2659 ad
2927 2604 3091 2659 animi
3132 2606 3586 2676 magnitudinem,

2014 2693 2354 2762 maiestatem
2394 2693 2820 2762 dignitatemque
2843 2696 3099 2763 consequi
3132 2711 3148 2749 :
3178 2696 3415 2750 animum
3445 2713 3579 2753 vero

2016 2784 2273 2854 pusillum
2320 2783 2675 2852 abjectionem
2743 2783 3233 2854 demissionemque
3294 2789 3579 2845 comitari.

2018 2875 2152 2929 Illud
2182 2888 2399 2943 quoque
2453 2884 2506 2929 te
2543 2889 2648 2927 non
2702 2874 2888 2943 fugere
2929 2876 3183 2943 arbitror,
3219 2877 3389 2943 illam,
3423 2880 3589 2934 decus

2484 2965 2627 3019 hanc
2688 2979 2817 3019 vero
2880 2976 3080 3019 metum
3142 2966 3595 3036 formidinemque

2017 3060 2229 3112 decere.
2254 3055 2350 3109 Illa
2379 3057 2595 3125 quidem
2615 3071 2700 3111 res
2717 3057 2981 3111 secundas
3007 3057 3311 3126 moderate;
3340 3060 3595 3115 adversas

2015 3162 2146 3203 vero
2198 3147 2409 3202 lortiter
2460 3146 2673 3202 tolerat.
2721 3148 2846 3203 Haec
2904 3163 3033 3203 vero
3084 3149 3238 3203 valde
3294 3150 3588 3206 identidem

2016 3239 2184 3303 elata,
2241 3239 2566 3308 quandoque
2626 3237 2860 3292 demissa
2911 3238 3075 3293 nimis
3133 3240 3368 3306 exsistit,
3429 3244 3591 3296 rebus

2018 3331 2447 3396 accommodata,
2480 3331 2548 3386 ab
2569 3328 2755 3399 Euripi
2782 3329 3019 3385 ﬂuminis
3071 3345 3233 3386 cursu
3271 3333 3406 3387 nihil
3440 3333 3593 3388 diﬂ‘e-

2020 3436 2170 3477 rens.

2552 3530 2730 3586 CDlX.
2746 3559 2816 3572 -ο-
2835 3530 3064 3587 EIDEM.

908 3619 1087 3675 Monet
1122 3639 1184 3675 ne
1210 3636 1421 3690 propter
1449 3622 1660 3675 divitias
1690 3638 1747 3675 se
1788 3621 2049 3688 extollat,
2082 3620 2315 3689 aliosque
2348 3621 2411 3674 iis
2448 3633 2681 3675 carentes
2714 3631 3032 3676 contemnat.

421 3734 484 3785 Ei
508 3732 865 3802 περιῤῥέοντα
888 3729 978 3782 τὸν
1003 3730 1185 3784 ἄδικον
1216 3731 1445 3782 πλοῦτον
1471 3731 1632 3800 ὁρῶν,
1665 3730 1918 3783 πλούσιον

352 3821 545 3875 σαυτὸν
598 3825 740 3893 ἡγῇ,
782 3823 873 3875 καὶ
925 3823 1050 3884 τοὺς
1112 3821 1536 3891 φιλοσοφοῦντας
1595 3821 1919 3889 ταλανίζεις,

353 3914 429 3976 ὡς
459 3914 676 3983 χαλεπῷ
723 3914 894 3985 θηρίῳ
926 3916 992 3984 τῇ
1045 3914 1204 3984 πενίᾳ
1255 3914 1633 3983 μαχομένους*
1681 3914 1790 3966 ῐσθι
1839 3915 1922 3967 ὅτι

350 4007 487 4075 ὅπερ
515 4006 752 4068 ἐκείνους
793 4008 930 4076 ἡγῇ,
959 4004 1103 4057 τοῦτ’
1153 4005 1313 4068 αὐτὸς
1358 4005 1493 4074 πρὸς
1539 4005 1779 4069 ἐκείνους
1834 4005 1924 4068 ἑξ-

350 4093 671 4165 εταζόμενος
721 4096 977 4164 πάσχεις·
1011 4096 1059 4147 εἰ
1105 4095 1161 4146 δὲ
1188 4094 1285 4147 οὐκ
1311 4094 1575 4168 αἰσθάνῃ,
1612 4094 1922 4164 θαυμαστὸν

351 4186 523 4241 οὐδέν.
566 4185 716 4238 Ἐπεὶ
745 4188 837 4239 καὶ
864 4187 913 4239 oi.
939 4186 1105 4256 μανίᾳ
1126 4185 1445 4251 λυττῶντες,
1467 4186 1701 4255 δρῶντες
1726 4185 1763 4237 ἃ.
1782 4185 1922 4255 δρῶ·-

353 4292 439 4327 σιν
459 4314 474 4339 ,
505 4274 730 4335 ἐαυτοὺς
764 4274 862 4343 μὲν
893 4273 1254 4344 μακαρίζουσι
1280 4289 1292 4302 ·
1327 4275 1433 4328 τῶν
1460 4275 1517 4327 δὲ
1544 4274 1713 4338 ὅντως
1742 4274 1920 4343 ὑγιαι-

351 4366 550 4419 νόντων
582 4364 970 4433 καταγελῶσιν.

820 4560 922 4613 Υιν.
957 4589 1030 4601 -
1056 4560 1440 4630 ΑΙΜΙΛΙΔΝῼ.

1088 4657 1164 4709 De
1198 4658 1377 4726 gloria:
1417 4656 1606 4708 studio.
1635 4656 1817 4726 (Supr.
1855 4658 2007 4725 epist.

423 4766 521 4819 Διὰ
572 4767 728 4819 τοῦτο
767 4766 1023 4820 δύσκολόν
1075 4768 1245 4832 ἐστιν,
1286 4767 1362 4829 ὡς
1410 4766 1586 4831 ἔοικε,
1640 4768 1921 4836 διαφυγεῖν

349 4859 441 4912 τὸν
486 4858 584 4929 τῆς
648 4858 949 4927 φιλοδοξίας
1010 4858 1298 4927 λογισμόν·
1351 4859 1648 4931 ἐπειδήπερ
1704 4857 1731 4912 ὅ
1779 4864 1923 4914 ποιεῖ

349 4967 432 5012 τις
476 4952 552 5013 είς
603 4950 919 5023 καθαίρεσιν
954 4948 1152 5012 αὑτοῦ,
1197 4948 1353 5002 τοῦτο
1382 4950 1525 5022 ἀρχὴ
1549 4951 1741 5022 ἐτέρας
1772 4953 1920 5021 φιλο-

348 5044 526 5110 δοξίας
553 5046 882 5116 εὑρίσκεται.
910 5047 1048 5108 Τοὺς
1085 5047 1181 5115 μὲν
1208 5041 1299 5098 οὖν
1331 5048 1570 5117 ἐρήμους
1602 5047 1760 5109 ὄντας
1786 5047 1920 5113 ἀγα-

350 5136 457 5188 θῶν
488 5138 736 5207 πράξεων
760 5178 773 5201 ,
815 5136 1132 5201 δοξάζεσθαι
1167 5137 1221 5189 δὲ
1261 5137 1560 5201 ποθοῦντας
1584 5177 1598 5202 ,
1635 5138 1709 5201 ὡς
1735 5138 1919 5190 δυσιά-

346 5245 473 5290 τους
501 5229 928 5297 μεταδιδακτέον,
953 5229 1228 5295 λέγοντας,
1259 5230 1339 5282 ὅτι
1373 5229 1672 5299 Ἀσκήσατε
1695 5228 1915 5299 ἀρετὴν,

349 5321 445 5373 καὶ
488 5321 607 5371 τότε
656 5321 867 5389 ζητεῖτε
898 5321 1072 5384 δόξαν.
1111 5321 1247 5383 Τοὺς
1281 5321 1335 5372 δὲ
1389 5321 1621 5390 πράξεσι
1657 5338 1917 5387 σεμνυνο-

349 5414 578 5481 μένους,
605 5412 762 5479 δόξης
788 5412 843 5462 δὲ
890 5412 963 5480 μὴ
1005 5411 1480 5480 καταφρονοῦντας
1506 5451 1519 5472 ,
1558 5411 1631 5473 ὡς
1675 5412 1921 5474 εύῖάτους

349 5503 743 5572 θεραπευτέον,
802 5502 1079 5567 λέγοντας,
1136 5504 1217 5555 ὅτι
1270 5500 1503 5563 Μείζους
1560 5501 1771 5554 ἔσονται
1825 5504 1919 5554 καὶ

345 5592 729 5661 λαμπρότεραι
753 5592 808 5643 αἱ
854 5592 1079 5660 πράξεις
1100 5631 1114 5653 ,
1145 5592 1273 5645 ὅταν
1310 5591 1403 5644 καὶ
1431 5592 1529 5659 τῆς
1557 5588 1713 5661 δόξης
1750 5609 1915 5644 κατα-

330 5679 688 5748 φρονήσητε,
723 5678 819 5745 τῆς
851 5678 943 5732 καὶ
981 5681 1166 5733 πεσεῖν
1204 5679 1627 5749 αἰσχυνομένης,
1660 5679 1753 5731 καὶ
1788 5682 1915 5750 στῆ-

2090 3732 2147 3786 Si
2176 3748 2296 3785 cum
2324 3731 2541 3785 ellluere
2566 3732 2780 3800 iniquas
2815 3732 3055 3797 divitias,
3093 3748 3185 3788 seu
3221 3751 3589 3792 mammouam

2020 3821 2351 3890 iniquitatis.
2406 3822 2744 3886 consideres,
2794 3824 3015 3876 divitem
3081 3827 3308 3894 teipsum
3368 3830 3592 3894 dixeris,

2020 3927 2085 3966 ac
2114 3911 2366 3979 perfectae
2397 3923 2653 3966 vacantes
2681 3912 2828 3976 vitm,
2863 3914 3027 3984 682
3062 3917 3214 3983 quasi
3253 3919 3474 3976 moleste
3512 3923 3582 3976 ad

2023 4001 2222 4055 bestias
2247 4001 2638 4068 depugnantes,
2657 4015 2776 4054 cum
2802 4015 3145 4072 paupertate.
3164 4005 3389 4063 miseros
3412 4012 3593 4079 appel-

2031 4090 2265 4144 laveris:
2298 4091 2435 4144 scito
2469 4090 2657 4159 quales
2691 4091 2808 4145 illos
2848 4094 3101 4157 aestimes,
3131 4096 3272 4149 idem
3319 4098 3384 4151 de
3427 4108 3477 4151 te
3512 4100 3594 4152 in-

2027 4190 2324 4251 terrogatos
2352 4180 2575 4236 sentire.
2610 4181 2668 4235 ld
2729 4197 2855 4237 vero
2898 4184 2943 4238 si
2996 4186 3177 4239 minus
3225 4187 3431 4255 capias,
3458 4191 3592 4244 nihil

2023 4272 2349 4337 tnirandum,
2381 4274 2596 4341 quando
2625 4283 2679 4326 et
2709 4272 2894 4328 furore
2920 4276 3268 4343 insanientes,
3288 4279 3356 4333 ob
3382 4297 3442 4333 ea
3475 4298 3592 4350 qua:

2022 4370 2262 4431 patrant,
2288 4361 2478 4414 beatos
2505 4375 2562 4414 se
2585 4360 2899 4429 epiniantur
2932 4381 2947 4419 :
2979 4364 3181 4434 quique
3225 4374 3370 4419 recte
3413 4367 3598 4422 valent

2024 4453 2348 4523 sapiuntun
2376 4467 2469 4506 eos
2495 4452 2741 4507 irrident.

2484 4557 2730 4613 CDX.—
2758 4553 3138 4618 ΑΞΜΙΕΙΑΝΟ.

2041 4653 2165 4720 536,
2205 4655 2330 4719 5'57,
2363 4654 2467 4709 558
2506 4664 2554 4707 et
2596 4655 2695 4706 hac
2727 4657 2856 4725 seq.)

2098 4767 2306 4823 Idcirco
2331 4766 2546 4822 diﬂicile
2593 4777 2695 4831 est,
2730 4776 2787 4820 ut
2840 4770 3087 4836 apparet,
3120 4767 3353 4837 cn‘ngere
3411 4774 3593 4842 gloriae

2025 4862 2281 4923 studium,
2314 4861 2459 4929 quod
2490 4860 2748 4927 quidquid
2803 4861 2925 4927 quis
2971 4861 3037 4915 ad
3092 4877 3209 4916 eam
3273 4865 3590 4923 abolendam

2026 4956 2154 5023 agit,
2187 4954 2287 5007 hoc
2336 4952 2661 5022 principium
2698 4965 2817 5005 csse
2874 4952 3100 5006 alterius
3161 4954 3343 5023 gloriae
3373 4974 3592 5029 compc-

2026 5047 2217 5099 riatur.
2254 5042 2355 5110 Qui
2388 5043 2549 5110 igitur
2586 5056 2616 5095 a
2646 5040 2798 5096 bonis
2822 5042 2977 5096 vacui
3006 5055 3132 5097 sunt
3155 5049 3433 5113 operibus,
3467 5050 3582 5104 lau-

2025 5137 2138 5191 dari
2175 5150 2305 5190 vero
2330 5145 2606 5203 expetunt,
2634 5144 2690 5187 ut
2726 5135 2814 5201 qui
2857 5150 2998 5204 a‘gre
3032 5139 3211 5192 curari
3236 5150 3459 5207 queant,
3494 5143 3588 5197 do-

2025 5226 2177 5282 cendi
2217 5236 2342 5281 sunt
2370 5226 2597 5279 dicendo
2628 5242 2643 5278 :
2680 5226 2929 5279 virtutem
2987 5239 3272 5292 exercete;
3304 5241 3429 5285 tunc
3472 5236 3589 5303 glo-

2027 5320 2158 5371 riam
2194 5318 2442 5385 quaarite.
2475 5315 2573 5382 Qui
2596 5330 2722 5370 vero
2764 5326 2956 5383 gerunt
2981 5331 3066 5371 res
3114 5320 3369 5387 praeclare
3393 5335 3586 5391 agunt-

2022 5420 2127 5474 que
2152 5403 2404 5466 feliciter,
2424 5405 2646 5472 gloriam
2704 5404 3052 5461 nihilominus
3085 5419 3363 5477 exoptant,
3399 5422 3585 5481 utpote

2020 5498 2112 5566 qui
2159 5497 2336 5552 curari
2362 5496 2519 5551 facile
2582 5507 2804 5565 queant,
2839 5498 3103 5551 medicina
3161 5500 3227 5554 iis
3281 5502 3583 5557 adhibenda

2019 5599 2100 5642 est
2128 5587 2390 5641 dicendo:
2421 5587 2659 5656 majores
2689 5586 2806 5641 fore
2837 5587 3269 5660 illustrioresque
3310 5608 3396 5647 res
3419 5596 3581 5648 ctiam

2018 5685 2197 5746 gestas
2215 5691 2335 5732 cum
2370 5676 2804 5746 contempseritis
2844 5677 3091 5747 gloriam,
3119 5695 3237 5749 quae
3267 5694 3319 5736 et
3345 5683 3451 5738 labi
3486 5697 3581 5738 ve-
