3974 6144
428 274 560 343 1571

1622 276 1681 335 s.
1724 252 2017 336 tsmom
2056 274 2495 335 PELUSIOTJE

3546 272 3568 336 1
3581 275 3689 340 572

425 398 593 450 retur,
620 396 676 440 et
697 384 807 454 jam
834 384 1130 439 subsistere
1168 398 1273 437 non
1306 391 1504 450 potest,
1534 384 1628 437 sed
1673 385 1727 437 in
1760 384 1985 437 nihilum

2101 402 2179 437 ναι
2210 385 2285 453 μὴ
2312 383 2640 453 δυναμένης,
2673 382 2789 435 ἀλλ’
2819 384 2899 446 είς
2919 382 2982 463 to
3007 384 3081 453 μὴ
3110 382 3173 436 ὃν
3200 386 3449 455 χωρῆσαι
3480 386 3679 457 ῥᾳδίως

424 479 584 533 facile
604 478 869 533 concidet.
902 475 1134 545 [Equam
1163 478 1452 545 quamdam
1480 476 1712 545 gloriam
1737 477 1986 544 qmerite,

423 571 518 625 sed
545 569 779 623 nondum
817 567 917 634 ipsi
942 576 1153 634 tempus
1178 567 1456 635 quaerendi
1486 566 1855 621 commodum.
1890 563 1992 616 Ve-

423 660 538 714 niet
588 658 728 722 dies,
761 671 910 719 cum,
952 665 1012 709 ut
1069 655 1172 719 sol,
1208 655 1476 710 clarescet
1505 672 1519 709 :
1546 665 1600 709 at
1638 656 1728 724 qni
1788 655 1997 710 laudcm

423 764 637 803 omnem
661 747 1051 802 contemnendo
1074 756 1353 815 superant,
1385 746 1439 800 hi
1476 755 1534 800 ut
1585 742 1813 815 perfecti
1873 752 1999 800 sunt

421 837 772 909 pmdicandi.

938 942 1121 998 CDXI.
1141 970 1213 982 -
1243 942 1472 997 EIDEM.

2094 476 2485 545 ἐπισταμένης.
2517 475 2591 526 Τὸ
2614 475 2761 536 είκδς
2792 475 2891 542 μὲν
2919 475 3027 543 γάρ
3054 473 3263 543 ζητεῖτε
3290 515 3305 535 ,
3334 475 3449 528 ἀλλ’
3472 477 3681 530 οὐδέπω

2096 565 2271 635 τούτῳ
2304 566 2515 636 καιρός.
2553 565 2712 629 Ἥξει
2743 566 2937 635 χρόνος
2972 567 3061 618 ὅτε
3107 565 3352 635 λάμψετε
3384 567 3459 629 ὼς
3491 568 3677 638 ἥλιος·

2096 656 2222 718 τοὺς
2258 653 2314 708 δὲ
2364 655 2464 725 τῆς
2494 655 2604 707 τῶν
2633 654 2939 725 ἀνθρώπων
2981 655 3345 729 ὑψηλοτέρους
3374 657 3556 728 δόξης,
3604 658 3681 723 ὡς

2096 744 2417 814 φιλοσόφους
2441 746 2804 817 ἀναρῤητέον.

2579 946 2729 1001 rm.
2764 978 2833 989 —
2867 950 2955 1020 Tn
2990 950 3195 1022 arm.

804 1033 1030 1089 Rursum
1060 1036 1124 1088 de
1154 1035 1343 1105 gloria.
1377 1036 1532 1102 Quod
1560 1038 1838 1092 discrimen
1890 1035 1988 1105 φιλι

2101 1039 2193 1103 ,ίας
2230 1039 2325 1092 καὶ¹
2360 1041 2684 1109 κενοδοξίας.
2717 1041 2955 1112 (Confer.
2988 1045 3138 1113 epist.
3166 1042 3316 1113 537.)

492 1146 740 1200 Diviuius
765 1146 1040 1215 quidpiam
1059 1156 1142 1201 est
1170 1156 1317 1201 recte
1344 1157 1589 1215 agentem
1623 1164 1727 1202 non
1760 1162 2002 1218 quaerere

418 1239 643 1307 gloriam
671 1238 739 1290 ab
774 1237 1099 1299 hominibus,
1130 1238 1177 1290 si
1231 1252 1360 1290 vero
1401 1247 1543 1291 recte
1584 1254 1750 1307 agens
1782 1247 1996 1308 quaerat

421 1330 656 1392 laudem,
696 1328 781 1382 ille
812 1326 1093 1395 φιλόδοξος
1120 1328 1322 1391 laudis,
1357 1345 1459 1382 non
1483 1329 1660 1383 inanis
1684 1330 1868 1400 gloriae
1898 1347 1993 1383 cu-

417 1422 572 1489 pidus
610 1430 693 1474 est
730 1420 1016 1474 dicendus.
1054 1421 1125 1473 At
1160 1423 1250 1489 qui
1290 1422 1444 1474 bonis
1480 1431 1663 1475 careat
1714 1422 1991 1491 operibus,

421 1510 645 1578 gloriam
678 1520 857 1565 tamen
896 1509 997 1563 sibi
1034 1524 1139 1563 non
1181 1511 1417 1563 debitam
1451 1510 1826 1580 investigando
1856 1527 1991 1565 con-

2178 1149 2457 1220 Θειότερον
2489 1150 2588 1219 μὲν
2631 1150 2692 1203 τὺ
2724 1150 3035 1220 πράττοντά
3082 1170 3136 1205 τι
3174 1155 3437 1223 χρηστὸν,
3472 1154 3544 1227 μὴ
3582 1158 3679 1225 ζη·

2091 1238 2206 1293 τεῖν
2254 1240 2352 1312 τὴν
2400 1242 2458 1307 ἐξ
2499 1242 2803 1313 ἀνθρώπων
2846 1243 3038 1307 δόξαν·
3080 1245 3129 1296 εἰ
3170 1244 3226 1298 δὲ
3281 1246 3533 1315 πράττων
3592 1264 3677 1310 τις

2092 1332 2305 1403 ζητοίη,
2337 1333 2668 1402 φιλόδοξος
2710 1337 2738 1387 ὁ
2771 1336 3015 1399 τοιοῦτός
3045 1339 3211 1400 ἐστιν,
3243 1339 3303 1391 οὐ
3334 1339 3673 1405 κενόδοξος.

2105 1422 2163 1474 Ὀ
2199 1422 2307 1491 γάρ
2353 1423 2507 1485 κενὸς
2544 1422 2619 1475 ὢν
2656 1424 2906 1491 πράξεων
2938 1423 3183 1491 ἀγαθῶν,
3217 1425 3374 1490 δόξαν
3402 1425 3459 1479 δὲ
3500 1426 3679 1495 ζητῶν

2096 1510 2172 1583 μὴ
2231 1513 2649 1583 προσήκουσαν,
2698 1514 3023 1578 κενόδοξός
3075 1516 3283 1579 ἐστιν,
3339 1515 3425 1583 ἐφ’
3467 1509 3545 1578 οἷς
3601 1516 3681 1586 μὴ

421 1612 679 1664 sectetur,
714 1601 803 1654 hic
831 1600 1128 1664 κενόδοξος,
1162 1600 1338 1654 inanis
1383 1613 1457 1653 est
1489 1602 1673 1671 gloria:
1702 1604 1988 1669 studiosus,

2101 1602 2313 1673 πράττῃ
2362 1602 2780 1671 σεμνυνόμενος,
2828 1603 2924 1655 καὶ
2951 1604 3218 1674 ἀλλοτρίῳ
3270 1605 3543 1675 προσώπῳ
3589 1607 3707 1683 ἐνο-

420 1694 545 1759 quia
574 1707 739 1760 grave
763 1691 896 1745 nihil
926 1693 1115 1761 gessit,
1146 1702 1201 1746 et
1254 1707 1485 1761 persmta
1542 1693 1763 1747 indutus
1819 1695 1997 1749 aliena

418 1799 479 1838 se
507 1785 749 1837 venditat
786 1792 947 1851 atque
982 1794 1240 1837 ostentat.
1274 1782 1458 1852 Neque
1505 1784 1648 1837 enim
1684 1785 1854 1854 gloria
1880 1785 1997 1840 sola

2104 1691 2492 1762 αϐρυνόμενος.
2522 1693 2595 1744 Οὐ
2622 1692 2734 1763 γὰρ
2763 1692 2861 1763 τήν
2885 1693 3041 1757 δόξαν
3076 1696 3239 1765 κενὴν
3278 1696 3440 1765 μόνον
3472 1696 3578 1768 χρὴ
3604 1714 3683 1749 νο-

2108 1783 2284 1855 μίζειν
2340 1785 2419 1853 (εί
2448 1784 2556 1854 γὰρ
2586 1783 2744 1837 τοῦτο
2772 1784 2949 1855 δοθείη
2983 1787 3076 1838 καὶ
3099 1788 3127 1839 ὁ
3172 1786 3443 1855 φιλόδοξος
3474 1788 3685 1840 κενόδοο

420 1871 600 1927 inanis
633 1883 715 1925 est
739 1871 1030 1939 judicauda
1072 1872 1151 1942 (si
1179 1872 1231 1925 id
1267 1873 1410 1926 enim
1465 1873 1988 1937 concedatur,etiatr

2110 1872 2198 1938 ξος
2230 1874 2455 1936 εἰκότως
2488 1874 2555 1926 ἂν
2586 1872 2883 1946 κληθείη),
2915 1876 3029 1928 ἀλλ’
3068 1878 3117 1930 εί
3144 1878 3540 1947 κυριολεκτοῖτο
3568 1877 3686 1931 τοῦ·

418 1963 595 2017 laudis
629 1964 876 2033 cupidus,
900 1964 1080 2018 inanis
1106 1974 1251 2019 esset
1274 1964 1459 2032 gloria:
1504 1964 1777 2017 studiosus
1816 1965 2001 2034 appel-

2104 1983 2267 2035 νομα,
2300 1967 2329 2018 ὁ
2353 1964 2507 2027 κενὸς
2538 1964 2615 2018 ὣν
2644 1966 2821 2037 ἔργων
2850 1967 3124 2038 χρηστῶν,
3157 1968 3599 2040 ἀντιποιούμενος
3627 1968 3686 2022 δὲ

418 2055 661 2119 landusl,
690 2056 783 2111 sed
814 2064 867 2110 et
894 2056 1113 2125 pr0prio
1141 2056 1439 2125 appelletur
1466 2056 1819 2123 nomine,qui
1844 2056 1988 2111 bonis

2101 2054 2277 2124 δόξης,
2310 2052 2586 2121 κενόδοξος
2614 2052 2681 2108 ἂν
2712 2054 2939 2119 δικαίως
2970 2056 3209 2111 καλοῖτο.

418 2146 491 2200 sit
521 2161 727 2199 vacuus
759 2148 1034 2216 operibus,
1071 2148 1276 2217 (ingens
1301 2162 1429 2201 vero
1475 2146 1729 2215 gloriam,
1758 2144 1847 2201 hic
1884 2163 1999 2203 me-

420 2238 525 2292 rito
556 2237 835 2301 κενόδοξος
868 2238 1187 2307 appelletur.

446 2345 1114 2403 CD‘Kll.——PROSECHIO
1154 2345 1651 2412 SCIIOLASTICO,
1689 2348 1967 2405 MEDICO.

2210 2346 2357 2403 rtB'.
2390 2374 2461 2385 -
2498 2345 2839 2418 ΠΡΟΣΕΧΙῼ
2874 2347 3308 2421 ΣΧΟΛΑΣΤΙΚῼ
3341 2352 3560 2422 ιΑτΡῼ.

1492 2468 1671 2520 Animi
1705 2466 2124 2536 perturbationes
2154 2483 2218 2522 ea:
2246 2469 2421 2519 animo
2454 2467 2606 2519 oriri.

492 2570 633 2636 Non,
660 2586 692 2623 o
720 2570 860 2625 boue
892 2571 994 2629 vir.
1028 2581 1083 2624 ιιι
1114 2572 1168 2625 in
1222 2572 1413 2643 pelago
1467 2586 1666 2643 praeter
1726 2574 1999 2630 ferocien-

420 2664 551 2718 tium
585 2673 870 2717 ventorum
899 2664 1176 2717 incursum
1211 2666 1498 2735 contingit,
1525 2667 1603 2721 sic
1650 2675 1705 2721 et
1729 2668 1781 2720 in
1816 2667 1995 2720 anima

417 2756 633 2815 accidit.
668 2756 757 2809 sed
787 2756 874 2809 hic
911 2755 1187 2808 hominum
1222 2758 1488 2827 contingit
1518 2759 1675 2827 culpa
1724 2774 1787 2813 ac
1821 2760 1994 2829 negli-

2174 2577 2287 2646 Οὺχ
2337 2576 2523 2646 ὥσπερ
2571 2577 2628 2629 ὲν
2682 2574 2932 2641 πελάγει,
2960 2565 3005 2625 ὦ
3048 2572 3201 2641 σοφὲ,
3249 2570 3402 2641 παρά
3442 2573 3539 2643 τὴν
3569 2573 3682 2628 τῶν

2100 2666 2307 2736 ἀγρίων
2336 2665 2553 2734 ἀνέμων
2584 2662 2823 2733 ἐμϐολὴν
2852 2662 3081 2730 γίνεται,
3117 2660 3261 2713 οὕτω
3291 2663 3383 2713 καὶ
3410 2663 3468 2713 ὲν
3505 2663 3678 2733 ψυχῇ,

2102 2758 2237 2813 ἀλλὰ
2270 2758 2423 2827 παρὰ
2458 2757 2557 2827 τὴν
2591 2756 2762 2825 αὐτῆς
2803 2754 3096 2824 ρᾳθυμίαν.
3138 2754 3237 2807 Ἂν
3276 2755 3385 2823 γὰρ
3418 2756 3493 2823 μὴ
3537 2756 3679 2826 αὐτη

418 2846 617 2915 gentia.
660 2844 715 2899 Si
770 2847 912 2900 enim
964 2846 1231 2900 ﬂammam
1298 2862 1402 2900 non
1454 2851 1735 2914 accendat,
1785 2850 1988 2919 nisiqne

2101 2852 2281 2920 ἁνάψῃ
2310 2852 2409 2919 τὴν
2439 2849 2636 2917 φλόγα,
2664 2848 2731 2900 ἂν
2767 2848 2841 2917 μὴ
2869 2865 2896 2898 τ
2906 2846 3076 2917 ροφήν
3114 2846 3189 2916 δῷ
3211 2846 3290 2915 τῷ
3320 2846 3472 2917 πυρὶ,
3502 2846 3568 2899 ἂν
3602 2848 3677 2917 μή

416 2940 526 3009 igni
591 2940 875 2993 materiam
933 2941 1190 3008 praebeat,
1228 2940 1329 2994 nisi
1390 2941 1685 2995 formarum
1741 2944 1992 2998 curiosus

416 3032 641 3085 exsistat
665 3041 959 3099 spectator,
988 3032 1088 3085 nisi
1113 3033 1345 3085 alienam
1404 3033 1654 3087 sollicitet
1686 3034 1994 3102 pulchritu-

417 3123 620 3187 dinem,
644 3122 746 3175 nisi
784 3122 943 3175 adeat
979 3122 1312 3189 spectacnla,
1342 3122 1429 3175 ubi
1468 3123 1808 3191 voluptatum
1865 3123 1990 3192 plu-

418 3212 552 3265 rima
618 3221 747 3265 sunt
797 3212 849 3265 in
897 3213 1122 3266 theatris
1181 3213 1559 3277 invitamenta,
1602 3214 1705 3267 nisi
1756 3214 1995 3284 denique

417 3302 627 3356 deliciis
652 3318 868 3355 carnem
895 3304 1128 3371 saginet,
1154 3305 1255 3358 nisi
1301 3304 1629 3357 intellectum
1666 3305 1815 3360 velut
1836 3308 1988 3359 auri-

418 3407 539 3461 gam
572 3392 695 3444 vino
720 3392 1052 3458 deposuerit,
1089 3407 1184 3444 seu
1242 3394 1584 3455 demerserit,
1615 3394 1829 3446 ﬂamma
1862 3410 1993 3450 sane

417 3496 523 3534 tton
557 3481 790 3543 tolletur,
827 3480 989 3551 683
1017 3496 1145 3550 pyra
1186 3496 1290 3534 non
1320 3484 1555 3549 ardebit,
1588 3483 1697 3536 fera
1724 3484 1979 3539 vitiorum

419 3571 697 3624 molestior
723 3585 827 3623 non
892 3572 1106 3634 evadet,
1152 3586 1256 3623 non
1321 3572 1554 3642 denique
1605 3573 1991 3643 perfringetur,

416 3663 565 3717 velut
604 3662 805 3731 ingenti
848 3664 1123 3716 turbinum
1156 3663 1375 3731 impetu,
1410 3667 1603 3719 mentis
1651 3666 1882 3735 puritas,

441 3768 1023 3837 CDXIll.—ZOblM0,
1060 3770 1509 3837 CIIIEREMONI,
1549 3772 1633 3827 ET
1670 3772 1956 3827 MARUNI.

2090 2943 2189 3004 τὰς
2212 2940 2522 3010 εὐμόρφους
2561 2939 2711 3007 δψεις
2737 2938 3194 3007 πολυπραγμονῇ,
3232 2936 3299 2990 ἂν
3328 2937 3402 3007 μὴ
3427 2938 3495 2989 τὰ
3524 2938 3678 2990 ἁλλό-

2090 3049 2218 3101 τρια
2251 3031 2424 3099 κάλλη
2465 3026 2929 3098 περιεργάζηται,
2964 3027 3031 3080 ἂν
3069 3027 3144 3098 μὴ
3182 3028 3261 3091 είς
3299 3026 3500 3097 θέατρα
3545 3028 3678 3080 ἔνθα

2091 3122 2198 3175 τῶν
2221 3120 2426 3191 ἡδονῶν
2443 3122 2498 3173 αί
2534 3119 2757 3187 νιφάδες
2780 3118 3069 3190 ἀναϐαίνῃ,
3087 3117 3154 3171 ἂν
3180 3118 3255 3188 μὴ
3283 3119 3471 3189 πιαίνῃ
3495 3121 3674 3188 τρυφῇ

2090 3210 2189 3281 τὴν
2221 3211 2417 3279 σάρκα,
2450 3209 2517 3262 ἂν
2554 3210 2628 3279 μὴ
2670 3206 3045 3279 καταποντίζῃ
3077 3208 3205 3276 οἴνῳ
3235 3206 3327 3260 τὸν
3358 3206 3675 3277 ἡνιοχοῦντα

2093 3301 2384 3371 λογισμὸν,
2430 3301 2531 3354 οὐκ
2578 3300 2793 3371 αἴρεται
2840 3300 2873 3368 ή
2938 3298 3101 3366 φλὸξ,
3149 3298 3251 3351 οὐκ
3292 3298 3591 3351 ἁνάπτεται
3640 3300 3673 3367 ἡ

2093 3394 2262 3463 πυρὰ,
2318 3392 2377 3445 οὐ
2433 3392 2640 3459 γίνεται
2690 3388 3105 3460 ἀργαλεώτερον
3134 3388 3195 3440 τὸ
3223 3388 3430 3457 θηρίον,
3464 3388 3525 3439 οὐ
3558 3387 3674 3439 δια-

2091 3484 2354 3535 κόπτεται
2409 3482 2662 3551 καθάπερ
2707 3482 2811 3534 ὑπὸ
2865 3480 3191 3551 πνευμάτων
3250 3480 3521 3551 ραγδαίων
3573 3478 3672 3548 τῆς

2089 3573 2327 3635 διανοίας
2353 3575 2386 3642 ἡ
2414 3571 2743 3641 καθαρότης.

2196 3773 2341 3827 Υ1Γ’.
2380 3802 2450 3813 -—
2481 3772 2764 3842 ΖΩΣΙΜῼ,
2806 3770 3194 3824 ΧΑΙΡΗΜΟΝΙ
3219 3809 3234 3833 ,
3279 3766 3562 3823 ΜΑΡΩΝΙ.

1037 3875 1112 3930 De
1140 3879 1247 3930 vini
1274 3894 1372 3932 usu
1399 3879 1746 3947 disputatum.
1783 3878 2071 3935 Ebrietatis
2101 3881 2262 3935 mala.
2291 3880 2524 3951 (Confer.
2562 3877 2719 3947 epist.
2750 3878 2820 3932 45
2846 3890 2893 3931 et
2926 3878 3037 3941 75.)

486 3982 857 4049 Vitis,Gr:cce
910 3984 1129 4054 ἠμερίς,
1184 3984 1324 4037 mitts
1376 3987 1541 4049 dicta,
1598 3989 1738 4054 quod
1796 3988 1981 4040 vinum

413 4077 660 4131 mitiores
689 4092 809 4139 nos,
842 4077 886 4131 si
915 4077 1145 4145 tempori
1179 4092 1243 4132 ac
1265 4079 1540 4132 moderate
1567 4090 1835 4144 sumatur,
1864 4081 1986 4134 red-

2168 3988 2447 4058 Ἀμπελος
2501 3987 2709 4055 ἡμερὶς
2770 3986 3033 4053 λέγεται,
3091 3987 3239 4055 παρά
3291 3986 3352 4039 τὺ
3429 3987 3665 4057 ἡμεροῦν

2090 4082 2123 4150 ή
2135 4082 2238 4149 μᾶς
2252 4078 2363 4150 (51)
2380 4080 2471 4131 τὸν
2485 4073 2647 4143 οἶνον,
2670 4077 2899 4147 καιρίως
2918 4077 3012 4130 καὶ
3030 4077 3267 4147 μετρίως
3284 4078 3663 4147 προσφερόμε-

414 4168 527 4222 dat.
554 4167 737 4223 Fidem
773 4168 917 4221 enim
982 4182 1335 4236 amoremque
1391 4176 1630 4221 mutuum
1680 4171 1985 4226 hominibus

2101 4186 2195 4223 ιον·
2236 4169 2420 4221 πίστιν
2449 4185 2509 4220 τε
2534 4168 2642 4238 γάρ
2689 4166 2994 4237 ἀνθρώποις
3020 4167 3116 4220 καὶ
3154 4167 3335 4233 φιλίαν
3381 4168 3663 4238 ὁμηρεύει,

411 4256 690 4317 conciliat,
740 4254 940 4309 laetitiae
997 4256 1161 4309 etiam
1217 4269 1377 4308 causa
1434 4266 1536 4322 est,
1582 4265 1636 4310 et
1694 4274 1982 4313 mmrorem

412 4354 760 4411 averruncat,
804 4345 1071 4413 ignaviam
1127 4346 1391 4413 excitans,
1428 4362 1488 4402 ac
1548 4349 1768 4418 pellens.
1801 4350 1985 4418 ASgris

411 4454 567 4509 opem
596 4438 759 4491 variis
798 4437 851 4491 in
894 4438 1097 4491 morbis
1124 4435 1374 4501 ali‘erens,
1394 4440 1541 4493 sanis
1574 4454 1701 4494 vero
1720 4440 1983 4494 valetudi-

413 4542 533 4584 nem
568 4538 746 4583 tuetnr
778 4536 938 4597 atque
968 4538 1276 4582 conservat.
1313 4526 1369 4582 Si
1433 4528 1613 4598 itaque
1657 4531 1780 4599 quis
1810 4531 1939 4585 illud
1966 4547 1983 4586 :

416 4616 489 4672 Ne
516 4617 642 4685 quid
669 4616 851 4679 nimis,
882 4625 936 4669 et
971 4618 1162 4670 modus
1191 4617 1450 4686 optimus,
1471 4618 1747 4688 negligens
1778 4619 1830 4673 in
1858 4619 1983 4674 vino

2089 4260 2425 4332 εὐφροσύνης
2455 4278 2515 4313 τε
2556 4260 2727 4321 αἴτιος
2750 4296 2765 4323 ,
2805 4257 3037 4321 πένθους
3070 4257 3542 4329 ἀλεξιφάρμακον,
3572 4259 3662 4313 καὶ

2092 4352 2362 4425 ῥᾳθυμίας
2417 4350 2761 4421 ἀναιρετικὸν
2808 4350 3099 4420 τυγχάνει·
3151 4349 3248 4403 καὶ
3298 4350 3515 4403 νοσοῦσι
3566 4350 3663 4418 μὶν

2092 4443 2343 4515 βοήθημα
2374 4442 2580 4496 άπλοῦν
2610 4444 2743 4512 (52),
2776 4442 3038 4496 ποικίλων
3066 4459 3126 4494 τε
3156 4440 3349 4493 παθῶν
3374 4441 3659 4494 παιώνιον

2089 4534 2390 4602 ὑγιαίνουσι
2434 4534 2493 4587 δὲ
2530 4533 2793 4604 ἔρεισμα,
2826 4532 2923 4586 καὶ
2953 4530 3055 4600 τῆς
3092 4530 3305 4598 ὑγιείας
3351 4532 3657 4601 τηρητικόν.

2088 4624 2150 4676 El
2168 4623 2225 4676 δέ
2240 4641 2323 4687 τις
2338 4624 2421 4687 τὸ,
2456 4643 2475 4674 ι
2491 4623 2654 4694 μηδὲν
2673 4622 2834 4691 άγαν,
2850 4641 2868 4673 ι
2890 4621 2985 4675 καὶ
3005 4621 3089 4683 τὸ,
3120 4621 3367 4690 «Μέτρον
3387 4621 3653 4691 ἄριστον.»

408 4707 796 4774 debacchetur,
817 4706 1042 4775 injurias
1098 4708 1418 4773 vindicabit,
1454 4717 1510 4763 et
1551 4719 1712 4778 caput
1763 4711 1979 4778 quidem

2101 4715 2359 4784 ὶτιμάσας
2417 4715 2800 4787 παροινήσειεν
2855 4713 2936 4775 είς
2984 4711 3167 4777 αὑτὸν,
3222 4711 3512 4781 ἀμυνεῖται
3565 4719 3660 4779 τὴν

414 4808 760 4867 temporaque
793 4798 1163 4862 conturbabit.
1197 4800 1359 4853 robur
1416 4802 1733 4871 exagitabit,
1761 4816 1984 4871 corpus-

411 4903 517 4957 que
541 4891 675 4944 adeo
705 4899 870 4944 totum
905 4892 1074 4946 solvet
1103 4910 1117 4959 ;
1161 4907 1353 4946 manus
1417 4894 1687 4961 pedesque
1722 4894 1983 4960 vinciens,

410 4980 620 5049 aliaque
659 4980 741 5034 his
773 4983 943 5051 magis
973 4986 1135 5037 etiam
1164 4984 1417 5045 absurda,
1452 4998 1519 5036 ne
1569 4983 1712 5037 dictu
1769 4986 1983 5053 quidem

411 5071 633 5127 honesta
659 5071 861 5138 :nli‘crct,
896 5083 1057 5141 atque
1082 5072 1269 5128 amicis
1296 5071 1445 5140 juxta
1476 5080 1527 5126 et
1556 5071 1787 5129 inimicis
1822 5075 1985 5130 risum

411 5166 707 5220 exhibebit.

2090 4803 2267 4874 ὓϐριν·
2306 4804 2402 4859 καὶ
2428 4804 2671 4874 κεφαλὴν
2705 4802 2804 4873 μὲν
2836 4803 2929 4855 καὶ
2968 4802 3274 4871 κροτάφους
3310 4801 3656 4868 σφακελίσει,

2088 4895 2187 4965 τήν
2222 4895 2279 4947 δὲ
2310 4894 2500 4965 ῥώμην
2528 4893 2792 4948 ἀπελάσει
2813 4932 2826 4957 ,
2864 4892 2959 4946 καὶ
2993 4894 3101 4945 πᾶν
3133 4891 3195 4943 τὸ
3226 4892 3389 4961 σῶμα
3426 4891 3654 4944 ἑκλύσει·

2088 4986 2274 5055 χεῖρας
2297 4985 2352 5037 δὲ
2387 4983 2481 5037 καὶ
2516 4984 2684 5046 πόδας
2715 4983 2881 5053 δήσας
2915 4982 3019 5051 (τά
3050 4981 3158 5051 γὰρ
3189 4980 3326 5034 ἄλλα
3356 4981 3425 5034 τὰ
3460 4980 3656 5033 τούτων

2088 5073 2429 5144 ἀτοπώτερα,
2461 5074 2581 5126 οὐδὲ
2619 5073 2799 5141 λέγειν
2848 5070 3055 5141 καλὸν),
3098 5070 3413 5141 παραδώσει
3440 5072 3534 5125 καὶ
3572 5069 3654 5139 qia

2089 5165 2199 5229 λοις
2232 5166 2324 5219 καὶ
2353 5166 2565 5235 ἐχθροῖς
2596 5167 2674 5228 είς
2710 5165 2939 5232 γέλωτα.

1510 5318 1743 5374 VARUE
1782 5318 2163 5377 LECTIONES
2197 5320 2286 5375 ET
2323 5319 2552 5375 NOTAE.

476 5476 586 5542 (Ἠ)
620 5474 903 5544 -ᾟμερὶς,
965 5474 1259 5539 ἄμπελος,
1314 5475 1430 5526 ἀπὸ
1485 5474 1589 5527 τοῦ
1644 5474 1968 5544 ἐξημεροῦν

410 5540 588 5609 ἡμᾶς.
620 5540 935 5610 licsyuhlns,
973 5545 1238 5597 Homerus
1261 5544 1455 5612 Odyss.
1492 5544 1550 5604 E,
1580 5560 1720 5598 vers.
1746 5540 1868 5598 60"

525 5632 743 5697 Ἠμερῖς
780 5631 1045 5695 ἡϐώωσα,
1089 5632 1322 5696 τεθήλει
1354 5633 1417 5684 δὲ
1451 5632 1819 5702 σταφυλῇσι.

2204 5474 2337 5529 Vitis
2362 5476 2641 5542 pubescens
2664 5474 2884 5542 ﬂorebat
2917 5490 3033 5527 vero
3074 5476 3208 5529 uuis.
3242 5474 3483 5531 Seston.

2164 5564 2278 5635 (52)
2304 5563 2426 5635 Post
2464 5562 2863 5635 dnloﬁy‘codd.
2903 5564 3026 5618 Vat.
3058 5566 3176 5635 650‘
3201 5576 3256 5621 et
3296 5568 3407 5621 Alt.
3461 5564 3647 5621 addunt

2094 5631 2192 5704 μὲν
2225 5631 2281 5689 et
2308 5633 2368 5686 τὲ
2394 5644 2518 5689 ante
2555 5632 2741 5687 παθῶν
2783 5644 2992 5688 mutant
3040 5636 3092 5689 in
3122 5631 3201 5688 δέ.
