3974 6144
362 280 500 347 1573

821 386 965 442 ΥιΔο.
1005 419 1075 430 -
1112 390 1431 460 Αεοῖςτιῼ.

1233 277 1763 340 EPISTOLARU'M
1800 277 1945 339 LIB.
1995 279 2066 342 V.
2101 302 2172 313 —
2202 277 2438 340 EPIST.
2473 278 2784 342 CDXVIII.

1943 403 1992 460 Α

3455 272 3586 339 15τὲ

2479 387 2639 442 CDXI
2653 391 2713 443 ν.
2730 419 2800 431 υ-
2814 386 3128 447 LEONTIO.

1252 500 1330 553 De
1354 500 1558 554 virtutis
1584 497 1840 552 utilitate.
1867 497 2103 568 (Confer.
2136 501 2287 569 epist.
2315 500 2419 556 406
2446 512 2493 556 et
2540 501 2690 572 407.)

432 613 496 664 Ἦ
525 609 695 682 ἀρετὴ
747 608 998 664 τοσοῦτον
1037 609 1230 680 ἀπέχει
1274 608 1370 662 τοῦ
1404 609 1513 664 ἀπὺ
1548 608 1656 662 τῶν
1689 607 1920 678 μεταϐο-

347 705 456 758 λῶν
498 702 848 772 ἐλέγχεσθαι,
874 701 955 754 ὅτι
979 699 1078 754 καὶ
1103 702 1293 763 αὑταῖς
1319 699 1419 764 τάς
1450 698 1766 772 πρεπούσας
1797 699 1920 752 ἔπι-

346 794 616 847 ϐάλλουσα
650 793 808 862 ἡνίας
843 791 1056 846 εὐθύνει
1100 792 1238 864 πρὸς
1272 791 1335 844 τὸ
1383 791 1523 846 δέον.
1563 790 1654 861 Τῷ
1687 791 1786 861 μὲν
1812 789 1922 861 γάρ

344 885 562 954 πλούτῳ
611 883 674 936 τὸ
725 883 1068 952 οἰκονομικὸν
1115 883 1414 952 συγκιρνᾷ,
1451 884 1518 953 τῇ
1572 881 1630 934 δὲ
1671 879 1798 950 δόξῃ
1822 880 1924 951 τὴν

349 975 699 1048 μετριότητα·
731 975 827 1028 καὶ
873 977 940 1044 τῇ
985 975 1084 1044 μὲν
1121 974 1266 1044 ἀρχῇ
1312 973 1412 1043 τὴν
1443 970 1700 1040 ἀτυφίαν.
1735 971 1814 1041 Τῇ
1866 969 1924 1022 δὲ

349 1065 508 1136 πενίᾳ
546 1064 647 1134 τὴν
676 1064 944 1135 ἀνδρείαν,
983 1065 1045 1117 Εί
1087 1063 1269 1116 τοίνυν
1306 1063 1400 1115 καὶ
1439 1061 1551 1114 τῶν
1579 1065 1921 1132 πραγμάτων

344 1156 472 1217 τοὺς
523 1153 928 1224 νεωτερισμοὺς
980 1153 1135 1222 νικᾷ,
1192 1151 1288 1206 καὶ
1337 1151 1582 1218 ἀοίδιμον
1646 1149 1924 1203 κάνταῦθα

346 1246 459 1317 ἔχει
499 1249 723 1300 κάκεῖσε
770 1245 882 1312 ἔξει
910 1244 972 1298 τὸ
1003 1245 1157 1308 κλέος
1181 1285 1195 1305 ,
1225 1245 1366 1298 διατί
1396 1243 1473 1314 μὴ
1505 1243 1708 1312 ταύτην
1740 1243 1922 1295 ἀσπα-

348 1336 580 1407 ξὸμεθας

655 1529 801 1584 ΥΙΕ’.
839 1557 912 1569 -ι-
944 1527 1273 1599 ΑΡΠΟΚΡᾼ
1309 1527 1615 1600 ΣΟΦΙΣΤῌ.

2097 609 2278 664 Virtus
2311 619 2517 665 tantum
2543 611 2697 666 abest
2725 620 2784 665 ut
2812 619 3065 679 tanquam
3109 623 3287 664 rerum
3317 609 3594 666 vicissitu-

2023 697 2165 752 dinis
2185 699 2252 752 sit
2282 714 2443 754 causa
2467 699 2782 766 iudicanda,
2809 708 2870 753 ut
2900 698 3030 766 ipsis
3075 699 3238 753 etiam
3263 702 3595 755 convenien-

2026 789 2100 843 tia
2129 789 2412 858 imponens
2443 791 2596 846 frena
2635 790 2834 859 dirigat
2881 791 2949 844 ad
2980 788 3214 844 oﬂicium
3261 789 3592 846 faciendum.

2026 879 2191 934 Diviti
2239 881 2382 935 enim
2447 880 2666 936 familia:
2727 882 2972 951 regendae
3020 893 3264 934 normam
3313 891 3594 951 temperat,

2026 971 2208 1040 gloriae
2235 972 2450 1027 modum
2482 972 2786 1040 imponens,
2819 973 2885 1026 iis
2915 971 3010 1041 qui
3059 981 3298 1039 praasunt
3325 987 3389 1027 ac
3420 973 3595 1043 magi-

2028 1062 2220 1116 stratui
2251 1078 2319 1119 ne
2348 1071 2618 1132 turgescat
2647 1061 2819 1130 fastu;
2856 1066 3079 1133 pauperi
3103 1079 3229 1120 vero
3258 1065 3406 1119 addit
3437 1063 3595 1119 forti-

2031 1149 2290 1204 tudinem.
2318 1151 2497 1218 Quare
2523 1151 2566 1207 si
2612 1167 2794 1206 rerum
2844 1167 3101 1206 novarum
3150 1154 3388 1208 studium
3436 1167 3597 1222 supe-

2022 1250 2125 1307 rat,
2153 1251 2316 1311 atque
2345 1244 2397 1298 in
2429 1244 2530 1298 hac
2576 1244 2842 1299 celebrem
2883 1245 3065 1307 habet,
3101 1245 3153 1299 in
3181 1245 3460 1315 alteraque
3482 1247 3592 1299 vita

2018 1329 2244 1398 gloriam
2275 1343 2661 1404 consequetur,
2695 1336 2884 1405 quidni
2916 1337 3057 1391 hanc
3085 1335 3246 1406 igitur
3293 1336 3596 1405 amplecti-

2019 1439 2142 1478 mur
2156 1424 2194 1494 τ,

2270 1530 2566 1587 CDXV.—
2583 1531 2976 1589 HARPOCRJE
3011 1532 3338 1590 RHETOBI.

351 1625 620 1679 Hortatur
643 1634 700 1678 ut
729 1624 901 1678 amico
932 1638 1160 1688 mortuo,
1189 1640 1291 1677 non
1325 1633 1534 1677 mortua
1579 1630 2130 1746 pgttufutonuntentt’tl,
2159 1625 2494 1746 zeddfimebri
2519 1643 2638 1681 eum
2661 1640 2807 1682 ornet
2845 1629 3102 1684 oratione.
3133 1627 3398 1696 Epitapltit'
3448 1628 3597 1695 λόγοι

1650 1707 1716 1746 ιω
1741 1707 1809 1744 τοι
1841 1707 2051 1746 nomine
2123 1711 2152 1746 a
2192 1709 2254 1746 en
2296 1711 2334 1746 ι.

1650 1707 1809 1761 upuct
1841 1707 2051 1746 nomine
2083 1707 2334 1748 naoenat.

417 1801 498 1853 Τὰ
548 1801 644 1870 μὲν
699 1799 791 1853 ἐπὶ
839 1801 957 1864 ταῖς
1007 1801 1204 1867 ταφαῖς
1249 1800 1362 1861 τοῖς
1414 1797 1766 1868 ἀφιλοσόφοις
1821 1798 1950 1854 καὶ]

2086 1802 2222 1857 Aliis
2268 1803 2618 1873 relinquenda
2650 1817 2774 1860 sunt
2797 1819 2861 1860 ea
2892 1820 3011 1875 qua:
3048 1805 3350 1874 sepulchris
3385 1809 3597 1864 rudium

348 1891 728 1960 ἀπειροκάλως
775 1890 1006 1943 εἰωθότα
1070 1887 1442 1959 πληροῦσθαι,
1491 1888 1672 1951 ἄλλοις
1715 1890 1922 1944 ἐατέον.

350 1982 422 2034 Σὺ
449 1983 506 2034 δὲ
543 1983 662 2044 ταῖς
695 1980 1102 2051 ἐντελεστέραις
1141 1979 1436 2050 εὐφημίαις
1480 1979 1796 2048 περίστελλε
1833 1979 1925 2032 τὸν

353 2072 696 2141 μεταστάντα
718 2109 734 2133 ,
778 2071 872 2124 καὶ
908 2073 1020 2133 τοῖς
1054 2069 1274 2132 ἀσύλοις
1321 2071 1415 2122 καὶ
1453 2069 1930 2140 πρεπωδεστάτοις

352 2162 627 2230 ἐνταφίοις
659 2161 855 2232 κόσμει
875 2199 891 2227 ,
926 2160 1026 2231 τὴν
1053 2160 1148 2212 τοῦ
1181 2160 1339 2228 λόγου
1367 2159 1707 2229 δωρούμενος
1743 2160 1924 2230 χάριν·

356 2249 443 2303 ῐνα
474 2252 720 2304 κάκεῖνον
749 2252 985 2324 τιμήσῃς
1003 2291 1018 2316 ,
1049 2250 1142 2304 καὶ¹
1171 2250 1300 2313 τοὺς
1327 2249 1448 2318 μεθ’
1479 2250 1628 2319 ἡμᾶς
1652 2251 1733 2312 εἰς
1766 2249 1925 2320 ζῆλον

351 2342 584 2413 ἀγάγῃς.

601 2449 765 2516 rtq'.
795 2478 868 2489 —
894 2448 1084 2520 ΓΕΣΙῼ
1130 2446 1686 2518 ΠΟΛΙΤΕΥΟΜΕΝῼ.

2027 1893 2305 1947 hominum
2344 1904 2510 1963 atque
2545 1896 2850 1963 ineptorum
2885 1898 3089 1966 impoai
3144 1899 3340 1954 solent.
3358 1899 3436 1953 Tu
3470 1915 3598 1954 vero

2025 1986 2493 2054 apprecationibus
2517 2002 2844 2057 prosequere
2873 1990 3279 2054 defunctum,et
3319 1991 3597 2061 sepultura

2025 2092 2054 2130 a
2096 2078 2272 2145 praeda
2299 2077 2523 2132 immuni
2576 2092 2642 2133 ac
2693 2079 3077 2134 decentissima
3123 2096 3349 2148 exorna,
3380 2082 3599 2136 dicendi

2019 2167 2290 2221 adhibens
2319 2169 2572 2238 gratiam,
2607 2180 2664 2222 ut
2704 2179 2756 2224 et
2785 2169 2932 2223 illum
2967 2170 3200 2226 honores
3232 2173 3298 2227 ad
3331 2172 3599 2227 imitatio-

2027 2271 2258 2327 nemque
2284 2268 2530 2328 posteros
2559 2261 2846 2316 accendas.

2118 2456 2353 2516 CDXVI.
2367 2459 2653 2516 —GESIO
2700 2461 2906 2520 liEMP.
2939 2463 3507 2524 ADMINISTRANTL

1629 2540 1656 2592 1
1667 2539 1898 2609 njuriam
1929 2548 2316 2605 remittendam.

424 2650 489 2703 Εί
509 2650 603 2704 καὶ
622 2650 972 2722 νενικημένος
1002 2649 1093 2719 ὑφ’
1119 2641 1195 2703 ὧν
1237 2647 1516 2713 πέπονθας
1539 2687 1554 2713 ,
1586 2647 1744 2704 οὔπω
1773 2651 1928 2721 νικῆ-

354 2759 446 2796 σαι
473 2742 668 2795 σαυτὸν
698 2743 922 2811 [σχυσας
951 2742 1031 2805 είς
1053 2741 1112 2793 τὸ
1144 2741 1219 2812 μὴ
1249 2739 1582 2810 ἀμύνασθαι,
1610 2740 1748 2794 ἀλλά
1773 2742 1929 2807 δίκας

352 2833 658 2901 ἀπαιτῆσαι
711 2835 802 2885 τὸν
860 2832 1160 2903 ὑϐρίσαντα
1221 2831 1620 2902 ὀνειροπολεῖς·
1687 2832 1924 2902 μάλιστα

357 2927 457 2998 μὲν
493 2926 770 2998 ἀλλότριον
822 2925 978 2978 τοῦτο
1032 2923 1380 2996 Χριστιανοῦ.
1426 2924 1490 2975 Et
1538 2923 1595 2976 δὲ
1639 2923 1718 2994 τῷ
1774 2925 1925 2996 νόμῳ

353 3017 630 3090 ἑπερείδῃ,
661 3017 796 3080 τέως
851 3016 1037 3078 ἔνδος·
1092 3015 1127 3084 ἢ
1177 3015 1285 3084 γὰρ
1340 3017 1368 3066 ὁ
1414 3014 1604 3083 χρόνος
1655 3030 1716 3065 σε
1769 3013 1929 3084 θερα-

352 3109 546 3162 πεύσει
566 3149 580 3173 ,
605 3110 637 3180 ἢ
665 3110 870 3170 ἐκεῖνος
893 3107 1308 3176 ἀπολογήσεται,
1335 3105 1492 3174 είπερ
1516 3104 1750 3174 τοσαύτη
1783 3105 1926 3157 ἐστὶν

354 3203 392 3272 ὴ
418 3203 553 3272 ὀργή
575 3217 588 3230 ·
630 3200 723 3252 καὶ
772 3199 908 3269 μετά
935 3196 1110 3250 ταῦτα
1147 3197 1310 3250 αὑτὸν
1341 3193 1655 3265 ἀμύνασθαι
1683 3194 1923 3265 δύνὴσῃ,

353 3293 506 3344 οὐδὲν
533 3291 638 3343 ὑπὸ
661 3289 752 3341 τοῦ
785 3289 976 3358 χρόνου
1009 3289 1086 3349 είς
1112 3286 1173 3338 τὸ
1218 3286 1292 3357 μὴ
1326 3285 1508 3340 δοῦναι
1544 3285 1699 3355 δίκην
1726 3288 1931 3339 ἐκεῖνον

355 3383 907 3456 παραϐλαπτόμενος.
937 3379 1047 3432 Καὶ
1072 3377 1241 3431 ταῦτα
1266 3379 1364 3449 μὲν
1385 3380 1465 3442 είς
1491 3376 1764 3431 τοσοῦτον.
1796 3376 1931 3430 Εἰπὲ

357 3477 416 3530 δὲ
456 3477 532 3546 τῷ
567 3473 769 3528 σαυτοῦ
808 3472 981 3542 φίλῳο
1030 3470 1183 3524 Ἐλθὲ
1212 3470 1287 3532 ὡς
1317 3472 1463 3541 ἡμᾶς
1484 3509 1500 3531 ,
1534 3469 1567 3540 ἢ
1605 3467 1931 3540 μεταδώσων

358 3560 436 3621 ὧν
462 3567 627 3636 ἔχεις,
666 3565 699 3634 ἢ
744 3561 983 3634 μεθέξων
1023 3555 1097 3615 ὧν
1123 3562 1222 3614 οὐκ
1251 3560 1411 3630 ἔχεις.
1455 3559 1528 3612 Σὺ
1577 3560 1675 3630 μὲν
1708 3559 1816 3630 γὰρ
1844 3575 1932 3611 σο-

360 3657 490 3726 φίαν
545 3656 686 3725 ἔχειν
736 3653 840 3724 φὴς
891 3651 1284 3724 μεγαληγορεῖν
1339 3650 1399 3702 οὐ
1458 3651 1922 3721 παραιτουμένην,

361 3750 522 3817 ⁴ἡμεῖς
563 3748 618 3799 δέ
661 3763 837 3816 φαμεν
867 3744 1122 3814 ἀλήθειαν
1147 3742 1409 3811 ἁπλότητι
1458 3742 1553 3793 καὶ
1597 3740 1734 3793 αἰδοῖ
1778 3757 1936 3794 κεκο-

367 3837 674 3907 σμημένην.
713 3838 784 3888 Ἢ
821 3836 929 3906 γὰρ
959 3835 1260 3904 κρείττοσιν
1301 3831 1571 3902 εὑρεθεῖσι
1599 3831 1933 3884 κατακολου-

365 3927 555 3996 θήσεις
592 3926 916 3997 ἄσμενος,ἢ
957 3925 1246 3994 ἐπανήξεις
1287 3923 1470 3977 οἶκαδε
1514 3921 1682 3992 μηδὲν
1723 3921 1934 3993 ζημιω-

365 4017 498 4081 θείς.

610 4125 758 4180 ΥιΖι.
803 4152 875 4164 ——
923 4124 1172 4194 ΖΩΣΙΜῼ
1221 4121 1688 4192 ΠΡΕΣΒΥΤΕΡῼ.

2103 2659 2159 2714 Si
2182 2671 2405 2731 accepta
2429 2661 2603 2717 victus
2649 2663 2845 2732 injuria
2874 2680 2904 2718 a
2941 2677 2992 2721 te
3039 2667 3330 2738 impetrare
3357 2673 3484 2742 quin
3516 2676 3602 2730 ul-

2029 2751 2239 2806 ciscare
2287 2768 2394 2807 non
2441 2765 2613 2821 potes,
2644 2756 2739 2810 sed
2779 2756 3060 2811 laedentem
3113 2763 3305 2828 punire
3359 2765 3600 2821 animum

2029 2841 2307 2896 induxeris
2351 2852 2526 2909 tuum,
2574 2848 2807 2900 maxime
2837 2846 2890 2900 id
2927 2857 3012 2902 est
3060 2865 3088 2902 a
3132 2849 3442 2908 Christiano
3498 2857 3602 2911 bo-

2028 2933 2172 2986 mine
2202 2932 2463 2988 alienum.
2496 2933 2644 3000 Quod
2669 2937 2711 2990 si
2731 2937 2937 3005 legibus
2965 2940 3180 2996 assidue
3211 2943 3458 2999 decertes
3485 2946 3604 3018 (vel

2025 3023 2168 3077 enim
2203 3031 2414 3093 tempus
2444 3027 2535 3080 tibi
2583 3029 2902 3094 medebilur,
2922 3031 3004 3084 vel
3051 3033 3161 3100 ipse
3193 3049 3253 3089 se
3316 3035 3593 3106 defendet,

2031 3115 2074 3167 si
2108 3121 2251 3168 tanta
2275 3123 2360 3169 est
2393 3115 2508 3187 ira)
2534 3126 2588 3170 et
2627 3128 2812 3185 postea
2857 3119 3044 3176 ulcisci
3097 3125 3324 3192 poteris,
3356 3138 3601 3198 tempore

2033 3205 2131 3272 ipsi
2163 3221 2266 3261 non
2298 3207 2620 3276 opitulante,
2647 3211 2937 3277 quominus
2975 3215 3066 3269 det
3085 3215 3177 3270 tibi
3212 3221 3604 3296 pientis.“

2031 3297 2098 3351 Et
2126 3299 2240 3352 haec
2268 3299 2483 3367 quidem
2525 3301 2808 3358 hactenus.
2837 3303 2932 3358 Dic
2980 3307 3158 3362 amico
3201 3316 3292 3364 tuo
3323 3327 3338 3365 :
3372 3309 3504 3366 Veni
3531 3315 3600 3369 ad

2032 3403 2137 3455 me,
2171 3389 2257 3443 vel
2289 3393 2794 3449 communicaturus
2824 3409 2943 3464 qua:
2983 3397 3170 3462 habes,
3205 3399 3287 3454 vel
3349 3413 3599 3471 receptu-

2030 3495 2122 3535 rus
2157 3495 2266 3550 quo
2295 3495 2472 3537 cares.
2504 3484 2524 3503 ‘
2560 3481 2639 3536 Tn
2694 3485 2997 3554 sapientem
3041 3502 3165 3542 esse
3200 3491 3460 3558 praedicas
3507 3494 3598 3562 qui

2033 3572 2318 3642 magniﬁce
2353 3588 2414 3628 se
2436 3573 2626 3642 jactat,
2664 3589 2763 3629 nec
2800 3577 3009 3630 veniam
3043 3590 3231 3646 poscat
3267 3606 3280 3636 ;
3326 3596 3424 3636 nos
3473 3597 3602 3638 vero

2034 3665 2312 3717 veritatem
2353 3663 2696 3732 simplicitate
2729 3678 2793 3718 ac
2819 3672 3137 3723 verecundia
3192 3672 3440 3725 vestitam
3463 3687 3600 3739 pra!-

2034 3754 2297 3807 dicanms.
2317 3755 2421 3810 Aut
2453 3761 2596 3812 enim
2627 3761 2846 3815 meliora
2876 3763 3090 3816 iuventa
3123 3776 3353 3831 sequere
3405 3763 3601 3827 libens,

2035 3843 2118 3897 vel
2159 3845 2356 3900 redibis
2382 3847 2597 3901 domum
2642 3858 2786 3903 tuam
2827 3850 2960 3903 nihil
3003 3864 3216 3919 passus.

2246 4109 2501 4165 CDXVII.
2538 4142 2608 4151 —
2631 4111 2884 4170 ZOSIMO
2913 4115 3387 4177 PRESBYTEBO.

1081 4216 1142 4270 Ut
1166 4219 1230 4269 sit
1255 4218 1393 4285 frugi
1422 4218 1686 4278 hortatur,
1706 4223 1818 4266 utet
1839 4211 2006 4266 tribus
2031 4224 2172 4278 sequ.
2201 4206 2352 4276 epist.
2386 4216 2433 4260 et
2466 4207 2590 4272 5H,
2619 4208 2744 4270 445,
2777 4208 2902 4263 562.

435 4331 502 4384 Ei
536 4331 634 4400 μὲν
679 4329 835 4400 μόνος
878 4346 957 4384 σοι
991 4333 1018 4383 ὁ
1061 4329 1158 4399 τῆς
1205 4325 1638 4397 φιλοχρηματίας
1671 4323 1808 4394 ἔρως
1837 4323 1932 4377 καὶ

364 4421 572 4492 ἐπῆλθε
601 4423 693 4474 καὶ
715 4417 1068 4486 εἴλεν,οὑκᾶν
1091 4418 1356 4488 τοσαύτην
1386 4415 1538 4487 παρὰ
1579 4414 1797 4468 πάντων
1834 4415 1936 4466 ύπ-

365 4511 560 4581 έμενες
581 4511 817 4582 γραφήν.
857 4509 1072 4580 Ἐπειδὴ
1107 4508 1162 4561 δὲ
1192 4510 1390 4570 πάντες
1420 4509 1478 4560 ὲν
1514 4507 1616 4568 σοὶ,
1651 4504 1726 4567 ὦς
1752 4521 1936 4573 φασιν,

365 4599 678 4670 ἀχορεύτως
715 4599 1073 4670 χορεύσαντες
1101 4594 1264 4664 εἷλον,
1299 4594 1521 4667 μείζονά
1551 4610 1610 4645 σε
1649 4595 1829 4661 πάσης
1854 4609 1937 4644 τι-

369 4691 580 4762 μωρίας
611 4691 943 4761 ἁμαρτάνειν
978 4691 1269 4760 ήγούμενοι
1297 4725 1312 4750 ,
1345 4687 1420 4749 ὡς
1449 4684 1688 4739 ποικίλον
1719 4683 1810 4735 καὶ
1842 4698 1940 4734 πο-

366 4780 647 4850 λύμορφον
689 4781 875 4849 θηρίον
910 4779 1289 4848 ἐκτρέπονται.
1322 4777 1384 4828 Ei
1419 4776 1596 4827 τοίνυν
1626 4773 1799 4843 βούλει
1840 4771 1937 4842 τὴν

363 4870 620 4939 τοιαύτην
656 4869 1060 4941 ἀποτρίψασθαι
1114 4867 1351 4931 ἀδοξίαν,
1383 4865 1451 4918 τὰ
1476 4862 1786 4933 ἀνθρώποις
1812 4863 1936 4931 φιλ-

366 4963 582 5031 αρέτοις
619 4963 895 5031 πρέποντα
918 4961 1011 5014 καὶ
1033 4959 1157 5026 λέγε
1186 4959 1278 5010 καὶ
1307 4958 1532 5024 πρᾶττε.

616 5069 766 5124 Υιιιν.
799 5098 868 5107 -—
897 5067 1192 5136 ΑΥΣΟΝΙῼ
1235 5060 1692 5118 ΚΟΡΙἮΚΤΩΡΙ.

444 5176 686 5245 ’Ἂγαμαί
723 5193 814 5228 σου
846 5177 906 5226 τὸ
935 5173 1094 5242 σοφὸν
1129 5172 1381 5240 φρόνημα
1401 5210 1414 5233 ,
1451 5171 1533 5221 ὅτι
1574 5167 1735 5235 φόϐον
1766 5165 1934 5235 πραύ-

366 5284 493 5336 τητι
531 5267 688 5336 μίξας
722 5268 942 5328 οὐδένας
984 5268 1161 5334 ἔχεις,
1206 5262 1325 5315 οὔτε
1358 5263 1483 5323 τοὺς
1513 5261 1600 5312 διὰ
1645 5261 1736 5312 τὸν
1775 5259 1937 5327 φόϐον

371 5360 696 5430 μισοῦντας,
735 5358 856 5412 οὔτε
889 5361 1015 5420 τοὺς
1041 5357 1129 5409 διὰ
1164 5356 1262 5425 τὴν
1295 5355 1572 5424 πραότητα
1613 5351 1932 5413 πταίοντας

367 5451 505 5504 ἀλλά
538 5467 620 5502 σοι
651 5451 749 5520 τὴν
775 5450 1063 5502 ἀκόλουθον
1092 5449 1287 5515 κρᾶσιν
1319 5443 1673 5498 ἁντιδιδόασιν
1701 5442 1748 5493 oi.
1777 5441 1938 5510 ἀρχό-

370 5558 545 5611 μενοι,
575 5540 896 5612 σωφροσύνῃ
925 5539 1105 5607 φιλίαν
1137 5534 1488 5602 συνάψαντες·
1525 5529 1708 5598 ἐπειδὴ
1737 5530 1842 5598 γὰρ
1871 5531 1937 5582 τὰ

367 5633 620 5685 πλεῖστον
647 5631 738 5683 ἀπ’
762 5629 1004 5699 ἀλλήλων
1021 5624 1316 5679 διεστῶςτα
1342 5623 1629 5690 ἐκέρασας,
1655 5618 1748 5671 καὶ
1779 5618 1930 5670 αὐτοὶ

2112 4314 2224 4369 Nisi
2253 4314 2425 4370 solum
2459 4323 2510 4369 te
2541 4316 2886 4384 pecuniarum
2949 4319 3214 4386 cupiditas
3263 4330 3318 4376 et
3377 4324 3603 4393 cepisset

2039 4414 2094 4460 et
2131 4413 2358 4470 teneret,
2391 4419 2494 4458 non
2532 4406 2666 4459 adeo
2694 4422 2882 4462 omnes
2910 4409 3003 4462 tibi
3053 4410 3225 4464 dicam
3281 4415 3601 4470 scriberent.

2035 4495 2170 4550 Cum
2229 4509 2381 4569 vero,
2410 4505 2469 4549 ut
2529 4494 2730 4560 ferunt,
2771 4511 2962 4553 omnes
3017 4500 3174 4554 simul
3210 4503 3422 4571 agmine
3464 4504 3605 4560 facto

2038 4597 2090 4642 te
2125 4588 2442 4651 invaserint,
2481 4586 2580 4640 rati
2617 4601 2776 4655 supra
2817 4603 3030 4642 omnem
3079 4599 3127 4643 te
3157 4605 3369 4659 ptenam
3427 4593 3603 4648 delin-

2041 4690 2226 4745 quere,
2251 4683 2312 4727 ut
2333 4675 2536 4728 variam
2569 4689 2631 4729 ac
2655 4675 3007 4743 multiplicem
3067 4679 3234 4732 feram
3268 4696 3333 4734 ac
3372 4681 3602 4736 helluam

2038 4777 2088 4820 te
2118 4767 2473 4829 detestantur,
2499 4781 2562 4820 ac
2615 4765 2906 4834 refugiunt.
2954 4767 3104 4822 Hanc
3159 4771 3321 4838 igitur
3375 4771 3417 4824 si
3461 4771 3604 4825 infa-

2037 4860 2199 4914 miam
2223 4859 2374 4926 cupis
2399 4860 2628 4921 evitare,
2652 4859 2818 4912 dicito
2855 4873 2918 4912 ac
2958 4857 3124 4913 facito
3153 4877 3270 4930 quae
3332 4863 3603 4918 hominem

2041 4933 2236 5005 virtute
2265 4950 2544 5018 prteditum
2571 4950 2803 5002 maxime
2833 4951 3043 5004 decent.

2240 5060 2604 5116 CDXVHL—
2621 5058 2925 5114 AUSONIO
2954 5060 3413 5122 CORIiECTORI.

2114 5170 2281 5223 Tuam
2329 5169 2546 5237 quidem
2600 5167 2916 5236 prudentem
2975 5171 3214 5225 admiror
3259 5176 3603 5245 sapientiam,

2041 5263 2180 5328 quod
2217 5270 2415 5312 Illellltll
2464 5256 2782 5326 benignitati
2845 5261 3172 5327 admiscens,
3216 5266 3482 5320 neminem
3509 5269 3605 5322 ha-

2041 5349 2168 5402 beas
2188 5349 2276 5417 qui
2306 5360 2355 5401 te
2379 5348 2458 5402 vel
2495 5346 2562 5399 ob
2597 5351 2793 5396 metum
2818 5347 3014 5411 oderit,
3049 5349 3129 5403 vel
3175 5352 3242 5405 ob
3264 5353 3604 5410 clementiam

2040 5438 2295 5502 offendat,
2327 5439 2419 5492 sed
2447 5439 2646 5493 subditi
2673 5452 2885 5489 omnem
2945 5441 3360 5496 moderationem
3410 5460 3601 5500 conse-

2043 5537 2294 5596 quentes,
2329 5525 2554 5580 aﬂ'ectns
2583 5531 2876 5597 rependant
2911 5547 3030 5584 cum
3089 5535 3442 5600 temperantia
3469 5540 3604 5588 ami-

2041 5620 2222 5672 citiam
2277 5617 2691 5688 conjungentes.
2749 5621 2882 5675 Cum
2951 5624 3178 5679 misceas
3229 5628 3604 5696 concinneque
