3974 6144
347 271 480 344 1577
1215 263 1748 341 EPISTOLARUM
1788 267 1932 338 LIB.
1972 267 2041 338 ’v.
2076 299 2150 313 --
2187 277 2421 338 EPIST.
2455 279 2818 344 coxxvm.
3141 305 3146 309 -
3454 271 3588 355 1573

343 399 414 450 τά
444 397 677 466 τρόπαια
709 393 966 457 πολλάκις
998 391 1179 463 ἵστησι
1201 433 1216 458 ,
1263 392 1373 446 τῶν
1411 392 1622 462 ὲχθρῶν
1647 391 1785 460 πρὸς
1804 392 1908 490 ῖκε-

2025 400 2226 460 ιιορειιει
2254 382 2724 460 srepc‘constituit,
2757 382 3000 449 hostibus
3029 395 3302 466 supplices
3329 401 3591 490 tendenti-

345 485 468 540 σίαν
509 485 830 556 χωρούντων
873 483 966 537 καὶ
1008 483 1480 555 πρεσϐευομένων.
1541 483 1692 534 Ἐπεὶ
1733 482 1908 535 τοίνυν

2023 482 2122 536 bus
2150 496 2360 547 manus,
2388 479 2828 554 iegationemque
2869 487 3226 545 mittentibus.
3262 490 3396 546 Cum
3429 479 3593 563 igitur

342 575 517 631 ταῦτα
551 576 680 647 παρ’
713 577 868 646 ἡμῶν
899 575 1185 644 ὀφείλοντα
1218 575 1466 643 γενέσθαι
1501 575 1641 628 κατὰ
1667 572 1775 625 τῶν
1799 572 1908 625 δαι-

2022 574 2136 628 haec
2173 574 2355 628 omnia
2405 589 2433 628 a
2482 576 2640 631 nobis
2667 577 2900 633 debeant
2938 580 3058 636 ﬁeri
3103 583 3363 639 adversus
3391 585 3592 642 da'mo-

341 668 546 737 μόνων,
594 667 655 719 ού
683 666 909 734 γίνεται·
948 668 1016 720 ’σὺ
1049 666 1153 737 γὰρ
1193 667 1309 736 μετ’
1333 663 1580 735 ἀλλήλων
1624 663 1746 716 κατ’
1771 663 1908 716 ὲκεί-

2022 680 2137 730 ues,
2173 678 2277 723 nec
2309 667 2440 721 tian't
2464 668 2594 736 (non
2624 669 2767 723 enim
2808 669 2952 727 inter
2993 685 3092 727 nos
3119 683 3304 729 contra
3341 674 3465 740 bos,
3497 679 3590 732 sed

340 777 468 823 νων,
497 758 634 812 ἀλλὰ
659 760 777 814 κατ’
799 757 1046 829 ἀλλήλων
1077 758 1193 828 μετ’
1214 755 1438 810 ἐκείνων
1466 753 1879 826 στρατευόμεθα
1896 768 1908 783 ·

2022 756 2071 811 in
2100 772 2200 812 nos
2227 766 2416 813 mutuo
2445 773 2566 813 cum
2601 759 2705 814 illis
2728 760 2900 816 aciem
2941 762 3310 835 instruimus),
3341 765 3475 821 nihil
3494 767 3594 821 mi»

339 853 402 906 ού
437 851 769 923 θαυμαστὸν,
799 853 850 906 εί
876 849 1186 923 ἡττώμεθα·
1219 847 1353 902 ἀλλὰ
1393 847 1798 942 uincens-21w
1818 885 1834 911 ,
1861 846 1908 942 εἰ

2022 851 2250 906 randum
2283 851 2328 905 si
2361 852 2676 920 vincamur,
2707 854 2979 933 sed-illud
3026 857 3205 930 potius
3225 898 3241 924 ,
3270 859 3314 914 si
3351 859 3484 913 nihil
3513 858 3593 913 fa-

342 945 511 1016 μηδὲν
575 944 854 1010 ποιοῦντες
904 938 979 998 ὧν
1015 945 1127 1007 τοῖς
1181 941 1372 996 νικῶσι
1433 937 1710 1010 προσῆκε,
1760 938 1908 1008 νικᾷι

2022 941 2228 995 cientes
2267 955 2452 996 eorum
2503 957 2622 1011 quae
2670 944 3010 1000 vincentibus
3059 939 3433 1016 conveniant,
3487 967 3590 1006 nos

337 1034 614 1109 ἀξιοῦμεν.

523 1149 701 1204 ΥΚΕ’.
737 1178 809 1190 -
839 1147 992 1202 ΤΟΙΣ
1028 1139 1427 1199 ΑΡΧΟΝΊἸΟΥ
1466 1132 1719 1195 ΠΑῘΣΙΝ.

2022 1034 2241 1086 vincere
2265 1048 2364 1101 par
2391 1048 2513 1088 esse
2545 1040 2818 1104 putemus.

2261 1139 2522 1195 CDXXV.
2550 1174 2622 1182 —
2648 1144 3012 1202 PREFECTI
3053 1143 3346 1206 LIBERIS.

937 1258 1016 1314 De
1046 1256 1277 1313 Eutonio
1310 1257 1557 1311 diacono.
1589 1255 1856 1308 Hortatur
1890 1252 1958 1305 ad
1991 1251 2280 1306 amicitiam
2313 1264 2362 1307 ct
2388 1257 2720 1311 concordiam
2747 1269 3004 1315 mutuam.

405 1366 670 1444 ’Ἔπεμψα
699 1373 790 1425 τὸν
822 1371 1152 1441 πανάριστον
1182 1367 1453 1429 Εύτόνιον,
1488 1366 1661 1434 λόγων
1708 1364 1918 1434 συμϐαι

329 1464 539 1535 ’τηρίων
559 1465 686 1534 ὑμῖν
709 1462 1171 1533 καθηγησόμενονι
1187 1455 1482 1530 Αίδέσθητε
1503 1459 1680 1512 τοίνυν
1701 1456 1918 1528 πρῶτον

340 1553 439 1624 μὲν
483 1552 545 1606 τὸ
586 1554 815 1623 πρέπον,
864 1551 1116 1622 δεύτερον
1146 1548 1203 1604 δὲ
1237 1549 1486 1612 ἑαυτοὺς,
1537 1549 1720 1618 τρίτον
1769 1547 1909 1617 ἐμὲ,

333 1629 426 1694 τὸν
474 1644 532 1694 ἐν
577 1633 658 1701 οἷς
697 1640 901 1706 ἔξεστιν
941 1641 1271 1705 ἐπιτάττειν,
1312 1637 1782 1718 συμϐουλεύοντα·
1827 1632 1912 1690 τέ-

2092 1363 2366 1436 Optimum
2398 1368 2519 1422 misi
2551 1359 2858 1438 Eutonium,
2896 1375 2986 1442 qni
3024 1376 3276 1444 paciﬁcos
3302 1377 3454 1433 vobis
3479 1392 3596 1434 sen-

2021 1468 2208 1509 mones
2240 1457 2458 1510 referat.
2511 1459 2847 1515 Reve‘remini
2890 1465 3068 1532 itaque
3108 1466 3284 1533 primo
3313 1468 3591 1532 decorum,

2018 1544 2215 1599 deinde
2241 1561 2336 1600 vos
2368 1547 2534 1616 ipsos,
2569 1551 2727 1605 tertio
2768 1567 2873 1616 me,
2899 1555 2990 1624 qui
3026 1537 3310 1610 consilium
3344 1557 3414 1612 do
3445 1559 3593 1626 iniis

2014 1652 2133 1703 quae
2181 1636 2296 1691 ﬁeri
2345 1648 2560 1705 Oportet
2590 1657 2606 1704 ;
2635 1652 2832 1711 quarto
2880 1658 3029 1708 eum»,
3078 1647 3168 1714 qui
3201 1656 3405 1701 tantum
3445 1651 3594 1718 pacis

333 1749 554 1806 ταρτον,
600 1733 690 1785 τὸν
737 1721 1176 1803 καταδεξάμενον
1215 1729 1470 1784 τοσοῦτον
1504 1729 1793 1799 ὑπομεῖναι
1819 1726 1908 1780 διὰ

2022 1737 2208 1782 vestrae
2233 1733 2406 1798 gratia
2441 1729 2646 1786 laboris
2690 1732 2943 1802 sumpsit,
2967 1734 3136 1806 686
3161 1735 3419 1805 omnique
3464 1737 3594 1790 odio

333 1790 433 1895 τὴν
498 1790 768 1893 ὑμετέραν
827 1790 1049 1894 εἰρήνην
1112 1822 1376 1890 κάματον.
1427 1821 1536 1874 Καὶ
1578 1790 1758 1874 πάσαν
1806 1819 1908 1871 6w:-

2022 1819 2286 1885 deposito,
2312 1829 2552 1874 mutuam
2579 1822 2727 1877 inter
2755 1838 2852 1878 vos
2882 1836 3098 1880 servate
3133 1827 3448 1882 amicitiam.

335 1917 553 1987 έχθειαν
571 1916 928 1987 ὲξορίσαντες,
949 1918 1178 1988 ἄσμενοι
1201 1915 1296 1986 τὴν
1322 1915 1460 1986 πρὸς
1482 1915 1706 1977 ἑαυτοὺς
1731 1911 1914 1981 φιλίαν

337 2007 656 2062 ἀσπάσασθε
669 2047 682 2059 .

573 2117 766 2186 Υιςςσ.
802 2148 871 2163 -
896 2113 1147 2188 ΖΩΣΙΜῼ
1179 2109 1650 2186 urssm'rtzpo.

2213 2107 2498 2165 CDXXVI.
2531 2140 2601 2153 —
2634 2109 2886 2170 ZOSIMO
2926 2110 3400 2174 PRESBYTER”.

291 2205 298 2208 ’
337 2174 408 2270 In
437 2217 548 2286 ejus
593 2174 735 2280 vilici,
781 2218 871 2285 qui
917 2174 1199 2268 temereoab
1253 2213 1480 2266 Eusebio
1515 2174 1643 2266 esset
1692 2203 2174 2349 ordizﬂnsksizltgli
2202 2209 2266 2260 ab
2314 2207 2559 2262 Ecclesia:
2598 2215 2967 2265 communione
3011 2215 3314 2282 separandi.
3354 2214 3590 2288 (Con/cr.

409 2404 472 2456 Ei
516 2402 612 2455 irai.
661 2399 892 2452 ἐνταῦθα
917 2440 934 2464 ,
964 2391 1012 2451 ὦ
1055 2396 1234 2451 πάντα
1280 2395 1455 2467 μικρὰ
1500 2394 1635 2468 πρὸς
1665 2393 1765 2464 τὴν
1813 2392 1911 2462 σὴν

332 2493 670 2562 ἀναλγησίαν
714 2490 1048 2560 φθέγξασθαι
1067 2527 1084 2556 ,
1108 2491 1286 2561 χῶρος
1319 2489 1616 2559 εἰσδέχεται
1644 2488 1771 2548 τοὺς
1809 2487 1910 2539 οὐκ

333 2586 444 2640 ἀπὸ
468 2585 579 2638 τῶν
608 2583 785 2640 αὐτῶν
813 2584 1066 2654 ἣκοντας,
1097 2582 1211 2660 ἀλλ’
1238 2583 1414 2660 ἐκεῖσε
1449 2582 1720 2651 διάκρισις
1756 2579 1908 2632 ἔσται

333 2679 590 2750 ἀκριϐής.
624 2676 821 2748 Πρώην
869 2659 967 2745 μὲν
1006 2669 1118 2738 οὖν,
1152 2664 1316 2744 ἡνίκα
1355 2659 1404 2724 οῖ
1435 2673 1533 2742 τῆς
1584 2670 1908 2756 Ἐκκλησίας

332 2769 620 2822 παιδευταὶ
656 2768 752 2821 καὶ.
793 2768 862 2820 δι’
889 2767 1121 2836 ἀρίστην
1153 2756 1442 2840 ,πολιτείαν
1471 2763 1551 2830 τῷ
1591 2762 1718 2830 θείῳ
1742 2761 1910 2828 ’ἐλαμ-

333 2859 605 2930 πρύνοντο
640 2856 943 2926 Πνεύματι,
977 2851 1255 2908 κάνταῦθα
1281 2851 1604 2922 ἐχωρίζοντο
1624 2849 1672 2902 οἱ
1699 2850 1912 2903 πταίον-

330 2963 446 3012 τες·
487 2949 582 3004 καὶ
614 2946 1091 3018 γνοισιμαχοῦντες
1116 2984 1130 3008 ,
1164 2943 1327 2996 πάλιν
1361 2939 1800 3010 κατηριθμοῦντο
1829 2940 1909 2999 εἰς

2095 2389 2205 2444 Etsi
2234 2392 2285 2444 in
2319 2392 2420 2446 hac
2445 2393 2664 2461 quidem
2709 2396 2814 2448 vita
2855 2411 3017 2463 parra
3047 2400 3226 2452 omnia
3259 2408 3313 2454 et
3335 2401 3497 2455 exilia
3531 2405 3596 2455 ad

2020 2493 2073 2536 te
2115 2483 2460 2551 passionibus
2505 2493 2780 2540 carentem
2839 2487 3020 2542 aﬂ‘erri
3073 2491 3223 2546 locus
3263 2493 3469 2561 patitur
3506 2511 3596 2548 om!

2016 2575 2107 2640 qui
2158 2577 2226 2628 ab
2259 2576 2450 2629 iisdem
2499 2591 2602 2630 non
2637 2579 2862 2633 veniunt
2897 2581 3067 2647 locis;
3101 2583 3155 2637 in
3201 2583 3368 2638 altera
3419 2596 3597 2639 tamen

2018 2666 2198 2717 futura
2229 2676 2312 2720 est
2347 2672 2602 2721 ac‘curata
2630 2669 2953 2737 disceptatio
2983 2682 3146 2740 atque
3166 2673 3453 2740 judicium.
3485 2675 3590 2728 Nu-

2020 2764 2115 2822 per
2140 2756 2321 2826 itaque
2349 2773 2469 2810 ctnn
2503 2757 2758 2811 Ecclesia:
2784 2759 3054 2826 doctores,
3079 2764 3279 2833 quique
3307 2767 3358 2820 in
3390 2767 3592 2835 optima

2016 2845 2356 2913 gubernandi
2400 2850 2608 2900 ratione
2646 2849 2987 2915 claruerunt,
3027 2853 3212 2908 divino
3255 2855 3460 2926 Spiritu
3507 2875 3596 2910 or—

2018 2934 2128 2986 nati
2163 2927 2341 2999 erant,
2375 2944 2536 3004 atque
2565 2937 2671 2991 huc
2715 2951 3064 2995 accesserunt
3108 2957 3251 3000 nunc
3283 2959 3591 3015 peccantes,

329 3041 426 3094 τον
471 3040 615 3110 ἱερὸν
646 3038 745 3108 τῆς
792 3037 1119 3106 Ἐκκλησῖας
1172 3033 1450 3100 σύλλογον.
1497 3029 1612 3082 Νῦν
1667 3027 1724 3081 δὲ

2022 3039 2160 3078 nunc
2189 3025 2362 3079 denuo
2395 3026 2775 3100 resipiscentes
2807 3027 3233 3101 annumerentur
3260 3039 3426 3092 emitti
3463 3054 3591 3094 san-

328 3133 487 3187 ούδὲν
542 3131 804 3201 βούλομαι
866 3127 1127 3197 δυσχερὲς
1176 3124 1390 3191 εἰπεῖν)
1444 3122 1624 3174 πάντα
1686 3114 1908 3188 ἀναίδην

2022 3123 2114 3168 cla:
2152 3112 2427 3171 Ecclesia.
2471 3115 2624 3170 Nunc
2670 3133 2828 3186 vero,
2874 3136 2940 3176 ne
2981 3123 3112 3191 quid
3141 3114 3360 3194 gravius
3393 3115 3590 3197 dicant,

327 3223 621 3292 τολμᾶται,
663 3222 757 3273 καὶ
782 3219 955 3279 οὐδεὶς
984 3220 1010 3269 ὁ
1031 3216 1281 3281 ἐπεξιών.
1323 3211 1483 3264 ama:
1518 3212 1630 3272 τοῖς
1661 3209 1760 3277 μὲν
1791 3206 1912 3276 φιλ-

329 3315 549 3384 αρέτοις
594 3313 701 3364 εἰσὶ
743 3311 960 3380 βαρεῖς,
1003 3309 1113 3369 τοῖς
1149 3307 1205 3358 δὲ
1254 3304 1706 3375 φιλαμαρτήμοσι
1738 3316 1910 3379 προσ-

328 3409 502 3475 ηνεῖς.
534 3402 674 3466 Τοὺς
703 3403 801 3463 μὲν
845 3399 950 3469 γὰρ
976 3396 1356 3466 άποναρκῆσαι
1385 3391 1866 3464 ’παρασκευάζουσι
1890 3424 1906 3453 ,

329 3497 460 3558 τοὺς
485 3493 542 3547 δὲ
575 3494 656 3555 εἰς
699 3489 900 3544 κακίαν
937 3487 1160 3559 μείζονα
1193 3483 1638 3555 παιδπριὸοὖσιτ·
1674 3481 1910 3552 μάλιστα

328 3585 464 3638 ὅταν
513 3584 606 3637 καὶ
651 3582 880 3643 πλοῦτος
937 3581 1121 3641 αὐτοῖς
1183 3575 1477 3648 περιρρἐ.
1541 3573 1634 3644 Μὴ
1701 3572 1905 3638 τοίνυν,

325 3676 523 3747 ἐπειδὴ
550 3677 643 3728 καὶ
672 3672 940 3736 Εὐσέϐιος·
971 3673 1035 3743 (ὁ
1060 3671 1162 3725 οὐκ
1190 3666 1290 3722 οἵδ’
1334 3669 1486 3729 ὅπως
1513 3683 1574 3719 σε
1599 3665 1908 3736 χειροτονή-

332 3780 470 3829 σας,
509 3767 574 3834 τῇ
608 3765 775 3835 ἀρετῇ
813 3761 1069 3830 πολέμιος
1109 3757 1432 3828 τυγχάνων)
1467 3757 1527 3810 σὲ
1563 3757 1643 3818 εἰς
1677 3755 1910 3824 ἐσχάτην

331 3855 539 3911 κακίαν
563 3853 827 3907 ἐλάσαντα
855 3851 952 3905 οὐκ
978 3847 1270 3903 ἀπελαύνει
1297 3847 1389 3900 τοῦ
1420 3845 1784 3915 πληρώματος
1810 3844 1910 3913 τῆς

350 3933 712 4012 Ἐκκλησίας,
759 3942 860 4012 ἤδη
907 3939 1093 4009 νόμιζε
1141 3938 1364 3992 κάκεῖσε
1415 3935 1583 4005 μηδὲν
1627 3932 1908 4012 πείσεσθαι

331 4036 528 4089 δεινόν.
569 4033 831 4085 Τοσοῦτον
878 4032 984 4102 γὰρ
1017 4031 1267 4083 κάκεῖνον
1295 4027 1389 4081 καὶ
1424 4026 1484 4078 σὲ
1527 4022 1908 4104 μετελεύσεται

331 4130 370 4198 ἡ
405 4127 550 4197 δίκη,
582 4127 703 4179 ὅσον
733 4123 965 4177 ἐνταῦθα
999 4119 1479 4192 μακροθυμήσασα
1503 4116 1653 4168 οὐδὲν
1669 4115 1904 4184 ὤνησεν,

327 4215 469 4272 ἀλλὰ
505 4215 599 4270 καὶ
638 4212 1096 4286 βλασφημηθῆναι
1123 4210 1188 4262 δι’
1213 4209 1359 4279 ὑμᾶς
1384 4205 1726 4270 κατεδέξατο.

610 4416 784 4468 ΥΚΖ¹.
823 4444 893 4455 -
931 4411 1270 4481 ΠΑ-ΛΛΑΔΙῼ
1307 4408 1625 4476 ΔΙΛΚΟΝῼ.

2014 3204 2228 3270 quidvis
2272 3204 2435 3260 audet
2474 3207 2760 3275 impudens
2799 3210 2987 3288 homo,
3033 3222 3088 3268 et
3131 3230 3290 3272 nemo
3322 3219 3594 3291 redarguit

2013 3293 2184 3362 illum,
2232 3297 2327 3350 sed
2385 3297 2586 3351 virtute
2623 3300 2888 3376 prmditis
2943 3293 3242 3360 molestiam
3288 3307 3590 3378 facessunt,

2011 3378 2363 3451 peccantibus
2400 3402 2527 3442 vero
2560 3389 2707 3444 lenes
2737 3379 2927 3446 contra
2957 3409 3020 3448 ac
3061 3388 3246 3452 blandi
3279 3409 3426 3455 sunt.
3475 3402 3587 3457 lllis

2014 3472 2345 3544 torpedinem
2388 3478 2640 3544 afferunt,
2685 3465 2784 3536 hos
2833 3483 2899 3538 ad
2935 3474 3140 3553 majora
3184 3489 3346 3543 etiam
3389 3491 3590 3560 ﬂagitia

2010 3581 2328 3636 provocant,
2371 3571 2604 3626 maxime
2656 3588 2785 3629 vero
2836 3590 2961 3630 cum
3005 3579 3248 3654 pecuniis
3291 3583 3587 3640 abundant.

2014 3655 2096 3709 Ne
2129 3657 2295 3727 igitur
2328 3674 2450 3714 cum
2475 3653 2739 3718 Eusebius
2767 3665 2931 3720 etiam
2960 3667 3079 3736 (qui
3111 3671 3295 3725 nescio
3321 3677 3590 3740 quomodo

2012 3752 2067 3798 te
2095 3745 2146 3799 in
2183 3749 2520 3802 sacerdotem
2559 3752 2858 3807 ordinando
2891 3756 3110 3812 virtutis
3143 3762 3315 3815 hostis
3355 3763 3586 3819 ellectus

2010 3837 2114 3906 est)
2150 3847 2202 3892 te
2233 3839 2300 3892 ad
2326 3848 2632 3895 extremum
2666 3845 2918 3912 nequitia:
2952 3851 3260 3906 tendentem
3305 3854 3373 3907 ab
3398 3852 3588 3911 Eccle-

2014 3927 2108 3982 siae
2149 3942 2256 3981 non
2303 3929 2512 3996 repellit
2544 3931 2904 4006 plenitudine,
2941 3935 3054 4004 jam
3088 3949 3242 4008 putes
3291 3946 3454 3999 etiam
3510 3948 3584 4002 ini

2012 4026 2063 4071 te
2087 4018 2429 4094 grave‘nibil
2484 4036 2790 4090 passurum.
2841 4026 3014 4082 Tanto
3066 4033 3283 4100 gravius
3335 4037 3477 4090 enim
3534 4049 3586 4094 te

2008 4116 2170 4176 atque
2211 4108 2382 4176 ipsum
2420 4121 2601 4167 manet
2628 4126 2808 4182 poena,
2852 4127 3111 4186 quantum
3161 4123 3251 4177 hic
3297 4125 3431 4180 nihil
3464 4127 3586 4183 ditt-

2014 4199 2118 4254 tius
2144 4199 2305 4252 dilata
2337 4199 2560 4269 profuit,
2603 4203 2736 4272 quin
2777 4213 2834 4258 et
2865 4221 2894 4259 a
2937 4208 3090 4263 vobis
3121 4211 3468 4282 blaspltemiis
3497 4227 3584 4276 est

2011 4303 2256 4361 excepta.

2227 4405 2531 4463 CDXXVII.
2560 4436 2631 4448 -ι-
2658 4409 2998 4468 PALLADIO
3044 4413 3369 4473 DIACONO.

1569 4501 1824 4554 Laborem
1855 4500 2001 4570 quies
2051 4502 2351 4556 comitatur.

404 4624 510 4682 Τὸν
547 4623 736 4694 ὥσπερ
783 4625 846 4677 σὺ
893 4625 1155 4691 ἄγευστον
1193 4621 1300 4674 τῶν
1352 4619 1549 4681 πόνων,
1599 4618 1657 4669 οὐ
1699 4615 1906 4696 δίκαιον

326 4721 513 4789 λέγειν
545 4717 862 4787 άναπαύλης
889 4715 1118 4769 δεῖσθαι.
1158 4713 1395 4782 Δευτέρα
1437 4712 1544 4780 γὰρ
1581 4709 1688 4791 τῶν
1727 4712 1905 4762 πόνων

328 4815 366 4882 ἡ
393 4810 704 4864 ἀνάπαυλα·
750 4809 921 4879 χωρὶς
963 4807 1020 4858 δὲ
1063 4805 1309 4867 ἐκείνων,
1353 4802 1533 4874 τρυφὴ
1574 4800 1796 4862 δικαίοις
1839 4800 1905 4851 ἂν

328 4905 567 4957 καλοῖτο.
596 4903 686 4954 To"
715 4919 733 4964 ς
772 4898 996 4970 μὲνγὰρ
1028 4897 1204 4950 πόνων
1233 4894 1498 4964 λήγοντας
1531 4890 1905 4947 ἀναπαύεσθαι

326 4995 437 5065 χρή
460 5010 473 5022 ·
514 4992 640 5054 τοὺς
665 4992 707 5044 δ’
737 4992 873 5053 ὅλως
899 4987 1276 5058 ἀφεστηκότας
1303 4985 1393 5037 τοῦ
1425 4987 1628 5047 πονεῖν,
1661 4983 1905 5044 ἀσώτους

325 5085 561 5154 κλητέον
596 5085 688 5136 καὶ
712 5081 933 5153 ἀργούς.
971 5080 1135 5130 Ὥστε
1163 5077 1267 5138 ἓως
1288 5075 1352 5128 ἂν
1389 5077 1451 5128 σὺ
1478 5074 1552 5144 μὴ
1575 5072 1906 5144 παραδέξαιο

324 5176 460 5237 τοὺς
519 5174 779 5242 ἱδρῶτας,
822 5170 1086 5240 ἀφεκτέον
1131 5169 1225 5221 καὶ
1267 5166 1360 5220 τοῦ
1404 5166 1504 5235 τῆς
1549 5164 1906 5225 ἀναπαύσεως

323 5265 614 5336 ὀνόματος.

537 5376 717 5433 TKH'.
757 5403 828 5415 ——
864 5373 1161 5442 ΑΥΣΟΝῘῼ
1195 5367 1662 5424 ΚΟΡΡΗΚΤΩΡΙ.

2081 4616 2308 4675 Laboris
2354 4630 2653 4688 expertem,
2705 4633 2906 4693 tuoque
2959 4627 3201 4697 exemplo
3248 4639 3575 4695 cessantem,

2009 4709 2193 4777 quiete
2245 4710 2526 4780 indigere,
2589 4715 2808 4769 minime
2872 4719 3346 4784 prommtiandnm.
3415 4720 3581 4787 Quies

2009 4802 2152 4856 enim
2185 4802 2442 4872 laborem,
2461 4820 2565 4859 non
2593 4807 2788 4872 otium,
2817 4808 3231 4876 sequitur:sine
3259 4825 3365 4879 quo
3396 4813 3578 4870 labore

2010 4892 2234 4946 (lt’llCiaS
2261 4893 2440 4960 potius
2483 4895 2654 4949 otium
2697 4896 3071 4965 appellaveris.
3111 4900 3271 4955 Decet
3301 4903 3442 4957 enim
3485 4907 3576 4974 qui

2010 4981 2256 5038 laborare
2286 4983 2560 5049 desinunt,
2604 4989 2906 5054 quiescere.
2958 4990 3057 5055 Qui
3091 5006 3218 5045 vero
3263 4993 3372 5047 otio
3404 4995 3578 5049 indul-

2009 5084 2155 5143 gent,
2197 5075 2455 5143 temporis
2494 5079 2747 5147 prodigos
2789 5092 2844 5133 et
2893 5081 3118 5149 ignavos
3153 5085 3344 5138 merito
3371 5101 3578 5140 nuncm-

2012 5179 2126 5230 pes.
2168 5163 2528 5230 Quamobrem
2581 5168 2672 5221 tibi
2717 5170 2902 5238 etiam,
2950 5172 3075 5226 dttm
3121 5176 3317 5228 sudare
3359 5171 3578 5231 recusas

2011 5262 2172 5322 atque
2203 5254 2494 5320 detrectas,
2529 5273 2557 5310 a
2592 5258 2793 5326 quietis
2822 5270 2905 5314 est
2930 5263 3144 5316 nomine
3173 5265 3573 5321 abstinendum.

2151 5363 2476 5421 CDXXVIII.
2511 5389 2581 5406 ά-
2611 5368 2910 5426 AUSONIO
2968 5372 3432 5428 CORRECTORI.

1220 5463 1601 5535 Ignoscendum
1628 5462 1851 5515 aliorum
1881 5460 2106 5516 delictis.
2139 5460 2320 5531 (Supr.
2352 5465 2505 5530 epist.
2545 5465 2695 5530 416.)

404 5591 467 5644 Οἱ
500 5589 598 5658 μὲν
641 5589 793 5658 νόμοι
837 5588 927 5639 τὸν
976 5588 1055 5647 εἰς
1089 5583 1148 5635 σὲ
1183 5580 1590 5651 παροινήσαντα
1619 5575 1901 5628 συλλαϐόν-

323 5701 427 5748 τες
453 5682 823 5755 παρέπεμψαν
852 5680 956 5732 ὑπὸ
979 5679 1075 5740 τὰς
1105 5677 1201 5738 σὰς
1228 5677 1414 5742 χεῖρας
1435 5672 1592 5742 δίκην
1621 5669 1904 5739 ὑφέξοντα·

648 5779 919 5836 ΡΑΤιιοι.
964 5775 1077 5832 Gn.
1120 5769 1428 5830 LXXVIII.

2079 5575 2248 5646 Leges
2280 5591 2401 5630 eum
2438 5578 2528 5647 qui
2561 5589 2610 5632 te
2636 5579 2847 5647 probris
2885 5579 3082 5647 affecit,
3113 5581 3213 5638 sub
3245 5598 3432 5637 manus
3458 5595 3576 5636 tuas

2007 5667 2341 5722 deduxerunt
2386 5683 2576 5736 pcenas
2615 5671 2886 5726 daturum.
2927 5671 2998 5726 At
3045 5681 3098 5726 ttt
3133 5673 3214 5739 (es
3243 5676 3385 5728 enim
3425 5675 3573 5729 omni

3069 5767 3143 5828 50
