3974 6144
484 252 636 318 1579
1663 247 1724 304 S.
1767 242 2053 305 ISIDOR]

2137 236 2533 299 'ELUSIOTAS
3603 227 3706 291 1580

507 363 708 434 injuria
746 369 908 430 atque
954 356 1199 413 convicio
1243 355 1511 425 superior,
1542 366 1824 424 propterea
1854 362 1908 406 et
1938 350 2069 420 legi-

2136 381 2145 409 ,
2177 348 2242 399 σὺ
2276 346 2334 399 δὲ
2369 344 2679 416 (κρείττων
2709 341 2817 413 γάρ
2848 336 2898 394 εἷ
2946 340 3041 393 καὶ
3071 337 3278 407 ὕϐρεως
3314 337 3411 389 καὶ
3449 335 3705 404 λοιδορπ,

502 426 635 509 timo
680 426 908 522 imperio
955 449 1218 503 miscuisti
1245 445 1677 516 {pltilosophiam)
1716 444 1889 513 ipsum
1940 457 2071 495 non-

2183 436 2266 488 διὸ
2293 437 2387 490 καὶ
2411 434 2731 506 φιλοσοφίαν
2753 436 2819 504 τῇ
2845 431 3063 502 νομίμῳ
3092 429 3235 499 ἀρχῇ
3261 426 3552 497 ὲκέρασας)
3578 429 3709 496 μικρὰ

501 546 637 600 nihil
672 544 1011 598 admonendo
1040 540 1194 595 venia
1219 540 1471 609 dignatus
1505 537 1785 592 meliorem
1820 535 2070 590 reddide-

2180 527 2509 597 νουθετήσας
2536 525 2745 590 τοῦτον,
2810 522 2888 594 τῷ
2943 520 3271 590 συγγνώμης
3313 517 3535 582 ἀξιῶσαι
3562 517 3710 616 βελτίω

503 639 601 693 ris.
657 636 859 691 Punire
898 635 1072 689 cuivis
1117 642 1421 701 promptum
1468 642 1550 686 est
1591 649 1605 683 :
1640 629 1850 683 veniam
1899 636 2072 680 autem

2181 617 2545 688 κατάστησον⁸
2569 617 2630 669 τὺ
2667 615 2763 684 μὲν
2786 614 2894 683 γὰρ
2930 612 3156 665 κολάσαι
3181 607 3499 679 προχείρως,
3522 606 3604 659 καὶ
3626 606 3708 658 τῶν

496 732 635 783 dare
664 736 828 794 atque
861 726 1141 794 ignoscere
1173 722 1247 776 ttti
1277 719 1531 775 similium
1563 728 1668 774 est.

2183 706 2453 775 τυχόντων
2498 705 2631 758 ἐστίν
2670 706 2731 757 τὸ
2762 704 2819 756 δὲ
2868 699 3200 769 συγγνώμην
3240 700 3444 768 νεῖμαι,
3484 694 3601 760 τῶν,
3629 688 3714 757 oio;

2188 795 2350 859 αὐτὸς
2377 797 2690 867 τυγχάνεις.

864 906 1029 980 637
1061 902 1344 962 coxxrx.
1376 934 1445 947 -
1477 902 1725 959 rasam.
2212 943 2221 951 .
2719 905 2896 959 γιςθι.
2924 934 2991 944 --
3026 902 3256 972 uesta.

1040 1002 1218 1057 Monet
1248 1012 1303 1056 ut
1332 1020 1363 1055 a
1385 1003 1633 1068 peccatis,
1665 1017 1886 1071 quarunt
1926 1004 2126 1057 veniant
2153 1018 2272 1061 ante
2317 1019 2501 1060 nactus
2530 1006 2725 1074 fuerat,
2758 1003 2967 1056 tondent
2992 1002 3232 1056 desistat.

574 1112 791 1171 Videris
815 1111 929 1181 jam
973 1111 1223 1173 edoctus,
1265 1110 1407 1178 quod
1450 1109 1659 1163 veniam
1692 1110 1952 1163 continuo
1989 1110 2087 1165 de-

2263 1116 2485 1178 ’Έοικας
2552 1116 2614 1166 ὲκ
2671 1109 2767 1165 τοῦ
2826 1110 3064 1181 συνεχῶς
3134 1110 3465 1182 συγγνώμης
3534 1106 3608 1175 ἐφ’
3658 1100 3718 1168 οἷς

506 1206 755 1260 lictorum
803 1204 877 1259 sis
935 1211 1162 1266 nactus,
1211 1203 1368 1255 venia
1426 1203 1589 1255 etiam
1640 1202 1858 1271 indigna
1911 1202 2075 1257 adltut

2196 1208 2409 1270 πταίοις
2450 1207 2764 1276 τυγχάνειν,
2815 1204 2913 1256 καὶ
2950 1205 3031 1265 είς
3065 1206 3127 1255 τὸ
3178 1202 3506 1272 συγγνώμης
3544 1198 3720 1271 μείζονα

507 1298 865 1351 committere.
904 1294 1084 1361 Quare
1119 1294 1488 1361 temperantiae
1534 1293 1689 1347 l'reno
1728 1309 1857 1347 usus
1892 1305 1942 1347 te
1975 1292 2076 1362 ipSt

2200 1299 2540 1370 ἁμαρτάνειν
2600 1293 3155 1366 πεπαιδοτριδῆσθαι.
3210 1292 3301 1362 Τῷ
3350 1291 3545 1363 χαλινῷ
3582 1292 3720 1341 τοίνυν

508 1370 784 1452 οοὶῖῑιιριο,
822 1404 887 1441 ne
939 1387 991 1441 in
1025 1400 1264 1455 praeceps
1301 1400 1447 1449 ruas,
1481 1393 1535 1439 et
1577 1385 1874 1440 remedium
1921 1386 2077 1438 venia

2194 1393 2293 1462 τῆς
2322 1392 2649 1462 ἐγκρατείας
2677 1389 3045 1461 χρησάμενος,
3069 1387 3346 1457 ἀνείργειν
3381 1384 3565 1439 σαυτὸν
3588 1380 3719 1452 πειρὼ

509 1480 698 1534 inutile
731 1479 951 1541 efficias,
993 1495 1058 1534 ne
1091 1490 1149 1531 ut
1178 1479 1361 1533 dolore
1388 1493 1615 1533 vacuum
1662 1478 2078 1549 inscientemquc

2196 1484 2290 1536 τοῦ
2319 1484 2458 1537 κατά
2490 1483 2751 1556 κρημνῶν
2777 1483 3044 1554 φέρεσθαι
3066 1500 3080 1513 ·
3106 1484 3201 1538 καὶ
3228 1482 3292 1535 τὸ
3317 1482 3417 1551 τῆς
3442 1477 3718 1547 συγγνώμης

511 1586 633 1628 tnox
666 1572 844 1625 divina
875 1570 1123 1625 Numinis
1150 1570 1574 1640 comprehendat
1604 1570 1867 1626 vindicta.

2199 1575 2490 1646 φάρμακον
2552 1575 2626 1647 μὴ
2690 1576 2913 1647 ἀχρεῖον
2978 1571 3366 1637 κατασκεύαξε
3392 1613 3408 1639 ,
3448 1571 3529 1625 ἵνα
3574 1567 3636 1641 μὴ
3668 1566 3722 1631 ὡς

2198 1665 2494 1738 ἀγνώμονά
2524 1682 2584 1719 σε
2630 1668 2726 1721 καὶ
2758 1666 3067 1738 ἀνάλγητον
3105 1668 3140 1737 ἡ
3166 1664 3288 1720 θεία
3313 1663 3497 1718 λοιπὸν
3527 1658 3725 1733 μετέλθοι

2197 1761 2343 1831 δίκη.

691 1870 952 1930 ΟῡΧΧΧ.
997 1901 1065 1911 -—
1097 1868 1393 1925 OPIIELIO
1432 1866 1913 1923 GRAMMATICO.

2483 1874 2608 1926 1w.
2645 1901 2713 1937 —_—
2747 1872 2993 1942 nos/tto
3024 1867 3502 1938 ΓΡΑΜΜΑἹῚΚῼ.

1268 1964 1415 2019 Srire
1440 1975 1512 2018 est
1548 1981 1655 2018 rem
1688 1981 1780 2032 per
1813 1981 2004 2018 causas
2035 1982 2362 2036 cognoscere.
2393 1970 2637 2039 (Aristot.
2676 1970 2733 2023 in
2764 1967 3006 2039 Analyt.)

589 2084 818 2138 Maxima
852 2083 929 2138 vis
972 2097 1050 2136 est
1074 2082 1370 2146 scribendi,
1408 2080 1843 2150 cruditionisqne
1885 2079 2097 2133 aetiolo-

2277 2081 2558 2152 Μεγίστης
2586 2080 2703 2133 ὲστὶ
2725 2077 3054 2150 συγγραφῆς
3080 2077 3175 2130 καὶ
3211 2074 3555 2137 διδασκαλίας
3579 2070 3726 2144 ἀρετὴ,

520 2174 627 2243 gia,
653 2188 746 2227 seu
774 2186 952 2226 causa:
987 2170 1214 2226 redditio
1269 2186 1332 2225 ac
1362 2170 1774 2226 demonstratio.
1816 2168 1927 2223 Nec
1956 2168 2089 2224 enim

2208 2173 2508 2240 αἰτιολογία
2552 2172 2647 2226 καὶ
2680 2170 2979 2235 ἀπόδειξις.
3032 2170 3110 2222 Οὐ
3142 2167 3252 2239 γὰρ
3310 2165 3562 2239 προσήκει
3604 2164 3726 2235 μόνον

521 2264 812 2318 ostendere
842 2264 976 2317 satis
1003 2273 1106 2327 est,
1145 2264 1287 2330 quod
1334 2276 1420 2316 res
1453 2264 1543 2324 sit,
1591 2262 1683 2315 sed
1715 2271 1769 2315 et
1802 2276 1972 2328 quare
2008 2261 2090 2324 sit1

2207 2264 2678 2337 διισχυρίζεσθαι,
2730 2264 2815 2317 ὅτι
2848 2263 2969 2316 τόδε
3021 2262 3080 2315 δν
3126 2262 3240 2328 (35)
3293 2264 3475 2323 ἐστιν,
3519 2256 3635 2312 ἀλλὰ
3663 2254 3729 2309 καὶ

522 2358 567 2411 si
605 2357 721 2411 ﬁeri
762 2357 953 2426 possit,
1004 2366 1087 2411 est
1114 2358 1619 2411 demmtstrandum.
1659 2355 1752 2409 Est
1797 2356 1942 2409 enim
1974 2370 2091 2409 vere

2221 2356 2355 2409 διότι
2395 2356 2567 2422 ἐστὶν,
2614 2357 2663 2407 εί
2710 2349 2821 2408 οἷόν
2864 2370 2947 2423 τε,
3003 2350 3411 2407 ἀποδεικνύναι.
3460 2349 3610 2403 Τοῦτο
3649 2345 3728 2415 γάρ

523 2448 686 2513 δεῖτε,
718 2463 829 2501 l'ClII
862 2462 956 2517 per
986 2463 1184 2502 causas
1216 2462 1567 2517 cognoscere.

2207 2449 2357 2500 ἐστιν
2387 2444 2608 2516 ἀληθῶς
2643 2444 2867 2511 εἰδέναι,
2898 2444 2963 2499 τὸ
2993 2443 3135 2515 μετὰ
3180 2443 3369 2507 αἰτίας
3392 2440 3592 2495 εἰδέναι.

945 2577 1231 2634 ΟΠΧΧΧΙ.
1264 2609 1337 2619 -
1380 2576 1674 2634 SERENO.

2686 2577 2862 2633 YAA'.
2896 2607 2967 2619 —
3001 2577 3302 2647 ΣΕΡΗΝῼ.

1436 2667 1627 2721 Rerum
1670 2668 1944 2721 metuenda
1973 2667 2299 2722 vicissitudo.
2335 2666 2497 2739 (Vide
2526 2670 2679 2737 epist.
2729 2669 2879 2739 495.)

595 2783 741 2840 Cave
770 2793 926 2854 putes
956 2798 1118 2852 supra
1151 2793 1419 2847 naturam,
1452 2792 1722 2852 extraque
1756 2783 2110 2838 mediocrita-

2287 2784 2378 2856 Μὴ
2408 2786 2554 2856 πέρα
2584 2785 2697 2856 (54)
2730 2786 2832 2858 τῆς
2882 2786 3130 2855 φύσεως,
3160 2786 3285 2857 μηδ’
3318 2786 3421 2850 ἔξω
3445 2784 3530 2838 τοῦ
3554 2779 3725 2853 μετρίου

530 2878 602 2933 tis
657 2877 917 2932 terminos
964 2877 1126 2930 rebus
1168 2876 1425 2929 secundis
1466 2877 1649 2928 animo
1693 2875 2099 2944 indulgendum,

2212 2878 2577 2947 ἐμφορεῖσθαι
2612 2878 2711 2948 τῆς
2756 2878 3058 2949 εὐημερίας
3104 2878 3259 2943 ἀξίου
3290 2897 3305 2910 ο
3345 2878 3473 2930 ἀλλὰ
3509 2868 3726 2940 πανταχοῦ

518 2971 623 3025 sed
676 2970 872 3039 ubique
924 2969 1215 3023 humanam
1267 2969 1477 3022 intuere
1523 2978 1748 3031 sortem,
1781 2966 2081 3021 vicissitudi

2156 2995 2185 3054 Β
2218 2970 2279 3024 τὸ
2309 2970 2649 3041 ἀνθρώπινον
2686 2970 2901 3033 σκόπει,
2931 2971 3026 3023 καὶ
3055 2970 3193 3039 πρὸς
3226 2971 3331 3034 τὰς
3352 2966 3621 3041 μεταϐολὰς
3638 2966 3725 3033 ὅρα.

531 3073 766 3127 nemque
790 3058 1063 3127 conspice,
1096 3073 1215 3126 qua:
1244 3072 1350 3111 uno
1394 3071 1537 3127 saepe
1576 3058 1663 3111 die
1696 3072 1783 3112 res
1813 3058 1865 3111 in
1895 3068 2100 3112 contra-

2218 3061 2318 3124 τὰς
2340 3063 2396 3114 ὲν
2433 3062 2533 3131 μιᾷ
2564 3061 2825 3124 πολλάκις
2859 3062 3043 3132 ἡμέρᾳ.
3073 3062 3210 3132 πρὴς
3234 3060 3492 3116 τάναντία
3518 3057 3576 3111 τά
3597 3054 3728 3123 πρᾶγ·

531 3154 671 3204 rium
713 3160 926 3205 vertere
956 3158 1155 3218 potest.
1210 3148 1300 3204 Sic
1330 3149 1475 3204 enim
1516 3161 1672 3203 extra
1715 3148 1888 3203 aleam
1918 3148 2027 3201 eris
2059 3158 2100 3201 el

2222 3171 2367 3225 ματα
2424 3154 2906 3225 μεταστοιχειῶσαι
2950 3153 3280 3224 δυναμένας.
3323 3154 3500 3215 Οὖτως
3529 3152 3619 3219 γὰρ
3660 3146 3725 3196 καὶ

535 3242 782 3296 fortunas
824 3250 947 3295 tuas
980 3243 1030 3295 in
1066 3250 1185 3295 tuto
1210 3242 1525 3297 collocabis.
1563 3241 1621 3295 Si
1653 3256 1758 3310 qua
1790 3241 1939 3295 enim
1984 3256 2104 3309 per-

2218 3246 2498 3308 ἀσπαστὸς
2525 3245 2646 3315 ἔσῃ.
2676 3246 2771 3298 καὶ
2807 3245 2905 3315 τὴν
2940 3245 3248 3315 εὐπραγίαν
3287 3245 3503 3316 βεϐαίαν
3525 3242 3658 3305 ἕξεις.
3679 3236 3721 3287 Εἰ

540 3333 767 3386 mutatio
798 3333 1028 3398 accidet,
1054 3333 1189 3385 nihil
1229 3332 1445 3386 eveniet
1476 3332 1569 3386 tibi
1604 3347 1788 3401 grave,
1812 3333 1963 3401 quasi
1998 3334 2109 3386 tltc-

2217 3337 2274 3390 δὲ
2319 3336 2415 3389 καὶ
2463 3337 2706 3408 συμϐαίη
2752 3336 3025 3407 μεταϐολὴ
3049 3376 3063 3399 ,
3101 3338 3254 3390 οὐδὲν
3288 3336 3543 3408 ἀργαλέον
3575 3329 3725 3397 πείσῃς

534 3435 725 3478 sauros
755 3433 932 3477 mente
964 3422 1273 3477 recondenti
1324 3421 1653 3476 conditionis
1686 3422 1956 3477 humanm.

2223 3424 2317 3478 ἅτε
2361 3425 2813 3496 προαποθέμενος
2865 3426 3049 3496 σαυτῷ
3075 3428 3171 3497 τῆς
3231 3422 3617 3495 φιλανθρωπίας
3638 3417 3728 3475 τοὺς

2226 3516 2555 3588 θησαυρούς.

787 3626 1091 3684 CDXXXII.
1132 3624 1507 3684 —SERENO
1547 3625 1869 3682 DIACONO.

2548 3631 2721 3685 me.
2745 3661 2811 3670 —
2843 3631 3119 3701 rerum
3156 3631 3477 3701 ΔΙΛΚΟΝῼ.

1582 3720 1817 3776 Iustitia:
1842 3737 1953 3776 esse
1994 3724 2267 3790 proprium
2317 3732 2511 3779 δείλη-α
2540 3727 2747 3793 punire.

611 3836 827 3893 Justitia
856 3836 1073 3906 iniustis
1094 3834 1294 3903 justam
1325 3836 1530 3906 irrogat
1560 3849 1798 3905 poenam,
1833 3835 2118 3904 redditque

2298 3842 2425 3905 Τοῖς
2451 3842 2657 3905 ἀδίκοις
2688 3844 2721 3912 ἡ
2764 3842 2889 3910 δίκη
2922 3842 3189 3911 χρεωστεῖ
3230 3840 3335 3911 τὴν
3385 3834 3576 3891 δικαίαν
3600 3845 3728 3899 τιμω·

539 3930 789 3993 omnino,
842 3930 946 3984 nisi
992 3928 1188 3995 iniusta
1228 3926 1579 3995 tiatjustitia,
1612 3935 1808 3982 cuncta
1837 3925 1982 3995 juste
2023 3925 2108 3979 ad-

2235 3932 2376 4001 ρίαν,
2413 3933 2508 3987 καὶ
2537 3932 2757 3996 πάντως
2782 3932 3076 3995 ἀποδώσει,
3106 3933 3265 4002 εἴπερ
3294 3932 3369 4002 μὴ
3405 3927 3567 4000 μέλλοι
3591 3923 3752 4009 ἄδικθς.

544 4023 881 4083 ministrans,
930 4032 986 4074 et
1010 4021 1238 4087 justitiae
1284 4034 1499 4074 omnem
1531 4018 1794 4073 adhibens
1828 4015 2113 4086 providen-

2228 4020 2368 4075 εἶναι
2412 4025 2444 4093 ἢ
2476 4023 2597 4094 δίκη
2625 4064 2639 4089 9
2671 4025 2704 4094 ἡ
2739 4024 2918 4077 πάντα
2966 4023 3191 4086 δικαίως
3223 4023 3477 4076 διέπουσα
3502 4057 3518 4081 ,
3550 4014 3628 4071 καὶ
3661 4009 3728 4079 τῆς

547 4116 695 4167 tiam.
2228 4112 2574 4184 δικαιοσύνης
2599 4113 2801 4184 πολλὴν
2838 4115 3137 4184 ποιουμένη
3171 4115 3445 4185 πρόνοιαν.

543 4226 874 4282 (ΣΟΧΧΧΙΙΙ.
928 4254 998 4264 —
1057 4221 1493 4347 ΜΟΕἏῼΙΒΙΞΙῈ.
1533 4219 1791 4278 ΗΕΒΟΝΙ
1868 4221 2124 4279 SACER-
2160 4279 2203 4333 Β
2239 4222 2399 4279 ΥΛΓ’.
2446 4255 2515 4267 --
2552 4218 2817 4297 ΔΙΔΥΜῼ
2855 4228 2976 4280 ΚΑΙ
3004 4227 3233 4297 ,ΗΡΩΝΙ
3263 4211 3727 4281 ΠΡΕΣΒΥΤΕΡΟΙΣ.

931 4407 949 4439 ι
989 4389 1091 4453 Qui
1121 4387 1256 4440 male
1278 4388 1385 4456 agit
1413 4387 1522 4441 odit
1559 4388 1748 4443 lucem.
1784 4407 1802 4440 ι
1841 4386 2025 4458 (Joan.
2050 4403 2131 4453 tu,
2162 4387 2279 4461 20.)
2313 4387 2436 4444 Νοη
2461 4391 2650 4444 mirum
2683 4409 2713 4445 a
2746 4393 2900 4446 malis
2929 4394 3218 4463 oppugnari
3244 4394 3422 4447 bonos.

619 4524 759 4591 Quid
804 4522 997 4575 tnirum
1048 4521 1091 4573 si
1130 4520 1357 4590 improbi
1413 4520 1583 4576 bonos
1622 4522 1973 4590 Oppugnent?
2015 4522 2128 4576 lmo

2304 4525 2379 4577 Οὐ
2402 4525 2508 4597 χρὴ
2536 4525 2857 4595 θαυμάζειν,
2889 4528 2938 4580 εί
2974 4528 3024 4580 οἱ
3056 4528 3284 4599 πονηροὶ
3309 4532 3419 4591 τοῖς
3454 4522 3643 4592 ἀγαθοῖς
3665 4519 3728 4568 ὲκ·

549 4616 591 4669 si
639 4628 797 4667 secus
830 4612 1003 4676 lieret,
1056 4612 1126 4665 sit
1163 4612 1562 4665 admirandum.
1609 4610 1723 4665 Etsi
1754 4613 1895 4666 enim
1934 4612 2118 4667 absur-

2236 4617 2678 4687 πεπολέμωνται.
2728 4636 2748 4669 ‹
2797 4618 3120 4673 Τούναντίον
3170 4619 3280 4689 γὰρ
3332 4618 3439 4688 (55)
3486 4611 3545 4686 ἦν
3574 4612 3727 4677 θαυμα-

550 4708 672 4759 dmn
708 4702 861 4758 valde
892 4704 1160 4768 videatur,
1210 4715 1265 4756 et
1310 4718 1486 4771 neque
1536 4704 1700 4757 verbo
1727 4704 2119 4773 explicandum1

2238 4706 2387 4772 στὸν,
2420 4709 2469 4761 εί
2506 4708 2581 4778 μὴ
2611 4707 2783 4771 οὕτως
2806 4703 2949 4780 εἶχον
2970 4726 2984 4740 ·
3012 4712 3061 4762 εί
3090 4711 3197 4781 γὰρ
3226 4712 3320 4763 καὶ
3342 4711 3456 4762 λίαν
3482 4708 3647 4761 ἄτοπον
3667 4700 3726 4751 δο-

550 4808 651 4849 nec
694 4808 753 4848 re
799 4794 913 4860 ipsa
953 4794 1289 4849 tolerandum
1346 4793 1526 4859 fuerit,
1576 4795 1795 4847 omnino
1832 4806 2009 4849 tamen
2061 4808 2119 4849 ex

2232 4800 2338 4862 κεί,
2367 4799 2462 4852 καὶ
2502 4798 2624 4852 οὗτε
2669 4799 2814 4869 λόγῳ
2841 4800 3025 4870 ῥητὸν,
3071 4801 3193 4854 οὔτε
3226 4802 3373 4872 ἔργῳ
3412 4794 3618 4869 φορητόν
3643 4793 3724 4844 ἐστι

554 4884 762 4938 ratione
790 4884 868 4938 lit.
902 4884 1161 4939 Tenebra:
1206 4885 1349 4939 enim
1381 4885 1485 4937 luei
1518 4897 1835 4952 repugnant,
1880 4896 1933 4939 et
1963 4886 2123 4939 latru-

2232 4890 2407 4953 τοῦτο,
2442 4890 2555 4943 ἀλλ’
2597 4891 2745 4960 ὅμως
2791 4891 2931 4944 κατὰ
2967 4891 3123 4959 λόγον
3170 4894 3390 4961 γίνεται.
3434 4882 3726 4944 Έναντιοῦται

556 4991 679 5041 nes,
714 4976 963 5029 lucernas
993 4989 1153 5030 noctu
1190 4977 1619 5045 exstingttentes,
1647 4977 1710 5028 ad
1753 4978 2035 5031 iurandum
2070 4995 2125 5033 se

2234 4980 2343 5052 γὰρ
2394 4983 2454 5033 τὸ
2514 4982 2703 5045 σκότος
2769 4982 2907 5049 φωτί
2936 4999 2949 5011 '
3008 4984 3101 5035 καὶ
3146 4984 3341 5056 λῃσταὶ
3393 4984 3509 5045 τοὺς
3560 4981 3726 5047 λύχνους

555 5069 862 5137 accingunt,
886 5068 989 5120 tati
1026 5083 1177 5122 suam
1209 5069 1376 5122 vitam
1409 5068 1609 5122 lumine
1640 5068 1889 5137 redargui
1918 5086 1932 5122 :
1960 5084 2124 5137 quare

2238 5072 2552 5136 σϐεννύντες
2587 5074 2681 5125 ἐπὶ
2704 5073 2764 5126 τὸ
2791 5074 3072 5144 λῃστεύειν
3094 5076 3637 5148 τρέπονται.Ἔλεγχον
3655 5066 3728 5133 γάρ

555 5158 608 5213 id
647 5158 834 5213 tollere
861 5161 1081 5212 omnino
1112 5169 1383 5228 satagunt.

2237 5164 2528 5233 ἡγούμενοι
2561 5166 2652 5217 τοῦ
2686 5166 2834 5233 σφῶν
2863 5167 2979 5237 βίου
3006 5169 3097 5222 τὸν
3129 5169 3355 5222 ἐκείνων
3383 5168 3584 5238 τρόπον,
3611 5162 3726 5213 ἐκπο-

2238 5256 2342 5305 ὂὼν
2384 5256 2547 5307 αὑτὸν
2588 5258 2815 5326 ποιῆσαι
2840 5260 3345 5329 πραγματεύονται.

1618 5407 1854 5465 VARIAE
1889 5409 2273 5466 LECTIONES
2318 5411 2404 5465 ET
2448 5412 2683 5468 NOTAE.

637 5574 752 5647 (ἒξ)
769 5573 870 5647 Pro
886 5573 946 5625 τὸ
963 5573 1019 5625 δὲ
1042 5572 1101 5625 ὃν
1133 5574 1291 5647 ambo
1316 5573 1470 5631 codd.
1500 5572 1743 5628 scribunt
1778 5572 1839 5625 τὸ
1859 5571 1995 5628 δέον.
2018 5571 2206 5626 Possm

2158 5586 2233 5626 IN.
2315 5572 2605 5647 (55)_Inter
2633 5574 2739 5647 γριρ
2774 5584 2827 5628 et
2871 5571 2937 5647 ἦν
2979 5576 3135 5631 iidem
3179 5576 3293 5647 cod.
3331 5577 3559 5634 inserunt
3594 5568 3724 5640 ﬁt,“

637 5643 747 5711 ('54)
778 5643 966 5709 Iidem,
1003 5644 1172 5712 παρά.
1202 5641 1275 5697 In.

2241 5640 2382 5697 vers.
2416 5642 2469 5707 5,
2504 5656 2597 5711 pro
2632 5640 2775 5713 εἶχον
2814 5640 3053 5701 scribunt
3081 5647 3240 5719 ἔχειν,
3269 5646 3343 5702 lo.
