3974 6144
313 261 446 330 1581

813 373 982 429 ΥΛΔ’.
1019 403 1089 414 --
1137 371 1363 426 ΘΕΩΝῙ.

1142 261 1674 346 EPISTOLARUM
1707 263 1852 324 LIB.
1995 286 2064 298 ⁷-
2100 262 2725 325 EPIST.-CDXXXIX.

3418 257 3440 322 1

2387 262 2725 325 ῙΒΧΧΧΙΧ.
3418 261 3552 326 1582

2387 368 2722 426 CDXXXIV.
2753 396 2824 410 -
2854 363 3130 423 THEDNI.

1674 486 1988 558 Παράδοξον
2025 489 2174 555 quid.

385 598 692 669 ῐῐαράδοξόν
716 601 891 662 ἐστιν,
940 596 986 654 ὧ
1020 602 1262 671 βέλτιστε
1292 642 1307 665 ,
1351 601 1414 656 τὸ
1442 603 1542 674 τῆς
1568 601 1878 674 κρατούσης

305 690 465 761 δόξης
499 694 760 770 κρεῖττον,
793 694 886 747 καὶ
913 695 1013 764 τῆς
1044 695 1332 766 συνηθείας
1362 695 1670 766 ἀλλότριον.

641 893 816 952 ΥΛΕ’.
845 925 918 937 -
939 895 1240 968 ΛΕΟΝἹἺῼ
1265 897 1586 970 ΔιΑκοΝῼ.

2050 603 2110 658 id
2139 604 2442 675 παράδοξον
2473 614 2555 659 est
2580 604 2606 670 (
2624 603 3007 674 inopinatum),
3049 602 3288 658 virorum
3323 603 3547 672 optime,

1984 697 2381 764 appellandum,
2419 697 2564 764 quod
2611 708 2829 751 omnem
2871 695 3086 750 escedit
3121 693 3455 764 opinionem,
3495 702 3551 747 et.

1983 787 2050 840 ab
2080 801 2179 842 usu
2206 795 2289 840 est
2311 786 2566 840 alienum.

2104 889 2274 963 688
2306 894 2616 953 CDXXX'V.
2641 892 3031 950 —LEONTIO
3068 891 3422 950 EPISCOPO.
3513 983 3516 988 Ι

1381 987 1513 1042 lati
1537 988 1843 1058 superbique
1866 989 2159 1044 sacerdotes
2191 988 2477 1042 coercendi.

373 1097 579 1166 Μηδὲν,
618 1092 664 1152 ὧ
717 1099 946 1170 ἄριστε,
995 1099 1092 1152 ἐπὶ
1138 1100 1239 1170 τῆς
1282 1101 1383 1171 σῆς
1434 1100 1638 1172 ἀρετῆς
1690 1101 1877 1172 ἄχαρι,

304 1193 432 1262 μηδ’
455 1192 686 1262 ἀπηχὲς,
705 1193 765 1245 τό
796 1209 862 1260 γε
885 1193 978 1244 ἐπὶ
999 1194 1200 1264 σαυτῷ,
1224 1195 1584 1264 συγχωρήσῃς
1608 1194 1881 1261 γενέσθαι,

303 1282 440 1336 ἀλλὰ
469 1284 566 1337 καὶ¹
589 1287 700 1347 τοῖς
725 1283 965 1354 νεώτερα
983 1302 1109 1338 τινα
1136 1287 1218 1347 είς
1243 1287 1368 1348 τοὺς
1392 1286 1880 1355 ἐκκλησιαστικοὺς

302 1373 541 1444 θεσμοὺς
577 1373 915 1442 βουλεύουσι,
950 1373 1076 1444 λέγε
1128 1375 1203 1439 ὡς
1233 1375 1560 1445 οἰμώξονται
1599 1375 1879 1428 κάνταῦθα

301 1467 549 1530 κάκεῖσε,
580 1469 628 1519 εἰ
661 1467 735 1536 μὴ
763 1466 858 1519 τοῦ
890 1468 1260 1538 νεωτερισμοῦ
1289 1467 1751 1538 λήξειαν.Ὦσπερ
1771 1468 1879 1538 γὰρ

305 1556 408 1607 σὺν
441 1555 636 1626 ἀλογία
674 1554 952 1626 ἥφθησαν,
1001 1557 1176 1627 τόλμῃ
1219 1558 1430 1628 ἀκρίτῳ
1468 1557 1668 1628 μᾶλλον
1709 1559 1879 1630 ἐπαρ-

2054 1101 2221 1166 Nihil,
2253 1104 2336 1156 vir
2377 1102 2598 1170 optime,
2637 1093 2823 1156 virtuti
2859 1110 2964 1156 tua:
3007 1102 3280 1171 ingratum
3317 1111 3410 1156 aut
3451 1103 3555 1156 ab-

1984 1208 2176 1246 sunum
2209 1192 2458 1247 accidere
2492 1191 2796 1259 permittas,
2841 1205 3028 1246 verum
3063 1191 3129 1245 iis
3162 1191 3251 1260 qui
3294 1191 3556 1246 innovare

1983 1285 2113 1354 quid
2153 1285 2208 1339 in
2257 1282 2644 1338 ecclesiasticis
2691 1283 2912 1336 student
2956 1281 3322 1337 {unctionibus
3361 1283 3553 1346 dicito,

1985 1377 2312 1446 ploraturos.
2365 1376 2416 1429 id
2462 1385 2544 1430 est
2591 1375 2706 1429 fore
2751 1374 2994 1430 infelices
3043 1374 3097 1428 in
3146 1375 3246 1428 hac
3280 1375 3557 1442 alteraque

1985 1470 2114 1532 vita,
2172 1467 2272 1520 nisi
2309 1467 2468 1520 rebus
2511 1465 2734 1519 studere
2777 1465 2934 1520 novis
2975 1465 3267 1519 desistant.
3307 1464 3379 1519 Ut
3405 1463 3554 1518 enim

1985 1560 2342 1629 imprudentia
2379 1557 2535 1622 elati,
2583 1557 2810 1611 audacia
2841 1557 3135 1612 temeraria
3183 1556 3358 1624 magis
3386 1570 3550 1624 quam

299 1645 486 1708 θέντες
517 1649 598 1709 είς
625 1645 722 1716 τὴν
757 1646 1120 1717 ἐπιχείρησιν,
1152 1646 1495 1718 ἢτᾶξιώσεως
1530 1648 1714 1719 δικαίᾳ
1754 1649 1878 1719 κρί-

1990 1652 2126 1720 iusto
2159 1649 2432 1718 opinionis
2459 1647 2663 1716 judicio
2683 1647 3009 1714 incitant-ur,
3051 1649 3123 1701 ita
3164 1647 3441 1715 probabile
3471 1655 3556 1700 est

299 1754 407 1800 σει,
437 1736 600 1800 οὕτω,
619 1737 760 1790 κατὰ
785 1738 845 1790 τὸ
869 1738 1038 1802 εἰκὸς,
1061 1738 1156 1791 καὶ
1175 1738 1666 1809 καθαιρεθήσονται
1690 1739 1880 1792 πάλιν.

313 1826 564 1888 Ἀσθενές
591 1827 698 1896 γὰρ
733 1828 820 1878 ἀεὶ
859 1827 920 1880 τὸ
949 1829 1078 1898 παρ’
1108 1827 1268 1890 ἀξίαν
1290 1842 1306 1857 ⁶
1338 1827 1564 1880 καὶτῶν
1600 1827 1742 1880 κατὰ
1763 1828 1883 1880 τόλο

297 1935 412 1987 -μαν
441 1918 721 1985 ἀλόγιστον
757 1920 1139 1988 ἐπαιρομένων
1179 1919 1334 1972 οὐδὲν
1379 1919 1624 1988 βέϐαιον,
1657 1922 1880 1988 ταχεῖαν

293 2009 358 2061 δὲ
389 2007 499 2084 ἔχει
535 2007 631 2079 τὴν
662 2010 989 2080 μεταϐολὴν,
1016 2011 1064 2062 εξ
1099 2011 1174 2082 μὴ
1205 2013 1302 2064 σὺν
1328 2012 1498 2082 ἀρετῇ
1529 2011 1796 2079 γίγνοιτο.

541 2141 730 2208 ΥΑςι.
771 2172 841 2185 -
877 2143 1128 2214 ΖΩΣΙΜῼ
1161 2143 1631 2216 ΠΡΕΣΒΥΤΕΡῼ.

1989 1743 2186 1794 iterum
2215 1741 2634 1794 sulwcrtemlos.
2670 1737 2942 1792 Inﬁrmum
2993 1749 3075 1792 est
3117 1739 3258 1792 enim
3299 1736 3558 1806 quidquid

1986 1831 2306 1899 dignitatem
2366 1837 2627 1896 superat,
2687 1843 2914 1896 qumque
2973 1828 3264 1882 indiscreta
3332 1825 3559 1879 audacia

1985 1921 2126 1974 elata
2160 1931 2308 1982 sunt,
2357 1918 2652 1983 instabilia,
2689 1919 2915 1988 .citoque
2943 1918 3332 1981 immutantur,
3381 1916 3488 1971 nisi
3524 1929 3559 1970 a

1983 2014 2184 2068 virtute
2212 2012 2650 2081 proﬁciscantur.

2151 2144 2486 2200 CDXXXVI.
2517 2176 2590 2186 —
2623 2142 2874 2200 ZOSIMO
2913 2143 3385 2201 PRESBYTERO.

1213 2237 1394 2309 Iniqui
1417 2240 1591 2308 arguit
1618 2239 1918 2302 sacerdotii,
1942 2249 1996 2292 ut
2015 2247 2062 2293 et
2098 2238 2247 2306 epist.
2277 2254 2422 2306 sequ.
2461 2247 2509 2291 et
2538 2237 2662 2291 MO.

373 2348 556 2402 Δεινδν
589 2349 686 2420 μὲν
726 2349 825 2402 ,καὶ
855 2348 918 2402 τὸ
961 2353 1145 2422 τρυφῇ
1181 2349 1276 2403 καὶ
1302 2349 1531 2421 λαγνείᾳ
1573 2351 1872 2404 ἑαλωκέναι

296 2441 584 2511 ἄνθρωπον
616 2443 696 2505 εἰς
731 2441 1033 2514 ἱερωσύνην
1077 2443 1225 2508 ὅπως
1260 2444 1461 2515 δήποτε
1496 2444 1756 2496 δοκοῦντα
1787 2461 1874 2495 τε-

300 2533 437 2586 λεῖν.
470 2533 544 2584 Τὸ
577 2533 632 2586 δὲ
669 2533 888 2586 πάντων
939 2533 1331 2604 σχετλιώτατον
1376 2535 1554 2588 ἐκεῖνό
1597 2536 1766 2597 ἐστιν,
1797 2536 1877 2587 ὅτι

299 2625 371 2676 τὰ
391 2624 500 2677 τῶν
523 2623 752 2694 ἀνιέρων
779 2625 872 2677 καὶ
895 2623 1103 2692 ἐναγῶν
1131 2623 1409 2694 πράττεις,
1433 2624 1532 2692 τῆς
1561 2623 1617 2676 δέ
1640 2623 1747 2676 ἀπὸ
1775 2619 1867 2673 τοῦ

299 2713 480 2767 δοκεῖν
507 2713 805 2786 ἱερωσύνην
837 2715 1134 2785 κεκτῆσθαι
1162 2717 1416 2784 ἀντιποιῇ
1449 2714 1626 2784 δόξης.

609 2825 779 2879 ΥΛΖ’.
802 2856 866 2863 -
899 2826 1201 2894 ΕΥΤΟΝΙῼ
1234 2826 1556 2895 maxime.

2051 2350 2333 2404 Molestum
2367 2366 2495 2405 sane
2521 2349 2726 2405 deliciis
2762 2365 2825 2404 ac
2849 2349 3058 2405 libidini
3101 2352 3340 2407 deditum
3384 2354 3561 2408 homi-

1983 2456 2101 2495 nem
2136 2444 2470 2495 sacerdotem
2498 2441 2843 2496 ordinarin
2871 2456 2999 2496 vero
3037 2445 3275 2499 maxime
3315 2449 3556 2500 omnium

1981 2531 2370 2596 deplorandum
2399 2539 2505 2592 est,
2534 2531 2676 2598 quod
2704 2530 2970 2600 sacrilege
2993 2531 3268 2602 impieque
3302 2543 3351 2587 to
3381 2550 3557 2602 geras.

1980 2615 2163 2685 Fingis
2199 2632 2330 2671 vero
2359 2615 2720 2673 sacerdotium
2736 2615 2867 2686 jure
2911 2625 2972 2672 ut
3007 2619 3286 2686 possidere
3321 2620 3555 2676 videare.

2186 2816 2538 2873 CDXXXVII.
2571 2848 2640 2857 —
2676 2816 2982 2875 EUTONIO
3017 2819 3342 2880 DIACONO.

1073 2915 1153 2970 De
1191 2915 1391 2969 Zosimi
1424 2917 1586 2977 uitiis,
1608 2931 1705 2982 pro
1733 2930 1833 2981 quo
1863 2927 2014 2963 orare
2041 2922 2226 2962 mouet.
2255 2908 2415 2978 (Vide
2441 2912 2591 2978 epist.
2626 2911 2776 2981 105.)

367 3036 446 3088 Σὺ
481 3034 580 3105 μὲν
612 3034 840 3096 εἰκότως
869 3031 1197 3102 θαυμάζεις,
1239 3033 1386 3093 ὅπως
1417 3033 1444 3084 ὁ
1481 3028 1662 3091 ἅθλιος
1709 3028 1875 3081 Ζώσι-

2053 3025 2220 3079 Recte
2240 3027 2488 3095 equidem
2518 3026 2752 3096 iureque
2781 3031 2985 3098 optimo
3016 3031 3252 3101 miraris,
3271 3033 3552 3090 Zosimnm

298 3144 404 3197 μος
433 3125 687 3194 ἐκθύμως
727 3127 828 3193 τῆς
863 3124 1061 3186 κακίας
1111 3122 1318 3192 ἐχεται,
1354 3121 1448 3174 καὶ
1497 3120 1694 3189 δεσμὸς
1722 3111 1878 3180 οὗτός

291 3222 446 3270 ἐστιν
477 3213 748 3286 ἀρραγὴς,
776 3213 833 3266 ὃν
865 3213 966 3266 οὐκ
1003 3213 1069 3266 ἆν
1098 3212 1359 3280 διακόψας
1397 3208 1604 3279 οἴχεται
1636 3208 1877 3278 φερόμε-

289 3326 386 3370 νος
423 3308 515 3360 ἐπὶ
548 3307 646 3367 τὰς
674 3305 909 3368 ἀτόπους
942 3304 1192 3374 πράξεις.
1223 3304 1443 3374 "Ei-spot.
1472 3302 1527 3355 δὲ
1560 3301 1621 3352 οὗ
1665 3299 1879 3369 θαυμά-

291 3399 506 3462 ζουσιν,
541 3395 676 3450 ἀλλὰ
722 3395 815 3446 καὶ
864 3393 1089 3457 εἰκότως
1133 3395 1196 3463 τῇ
1237 3392 1297 3455 ἐξ
1342 3391 1516 3461 ἀρχῆς
1563 3390 1876 3459 ἀναστροφῇ

290 3489 397 3557 τὴν
431 3486 628 3539 κακίαν
669 3484 941 3556 ηὐξῆσθαι
969 3484 1268 3554 νομίζουσι.
1304 3483 1374 3536 τὸ
1411 3483 1507 3553 μὲν
1533 3480 1642 3552 γὰρ
1671 3482 1734 3533 ἐκ
1755 3478 1877 3531 δού-

289 3581 394 3632 λου
457 3577 657 3647 πατρὸ,;
718 3575 1125 3644 πεφυτεῦσθαι,
1176 3574 1685 3645 παραλιμπάνουσιν
1737 3571 1876 3623 είκόο

292 3687 430 3733 τως.
487 3668 675 3722 Πολλοὶ
704 3672 814 3738 γὰρ
843 3666 1048 3719 οἰκέται
1081 3665 1382 3736 ἐλευθέρων
1415 3659 1550 3717 εἶναι
1577 3663 1876 3715 δοκούντων

292 3763 558 3831 ἀμείνους
585 3760 688 3812 εἰσὶ
729 3759 867 3812 κατὰ
902 3760 1026 3821 τοὺς
1067 3757 1302 3827 τρόπους
1322 3773 1334 3786 ·
1367 3757 1466 3826 τὴν
1498 3755 1555 3807 δὲ
1585 3755 1644 3820 ἐξ
1669 3753 1873 3823 ἐφήϐου

294 3845 527 3916 ἀγωγὴν
557 3845 892 3910 κακίζουσιν,
911 3844 986 3907 ῶς
1009 3843 1188 3914 πάσης
1216 3843 1414 3906 κακίας
1434 3840 1598 3895 οὖσαν
1626 3843 1834 3911 μεστήν
1855 3856 1871 3870 ο

298 3936 388 3988 διὸ
437 3934 527 3988 καὶ
586 3934 929 4006 συνηνδρώθη
971 3933 1120 4004 αὐτῷ
1169 3933 1275 3986 τῶν
1307 3934 1493 3988 κακῶν
1535 3935 1570 4003 ἡ
1615 3933 1872 4003 διάθεσις,

295 4026 399 4078 καὶ
433 4025 512 4086 εἰς
550 4022 661 4089 ἕξιν
713 4024 925 4095 προύϐη
962 4025 996 4095 ἡ
1057 4024 1311 4094 πονηρία.
1368 4024 1664 4093 Ἀφέμενος
1697 4023 1875 4076 τοίνυν

301 4116 411 4170 τοῦ
449 4115 769 4186 θαυμάζειν,
799 4117 894 4186 τὴν
920 4116 1008 4169 διὰ
1033 4115 1142 4172 τῶν
1173 4115 1387 4184 εύαγῶν
1418 4113 1614 4168 σαυτοῦ
1645 4130 1876 4185 προσευ-

293 4209 414 4280 χῶν
481 4207 628 4278 αύτῷ
683 4208 906 4277 χάρισαι
953 4207 1288 4278 θεραπείαν’
1339 4207 1479 4278 τάχα
1533 4224 1650 4271 πως
1711 4222 1876 4276 μετα-

299 4297 483 4368 γνοίη.
997 4309 1000 4313 ’

823 4409 1000 4464 mea
1032 4439 1102 4450 —
1126 4408 1358 4478 ΝΕΙΛῼ.

1981 3117 2133 3171 illum
2183 3127 2430 3171 nostrum
2474 3127 2723 3187 prompte
2759 3120 2892 3173 mala
2946 3137 3172 3192 qumque
3214 3133 3448 3192 patrare,
3486 3141 3553 3181 ac

1981 3207 2196 3262 vinculo
2227 3207 2390 3263 veluti
2422 3206 2655 3262 infracto
2701 3211 3004 3281 colligatum
3035 3213 3088 3266 in
3123 3228 3357 3284 praeceps
3391 3214 3551 3283 ferri,

1984 3299 2218 3352 absurda
2257 3314 2484 3368 quaeque
2527 3301 2937 3356 committeudo.
2971 3305 3037 3356 At
3069 3303 3156 3357 alii
3205 3305 3428 3363 minime
3458 3311 3551 3363 ad-

1983 3390 2268 3455 mirantur,
2316 3392 2598 3448 credentes
2627 3393 2740 3462 jam
2789 3394 2914 3447 inde
2953 3394 3020 3448 ab
3053 3393 3279 3449 infantia
3326 3413 3552 3465 perver-

1979 3494 2068 3533 sos
2093 3479 2145 3533 in
2170 3480 2287 3535 dies
2309 3497 2486 3538 mores
2513 3483 2902 3539 accumulasse.
2924 3483 3084 3538 Patre
3112 3485 3255 3539 enim
3285 3489 3552 3558 mancipio

1977 3577 2165 3621 natum
2203 3585 2328 3626 esse
2375 3572 2567 3626 merito
2620 3583 2968 3642 praetereunt.
3010 3570 3169 3628 Servi
3209 3577 3353 3631 enim
3401 3580 3552 3634 multi

1977 3657 2164 3714 liberis
2188 3660 2496 3717 hominibus
2536 3677 2677 3729 saepe
2707 3674 2967 3731 praestare
3005 3669 3246 3724 moribus
3265 3671 3550 3739 reperiun-

1979 3756 2087 3803 tur.
2128 3749 2256 3818 Ejus
2287 3766 2414 3805 vero
2451 3767 2513 3805 ex
2563 3753 2785 3820 ephebis
2831 3756 3144 3812 excedentis
3176 3761 3548 3816 educationem

1979 3850 2259 3902 accusant,
2294 3850 2355 3893 ut
2383 3841 2560 3894 omnis
2585 3842 2801 3909 generis
2834 3843 3086 3900 refertam
3118 3848 3282 3901 vitiis.
3326 3849 3459 3904 lliuc
3493 3860 3551 3906 et.

1979 3929 2045 3981 ad
2081 3929 2286 3982 virilem
2322 3947 2494 3999 usque
2531 3942 2742 3986 :etatetn
2794 3935 3050 3989 comitata
3099 3937 3412 4006 improbitas
3440 3950 3546 4006 est,

1976 4019 2221 4087 abiitque
2255 4023 2308 4074 in
2355 4023 2620 4076 habitum.
2666 4025 2847 4077 Mirari
2881 4024 3061 4094 itaque
3106 4029 3311 4093 desine,
3346 4031 3393 4084 si
3423 4045 3549 4100 pre-

1978 4109 2134 4164 cibus
2169 4125 2266 4179 pro
2294 4127 2358 4166 eo
2384 4113 2449 4166 ad
2475 4112 2640 4168 Deum
2690 4116 2824 4171 fusis
2866 4117 3042 4186 placet
3089 4116 3164 4172 illi
3210 4121 3544 4192 gratiﬁcari;

1978 4201 2209 4271 gratiam
2245 4202 2384 4258 forte
2414 4214 2537 4274 post
2570 4216 2652 4260 est
2681 4207 2983 4264 habiturus.

2415 4405 2792 4464 CDXXXVIIL
2828 4439 2898 4451 —
2927 4410 3111 4469 NILO.

559 4499 831 4554 Moderata
856 4499 1078 4553 laudare
1111 4508 1308 4569 oportet
1332 4538 1346 4563 ,
1373 4513 1462 4550 nec
1491 4497 1730 4551 extollere
1751 4494 1896 4549 nimii

1990 4495 2218 4549 tudibus.
2244 4494 2420 4565 (Cani.
2443 4499 2593 4565 epist.
2618 4499 2746 4564 556,
2769 4501 2894 4566 557,
2928 4502 3031 4556 417
3061 4514 3108 4558 et
3131 4505 3279 4578 411.)

373 4619 434 4671 Εἰ
468 4618 564 4670 καὶ
597 4619 643 4669 oi
680 4617 952 4686 φιλότιμοι
993 4617 1058 4668 δι’
1087 4613 1324 4669 ἐπαίνων
1363 4615 1596 4684 μάλιστα
1624 4614 1873 4684 παραθή-

293 4724 486 4774 γονται
539 4705 764 4776 (διψῶσι
813 4705 922 4774 γὰρ
972 4706 1208 4758 ἐπαίνων
1256 4707 1479 4776 μᾶλλον,
1538 4705 1571 4775 ἢ
1617 4705 1872 4774 ποτῶν),

294 4797 436 4851 ἀλλὰ
472 4798 704 4867 μετρίως
751 4797 858 4866 χρὴ
897 4796 1122 4859 τούτους
1152 4797 1456 4860 ποιεῖσθαι,
1497 4797 1592 4850 καὶ
1620 4797 1694 4866 μὴ
1733 4796 1874 4864 ἄγαν

296 4883 567 4949 ὑφαίνειν.
596 4881 788 4933 Πολλοὶ
831 4882 940 4950 γὰρ
983 4883 1047 4933 ἐκ
1090 4884 1186 4952 τῆς
1216 4884 1522 4952 ὑπερϐολῆς
1565 4885 1672 4936 τῶν
1702 4887 1869 4952 ἐγκω-

297 4972 441 5040 μίων
474 4971 792 5035 ἐκλυθέντες
816 5012 829 5036 ,
858 4971 1110 5024 ἐκλύουσι
1142 4973 1240 5042 τὴν
1273 4976 1349 5036 εἰς
1375 4975 1499 5038 τοὺς
1535 4974 1726 5037 πόνους
1766 4993 1872 5029 πα-

298 5064 599 5134 ρασκευήν.

297 5175 472 5229 ΥΛΘ’.
505 5207 575 5216 ——~
601 5177 1254 5299 AFAGOAAIAIFIJSEHKVAI
1284 5179 1525 5249 ΩΦΕΛΙῼ
1556 5180 1873 5232 ΙῬΛΜΜΔ-

2042 4610 2156 4666 Etsi
2185 4612 2358 4668 laudis
2399 4614 2576 4683 cupidi
2602 4616 2770 4685 gloria
2811 4618 3150 4701 potissimum
3187 4625 3545 4682 exstimulan-

1976 4708 2066 4754 tur
2096 4702 2328 4773 (laudem
2345 4705 2492 4758 enim
2528 4705 2645 4775 plus
2675 4723 2837 4777 quam
2873 4723 3056 4780 potum
3087 4714 3326 4785 sitiunt),
3364 4717 3547 4772 mode-

1975 4801 2092 4846 rate
2132 4803 2312 4848 tamen
2359 4798 2624 4864 agendum
2673 4799 2799 4866 illis,
2845 4819 3017 4870 neque
3065 4811 3250 4860 texere
3294 4807 3541 4862 nimium.

1975 4879 2227 4951 Plerique
2253 4883 2397 4937 enim
2427 4885 2581 4940 laude
2627 4887 2849 4942 nimium
2885 4890 3010 4944 elati
3039 4890 3274 4948 laborem
3303 4895 3545 4950 vicissim

1979 4971 2420 5043 diligentiamque
2455 4978 2760 5036 remittunt.

1973 5180 2324 5236 CDXXXIX..-
2357 5211 2428 5221 ——
2477 5138 3042 5242 AGATIiODJEMONI
3101 5189 3188 5243 ET
3244 5189 3548 5248 OPHELIO

2517 5252 3016 5312 GRAMMATICIS.

1429 5343 1753 5395 Miscendth
1791 5345 1916 5398 utile
1947 5346 2087 5398 dulci
2119 5347 2170 5398 in
2205 5345 2432 5413 scriptis.

388 5455 604 5526 Ἐπειδὴ
646 5458 702 5508 αἱ
737 5458 1027 5526 μονοειδεῖς
1060 5460 1277 5530 μελέται
1303 5477 1360 5512 τε
1392 5461 1484 5512 καὶ
1519 5462 1871 5529 παραινέσεις

295 5547 562 5600 κόπτουσι
593 5550 796 5619 τρόπον
843 5553 964 5606 τινὰ
1005 5555 1100 5623 τῆς
1135 5554 1243 5634 τῶν
1291 5553 1667 5623 ἁμελεστέρων
1696 5553 1872 5624 ψυχῆς

294 5638 369 5691 τὰ
394 5636 558 5706 νεῦρα
604 5637 772 5708 (δοκεῖ
815 5641 919 5712 γὰρ
961 5642 1142 5705 αὐτοῖς
1179 5644 1328 5696 πᾶσα
1362 5641 1629 5712 μεταϐολὴ
1662 5642 1876 5712 σχήμα-

2049 5461 2276 5523 Quando
2301 5463 2720 5518 declamationes
2749 5465 3547 5542 itortationesquessaunius

1981 5550 2124 5605 modi
2163 5565 2358 5604 nervos
2389 5552 2558 5605 animi
2611 5553 2908 5620 praecidunt
2958 5555 3341 5625 negligentium
3387 5569 3548 5626 atque

1983 5645 2293 5712 ignavorum
2352 5647 2552 5716 (omnis
2598 5646 2740 5700 enim
2796 5647 3129 5704 schematum
3193 5651 3419 5704 variatio
3460 5650 3544 5719 ju-
