3974 6144
489 242 623 309 1583

1648 254 1717 315 ‘S.
1758 252 2053 316 ISIDORI
2088 250 2523 315 ΡΕΙᾸΙΞΙΟΤᾹΞ

3585 230 3727 323 issi

486 368 660 422 cunda
702 364 807 422 illis
845 366 1103 437 exsistit),
1141 364 1341 437 scripta
1376 368 1530 424 decet
1560 369 1741 425 studio
1770 371 2047 442 animique
2075 374 2099 428 Α

2163 386 2235 433 τος
2262 369 2406 439 ἡδὺ),
2424 368 2529 439 χρὴ
2556 366 2624 422 τὰ
2656 367 3060 440 συγγράμματα
3086 369 3150 424 ἐκ
3187 369 3423 442 σπουδῆς
3453 372 3551 426 καὶ
3579 376 3727 443 ψυχ-

486 469 635 514 motu
685 468 1007 529 temperare.
1061 460 1137 513 Es
1185 461 1349 515 animi
1405 461 1669 531 siquidem
1714 473 1864 518 motu
1918 448 2053 517 nihil

2156 460 2405 530 αγωγίας
2434 461 2757 531 κεκρᾶσθαι.
2809 462 2903 515 Ἐκ
2945 462 3045 531 μὲν
3071 463 3181 533 γὰρ
3217 463 3316 533 τῆς
3360 463 3727 533 ψυχαγωγίας

486 552 709 607 studiosi
735 552 1097 608 oll'endnntur.
1118 553 1457 622 Negligentes
1490 568 1613 608 vero
1633 568 1701 608 ex
1728 555 1905 610 studio
1926 570 2051 609 cum

2163 555 2198 606 ii
2251 553 2508 623 ἐμμελεῖς
2556 553 2709 606 οὐδὲν
2753 553 3263 624 παραδλαϐήσονται
3292 593 3308 619 ,
3359 554 3469 607 ὑπὸ
3517 556 3577 607 δὲ
3623 555 3732 625 τῆς

487 642 651 697 animi
686 651 829 697 motu
864 652 1269 711 contenuperato
1306 642 1551 700 utilitatis
1586 643 1872 714 plurimum
1916 646 2048 700 hau-

485 736 645 789 rient.

878 841 1090 901 CDXL.
1124 872 1193 884 -—
1231 840 1637 903 THEODOSIO.

2152 646 2386 715 σπουδῆς
2431 645 2531 715 τῆς
2556 648 2621 732 τῇ
2654 645 2982 716 ψυχαγωγία
3013 646 3360 717 κεκραμένης
3391 647 3448 732 9i
3480 646 3562 717 μὴ
3597 647 3732 702 λίαν

2150 736 2286 808 ρᾴθυ
2296 753 2384 806 μοι
2408 728 2867 807 ὠφεληθήσονται.

2624 845 2760 899 m2
2800 875 2867 885 .-
2897 844 3247 917 semusto.

482 936 563 995 De
586 936 787 993 Zosimi
810 938 1002 992 iterum
1023 939 1127 992 vita
1149 936 1364 1002 vitiosa,
1383 936 1616 1004 precibus
1636 938 1810 1004 itaque
1834 934 1941 987 Deo
1962 936 2451 991 commendandum.
2479 934 2660 1007 (Supr.
2683 938 2831 1001 epist.
2864 936 2899 988 2
2924 946 2971 988 et
3000 936 3105 990 437
3128 954 3142 1002 ;
3177 936 3364 990 similis
3394 938 3549 1003 epist.
3578 937 3739 1005 103.)

552 1048 727 1103 Audio
746 1059 798 1103 te
819 1048 886 1103 de
916 1048 1079 1103 rebus
1108 1062 1214 1103 non
1235 1048 1433 1103 dudum
1464 1047 1750 1117 prteteritis
1773 1042 2044 1099 Zosimum

484 1156 741 1197 accusare
769 1179 785 1205 ,
827 1153 1001 1208 neque
1026 1154 1091 1194 ex
1121 1139 1382 1209 temporis
1412 1138 1561 1207 lapsu
1592 1138 2045 1206 Opportunitatent

482 1245 746 1300 quaerere,
775 1240 832 1283 nt
869 1229 1003 1284 falso
1031 1242 1277 1284 accuses.
1317 1228 1493 1283 Habes
1518 1228 1660 1281 enim
1695 1227 1744 1279 in
1776 1236 2043 1295 promptu,

481 1338 601 1393 quas
654 1320 897 1392 proferas
950 1329 1123 1391 gesta.
1188 1318 1385 1373 Verum
1434 1334 1538 1373 non
1576 1328 1682 1371 tam
1740 1318 2047 1371 accusando

482 1413 720 1483 linguam
770 1414 823 1466 in
852 1427 975 1465 eum
1022 1412 1181 1466 decet
1213 1424 1512 1473 exacuere,
1557 1424 1720 1479 quam
1773 1409 1825 1463 in
1856 1424 1920 1463 eo
1949 1410 2046 1481 de-

481 1506 771 1576 plorando,
813 1514 868 1557 et
911 1504 1077 1557 Deum
1133 1516 1229 1570 pro
1278 1503 1370 1555 illo
1418 1501 1751 1569 deprecando
1806 1509 2048 1567 satagere

479 1595 754 1651 convenit.
810 1596 1104 1648 Accusatus
1141 1594 1285 1647 enim
1321 1593 1387 1647 ad
1434 1592 1666 1656 malum,
1712 1602 1771 1645 ut
1800 1602 2043 1661 apparet,

482 1686 795 1742 incitabitur
836 1684 1007 1753 magis
1032 1700 1046 1738 :
1081 1683 1389 1752 deploratus
1414 1697 1544 1737 vero
1569 1683 1756 1753 pedem
1790 1683 1928 1738 forte
1958 1699 2046 1738 re-

483 1775 644 1832 feret.

948 1886 1084 1941 CDX
1095 1885 1179 1941 LI.
1210 1914 1282 1925 —-
1312 1883 1590 1941 ZOSIMO.

2222 1046 2352 1103 Οἶδα
2384 1049 2484 1119 μὲν
2513 1048 2571 1113 ἐξ
2596 1042 2669 1102 ὧν
2695 1048 2898 1112 ἀκούω,
2928 1048 3004 1111 ὡς
3035 1048 3133 1117 οὐχ
3156 1048 3297 1118 ὑπὲρ
3326 1049 3446 1103 λίαν
3475 1051 3738 1120 ἀρχαίων

2154 1141 2493 1211 πραγμάτων
2533 1141 2724 1209 λέγων,
2769 1140 2941 1203 ἀδεῶς
2988 1142 3253 1209 πράττεις
3288 1142 3386 1211 τὴν
3436 1143 3581 1195 κατὰ
3632 1143 3737 1194 τοῦ

2154 1230 2337 1283 ἀθλίου
2390 1229 2639 1298 Ζωσίμου
2716 1230 3050 1300 κατηγορίαν
3076 1268 3092 1295 ,
3150 1233 3566 1303 συναγωνιστὴν
3629 1234 3736 1285 οὐκ

2155 1319 2294 1389 ἔχων
2328 1321 2407 1384 είς
2438 1320 2790 1388 ψευδολογίαν
2840 1320 2932 1373 τὸν
2977 1320 3205 1390 χρόνον*
3240 1321 3385 1373 αὐτὰ
3435 1322 3546 1391 γὰρ
3588 1322 3737 1391 ἔχεις

2157 1410 2541 1481 μαρτυροῦντα
2567 1411 2632 1464 τὰ
2661 1411 2987 1481 πράγματα.
3035 1410 3195 1464 Ἀλλά
3226 1410 3334 1482 χρὴ
3363 1411 3441 1481 μὴ
3464 1410 3737 1464 τοσοῦτον

2152 1502 2250 1572 τὴν
2286 1501 2531 1570 γλῶτταν
2565 1502 2807 1565 ὁπλίζειν
2841 1503 2920 1565 είς
2958 1500 3057 1570 τὴν
3112 1500 3231 1553 κατ’
3283 1501 3451 1553 αὑτοῦ
3486 1518 3739 1572 κατηγο-

2157 1594 2297 1663 ρίαν,
2324 1595 2449 1646 ὅσον
2486 1595 2566 1657 εἰς
2595 1594 2720 1655 τοὺς
2747 1594 2828 1655 εἰς
2852 1592 3012 1644 αὑτὸν
3036 1591 3264 1661 θρήνους
3294 1592 3391 1644 καὶ
3430 1591 3534 1653 τὰς
3563 1609 3739 1662 προσ-

2151 1683 2333 1753 ευχάς.
2383 1683 2873 1753 Κατηγορούμενος
2900 1683 3028 1752 γὰρ,
3070 1682 3232 1735 πλέον
3282 1684 3364 1745 εἰς
3391 1682 3625 1746 κακίαν,
3662 1683 3740 1745 ὡς

2151 1776 2347 1840 ἔοικεν,
2376 1774 2680 1845 ἐρεθίζεται
2704 1790 2717 1804 ·
2746 1773 3111 1844 θρηνούμενος
3140 1773 3221 1838 δὲ,
3254 1775 3385 1838 ἴσως
3410 1774 3736 1843 ἀνενέγκοι.

2640 1884 2825 1937 TMA'.
2849 1913 2917 1923 -
2945 1885 3216 1955 ΖΩΣΙΜῼ.

1283 1973 1528 2029 Gentium
1559 1992 1730 2029 mores
1760 1992 1875 2029 cum
1909 1975 2100 2029 nostris
2141 1973 2343 2027 collati.
2381 1972 2557 2042 (Conf.
2593 1974 2741 2041 epist.
2771 1972 2917 2041 164.)

555 2089 706 2146 Multi
749 2089 887 2159 apud
913 2088 1133 2146 Gra‘cos
1168 2088 1433 2157 gentiles,
1480 2090 1620 2145 bone
1657 2091 1759 2152 vir,
1790 2090 2042 2143 virtutem

2220 2083 2411 2137 Πολλοὶ
2446 2085 2565 2152 μὲν,
2600 2076 2646 2136 ὦ
2676 2083 2941 2152 βέλτιστε,
2976 2086 3105 2155 παρ’
3141 2083 3369 2155 Ἕλλησι
3399 2084 3500 2155 τὴν
3531 2085 3743 2156 ἠθικὴν

484 2193 694 2238 morum
736 2179 924 2234 sectati
952 2188 1097 2232 sunt.
1156 2178 1212 2231 Si
1239 2192 1365 2232 vero
1400 2179 1589 2247 ignave
1616 2190 1778 2248 agere
1809 2176 2040 2245 patrium

2163 2175 2595 2245 ιατορθὼσαντες
2626 2175 2828 2247 ἀρετὴν
2870 2175 3085 2247 ᾅδονται
3114 2193 3128 2205 ο
3159 2178 3206 2228 εί
3234 2177 3289 2229 δὲ
3331 2178 3428 2229 καὶ
3466 2178 3530 2230 τὸ
3569 2178 3743 2248 ῥαθυ-

487 2270 593 2323 illis
619 2272 980 2339 nsitalumque
1020 2278 1171 2333 erat,
1206 2285 1271 2323 ne
1315 2270 1395 2323 sic
1420 2268 1637 2337 quidem
1680 2281 1777 2322 nos
1801 2266 2052 2322 convenit

2162 2269 2282 2338 μεῖν
2316 2266 2548 2330 ἐκείνοις
2596 2267 2828 2337 πάτριον
2871 2268 2966 2321 καὶ
3013 2268 3242 2338 σύνηθες
3272 2264 3362 2337 ἦν,
3411 2269 3526 2322 οὐδ’
3559 2271 3743 2332 οὕτως

487 2360 702 2415 virtutis
737 2361 1094 2417 intermittere
1115 2361 1376 2415 studium.
1412 2359 1545 2417 Nam
1579 2359 1918 2416 intervallum
1940 2374 2049 2430 quo

2163 2358 2293 2428 ἰμᾶς
2345 2355 2625 2426 προσῆκεν
2672 2356 2772 2427 τὴν
2825 2358 2954 2427 περὶ
2998 2358 3098 2428 τὴν
3147 2359 3350 2429 ἀρετὴν
3403 2362 3738 2430 ἐπιμέλειαν

489 2450 608 2507 illos
637 2466 952 2520 superamus
978 2452 1192 2507 veniam
1228 2464 1333 2503 non
1366 2450 1633 2505 concedit.

720 2651 975 2708 CDXLII.
1011 2681 1079 2689 ——
1118 2649 1425 2705 MACARIO
1462 2647 1813 2704 EPISCOPO.

2145 2447 2426 2518 προέσθαι.
2460 2446 2531 2498 Τὸ
2561 2446 2670 2531 γὰρ
2698 2446 2859 2517 μέσον
2891 2449 3023 2518 ἡμῖν
3050 2448 3184 2518 πρὸς
3208 2450 3451 2512 ἐκείνους
3477 2452 3585 2503 οὐκ
3638 2452 3741 2503 ὀλίο

2144 2557 2237 2606 γον
2278 2540 2517 2608 ὑπάρχον
2558 2538 2869 2608 ἀφαιρεῖται
2893 2539 2990 2609 τὴν
3031 2539 3385 2609 συγγνώμην.

2411 2651 2592 2705 YMB'.
2623 2680 2691 2691 -
2749 2652 3065 2724 ΜΑΚΑΡΙῼ
3103 2653 3483 2724 ΕΠΙΣΚΟΠῼ.

1298 2744 1496 2799 Orator
1525 2761 1628 2798 non
1658 2760 1857 2815 κοψεν
1887 2743 2186 2811 persuadet.
2223 2741 2338 2812 (Sic
2362 2747 2511 2812 epist.
2544 2746 2647 2798 420
2674 2757 2721 2799 et
2751 2746 2896 2816 5’47.)

552 2879 612 2934 Si
646 2879 841 2933 tatibus
862 2893 954 2932 usa
984 2877 1165 2932 verbis
1185 2877 1384 2942 oratio,
1414 2892 1532 2945 qua:
1557 2877 1722 2931 etiam
1753 2875 2044 2929 inanimem
2077 2916 2119 2968 ο

483 2968 699 3023 ﬂectere
734 2973 982 3020 naturam
1024 2965 1215 3020 merito
1246 2975 1441 3033 queat,
1472 2964 1863 3034 implacabilem
1901 2963 2045 3017 illam

486 3059 651 3111 l'cram
698 3056 749 3109 in
794 3055 1026 3124 seipsam
1072 3054 1382 3108 smvientein
1418 3054 1659 3107 emollire
1708 3070 1812 3105 non
1850 3054 2043 3121 potuit,

483 3149 716 3203 ostendit
755 3157 957 3217 aperte,
1004 3148 1146 3215 quod
1204 3146 1362 3200 tidem
1396 3146 1595 3210 facere,
1636 3155 1727 3199 aut
1778 3161 1880 3200 non
1922 3161 2045 3212 per-

484 3240 729 3299 suadere,
760 3236 830 3290 sit
876 3236 929 3289 in
960 3236 1227 3289 auditoris
1273 3245 1562 3303 potestate,
1595 3245 1814 3303 proiiter
1838 3237 2047 3289 arbitrii

484 3326 810 3386 libertatem,
841 3326 910 3380 ob
947 3340 1106 3393 quam
1136 3326 1311 3378 oratio
1344 3324 1539 3379 iudicio
1565 3336 1646 3379 est
1677 3327 1857 3393 digna.

868 3432 1144 3510 comit.
1175 3484 1245 3494 -
1285 3454 1667 3510 MARTYRIO.

2230 2877 2293 2928 Ei
2339 2877 2599 2939 τοιούτοις
2637 2876 2980 2946 χρησάμενος
3020 2877 3197 2944 λόγοις
3227 2876 3256 2927 ὁ
3293 2877 3486 2943 λόγος,
3532 2877 3588 2929 οἳ
3643 2880 3737 2930 καὶ

2163 2966 2260 3035 τὴν
2283 2965 2489 3034 ἄψυχον
2532 2966 2692 3030 φύσιν
2734 2965 2955 3028 εἰκότως
2985 2966 3051 3019 ἂν
3099 2966 3375 3037 ἔκαμψαν.
3410 2968 3515 3019 οὐκ
3546 2967 3732 3019 ἔπεισε

2152 3059 2213 3110 τὸ
2245 3055 2565 3125 ἀμείλικτον
2613 3059 2789 3109 ἐκεῖνο
2826 3056 3014 3128 θηρίον
3047 3058 3107 3110 τὸ
3144 3060 3265 3112 κατ’
3298 3059 3470 3111 αὑτοῦ
3515 3061 3732 3112 ἑπιλυτ-

2150 3147 2358 3215 τῆσανο
2392 3146 2558 3211 ἔδειξε
2590 3148 2854 3219 λαμπρῶς
2880 3191 2895 3213 ,
2931 3150 3013 3201 ὃτι
3044 3151 3105 3201 τὸ
3146 3152 3442 3221 πεισθῆναι
3489 3154 3585 3204 καὶ
3616 3154 3729 3222 μὴ,

2154 3238 2263 3291 τῶν
2306 3238 2609 3292 ἀκουόντων
2656 3239 2811 3303 ἐστὶ,
2859 3240 2947 3292 διὰ
2978 3240 3068 3291 τὸν
3106 3243 3205 3309 τῆς
3246 3241 3731 3312 αὐτεξουσιότητος

2157 3331 2305 3399 ὅρον,
2333 3331 2399 3383 δι’
2429 3331 2487 3383 ὃν
2518 3333 2613 3384 καὶ
2646 3334 2675 3384 ὁ
2702 3333 2801 3401 τῆς
2829 3332 3064 3402 κρίσεως
3092 3332 3372 3401 ἀξιόλογός
3400 3334 3519 3384 ἐστι
3549 3333 3726 3400 λόγος.

2600 3460 2867 3515 ΥΜιν.-
2900 3461 3274 3531 maerrem.

935 3545 1161 3598 Animus
1193 3545 1462 3600 instabilis
1490 3556 1713 3615 utraque
1744 3558 1887 3601 sorte
1918 3556 2174 3614 mouetur,
2200 3550 2407 3618 sapiens
2441 3566 2543 3604 non
2574 3551 2715 3605 item.
2745 3550 2907 3622 (Vide
2937 3552 3091 3620 epist.
3117 3552 3270 3619 408.)

555 3656 777 3712 Incerta:
822 3658 941 3713 lldel
986 3670 1040 3713 et
1093 3659 1372 3716 instabiles
1422 3661 1667 3717 homines
1700 3662 1954 3731 gaudium
1996 3670 2052 3715 et

485 3749 638 3803 dolor
673 3763 704 3801 a
735 3748 942 3802 decenti
985 3749 1263 3803 dimovent
1310 3758 1481 3803 statu.
1522 3748 1788 3803 Gaudium
1833 3750 2049 3818 quidem

485 3839 600 3891 alus
634 3840 872 3902 addens,
912 3852 975 3891 ac
1009 3839 1166 3891 veluti
1200 3837 1523 3893 debacchari
1572 3838 1844 3903 suadens;
1895 3838 2052 3891 dolor

483 3944 612 3983 vero
638 3944 695 3983 se
724 3929 1010 3983 demittere
1040 3929 1492 3999 l'ormidoloseque
1516 3943 1676 3999 agere
1698 3931 1862 3998 cogit.
1904 3929 2049 3982 Con-

484 4028 687 4073 stantes
712 4034 840 4074 vero
878 4020 1123 4089 beneque
1167 4020 1436 4074 stabilitas
1476 4033 1540 4074 ac
1594 4019 1887 4088 prudentes
1915 4018 2048 4072 nihil

486 4114 674 4166 liornm
703 4125 733 4165 a
758 4112 954 4168 decoro
974 4112 1232 4166 dimovet.
1270 4112 1440 4179 llujus
1460 4112 1604 4165 enim
1632 4111 2046 4166 exsultationem

486 4202 871 4269 lasciviamque
898 4203 1244 4270 comprimit,
1308 4211 1561 4272 tanquam
1592 4204 1857 4257 rationem
1890 4204 2049 4256 intel-

2229 3665 2369 3729 Τοὺς
2401 3665 2503 3735 μὲν
2526 3667 2874 3736 εὑριπὶστους
2902 3668 2996 3721 καὶ
3017 3667 3309 3730 ἀϐεϐαίους
3340 3669 3435 3721 καὶ
3462 3670 3615 3740 χαρά
3638 3670 3734 3723 καὶ

2156 3754 2300 3826 λύπη
2327 3757 2425 3824 τῆς
2466 3758 2779 3827 πρεπούσης
2826 3761 3216 3815 καταστάσεως
3257 3760 3728 3824 ἐξακοντίζουσιν·

2158 3848 2191 3917 ἡ
2226 3847 2322 3916 μὲν
2374 3848 2646 3917 πτεροῦσα
2696 3851 2790 3901 καὶ
2844 3854 3120 3921 παροινεῖν
3162 3852 3535 3905 ἀναπείθουσα
3560 3894 3577 3917 ,
3616 3857 3649 3923 ἡ
3678 3854 3730 3906 δὲ

2159 3936 2488 3990 ταπεινοῦσοι
2514 3939 2607 3990 καὶ
2631 3938 2910 4008 tito-sedeat;
2942 3941 3461 4010 παρασκευάζουσα.
3501 3945 3643 4009 Τοὺς
3678 3946 3730 3997 δὲ

2160 4026 2409 4096 βεϐαίους
2433 4029 2529 4082 καὶ
2555 4032 2973 4102 ἐρηρεισμένους
2993 4074 3009 4097 ,
3034 4037 3127 4097 καὶ
3150 4036 3391 4105 κρηπῖδα
3417 4040 3731 4108 φρονήσεως

2160 4119 2404 4189 ἔχοντας,
2457 4122 2568 4175 οὐδ’
2604 4124 2841 4195 ὁποτέρα
2868 4126 3071 4179 τούτων
3108 4126 3203 4179 τοῦ
3245 4128 3621 4198 προσήκοντος
3650 4129 3730 4193 ἐξ·

2165 4212 2367 4283 ίστησι.
2409 4215 2519 4284 Τῆς
2549 4215 2644 4285 μὲν
2671 4218 2778 4287 γὰρ
2807 4219 3228 4273 καταστέλλουσι
3256 4220 3325 4272 τὰ
3359 4222 3725 4291 σκιρτήματα.

491 4291 661 4344 lectus
692 4291 846 4345 freno
872 4293 1129 4358 regendo.
1172 4290 1267 4345 Illo
1288 4306 1420 4346 vero
1442 4292 1747 4360 superiores
1776 4292 2053 4360 reperiun-
2088 4296 2099 4350 l

2163 4304 2410 4375 καθάπερ
2441 4306 2640 4376 χαλινῷ
2672 4326 2779 4360 τινι
2827 4309 2905 4379 τῷ
2943 4308 3191 4380 λογισμῷ
3228 4312 3686 4381 ἀνασειράζοντες
3709 4326 3720 4337 ·

491 4391 597 4447 tur,
627 4381 885 4451 quidquid
913 4382 1257 4437 immodicum
1288 4383 1341 4437 in
1372 4380 1463 4438 illo
1489 4383 1829 4452 castigando.

666 4584 832 4657 690
879 4582 1155 4640 CDXLIV.
1192 4613 1262 4625 -ο
1298 4582 1889 4638 ΔΟΑΤΗΟΒΛΕΜΟΝΙ.

2156 4394 2252 4463 τῆς
2279 4393 2336 4445 δὲ
2369 4395 2676 4463 κρείττονες
2719 4398 3098 4467 εὑρίσκονται,
3130 4398 3228 4469 τὴν
3258 4402 3531 4471 ἀμετρίαν
3558 4401 3722 4468 αὐτῆς

2154 4481 2489 4544 κολάζοντες.

2521 4593 2688 4647 I‘MA'.
2716 4624 2785 4635 —
2817 4598 3350 4653 ΛΓᾹΘΟΔᾹΙΜΟΝΙ.

497 4680 569 4733 De
603 4680 773 4732 tritius
815 4677 1022 4731 dicendi
1054 4678 1348 4747 generibus,
1391 4692 1615 4740 summa,
1660 4676 1829 4762 medio
1857 4676 2159 4762 ςὶιλρηολξίω
2198 4679 2646 4762 Ιΐρρςενοε-οἱραηι
2694 4688 2931 4743 oratione
2969 4692 3139 4759 magis
3174 4693 3509 4759 persuadere.
3546 4690 3717 4762 (Conf.

1674 4748 1827 4812 epist.
1861 4747 1988 4809 215,
2027 4748 2135 4803 255
2169 4762 2215 4803 et
2246 4752 2372 4813 ‘265,
2404 4753 2551 4822 508.}

559 4884 769 4940 Novum
797 4884 924 4953 quid
958 4884 1226 4953 spectavi,
1264 4884 1406 4953 quod
1456 4898 1557 4936 non
1590 4884 1742 4937 facile
1779 4885 1898 4951 quis
1927 4898 2052 4952 per-

486 4975 684 5044 cipiat,
726 4972 826 5026 nisi
873 4988 984 5026 rem
1016 4982 1267 5025 accurate
1298 4973 1539 5025 edoctus.
1591 4970 1667 5024 De
1700 4972 1870 5026 tribus
1904 4974 2049 5027 enim

488 5062 677 5116 amicis
706 5061 773 5115 ad
816 5075 976 5113 unum
1000 5059 1277 5114 advocatis
1313 5059 1585 5128 negotium
1606 5097 1625 5122 ,
1652 5058 1744 5128 qui
1775 5060 1841 5113 ad
1865 5060 2051 5115 dicen-

487 5154 614 5209 dum
646 5153 957 5222 aptissimus
991 5158 1133 5215 erat,
1174 5150 1404 5206 dicendo
1432 5150 1657 5205 attendit
1684 5168 1701 5203 :
1750 5150 2050 5220 qultminns

489 5250 666 5311 aptus,
699 5242 909 5296 animos
932 5240 1217 5307 demisit,
1253 5250 1310 5294 at
1356 5240 1545 5294 tertius
1570 5240 1778 5295 dicendi
1826 5242 2045 5312 imperi-

489 5341 604 5396 tus,
662 5329 961 5399 persuasit,
1037 5338 1353 5399 tantumque
1408 5328 1654 5384 indoctus
1702 5330 1792 5386 hic
1850 5332 2043 5402 potuit,

487 5427 746 5487 quantum
779 5434 887 5472 non
916 5435 1160 5475 summus
1184 5419 1293 5474 ille.
1350 5418 1807 5488 Eloquentissinio
1829 5423 2045 5489 accidit,

489 5519 748 5579 quantum
784 5510 1162 5569 indoctissimo
1191 5512 1410 5568 evenire
1442 5528 1540 5581 par
1570 5524 1709 5570 erat.
1766 5513 1836 5570 Ut
1878 5516 2046 5571 inter-

490 5610 710 5667 rogatus
735 5600 988 5667 quidam,
1022 5603 1089 5658 ad
1114 5617 1273 5673 quem
1306 5602 1626 5673 legationem
1672 5602 1859 5672 terret,
1896 5606 2045 5663 dice-

2232 4886 2556 4957 Καινότερὸν
2596 4906 2650 4942 τι
2685 4892 2970 4963 τεθέαμαι,
3004 4894 3152 4948 ὂοῦκ
3178 4896 3243 4949 ἀν
3268 4914 3354 4959 τις
3390 4897 3590 4967 ῥαδίως
3627 4912 3712 4945 κα-

2159 4976 2457 5043 ταδέξριςτο,
2493 4978 2567 5047 μὴ
2590 4981 2830 5049 ἀκριϐῶς
2850 4986 2909 5036 τὸ
2934 4986 3167 5056 πρᾶγμα
3196 4988 3524 5057 πυθόμενος.
3548 4982 3714 5057 Τριῶν

2159 5065 2269 5135 γὰρ
2293 5066 2427 5135 ὁμοῦ
2467 5068 2636 5136 φίλων
2660 5073 2788 5142 περὶ
2811 5073 2931 5136 ἐνὸς
2963 5076 3430 5145 παρακαλούντων
3462 5079 3709 5146 πράγμα-

2156 5173 2249 5215 τος
2270 5196 2285 5219 ,
2323 5158 2351 5210 ὁ
2382 5157 2481 5226 μὲν
2512 5159 2818 5243 δεινότατος
2855 5167 3319 5237 προσπαρώξυνεν
3343 5212 3360 5234 ,
3404 5172 3433 5222 ὁ
3475 5170 3531 5222 δὲ
3565 5167 3709 5241 ἥττω

2153 5248 2325 5311 δεινὸς
2357 5249 2657 5321 ἐπράὓνενσ
2687 5254 2716 5306 ὁ
2756 5254 2812 5307 δέ
2846 5257 3140 5326 ἠμεληκὼς
3166 5259 3260 5312 τοῦ
3303 5261 3488 5329 λέγειν
3515 5262 3704 5315 Emis-3.

2154 5340 2265 5392 Καὶ
2285 5340 2522 5413 ἠδυνήθη
2551 5344 2648 5412 μὲν
2678 5347 2706 5398 ό
2730 5347 2949 5417 ἀμαθὴς
2974 5349 3249 5417 τοσοῦτον,
3285 5353 3411 5405 ὅσον
3433 5354 3599 5424 ἐχρῆν
3622 5353 3702 5404 τὸν

2152 5429 2490 5484 δεινότατον·
2536 5433 2704 5487 ἔπαθε
2736 5436 2792 5489 δὲ
2818 5438 2847 5490 ό
2889 5440 3345 5510 ῥητορικώτατος,
3378 5445 3516 5514 ὅπερ
3553 5444 3701 5513 ἐχρῆν

2154 5522 2244 5576 τὸν
2292 5524 2687 5592 ἀμαθέστατον.
2730 5530 2820 5593 Ὠς
2867 5532 2925 5584 δὲ
2952 5534 3204 5603 ὴρωτᾶτο
3251 5536 3495 5600 ἐκεῖνος,
3534 5532 3577 5605 ᾧ
3612 5535 3698 5603 τὴν

2155 5613 2450 5683 πρεσϐείαν
2481 5616 2837 5689 προσέφερον,
2876 5621 3001 5692 ἔφη,
3038 5643 3055 5675 ι
3092 5624 3170 5695 τῷ
3199 5627 3388 5698 τρόπῳ
3409 5628 3515 5682 τῶν
3540 5640 3696 5698 rupae
