3974 6144
289 309 429 376 1585

1120 305 1659 368 EPISTOLARUM
1691 304 1839 366 LIB.
1879 303 1948 364 ν.
2000 327 2047 339 -
2083 302 2322 364 EPIST.
2349 303 2714 367 CDXLVIII'.

3419 302 3562 367 1586

290 421 602 477 καλούντων
634 417 750 490 (-56)
785 418 1193 489 προεσχηκέναι
1231 418 1367 489 (37),
1396 419 1458 473 οὐ
1479 418 1557 490 τῷ
1585 419 1728 490 λόγῳ
1747 434 1763 450 ο
1789 420 1860 490 τῇ
1891 422 1931 477 Α

1990 426 2068 484 'et,
2121 437 2139 470 ε
2169 418 2257 473 hic
2287 432 2466 472 mores
2494 415 2793 472 dicentium
2821 415 3099 472 observari
3124 457 3139 481 ,
3179 430 3285 472 non
3329 417 3551 472 oratio-.

289 511 535 582 πολιτείᾳ
575 508 888 574 πεπεῖσθαι,
935 509 997 561 οὐ
1044 510 1116 579 τῇ.
1160 509 1479 581 εὐγλωττίᾳ.
1511 511 1574 564 ΕΞ
1599 509 1780 563 τοίνυν
1811 510 1842 562 6

293 606 410 676 βίος
435 603 530 657 τοῦ
562 603 724 671 λόγου
756 602 1123 673 περιγίνεται,
1149 601 1247 656 καὶ
1276 603 1312 673 ὴ
1340 601 1533 675 γνώμη
1558 602 1659 672 τῆς
1689 601 1871 672 γλώτ-

289 713 420 766 της,
452 694 670 763 πρῶτον
693 695 796 764 τὴν
823 693 1072 764 γνώμην,
1107 689 1231 746 εἶτα
1260 693 1360 764 τὴν
1384 693 1635 762 γλῶτταν
1657 710 1870 764 κοσμη-

288 785 416 838 τέον
437 800 450 814 ·
477 786 526 838 εί
542 785 599 838 δὲ
619 784 871 848 ἀπιστεῖς
894 782 1066 838 ταῦτα
1096 783 1444 854 γεγενῆσθαι,
1473 784 1552 848 είς
1571 783 1670 854 τὴν
1701 783 1870 854 Ὁμη-

293 874 455 946 ρικὴν
482 873 800 946 πρεσϐείαν,
827 874 893 942 ἢν
915 874 1003 928 ἀεὶ
1035 873 1126 928 ἐπὶ
1164 872 1406 944 γλώττης
1429 873 1594 944 ἔχεις,
1628 871 1719 926 τὸν
1745 871 1870 925 νοῦν

291 961 665 1041 παράπεμψον
686 977 702 997 '
732 960 862 1015 ἔνθα
898 962 927 1013 6
957 960 1055 1032 μὲν
1097 961 1402 1032 Ἰθακήσιος
1442 962 1746 1026 δεινότατος
1769 961 1868 1027 ὢν,

292 1053 455 1108 πλέον
496 1053 784 1124 παρώξυνε
819 1053 915 1107 τδν
953 1051 1196 1118 Πηλέως.
1233 1054 1294 1107 'O
1325 1055 1382 1109 δὲ
1423 1048 1583 1124 ἦττον
1619 1053 1810 1117 δεινὸς,
1843 1056 1871 1108 6

293 1143 644 1210 παιδαγωγός
673 1158 838 1212 φημι,
877 1139 1282 1210 κατεπράϋνεν.
1321 1141 1381 1194 '0
1411 1141 1467 1195 δὲ
1505 1141 1869 1211 Τελαμώνιος,

291 1235 322 1290 6
345 1233 466 1289 λίαν
494 1232 788 1306 ἠμεληκὼς
817 1232 908 1286 τοῦ
941 1231 1144 1301 λέγειν,
1185 1231 1371 1285 ἔπεισε
1401 1250 1414 1263 ·
1465 1235 1558 1286 καὶ
1588 1234 1871 1301 δεδύνηται

297 1324 399 1397 μὲν
429 1327 456 1378 ὁ
482 1324 828 1394 Τελαμώνιος
849 1324 1126 1390 τοσοῦτον,
1148 1325 1272 1378 ὅσον
1299 1324 1465 1395 ἐχρῆν
1495 1323 1586 1378 τὸν
1610 1324 1870 1396 Λαέρτουο

294 1413 470 1474 ἔπαθε
501 1413 560 1471 δὲ
584 1406 770 1481 οὗτος,
804 1415 942 1485 ὅπερ
981 1413 1149 1485 ἐχρῆν
1182 1414 1414 1468 ἐκεῖνον.

531 1708 711 1771 ΥΜΕ’.
744 1737 814 1752 --
853 1707 1106 1788 ΖΩΣΙΜῼ
1141 1706 1611 1778 ΠΡΕΣΒΥΤΕΡῼ.

1974 525 2139 576 nem;
2169 529 2188 562 ι
2226 509 2413 580 politia
2468 508 2830 581 institutoque
2873 508 2996 563 vitae
3038 510 3393 579 persuaderi,
3443 523 3550 564 non

1972 599 2306 669 eloquentia.
2368 597 2734 666 Quamobrem
2782 597 2829 667 si
2861 597 3102 654 orationi
3136 598 3258 654 vita
3306 606 3554 668 praestat,

1975 693 2141 746 etiam
2181 706 2333 746 mens
2363 690 2562 762 linguae
2595 690 2905 759 antecellit,
2946 705 3101 744 mens
3137 690 3318 758 itaque
3354 689 3553 758 primo,

1978 782 2174 838 dehinc
2203 780 2385 852 lingua
2419 787 2503 835 est
2535 780 2876 837 exornanda.
2940 779 3096 848 Quod
3147 779 3192 834 si
3247 778 3300 833 id
3352 777 3554 833 factum

1979 888 2100 928 esse
2131 873 2382 944 negabis,
2428 870 2772 928 lloinericam
2807 871 3168 942 legationem,
3197 884 3356 940 quam
3401 878 3456 925 et
3500 869 3554 924 in

1977 981 2073 1022 ore
2096 980 2311 1035 semper
2336 965 2536 1032 habes,
2581 965 2636 1020 in
2687 963 3003 1020 memoriam
3031 976 3247 1019 revoca.
3284 960 3362 1017 lbi
3408 961 3555 1016 enim

1980 1057 2200 1129 Ulysses
2260 1056 2593 1123 lthacensis,
2653 1055 3132 1126 eloquentissimus
3195 1069 3317 1110 cum
3383 1063 3553 1117 esset,

1973 1148 2206 1219 amplius
2256 1149 2506 1203 incitavit
2560 1147 2707 1203 Pelei
2753 1147 2920 1200 lilium
2950 1144 3236 1200 Achillem.
3303 1142 3400 1199 llic
3429 1159 3565 1197 vero

1975 1241 2150 1294 minus
2175 1239 2484 1306 vehemens,
2521 1239 2840 1308 paedagogus
2891 1237 3140 1306 inquam,
3167 1235 3404 1292 sedatior
3435 1233 3557 1289 fuit.

1973 1329 2284 1386 Telamonis
2300 1345 2428 1386 vero
2455 1330 2598 1384 [ilius
2620 1329 2779 1398 Ajax,
2811 1328 2901 1396 qui
2929 1327 3158 1382 dicendo
3182 1327 3401 1381 inﬁmus
3431 1326 3554 1387 fuit,

1973 1420 2249 1492 persuasit
2273 1438 2289 1475 :
2321 1419 2601 1491 potuitque
2623 1419 2759 1489 Ajax
2777 1417 3128 1474 Telamonius
3158 1425 3367 1472 tantum
3390 1430 3555 1486 quan-

1975 1522 2086 1568 tum
2115 1510 2330 1567 Laertis
2355 1511 2522 1568 lilium
2554 1509 2800 1581 Ulyssem
2834 1509 3136 1579 oportebat.
3177 1506 3256 1563 llli
3282 1521 3413 1564 vero
3436 1515 3559 1563 ten-

1979 1615 2089 1659 tum
2113 1601 2333 1669 accidit,
2364 1613 2624 1674 quantum
2659 1602 2805 1657 hunc
2834 1602 3078 1671 perferre
3106 1615 3206 1672 par
3236 1609 3375 1656 erat.

2175 1711 2432 1772 CDXLV.
2471 1741 2544 1754 —
2581 1711 2834 1768 ZOSIMO
2867 1708 3348 1768 PRESBYTERO.

307 1804 570 1862 Virtutem
593 1802 874 1864 colendam
899 1803 1188 1874 [hortatum
1216 1817 1379 1872 quam
1412 1801 2044 1884 proppsita_etiant_pwm
2078 1826 2139 1884 se
2179 1810 2373 1884 sectari
2416 1807 2575 1884 mille
2600 1815 2847 1874 testatur,
2879 1821 3041 1877 quam
3074 1803 3258 1861 uitium
3287 1806 3569 1876 proposita.

1263 1873 1501 1941 pra'mio.
1539 1869 1777 1941 (Confer.
1815 1872 1908 1928 lib.
1936 1893 1998 1941 ll,
2028 1881 2181 1949 epist.
2210 1878 2318 1934 240
2341 1888 2390 1933 et
2420 1877 2575 1949 233.)

361 2005 474 2076 Τὴν
514 2003 753 2075 ἐμαυτοῦ
801 2001 1031 2072 γνώμην
1066 2001 1256 2072 σαφῶς
1285 2003 1463 2057 εἰπεῖν
1499 2001 1783 2072 βούλομαι.
1815 2003 1878 2055 Εἰ

292 2098 353 2158 δέ
377 2115 461 2160 τις
483 2095 862 2168 ὑπερϐολικῶς
896 2095 1152 2165 εἰρῆσθαι
1185 2094 1327 2161 δόξει
1349 2135 1364 2157 ,
1386 2093 1634 2148 δοκείτω.
1665 2095 1731 2147 Ol.
1769 2094 1879 2166 γὰρ

293 2190 399 2257 τῆς
423 2189 620 2260 ἀρετῆς
650 2187 882 2259 ἐρασταὶ
929 2187 1346 2257 μαρτυρήσουσι
1371 2185 1450 2254 τῷ
1499 2185 1874 2256 ρηθησομένῳ.

294 2281 445 2355 Φημὶ
483 2279 664 2334 τοίνυν
685 2318 700 2344 ,
728 2279 785 2350 εί
813 2278 913 2348 μὲν
933 2279 1000 2347 τῇ
1023 2277 1193 2348 ἀρετῇ
1219 2276 1484 2347 τιμωρία,
1514 2272 1584 2346 τῇ
1625 2275 1683 2330 δὲ
1710 2275 1883 2347 κακίᾳ

297 2372 559 2439 στέφανος
600 2370 884 2435 ἀπέκειτο,
915 2369 1090 2440 ἥδιστ’
1124 2367 1191 2420 ἂν
1230 2367 1385 2438 δίκην
1413 2366 1623 2420 δέδωκα
1654 2366 1883 2439 φιλάρε-

293 2482 391 2528 τος
421 2461 518 2528 ὢν,
567 2462 602 2533 ἢ
650 2460 921 2530 ὲστέφθην
961 2458 1163 2521 κακίας
1195 2456 1272 2510 ὢν
1316 2457 1579 2528 ἐραστής.
1621 2455 1809 2521 Οὕτως
1847 2457 1884 2528 ἡ

299 2557 400 2628 μὲν
429 2554 598 2610 κακία
620 2595 636 2620 ,
667 2553 772 2614 κᾶν
816 2553 1082 2623 στέφανον
1115 2548 1434 2622 προξενοίη,
1465 2549 1650 2620 πάσης
1674 2566 1766 2620 μοι
1797 2565 1881 2602 τι-

299 2647 518 2720 μωρίας
547 2646 696 2700 δοκεῖ
721 2643 1080 2714 χαλεπωτέρα
1105 2638 1265 2696 εἶναι.
1303 2641 1367 2694 Ἠ
1388 2641 1445 2695 δὲ
1477 2639 1649 2713 ἀρετὴ
1677 2640 1879 2712 τιμαλ-

297 2740 577 2808 φεστέρα,
637 2737 744 2791 κᾶν
806 2735 1080 2806 τιμωρίας
1123 2734 1198 2804 μὴ
1227 2734 1504 2804 ἀμοιροίη.
1550 2733 1613 2786 Ἢ
1646 2735 1744 2804 μὲν
1791 2728 1886 2787 οὖν

296 2829 572 2901 εἰρημένη
605 2846 695 2902 μοι
716 2828 811 2898 ἥδε
837 2828 937 2882 ints
949 2826 1133 2898 ρϐολὴ,
1155 2825 1231 2889 ὡς
1269 2825 1425 2896 φαῖἐν
1450 2843 1615 2892 τινες,
1645 2819 1747 2879 ὧδε
1772 2825 1887 2896 ἔχει

296 2919 398 2974 καὶ
422 2916 542 2980 ἃλις
573 2916 766 2988 ἐχέτω.
798 2918 861 2970 ΕΞ
884 2917 941 2969 δὲ
965 2917 1060 2970 καὶ
1081 2917 1298 2978 πάντως
1325 2918 1392 2985 τῇ
1431 2913 1534 2985 μὲν
1563 2915 1734 2988 ἀρετῇ
1768 2915 1890 2970 στέ-

2047 2006 2206 2066 Libet
2230 2023 2406 2064 meam
2433 2009 2581 2064 clare
2613 2005 2860 2078 proferre
2896 2006 3244 2063 sententiam.
3279 2006 3390 2063 Etsi
3422 2007 3553 2076 quid

1977 2115 2142 2171 supra
2175 2099 2334 2155 ﬁdem
2367 2101 2546 2155 dicere
2592 2100 2814 2162 videar,
2853 2099 2925 2153 sit
2961 2099 3034 2152 ita
3072 2113 3226 2153 sane.
3267 2098 3553 2153 Testitica-

1981 2196 2182 2249 buntur
2209 2193 2356 2249 enim
2381 2193 2609 2248 virtutis
2646 2191 2878 2247 studiosi
2913 2191 3056 2261 quod
3088 2191 3290 2246 dicam.
3335 2189 3562 2246 Adirmo

1981 2287 2186 2356 itaque,
2225 2284 2493 2355 siquidem
2530 2283 2717 2337 virtuti
2766 2295 2957 2352 pana,
2988 2279 3138 2335 vitiis
3189 2295 3320 2336 vero
3354 2294 3572 2337 corona.

1981 2376 2255 2448 proposita
2297 2376 2403 2439 sit,
2453 2373 2747 2442 jucundius
2796 2386 3046 2442 penam,
3090 2370 3181 2442 qui
3224 2371 3438 2426 virtutis
3487 2375 3569 2427 sit

1983 2483 2197 2534 aumns,
2221 2467 2497 2531 daturum,
2529 2479 2690 2534 quam
2717 2463 2762 2520 si
2798 2474 3108 2529 coronetur,
3132 2464 3204 2519 ob
3233 2463 3558 2534 improbita-

1984 2568 2091 2614 tem
2147 2558 2306 2628 hujus
2353 2572 2582 2614 amans:
2617 2558 2700 2613 sic
2732 2556 3073 2626 improbitas,
3104 2570 3362 2611 coronam
3397 2557 3562 2611 etiam

1987 2653 2204 2718 adepta,
2228 2648 2376 2705 omni
2405 2662 2528 2704 esse
2556 2663 2754 2719 genere
2778 2647 3160 2717 suppliciorum
3188 2645 3464 2701 molestior
3491 2649 3567 2700 vi-

1987 2742 2164 2796 detur.
2183 2741 2366 2795 Virtus
2389 2755 2518 2795 vero
2539 2740 2855 2810 pretiosior,
2885 2739 2990 2794 etsi
3029 2753 3188 2809 pretia
3222 2755 3326 2795 non
3358 2751 3565 2795 careat.

1989 2832 2113 2889 llaec
2159 2832 2337 2902 itaque
2369 2832 2529 2890 ﬁdem
2556 2833 2825 2888 excedens
2865 2833 3134 2887 sententia
3161 2871 3176 2899 ,
3214 2842 3274 2887 ut
3315 2833 3573 2888 dixerunt

1989 2923 2234 2993 quidam,
2273 2922 2396 2978 talis
2417 2929 2502 2977 est
2536 2931 2592 2977 et
2621 2922 2839 2978 sullicil.
2891 2917 2948 2978 Si
2985 2938 3111 2978 vero
3141 2923 3362 2977 onmino
3397 2923 3572 2975 virtu-

300 3028 476 3081 φανος
497 3049 515 3077 ,
572 3012 639 3082 τῇ
664 3011 721 3064 δὲ
760 3010 929 3078 κακίᾳ
963 3009 1202 3080 τιμωρία
1248 3007 1574 3074 ἀπόκειται,
1595 3006 1650 3060 τί
1674 3009 1791 3061 ἐστι
1829 3008 1892 3062 τδ

1992 3023 2100 3070 tem
2147 3013 2461 3083 priemi-um,
2497 3014 2682 3068 vitium
2719 3023 2899 3070 autem
2941 3030 3102 3083 paena
3146 3023 3399 3079 maneat,
3443 3011 3571 3082 quid

297 3101 500 3156 σπεῖσάν
529 3119 588 3155 σε
621 3103 703 3165 εἰς
726 3101 820 3154 τὸν
843 3101 1100 3172 πυθμένα
1122 3101 1220 3169 τῆς
1247 3099 1447 3164 κακίας
1467 3099 1890 3156 καταποντῶσαι

298 3195 535 3262 σαυτὸν;
564 3193 737 3266 ἡδέως
761 3193 826 3248 ἄν
858 3210 954 3246 σου
977 3191 1249 3260 πυθοίμην
1276 3190 1407 3260 ἐγώ.

562 3311 762 3377 Υιιεῖυ.
795 3338 864 3350 --
905 3307 1250 3377 numam
1284 3307 1606 3377 ΔΙΑΚΟΝῼ.

1992 3115 2076 3160 est
2105 3105 2249 3174 quod
2292 3114 2344 3160 te
2373 3105 2616 3172 alliciat,
2674 3115 2732 3159 ut
2779 3106 2832 3159 in
2879 3106 3136 3176 nequitiae
3168 3105 3487 3161 barathrum
3520 3115 3574 3161 te

1997 3195 2294 3267 coniicias?
2330 3196 2561 3254 libenter
2589 3211 2690 3268 ego
2717 3197 2771 3252 id
2810 3206 2861 3252 te
2891 3211 3162 3268 rogarem.

2215 3306 2492 3365 CDXLVI.
2523 3339 2596 3349 —
2634 3307 2978 3366 PALLADIO
3014 3304 3336 3364 DIACONO.

932 3399 1108 3455 Monet
1138 3409 1191 3453 ut
1221 3409 1398 3454 caveat
1429 3415 1491 3454 ne
1527 3400 1583 3454 in
1608 3399 1794 3455 eadem
1833 3399 2034 3456 incidat
2064 3401 2191 3456 vitia
2223 3419 2342 3474 qum
2379 3404 2436 3458 in
2468 3402 2577 3458 alio
2605 3403 2953 3468 reprehendit.

390 3515 725 3586 Ἀνθρώπιον
768 3511 970 3582 φαῦλον
997 3553 1013 3580 ,
1039 3512 1135 3568 καὶ
1173 3497 1579 3585 βδελυρὸνξκαὶ
1609 3512 1886 3584 κίϐδηλον,

301 3607 405 3665 καὶ
424 3607 475 3659 τί
502 3606 612 3677 γὰρ
640 3607 702 3659 οὐ
747 3605 859 3675 (58)
889 3601 1000 3657 τῶν
1030 3603 1275 3675 αἰσχρῶν
1299 3603 1532 3669 καλέσας
1555 3604 1615 3660 έν
1644 3607 1760 3670 τοῖς
1789 3605 1889 3660 αὑ·-

298 3698 404 3752 τοῦ
427 3699 715 3768 γράμμασι
749 3695 1020 3765 Ζώσιμον,
1053 3694 1232 3765 ἀληθῆ
1275 3695 1373 3765 μὲν
1399 3694 1584 3764 λέγεις
1612 3712 1626 3727 ·
1673 3696 1890 3751 δέδοικα

300 3792 373 3846 δὲ
407 3789 483 3860 μὴ
511 3790 605 3842 καὶ
635 3789 797 3851 αὐτὸς
824 3789 1019 3860 μικρδν
1045 3787 1274 3858 ὕστερον
1302 3785 1546 3850 τοιοῦτος
1583 3786 1887 3858 εὑρεθείης.

317 3881 544 3934 Ἐκεῖνα
573 3879 709 3950 γάρ.
735 3879 812 3943 ὥς
833 3878 966 3948 φασί
997 3894 1166 3942 τινες,
1197 3875 1348 3947 ἦρξω
1369 3876 1652 3946 πράττειν,
1685 3875 1722 3930 ἃ
1742 3878 1886 3930 ἐκεῖ·

303 3989 406 4036 νος
459 3971 713 4044 πράττων
766 3970 846 4036 είς
893 3971 1193 4042 ἀνήκεστον
1241 3965 1579 4038 ἀναλγησίαν
1627 3965 1884 4025 τετελεύ-

301 4081 473 4136 τηκε.

658 4177 838 4236 rnz'.
863 4208 932 4220 --
953 4175 1194 4246 Masso
1228 4172 1546 4246 ΔΙΑΚΟΝῼ.

2064 3510 2282 3567 Falsum
2318 3512 2760 3579 homuncionem,
2796 3513 3190 3571 exsecrandum
3223 3523 3387 3582 atque
3424 3513 3575 3568 adul-

1997 3602 2232 3658 terinum
2256 3643 2272 3668 ,
2312 3605 2529 3675 etquid
2569 3619 2680 3660 non
2707 3603 3110 3661 Redi-criminis
3137 3605 3243 3660 tuis
3289 3605 3342 3660 in
3379 3605 3576 3660 litteris

1997 3693 2274 3748 Zosimum
2313 3696 2630 3761 nominans,
2653 3710 2780 3750 vere
2809 3695 3026 3766 quidem
3053 3695 3225 3750 dicis:
3274 3710 3466 3750 vereor
3491 3705 3574 3749 ta-

2000 3798 2122 3838 men
2162 3797 2229 3837 ue
2261 3791 2316 3838 et
2367 3784 2486 3852 ipse
2546 3794 2669 3854 post
2723 3784 2884 3854 paulo
2931 3785 3055 3842 talis
3092 3785 3410 3853 reperiaris.
3481 3784 3572 3837 Illa

1996 3875 2195 3930 etenim
2224 3875 2616 3946 agereincipis,
2645 3876 2806 3949 691
2828 3887 2887 3932 ut
2908 3877 3126 3950 quidam
3160 3878 3430 3942 referunt,
3454 3893 3576 3946 qua:

1997 3965 2086 4024 ille
2115 3965 2461 4024 committens
2493 3966 2546 4023 in
2581 3966 2934 4024 incurabilem
2967 3967 3158 4024 incidit
3190 3967 3462 4023 m‘orbum.

2311 4170 2613 4232 CDXLVll.
2650 4203 2720 4215 ——
2759 4170 2920 4228 MOSl
2954 4169 3270 4229 DIACONO.

1509 4268 1583 4324 De
1611 4267 1831 4326 divitiis.
1859 4267 2029 4342 (Infr.
2058 4269 2210 4339 epist.
2241 4269 2392 4341 450.)

390 4386 491 4441 Ἐν
531 4388 690 4458 μόνον
737 4387 901 4443 καλὸν
943 4388 1086 4460 ἔχειν
1120 4404 1212 4458 μοι
1266 4386 1414 4441 δοκεῖ
1437 4385 1468 4438 6
1515 4381 1766 4448 πλοῦτος,
1807 4385 1893 4438 ὅτι

2077 4381 2286 4437 Divitire
2331 4395 2496 4436 unum
2554 4379 2684 4436 mihi
2731 4381 3014 4438 continere
3061 4383 3263 4438 bonum
3300 4382 3576 4448 videntur,

298 4481 431 4545 τοῖς
493 4445 731 4552 μάλιστα
783 4445 1028 4554 φιλοῦσῖν
1075 4445 1239 4536 αότὸν
1295 4478 1577 4542 κινδύνους
1622 4450 1931 4543 ὲξαισίους¹

2002 4471 2145 4542 quod
2173 4487 2268 4528 eas
2299 4469 2607 4526 amantibus
2643 4469 2880 4542 ingentia
2919 4470 3137 4541 pariant
3167 4469 3434 4540 pericula.

299 4572 626 4634 ἀποτίκτει.

805 4684 990 4740 ΥΜΗ’.
1027 4713 1097 4725 --·
1127 4684 1407 4739 ΖΗΝΩΝΙ.

2419 4671 2742 4730 CDXLVlll.
2777 4704 2847 4714 —
2895 4670 3166 4727 ΖΕΝΟΝῙ.

1136 4773 1478 4844 Hermogenis
1508 4772 1736 4842 episcopi
1767 4771 1906 4824 laus.
1947 4768 2183 4840 (Confer.
2220 4767 2373 4836 epist.
2409 4766 2514 4821 358
2541 4775 2591 4820 et
2613 4764 2762 4837 4:66.)

397 4895 463 4946 Ὃ
524 4890 786 4962 βούλομαι
839 4891 1120 4962 συντόμως
1163 4891 1372 4962 φράσαι
1422 4888 1677 4962 περὶτοῦ
1715 4887 1896 4946 πάντα

1986 4913 1994 4919 ·
2075 4887 2232 4944 Libet
2277 4887 2468 4957 paucis
2523 4885 2590 4941 de
2637 4885 2843 4955 optimo
2885 4883 3004 4940 viro
3055 4880 3406 4952 Hermogene
3451 4895 3583 4936 vere

298 4983 546 5055 ἀρίστου
589 4982 976 5054 Ἑρμογένους,
1028 4981 1123 5036 τοῦ
1170 4982 1342 5045 ὅντως
1363 4982 1687 5046 ἐπισκόπου,
1734 4978 1895 5033 τοῦτό

2002 4978 2257 5048 episcopo
2283 4975 2448 5031 verba
2483 4973 2691 5040 facere,
2731 4972 2991 5028 nimirum
3023 4972 3222 5027 virtute
3253 4970 3410 5026 valde
3452 4985 3579 5038 pro-

300 5080 500 5138 ἐστιν’
549 5073 631 5127 ὅτι
684 5072 951 5128 τοσοῦτον
986 5074 1153 5143 ἀρετῇ
1209 5073 1345 5136 τοὺς
1388 5073 1529 5139 ἄγαν
1581 5071 1904 5141 εὐδοκίμους

2005 5069 2192 5124 batum
2220 5075 2446 5122 caeteros
2496 5071 2706 5120 tantum
2753 5063 2982 5119 transire
3027 5073 3193 5131 atque
3230 5060 3580 5125 antecellere,

301 5162 564 5232 παριὼν,
595 5163 719 5217 ὅσον
750 5163 950 5217 ἐκεῖνοι
982 5164 1108 5226 τοὺς
1146 5163 1346 5225 ἀλλους
1396 5160 1664 5224 ἅπαντας,
1689 5161 1764 5224 ώς
1803 5177 1906 5231 μη-

2006 5171 2264 5229 quantum
2306 5158 2384 5213 illi
2415 5157 2628 5213 caeteris
2666 5164 2930 5226 praestant
2959 5172 2974 5210 :
3019 5153 3064 5208 is
3087 5153 3240 5223 quasi
3281 5150 3417 5207 nihil
3451 5165 3585 5220 pne-

300 5254 416 5314 δὲν
462 5253 610 5326 μέγα
658 5254 1146 5327 διαπραττόμενος,
1201 5254 1345 5308 οὕτω
1391 5253 1680 5317 διάκειται,
1731 5250 1904 5314 οὕτως

2008 5251 2216 5308 clarum
2243 5250 2468 5320 egisset,
2512 5250 2588 5306 ita
2617 5249 2684 5306 de
2711 5262 2771 5304 se
2807 5245 3093 5313 sentiebat,
3120 5253 3180 5299 ut
3223 5241 3585 5298 humilitatem

1418 5429 1653 5487 VABIJE
1689 5427 2074 5485 LECTIONES
2110 5427 2199 5483 ET
2239 5425 2472 5485 NOTIE.

2016 5600 2131 5653 γος.
2162 5581 2363 5653 Confer
2393 5581 2554 5653 epist.
2581 5579 2710 5653 215.
2749 5579 2992 5640 Scuor'r.

2086 5645 2199 5722 (5'1)
2230 5651 2356 5725 Yat.
2381 5645 2574 5725 650nm
2603 5650 2710 5725 Alt.
2745 5648 3201 5725 προσεσχηκέναι.
3222 5645 3432 5704 Possm.

2092 5721 2205 5791 (38)
2232 5723 2398 5781 Iidem
2431 5721 2625 5779 tollunt
2655 5721 2740 5776 οὐ.
2767 5721 2844 5779 lo.

403 5595 520 5666 ('56)
550 5593 636 5660 Τῷ
667 5595 863 5663 τρόπῳ
890 5590 1420 5666 παρακαλούγτψ,
1443 5595 1549 5666 etc.
1580 5583 1912 5666 Vitteesem:

303 5655 424 5739 ph}
459 5655 625 5735 magis
645 5655 803 5739 quam
832 5655 1070 5739 oratione
1100 5660 1431 5739 persuadeii:
1456 5657 1732 5739 hlenandrl
1763 5655 1908 5739 .ill‘u'd

305 5724 612 5806 ica-peni;
643 5724 854 5807 Τρόπος
877 5734 988 5788 ἐσθ’
1012 5735 1041 5788 ὁ
1063 5724 1265 5786 πέίοων
1295 5728 1389 5784 τοῦ
1417 5727 1688 5798 λέγοντος,
1726 5726 1786 5780 οὐ
1827 5724 1912 5778 λά.
