3974 6144
451 310 587 376 1587
1630 315 1692 375 S.
1729 312 2024 373 ISIDORI
2067 310 2517 372 PELUSIOTJE.
3574 293 3704 355 i533

453 418 764 487 praesidium
805 432 870 474 ac
900 419 1292 474 munimentum
1339 418 1572 474 aliarum
1603 435 1726 473 esse
1757 423 2017 474 virtnttttn
2051 429 2092 481 Α
2121 419 2276 490 ᾠήθη
2309 419 2419 472 δεῖν
2449 418 2550 488 τὴν
2598 429 2952 483 ταπεινοφροι

2121 419 2276 490 ᾠήθη
2309 419 2419 472 δεῖν
2449 418 2550 488 τὴν
2598 411 3122 483 ταπεινοφροσύνην,
3156 407 3349 476 ὥσπερ
3380 403 3644 475 φρούριον
3674 403 3708 472 ἦ

453 509 705 562 duceret.
2130 513 2499 587 φυλακτήριον
2531 509 2639 562 τῶν
2669 507 2842 562 ἄλλων
2875 502 3322 574 κατορθωμάτων
3361 499 3534 568 ἔχειν.

707 619 980 678 CDXLIX.
1013 650 1085 661 —
1123 620 1421 677 EUTONIO
1453 619 1766 677 DIACONO.
2348 627 2350 629 ’
2417 621 2601 674 TW.
2637 648 2705 660 —-
2741 617 2952 672 EYTOI‘

2348 627 2350 629 ‘
2417 621 2601 674 rare.
2637 648 2705 660 -
2741 616 3043 684 ΕΥΤΟΝΙῼ
3086 610 3414 681 ΔΙΑΚΟΝῼ.

1103 745 1106 750 -
1347 713 1609 768 Bonorum
1641 714 2004 784 malorumque
2031 714 2156 768 dum
2183 714 2474 767 laudantur
2497 713 2801 766 discrimen.

523 827 593 886 Ut
612 845 795 885 eorum
817 831 914 900 qui
937 831 1144 900 judicio
1166 841 1294 886 sunt
1320 830 1662 885 condemnati
1697 830 1829 894 vita,
1857 831 2019 884 modo
2196 831 2407 898 ’Ὠσπερ
2429 828 2548 880 ἔνια
2562 826 2669 878 τῶν
2689 824 2952 895 ἐγκλημά·

2196 831 2407 898 Ὥσπερ
2429 828 2548 880 ἐνια
2562 826 2669 878 τῶν
2689 824 3050 895 ἐγκλημάτων
3072 819 3263 874 εἴωθεν
3288 817 3498 871 ἄπιστα
3526 821 3705 870 ποιεῖν

449 921 670 990 probata
694 921 946 991 claraque
969 923 1219 986 exsistat,
1247 922 1606 992 quorumdam
1638 921 1777 975 solet
1804 935 2023 975 accusa-
2120 929 2148 979 ὁ
2170 925 2276 978 τῶν
2307 924 2642 994 κρινομένων
2666 921 2801 992 βίος,
2838 921 2952 974 εὐδέ

2121 929 2148 979 ὁ
2170 925 2276 978 τῶν
2307 924 2642 994 κρινομένων
2666 921 2801 992 βίος,
2838 921 3123 988 εὐδόκιμος
3164 916 3239 969 ὢν
3278 917 3376 970 καὶ
3414 915 3672 984 λαμπρός
3695 927 3715 940 '

450 1013 648 1066 tionem
683 1011 927 1068 refellere
958 1031 974 1079 ;
1022 1015 1100 1069 sic
1139 1026 1194 1069 et
1244 1014 1586 1068 laudationes
1623 1013 1818 1068 nimias
1856 1013 2020 1067 falsas
2123 1015 2294 1078 οὕτως
2326 1014 2443 1066 ἔνια
2469 1013 2577 1066 τῶν
2631 1013 2922 1082 ἐγκωμίων

2123 1015 2294 1078 οὕτως
2326 1014 2443 1066 ἔνια
2469 1013 2577 1066 τῶν
2631 1013 2922 1082 ἐγκωμίων
2962 1011 3206 1080 πέφυκεν
3239 1010 3447 1063 ἄπιστα
3479 1010 3657 1059 ποιεῖν
3687 1009 3715 1059 ὁ

445 1102 736 1156 ostendere
763 1113 1165 1157 consueverunt
1210 1119 1388 1156 mores
1418 1101 1772 1172 quorumdam
1813 1103 2022 1156 sinistri
2121 1109 2230 1162 τῶν
2261 1105 2756 1176 ἐγκωμιαζομένων
2792 1105 2952 1176 τράπε

2121 1109 2230 1162 τῶν
2261 1105 2756 1176 ἐγκωμιαζομένων
2792 1105 3013 1176 τρόπος,
3036 1104 3225 1167 σκαιὸς
3257 1102 3334 1157 ὢν
3361 1103 3456 1157 καὶ
3478 1101 3717 1170 φαῦλος.

442 1190 596 1259 juxta
627 1208 689 1248 ac
721 1193 869 1247 ntali.
907 1193 964 1248 Si
997 1195 1140 1248 enim
1169 1195 1413 1264 plerique
1437 1193 1714 1255 mortales,
1740 1193 1835 1260 qui
1866 1192 2021 1248 laude
2125 1200 2188 1253 Et
2211 1199 2322 1269 γὰρ
2355 1200 2442 1250 καὶ
2489 1197 2674 1250 πολλοὶ
2705 1196 2814 1250 τῶν
2855 1197 2951 1251 ἀνθ

2125 1200 2188 1253 Ei
2211 1199 2322 1269 γὰρ
2355 1200 2442 1250 καὶ
2489 1197 2674 1250 πολλοὶ
2705 1196 2814 1250 τῶν
2855 1197 3180 1266 ἀνθρώπων,
3208 1196 3317 1247 τῶν
3345 1195 3512 1265 μηδὲν
3542 1194 3710 1261 λόγου

446 1283 662 1353 dignum
704 1285 845 1338 nihil
874 1299 1065 1354 gerere
1100 1287 1360 1349 stndcnt,
1401 1284 1637 1353 gaudent
1670 1284 1885 1352 quidem
1930 1299 2019 1338 ca-
2125 1288 2274 1353 ἄξιον
2312 1291 2484 1342 ποιεῖν
2543 1287 2857 1351 ἐθελόντων,
2906 1306 2952 1357 χι

2125 1288 2274 1353 ἄξιον
2312 1291 2484 1342 ποιεῖν
2543 1287 2857 1351 ἐθελόντων,
2906 1287 3159 1358 χαίρουσι
3209 1287 3311 1356 μέν
3347 1288 3468 1346 mi;
3522 1281 3715 1336 διαϐο-

447 1371 704 1438 lutnniis,
747 1373 994 1429 laudibus
1044 1386 1229 1429 contra
1274 1376 1664 1427 contristantur
1701 1373 1842 1442 (illas
1873 1375 2016 1428 enim
2126 1378 2267 1441 λαῖς,
2332 1378 2744 1447 δυσχεραίνουσι
2803 1377 2862 1430 δέ
2925 1379 2948 1428 ἐ

2126 1378 2267 1441 λαῖς,
2332 1378 2744 1447 δυσχεραίνουσι
2803 1377 2862 1430 δέ
2925 1377 3018 1430 ἐπὶ
3074 1379 3188 1439 τοῖς
3241 1374 3536 1445 ἐγκωμίοις
3595 1374 3714 1442 (τὰς

445 1473 632 1518 contra
681 1481 740 1518 se
792 1465 901 1518 dici
946 1466 1261 1535 opinantur,
1309 1468 1404 1519 has
1448 1481 1576 1518 vero
1632 1481 1905 1532 nunquam
1957 1481 2020 1519 se
2129 1471 2226 1540 μὲν
2273 1471 2382 1538 γὰρ
2425 1471 2518 1522 καὶ
2563 1470 2685 1522 καθ’
2720 1470 2928 1522 ἐαυτὼν

2129 1471 2226 1540 μὲν
2273 1471 2382 1538 γὰρ
2425 1471 2518 1522 καὶ
2563 1470 2685 1522 καθ’
2720 1470 2928 1522 ἑαυτῶν
2966 1469 3228 1540 ἡγοῦνται
3273 1467 3554 1534 λέγεσθαι,
3603 1465 3716 1518 τῶν

445 1566 832 1611 consecuturos
858 1557 1366 1627 sperant):virtnte
1385 1572 1511 1610 vero
1549 1558 2018 1626 illustres,probos
2124 1562 2182 1614 δέ
2235 1562 2489 1614 οὐδέποτε
2533 1561 2838 1614 ἀπολαῦσαι
2885 1581 2952 1632 πρ

2124 1562 2182 1614 δὲ
2235 1562 2489 1614 οὐδέποτε
2533 1561 2838 1614 ἀπολαῦσαι
2885 1560 3302 1632 προσδοκιῖ›σιν)·
3361 1557 3477 1611 ἀλλ’
3504 1553 3602 1609 οὖν
3648 1572 3717 1622 γε

444 1659 580 1712 quos
619 1658 724 1698 non
768 1655 1000 1711 nonmt,
1037 1646 1305 1700 calumnia
1337 1653 1616 1710 oneratos,
1666 1647 1827 1699 etiam
1861 1656 2017 1698 ante-
2124 1655 2174 1706 οἱ
2207 1655 2304 1720 τὴν
2336 1653 2538 1725 ἀρετὴν
2580 1654 2925 1724 ἐστεμμένοι,

2124 1655 2174 1706 οἱ
2207 1655 2304 1720 τὴν
2336 1653 2538 1725 ἀρετὴν
2580 1654 2925 1724 ἐστεμμένοι,
2952 1654 3082 1715 τοὺς
3119 1653 3216 1722 μὲν
3239 1651 3496 1722 ἀρίστους
3519 1649 3606 1718 ἐφ’
3629 1641 3720 1709 οἷς

445 1748 606 1802 quam
647 1736 861 1801 norint,
896 1735 1148 1792 innoxios
1178 1738 1478 1792 declarant.
1517 1735 1684 1790 Malos
1705 1750 1835 1790 vero
1873 1736 1917 1790 si
1949 1735 2015 1789 ad
2049 1744 2094 1804 Β
2124 1743 2185 1796 οὺ
2229 1744 2462 1804 συνίασι,
2509 1744 2952 1814 διαϐαλλομένους

2124 1743 2185 1796 οὐ
2229 1744 2462 1804 συνίασι,
2509 1744 2991 1814 διαϐαλλομένους,
3049 1745 3144 1796 καὶ
3196 1743 3302 1812 πρὸ
3361 1739 3718 1807 διαγνώσεως

446 1825 678 1893 gratiam
721 1826 1033 1891 laudentur,
1085 1828 1242 1884 I'aude
1283 1827 1532 1898 iudicant
1583 1827 1858 1898 indignos,
1902 1842 2012 1882 non
2121 1835 2520 1890 ἀπαλλάττουσι
2544 1837 2652 1889 τῶν
2679 1837 2952 1906 ἐγκλημάτ

2121 1835 2520 1890 ἀπαλλάττουσι
2544 1837 2652 1889 τῶν
2679 1837 3064 1906 ἐγκλημάτων.
3097 1835 3237 1898 Τοὺς
3265 1835 3322 1887 δὲ
3351 1833 3617 1903 φαύλους,
3651 1833 3709 1884 ει

446 1923 555 1969 tam
585 1917 654 1970 ob
681 1917 844 1980 dicta,
865 1933 1026 1987 quant
1059 1921 1126 1971 ob
1149 1929 1296 1989 gesta
1323 1919 1584 1988 judicium
1620 1918 1872 1973 ferentes.
1910 1918 2018 1986 lgi-
2127 1927 2267 1997 πρὸς
2313 1926 2475 1997 χάριν
2540 1927 2952 1996 ἐγκωμιασθεῖεε

2127 1927 2267 1997 πρὸς
2313 1926 2475 1997 χάριν
2540 1927 2997 1996 ἐγκωμιασθεῖεν,
3068 1925 3327 1991 ἀναξίους
3388 1921 3529 1977 εἶναι
3594 1922 3720 1976 τῶν

447 2015 536 2060 tur
576 2022 751 2078 neque
809 2010 996 2079 Optimi
1050 2011 1380 2064 calumniam
1426 2011 1554 2064 dum
1612 2010 1894 2079 patiuntur
1929 2011 2022 2064 ~in-
2128 2017 2364 2070 ἐπαίνων
2416 2017 2749 2086 νομίζουσιν,
2788 2018 2889 2070 οὐκ
2937 2019 2952 2071 ἐ

2128 2017 2364 2070 ἐπαίνων
2416 2017 2749 2086 νομίζουσιν,
2788 2018 2889 2070 οὐκ
2937 2019 3043 2071 ἀπὸ
3073 2017 3180 2070 τῶν
3219 2017 3554 2086 λεγομένων,
3588 2015 3721 2068 ἀλλ’

445 2098 735 2166 dignentur
758 2099 990 2170 (jactata
1019 2101 1160 2155 enim
1195 2101 1326 2156 nihil
1350 2103 1415 2156 ad
1437 2102 1572 2157 alios
1593 2103 1905 2172 pertinent),
1926 2119 2021 2160 ne-
2125 2108 2233 2162 ἀπὸ
2258 2107 2366 2160 τῶν
2403 2107 2793 2178 πραττομένων
2821 2108 2918 2170 τὰς
2943 2125 2952 2156 -.

2125 2108 2233 2162 ἀπὸ
2258 2107 2366 2160 τῶν
2403 2107 2793 2178 πραττομένων
2821 2108 2918 2170 τὰς
2943 2107 3156 2177 ψήφους
3179 2108 3460 2176 φέροντες.
3497 2101 3725 2157 Οὐκοῦν

444 2204 550 2257 que
601 2191 840 2247 vicissim
896 2193 1142 2248 homines
1192 2193 1408 2262 pessimi
1475 2194 1680 2248 laudari
1731 2196 2023 2250 exsultent.
2127 2201 2266 2268 μήτε
2309 2201 2357 2251 οἱ
2409 2199 2621 2269 ἄριστοι
2696 2198 2951 2252 διαϐαλλό

2127 2201 2266 2268 μήτε
2309 2201 2357 2251 οἱ
2409 2199 2621 2269 ἄριστοι
2696 2198 3110 2270 διαϐαλλόμενοι
3174 2197 3717 2268 δυσχεραινέτωσαν,

447 2281 584 2337 Sunt
613 2283 766 2338 enim.
791 2281 860 2338 ab
889 2283 963 2339 iis
984 2283 1176 2339 alienae
1205 2285 1563 2354 pronuntiata:
1594 2285 1802 2342 Iaudes.
2121 2292 2294 2360 (οὐδὲν
2317 2290 2426 2362 γὰρ
2473 2291 2608 2360 πρὸς
2636 2290 2834 2353 αὐτοὺς
2858 2291 2926 2344 τὰ

2121 2292 2294 2360 (οὐδὲν
2317 2290 2426 2362 γὰρ
2473 2291 2608 2360 πρὸς
2636 2290 2834 2353 αὐτοὺς
2858 2291 2926 2344 τὰ
2968 2290 3302 2360 λεγόμενα),
3351 2287 3480 2360 μήθ’
3516 2288 3569 2340 οἱ
3617 2289 3718 2340 xi»

2121 2398 2298 2434 κιστοι
2366 2379 2842 2450 ἐγκωμιαζόμενοι
2901 2377 3348 2448 ἁγαλλέσθωσαν.
3420 2375 3716 2445 Ἀλλότριει

2117 2473 2228 2543 γὰρ
2262 2472 2443 2526 αὐτῶν
2473 2474 2589 2524 ἐστι
2621 2469 2689 2522 τὰ
2718 2469 2996 2540 ἐγκώμια.

896 2583 1049 2642 CDL.
1082 2613 1154 2623 —-
1191 2581 1558 2639 HERACLIO.
2578 2586 2712 2640 TN'.
2757 2615 2823 2626 ——
2863 2586 2952 2639 ΗΡ

2578 2586 2712 2640 ΥΝι.
2757 2615 2823 2626 -
2863 2585 3243 2657 ΗΡΑΚΛΕΙῼ.

1733 2673 1864 2739 Qua:
1889 2691 2022 2730 certe
2044 2676 2245 2731 divitirr
2267 2688 2410 2730 sunt.
3124 2697 3126 2699 '

514 2788 784 2856 Quotnam
829 2789 1073 2858 pluribus
1120 2788 1393 2843 inhiantes
1435 2787 1591 2842 bonis
1636 2788 1886 2843 omnibus
1921 2804 2020 2844 ex-
2196 2791 2358 2842 Πόσοι
2404 2790 2496 2843 τοῦ
2548 2790 2794 2854 πλείονος
2850 2791 2952 2842 ἐπιί

2196 2791 2358 2842 Πόσοι
2404 2790 2496 2843 τοῦ
2548 2790 2794 2854 πλείονος
2850 2789 3313 2859 ἐπιθυμήσαντες,
3361 2783 3454 2839 ττῖῦ
3507 2786 3713 2850 παντὸς

442 2881 740 2946 dderunt,
805 2890 860 2937 et
923 2879 1189 2949 superﬂua
1246 2891 1648 2948 corrogantes,
1711 2881 2019 2935 necessaria
2124 2879 2400 2946 ἐξέπεσον,
2450 2881 2544 2934 καὶ
2578 2882 2648 2934 τὰ
2709 2879 2945 2949 περιττὰ

2124 2879 2400 2946 ἐξέπεσον,
2450 2881 2544 2934 καὶ
2578 2882 2648 2934 τὰ
2709 2879 2945 2949 περιττὰ
2998 2877 3427 2947 συναγαγόντες,
3480 2879 3576 2928 καὶ
3633 2878 3702 2928 τὲ

441 2975 603 3029 etiam
635 2973 972 3027 amiserunt?
1010 2983 1063 3027 et
1089 2971 1358 3042 legitimos
1379 2973 1707 3026 excedentes
1736 2973 2020 3036 terminos,
2123 2973 2397 3040 ἀναγκαῖα
2447 2970 2764 3037 ἁπὼλεσαν;
2827 2972 2921 3024 καὶ

2123 2973 2397 3040 ἀναγκαῖα
2447 2970 2764 3037 ἁπὼλεσαν;
2827 2972 2921 3024 καὶ
2975 2968 3316 3039 ὑπερϐάντες
3370 2969 3499 3030 τοὺς
3558 2984 3710 3019 νενο-

439 3063 601 3116 etiam
639 3063 1001 3118 mediocribus
1023 3063 1197 3116 orbati
1227 3074 1352 3116 sunt
1381 3062 1574 3116 bonis?
1605 3063 2018 3133 Superwtcanen
2048 3100 2090 3157 ο
2127 3062 2426 3134 μισμένους
2475 3063 2657 3134 ὄρους,
2717 3063 2811 3114 καὶ
2839 3062 2948 3115 τῶν

2127 3062 2426 3134 μισμένους
2475 3063 2657 3134 ὄρους,
2717 3062 2948 3115 καὶτῶν
2999 3061 3236 3131 μετρίων
3265 3059 3706 3129 ἐγυμνώθησαν;

441 3154 632 3222 itaque
680 3156 1008 3219 reseranda,
1056 3161 1113 3208 ut
1161 3155 1480 3209 necessariis
1512 3156 1764 3210 ditentur.
1835 3155 2021 3224 Neque
2056 3151 2089 3157 ⁷
2123 3154 2245 3225 Χρὴ
2291 3151 2384 3208 οὖν
2443 3155 2797 3224 περικόπτειν
2877 3153 2947 3207 τά

2123 3154 2245 3225 Χρὴ
2291 3151 2384 3208 οὗν
2443 3155 2797 3224 περικόπτειν
2877 3153 2947 3207 τὰ
3003 3152 3268 3223 περιττά,
3344 3151 3410 3202 ἶν’
3483 3152 3540 3202 ἐν
3595 3153 3711 3216 τοῖς

440 3247 588 3301 enim
618 3247 810 3314 Opibus
838 3247 1139 3312 abundare,
1165 3247 1258 3302 sed
1293 3247 1359 3302 iis
1391 3261 1498 3300 non
1525 3247 1788 3316 indigere,
1816 3247 2019 3301 divitiae
2124 3246 2443 3314 ἀναγκαίοις
2479 3246 2798 3316 πλουτῶμεν
2825 3262 2842 3276 ·
2885 3246 2947 3298 οὐ

2124 3246 2443 3314 ἀναγκαίοις
2479 3246 2798 3316 πλουτῶμεν
2825 3262 2842 3276 ο
2885 3246 2947 3298 οὐ
3000 3244 3110 3314 γὰρ
3139 3243 3232 3296 τὸν
3262 3241 3494 3295 πλοῦτον
3538 3240 3707 3310 ἐχειν,

439 3345 569 3391 sunt
602 3338 870 3415 maximae.
2124 3337 2262 3391 ἀλλὰ
2330 3338 2393 3390 τὸ
2459 3338 2534 3410 μὴ
2609 3337 2821 3392 δεῖσθαι
2921 3355 2952 3389 π

2124 3337 2262 3391 ἀλλά
2330 3338 2393 3390 τὸ
2459 3338 2534 3410 μὴ
2609 3337 2821 3392 δεῖσθαι
2921 3335 3178 3399 πλούτου,
3263 3332 3498 3395 πλοῦτός
3590 3335 3710 3385 ἐστι

2126 3429 2400 3499 μέγιστος.

630 3542 794 3613 692
832 3543 1006 3598 CDLI.
1046 3571 1113 3582 --
1160 3541 1464 3599 EUTONIO
1500 3539 1819 3597 DIACONO.
2429 3537 2602 3591 YNA'.
2633 3567 2702 3577 --
2733 3537 2952 3591 ETTOI‘

2429 3537 2602 3591 ΥΝΑο.
2633 3567 2702 3577 --
2733 3537 3035 3608 ΕΥΤΟΝΙῼ
3073 3535 3397 3605 ΔΙΑΚΟΝῼ.

863 3635 940 3689 De
965 3632 1178 3687 Eusebii
1210 3634 1438 3703 episcopi
1472 3631 1677 3689 Pelusii
1703 3634 1959 3699 moribus,
1990 3633 2055 3688 de
2077 3647 2178 3702 quo
2203 3631 2340 3685 alias
2370 3646 2528 3698 stupe.
2565 3628 2730 3702 (Infr.
2767 3629 2875 3684 470
2905 3640 2953 3683 et
2985 3645 3104 3697 sup.
3133 3626 3282 3692 129.)

515 3751 676 3807 Aliud
708 3762 823 3817 est,
858 3750 941 3804 vir
969 3748 1304 3812 admirande,
1337 3748 1388 3802 in
1421 3748 1782 3817 suspicionem
1811 3748 2015 3816 venire,
2193 3745 2268 3799 Οὐ
2310 3745 2526 3807 ταυτὸν,
2571 3739 2616 3798 ὧ
2669 3742 2952 3813 θαυμάσιε,

2193 3745 2268 3799 Οὐ
2310 3745 2526 3807 ταυτὸν,
2571 3739 2616 3798 ὧ
2669 3742 2964 3813 θαυμάσιε,
3036 3741 3098 3794 τὸ
3157 3739 3576 3811 ὑποπτευθῆναι
3623 3738 3703 3808 τῷ

442 3847 588 3902 aliud
615 3861 743 3900 vero
777 3842 1116 3913 reprehendi.
1154 3841 1287 3896 Illud
1323 3842 1469 3895 enim
1503 3855 1623 3896 esse
1653 3839 1824 3894 fertur
1853 3841 2015 3895 etiam
2123 3835 2350 3890 ἁλῶναι·
2387 3836 2450 3889 τὸ
2502 3836 2600 3906 μέν
2635 3836 2744 3907 γὰρ
2805 3836 2898 3888 καὶ

2123 3835 2350 3890 ἁλῶναι·
2387 3836 2450 3889 τὸ
2502 3836 2600 3906 μὲν
2635 3836 2744 3907 γὰρ
2805 3836 2898 3888 καὶ
2955 3833 3100 3887 κατά
3131 3833 3226 3887 τοῦ
3281 3833 3356 3904 μὴ
3407 3833 3701 3904 δράσαντος

445 3941 518 3995 nil
549 3938 844 4006 agentium,
878 3936 979 3990 hoc
1005 3950 1134 3988 vero
1159 3935 1224 3989 de
1250 3935 1567 4002 compertis.
1605 3931 1660 3987 Si
1694 3949 1822 3988 vero
1853 3934 2017 3988 Ense-
2119 3929 2358 3998 λέγεται,
2381 3931 2441 3984 τὸ
2465 3930 2522 3984 δὲ
2551 3930 2694 3984 κατὰ
2716 3928 2809 3982 τοῦ
2838 3946 2952 3999 φωρ

2121 3929 2358 3998 λέγεται,
2381 3931 2441 3984 τὸ
2465 3930 2522 3984 δὲ
2551 3930 2694 3984 κατὰ
2716 3928 2809 3982 τοῦ
2838 3928 3205 3999 φωραθέντος.
3229 3929 3292 3981 Εἰ
3323 3928 3380 3980 δέ
3416 3928 3695 3991 Εὐσέϐιος,

442 4034 585 4099 hius,
629 4042 688 4087 ut
713 4030 927 4093 scribis,
971 4027 1107 4082 alios
1138 4036 1341 4082 temere
1377 4026 1430 4079 in
1461 4027 1822 4094 suspicionem
1851 4041 2014 4081 voea-
2119 4021 2196 4084 ὡς
2252 4021 2379 4091 φὴς,
2428 4020 2554 4084 τοὺς
2614 4021 2714 4090 μὲν
2775 4018 2952 4090 μάτην

2121 4021 2196 4084 ὠς
2252 4021 2379 4091 φὴς,
2428 4020 2554 4084 τοὺς
2614 4021 2714 4090 μὲν
2775 4018 2953 4090 μάτην
3003 4018 3433 4088 ὑπονοουμένους
3461 4017 3554 4070 καὶ
3579 4017 3689 4069 διαο

452 4135 536 4181 tos
566 4133 952 4190 accusatosque
990 4119 1229 4186 expellit,
1263 4118 1398 4171 alios
1437 4127 1616 4170 autem
1645 4117 2013 4186 deprehensos
2125 4112 2488 4182 ϐαλλομένους
2538 4112 2936 4182 ἐξοστρακίζει,

2125 4112 2488 4182 ϐαλλομένους
2538 4112 2936 4182 ἐξοστρακίζει,
2974 4112 3103 4172 τοὺς
3153 4109 3212 4163 δὲ
3262 4110 3489 4172 ἁλόντας
3521 4109 3697 4178 μείζο-

445 4215 648 4281 ntajore
676 4215 866 4282 dignos
892 4211 1058 4280 gradu
1095 4217 1346 4271 censeat,
1401 4221 1505 4268 qua
1533 4207 1897 4260 assentatione
1931 4208 2015 4259 in-
2125 4221 2214 4268 νος
2243 4205 2386 4269 ἀξιοῖ
2436 4204 2670 4274 βαθμοῦ,
2708 4205 2784 4274 πῆ
2834 4203 2935 4274 μὲν

2125 4221 2214 4268 νος
2243 4205 2386 4269 ἀξιοῖ
2436 4204 2670 4274 βαθμοῦ,
2708 4205 2784 4274 πῆ
2834 4203 2935 4274 μὲν
2986 4202 3304 4264 κολακείαις
3354 4202 3693 4270 πειθόμενος.

443 4308 668 4371 ductus,
723 4319 826 4373 qua
877 4302 1122 4371 pecuniis
1163 4301 1417 4365 inhians,
1465 4299 1570 4351 noli
1624 4299 1902 4352 admirari.
1957 4298 2015 4353 Si
2049 4363 2088 4373 ,ι
2125 4294 2202 4364 πῆ
2227 4294 2283 4346 δὲ
2318 4296 2616 4366 χρημάτων
2646 4296 2952 4366 ὀρεγόμενος

2125 4294 2202 4364 πῆ
2227 4294 2283 4346 δὲ
2318 4296 2616 4366 χρημάτων
2646 4296 2994 4366 ὀρεγόμενος,
3033 4293 3110 4365 μὴ
3142 4293 3456 4363 θαυμάσῃς.
3497 4294 3559 4345 Εἰ
3595 4294 3690 4360 μὲν

442 4397 588 4453 enim
611 4363 792 4450 omnia
819 4403 961 4449 reeta
989 4393 1190 4447 faceret
1218 4392 1445 4454 ratione,
1479 4390 1706 4444 fortasse
1729 4390 1857 4444 illud
1882 4405 2016 4459 quo—
2049 4363 2230 4456 1δγὰρ
2276 4387 2323 4438 τ’
2359 4387 2494 4440 ἄλλα
2540 4389 2719 4442 πάντα
2768 4389 2908 4441 κατὰ

2121 4363 2230 4456 γὰρ
2276 4363 2494 4440 τἠάλλα
2540 4363 2719 4442 πάντα
2757 4363 2908 4441 κατὰ
2965 4363 3127 4457 λόγον
3177 4387 3330 4456 αὐτῷ
3373 4389 3689 4457 ἐπράττετο,

442 4505 548 4560 que
571 4488 964 4542 emendandum
994 4483 1354 4537 existimaret.
1395 4483 1450 4537 Si
1475 4497 1603 4536 vero
1625 4482 1736 4552 agit
1764 4481 2014 4535 universa
2124 4479 2255 4541 ἴσως
2290 4479 2404 4547 (59)
2453 4479 2550 4532 καὶ
2602 4477 2762 4534 τοῦτο
2828 4480 2952 4549 διορε

2124 4479 2255 4541 ἴσως
2290 4479 2404 4547 (59)
2453 4479 2550 4532 καὶ
2602 4477 2762 4534 τοῦτο
2828 4479 3171 4549 διορθώσεως
3237 4481 3493 4550 ἠξίωσεν.
3549 4480 3612 4532 Et
3642 4477 3697 4530 δὲ

442 4599 563 4653 qua:
612 4596 718 4634 non
762 4586 1013 4647 oportet,
1070 4577 1172 4631 hoc
1200 4589 1413 4644 quoque
1447 4575 1666 4644 dignum
1710 4588 1833 4629 esse
1879 4573 2018 4628 illius
2121 4571 2299 4623 πάντα
2332 4570 2432 4642 δρᾷ
2458 4570 2492 4623 δι
2519 4571 2653 4641 δρᾷν
2693 4571 2755 4622 οὐ
2786 4571 2952 4640 Θέμις

2121 4571 2299 4623 πάντα
2332 4570 2432 4642 δρᾷ
2458 4570 2492 4623 ά
2519 4571 2653 4641 δρᾷν
2693 4571 2755 4622 οὐ
2786 4571 2964 4640 θέμις,
2999 4573 3095 4625 καὶ
3128 4571 3288 4626 τοῦτο
3333 4571 3486 4635 ἄξιον
3507 4572 3566 4623 ὃν
3593 4570 3696 4623 τῶν

444 4673 687 4727 moribus
721 4684 824 4724 non
860 4668 1121 4734 ambigat.
2120 4659 2285 4713 αὐτοῦ
2319 4661 2535 4732 τρόπων
2581 4660 2790 4730 μηδένα
2828 4661 2952 4728 ξενιι

2121 4659 2285 4713 αὐτοῦ
2319 4661 2535 4732 τρόπων
2581 4660 2790 4730 μηδένα
2828 4661 3105 4728 ξενιξέτω.

932 4776 1129 4834 CDLII.
1165 4807 1234 4818 —
1272 4775 1524 4832 PAULO.
2626 4773 2802 4828 TNB’.
2856 4804 2913 4814 —
2951 4777 2952 4782 “

2626 4773 2802 4828 ΥΝΒο.
2856 4804 2913 4814 -
2951 4774 3204 4847 nam).

1374 4866 1476 4921 Uni
1501 4869 1792 4923 vacandum
1827 4868 1952 4922 arti.
1981 4865 2164 4937 (Supr.
2194 4864 2382 4919 similis
2411 4865 2562 4932 epist.
2599 4864 2748 4928 580.)
2950 4889 2952 4892 -

521 4985 621 5051 Qui
648 4984 870 5038 omnino
898 4982 1093 5035 multas
1121 4981 1378 5036 scientias
1403 4989 1656 5048 artesque
1686 4981 1894 5044 didicit,
1917 4983 2018 5034 etsi
2196 4982 2269 5036 Οὐ
2301 4982 2518 5044 πάντως
2555 4981 2586 5033 ὁ
2630 4980 2829 5043 πολλὰς
2866 4982 2952 5034 ἐπι

2196 4982 2269 5036 Οὐ
2301 4982 2518 5044 πάντως
2555 4981 2586 5033 ὁ
2630 4980 2829 5043 πολλάς
2866 4981 3178 5050 ἐπιστήμας
3225 4978 3260 5049 ἢ
3291 4977 3490 5048 τέχνας
3519 4993 3690 5047 μεμαο

443 5077 685 5129 omnium
723 5075 1000 5128 hominum
1039 5073 1112 5127 sit
1140 5071 1628 5140 ingeniosissimus,
1663 5086 2018 5140 nnamquam-
2123 5071 2326 5142 θηκὼς,
2353 5072 2463 5124 οὐδ’
2499 5071 2567 5125 ἂν
2611 5072 2831 5126 πάντων
2873 5072 2952 5125 ἀνί

2123 5071 2326 5142 θηκὼς,
2353 5072 2463 5124 οὐδ’
2499 5071 2567 5125 ἂν
2611 5072 2831 5126 πάντων
2873 5071 3180 5143 ἀνθρώπων
3227 5069 3598 5136 εὐφυέστατος
3635 5062 3691 5139 ᾗ.

446 5181 550 5235 que
613 5180 798 5217 earum
858 5163 926 5215 ad
987 5174 1258 5215 summum
1321 5168 1513 5212 exacta
1573 5157 1849 5224 diligentia
1911 5171 2016 5208 non
2121 5163 2358 5232 ἑκάστην
2382 5162 2562 5216 αὐτῶν
2586 5164 2667 5227 εἰς
2717 5164 2885 5231 ἀκρον
2943 5181 2952 5214 ι

2121 5163 2358 5232 ἑκάστην
2382 5162 2562 5216 αὐτῶν
2586 5164 2667 5227 εἰς
2717 5164 2885 5231 ἀκρον
2943 5161 3183 5232 ἀκριϐοῖ,
3213 5158 3309 5213 τοῦ
3351 5160 3554 5229 χρόνου
3598 5156 3688 5209 τοῦ

447 5265 681 5318 tractat,
727 5268 853 5306 cum
897 5251 1120 5304 multum
1162 5249 1447 5318 temporis,
1478 5249 1620 5318 quod
1667 5248 1930 5302 exercitio
1961 5257 2018 5302 et
2118 5256 2419 5324 ὀφείλοντος
2443 5257 2522 5319 είς
2571 5256 2670 5327 τὴν
2735 5255 2952 5324 ἄσκησις

2121 5256 2419 5324 ὀφείλοντος
2443 5257 2522 5319 είς
2571 5256 2670 5327 τὴν
2735 5255 2971 5324 ἄσκησιν
3010 5255 3106 5307 καὶ
3156 5253 3256 5324 τὴν
3319 5252 3558 5321 μελέτην
3600 5247 3691 5316 τῆς

445 5363 587 5401 cura:
631 5345 828 5415 prioris
859 5344 990 5398 artis
1033 5342 1271 5412 impendi
1313 5341 1507 5404 debet,
1544 5341 1594 5392 in
1628 5340 1853 5392 alterius
1881 5340 2016 5392 artis
2117 5345 2342 5415 πρώτης
2396 5345 2591 5415 τέχνης
2649 5345 2952 5413 ἀναλωθῆνε

2121 5345 2342 5415 πρώτης
2396 5345 2591 5415 τέχνης
2649 5345 3014 5413 ἀναλωθῆναι,
3104 5344 3184 5406 εἰς
3261 5341 3431 5410 ἄλλης
3499 5340 3690 5407 τέχνης

446 5437 854 5509 recuperatione
876 5444 1262 5492 consumatur:
1303 5432 1396 5489 sed
1447 5433 1500 5486 in
1531 5447 1600 5487 eo
1623 5431 1841 5501 quidem
1868 5435 2010 5501 quod
2118 5434 2386 5506 ἀνάληψιν
2427 5435 2816 5506 δαπανωμένου
2839 5448 2852 5461 ·
2901 5433 2952 5489 ἀ]

2121 5434 2386 5506 ἀνάληψιν
2427 5435 2816 5506 δαπανωμένου
2839 5448 2852 5461 ⁶
2901 5432 3037 5489 άλλά
3095 5431 3414 5486 πλεονεκτεῖ
3469 5429 3568 5501 μὲν
3615 5422 3689 5494 τῷ

1526 5589 1762 5644 vitam
1802 5577 2190 5647 LECTIONES
2227 5594 2314 5648 ET
2357 5595 2586 5649 nunc.

524 5744 635 5814 (59)
665 5746 809 5800 Inter
833 5747 958 5809 ἴσως
989 5755 1042 5803 et
1071 5746 1164 5799 καὶ
1195 5745 1356 5801 iidem
1389 5746 1632 5802 inserunt
1652 5746 1736 5801 ἄν.
1777 5746 1991 5807 Possm.
