3974 6144
302 293 446 360 1589

1179 300 1716 363 EPISTOLARUM
1752 304 1897 364 LIB.
1938 305 2005 364 V.
2044 325 2115 339 -·
2145 303 2380 365 EPIST.
2427 304 2679 367 CDLIV.

3430 298 3577 364 159G

299 409 504 473 πολλὰς
529 410 745 477 εἰδέναι,
778 411 1313 468 ἁντιπλεονεκτεῖται
1356 415 1412 468 δὲ
1458 415 1588 485 παρ’
1639 408 1874 471 ἑκάστου

1994 415 2180 471 multas
2226 416 2402 481 sciat,
2440 417 2621 471 omnia
2678 408 2780 470 sibi
2827 412 3107 483 superiora
3143 410 3415 497 vindicat,
3465 411 3573 465 sed

299 500 411 552 τῶν
453 501 582 568 μίαν
612 501 807 572 τέχνην
836 507 915 566 εἰς
950 504 1119 575 ἄκρον
1176 506 1523 575 ἠσκηκότων.
1566 506 1658 577 Μὴ
1692 507 1873 560 τοίνυν

304 590 429 659 μηδ’
463 591 626 655 αὐτὸς
678 593 855 646 πάντα
894 595 1091 649 εἰδέναι
1140 590 1281 649 θέλε.
1329 597 1426 650 Ἐκ
1457 598 1564 667 γὰρ
1595 596 1788 650 τούτου
1817 598 1877 650 τὺ

302 682 469 751 μηδὲν
495 683 736 753 ἀκριϐῶς
760 686 957 740 ειδέναι
1011 689 1140 761 περὶ
1189 689 1422 743 ἕκαστον
1472 689 1719 758 γίγνεται
1743 687 1879 759 (40).

313 774 476 828 Ἀλλὰ
528 777 667 848 πρὸς
713 777 812 833 ἕνα
872 780 1084 850 βλέπων
1149 784 1377 851 σκοπὸν,
1438 785 1557 836 ἐκεῖ
1606 784 1783 836 τεῖνον
1819 782 1881 836 τὸ

299 866 459 937 ὄμμα
502 870 603 939 τῆς
630 869 890 936 διανοίας.
938 873 1095 927 Οὕτω
1146 875 1255 944 γὰρ
1305 876 1537 947 περιέσῃ
1565 873 1660 928 τοῦ
1698 874 1878 945 πράγ-

301 975 493 1029 ματος.

765 1075 938 1131 ΥΝΓσ.
976 1108 1045 1116 -
1083 1078 1171 1149 Tt}
1213 1079 1417 1149 ΑΥΤῼ.

1984 515 2172 559 contra
2206 506 2532 575 deprimitur
2561 505 2629 560 ab
2663 519 2986 574 unoquoque
3014 518 3201 559 eorum
3222 546 3237 570 ,
3266 502 3355 573 qui
3401 518 3561 555 unam

1987 601 2053 651 ad
2089 613 2354 652 summum
2380 598 2752 652 exeolnerunt.
2788 594 2867 651 Ne
2899 597 3063 666 igitur
3088 596 3267 649 omnia
3297 594 3439 649 seire
3469 608 3564 647 ve-

1990 688 2095 742 lis:
2133 704 2195 743 ex
2235 689 2338 743 hoc
2367 688 2511 743 enim
2539 687 2769 743 eﬂicitur
2794 685 2929 741 nihil
2967 696 3217 740 accurate
3253 687 3306 739 in
3338 683 3563 754 singulis

1990 782 2239 849 cognosci
2273 799 2287 836 :
2336 783 2432 835 sed
2464 798 2627 835 unum
2660 790 2911 851 spectans
2936 794 3196 848 scopum,
3232 778 3339 834 huc
3369 779 3564 833 tuentis

1988 873 2160 928 aciem
2212 873 2401 943 dirige.
2474 872 2566 928 Sic
2605 873 2749 928 enim
2796 885 2908 924 rem
2955 869 3293 941 expugnabis
3333 879 3388 923 ct
3431 883 3564 925 con-

1989 964 2258 1033 sequeris.

2480 1075 2702 1131 CDLllI.
2735 1106 2805 1115 —
2841 1073 3068 1129 EIDEM.

302 1167 489 1222 Aliena
519 1180 732 1237 peccata
757 1174 1038 1224 verecunde
1067 1175 1491 1242 perstringenda.
1538 1191 1599 1226 ne
1636 1175 1774 1255 alios
1808 1183 2128 1310 purggtoulrt)“
2164 1172 2270 1237 ipse
2308 1170 2544 1240 linguam
2589 1172 2928 1223 contamincs.
2974 1168 3134 1237 (Vide
3172 1168 3322 1233 epist.
3353 1164 3485 1229 421;
3517 1174 3563 1218 et

1758 1260 1810 1297 tu
1844 1260 1901 1295 ra
2052 1282 2063 1295 .

1758 1260 1901 1297 mira
1939 1260 2063 1296 θυι.

376 1352 638 1426 Εὔφημον
686 1356 785 1427 μὲν
833 1356 978 1428 ἔχειν
1030 1358 1136 1430 χρὴ
1186 1358 1279 1412 καὶ
1337 1359 1541 1430 σεμνὴν
1581 1357 1680 1428 τὴν
1709 1354 1883 1425 γλῶτ-

304 1464 409 1501 ταν
428 1463 444 1478 ο
479 1447 667 1518 ἐπειδὴ
697 1447 754 1501 δὲ
781 1451 907 1512 τοὺς
948 1451 1029 1513 εἰς
1057 1449 1222 1504 αὑτὸν
1254 1451 1351 1523 τῆς
1378 1450 1576 1513 κακίας
1613 1448 1704 1501 τὸν
1744 1444 1881 1498 πυθ-

315 1539 453 1607 μένα
508 1543 949 1609 νεναυαγηκότας
996 1541 1295 1612 ἅνιμᾶσθαι
1346 1543 1475 1613 χρὴ,
1530 1540 1882 1594 ἀτοπώτατον

299 1628 361 1681 δὲ
394 1629 541 1682 δοκεί
585 1630 675 1683 τὸν
731 1631 924 1695 ἄλλους
958 1633 1261 1702 ἀναστῆσαι
1322 1633 1667 1704 βουλόμενον,
1718 1629 1882 1684 αὐτὸν

2055 1358 2262 1412 Bonam
2310 1355 2467 1409 decet
2531 1367 2858 1424 gravemque
2903 1350 3164 1404 adhibere
3212 1350 3265 1402 in
3313 1360 3565 1401 sermone

1984 1448 2259 1517 linguam,
2308 1444 2742 1517 quandoquidem
2774 1450 2988 1511 oportet
3037 1455 3069 1495 e
3114 1438 3383 1508 profundo
3410 1453 3567 1493 emno

1985 1541 2241 1593 vitiorum
2278 1538 2413 1592 alios
2466 1546 2711 1607 prompte
2739 1534 3047 1588 extrahere.
3100 1530 3412 1585 Absurdum
3440 1544 3566 1583 vero

1990 1632 2204 1687 videtur
2233 1630 2370 1685 alios
2410 1630 2619 1699 erigere
2652 1635 2940 1682 conantem
2973 1623 3148 1692 ipsum
3192 1621 3318 1675 labi.
3381 1619 3452 1676 Ut
3495 1621 3567 1675 sit

303 1720 689 1775 καταπίπτειν.
748 1721 833 1786 Ὡς
870 1723 936 1776 ἂν
982 1718 1092 1787 οἷός
1127 1740 1187 1777 τε
1241 1725 1520 1794 τυγχάνει,
1570 1723 1778 1785 δίκαιος
1812 1720 1879 1774 ἂν

1994 1737 2233 1792 teqnum,
2274 1721 2450 1790 quoad
2480 1719 2595 1787 ejus
2628 1718 2740 1771 lieri
2795 1722 3004 1785 potest,
3037 1726 3347 1767 sermonum
3383 1712 3565 1780 gravi-

300 1813 394 1882 εῖη
445 1814 820 1885 περιστέλλειν
870 1816 969 1887 τὴν
1010 1817 1120 1871 τῶν
1162 1817 1505 1888 πραγμάτων
1548 1814 1881 1885 αἰσχρότητα

300 1908 370 1975 τῇ
397 1906 508 1959 τῶν
529 1906 725 1973 λέξεων
777 1910 1064 1978 σεμνότητι
1092 1925 1105 1939 ·
1141 1909 1229 1962 ἵνα
1283 1910 1359 1979 μὴ
1405 1906 1699 1975 ἐπιστύψαι
1740 1905 1883 1959 ὲκεί-

303 2013 428 2058 νους
457 1996 776 2067 βουλόμενος
804 1998 902 2067 τὴν
934 1999 1126 2052 ἑαυτοῦ
1151 1999 1399 2066 γλῶτταν
1421 1997 1876 2068 καταρῤυπαίνοιο

306 2087 447 2157 μηδὲ
475 2088 777 2153 ἀπαλλάξαι
807 2090 1087 2160 μολυσμοῦ
1117 2089 1339 2155 ἐθέλων,
1372 2089 1535 2151 αὐτὸς
1579 2088 1877 2160 μολύνοιτο.

305 2180 377 2230 Εἰ
428 2178 483 2231 δὲ
534 2181 700 2250 φαίης
734 2183 815 2235 ὅτι
864 2182 926 2234 οὐ
965 2181 1191 2236 δυνατόν
1240 2182 1355 2235 ἐστι
1413 2182 1507 2235 καὶ
1553 2182 1748 2251 σεμνὸν
1800 2182 1879 2232 εί-

306 2269 580 2340 mittat),
632 2272 725 2324 καὶ
778 2272 1126 2343 καθάψασθαι
1167 2273 1259 2327 τοῦ
1316 2273 1639 2336 ἀκούοντος·
1695 2271 1880 2341 φαίην,

303 2360 440 2413 ὅτιό
482 2360 576 2413 τοῦ
623 2363 844 2433 μετρίου
870 2365 1096 2436 ἐλέγχου
1148 2365 1532 2435 καταφρονῶν,
1593 2356 1751 2427 οὗτος
1785 2365 1882 2417 καὶ

303 2454 403 2507 τοῦ
432 2455 673 2528 ἀμέτρου
703 2458 797 2511 καὶ
824 2458 1038 2529 γυμνοῦ
1070 2458 1230 2511 πλέον
1252 2458 1659 2529 ὁλιγωρήσειεν.
1690 2457 1751 2509 Et
1775 2456 1882 2524 γὰρ

306 2546 339 2614 ὴ
380 2546 621 2616 πραότης
652 2548 747 2600 τοῦ
770 2549 1043 2618 λέγοντος,
1067 2550 1160 2603 καὶ
1190 2552 1223 2620 ἡ
1253 2552 1351 2620 τῆς
1386 2548 1583 2613 λέξεως
1615 2546 1883 2616 σεμνότης

306 2637 407 2689 οὐκ
448 2638 683 2707 ὠφελεῖ,
745 2641 908 2712 σχολῇ
961 2658 1022 2709 γε
1071 2641 1253 2711 γυμνὴ
1317 2641 1423 2693 τῶν
1481 2638 1885 2710 πεπραγμένων

304 2727 457 2799 αὐτῷ
490 2731 522 2801 ἡ
558 2732 810 2802 προφορὰ
856 2733 1152 2804 ὠφελήσει.

418 2842 587 2898 ΥΝΔ⁹.
629 2876 696 2891 -
745 2846 1257 2900 ΑΓΑΘΟΔΑΙΜΟΝΙ
1295 2846 1773 2917 ΓΡΑΜΜΑΤΙΚῼ.

1994 1823 2101 1867 tate
2127 1828 2306 1867 rerum
2336 1823 2515 1882 tegere
2540 1808 2950 1880 turpitudinem,
2977 1820 3044 1860 ne
3071 1804 3195 1859 dum
3225 1803 3361 1859 alios
3388 1805 3569 1857 studet

1991 1904 2259 1972 mordere,
2285 1920 2436 1959 suam
2466 1904 2581 1971 ipse
2607 1902 2851 1972 inquinet
2885 1900 3147 1967 linguam,
3174 1912 3352 1968 neque
3379 1897 3566 1951 sordes

1988 1996 2175 2052 volens
2204 1996 2427 2050 alterius
2454 1995 2660 2059 tollere,
2691 1994 2807 2062 ipse
2834 1990 3169 2061 inquinetur.
3200 1989 3270 2042 At
3292 1989 3334 2043 si
3364 1987 3568 2042 dixeris

1990 2090 2105 2143 tieri
2138 2104 2243 2143 non
2282 2103 2442 2157 posse
2474 2068 2531 2142 ut
2558 2086 2679 2156 quis
2708 2084 2936 2140 sublime
2964 2084 3138 2150 dicat,
3171 2090 3227 2137 et
3258 2082 3325 2137 ab
3352 2081 3568 2134 audito-

1987 2183 2134 2234 ribus
2153 2180 2504 2250 intelligatur,
2522 2177 2822 2247 respondeo
2845 2194 2859 2229 :
2880 2174 2984 2242 Qui
3010 2174 3343 2229 moderatam
3359 2172 3564 2240 respuit

1989 2271 2478 2342 reprehensionem,
2510 2269 2596 2324 hic
2624 2276 2679 2323 et
2718 2266 3063 2323 immodicam
3093 2265 3399 2335 nudamque
3438 2276 3570 2318 con-

1988 2371 2213 2417 temnet.
2251 2362 2307 2418 Si
2333 2361 2477 2417 enim
2506 2360 2738 2415 dicentis
2766 2358 2898 2412 mite
2921 2357 3215 2428 ingenium,
3246 2355 3562 2409 verborum-

1985 2470 2091 2524 que
2121 2455 2358 2525 gravitas
2386 2454 2515 2508 nihil
2554 2454 2792 2523 prodest,
2826 2466 2891 2506 ne
2932 2451 3073 2505 nuda
3103 2448 3321 2519 quidem
3350 2462 3380 2501 a
3406 2447 3568 2502 rebus

1987 2549 2286 2604 enuntiatio
2316 2557 2399 2604 est
2432 2547 2733 2619 profutura.

2038 2844 2263 2899 CDLIV.
2301 2875 2371 2884 ——
2422 2844 2992 2901 AGATIIODASMONI
3036 2843 3515 2900 GRAMMATICO.

823 2935 897 2989 De
924 2933 1232 2990 Mithridate
1258 2952 1371 3005 rege
1395 2936 1608 3005 ejusque
1636 2946 1820 2990 contra
1847 2950 2040 2989 venena
2078 2935 2520 3002 alexipharmaco.
2553 2935 2729 3004 (Cani.
2760 2938 2911 3005 epist.
2940 2936 3053 3008 66.)

380 3062 646 3127 Πολλάκις
673 3066 700 3117 ὂ
720 3067 926 3118 ἐπινοεῖ
953 3082 1034 3127 τις
1053 3066 1134 3127 είς
1161 3065 1462 3132 ἀσφάλειαν
1486 3063 1707 3128 ἑαυτοῦ,
1725 3062 1885 3117 τοῦτο

2065 3061 2193 3127 Qum
2248 3063 2312 3113 ad
2367 3077 2611 3115 seruram
2663 3063 2744 3117 sui
2797 3063 3013 3118 tutelam
3059 3065 3180 3134 quis
3222 3064 3566 3133 excogitavit,

304 3157 631 3225 εὑρίσκεται
702 3158 1100 3227 χαλεπωτάτων
1168 3156 1343 3209 αἴτιον
1395 3158 1712 3228 συμφορῶν.
1776 3158 1883 3209 Ka‘t

1994 3152 2153 3223 693
2203 3153 2317 3207 haec
2352 3168 2495 3223 sche
2528 3169 2745 3209 causam
2777 3170 2897 3212 esse
2936 3158 3292 3210 tnaximarum
3329 3159 3568 3226 cetnperi

302 3249 396 3299 ἵνα
421 3246 489 3299 τὰ
523 3247 661 3301 ἄλλα
689 3248 868 3318 παρῶ,
906 3248 983 3315 ἓν,
1009 3249 1077 3301 δι’
1104 3245 1165 3305 οὗ
1200 3251 1381 3304 πάντα.
1433 3249 1677 3321 μηνύσω,
1723 3250 1881 3315 λέξω.

301 3339 666 3409 Μιθριδάτης,
695 3338 771 3403 ὣς
803 3344 1030 3415 catenae
1064 3343 1359 3414 Παρθυέων
1404 3344 1500 3398 καὶ
1531 3343 1706 3397 ἄλλων
1755 3344 1887 3396 πολ-

302 3427 412 3479 λῶν
437 3428 607 3481 ἐθνῶν
638 3427 1110 3498 βασιλεύσας,ὲπὶ
1152 3431 1296 3500 μέγα
1349 3431 1632 3502 δυνάμεως
1690 3431 1885 3503 προελ-

304 3517 436 3583 θὼν,
483 3519 577 3572 καὶ
628 3519 843 3587 πλούτῳ
903 3521 1089 3589 κομῶν
1142 3523 1238 3575 καὶ
1292 3522 1601 3593 συμμαχίᾳ,
1653 3522 1746 3575 καὶ
1804 3524 1884 3584 είς

304 3608 468 3678 αρτρν
496 3609 696 3673 ἐλάσας
747 3610 845 3680 τῆς
874 3612 1223 3683 ἀνθρωπίνης
1271 3612 1575 3685 εὐημερίας
1609 3614 1699 3666 τὸν
1732 3614 1878 3685 ὅρον,

305 3700 568 3769 φοϐηθεὶς
602 3702 677 3771 μὴ
712 3701 1022 3775 δηλητηρίῳ
1056 3704 1392 3776 ἀναιρεθείη,
1432 3704 1881 3775 ἀλεξιφάρμακον

304 3789 488 3858 ἐαυτῷ
537 3793 958 3846 κατεσκεύασεν.
1004 3795 1430 3866 Μεταὸαλούσης
1462 3791 1557 3849 οὖν
1598 3794 1746 3864 αύτῷ
1784 3795 1883 3864 τῆς

305 3879 628 3951 εὐημερίας,
674 3884 753 3945 εἰς
809 3884 1081 3954 τοσαύτην
1124 3880 1288 3954 ἦλθεν
1340 3886 1608 3955 ἀνάγκην,
1671 3886 1745 3948 ὡς
1801 3887 1881 3948 είς

306 3973 765 4040 φαρμακοποσίαν
835 3974 1134 4044 τραπῆναι.
1226 3976 1313 4037 Ὠς
1374 3975 1433 4028 δὲ
1501 3975 1652 4028 οὐδὲν
1720 3975 1882 4045 ἤνυεν

305 4060 487 4130 (ἔτυχε
526 4062 747 4134 γὰρ,ὡς
777 4064 931 4135 ἔφην,
967 4066 1225 4136 πρόπομα
1260 4065 1396 4137 πρὸς
1445 4068 1554 4119 πᾶν
1583 4065 1878 4137 φάρμακον

302 4155 626 4225 ἀνδροφόνον
655 4156 1101 4228 ἀλεξιφάρμακον
1163 4156 1438 4229 προπιὼν,
1488 4157 1629 4211 ὥστε
1684 4157 1879 4229 μὴητὰ

301 4246 609 4318 δηλητήρια
680 4249 843 4302 αὐτὸν
908 4249 1155 4321 βλάψαι),
1207 4244 1268 4305 οὗ
1323 4250 1791 4323 προκατειληφυῖα
1848 4251 1881 4319 ἡ

300 4340 552 4409 δύναμις,
587 4340 679 4393 τὸν
711 4344 773 4394 ἐκ
802 4341 896 4397 τοῦ
930 4343 1255 4414 δηλητηρίου
1296 4343 1373 4397 ἰὸν
1405 4344 1506 4397 οὐκ
1541 4345 1689 4397 εἴασε
1741 4360 1877 4413 κρα-

299 4433 486 4498 τῆσαι.
552 4431 616 4483 Τί
663 4428 755 4485 οὖν
827 4434 1180 4498 τούντεῦθενς
1231 4434 1365 4487 Τινὰ
1413 4436 1520 4488 τῶν
1566 4434 1880 4505 δορυφόρων

303 4520 501 4575 ἑαυτοῦ
552 4523 646 4575 καὶ
693 4525 1051 4597 σκηπτούχων
1110 4526 1581 4596 ἐφελκυσάμενος,
1662 4525 1875 4579 κελεύει

303 4614 545 4678 πατάξαι
573 4613 684 4684 (42)
741 4616 965 4685 καιρίαν
1014 4618 1093 4680 εἰς
1133 4616 1193 4669 τὸ
1226 4616 1450 4688 στέρνον
1495 4615 1573 4685 τῷ
1615 4616 1877 4687 ἀκινάκῃ.

310 4710 409 4779 Ὦς
438 4708 493 4761 δὲ
535 4710 782 4775 πατάξας
817 4710 1026 4765 ἀνεῖλεν
1046 4727 1059 4742 ⁸
1106 4712 1279 4776 οὕτως
1310 4712 1461 4764 οὐδὲν
1510 4712 1714 4763 ἐκεῖνον
1740 4711 1881 4778 ὠφέ-

1993 3244 2380 3298 calamitatum.
2425 3244 2600 3315 thue
2629 3256 2823 3300 caetera
2858 3248 3125 3311 omittam,
3159 3264 3321 3301 tnuun
3361 3250 3427 3302 ad
3458 3264 3568 3303 rem

1995 3336 2130 3391 hanc
2157 3337 2536 3392 declarandam
2569 3338 2789 3394 alieram
2816 3358 2831 3396 :
2866 3341 3220 3407 Mithridates,
3240 3352 3296 3396 ut
3324 3355 3569 3408 narrant,

1992 3427 2315 3483 Parthorum
2342 3429 2433 3485 ille
2459 3431 2811 3502 gentiumque
2842 3434 3192 3503 plurimarum
3224 3450 3337 3498 rex,
3365 3437 3567 3506 ingenti

1992 3530 2280 3589 provectus
2322 3524 2583 3591 potentia,
2618 3525 2809 3594 opibus
2837 3525 3081 3590 afﬂuens,
3112 3542 3174 3580 ac
3210 3527 3564 3581 tiuitimorum

1993 3612 2278 3677 societate,
2308 3630 2478 3685 eoque
2501 3617 2673 3671 elatus
2709 3619 2924 3674 tandem
2954 3619 3200 3673 humanm
3237 3620 3566 3689 prosperita-

1994 3706 2088 3770 tis,
2134 3708 2299 3777 erepit
2337 3708 2509 3762 vereri
2561 3724 2626 3762 ne
2662 3725 2869 3767 veneno
2904 3712 3201 3767 tolleretur.
3264 3713 3569 3767 l‘harmaeo

1990 3798 2176 3867 itaque
2203 3808 2256 3853 et
2286 3801 2528 3855 antidoto
2556 3816 2613 3854 se
2642 3804 2853 3858 munire
2876 3805 3114 3858 animum
3147 3806 3354 3858 induxit
3384 3820 3562 3858 suum.

1992 3888 2248 3944 Vertente
2279 3890 2457 3959 itaque
2488 3905 2666 3944 rerum
2698 3894 3054 3946 secundarum
3090 3895 3468 3963 prosperitate,
3499 3909 3566 3949 eo

1993 3978 2230 4033 vicissim
2259 3978 2481 4033 adactus
2512 3988 2592 4033 est
2619 3984 2957 4036 necessitatis
2993 3994 3070 4047 ut,
3106 3999 3312 4038 veneno
3346 3984 3561 4050 hausto,

1990 4074 2154 4123 vitam
2204 4070 2357 4125 [inire
2403 4081 2640 4139 cuperet.
2679 4073 2832 4137 Quod
2883 4089 3001 4126 cum
3056 4089 3158 4128 non
3218 4076 3559 4144 procederet,

1992 4160 2241 4231 (bibebat
2269 4164 2436 4229 enim,
2486 4175 2541 4216 ut
2568 4163 2739 4228 aiunt,
2774 4180 2837 4219 ex
2876 4165 3029 4219 melle
3059 4175 3109 4219 et
3141 4166 3267 4220 vino
3313 4167 3563 4237 poculum

1991 4253 2251 4307 adversus
2292 4256 2452 4307 noxia
2492 4256 2673 4308 ountia
2717 4257 2892 4309 toxica
2947 4257 3278 4323 remedium,
3330 4273 3397 4311 ne
3437 4259 3565 4328 quid

1991 4344 2204 4398 aconita
2252 4348 2537 4415 nocerent)
2590 4348 2672 4401 vis
2724 4347 2864 4401 illius
2913 4348 3251 4415 pratveniens
3295 4364 3563 4405 venenum

1989 4450 2248 4504 superare
2281 4453 2384 4490 non
2421 4438 2567 4490 sivit.
2599 4438 2735 4505 Quid
2771 4442 2951 4493 evenit
2984 4442 3200 4510 itaque?
3232 4441 3429 4511 rogas?
3462 4441 3567 4509 lgi-

1986 4537 2072 4580 tur
2101 4544 2131 4580 e
2160 4529 2406 4597 corporis
2445 4530 2762 4584 cuswdibus
2803 4532 3088 4587 satellitem
3134 4542 3350 4585 acutum
3403 4532 3569 4601 jussit

1992 4621 2264 4674 acinacem
2320 4621 2372 4674 in
2416 4631 2604 4688 pectus
2656 4622 2761 4677 sibi
2809 4623 3029 4693 adigere
3078 4638 3142 4679 ac
3184 4623 3368 4678 ferire.
3434 4623 3565 4677 Per-

1992 4711 2247 4766 ουιίυηιιο
2298 4713 2478 4781 itaque
2530 4726 2561 4766 e
2597 4713 2772 4769 medio
2812 4715 3088 4769 dominum
3137 4714 3381 4777 sustulit,
3430 4711 3565 4767 adeo

1389 4886 1622 4941 VARI/IS
1666 4885 2047 4942 LECTIONES
2080 4888 2166 4940 ΕΤ
2197 4887 2430 4943 NOTAE.

374 5046 484 5114 (40)
513 5048 616 5101 l’ro
637 5048 834 5100 εἰδέναι
852 5046 981 5115 περὶ
1011 5046 1239 5100 ἕκαστον
1255 5046 1496 5113 γίγνεται
1523 5048 1676 5101 ιεοιΙιΙ.
1702 5047 1871 5102 Vatic.

304 5118 408 5170 650
431 5127 484 5171 et
528 5119 631 5169 Alt.
666 5118 838 5170 solum
878 5117 1077 5183 legunt,
1112 5116 1307 5169 εἰδέναι
1338 5117 1695 5186 περιγίνεται.
1721 5116 1885 5171 Paulo

303 5202 419 5257 post
441 5203 535 5253 pro
563 5189 679 5240 ἐκεῖ
704 5191 874 5240 τεῖνον
899 5204 1002 5239 uno
1027 5187 1188 5257 verbo
1217 5188 1461 5240 scribunt
1491 5187 1884 5241 Eztzwov.Pos.

382 5259 488 5327 (til)
526 5259 653 5310 "Ott
700 5260 771 5310 οὐ
815 5257 1077 5310 δυνατόν
1121 5256 1248 5308 ἐστι
1286 5257 1381 5307 καὶ
1412 5258 1640 5324 σεμνὸν
1676 5257 1883 5311 εἰπεῖν.

305 5329 445 5381 Sunt
471 5331 582 5380 haec
611 5328 720 5395 ipsa
754 5328 1123 5396 (jltrysostomi
1156 5329 1314 5379 verba
1346 5329 1528 5379 homil.
1556 5328 1607 5391 4,
1638 5329 1685 5379 in
1712 5328 1884 5396 Epist.

304 5398 371 5451 ad
406 5398 656 5460 Romam,
689 5398 779 5466 qui
819 5409 875 5450 et
912 5398 1106 5450 ibidem
1146 5397 1385 5461 disserit,
1408 5412 1501 5450 eos
1531 5399 1618 5463 qui
1646 5398 1873 5450 aliorum

304 5467 699 5535 reprehendere
737 5468 918 5519 volunt
956 5466 1179 5535 ﬂagitia,
1211 5467 1327 5534 cogi
1372 5467 1680 5519 necessario
1719 5467 1875 5519 [αξιιί-

305 5546 470 5589 tatem
520 5538 731 5589 illorum
788 5538 1093 5601 dcnudarc,
1131 5547 1184 5588 et
1218 5538 1369 5602 quasi
1420 5538 1488 5589 ob
1519 5538 1703 5589 oculos
1755 5551 1876 5604 Spe-

306 5607 558 5659 ctaudatn
600 5621 919 5674 preponcrc,
953 5607 1073 5674 quia
1109 5621 1294 5672 parum
1331 5606 1530 5675 alioqui
1572 5606 1872 5671 prolicient.

306 5675 363 5725 In
395 5692 512 5727 eam
551 5692 661 5727 rem
709 5676 899 5728 solitus
947 5688 1000 5728 et
1028 5676 1264 5743 chirurgi
1307 5677 1498 5731 aliert'e
1544 5676 1870 5743 exemplum,

307 5747 397 5813 qui
430 5755 487 5798 ut
525 5747 647 5799 tabo
681 5759 741 5800 ac
766 5746 915 5801 sanie
945 5744 1232 5815 σηπεδόνος
1284 5762 1470 5802 manus
1525 5746 1674 5802 ulcus
1702 5754 1871 5810 sanet,

1988 5064 2091 5101 non
2128 5058 2344 5102 veretur
2385 5049 2484 5102 sibi
2531 5062 2721 5101 manus
2778 5047 3084 5117 inquinare.
3131 5058 3292 5117 atque
3336 5051 3387 5104 iu
3436 5051 3562 5106 feti-

1998 5120 2273 5171 tlissitnunt
2303 5134 2401 5185 pus
2433 5118 2741 5171 immittere.
2777 5119 2866 5171 Sic
2902 5118 2952 5170 in
2990 5118 3277 5183 Epistolam
3311 5121 3459 5174 Pattli
3498 5125 3563 5175 ad

1994 5188 2302 5241 Corinthios
2329 5204 2466 5255 S‘J‘pt'.
2504 5195 2767 5253 repetens,
2804 5198 2859 5240 et
2892 5188 2942 5241 in
2978 5186 3145 5255 Epist.
3177 5192 3244 5242 ad
3276 5190 3563 5246 Thessalo—

1996 5259 2244 5311 nirenses
2266 5256 2343 5323 (ut
2376 5258 2427 5309 in
2448 5256 2613 5310 Persii
2642 5268 2878 5326 satyram
2904 5257 2937 5310 4
2963 5260 3271 5311 observavit
3300 5260 3560 5326 Casauh.)

1996 5337 2175 5381 monet
2232 5326 2665 5397 distinguendum
2689 5365 2735 5397 ,__
2765 5337 2941 5380 utrum
3001 5328 3249 5382 dicantur
3296 5328 3560 5397 ejusmodi

1988 5411 2266 5449 sermones
2292 5413 2353 5449 ex
2385 5394 2636 5465 loquendi
2662 5394 2877 5461 all‘eCtu,
2904 5412 2971 5450 an
3007 5402 3227 5452 curandi
3254 5394 3550 5455 voluntate.

1982 5468 2337 5540 Quodantent
2397 5468 2480 5540 hic
2536 5467 2769 5519 Isidorus
2818 5483 2977 5540 supra
3008 5470 3180 5540 dixit,
3232 5470 3554 5540 βουλόμενος

1980 5537 2077 5605 τὴν
2127 5536 2318 5609 ἑαυτοῦ
2367 5532 2610 5609 γλῶτταν
2665 5532 3120 5607 καταρρυπαίνοι,
3168 5532 3416 5607 reperies
3468 5532 3558 5609 gul

1984 5610 2126 5658 mina
2158 5606 2280 5658 infr.
2306 5610 2463 5674 epist.
2499 5606 2601 5660 507
2626 5647 2638 5669 ,
2673 5606 2832 5673 quam
2869 5625 2988 5661 cum
3034 5609 3115 5662 Itis
3162 5606 3562 5665 committas“-

1981 5686 2083 5730 cet.
2115 5677 2350 5729 Senor'r.

2054 5746 2165 5815 (ir!)
2198 5747 2437 5811 Πατάξω
2480 5748 2639 5804 iidem
2668 5757 2863 5818 augent
2904 5748 2952 5803 in
2990 5751 3317 5819 παρατάξαι.
3354 5752 3557 5807 [His-tri.
