3974 6144
330 269 468 342 1593
1210 285 1750 357 EPISTOLARUM
1787 296 1939 374 LIB.
1981 300 2128 361 v.-
2163 303 2403 366 EPIST.
2429 306 2677 369 CDLXI.
3436 304 3570 381 159.4

630 389 803 467 me.
836 420 906 430 —
936 393 1198 467 ιΣιΔΩιτῼ
1226 398 1595 474 ΕΠΙΣΚΟΠῼ.

2259 415 2487 474 CDLIX.
2513 448 2582 460 η-
2609 417 2892 475 lSlDOBO
2941 417 3293 476 EPISCOPO.

428 497 719 588 Laboranti
746 513 794 556 et
822 504 1033 572 facienti
1057 519 1312 575 quantum
1343 511 1400 565 in
1432 529 1487 567 se
1505 525 1603 580 est,
1641 517 1780 572 Deus
1823 519 1922 588 fert
1950 526 2228 581 auxilium.
2267 529 2536 584 Virtutum
2579 531 2718 586 laus.
2746 531 2899 604 (Sup.
2939 535 3093 606 epist.
3123 533 3460 604 3l5e1327.,

406 609 467 661 '0
507 611 606 682 μὲν
647 581 849 686 ἀρετὴν
881 619 1086 685 ἀσκῶν,
1150 621 1358 690 δίκαιος
1411 624 1477 678 ἂν
1539 628 1623 700 εἴη
1675 631 1768 684 καὶ
1794 633 1878 704 rip

2277 581 2533 584 -
2747 581 2899 604 ιπτ-
2940 581 3093 611 ττ--η
3126 581 3290 588 ν--υ
3315 581 3460 604 ν---ι

2067 638 2267 698 Virtuti
2295 658 2513 713 operam
2543 645 2759 701 navanti
2790 661 3002 716 :equum
3034 655 3120 701 est
3143 646 3380 722 divinum
3406 646 3574 702 etiam

325 699 476 755 θείαν
504 703 585 765 εἰς
617 702 868 775 βοήθειαν
918 711 1295 767 ἐπικαλεῖσθαι
1342 717 1547 788 ῥοπήν·
1582 721 1610 772 6
1655 719 1712 772 δὲ
1761 699 1878 793 μηδ·

1996 730 2307 801 implorare,
2329 699 2406 790 .ut
2438 751 2592 805 opem
2642 699 2984 810 Deusl'erat,
3477 738 3571 807 qui

323 791 460 856 όλως
502 796 801 866 φροντίζων
853 801 1074 873 ἀρετῆς,
1138 806 1246 859 οὐδ’
1284 807 1349 860 ἂν
1401 809 1616 882 καλοίη,
1661 791 1878 883 ἐπήκοοι

1995 824 2112 893 ejus
2141 827 2338 880 nullam
2371 828 2520 883 ducit
2551 830 2840 896 rationem,
2883 845 3058 899 neque
3090 829 3304 886 invocat
3337 830 3568 906 Numen,

322 884 433 950 ἕξει
462 887 522 940 τὸ
555 888 732 943 Θεῖον.
762 891 853 962 Τ
888 894 997 965 γὰρ
1044 897 1218 950 πάντα
1261 899 1326 952 τὰ
1372 903 1501 974 παρ’
1537 904 1735 958 ἑαυτοῦ
1759 907 1878 978 πλη

1997 916 2126 970 illud
2174 918 2466 986 propitium
2500 935 2603 974 non
2651 922 2986 992 experietur.
3041 923 3146 988 Qui
3189 923 3330 976 enim
3361 922 3567 997 omnia,

327 978 507 1048 ροῦντι
564 980 806 1051 εὐμενῶς
858 987 1114 1043 ἐπινεύει.
1169 991 1285 1044 Ἵνα
1336 993 1520 1048 δὲκαὶ
1571 997 1659 1050 διὰ
1711 1016 1878 1072 παρα·

327 1069 566 1092 ἓ------1.-μ
601 1090 628 1092 ..
655 1074 680 1092 n
727 1075 770 1092 en
913 1079 925 1092 ο
969 1079 985 1092 q
1014 1081 1026 1092 ι
1283 1082 1295 1092 ι
1607 1087 1633 1092 .-

1995 978 2187 1076 quoad.
2215 978 2331 1075 ejus
2383 1010 2499 1064 ﬁeri
2537 978 2740 1082 potest:
2787 1014 2995 1084 implet,
3051 978 3295 1092 benigne
3327 991 3397 1069 ei.
3429 978 3572 1070 Deus

321 1069 628 1140 δειγμάτων
653 1074 875 1143 βαδίσας
903 1079 932 1131 6
969 1079 1127 1147 λόγος
1162 1082 1490 1156 σαφέστερον
1541 1087 1700 1142 τοῦτο
1729 1069 1878 1162 ποιή-

1995 1100 2203 1156 annuit.
2242 1099 2307 1155 Ut
2358 1117 2486 1157 vero
2535 1105 2798 1175 exemplis
2844 1107 3010 1161 etiam
3056 1069 3238 1174 εει·ιηὶ
3276 1106 3475 1162 clarius
3515 1106 3571 1160 id

324 1174 414 1228 σῃ.
457 1161 653 1231 παρεὶς
682 1164 744 1216 τδ
771 1167 954 1233 φάναι.
990 1168 1051 1222 Ei
1084 1173 1113 1241 ἡ
1158 1173 1332 1244 πόρνη
1370 1174 1620 1244 βούλεται
1649 1181 1749 1249 μὲν
1783 1198 1878 1234 σωε

324 1249 479 1275 (ιζ..--
547 1255 593 1275 -.ν
652 1255 701 1275 n-
729 1255 766 1275 η
791 1274 799 1275 ,
960 1261 1000 1275 cn
1286 1265 1311 1275 -
1538 1268 1563 1275 ..
1742 1270 1757 1275 -
1783 1273 1791 1275 Α

1994 1191 2267 1256 ostendat,
2299 1191 2479 1246 dicere
2509 1194 2639 1248 mihi
2676 1195 2876 1250 videris
2909 1214 2922 1250 :
2951 1196 3090 1266 Quid
3116 1196 3162 1275 si
3193 1205 3434 1250 scortum
3468 1194 3571 1251 sal-

321 1249 503 1320 θῆναι,
543 1255 602 1305 οὐ
651 1255 900 1323 βούλεται
956 1261 1016 1313 δὲ·
1067 1265 1435 1336 σωφρονῆσαι,
1486 1268 1605 1332 πῶς
1656 1270 1878 1340 σωθήσε·

321 1355 439 1362 __-_
491 1343 639 1362 ,ηας
827 1347 838 1362 ,
981 1351 1045 1362 ..-
1399 1355 1410 1362 .
1693 1360 1701 1362 μ

1994 1279 2111 1334 vari
2137 1280 2286 1344 velit,
2319 1297 2427 1335 non
2470 1283 2596 1348 velit
2626 1293 2806 1340 tamen
2837 1286 2905 1340 ab
2935 1267 3321 1342 incontinentia
3351 1298 3570 1362 tempe-

317 1355 442 1406 ται;
491 1343 698 1396 Ἐκεῖνο
737 1347 949 1416 φράσω.
981 1351 1159 1405 Ἔστω
1199 1371 1284 1416 τις
1309 1355 1613 1428 γράμματα
1649 1360 1747 1428 μὲν
1770 1362 1878 1415 ἐπι-

1995 1382 2135 1434 rare,
2193 1343 2298 1436 qua
2360 1346 2572 1425 demum
2621 1373 2834 1428 ratione
2889 1373 3227 1430 salvabitur?
3284 1373 3379 1428 Est
3414 1343 3568 1444 quod

322 1429 512 1537 θμμῶν
584 1434 798 1502 μαθεῖν.
853 1440 933 1502 είς
992 1441 1312 1497 διδασκάλου
1371 1445 1428 1498 δὲ
1488 1446 1563 1518 μὴ
1645 1451 1878 1517 φοιτῶν¹

1994 1461 2340 1526 respondeam
2381 1477 2394 1512 :
2432 1459 2516 1515 Sit
2551 1463 2642 1532 qui
2677 1465 2888 1520 discere
2933 1466 3144 1522 litteras
3179 1469 3385 1537 cupiat,
3439 1482 3571 1537 pra:-

320 1516 440 1573 εἷτα
497 1523 574 1594 τῷ
627 1534 1017 1601 γραμματιστῇ
1061 1534 1382 1604 ἀγοράζοντι
1433 1537 1671 1608 ἐντυχὼν
1723 1541 1878 1610 λέξοι

2085 1516 2098 1526 .
2568 1516 2582 1532 .
2934 1516 3141 1522 mum-
3182 1516 3385 1537 "rm,
3439 1516 3547 1537 τ---

1994 1561 2260 1616 ccptorem
2299 1563 2476 1608 tamen
2511 1555 2643 1609 nolit
2672 1556 3040 1624 frequentare,
3074 1559 3271 1614 dehinc
3300 1560 3350 1614 in
3382 1575 3569 1628 gram-

319 1613 554 1716 Ποίησον
594 1633 661 1686 με
697 1619 888 1687 μαθεῖν
936 1623 1268 1694 γράμματα’
1308 1622 1399 1700 ἄρ’
1438 1629 1537 1699 οὐχ
1583 1632 1690 1703 ἡγῇ
1741 1635 1878 1687 ἐκεῖ·

1994 1613 2249 1694 matisten
2283 1640 2406 1711 (hoc
2442 1655 2544 1706 est,
2578 1645 2822 1702 scribere
2871 1649 3156 1703 docentem
3182 1689 3198 1716 ,
3247 1663 3312 1705 ac
3358 1650 3425 1705 de
3475 1649 3567 1704 lit-

318 1717 410 1754 νον
472 1701 738 1774 λαμπρῶς
783 1707 1175 1781 ἀποκρίνεσθαι
1225 1713 1474 1783 λέγοντα·
1505 1701 1878 1790 Ἐμθῖρόντητε1

1994 1729 2123 1785 teris
2178 1701 2575 1806 disserentem)
2629 1735 2878 1796 incidens.
2931 1737 3076 1793 dicat
3126 1754 3145 1792 :
3183 1701 3427 1795 Litteras
3481 1755 3569 1795 me

319 1791 414 1843 καὶ
461 1792 577 1857 πῶς
611 1794 678 1848 ἂν
722 1797 905 1852 δύναιο
961 1803 1174 1871 μαθεῖν,
1236 1806 1375 1876 μήτε
1428 1809 1510 1871 είς
1558 1809 1878 1867 διδασκάλου

1994 1821 2228 1890 doceas;
2260 1839 2441 1880 annon
2471 1828 2619 1882 clare
2671 1841 3053 1896 responsurum
3109 1829 3350 1900 opinaris
3379 1848 3394 1886 :
3422 1829 3568 1886 Heus

319 1881 543 1947 φοιτῶν,
570 1885 708 1955 μήτε
731 1890 968 1959 γραφίδα
999 1893 1094 1945 καὶ
1131 1893 1312 1949 δέλτον
1355 1901 1714 1969 κεκτημένος,
1749 1905 1878 1974 μήτε

1995 1913 2186 1968 stolide
2205 1954 2221 1979 ,
2253 1919 2523 1984 quomodo
2551 1921 2762 1976 discere
2792 1936 2982 1992 queas,
3003 1921 3045 1976 si
3071 1881 3245 1992 neque
3274 1932 3566 1993 praecepto-

319 1975 502 2026 πονεῖν
529 1973 882 2046 βουλόμενος;
917 1983 993 2052 Τῇ
1036 1983 1136 2052 μὲν
1186 1987 1294 2057 γὰρ
1322 1988 1587 2062 ἐπιθυμίᾳ
1615 1996 1681 2063 τῇ
1735 1973 1878 2065 σῇῗεί

1997 2016 2111 2057 rem
2169 1973 2510 2075 πέεάυειιιοε,
2546 1973 3564 2084 ne...tam";inanitates,

319 2063 349 2113 6
403 2063 564 2127 πόνος
615 2069 915 2141 συναφθείη
967 2073 1062 2125 καὶ
1121 2075 1154 2143 ἡ
1190 2077 1294 2146 ἐμὴ
1364 2081 1589 2150 σπουδὴ,
1647 2063 1878 2142 ἔσταιτι

2265 2063 2282 2075 .
2495 2063 2510 2074 .
2701 2063 2710 2065 ε
2758 2063 2778 2066 -
2808 2063 2830 2081 .,
2994 2063 3156 2068 τ-ρην
3203 2063 3564 2084 -τ---νν--Ἰ-ν.

1994 2101 2047 2146 et
2078 2091 2322 2151 laborare
2359 2101 2613 2154 recusas?
2652 2100 2777 2155 Tute
2810 2102 2955 2156 enim
2999 2102 3241 2158 discendi
3281 2104 3564 2173 cupiditati

319 2153 502 2218 πλέον.
531 2156 594 2210 El
623 2157 680 2210 δὲ
717 2157 896 2228 λέγοις
931 2162 1030 2232 μὲν
1063 2165 1371 2237 ἐπιθυμεῖν,
1426 2173 1564 2241 μηδὲ
1611 2178 1783 2239 ποιοῖς
1811 2171 1878 2231 ὧν

1994 2183 2037 2237 si
2070 2188 2364 2243 accesserit
2395 2188 2563 2256 labor,
2592 2202 2754 2261 atque
2780 2207 2945 2261 opera
2976 2193 3139 2247 etiam
3171 2209 3312 2260 mea,
3344 2195 3566 2250 absolu-

315 2245 370 2297 οί
439 2246 835 2320 ἐπιθυμοῦντες
897 2254 1131 2320 ποιοῦσι,
1193 2257 1310 2322 πῶς
1383 2261 1575 2330 μαθεῖν
1647 2264 1878 2338 δυνήσῃ;

1995 2283 2104 2328 tum
2135 2277 2266 2346 quid
2295 2245 2704 2350 perfectum-nque
2739 2245 2956 2338 evadet.
2985 2245 3141 2350 Quod
3173 2245 3567 2340 si'desiderare

316 2336 562 2392 Τοιοῦτοί
593 2341 697 2396 εἰσι
732 2343 825 2397 καὶ⁵
852 2345 904 2405 oi
931 2347 1129 2418 ἀρετῆς
1152 2347 1404 2418 λέγοντες
1444 2353 1544 2423 μὲν
1573 2336 1878 2427 ἐπιθυμεῖν,

1994 2336 2210 2434 quidem
2267 2336 2319 2423 te
2368 2336 2636 2440 aﬂirmes:
2691 2336 2862 2446 neque
2909 2391 2972 2431 ea
2996 2336 3146 2446 ’ξιτεέέ
3175 2336 3320 2446 ⁷ιιιιιιε
3361 2377 3563 2431 sciendi

311 2427 415 2510 τὴν
440 2429 497 2482 δὲ
521 2433 600 2496 εἰς
625 2433 795 2513 αὐτὴν
821 2436 1092 2514 φέρουσαν
1119 2439 1237 2494 ὁδὸν
1272 2441 1780 2515 ἀποδιδράσκοντες.

1994 2457 2171 2525 cupidi
2203 2456 2382 2513 facere
2405 2474 2825 2533 consueverunt,
2845 2469 3114 2537 quomodo
3129 2467 3335 2520 discere
3361 2462 3567 2531 queas?

1994 2544 2086 2598 Sic
2135 2546 2224 2613 qui
2279 2549 2529 2603 virtutem
2588 2559 2777 2621 optare
2839 2570 2899 2610 se
2949 2556 3166 2621 dicunt,
3213 2568 3278 2608 ac
3327 2554 3468 2607 viam
3498 2566 3569 2606 eo

1995 2634 2278 2691 ducentem
2312 2639 2518 2709 ingredi
2553 2642 2846 2714 refugiunt.

669 2732 876 2789 ΥΞ’.-
909 2737 1116 2791 ΗΡΩΝΙ
1147 2739 1615 2812 ΠΡΕΣΒΥΤΕΡῼ.

2227 2749 2432 2808 CDLX.
2457 2783 2527 2794 -—
2547 2755 2804 2811 HERONI
2854 2756 3332 2813 PRESBYTERO.

939 2834 1202 2908 Sectundu
1224 2853 1422 2910 euqqu
1462 2843 1529 2906 ad
1561 2843 1799 2898 virtutem
1837 2847 2210 2916 acquirendaut
2249 2852 2569 2910 adminiculo
2597 2872 2707 2911 esse
2727 2867 2936 2926 queant.

387 2945 572 3015 Μηδὲν
623 2945 805 3018 τίμιον
847 2944 988 3004 εἶναι
1038 2919 1249 3022 νόμιζε,
1278 2952 1308 3006 ὃ
1355 2955 1429 3026 μὴ
1503 2957 1640 3028 πρὸς
1685 2959 1878 3030 ἀρετὴν

2062 2963 2206 3020 Cave
2237 2975 2392 3036 putes
2418 2967 2645 3038 alicujus
2674 2983 2793 3024 esse
2823 2968 3003 3037 pretii;
3037 2968 3179 3038 quod
3213 2969 3279 3022 ad
3311 2968 3567 3022 virtutem

310 3038 486 3108 φέρῃ,
523 3040 660 3109 μηδὲ
687 3044 812 3111 ποιῇ
842 3042 1101 3112 ἀμείνους
1125 3046 1254 3109 τοὺς
1285 3047 1415 3115 περὶ
1463 3047 1597 3108 αὐτὸ
1643 3049 1878 3104 σπουδά-

1994 3070 2093 3110 ηοιι
2143 3058 2326 3123 ducat,
2366 3074 2539 3129 neque
2569 3060 2821 3114 meliores
2852 3061 3038 3115 reddat
3085 3060 3188 3114 sibi
3223 3059 3453 3116 deditos.
3485 3059 3570 3114 Ad

310 3129 528 3204 ςοντας.
555 3132 714 3203 Φέρει
735 3133 792 3186 δὲ
837 3136 914 3198 είς
939 3135 1144 3206 ἀρετὴν
1164 3137 1224 3190 τὸ
1256 3140 1371 3200 τοῖς
1414 3138 1722 3208 φιλαρέτοις
1753 3142 1878 3199 ἀκο-

1994 3149 2247 3204 virtutem
2279 3159 2458 3205 autem
2511 3167 2670 3206 manu
2703 3151 2942 3218 duceris,
2964 3153 3010 3207 si
3059 3152 3260 3207 virtute
3316 3151 3570 3220 praeditos

312 3220 543 3288 λουθεῖν,
575 3224 669 3275 καὶ
701 3225 909 3294 ὁμιλεῖν
947 3229 1060 3290 τοῖς
1116 3231 1602 3298 σωφρονεστάτοις,
1639 3231 1776 3285 ἀλλὰ
1804 3233 1878 3303 μὴ

1994 3241 2273 3308 sequaris,
2328 3249 2491 3311 atque
2534 3252 2686 3298 utare
2739 3243 3079 3299 familiariter
3129 3240 3574 3311 prudentissimis

308 3316 423 3376 τοῖς
474 3314 924 3383 ἀσελγεστάτοις·
977 3322 1090 3382 τοῖς
1162 3322 1606 3391 είρηνικωτάτοις
1660 3323 1756 3384 καὶ
1802 3319 1878 3387 οἷς

1994 3333 2338 3399 hominibus,
2393 3335 2485 3388 sed
2537 3335 2758 3389 libidine
2819 3336 3042 3391 minime
3096 3335 3409 3398 dissolutis,
3457 3334 3568 3386 vita

312 3404 722 3475 συνδιατρίϐεινΔ
761 3405 1054 3482 λυσιτελὲς,
1090 3410 1228 3478 ἀλλὰ
1275 3412 1350 3484 μὴ
1385 3417 1496 3478 τοῖς
1547 3418 1878 3486 μαχιμωτά-

1994 3437 2118 3478 vero
2136 3424 2342 3492 pacatis
2362 3439 2426 3480 ac
2449 3424 2676 3495 placidis
2704 3426 2938 3480 maxime
2958 3425 3219 3490 moribus,
3247 3425 3572 3495 quibuscum

310 3512 443 3559 τοις.
476 3491 550 3549 Εὖ
589 3497 702 3569 γὰρ
758 3499 956 3552 εἰδέναι
988 3501 1114 3574 χρὴ,
1161 3503 1244 3556 ὅτι
1277 3505 1471 3569 κακίας
1507 3523 1591 3568 τις
1636 3509 1765 3580 ῥᾷον
1791 3527 1878 3580 με-

1994 3515 2194 3568 versari
2234 3517 2496 3585 perutile,
2539 3533 2642 3572 non
2691 3533 2813 3573 cum
2858 3518 3230 3573 contentiosis.
3277 3517 3567 3571 Sciendum

309 3586 712 3664 ταλαμϐάνειῆ
761 3591 984 3664 ἀρετῆς.
1028 3594 1090 3647 Ei
1119 3594 1226 3666 γὰρ
1280 3591 1349 3665 ἦν
1401 3599 1530 3668 ῥᾷον
1572 3599 1632 3652 τὸ
1683 3601 1878 3672 ἀρετῆς

1994 3609 2136 3676 enim
2165 3623 2310 3672 vere,
2344 3610 2502 3665 citius
2536 3611 2684 3666 vitiis
2722 3627 2884 3681 quam
2914 3611 3202 3666 virtutibus
3235 3609 3376 3678 capi.
3403 3607 3569 3679 695

315 3683 625 3750 μετασχεῖν,
649 3679 819 3751 ἐχρῆν
865 3683 1098 3748 καὶτοῖς
1151 3687 1435 3751 κακίστοις
1468 3693 1706 3744 συνεῖναι
1754 3694 1878 3756 τοὺς

1995 3695 2050 3750 Si
2086 3700 2228 3752 enim
2267 3698 2478 3761 facilius
2511 3701 2652 3755 foret
2703 3679 2958 3756 virtutem
3005 3699 3254 3770 adipisci,
3284 3701 3569 3768 oportebat

314 3769 648 3839 δυναμένους
702 3773 907 3845 ταύτην
958 3776 1308 3849 χαρίσασθαι.
1375 3780 1595 3854 Ἐπειδὴ
1637 3782 1694 3835 δὲ
1723 3783 1878 3836 τοῦτο

1994 3803 2122 3842 sane
2148 3804 2269 3848 cum
2295 3791 2549 3858 pessimis
2593 3792 2799 3848 versari
2827 3807 2942 3856 eos,
2977 3791 3070 3859 qui
3103 3791 3241 3844 hanc
3267 3789 3570 3844 communi.

311 3858 590 3926 δύσκολον,
638 3861 860 3934 ἄμεινον
893 3865 953 3919 ἐν
996 3865 1266 3938 ἀσφαλείᾳ
1315 3863 1474 3935 εῖναι,
1531 3871 1625 3922 καὶ
1666 3870 1878 3940 φεύγειν

1995 3865 2125 3933 care
2155 3889 2392 3948 possent.
2435 3880 2570 3934 Cum
2619 3895 2749 3934 vero
2787 3881 2837 3934 id
2871 3858 3186 3949 perdiliicile
3219 3877 3310 3942 sit,
3347 3883 3572 3944 praestat

311 3951 440 4012 τοὺς
470 3953 754 4022 πονηρούς.
798 3957 862 4009 Εἰ
900 3957 1009 4028 γὰρ
1054 3959 1249 4012 ἐκεῖνοι
1282 3960 1383 4013 οὐκ
1431 3961 1791 4031 ὠφελοῦνται,
1818 3965 1878 4018 δι’

1997 3975 2110 4020 tuto
2137 3984 2297 4037 agere
2329 3979 2384 4024 et
2414 3969 2688 4038 improbos
2727 3971 2920 4048 vitare.
2959 3968 3234 4042 Siquidem
3266 3981 3392 4041 vero
3436 3964 3567 4018 nihil

313 4042 381 4112 ἢν
406 4042 583 4097 αἰτίαν
607 4045 768 4110 αὐτὸς
793 4045 1086 4120 ζημιοῦσαι
1109 4067 1125 4118 ;

1994 4061 2260 4114 commodi
2307 4062 2544 4116 referunt
2591 4046 2845 4130 improbi,
2890 4076 3012 4128 cur,
3057 4072 3282 4130 qumso;
3327 4057 3420 4110 tibi
3464 4054 3568 4124 il1“i

1993 4150 2188 4204 aﬂ'erre
2217 4151 2471 4206 damnum
2502 4153 2733 4208 studes?

646 4246 816 4302 ΥΞΛ⁹.
841 4277 910 4289 -
942 4249 1178 4305 IEPAKI
1221 4253 1544 4325 ΔΙΑΚΟΝῼ.

2277 4266 2504 4322 CDLXI.
2533 4297 2603 4306 —
2642 4266 2919 4323 HIERACI
2962 4263 3279 4323 ΒΙΑΟΟΝΟ-

923 4413 935 4421 _
994 4343 1245 4397 Animum
1271 4362 1426 4414 quam
1468 4363 1655 4413 corpus
1688 4348 1920 4403 excolere
1955 4369 2193 4423 praestat.
2227 4358 2303 4412 De
2325 4361 2572 4413 societate
2601 4357 2874 4412 bonorum.

392 4468 456 4519 ‘H
495 4466 656 4536 φύσις
681 4469 894 4545 ἀνάγκῃ
921 4476 1016 4527 καὶ
1043 4475 1187 4546 ὅροις
1213 4475 1439 4542 δέδεται,
1471 4481 1504 4547 ὴ
1533 4479 1589 4531 δὲ
1621 4480 1878 4552 προαίρε-

2052 4483 2257 4540 Natura
2288 4485 2594 4542 necessitati
2640 4486 2914 4556 certisque
2951 4494 3037 4539 est
3078 4484 3271 4538 ﬁnibus
3304 4483 3571 4544 astricta;

311 4576 396 4622 σις
421 4557 705 4629 ἐλευθερίᾳ
749 4563 843 4615 καὶ
872 4564 1090 4638 ἐξουσίᾳ
1130 4569 1440 4638 τετίμηται.
1472 4569 1538 4622 Τί
1587 4572 1878 4642 τοιγαροῦν

1994 4577 2266 4630 arbitrium
2323 4593 2450 4632 vero
2505 4578 2758 4633 libertate
2815 4593 2878 4632 ac
2956 4585 3221 4644 potestate
3282 4575 3568 4641 prmditum

307 4649 370 4702 τὺ
402 4650 559 4719 σῶμα
619 4652 996 4720 καλλωπίζων,
1034 4658 1134 4726 τῆς
1159 4659 1338 4730 ψυχῆς
1382 4660 1644 4729 ἀμελεῖς;
1698 4663 1878 4734 Μυρία

1994 4677 2086 4721 est.
2115 4669 2224 4722 Cur
2255 4668 2422 4738 igitur
2465 4685 2665 4738 corpus
2710 4680 2963 4723 accurate
2999 4681 3274 4721 exornans
3326 4665 3562 4718 animam

313 4740 416 4809 μὲν
456 4742 568 4811 (44)
605 4743 698 4796 ἐὰν
733 4747 1040 4817 μηχανὴσῃ,
1074 4749 1134 4802 τὸ
1156 4750 1393 4820 εἰδεχθὲς
1422 4751 1580 4821 σῶμα
1607 4750 1878 4824 εὔμορφον

1994 4760 2262 4829 Negligis?
2318 4761 2554 4816 Tametsi
2609 4762 2753 4815 enim
2818 4757 3230 4816 innumerabilia
3289 4755 3570 4820 moliaris,

307 4831 368 4885 οὐ
402 4834 662 4903 ποιήσεις.
706 4836 864 4906 Ῥᾷον
887 4837 942 4890 δὲ
974 4837 1072 4908 τὴν
1107 4839 1284 4910 ψυχὴν
1315 4843 1394 4904 εἰς
1438 4842 1605 4912 αὐτὴν
1633 4842 1724 4895 τοῦ
1757 4844 1878 4898 κάλ-

1994 4864 2188 4918 corpus
2209 4851 2453 4905 deforme
2484 4851 2682 4904 l'rustra
2735 4850 3033 4904 formosum
3061 4846 3280 4904 coneris
3313 4846 3562 4911 reddere.

307 4923 434 4986 λους
468 4925 781 5006 ἀναγάγοις,
813 4929 862 4980 εί
908 4927 1137 4997 βούλοιο,
1195 4930 1293 5003 τὴν
1338 4934 1618 5003 κορυφήν·
1681 4935 1778 4988 καὶ
1821 4935 1878 4989 τὸ

1994 4939 2057 4990 At
2090 4953 2316 5006 pronum
2369 4945 2451 4992 est
2481 4951 2545 4992 ac
2573 4937 2728 4992 facile
2775 4938 3014 5005 animam
3063 4938 3133 4990 ad
3181 4950 3475 4998 stunmum,
3520 4935 3565 4990 si

310 5014 432 5090 μὲν,
469 5017 517 5068 εί
547 5017 639 5068 καὶ
669 5004 891 5072 δυνατὸν
917 5014 1005 5091 ἦν,
1038 5020 1310 5090 ἀνωφελὲς
1337 5021 1405 5094 ἦν
1433 5026 1528 5080 καὶ
1555 5027 1844 5096 ἐπίφθονον
1865 5046 1878 5060 ·

1994 5004 2140 5095 libet,
2199 5028 2614 5099 pulchritudinis
2667 5028 2879 5100 culmen
2938 5028 3230 5083 adducere.
3308 5025 3379 5079 Et.
3435 5027 3570 5081 illud

306 5108 368 5162 τὸ
402 5107 458 5160 δὲ
489 5106 581 5161 καὶ
598 5109 890 5180 ὠφέλιμον,
910 5111 1006 5166 καὶ
1035 5112 1227 5181 φθόνου
1258 5118 1522 5186 κρεῖττον,
1554 5121 1647 5172 καὶ
1673 5121 1878 5189 βασκα-

502 5198 514 5217 ,
577 5197 590 5213 ι
849 5201 906 5217 η.
971 5202 1010 5217 ...
1183 5203 1230 5217 ...
1361 5207 1412 5217 -.
1522 5209 1536 5217 .
1672 5207 1693 5217 -
1858 5211 1870 5217 -

1994 5084 2224 5187 quidem,
2270 5095 2519 5189 quamvis
2575 5117 2689 5172 lieri
2745 5097 2945 5188 queat,
2981 5117 3169 5172 inutile
3204 5126 3380 5171 tamen
3411 5117 3480 5170 sit
3511 5125 3567 5170 et

307 5197 424 5259 νίας
492 5197 781 5269 ἀνώτερον.
845 5201 908 5254 Εἰ
965 5202 1023 5256 δὲ
1073 5203 1312 5274 νομίζεις
1356 5207 1611 5262 δύσκολον
1642 5207 1783 5264 εἶναι
1821 5211 1878 5264 τὸ

1994 5213 2229 5278 odiosum
2259 5230 2275 5266 :
2304 5215 2402 5267 hoc
2434 5227 2561 5267 vero
2610 5211 2847 5281 perutile
2879 5218 2932 5281 et
2964 5221 3118 5264 extra
3153 5224 3370 5264 omnem
3423 5207 3563 5260 invi-

309 5288 577 5359 ἀναϐῆναι
604 5292 696 5343 ἐπὶ
725 5291 820 5362 τὴν
844 5297 1084 5365 κορυφὴν
1115 5296 1213 5364 τῆς
1251 5298 1470 5374 ἀρετῆς,
1506 5301 1739 5368 μάλιστα
1778 5303 1878 5370 μὲν

1994 5305 2126 5358 diam
2179 5305 2472 5373 odiumque
2509 5305 2763 5374 positum.
2807 5303 2864 5359 Si
2910 5313 3085 5370 autem
3143 5310 3300 5371 putes
3349 5297 3566 5354 diﬂicile

307 5379 446 5451 εἰσὶν
510 5382 560 5434 oi
615 5384 710 5437 καὶ
763 5385 922 5439 τοῦτο
971 5374 1286 5454 ἀνύσαντες,
1340 5391 1434 5444 καὶ
1487 5392 1550 5443 ὲκ
1581 5392 1675 5444 τοῦ
1714 5393 1876 5462 βυθοῦ

1994 5410 2123 5463 esse,
2155 5405 2212 5450 ut
2242 5396 2364 5466 quis
2385 5398 2451 5451 ad
2470 5373 2742 5452 summum
2776 5397 2995 5452 virtutis
3022 5397 3230 5464 apicem
3264 5392 3565 5464 pertingat,

1415 5543 1646 5599 VARl/E
1687 5543 2069 5606 LECTIONES
2107 5548 2196 5604 ET
2231 5549 2464 5612 ΝΟΤᾹΞ.

384 5687 497 5760 (id)
524 5689 669 5758 inter
697 5693 794 5763 μὲν
820 5701 874 5750 et
912 5695 1005 5759 ὲᾲν
1037 5695 1195 5756 iidem
1227 5698 1468 5756 inserunt
1495 5701 1622 5770 γάρ.
1669 5701 1878 5759 Possm.
