3974 6144
425 297 563 366 1595

1615 292 1675 352 S.
1719 287 2008 348 ISIDORI
2047 283 2492 346 PELUSIOTIE

3551 264 3704 332 1596-

424 421 552 468 sunt
584 419 766 465 tamen
820 407 1060 472 omnino,
1116 405 1207 476 qui
1255 419 1319 460 eo
1364 403 1717 473 perveniam,
1771 413 1933 469 atque
1961 415 1992 453 e

2116 398 2192 466 τῆς
2220 395 2419 457 κακίας
2475 391 2612 462 πρὸς
2656 390 2819 460 ἄκρον
2886 385 3288 456 ἀναϐεϐηκότες
3337 382 3566 455 ἀρετῆς.
3628 381 3698 436 Εἰ

425 498 650 554 malitiae
699 498 958 552 barathro
985 497 1052 550 ad
1087 493 1306 548 virtutis
1340 492 1596 547 verticem
1638 489 2005 545 conscendere

425 588 696 642 nitantur.
721 585 874 650 Quod
905 584 949 638 si
979 583 1195 638 diﬂieile
1237 584 1508 646 videatur,
1558 579 1772 635 discede
1803 578 1871 632 ab
1898 578 2002 631 itit-

425 675 715 747 probitate,
747 683 800 728 et
857 673 1045 727 insiste
1078 673 1164 725 via
1215 687 1337 740 qua:
1395 670 1461 723 ad
1518 669 1772 721 virtutem
1833 663 1998 717 ducit.

425 767 580 834 Quod
614 765 657 820 si
699 765 876 818 adhuc
909 763 1120 817 modice
1148 763 1351 816 distare
1374 760 1642 822 videatur,
1673 757 1780 810 noli
1812 755 2001 808 eximi-

425 873 576 914 mare
603 858 893 911 modicum.
917 854 971 909 ld
1005 855 1095 909 fiet
1117 855 1160 907 si
1200 853 1373 906 noxiis
1393 851 1513 904 vita:
1536 849 1801 902 institutis
1826 861 2002 916 neque

429 950 506 1004 uti
537 949 652 1018 ipse
686 947 853 1012 voles,
895 961 1069 1014 neque
1115 945 1187 998 iis
1218 944 1309 1012 qni
1348 951 1572 996 utantur
1603 942 1680 994 sis
1713 938 1994 992 familiaris

430 1040 592 1095 bonis
646 1050 837 1092 contra
875 1038 1008 1091 viris
1051 1051 1113 1091 ac
1175 1033 1406 1104 negotiis
1467 1033 1694 1101 teipsnnt
1759 1031 1992 1084 dederis.

425 1131 632 1187 Probos
684 1129 924 1194 etenim,
978 1128 1190 1182 tametsi
1254 1135 1306 1180 te
1353 1125 1605 1185 oderint,
1662 1123 1846 1192 fugere
1897 1137 2001 1174 non

425 1230 658 1291 oportet,
693 1229 746 1274 at
772 1235 900 1275 vero
923 1220 1111 1279 malos,
1139 1218 1236 1273 etsi
1265 1227 1314 1272 te
1341 1223 1544 1271 ament.

588 1334 838 1391 CDLXII.
877 1363 949 1374 —
975 1328 1349 1386 THEODORO
1404 1324 1830 1384 AUGUSTALI.

2104 488 2164 540 δέ
2199 504 2282 540 σοι
2311 485 2568 539 δύσκολον
2598 478 2736 536 εἶναι
2767 481 2925 536 τοῦτο
2961 480 3139 543 δοκεῖ,
3172 478 3266 530 καὶ
3301 474 3572 545 ἀπόστηθι
3593 475 3699 542 τῆς

2106 579 2328 640 κακίας,
2359 577 2454 628 καὶ
2488 577 2621 644 ἆψαι
2645 573 2746 644 τῆς
2773 572 2866 626 ἐπὶ
2891 570 2990 641 τὴν
3011 568 3212 640 ἀρετὴν
3235 566 3512 637 φερούσης
3546 564 3702 618 ὁδοῦο

2103 671 2163 723 τὸ
2193 670 2298 740 γὰρ
2325 667 2404 722 ἔτι
2439 666 2635 738 μικρὸν
2685 662 2877 716 ἑαυτοῦ
2933 661 3236 732 διαφέρειν,
3286 659 3346 711 οὐ
3375 659 3456 710 δεῖ
3496 657 3714 725 μικρὸν.

2103 761 2377 831 ἡγεῖσθαι.
2411 758 2583 814 Τοῦτο
2613 757 2671 810 δὲ
2700 757 2876 819 ἐσται,
2917 756 2966 808 εί
2998 756 3114 816 τοῖς
3151 752 3250 822 μὲν
3282 750 3544 821 πονηροῖς
3571 749 3701 799 ἑπι-

2115 851 2414 920 τηδεύμασι
2463 851 2600 922 μήτε
2649 848 2812 910 αὐτὸς
2857 845 3101 916 χρῆσθαι.
3153 840 3499 912 βουληθείης,
3553 839 3703 908 μήτε

2105 946 2215 1005 τοῖς
2237 943 2539 1012 χρωμένοις
2585 940 2846 1010 χρῆσθαι,
2871 940 2981 1000 τοῖς
3019 937 3075 990 δὲ
3103 934 3326 1002 ἀγαθοῖς
3369 931 3465 984 καὶ
3506 932 3700 999 πράγ-

2113 1051 2244 1105 μασι
2277 1035 2368 1086 καὶ
2417 1032 2646 1102 ἀνδράσι
2698 1031 2994 1100 συνάψειας
3031 1027 3248 1081 σαυτόν.
3278 1025 3414 1086 Τοὺς
3452 1023 3558 1093 μὲν
3589 1024 3708 1090 γὰρ

2101 1125 2339 1194 ἀγαθοὺς
2365 1125 2484 1177 οὐδὲ
2519 1122 2844 1194 μισούμενον
2868 1121 3092 1190 φεύγειν
3123 1117 3250 1189 χρὴ,
3279 1117 3408 1178 τοὺς
3433 1115 3494 1169 δὲ
3528 1131 3704 1182 πονη-

2102 1217 2229 1285 ροὺς
2253 1216 2348 1268 καὶ
2378 1214 2726 1285 φιλούμενον.

2309 1327 2475 1382 rae.
2510 1358 2574 1367 —
2607 1324 2909 1394 meomeo
2959 1321 3470 1390 ΔΥΓΟΥΣΤΑΛΙῼ.

1032 1423 1344 1478 Comitatem
1377 1423 1550 1491 potius
1580 1438 1735 1490 quam
1765 1419 2066 1488 superbiant
2099 1432 2148 1476 et
2177 1423 2375 1490 Iustum
2409 1423 2788 1491 imperantibus
2818 1417 3114 1470 convenire.

495 1536 614 1592 Non
644 1538 937 1606 superbum
971 1537 1280 1604 elatumque
1319 1535 1594 1603 ingenium
1631 1535 1697 1586 ad
1721 1533 1997 1600 imperan-

425 1627 555 1683 dum
593 1643 714 1682 cum
761 1627 900 1682 fastu
941 1641 1000 1681 se
1043 1629 1178 1681 dans
1235 1625 1542 1692 reipublicae
1593 1624 1995 1692 gubernanda,

427 1726 488 1771 ut
513 1717 814 1782 existimas,
854 1727 1037 1783 aptum
1065 1727 1168 1783 est,
1217 1717 1311 1771 sed
1359 1715 1490 1769 mite
1517 1714 1696 1782 potius
1746 1728 1810 1766 ac
1841 1711 2000 1765 facile

427 1810 788 1878 omnibusque
837 1823 898 1864 se
945 1825 1009 1865 ex
1067 1823 1221 1877 aequo
1255 1807 1681 1862 accommodans
1720 1804 1998 1871 ingenium

428 1899 826 1970 praeferendum
858 1909 963 1956 est.
1017 1900 1149 1955 illud
1186 1900 1404 1969 quidem
1449 1898 1678 1951 ferinum
1727 1896 1885 1965 plane
1919 1904 2004 1949 est

429 2009 495 2048 ac
546 1994 849 2063 viperinum
909 2011 924 2047 :
982 1993 1088 2047 hoc
1134 2001 1324 2047 contra
1382 2001 1566 2058 aptum
1629 1989 1878 2057 imperio,
1938 2001 2003 2042 ac

427 2086 665 2141 subditis
699 2085 855 2154 longe
889 2086 1258 2140 utilissimum.
1311 2082 1497 2152 Neque
1537 2083 1678 2136 enim
1714 2081 1878 2144 fastu,
1908 2080 2002 2135 sed

429 2177 717 2240 prudentia
754 2175 1132 2243 pra-lectorum
1173 2190 1260 2228 res
1288 2175 1654 2242 subjectornnt
1696 2171 2007 2225 instauran-

432 2276 538 2319 tur.
558 2265 653 2320 llle
671 2269 814 2320 enim
830 2269 1073 2337 utrisque
1093 2283 1279 2337 parum
1302 2276 1468 2329 tntns,
1483 2267 1597 2320 haec
1617 2279 1742 2318 vero
1764 2265 2007 2333 utrisque

432 2365 579 2411 tuta:
603 2358 724 2411 istis
747 2358 963 2426 quidem
992 2359 1036 2412 si
1063 2359 1347 2426 imperium
1369 2358 1440 2413 ad.
1463 2356 1773 2425 popularem
1805 2363 2001 2409 statum

431 2458 674 2515 spectare
697 2450 956 2514 creditur,
986 2450 1070 2503 his
1100 2465 1227 2502 vero
1255 2449 1300 2503 si
1331 2448 1641 2502 dominandi
1676 2443 2001 2517 [libidinem]

431 2553 639 2606 amore,
676 2540 766 2606 qui
805 2540 1055 2592 timorem
1090 2540 1282 2603 vincit,
1313 2547 1642 2606 permutem.

878 2648 1151 2706 CDLXlIl.
1183 2679 1252 2688 -—
1275 2647 1547 2703 ALYPIO.

2175 1539 2250 1592 Οὐ
2279 1537 2339 1589 τὸ
2359 1535 2674 1600 ἀλαζονικὸν
2707 1536 2802 1586 καὶ
2842 1531 3148 1602 ὑπέρογκον
3179 1530 3377 1597 δεῖγμα
3439 1530 3705 1597 αρχοντε-

2104 1627 2202 1681 κοῦ
2229 1629 2397 1688 ἐστιν,
2422 1625 2497 1687 ὼς
2529 1627 2658 1693 ἡγῇ,
2694 1624 3061 1694 φρονήματος,
3097 1621 3234 1674 ἀλλὰ
3261 1620 3323 1672 τὸ
3353 1620 3570 1688 ἥμερον
3605 1617 3706 1669 καὶ

2099 1715 2440 1784 εὐπρόσιτον,
2475 1714 2570 1765 καὶ
2608 1712 2668 1764 τὸ
2701 1712 2865 1763 πᾶσιν
2903 1712 3019 1779 μετ’
3047 1709 3350 1770 ἐπιεικείας
3376 1706 3704 1778 προσφέρε-

2109 1803 2250 1859 σθαι.
2317 1805 2526 1857 Ἐκεῖνο
2561 1802 2661 1872 μὲν
2713 1802 2821 1871 γὰρ
2873 1799 3244 1870 θηριοπρεπὲς
3285 1799 3379 1850 καὶ
3437 1796 3700 1865 ὁφιῶδες,

2107 1895 2264 1948 τοῦτο
2292 1893 2347 1946 δὲ
2381 1893 2628 1962 ἀρχικὸν,
2663 1892 2756 1943 καὶ
2782 1893 2892 1952 τοῖς
2929 1891 3190 1959 ὑπηκόοις
3217 1887 3702 1940 λυσιτελέστατον.

2109 1986 2183 2040 Οὐ
2229 1986 2339 2054 γὰρ
2388 1984 2494 2037 ἀπὸ
2539 1983 2909 2052 φρονήματος,
2938 1980 3054 2034 ἀλλ’
3087 1980 3196 2033 ἀπὺ
3228 1980 3550 2050 φρονήσεως
3583 1978 3706 2031 τῶν

2109 2077 2393 2146 ἡγεμόνων
2433 2075 2500 2127 τὰ
2527 2075 2634 2126 τῶν
2665 2072 2921 2142 omnem»;
2955 2069 3313 2140 κατορθοῦται
3361 2068 3703 2138 πράγματα.

2107 2168 2181 2220 Τὸ
2218 2165 2438 2236 μὲνγὰρ
2473 2165 2568 2218 καὶ
2589 2165 2770 2228 αὐτοῖς
2796 2163 3018 2224 καὶτοῖς
3050 2161 3374 2231 ἀρχομένοις
3396 2159 3704 2229 σφαλερὸν,

2107 2260 2141 2329 ἡ
2200 2258 2257 2310 δὲ
2306 2257 2608 2327 ἑκατέροις,
2645 2255 2893 2324 ἀσφαλής
2914 2270 2928 2284 ·
2961 2255 3075 2315 τοῖς
3121 2252 3222 2322 μὲν
3253 2252 3387 2323 (45),
3417 2253 3467 2303 εἰ
3496 2250 3560 2303 τὸ
3587 2250 3703 2320 ἀρ-

2107 2351 2259 2422 χικὸν
2287 2352 2380 2405 ἐπὶ
2416 2351 2475 2403 τὸ
2500 2347 2937 2421 δημοτικώτερον
2971 2347 3148 2400 νεύειν
3169 2344 3518 2398 ἁναπείθοιεν
3535 2359 3550 2371 ·
3575 2344 3703 2404 τοῖς

2105 2442 2186 2502 δὲ,
2240 2443 2289 2495 εἰ
2345 2443 2444 2512 τὴν
2496 2439 2795 2493 ἐπιείκειαν
2836 2438 2936 2509 τὴν
2985 2435 3324 2508 ἡγεμονικὴν
3356 2436 3438 2497 είς
3471 2432 3706 2502 ἀγάπην

2110 2531 2332 2603 μείζονα
2351 2532 2445 2586 τοῦ
2469 2531 2636 2601 φόϐου
2669 2530 3046 2601 τυγχάνουσαν
3073 2527 3348 2599 τρέφοιεν.

2614 2641 2778 2697 Υειν.
2809 2670 2880 2682 -
2899 2641 3179 2712 utrum.

1352 2740 1578 2794 Theatra
1609 2741 1847 2806 vitanda,
1883 2747 1951 2795 ut,
1973 2738 2241 2792 libidinosi
2274 2735 2473 2790 amoris
2508 2735 2762 2789 scholam.

500 2851 724 2908 Theatri
782 2853 1032 2924 quisquis
1078 2853 1272 2910 insano
1320 2868 1504 2907 amore
1549 2864 1742 2922 captus
1789 2861 1914 2918 est,
1971 2867 2004 2905 ο

428 2945 632 3014 optime
680 2945 945 3010 virorum,
986 2947 1212 3002 insanus
1264 2947 1502 3002 vicissim
1543 2962 1608 3002 ac
1647 2946 1890 3015 perditus
1943 2944 2004 2998 fit

2191 2851 2250 2903 Ὀ
2274 2847 2668 2919 θεατρομανὴς,
2703 2840 2749 2901 ὧ
2783 2846 3048 2917 βέλτιστε,
3073 2845 3435 2918 ἐρωτομανὴς
3460 2845 3701 2912 γίνεται.

2107 2941 2279 3010 ⁶ιιεῦγε
2301 2941 2478 2994 τοίνυν
2507 2940 2702 3002 ἐκεῖνο,
2729 2939 2819 2993 ἵνα
2845 2939 2923 3010 μὴ
2966 2937 3127 2992 τοῦτο
3161 2938 3402 3008 τεχθείη.
3435 2939 3704 3007 Ἄμεινον

432 3048 668 3090 amator.
723 3036 861 3091 Illud
922 3037 1102 3107 itaque
1147 3038 1338 3093 vitium
1390 3038 1625 3103 declina,
1684 3052 1751 3092 ne
1805 3037 1858 3092 itt
1903 3038 2000 3090 hoc

2116 3033 2218 3104 γὰρ
2245 3032 2320 3103 μὴ
2353 3029 2649 3103 ριζωθῆναι
2682 3030 2784 3101 τὴν
2810 3033 2984 3094 νόσον,
3013 3031 3047 3102 ἢ
3089 3031 3418 3100 ριζωθείσαν
3445 3032 3705 3082 ἀνασπα-

430 3127 658 3182 incidas.
705 3125 934 3182 Praestat
981 3128 1126 3183 enim
1159 3129 1404 3183 morbum
1439 3130 1648 3183 radices
1682 3143 1786 3182 non
1821 3142 2004 3195 agere,

428 3231 590 3280 quam
611 3216 776 3286 jactis
797 3217 908 3284 jam
943 3219 1215 3272 radicibus
1245 3219 1499 3283 avellere,
1519 3218 1660 3284 quod
1679 3217 2004 3287 quihusdam

428 3305 663 3370 difiicile,
703 3308 824 3361 aliis
849 3323 977 3361 vero
1007 3311 1171 3362 etiam
1207 3309 1539 3374 impossibile
1565 3309 1828 3363 videatur.

599 3419 767 3490 696
791 3418 1062 3474 CDLXIV.
1093 3447 1162 3458 —-
1195 3419 1466 3474 DlUGENI
1514 3419 1832 3476 DIACONO.

2116 3121 2332 3191 σθῆναι,
2372 3121 2509 3191 ὅπερ
2559 3119 2673 3173 τισὶ
2726 3119 2827 3189 μὲν
2883 3119 3164 3188 δύσκολον,
3197 3121 3310 3173 τισὶ
3340 3119 3398 3172 δὲ
3431 3118 3703 3172 ἀδύνατον

2113 3213 2251 3272 εἶναι
2271 3217 2423 3272 δοκεῖ
2457 3215 2594 3288 (46).

2408 3420 2571 3476 ΥΞΔν.
2592 3451 2662 3461 -
2685 3421 2932 3476 ΔΙΟΓΕΝ
2939 3421 2999 3475 ΕΙ
3045 3421 3371 3492 ΔΙΑΚΟΝῼ.

1749 3512 1919 3567 Amici
1952 3528 2056 3568 non
2084 3514 2376 3568 deserendi.
2445 3515 2451 3520 ’

499 3621 632 3676 Cum
685 3636 944 3690 germano
990 3636 1315 3692 Stnccroque
1359 3638 1547 3679 amore
1600 3623 1849 3678 fiduciam
1903 3625 1992 3677 Ita-

2178 3624 2288 3695 Τῆς
2319 3625 2548 3695 γνησίας
2579 3627 2672 3681 καὶ
2694 3628 3022 3699 εἰλικρινοῦς
3059 3629 3244 3698 φιλίας
3288 3629 3352 3682 τὸ
3393 3629 3554 3692 ἀδεὲς
3601 3631 3694 3700 ἐγ-

429 3713 560 3766 here
617 3712 999 3782 spoponderis,
1053 3729 1172 3781 cur,
1235 3729 1436 3783 qnatso,
1499 3715 1704 3771 amicos
1756 3716 1875 3770 illos
1903 3726 2000 3770 tua:

2116 3718 2412 3789 (υωμένης,
2443 3719 2508 3772 δι’
2536 3720 2604 3791 ἢν
2657 3721 2834 3776 αἰτίαν
2873 3721 3035 3784 αὐτὸς
3068 3723 3192 3784 τοὺς
3218 3721 3692 3792 ὲμπιστευθέντας

431 3803 754 3856 commissos
787 3801 910 3857 fidei
945 3804 997 3857 itt
1055 3813 1300 3872 apertum
1330 3805 1611 3876 conjecisti
1667 3805 2006 3875 periculum?

429 3893 536 3948 Sed
569 3893 817 3948 fortassis
858 3895 1008 3949 rudis
1059 3896 1173 3964 ipse
1206 3910 1347 3950 verte
1376 3911 1434 3952 es
1475 3897 1750 3963 amicitiae,
1786 3896 2008 3954 minime

427 4000 534 4055 qne
563 3985 832 4054 perfectus
862 3987 967 4041 hoc
1001 3987 1193 4042 fecisti.

845 4092 1097 4147 CDLXV.
1127 4123 1200 4135 -—
1226 4093 1584 4148 ASCLEPIO.

2103 3824 2186 3860 σοι
2208 3809 2356 3878 παρὰ
2387 3809 2494 3861 τῶν
2524 3810 2693 3879 φίλων
2720 3815 2800 3876 είς
2825 3807 3102 3882 προῦπτον
3138 3811 3370 3883 ἔρριψας
3403 3812 3692 3878 κίνδυνον;

2115 3900 2250 3954 Ἀλλ’
2293 3900 2421 3965 ἴσως
2450 3901 2636 3972 φιλίας
2675 3903 3004 3976 εἰλικρινοῦς
3029 3904 3292 3972 ἄγευστος
3335 3902 3411 3957 ὢν
3445 3904 3541 3956 καί⁵
3569 3903 3692 3957 ἀτέ-

2104 3993 2292 4058 λεστος
2314 3995 2471 4048 τοῦτο
2503 3995 2798 4066 διεπράξω.

2548 4102 2712 4156 ΥΞεν.
2747 4131 2820 4142 -
2847 4104 3225 4176 ΑΣΚΛΗΠΙῼ.

1064 4181 1265 4237 Cedant
1297 4199 1446 4235 arma
1481 4193 1634 4252 togm.
1662 4183 1828 4238 Cicer.
1892 4197 1906 4234 1
1972 4185 2119 4256 Ome.
2159 4200 2206 4243 et
2231 4200 2411 4241 contra
2449 4191 2503 4244 in
2547 4191 2865 4245 Mureniana
2889 4203 3029 4247 ornt.

497 4296 943 4365 Quandoquidem
970 4298 1258 4351 ostendere
1285 4295 1516 4351 fortasse
1541 4303 1693 4367 cupis
1721 4299 2002 4367 sapientiae

2191 4305 2407 4376 Ἐπειδὴ
2435 4305 2602 4371 δεῖξαι
2661 4309 2790 4371 ἴσως
2840 4308 3162 4379 βουλόμενος
3209 4309 3309 4377 τῆς
3355 4309 3552 4377 σοφίας
3593 4311 3687 4378 τῆς

430 4391 595 4459 hujus
652 4391 835 4444 mundi
884 4389 1129 4444 bellicam
1163 4401 1424 4459 praestare
1471 4391 1864 4461 fortitudinem,
1895 4411 1993 4464 op-

2116 4397 2369 4466 ιοσμικῆς
2395 4397 2679 4467 κρείττονα
2713 4399 2810 4471 τὴν
2857 4401 2914 4452 ἐν
2971 4403 3086 4464 τοῖς
3121 4400 3383 4470 πολέμοις
3409 4400 3681 4470 ἀνδρείαν,

429 4483 587 4551 ponis
643 4481 798 4537 nobis
843 4493 1116 4537 oratorem
1162 4484 1428 4538 dicentem
1468 4499 1480 4535 :
1522 4485 1796 4550 Quantum
1855 4487 1998 4555 quod

429 4583 639 4640 aperte,
680 4588 840 4644 quam
872 4575 1014 4643 quod
1063 4575 1203 4629 clam
1264 4575 1498 4642 geritur,
1536 4577 1728 4631 melius
1777 4587 1900 4646 est;
1945 4587 1999 4632 et

427 4667 643 4721 vincere
672 4676 860 4734 aperto
885 4666 1076 4733 Marte,
1115 4682 1277 4736 quant
1307 4669 1698 4737 snpplantando
1730 4680 1996 4735 evertere,

428 4755 879 4812 honorificentius
935 4758 1192 4815 exsistit:
1225 4758 1304 4813 sic
1353 4769 1406 4812 et
1467 4760 1749 4815 honestius
1798 4761 1898 4814 fttit
1934 4775 1998 4814 ac

424 4847 749 4905 laudabilius
775 4865 804 4904 a
825 4850 1045 4906 Conone
1070 4852 1226 4918 duce,
1246 4866 1406 4921 quam
1431 4868 1458 4906 a
1485 4851 1852 4909 Themistocle
1880 4871 1997 4907 tnu-

426 4953 521 4992 ros
550 4941 954 4997 Atheniensium
991 4944 1270 4998 constitui.
1298 4943 1398 4997 Hic
1425 4943 1568 4998 enim
1605 4945 1767 5011 ciant,
1796 4945 1884 4999 ille
1916 4945 1996 4999 vi-

425 5044 550 5086 ctor
568 5046 753 5087 eorum
770 5035 862 5104 qni
892 5035 1310 5104 prohibuissent,
1329 5035 1526 5090 effecit.
1555 5034 1686 5091 illud
1712 5039 1995 5101 conﬁrmo,

2105 4487 2455 4557 ἁπετείχισας
2484 4491 2615 4558 ἡμῖν
2634 4491 2725 4543 τῦν
2760 4493 2966 4562 ῥήτορα
2989 4494 3268 4561 φάσκοντα
3287 4509 3302 4522 ’
3329 4489 3488 4563 Ὀσῳ
3507 4492 3567 4544 τὸ
3591 4509 3685 4559 φα-

2104 4579 2275 4650 νερῶς
2300 4581 2394 4632 τοῦ
2427 4581 2600 4653 λάθρα
2633 4587 2900 4651 κρεῖττον,
2921 4586 3016 4639 καὶ
3041 4586 3102 4639 τὸ
3144 4587 3414 4649 νικῶντας
3435 4586 3470 4656 ῆ
3511 4601 3681 4654 παρα-

2105 4673 2510 4744 κρουσαμένους
2543 4677 2803 4747 πράττειν
2841 4677 3022 4733 ὁτιοῦν
3051 4679 3420 4750 ἐντιμότερον,
3448 4678 3681 4748 τοσούτῳ

2106 4765 2322 4818 κάλλιον
2375 4766 2600 4820 Κόνωνα
2642 4767 2712 4820 τὰ
2773 4768 2930 4839 τείχη
2984 4769 3182 4839 στῆσαι
3228 4768 3680 4839 Θεμιστοκλέους.

2117 4855 2178 4907 '0
2214 4855 2322 4925 μὲν
2342 4855 2452 4927 γὰρ
2485 4856 2684 4920 λαθὼν,
2743 4859 2773 4911 ὁ
2831 4860 2890 4913 δὲ
2918 4862 3149 4932 νικήσας
3177 4861 3304 4923 τοὺς
3331 4859 3680 4920 κωλύσαντας

2104 4946 2277 5001 ταῦτα
2291 4949 2564 5016 ἐποίησεν.
2602 4950 2809 5004 Ἐκεῖνό
2835 4945 3000 5022 φημι,
3037 4953 3122 5006 ὅτι
3149 4953 3389 5025 μάλιστα
3435 4952 3535 5022 μὲν
3561 4949 3679 5003 οὔτε

2103 5038 2328 5111 ταύτην,
2365 5039 2488 5094 οὔτε
2517 5042 2733 5114 ἐκείνην
2762 5044 3141 5116 ἀποδεχόμεθα
3165 5060 3180 5075 ·
3210 5045 3350 5099 ἀλλὰ
3396 5047 3499 5114 τὴν
3544 5044 3674 5115 μὲν.

427 5137 604 5190 neque
622 5126 760 5180 hanc
779 5141 952 5196 neque
977 5127 1120 5182 illam
1144 5127 1533 5196 recipiendam,
1560 5129 1654 5183 sed
1679 5129 1998 5198 sapientiam

2116 5131 2156 5182 εί
2188 5131 2261 5201 μὴ
2285 5131 2584 5202 κοσμηθείη
2611 5136 2674 5204 τῇ
2702 5134 2822 5206 θείᾳ
2841 5135 3146 5202 παιδεύσει,
3169 5136 3324 5190 οὐδὲν
3350 5132 3493 5190 εἶναι
3516 5133 3677 5206 ἡγού-

427 5213 646 5280 qttident
679 5214 846 5279 illam,
870 5215 973 5271 nisi
1014 5216 1193 5272 divina
1224 5216 1448 5272 scientia
1483 5217 1816 5283 instruatur,
1851 5209 2000 5273 niitili

2116 5220 2249 5291 μεθα
2268 5237 2282 5252 ο
2313 5223 2412 5292 τὴν
2441 5223 2498 5276 δὲ
2525 5225 2842 5296 κακίξομεν.
2892 5227 3224 5281 ’Δδικεῖσθαι
3258 5228 3389 5299 γὰρ,
3433 5228 3533 5282 οὐκ
3564 5226 3672 5280 ἀδι-

425 5303 797 5372 zestimamus,
846 5306 991 5361 illam
1038 5315 1216 5363 autem
1259 5311 1656 5379 vituperamus.
1718 5307 2000 5364 Didicimus

2116 5313 2216 5365 ιεῐν
2250 5313 2672 5386 μεμαθήκαμεν.
2703 5317 2982 5390 Ἀνδρείαν
3005 5319 3061 5373 δὲ
3081 5319 3389 5392 ἡγούμεθα,
3420 5318 3518 5392 τὴν
3540 5315 3672 5371 κατᾶ

1523 5463 1760 5520 VARI/1?.
1798 5464 2180 5522 LECTIONES
2221 5467 2306 5522 ΕΤ
2345 5467 2578 5525 NOTAE.

507 5609 616 5679 ’45)
655 5609 784 5669 Post
809 5615 907 5685 μὲν
945 5617 1147 5675 addunt
1169 5617 1275 5688 γὰρ
1323 5620 1476 5678 codd.
1507 5621 1628 5677 Vat.
1663 5622 1764 5680 650
1794 5637 1844 5680 et
1888 5625 1991 5681 Alt.

432 5626 784 5736 Ιὶοὲῗὲτοει
809 5626 907 5685 μεν
945 5626 1147 5675 addunt
1169 5626 1275 5688 γὰρ
1323 5626 1476 5678 codd.
1508 5626 1628 5677 Vat.
1663 5626 1764 5680 650
1794 5637 1844 5680 et
1888 5626 1991 5681 Alt.
2115 5626 2386 5736 Eugenio
2425 5628 2527 5683 fine
2557 5643 2638 5697 cp.
2673 5643 2766 5696 pro
2793 5627 2940 5681 δοκεῖ
2982 5628 3129 5683 solus
3172 5626 3345 5684 Vatic.
3401 5627 3503 5685 650
3529 5628 3663 5698 ponit

2115 5695 2284 5750 δοκῶ.
2305 5698 2380 5752 ID.
