3974 6144
323 311 459 382 1597
1206 315 1746 378 EPISTOLARUM
1783 317 1931 378 LIB.

2030 345 2120 378 .-·
2159 318 2401 381 EPIST.
2440 322 2749 384 CDLXIX.
3465 309 3522 375 1E
3531 310 3604 376 '33

317 434 430 488 τῶν
447 432 724 504 δυσχερῶν
750 429 1076 502 ὑπεροψίαν,
1109 432 1200 484 καὶ
1248 434 1304 484 τὸ
1329 432 1594 500 γενναίως
1620 432 1808 502 φέρειν
1833 432 1904 486 τά
1936 451 1949 494 Α

2030 434 2154 489 mim
2176 435 2471 492 Christiani
2498 438 2748 508 accipere
2774 451 2937 507 quam
2969 434 3148 491 facere
3171 431 3424 501 iniuriam
3443 431 3601 501 lange

321 524 707 596 συμϐαίνοντα.
744 525 808 576 Εἰ
836 524 892 576 δὲ
917 525 1022 594 χρὴ
1058 542 1110 577 τι
1164 525 1258 578 καὶ
1305 525 1446 596 πρὸς
1467 523 1558 577 τὸν
1588 526 1797 596 ῥήτορα
1826 526 1906 578 εί-

2030 540 2136 580 asse
2171 531 2535 597 prmstantius.
2570 529 2975 584 Fortitudinem
3005 527 3150 583 enim
3181 525 3558 581 existimamus
3584 562 3604 586 ,

318 616 683 685 πεῖν,εῖποιμ’
721 615 821 669 ἄν’
877 616 1020 669 Ἀλλ’
1060 617 1090 669 ὁ
1147 616 1311 686 σοφίᾳ.
1362 616 1803 687 περιγενόμενος,
1861 611 1907 671 ὦ

2030 632 2198 672 rerum
2231 635 2352 676 esse
2375 621 2670 675 difﬁcilium
2702 619 3110 690 despicientiam
3130 661 3145 685 ,
3175 625 3230 672 et
3261 629 3448 671 eorum
3482 629 3603 683 qua:

319 707 568 776 ρητόρων
601 705 815 776 ἄριστε,
849 706 1007 776 δῆλος
1027 703 1096 777 ἦν
1112 708 1194 760 ὅτι
1217 708 1310 760 κα)⁸
1334 708 1585 778 νικήσας,
1612 709 1660 760 εί
1686 707 1907 780 συνέϐη,

2030 709 2275 763 accidunt
2337 712 2700 765 tolerantiam.
2768 710 2907 777 Quid
2959 724 3090 764 vero
3146 705 3352 762 oratori
3411 704 3486 759 illi
3533 703 3604 756 sit

316 797 575 867 πολεμῶν
608 797 946 867 περιεγένετ’
970 798 1037 854 ἂν
1063 799 1350 870 μείζονως·
1382 802 1410 853 ὁ
1435 799 1492 853 δὲ
1516 798 1738 870 ἀνδρείᾳ
1773 817 1913 870 κρα-

2030 801 2452 868 respondendum
2475 842 2490 866 ,
2522 803 2600 857 sic
2651 801 2849 857 habeto
2881 819 2895 856 :
2929 801 2973 855 0
3008 801 3284 854 rhetorum
3336 803 3602 867 przestan-

259 933 276 950 .
317 891 491 959 στήσας
524 890 720 960 ἄδηλος
760 885 851 961 ἦν,
887 891 939 944 εἰ
973 891 1138 962 σοφίᾳ
1187 893 1537 963 περιεγένετο
1583 893 1695 956 τοῖς
1726 892 1912 957 ὅπλοις

2030 881 2259 953 .issime,
2302 894 2552 962 quisquis
2584 893 2851 962 sapicntia
2890 892 3138 961 superior
3179 890 3385 952 evasit,
3434 885 3604 955 magis

316 982 594 1055 ἡττηθείς.
2016 981 2350 1048 inclarescit,
2383 999 2549 1054 quam
2601 985 2771 1039 vietor
2811 986 2902 1055 qni
2952 983 3241 1054 pugnando
3290 978 3471 1035 evadit
3515 992 3605 1032 su-

2014 1072 2216 1141 perior.
2252 1074 2534 1129 Fortitudo
2578 1087 2757 1130 autem
2795 1079 3017 1130 vincens
3046 1077 3347 1144 ignoratur,
3389 1073 3434 1128 si
3476 1086 3606 1142 pru-

2013 1165 2194 1220 dentis
2227 1167 2396 1219 armis
2421 1179 2728 1235 superetur.

821 1263 1001 1338 rscr.
1036 1293 1102 1303 —
1139 1264 1419 1319 annNt.
2471 1274 2749 1331 conxw.
2783 1307 2854 1317 -
2883 1238 3154 1334 ZENONI.

467 1354 811 1424 Hermogenis
840 1354 1068 1423 episcopi
1100 1355 1239 1416 laus,
1261 1363 1308 1407 et
1339 1355 1610 1422 modestia:
1641 1355 2063 1428 Immilitatisque
2093 1365 2500 1424 commendatio.
2531 1365 2622 1437 (Ut
2653 1379 2701 1422 et
2728 1385 2892 1438 supra
2922 1371 3074 1438 epist.
3105 1369 3210 1425 558
3239 1377 3287 1423 et
3311 1364 3461 1435 M8.)

405 1465 746 1537 Ἑρμογένης
768 1468 796 1520 ὁ
833 1466 1154 1530 ἐπίσκοπος,
1185 1466 1421 1554 ἱάγαθδς,
1447 1467 1494 1519 εἰ
1519 1468 1611 1520 καί
1634 1485 1717 1530 τις
1745 1467 1905 1532 ἄλλος

2093 1476 2391 1548 Episcopus
2445 1478 2817 1550 Hermogenes
2872 1481 3077 1550 probus
3121 1480 3204 1533 vir
3239 1489 3342 1543 est,
3391 1479 3439 1534 si
3483 1478 3606 1548 quis

323 1558 769 1642 ﬁrmate/Vm,
781 1557 1025 1631 Τραφεὶς
1049 1557 1156 1628 γὰρ
1185 1545 1383 1618 ἕντοῖς
1417 1555 1512 1609 τοῦ
1542 1557 1781 1629 Χριστοῦ
1820 1559 1907 1609 νό-

2030 1568 2173 1624 Ilius.
2207 1571 2477 1625 Educatus
2505 1572 2649 1624 enim
2685 1571 2738 1624 in
2769 1571 2970 1626 Christi
2997 1568 3404 1639 Iege,exemplis
3423 1578 3604 1624 autem

327 1667 472 1720 μοις,
517 1647 824 1710 παιδευθεὶς
870 1647 926 1700 δὲ
983 1649 1042 1700 ὲν
1067 1650 1176 1709 τοῖς
1208 1647 1586 1709 ἁποστολικοῖς
1616 1647 1910 1717 παραδείγ-

2030 1659 2299 1714 institutus
2336 1659 2670 1728 apostolicis,
2704 1661 2958 1730 episeopo
2993 1675 3119 1714 vero
3147 1661 3304 1727 digna
3340 1658 3505 1713 sentit
3550 1665 3608 1713 et

329 1757 516 1811 μασιν,
556 1740 864 1810 ἐπισκοπῆς
906 1739 960 1791 δὲ
987 1736 1112 1802 ἄξια
1146 1739 1240 1790 καὶ
1265 1738 1542 1808 φρονήσας
1559 1738 1652 1791 καὶ
1672 1739 1906 1808 πράξας,
1942 1748 1949 1806 1

2030 1749 2350 1818 assequitur.
2394 1749 2755 1817 Temporibus
2796 1766 2926 1804 vero
2968 1750 3374 1806 accommodam
3403 1749 3605 1803 famam

331 1830 654 1901 συνηὸὦσαν
688 1830 798 1899 (47)
829 1829 906 1900 τῷ
960 1830 1138 1900 χρόνῳ
1185 1829 1281 1900 τὴν
1315 1831 1471 1894 δόξαν
1503 1833 1594 1884 καὶ
1623 1831 1721 1900 τὴν
1749 1831 1915 1900 τιμὴν

328 1924 609 1994 κέκτηται.
655 1923 714 1976 '0
741 1922 851 1993 γάρ
881 1926 992 1986 τοῖς
1018 1923 1198 1986 ἄλλοις
1215 1927 1326 1986 τοῖς
1358 1923 1457 1992 τὴν
1491 1923 1692 1994 ἀρετὴν
1715 1922 1916 1974 ἀσκοῦ-

329 2032 414 2069 σιν
477 2015 879 2084 ἀντοφθαλμεῖν
944 2016 1334 2093 μψελετηκὼς
1380 2015 1595 2084 φθόνος,
1629 2015 1803 2085 τούτῳ
1828 2015 1916 2068 διὰ

333 2107 397 2159 τό
438 2106 668 2176 μέγεθος
690 2106 790 2174 τῆς
839 2105 1145 2174 πραότητος
1183 2106 1408 2175 καὶτῆς
1446 2107 1918 2178 μετριοφροσὺνης

329 2197 439 2250 οὐδ’
499 2196 815 2265 ἀντιϐλέψαι
865 2197 1188 2266 ἐτόλμησεν.
1250 2198 1314 2250 Ἣ
1365 2198 1473 2268 γὰρ
1531 2197 1668 2266 πρὸς
1718 2197 1786 2250 τὰ
1832 2200 1916 2248 ἐν·

329 2287 587 2350 δοξότατα
645 2288 752 2341 τῶν
816 2287 993 2356 ἔργων
1045 2289 1344 2360 σύντροφος
1394 2289 1669 2359 ἀγρυπνία
1711 2307 1919 2360 κοσμη-

331 2379 488 2433 θεῖσα
538 2383 606 2450 τῇ
658 2379 1150 2452 ταπεινοφροσύνῃ,
1214 2382 1306 2434 καὶ
1351 2381 1442 2434 τὸν
1469 2381 1575 2433 τῶν
1609 2382 1916 2434 καλλίστων

329 2473 586 2544 λυμεῶνα
613 2473 807 2542 φθόνον
867 2472 1331 2526 κατεδουλώσατο.
1367 2473 1428 2525 Εἰ
1478 2473 1656 2526 τοίνυν
1692 2477 1781 2526 κοί.
1817 2475 1916 2525 αὐ-

328 2564 423 2626 τὸς
450 2565 573 2616 κατ’
607 2564 752 2632 ἴχνος
778 2562 988 2616 ἐκείνου
1019 2562 1236 2632 βαδίσαι
1293 2564 1626 2636 προῄρησαι,
1665 2566 1918 2636 καθάπερ

331 2656 414 2718 εἰς
477 2654 782 2726 ἀρχέτυπόν
836 2672 960 2708 τινα
1025 2657 1214 2710 εἰκόνα
1264 2657 1432 2727 δρῶν,
1488 2657 1757 2729 σφράγιζε
1818 2657 1917 2727 τὴν

342 2748 546 2820 ἀρετὴν
575 2750 639 2818 τῇ
667 2747 1126 2819 μετριοφροσύνῃ.
1153 2748 1341 2817 Καλὴν
1365 2749 1473 2820 γὰρ
1505 2749 1803 2817 ἀσφάλειαν
1828 2750 1918 2801 καί

339 2842 600 2912 μέγιστον
648 2841 962 2911 σήμαντρον
989 2839 1067 2909 τῷ
1093 2838 1303 2909 ταμείῳ
1343 2840 1449 2892 τῶν
1481 2840 1919 2909 κατορθωμάτων
1957 2851 1963 2857 ’

331 2931 643 3003 ἐπιθήσεις.

655 3042 818 3096 ΥΞΖν.
848 3073 917 3082 -
943 3043 1110 3099 nam
1137 3040 1610 3110 ΠΡΕΣΒΥΤΕΡῼ.

2020 1848 2073 1892 et
2103 1838 2327 1906 gloriam
2356 1848 2440 1894 est
2465 1849 2810 1895 consecutus.
2851 1839 3079 1908 invidia,
3103 1857 3226 1911 quae
3252 1842 3386 1896 alios
3403 1841 3608 1895 virtute

2021 1931 2278 1998 praeditos
2311 1932 2484 1999 palam
2518 1932 2656 1986 solet
2686 1948 3022 2002 Oppugnare,
3058 1935 3200 1988 hunc
3231 1936 3300 1988 oh
3330 1935 3606 2003 ingentem
3688 2006 3693 2009 _

2021 2036 2232 2074 morum
2267 2023 2762 2090 mansuetudinem,
2790 2025 3228 2094 singularemque
3256 2026 3604 2093 modestiam,

2021 2127 2087 2166 ne
2119 2113 2363 2180 aspicere
2385 2114 2600 2182 quidem
2642 2117 2896 2171 sustinet.
2927 2117 3190 2188 Vigilandi
3221 2118 3368 2173 enim
3414 2118 3608 2174 claris-

2020 2203 2174 2258 simis
2229 2203 2392 2259 rebus
2443 2206 2612 2272 gestis
2665 2217 2922 2274 agnatuzn
2985 2210 3226 2264 studium
3288 2209 3600 2263 humilitate

2020 2303 2363 2358 exornatum,
2394 2296 2596 2365 optima
2627 2313 2854 2366 quaeque
2878 2309 3315 2369 corrumpentem
3336 2299 3597 2354 invidiam

2020 2386 2247 2454 pedibus
2272 2387 2384 2442 suis
2409 2391 2646 2460 subegit.
2677 2391 2856 2455 Quare
2880 2391 2924 2444 si
2944 2389 3328 2458 ejusincedere
3356 2389 3606 2460 vestigiis

2021 2477 2294 2543 statuisti,
2329 2480 2473 2534 velut
2513 2482 2566 2536 in
2616 2482 2908 2552 imaginem
2959 2483 3026 2538 ad
3076 2483 3256 2537 vivum
3284 2496 3602 2552 expressam

2024 2568 2260 2634 intuens,
2315 2571 2538 2642 obsigna
2590 2573 2841 2628 virtutem
2881 2573 3030 2641 ejus,
3081 2576 3249 2630 veluti
3299 2577 3606 2645 signaculo,

2023 2660 2349 2717 humilitate.
2380 2661 2673 2719 Pulchrum
2693 2669 2835 2720 enim
2870 2667 3178 2735 prmsidium
3202 2667 3607 2736 maximumque

2023 2750 2235 2820 signum
2285 2756 2661 2824 promptuario
2726 2758 3090 2827 thesauroque
3141 2768 3288 2813 recte
3338 2757 3604 2814 factorum

2024 2843 2320 2909 appendes.

2125 3043 2290 3114 697
2323 3045 2620 3099 CDLXV‘II.
2665 3078 2735 3087 —
2783 3047 2960 3102 ELIA']
2999 3045 3462 3104 PRESBYTERO

1205 3127 1329 3182 Non
1353 3136 1524 3197 pudor
1548 3140 1626 3183 est
1659 3128 1738 3183 nil
1766 3130 1924 3196 scire,
1951 3133 2119 3198 pudor
2147 3145 2220 3188 est
2251 3137 2325 3188 nil
2357 3138 2553 3190 discere
2576 3139 2722 3192 velle.

416 3247 476 3302 ’0
507 3246 782 3300 διδάσκειν
818 3245 915 3314 μὲν
953 3243 1028 3314 μὴ
1069 3242 1387 3313 δυνάμενος,
1438 3243 1632 3313 μαθεῖν
1657 3244 1712 3297 δὲ
1742 3243 1924 3313 βουλό-

2098 3243 2305 3299 Docere
2328 3247 2417 3314 qui
2453 3249 2678 3312 nesciat,
2704 3249 2916 3304 discere
2941 3264 3070 3304 vero
3116 3257 3362 3321 exoptat,
3400 3249 3601 3322 dignus

336 3360 496 3414 μενος
529 3340 799 3409 ἀποδοχῆς
826 3340 972 3390 ἐστιν
993 3335 1160 3400 ἄξιος.
1189 3335 1248 3386 ’0
1274 3335 1330 3387 δὲ
1361 3334 1496 3404 πρὸς
1524 3333 1602 3404 τῷ
1629 3334 1702 3406 μὴ
1726 3335 1922 3388 εἰδέναι

336 3436 432 3487 καὶ
459 3432 732 3486 διδάσκειν
767 3428 1261 3498 ἐπαγγελλόμενος,
1295 3426 1533 3498 ἐσχάτην
1557 3427 1916 3480 ἀπαιδευσίαν

333 3524 527 3590 νοσῶν,
555 3522 676 3575 οὐδὲ
703 3520 893 3592 μαθεῖν
915 3519 1224 3589 δυνήσεται,
1253 3515 1348 3571 τοῦ
1373 3517 1550 3572 δοκεῖν
1584 3518 1780 3572 εἰδέναι
1811 3516 1917 3589 χώ-

339 3631 437 3684 ραν
465 3614 538 3684 μὴ
565 3611 920 3683 παρέχοντος.

651 3725 916 3777 ΥΞΗ’.--
950 3721 1226 3792 ΣΕΡΗΝῼ
1278 3721 1604 3791 ΔΙΛΚΟΝῼ.

2031 3336 2125 3403 qui
2158 3337 2472 3405 recipiatur.
2500 3339 2601 3405 Qui
2628 3355 2755 3394 vero
2784 3349 2837 3395 (ιι
2869 3341 3003 3395 nihil
3034 3342 3174 3397 scire
3194 3350 3248 3398 et
3273 3342 3466 3398 docere
3485 3357 3610 3413 pro-

2027 3426 2202 3482 fessus
2229 3439 2315 3484 est
2364 3445 2574 3484 suntma
2625 3433 2838 3486 inscitia
2885 3432 3162 3501 laborans,
3203 3447 3377 3503 neque
3399 3433 3611 3488 discere

2024 3519 2308 3573 commode
2341 3521 2564 3588 poterit,
2586 3522 2728 3592 quod
2763 3522 2940 3577 locum
2967 3538 3070 3578 non
3089 3523 3350 3594 praebeat,
3379 3532 3440 3580 ut
3466 3524 3611 3581 scire

2023 3606 2194 3661 videri
2214 3618 2398 3677 queat.

2271 3719 2591 3776 CDLXVlll.
2625 3753 2694 3764 —-
2725 3721 2995 3779 SERENO
3022 3722 3340 3781 DIACONO.

1547 3811 1772 3880 Superbi
1805 3820 1852 3863 et
1888 3809 2013 3864 elati
2058 3809 2408 3876 deprimendi.

412 3932 477 3986 Ei
511 3923 584 3984 ὧν
638 3927 1062 3999 ὴμφισϐήτησας
1113 3924 1188 3995 μὴ
1241 3923 1443 3994 τυχὼν,
1475 3922 1614 3976 ἀλλὰ
1642 3921 1916 3992 λαμπρῶς

337 4022 613 4091 ἡττηθεὶς,
647 4021 739 4073 νῦν
769 4020 929 4089 χάριν
975 4018 1151 4079 δοκεῖς
1197 4018 1388 4079 αἰτεῖν,
1429 4014 1588 4085 δῆλος
1634 4009 1683 4066 εἶ
1710 4011 1788 4082 τῷ
1814 4011 1917 4081 τῆς

340 4113 565 4183 χάριτος
609 4111 832 4180 ὀνόματι
899 4108 1060 4160 λῦσαι
1113 4107 1182 4160 τά
1245 4105 1502 4177 κριθέντα
1555 4103 1914 4174 πειρώμενος.

341 4209 405 4259 Εἰ
438 4207 492 4258 δὲ
524 4205 702 4272 λέγοις
732 4202 825 4257 καὶ
843 4201 996 4272 παρὰ
1019 4199 1114 4253 τοῦ
1136 4198 1459 4261 δικάσαντος
1501 4197 1794 4268 ἠδικῆσθαι
1836 4194 1918 4265 (τὸ

344 4297 444 4366 μὲν
481 4294 555 4357 ώς
589 4293 814 4354 δικαίως
845 4291 1122 4361 ἡττηθεὶς,
1164 4288 1311 4340 ἐάσω
1341 4287 1567 4357 λέγειν),
1604 4286 1664 4339 τὸ
1715 4286 1794 4350 δὲ,
1847 4287 1923 4348 ὡς

340 4387 617 4456 κέκριται,
648 4383 810 4450 λέξιν.
851 4381 988 4436 Οὐδὲ
1018 4381 1126 4451 γάρ
1178 4380 1243 4433 ἂν
1281 4380 1388 4433 οὐδ’
1421 4380 1564 4432 οὕτω
1596 4379 1924 4449 κεκριμένον

338 4475 429 4550 ἦν,
459 4476 556 4530 τοῦ
587 4476 909 4538 δικάσαντος
944 4473 1244 4527 ἀδεκάστου
1293 4472 1675 4542 τυγχάνοντος,

2095 3923 2151 3976 Si
2185 3941 2290 3979 non
2323 3936 2604 3979 assecutus
2647 3925 2699 3979 id
2755 3939 2921 3994 super
2955 3942 3064 3996 quo
3116 3929 3468 3998 contendisli,
3517 3933 3611 3986 sed

2025 4016 2314 4072 manifeste
2345 4027 2635 4087 superatus
2666 4018 2899 4084 gratiam
2928 4018 3088 4072 modo
3119 4019 3394 4087 postulare
3431 4022 3615 4075 videa-

2026 4107 2120 4165 ris.
2153 4118 2378 4175 apparet
2409 4118 2461 4160 te
2515 4118 2769 4161 conatum
2809 4121 2929 4160 esse
2979 4109 3166 4174 gratiae
3218 4109 3456 4174 nomine,
3491 4127 3612 4178 qtae

2026 4209 2154 4252 sunt
2180 4199 2448 4266 judicata,
2482 4199 2635 4252 irrita
2669 4197 2916 4252 reddere.
2955 4199 3011 4252 Si
3047 4200 3198 4254 dices
3233 4201 3396 4253 etiam
3434 4218 3462 4253 a
3492 4217 3612 4255 seu-

2027 4292 2250 4345 tentiam
2280 4288 2492 4344 ferente
2519 4289 2782 4356 iniuriam
2821 4291 2939 4344 lieri
2968 4292 3154 4361 (idque
3188 4303 3240 4345 ιιι
3272 4292 3395 4361 jure
3424 4295 3610 4347 convi-

2025 4389 2166 4446 ctus,
2200 4381 2358 4434 mitto
2387 4378 2619 4450 dicere),
2651 4379 2778 4433 illud
2813 4389 2871 4433 ut
2901 4379 3198 4446 iudicatum
3231 4381 3303 4436 sit
3351 4383 3608 4437 referam.

1740 4472 1789 4522 εί
1847 4470 1922 4539 μὴ
1960 4470 2176 4539 nNihil
2225 4471 2371 4526 enim
2429 4469 2827 4539 sicjudicatum
2884 4472 3066 4538 fuerit,
3120 4487 3242 4527 cum
3297 4475 3614 4527 muneribus

339 4571 402 4624 τὸ
422 4569 647 4631 δικαίως
686 4568 915 4638 προσῆν.
951 4569 1096 4636 Πλὴν
1139 4566 1275 4621 άλλὰ
1316 4566 1412 4618 καὶ
1444 4563 1585 4634 μετὰ
1612 4562 1672 4615 τό
1701 4564 1925 4631 νικῆσαι

2031 4562 2197 4617 fuerit
2222 4562 2591 4630 incorruptus,
2620 4562 2712 4631 qui
2757 4565 3083 4618 sententiam
3121 4565 3262 4628 tulit,
3298 4565 3397 4618 nisi
3445 4566 3494 4618 id
3520 4565 3611 4632 ju-

338 4665 442 4733 τὴν
471 4666 630 4733 χάριν
661 4661 874 4729 δίδωμι,
905 4661 962 4721 ὃς
996 4675 1060 4727 γε
1093 4659 1203 4712 οὐδ’
1236 4658 1302 4712 ἂν
1337 4657 1397 4720 ἐξ
1429 4655 1610 4726 ἀρχῆς
1655 4653 1928 4723 ἠγωνισά-

2031 4663 2174 4708 stum
2216 4653 2402 4710 fuerit.
2441 4653 2825 4710 Verumtamen
2854 4671 2994 4709 nttnc
3021 4665 3140 4725 post
3179 4655 3457 4709 victoriam
3491 4671 3615 4724 gra-

346 4773 476 4826 μην,
539 4755 652 4824 εἴγε
714 4751 1017 4819 καταγνοὺς
1076 4748 1276 4803 σαυτοῦ
1324 4746 1657 4817 συγγνώμην
1693 4744 1922 4816 ᾔτησας.

342 4843 466 4915 Χρὴ
489 4843 599 4915 γάρ
654 4843 715 4895 τὸ
771 4841 1029 4912 φρόνημα
1088 4840 1196 4892 τῶν
1258 4837 1643 4908 σφαλλομένων
1695 4836 1815 4905 μὲν,
1852 4832 1925 4905 μὴ

344 4936 608 5006 οἰομένων
640 4935 699 4986 δὲ
725 4932 1022 5003 ἐσφάλθαι,
1057 4930 1340 5001 καθαιρεῖν
1360 4947 1375 4963 ’
1402 4931 1819 5000 γνωσιμαχοῡσι
1867 4928 1924 4980 δὲ

347 5028 682 5100 συγγνώμην
720 5029 929 5099 νέμειν.

583 5237 750 5290 ΥΞΘ¹.
779 5267 851 5277 -
883 5235 1093 5290 ΗΡΩΝΙ
1121 5231 1686 5302 ΠΟΛΙΤΕΥΟΜΕΝῼ.

2035 4747 2164 4800 tiam
2201 4746 2294 4816 d‘o,
2319 4747 2533 4815 qualem
2587 4747 2656 4802 ab
2695 4746 2848 4800 initio
2895 4757 3184 4814 antequam
3221 4757 3491 4800 certarem
3519 4747 3615 4801 de-

2033 4839 2260 4907 dissem,
2293 4839 2338 4894 si
2372 4839 2582 4894 veniam
2607 4839 2968 4908 postulasses.
3005 4835 3230 4909 Oportet
3258 4839 3401 4892 enim
3432 4853 3615 4907 super-

2029 4931 2126 4984 bos
2158 4929 2391 4991 animos,
2418 4943 2606 4982 eorum
2650 4929 2740 4996 qui
2767 4927 3007 4994 superati
3030 4927 3159 4990 sint,
3195 4941 3298 4980 non
3338 4937 3515 4982 tamen
3554 4941 3615 4982 sc

2028 5023 2200 5075 victos
2233 5021 2566 5082 existiment,
2602 5020 2931 5087 deprimere,
2984 5019 3197 5073 veniam
3235 5034 3362 5075 vero
3412 5022 3612 5091 resipi-

2028 5114 2303 5170 scentibus
2339 5113 2595 5165 tribuere.

2167 5224 2444 5279 CDLXIX.
2470 5253 2540 5264 ——
2579 5222 2836 5280 IIERONI
2883 5223 3087 5279 BEMP.
3126 5224 3450 5282 GERENTI.

1583 5321 1851 5374 Bonorum
1895 5317 2150 5372 sodalitas
2193 5325 2369 5386 grata.

420 5424 514 5497 Μὴ
542 5423 732 5494 ὥσπερ
761 5420 963 5492 ταῦρος
1000 5420 1096 5473 καὶ
1132 5416 1435 5487 ἁγέρωχος,
1468 5412 1564 5465 καὶ
1590 5411 1927 5481 ἁτιμαγέλας

2111 5407 2227 5462 Noli
2259 5415 2316 5460 ut
2350 5406 2589 5460 insolens
2623 5417 3042 5475 armcntumque
3095 5406 3352 5463 deserens
3401 5418 3608 5477 taurus,

1465 5525 1698 5582 νΑιιιΛς
1736 5523 2118 5581 LECTIONES
2159 5521 2245 5575 ET
2285 5518 2521 5575 ΝΟΤιΕ.

424 5662 536 5732 (47)
560 5661 702 5715 Inter
733 5659 1049 5729 συνηϐὦσαν
1070 5665 1123 5710 ct
1152 5653 1228 5723 τῷ
1255 5652 1439 5732 χρόνῳ
1469 5652 1625 5706 iidem
1657 5650 1811 5732 codd.
1849 5652 1928 5732 in-

350 5721 564 5793 ﬁndunt
624 5721 1076 5801 συνακμᾶζουσαν
1109 5741 1121 5752 ·
1173 5721 1554 5780 sed’vl'ottasse
1629 5721 1920 5791 supplenda

714 5948 741 6000 1

2033 5647 2209 5772 lfuerit
2242 5644 2550 5714 coniunctio
2583 5644 2697 5712 καὶ,
2726 5657 2845 5714 qua:
2876 5643 2980 5699 duo
3025 5641 3110 5698 illa
3159 5647 3340 5697 nectat
3368 5639 3602 5695 nomina.

2058 5723 2239 5772 ‘osstx.

2058 5723 2239 5773 ‘ossts.
