  <div class='ocr_page' id='page_1' title='image "/cluster/home/n/w/nwhite01/storage/ocr_20150623/78/mdp.39015010334699/808.png"; bbox 0 0 3974 6144; ppageno 0'>
   <div class='ocr_carea' id='block_1_1' title="bbox 353 274 482 345">
    <p class='ocr_par' dir='ltr' id='par_1_1' title="bbox 353 274 482 345">
     <span class='ocr_line' id='line_1_1' title="bbox 353 274 482 345; baseline -0.047 0"><span class='ocrx_word' id='word_1_1' title='bbox 353 274 482 345; x_wconf 79' lang='grc'><strong>1601</strong></span> 
     </span>
    </p>
   </div>
   <div class='ocr_carea' id='block_1_2' title="bbox 1155 262 2749 338">
    <p class='ocr_par' dir='ltr' id='par_1_2' title="bbox 1155 262 2749 338">
     <span class='ocr_line' id='line_1_2' title="bbox 1155 262 2749 338; baseline -0.002 -2"><span class='ocrx_word' id='word_1_2' title='bbox 1155 272 1688 338; x_wconf 82' lang='lat' dir='ltr'><strong>EPISTOLARUM</strong></span> <span class='ocrx_word' id='word_1_3' title='bbox 1731 271 1876 333; x_wconf 87' lang='lat' dir='ltr'><strong>LIB.</strong></span> <span class='ocrx_word' id='word_1_4' title='bbox 1916 266 1985 334; x_wconf 72' lang='grc' dir='ltr'><strong>ν.</strong></span> <span class='ocrx_word' id='word_1_5' title='bbox 2022 296 2090 307; x_wconf 82' lang='grc'><strong>-</strong></span> <span class='ocrx_word' id='word_1_6' title='bbox 2127 264 2364 334; x_wconf 76' lang='lat' dir='ltr'><strong>EPIST.</strong></span> <span class='ocrx_word' id='word_1_7' title='bbox 2398 262 2749 335; x_wconf 75' lang='lat' dir='ltr'><strong>CDLXXVI.</strong></span> 
     </span>
    </p>
   </div>
   <div class='ocr_carea' id='block_1_3' title="bbox 3477 261 3612 340">
    <p class='ocr_par' dir='ltr' id='par_1_3' title="bbox 3477 261 3612 340">
     <span class='ocr_line' id='line_1_3' title="bbox 3477 261 3612 340; baseline -0.022 0"><span class='ocrx_word' id='word_1_8' title='bbox 3477 261 3612 340; x_wconf 61' lang='lat'><strong>1609</strong></span> 
     </span>
    </p>
   </div>
   <div class='ocr_carea' id='block_1_4' title="bbox 353 367 1963 463">
    <p class='ocr_par' dir='ltr' id='par_1_4' title="bbox 353 384 1963 463">
     <span class='ocr_line' id='line_1_4' title="bbox 353 384 1963 463; baseline -0.005 -18"><span class='ocrx_word' id='word_1_9' title='bbox 353 392 550 463; x_wconf 82' lang='grc' dir='ltr'>μανίαν</span> <span class='ocrx_word' id='word_1_10' title='bbox 570 389 702 461; x_wconf 74' lang='grc' dir='ltr'>ἔχει.</span> <span class='ocrx_word' id='word_1_11' title='bbox 740 385 860 460; x_wconf 74' lang='grc' dir='ltr'>Χρὴ</span> <span class='ocrx_word' id='word_1_12' title='bbox 886 384 1175 459; x_wconf 78' lang='grc' dir='ltr'><strong>τοιγαροῦν</strong></span> <span class='ocrx_word' id='word_1_13' title='bbox 1211 390 1336 455; x_wconf 74' lang='grc' dir='ltr'>τοὺς</span> <span class='ocrx_word' id='word_1_14' title='bbox 1361 389 1714 460; x_wconf 82' lang='grc' dir='ltr'>ἱερωμένους,</span> <span class='ocrx_word' id='word_1_15' title='bbox 1737 386 1931 459; x_wconf 83' lang='grc' dir='ltr'>ὥσπερ</span> <span class='ocrx_word' id='word_1_16' title='bbox 1959 439 1963 452; x_wconf 41' lang='grc' dir='ltr'><strong>η</strong></span> 
     </span>
    </p>
   </div>
   <div class='ocr_carea' id='block_1_5' title="bbox 2025 367 3608 463">
    <p class='ocr_par' dir='ltr' id='par_1_5' title="bbox 2035 367 3608 458">
     <span class='ocr_line' id='line_1_5' title="bbox 2035 367 3608 458; baseline 0 -16"><span class='ocrx_word' id='word_1_17' title='bbox 2035 401 2235 443; x_wconf 88' lang='lat' dir='ltr'><strong>rorem.</strong></span> <span class='ocrx_word' id='word_1_18' title='bbox 2265 388 2427 442; x_wconf 86' lang='lat' dir='ltr'><strong>Decet</strong></span> <span class='ocrx_word' id='word_1_19' title='bbox 2457 388 2640 458; x_wconf 85' lang='lat' dir='ltr'><strong>itaque</strong></span> <span class='ocrx_word' id='word_1_20' title='bbox 2669 389 2840 444; x_wconf 82' lang='lat' dir='ltr'><strong>sacris</strong></span> <span class='ocrx_word' id='word_1_21' title='bbox 2889 386 3178 442; x_wconf 64' lang='lat' dir='ltr'><strong>dedicatos”</strong></span> <span class='ocrx_word' id='word_1_22' title='bbox 3212 387 3374 442; x_wconf 85' lang='lat' dir='ltr'><strong>veluti</strong></span> <span class='ocrx_word' id='word_1_23' title='bbox 3414 367 3608 453; x_wconf 72' lang='lat' dir='ltr'><strong>templa</strong></span> 
     </span>
    </p>
   </div>
   <div class='ocr_carea' id='block_1_6' title="bbox 346 474 1924 553">
    <p class='ocr_par' dir='ltr' id='par_1_6' title="bbox 346 474 1924 553">
     <span class='ocr_line' id='line_1_6' title="bbox 346 474 1924 553; baseline -0.003 -17"><span class='ocrx_word' id='word_1_24' title='bbox 346 483 643 553; x_wconf 81' lang='grc' dir='ltr'><strong>ἀνάκτορα,</strong></span> <span class='ocrx_word' id='word_1_25' title='bbox 699 481 900 544; x_wconf 77' lang='grc' dir='ltr'>παντὸς</span> <span class='ocrx_word' id='word_1_26' title='bbox 954 479 1286 553; x_wconf 80' lang='grc' dir='ltr'><strong>τυραννικοῦ</strong></span> <span class='ocrx_word' id='word_1_27' title='bbox 1335 479 1430 535; x_wconf 86' lang='grc' dir='ltr'>καὶ</span> <span class='ocrx_word' id='word_1_28' title='bbox 1459 477 1689 549; x_wconf 82' lang='grc' dir='ltr'>αίσχροῦ</span> <span class='ocrx_word' id='word_1_29' title='bbox 1719 474 1924 540; x_wconf 79' lang='grc' dir='ltr'><strong>πάθους</strong></span> 
     </span>
    </p>
   </div>
   <div class='ocr_carea' id='block_1_7' title="bbox 348 571 1162 643">
    <p class='ocr_par' dir='ltr' id='par_1_7' title="bbox 348 571 1162 643">
     <span class='ocr_line' id='line_1_7' title="bbox 348 571 1162 643; baseline 0 -17"><span class='ocrx_word' id='word_1_30' title='bbox 348 573 583 636; x_wconf 80' lang='grc' dir='ltr'>ἀϐάτους</span> <span class='ocrx_word' id='word_1_31' title='bbox 612 571 838 636; x_wconf 77' lang='grc' dir='ltr'>ἑαυτοὺς</span> <span class='ocrx_word' id='word_1_32' title='bbox 865 571 1162 643; x_wconf 71' lang='grc' dir='ltr'><strong>διατηρεῖν.</strong></span> 
     </span>
    </p>
   </div>
   <div class='ocr_carea' id='block_1_8' title="bbox 839 687 1417 743">
    <p class='ocr_par' dir='ltr' id='par_1_8' title="bbox 839 687 1417 743">
     <span class='ocr_line' id='line_1_8' title="bbox 839 687 1417 743; baseline 0 -4"><span class='ocrx_word' id='word_1_33' title='bbox 839 687 1004 743; x_wconf 70' lang='grc' dir='ltr'><strong>ΥΟΓν.</strong></span> <span class='ocrx_word' id='word_1_34' title='bbox 1036 717 1107 728; x_wconf 94' lang='lat'><strong>—-</strong></span> <span class='ocrx_word' id='word_1_35' title='bbox 1133 687 1417 742; x_wconf 73' lang='lat' dir='ltr'><strong>MAPDNI.</strong></span> 
     </span>
    </p>
   </div>
   <div class='ocr_carea' id='block_1_9' title="bbox 2032 479 3610 550">
    <p class='ocr_par' dir='ltr' id='par_1_9' title="bbox 2032 479 3610 550">
     <span class='ocr_line' id='line_1_9' title="bbox 2032 479 3610 550; baseline 0.003 -17"><span class='ocrx_word' id='word_1_36' title='bbox 2032 479 2215 535; x_wconf 87' lang='lat' dir='ltr'><strong>omnis</strong></span> <span class='ocrx_word' id='word_1_37' title='bbox 2245 481 2540 550; x_wconf 76' lang='lat' dir='ltr'><strong>tyrannica:</strong></span> <span class='ocrx_word' id='word_1_38' title='bbox 2582 479 2849 550; x_wconf 58' lang='lat' dir='ltr'><strong>{cellaque</strong></span> <span class='ocrx_word' id='word_1_39' title='bbox 2889 479 3314 548; x_wconf 71' lang='lat' dir='ltr'><strong>perturbationis</strong></span> <span class='ocrx_word' id='word_1_40' title='bbox 3362 481 3610 550; x_wconf 65' lang='lat' dir='ltr'><strong>espertes</strong></span> 
     </span>
    </p>
   </div>
   <div class='ocr_carea' id='block_1_10' title="bbox 2029 583 2467 626">
    <p class='ocr_par' dir='ltr' id='par_1_10' title="bbox 2029 583 2467 626">
     <span class='ocr_line' id='line_1_10' title="bbox 2029 583 2467 626; baseline 0 -2"><span class='ocrx_word' id='word_1_41' title='bbox 2029 583 2091 626; x_wconf 84' lang='lat' dir='ltr'><strong>se</strong></span> <span class='ocrx_word' id='word_1_42' title='bbox 2120 583 2467 625; x_wconf 84' lang='lat' dir='ltr'><strong>conservare.</strong></span> 
     </span>
    </p>
   </div>
   <div class='ocr_carea' id='block_1_11' title="bbox 2427 667 3189 741">
    <p class='ocr_par' dir='ltr' id='par_1_11' title="bbox 2427 667 3189 741">
     <span class='ocr_line' id='line_1_11' title="bbox 2427 667 3189 741; baseline 0.009 -7"><span class='ocrx_word' id='word_1_43' title='bbox 2427 677 2752 734; x_wconf 81' lang='lat' dir='ltr'><strong>CDLXXlll.</strong></span> <span class='ocrx_word' id='word_1_44' title='bbox 2784 709 2856 727; x_wconf 76' lang='lat'><strong>—.</strong></span> <span class='ocrx_word' id='word_1_45' title='bbox 2897 667 3189 741; x_wconf 65' lang='lat' dir='ltr'><strong>uanom.</strong></span> 
     </span>
    </p>
   </div>
   <div class='ocr_carea' id='block_1_12' title="bbox 987 776 2974 851">
    <p class='ocr_par' dir='ltr' id='par_1_12' title="bbox 987 776 2974 851">
     <span class='ocr_line' id='line_1_12' title="bbox 987 776 2974 851; baseline 0.001 -19"><span class='ocrx_word' id='word_1_46' title='bbox 987 777 1186 850; x_wconf 83' lang='lat' dir='ltr'><strong>Fugilo</strong></span> <span class='ocrx_word' id='word_1_47' title='bbox 1221 789 1431 849; x_wconf 72' lang='lat' dir='ltr'><strong>peccata</strong></span> <span class='ocrx_word' id='word_1_48' title='bbox 1463 791 1509 836; x_wconf 69' lang='lat' dir='ltr'><strong>et</strong></span> <span class='ocrx_word' id='word_1_49' title='bbox 1538 781 1760 851; x_wconf 70' lang='lat' dir='ltr'><strong>fatuam,</strong></span> <span class='ocrx_word' id='word_1_50' title='bbox 1796 777 2285 847; x_wconf 74' lang='lat' dir='ltr'><strong>existimationeque</strong></span> <span class='ocrx_word' id='word_1_51' title='bbox 2310 776 2508 830; x_wconf 86' lang='lat' dir='ltr'><strong>malum</strong></span> <span class='ocrx_word' id='word_1_52' title='bbox 2554 777 2713 846; x_wconf 78' lang='lat' dir='ltr'><strong>facile</strong></span> <span class='ocrx_word' id='word_1_53' title='bbox 2746 776 2974 833; x_wconf 78' lang='lat' dir='ltr'><strong>sedabis.</strong></span> 
     </span>
    </p>
   </div>
   <div class='ocr_carea' id='block_1_13' title="bbox 428 889 1916 964">
    <p class='ocr_par' dir='ltr' id='par_1_13' title="bbox 428 889 1916 964">
     <span class='ocr_line' id='line_1_13' title="bbox 428 889 1916 964; baseline -0.002 -19"><span class='ocrx_word' id='word_1_54' title='bbox 428 892 522 945; x_wconf 80' lang='grc' dir='ltr'><strong>Ἐκ</strong></span> <span class='ocrx_word' id='word_1_55' title='bbox 546 891 656 946; x_wconf 84' lang='grc' dir='ltr'><strong>τῶν</strong></span> <span class='ocrx_word' id='word_1_56' title='bbox 677 891 1018 964; x_wconf 77' lang='grc' dir='ltr'><strong>πραγμάτων</strong></span> <span class='ocrx_word' id='word_1_57' title='bbox 1047 891 1121 955; x_wconf 84' lang='grc' dir='ltr'>ὡς</span> <span class='ocrx_word' id='word_1_58' title='bbox 1145 891 1214 945; x_wconf 75' lang='grc' dir='ltr'>τὰ</span> <span class='ocrx_word' id='word_1_59' title='bbox 1254 889 1422 945; x_wconf 79' lang='grc' dir='ltr'>πολλὰ</span> <span class='ocrx_word' id='word_1_60' title='bbox 1451 892 1508 944; x_wconf 79' lang='grc' dir='ltr'><strong>αἱ</strong></span> <span class='ocrx_word' id='word_1_61' title='bbox 1538 893 1720 962; x_wconf 78' lang='grc' dir='ltr'>φῆμαι</span> <span class='ocrx_word' id='word_1_62' title='bbox 1752 889 1916 960; x_wconf 85' lang='grc' dir='ltr'>φύον-</span> 
     </span>
    </p>
   </div>
   <div class='ocr_carea' id='block_1_14' title="bbox 340 980 1917 1055">
    <p class='ocr_par' dir='ltr' id='par_1_14' title="bbox 340 980 1917 1055">
     <span class='ocr_line' id='line_1_14' title="bbox 340 980 1917 1055; baseline 0 -21"><span class='ocrx_word' id='word_1_63' title='bbox 340 999 463 1035; x_wconf 87' lang='grc' dir='ltr'>ται·</span> <span class='ocrx_word' id='word_1_64' title='bbox 503 984 558 1036; x_wconf 79' lang='lat' dir='ltr'><strong>al</strong></span> <span class='ocrx_word' id='word_1_65' title='bbox 622 983 720 1055; x_wconf 81' lang='grc' dir='ltr'><strong>μὲν</strong></span> <span class='ocrx_word' id='word_1_66' title='bbox 749 980 843 1038; x_wconf 78' lang='grc' dir='ltr'><strong>οὖν</strong></span> <span class='ocrx_word' id='word_1_67' title='bbox 884 984 1101 1052; x_wconf 83' lang='grc' dir='ltr'>ἀληθεῖς</span> <span class='ocrx_word' id='word_1_68' title='bbox 1133 983 1196 1035; x_wconf 84' lang='grc' dir='ltr'>οὐ</span> <span class='ocrx_word' id='word_1_69' title='bbox 1255 984 1472 1054; x_wconf 78' lang='grc' dir='ltr'><strong>ῥᾳδίως,</strong></span> <span class='ocrx_word' id='word_1_70' title='bbox 1519 983 1662 1054; x_wconf 83' lang='grc' dir='ltr'><strong>τάχα</strong></span> <span class='ocrx_word' id='word_1_71' title='bbox 1691 982 1749 1036; x_wconf 82' lang='grc' dir='ltr'>δὲ</span> <span class='ocrx_word' id='word_1_72' title='bbox 1808 982 1917 1035; x_wconf 75' lang='grc' dir='ltr'>οὐδ’</span> 
     </span>
    </p>
   </div>
   <div class='ocr_carea' id='block_1_15' title="bbox 340 1072 1918 1145">
    <p class='ocr_par' dir='ltr' id='par_1_15' title="bbox 340 1072 1918 1145">
     <span class='ocr_line' id='line_1_15' title="bbox 340 1072 1918 1145; baseline 0 -20"><span class='ocrx_word' id='word_1_73' title='bbox 340 1073 477 1137; x_wconf 84' lang='grc' dir='ltr'>ὅλως</span> <span class='ocrx_word' id='word_1_74' title='bbox 508 1074 840 1129; x_wconf 80' lang='grc' dir='ltr'><strong>σϐέννυνται.</strong></span> <span class='ocrx_word' id='word_1_75' title='bbox 868 1076 936 1127; x_wconf 75' lang='lat' dir='ltr'><strong>At</strong></span> <span class='ocrx_word' id='word_1_76' title='bbox 961 1075 1016 1128; x_wconf 84' lang='grc' dir='ltr'>δὲ</span> <span class='ocrx_word' id='word_1_77' title='bbox 1031 1074 1266 1144; x_wconf 78' lang='grc' dir='ltr'>ψευδεῖς,</span> <span class='ocrx_word' id='word_1_78' title='bbox 1283 1075 1382 1127; x_wconf 73' lang='grc' dir='ltr'><strong>καὶ</strong></span> <span class='ocrx_word' id='word_1_79' title='bbox 1405 1075 1554 1144; x_wconf 74' lang='grc' dir='ltr'>παρὰ</span> <span class='ocrx_word' id='word_1_80' title='bbox 1578 1073 1688 1127; x_wconf 84' lang='grc' dir='ltr'><strong>τῶν</strong></span> <span class='ocrx_word' id='word_1_81' title='bbox 1707 1072 1918 1145; x_wconf 78' lang='grc' dir='ltr'>ἐχθρῶν</span> 
     </span>
    </p>
   </div>
   <div class='ocr_carea' id='block_1_16' title="bbox 341 1161 1918 1238">
    <p class='ocr_par' dir='ltr' id='par_1_16' title="bbox 341 1161 1918 1238">
     <span class='ocr_line' id='line_1_16' title="bbox 341 1161 1918 1238; baseline -0.001 -20"><span class='ocrx_word' id='word_1_82' title='bbox 341 1165 538 1236; x_wconf 80' lang='grc' dir='ltr'><strong>φθόνου</strong></span> <span class='ocrx_word' id='word_1_83' title='bbox 597 1166 784 1221; x_wconf 73' lang='grc' dir='ltr'>ἕνεκεν</span> <span class='ocrx_word' id='word_1_84' title='bbox 829 1167 1224 1238; x_wconf 81' lang='grc' dir='ltr'>πραττόμεναι,</span> <span class='ocrx_word' id='word_1_85' title='bbox 1263 1166 1338 1228; x_wconf 81' lang='grc' dir='ltr'>ὡς</span> <span class='ocrx_word' id='word_1_86' title='bbox 1366 1166 1434 1219; x_wconf 75' lang='grc' dir='ltr'>τὰ</span> <span class='ocrx_word' id='word_1_87' title='bbox 1459 1165 1736 1237; x_wconf 86' lang='grc' dir='ltr'>’ἀράχνεια</span> <span class='ocrx_word' id='word_1_88' title='bbox 1775 1161 1918 1232; x_wconf 81' lang='grc' dir='ltr'><strong>ὑφά-</strong></span> 
     </span>
    </p>
   </div>
   <div class='ocr_carea' id='block_1_17' title="bbox 341 1255 1921 1325">
    <p class='ocr_par' dir='ltr' id='par_1_17' title="bbox 341 1255 1921 1325">
     <span class='ocr_line' id='line_1_17' title="bbox 341 1255 1921 1325; baseline 0.002 -20"><span class='ocrx_word' id='word_1_89' title='bbox 341 1272 545 1325; x_wconf 54' lang='grc' dir='ltr'>σματα,</span> <span class='ocrx_word' id='word_1_90' title='bbox 587 1256 780 1310; x_wconf 79' lang='grc' dir='ltr'>θᾶττον</span> <span class='ocrx_word' id='word_1_91' title='bbox 813 1256 1139 1311; x_wconf 81' lang='grc' dir='ltr'>διαλύονται.</span> <span class='ocrx_word' id='word_1_92' title='bbox 1171 1257 1426 1310; x_wconf 75' lang='grc' dir='ltr'><strong>Πέπαυσο</strong></span> <span class='ocrx_word' id='word_1_93' title='bbox 1465 1256 1642 1309; x_wconf 81' lang='grc' dir='ltr'>τοίνυν</span> <span class='ocrx_word' id='word_1_94' title='bbox 1666 1255 1773 1308; x_wconf 85' lang='grc' dir='ltr'>τῶν</span> <span class='ocrx_word' id='word_1_95' title='bbox 1794 1255 1921 1308; x_wconf 87' lang='grc' dir='ltr'>ἀτό-</span> 
     </span>
    </p>
   </div>
   <div class='ocr_carea' id='block_1_18' title="bbox 340 1349 1920 1422">
    <p class='ocr_par' dir='ltr' id='par_1_18' title="bbox 340 1349 1920 1422">
     <span class='ocr_line' id='line_1_18' title="bbox 340 1349 1920 1422; baseline 0.001 -22"><span class='ocrx_word' id='word_1_96' title='bbox 340 1366 461 1402; x_wconf 83' lang='grc' dir='ltr'>πων</span> <span class='ocrx_word' id='word_1_97' title='bbox 501 1350 780 1420; x_wconf 83' lang='grc' dir='ltr'>πράξεων·</span> <span class='ocrx_word' id='word_1_98' title='bbox 814 1351 863 1402; x_wconf 86' lang='grc' dir='ltr'><strong>εί</strong></span> <span class='ocrx_word' id='word_1_99' title='bbox 915 1350 973 1404; x_wconf 79' lang='grc' dir='ltr'>δὲ</span> <span class='ocrx_word' id='word_1_100' title='bbox 1010 1351 1106 1420; x_wconf 82' lang='grc' dir='ltr'><strong>μὴ,</strong></span> <span class='ocrx_word' id='word_1_101' title='bbox 1143 1351 1218 1422; x_wconf 78' lang='grc' dir='ltr'><strong>μὴ</strong></span> <span class='ocrx_word' id='word_1_102' title='bbox 1265 1350 1564 1418; x_wconf 75' lang='grc' dir='ltr'>ἀγανάκτει</span> <span class='ocrx_word' id='word_1_103' title='bbox 1620 1349 1765 1402; x_wconf 85' lang='grc' dir='ltr'>κατά</span> <span class='ocrx_word' id='word_1_104' title='bbox 1820 1350 1920 1419; x_wconf 75' lang='grc' dir='ltr'>τῆς</span> 
     </span>
    </p>
   </div>
   <div class='ocr_carea' id='block_1_19' title="bbox 344 1437 1916 1513">
    <p class='ocr_par' dir='ltr' id='par_1_19' title="bbox 344 1437 1916 1513">
     <span class='ocr_line' id='line_1_19' title="bbox 344 1437 1916 1513; baseline 0.001 -21"><span class='ocrx_word' id='word_1_105' title='bbox 344 1443 556 1511; x_wconf 80' lang='grc' dir='ltr'><strong>φήμης,</strong></span> <span class='ocrx_word' id='word_1_106' title='bbox 573 1440 649 1502; x_wconf 88' lang='grc' dir='ltr'>ὡς</span> <span class='ocrx_word' id='word_1_107' title='bbox 683 1441 988 1512; x_wconf 75' lang='grc' dir='ltr'><strong>πανταχόσε</strong></span> <span class='ocrx_word' id='word_1_108' title='bbox 1006 1443 1396 1513; x_wconf 79' lang='grc' dir='ltr'>κωμῳδούσης.</span> <span class='ocrx_word' id='word_1_109' title='bbox 1421 1441 1555 1495; x_wconf 76' lang='grc' dir='ltr'><strong>Οὐδὲ</strong></span> <span class='ocrx_word' id='word_1_110' title='bbox 1581 1441 1691 1512; x_wconf 78' lang='grc' dir='ltr'>γὰρ</span> <span class='ocrx_word' id='word_1_111' title='bbox 1720 1437 1832 1495; x_wconf 72' lang='grc' dir='ltr'><strong>οἷόν</strong></span> <span class='ocrx_word' id='word_1_112' title='bbox 1859 1448 1916 1494; x_wconf 81' lang='grc' dir='ltr'><strong>τε</strong></span> 
     </span>
    </p>
   </div>
   <div class='ocr_carea' id='block_1_20' title="bbox 344 1530 1494 1608">
    <p class='ocr_par' dir='ltr' id='par_1_20' title="bbox 344 1530 1494 1608">
     <span class='ocr_line' id='line_1_20' title="bbox 344 1530 1494 1608; baseline 0.006 -26"><span class='ocrx_word' id='word_1_113' title='bbox 344 1531 499 1603; x_wconf 76' lang='grc' dir='ltr'>ῥίζης</span> <span class='ocrx_word' id='word_1_114' title='bbox 535 1530 646 1605; x_wconf 72' lang='grc'><strong>(48)</strong></span> <span class='ocrx_word' id='word_1_115' title='bbox 668 1531 895 1596; x_wconf 78' lang='grc' dir='ltr'><strong>κλάδους</strong></span> <span class='ocrx_word' id='word_1_116' title='bbox 929 1533 1004 1605; x_wconf 80' lang='grc' dir='ltr'><strong>μὴ</strong></span> <span class='ocrx_word' id='word_1_117' title='bbox 1042 1533 1332 1603; x_wconf 78' lang='grc' dir='ltr'>ἁναφύναι.</span> <span class='ocrx_word' id='word_1_118' title='bbox 1488 1603 1494 1608; x_wconf 90' lang='lat'><strong>_</strong></span> 
     </span>
    </p>
   </div>
   <div class='ocr_carea' id='block_1_21' title="bbox 647 1642 1624 1718">
    <p class='ocr_par' dir='ltr' id='par_1_21' title="bbox 647 1642 1624 1718">
     <span class='ocr_line' id='line_1_21' title="bbox 647 1642 1624 1718; baseline 0.005 -24"><span class='ocrx_word' id='word_1_119' title='bbox 647 1642 813 1696; x_wconf 71' lang='lat' dir='ltr'><strong>TOA&#39;.</strong></span> <span class='ocrx_word' id='word_1_120' title='bbox 849 1676 916 1690; x_wconf 87' lang='grc'><strong><em>--</em></strong></span> <span class='ocrx_word' id='word_1_121' title='bbox 946 1646 1208 1718; x_wconf 81' lang='grc' dir='ltr'><strong>ΙΣΙΔΩΡῼ</strong></span> <span class='ocrx_word' id='word_1_122' title='bbox 1257 1643 1624 1717; x_wconf 82' lang='grc' dir='ltr'><strong>ΕΠΙΣΚΟΠῼ.</strong></span> 
     </span>
    </p>
   </div>
   <div class='ocr_carea' id='block_1_22' title="bbox 2096 884 3604 958">
    <p class='ocr_par' dir='ltr' id='par_1_22' title="bbox 2096 884 3604 958">
     <span class='ocr_line' id='line_1_22' title="bbox 2096 884 3604 958; baseline 0.003 -20"><span class='ocrx_word' id='word_1_123' title='bbox 2096 884 2257 939; x_wconf 86' lang='lat' dir='ltr'><strong>Fama</strong></span> <span class='ocrx_word' id='word_1_124' title='bbox 2293 885 2533 940; x_wconf 82' lang='lat' dir='ltr'><strong>nascitur</strong></span> <span class='ocrx_word' id='word_1_125' title='bbox 2581 886 2898 956; x_wconf 87' lang='lat' dir='ltr'><strong>plerumque</strong></span> <span class='ocrx_word' id='word_1_126' title='bbox 2930 901 2993 940; x_wconf 78' lang='lat' dir='ltr'><strong>ex</strong></span> <span class='ocrx_word' id='word_1_127' title='bbox 3021 885 3153 956; x_wconf 85' lang='lat' dir='ltr'><strong>ipsis</strong></span> <span class='ocrx_word' id='word_1_128' title='bbox 3187 889 3437 958; x_wconf 76' lang='lat' dir='ltr'><strong>negatii‘s.</strong></span> <span class='ocrx_word' id='word_1_129' title='bbox 3463 903 3604 956; x_wconf 72' lang='lat' dir='ltr'><strong>qum,</strong></span> 
     </span>
    </p>
   </div>
   <div class='ocr_carea' id='block_1_23' title="bbox 2023 975 3597 1042">
    <p class='ocr_par' dir='ltr' id='par_1_23' title="bbox 2023 975 3597 1042">
     <span class='ocr_line' id='line_1_23' title="bbox 2023 975 3597 1042; baseline 0.003 -13"><span class='ocrx_word' id='word_1_130' title='bbox 2023 977 2067 1030; x_wconf 91' lang='lat' dir='ltr'><strong>si</strong></span> <span class='ocrx_word' id='word_1_131' title='bbox 2102 991 2224 1029; x_wconf 92' lang='lat' dir='ltr'><strong>vera</strong></span> <span class='ocrx_word' id='word_1_132' title='bbox 2254 977 2492 1039; x_wconf 83' lang='lat' dir='ltr'><strong>exsistit,</strong></span> <span class='ocrx_word' id='word_1_133' title='bbox 2521 992 2626 1030; x_wconf 87' lang='lat' dir='ltr'><strong>non</strong></span> <span class='ocrx_word' id='word_1_134' title='bbox 2660 975 2838 1042; x_wconf 82' lang='lat' dir='ltr'><strong>facile,</strong></span> <span class='ocrx_word' id='word_1_135' title='bbox 2874 976 3012 1032; x_wconf 82' lang='lat' dir='ltr'><strong>forte</strong></span> <span class='ocrx_word' id='word_1_136' title='bbox 3036 978 3198 1032; x_wconf 83' lang='lat' dir='ltr'><strong>etiam</strong></span> <span class='ocrx_word' id='word_1_137' title='bbox 3234 988 3340 1033; x_wconf 84' lang='lat' dir='ltr'><strong>non</strong></span> <span class='ocrx_word' id='word_1_138' title='bbox 3373 982 3597 1034; x_wconf 75' lang='lat' dir='ltr'><strong>Orniti&#39;no</strong></span> 
     </span>
    </p>
   </div>
   <div class='ocr_carea' id='block_1_24' title="bbox 2024 1066 3605 1136">
    <p class='ocr_par' dir='ltr' id='par_1_24' title="bbox 2024 1066 3605 1136">
     <span class='ocr_line' id='line_1_24' title="bbox 2024 1066 3605 1136; baseline 0.003 -16"><span class='ocrx_word' id='word_1_139' title='bbox 2024 1068 2404 1136; x_wconf 77' lang='lat' dir='ltr'><strong>exstinguitur.</strong></span> <span class='ocrx_word' id='word_1_140' title='bbox 2470 1066 2628 1121; x_wconf 81' lang='lat' dir='ltr'><strong>Falsa</strong></span> <span class='ocrx_word' id='word_1_141' title='bbox 2669 1080 2858 1124; x_wconf 87' lang='lat' dir='ltr'><strong>contra</strong></span> <span class='ocrx_word' id='word_1_142' title='bbox 2915 1070 2984 1123; x_wconf 88' lang='lat' dir='ltr'><strong>ab</strong></span> <span class='ocrx_word' id='word_1_143' title='bbox 3031 1069 3278 1124; x_wconf 72' lang='lat' dir='ltr'><strong>hostibus</strong></span> <span class='ocrx_word' id='word_1_144' title='bbox 3320 1072 3437 1125; x_wconf 81' lang='lat' dir='ltr'><strong>fere</strong></span> <span class='ocrx_word' id='word_1_145' title='bbox 3495 1071 3605 1125; x_wconf 84' lang='lat' dir='ltr'><strong>odii</strong></span> 
     </span>
    </p>
   </div>
   <div class='ocr_carea' id='block_1_25' title="bbox 2027 1161 3604 1226">
    <p class='ocr_par' dir='ltr' id='par_1_25' title="bbox 2027 1161 3604 1226">
     <span class='ocr_line' id='line_1_25' title="bbox 2027 1161 3604 1226; baseline 0.001 -11"><span class='ocrx_word' id='word_1_146' title='bbox 2027 1176 2192 1216; x_wconf 88' lang='lat' dir='ltr'><strong>causa</strong></span> <span class='ocrx_word' id='word_1_147' title='bbox 2219 1161 2475 1226; x_wconf 80' lang='lat' dir='ltr'><strong>conﬁcta,</strong></span> <span class='ocrx_word' id='word_1_148' title='bbox 2513 1161 2690 1216; x_wconf 88' lang='lat' dir='ltr'><strong>instar</strong></span> <span class='ocrx_word' id='word_1_149' title='bbox 2729 1162 2847 1216; x_wconf 71' lang='lat' dir='ltr'><strong>tela:</strong></span> <span class='ocrx_word' id='word_1_150' title='bbox 2869 1175 3192 1216; x_wconf 85' lang='lat' dir='ltr'><strong>aranearum</strong></span> <span class='ocrx_word' id='word_1_151' title='bbox 3233 1162 3342 1217; x_wconf 86' lang='lat' dir='ltr'><strong>cito</strong></span> <span class='ocrx_word' id='word_1_152' title='bbox 3397 1164 3604 1218; x_wconf 84' lang='lat' dir='ltr'><strong>interit.</strong></span> 
     </span>
    </p>
   </div>
   <div class='ocr_carea' id='block_1_26' title="bbox 2024 1252 3604 1323">
    <p class='ocr_par' dir='ltr' id='par_1_26' title="bbox 2024 1252 3604 1323">
     <span class='ocr_line' id='line_1_26' title="bbox 2024 1252 3604 1323; baseline 0.003 -17"><span class='ocrx_word' id='word_1_153' title='bbox 2024 1253 2389 1319; x_wconf 80' lang='lat' dir='ltr'><strong>Quamobrem</strong></span> <span class='ocrx_word' id='word_1_154' title='bbox 2437 1252 2628 1308; x_wconf 85' lang='lat' dir='ltr'><strong>desine</strong></span> <span class='ocrx_word' id='word_1_155' title='bbox 2675 1252 2909 1307; x_wconf 78' lang='lat' dir='ltr'><strong>absurde</strong></span> <span class='ocrx_word' id='word_1_156' title='bbox 2929 1267 3109 1322; x_wconf 81' lang='lat' dir='ltr'><strong>agere,</strong></span> <span class='ocrx_word' id='word_1_157' title='bbox 3137 1254 3375 1323; x_wconf 86' lang='lat' dir='ltr'><strong>alioquin</strong></span> <span class='ocrx_word' id='word_1_158' title='bbox 3407 1254 3604 1310; x_wconf 65' lang='lat' dir='ltr'><strong>famam</strong></span> 
     </span>
    </p>
   </div>
   <div class='ocr_carea' id='block_1_27' title="bbox 2023 1330 3606 1412">
    <p class='ocr_par' dir='ltr' id='par_1_27' title="bbox 2023 1330 3606 1412">
     <span class='ocr_line' id='line_1_27' title="bbox 2023 1330 3606 1412; baseline 0.001 -16"><span class='ocrx_word' id='word_1_159' title='bbox 2023 1338 2594 1409; x_wconf 61' lang='lat' dir='ltr'><strong>ekistimationemque</strong></span> <span class='ocrx_word' id='word_1_160' title='bbox 2629 1342 2702 1395; x_wconf 89' lang='lat' dir='ltr'><strong>tui</strong></span> <span class='ocrx_word' id='word_1_161' title='bbox 2735 1330 2998 1397; x_wconf 69' lang='lat' dir='ltr'><strong>accusare</strong></span> <span class='ocrx_word' id='word_1_162' title='bbox 3045 1342 3176 1406; x_wconf 89' lang='lat' dir='ltr'><strong>noli,</strong></span> <span class='ocrx_word' id='word_1_163' title='bbox 3217 1343 3370 1411; x_wconf 89' lang='lat' dir='ltr'><strong>quasi</strong></span> <span class='ocrx_word' id='word_1_164' title='bbox 3406 1343 3606 1412; x_wconf 84' lang='lat' dir='ltr'><strong>ubique</strong></span> 
     </span>
    </p>
   </div>
   <div class='ocr_carea' id='block_1_28' title="bbox 2023 1432 3604 1505">
    <p class='ocr_par' dir='ltr' id='par_1_28' title="bbox 2023 1432 3604 1505">
     <span class='ocr_line' id='line_1_28' title="bbox 2023 1432 3604 1505; baseline 0.001 -17"><span class='ocrx_word' id='word_1_165' title='bbox 2023 1434 2434 1505; x_wconf 80' lang='lat' dir='ltr'><strong>perstringaris.</strong></span> <span class='ocrx_word' id='word_1_166' title='bbox 2474 1432 2584 1488; x_wconf 83' lang='lat' dir='ltr'><strong>Nec</strong></span> <span class='ocrx_word' id='word_1_167' title='bbox 2605 1433 2751 1488; x_wconf 89' lang='lat' dir='ltr'><strong>enim</strong></span> <span class='ocrx_word' id='word_1_168' title='bbox 2793 1433 2911 1488; x_wconf 88' lang='lat' dir='ltr'><strong>lieri</strong></span> <span class='ocrx_word' id='word_1_169' title='bbox 2963 1443 3143 1503; x_wconf 87' lang='lat' dir='ltr'><strong>potest</strong></span> <span class='ocrx_word' id='word_1_170' title='bbox 3174 1435 3304 1504; x_wconf 90' lang='lat' dir='ltr'><strong>quin</strong></span> <span class='ocrx_word' id='word_1_171' title='bbox 3334 1452 3366 1491; x_wconf 89' lang='lat' dir='ltr'><strong>e</strong></span> <span class='ocrx_word' id='word_1_172' title='bbox 3407 1435 3604 1490; x_wconf 89' lang='lat' dir='ltr'><strong>radici-</strong></span> 
     </span>
    </p>
   </div>
   <div class='ocr_carea' id='block_1_29' title="bbox 2019 1521 2593 1596">
    <p class='ocr_par' dir='ltr' id='par_1_29' title="bbox 2019 1521 2593 1596">
     <span class='ocr_line' id='line_1_29' title="bbox 2019 1521 2593 1596; baseline -0.007 -14"><span class='ocrx_word' id='word_1_173' title='bbox 2019 1529 2119 1582; x_wconf 88' lang='lat' dir='ltr'><strong>bus</strong></span> <span class='ocrx_word' id='word_1_174' title='bbox 2151 1525 2285 1580; x_wconf 90' lang='lat' dir='ltr'><strong>rami</strong></span> <span class='ocrx_word' id='word_1_175' title='bbox 2311 1521 2593 1596; x_wconf 82' lang='lat' dir='ltr'><strong>pullulent.</strong></span> 
     </span>
    </p>
   </div>
   <div class='ocr_carea' id='block_1_30' title="bbox 2131 1635 3499 1709">
    <p class='ocr_par' dir='ltr' id='par_1_30' title="bbox 2131 1635 3499 1709">
     <span class='ocr_line' id='line_1_30' title="bbox 2131 1635 3499 1709; baseline 0.001 -17"><span class='ocrx_word' id='word_1_176' title='bbox 2131 1637 2300 1709; x_wconf 77' lang='lat'><strong>699</strong></span> <span class='ocrx_word' id='word_1_177' title='bbox 2335 1635 2662 1692; x_wconf 75' lang='lat' dir='ltr'><strong>CDLXXIV.</strong></span> <span class='ocrx_word' id='word_1_178' title='bbox 2697 1665 2774 1703; x_wconf 20' lang='grc' dir='ltr'><strong>λ-</strong></span> <span class='ocrx_word' id='word_1_179' title='bbox 2815 1635 3092 1693; x_wconf 83' lang='lat' dir='ltr'><strong>lSlDORO</strong></span> <span class='ocrx_word' id='word_1_180' title='bbox 3141 1635 3499 1694; x_wconf 88' lang='lat' dir='ltr'><strong>EPISCOPO.</strong></span> 
     </span>
    </p>
   </div>
   <div class='ocr_carea' id='block_1_31' title="bbox 1263 1729 2683 1806">
    <p class='ocr_par' dir='ltr' id='par_1_31' title="bbox 1263 1729 2683 1806">
     <span class='ocr_line' id='line_1_31' title="bbox 1263 1729 2683 1806; baseline -0.003 -16"><span class='ocrx_word' id='word_1_181' title='bbox 1263 1737 1539 1791; x_wconf 74' lang='lat' dir='ltr'><strong>Houtinem</strong></span> <span class='ocrx_word' id='word_1_182' title='bbox 1564 1738 1797 1806; x_wconf 71' lang='lat' dir='ltr'><strong>iniquum</strong></span> <span class='ocrx_word' id='word_1_183' title='bbox 1827 1744 1874 1789; x_wconf 81' lang='lat' dir='ltr'><strong>et</strong></span> <span class='ocrx_word' id='word_1_184' title='bbox 1900 1733 2219 1804; x_wconf 83' lang='lat' dir='ltr'><strong>injuriosum</strong></span> <span class='ocrx_word' id='word_1_185' title='bbox 2250 1731 2521 1786; x_wconf 82' lang='lat' dir='ltr'><strong>admoneri</strong></span> <span class='ocrx_word' id='word_1_186' title='bbox 2553 1729 2683 1786; x_wconf 81' lang='lat' dir='ltr'><strong>rull.</strong></span> 
     </span>
    </p>
   </div>
   <div class='ocr_carea' id='block_1_32' title="bbox 413 1842 1917 1917">
    <p class='ocr_par' dir='ltr' id='par_1_32' title="bbox 413 1842 1917 1917">
     <span class='ocr_line' id='line_1_32' title="bbox 413 1842 1917 1917; baseline 0.001 -22"><span class='ocrx_word' id='word_1_187' title='bbox 413 1842 683 1911; x_wconf 84' lang='grc' dir='ltr'><strong>Πιστεύω,</strong></span> <span class='ocrx_word' id='word_1_188' title='bbox 716 1842 798 1898; x_wconf 83' lang='grc' dir='ltr'>δτι</span> <span class='ocrx_word' id='word_1_189' title='bbox 837 1847 886 1900; x_wconf 78' lang='grc' dir='ltr'><strong>εί</strong></span> <span class='ocrx_word' id='word_1_190' title='bbox 923 1843 1079 1915; x_wconf 85' lang='grc' dir='ltr'>γνοίη</span> <span class='ocrx_word' id='word_1_191' title='bbox 1111 1845 1261 1917; x_wconf 84' lang='grc' dir='ltr'>παρᾶ</span> <span class='ocrx_word' id='word_1_192' title='bbox 1288 1846 1391 1916; x_wconf 79' lang='grc' dir='ltr'>τῆς</span> <span class='ocrx_word' id='word_1_193' title='bbox 1434 1847 1534 1916; x_wconf 75' lang='grc' dir='ltr'>σῆς</span> <span class='ocrx_word' id='word_1_194' title='bbox 1583 1845 1862 1914; x_wconf 79' lang='grc' dir='ltr'><strong>ὁσιότητος</strong></span> <span class='ocrx_word' id='word_1_195' title='bbox 1889 1845 1917 1897; x_wconf 88' lang='lat'><strong>6</strong></span> 
     </span>
    </p>
   </div>
   <div class='ocr_carea' id='block_1_33' title="bbox 337 1936 1913 2009">
    <p class='ocr_par' dir='ltr' id='par_1_33' title="bbox 337 1936 1913 2009">
     <span class='ocr_line' id='line_1_33' title="bbox 337 1936 1913 2009; baseline -0.001 -20"><span class='ocrx_word' id='word_1_196' title='bbox 337 1939 404 2006; x_wconf 80' lang='grc' dir='ltr'>τῇ</span> <span class='ocrx_word' id='word_1_197' title='bbox 440 1936 633 1990; x_wconf 78' lang='grc' dir='ltr'>ἑαυτοῦ</span> <span class='ocrx_word' id='word_1_198' title='bbox 665 1939 975 2008; x_wconf 77' lang='grc' dir='ltr'>ἐπιτρέπων</span> <span class='ocrx_word' id='word_1_199' title='bbox 1019 1938 1266 2009; x_wconf 82' lang='grc' dir='ltr'><strong>δυνάμει,</strong></span> <span class='ocrx_word' id='word_1_200' title='bbox 1298 1939 1401 1996; x_wconf 79' lang='grc' dir='ltr'>ὅτι,</span> <span class='ocrx_word' id='word_1_201' title='bbox 1450 1938 1545 1990; x_wconf 80' lang='grc' dir='ltr'>σὺν</span> <span class='ocrx_word' id='word_1_202' title='bbox 1569 1936 1689 2006; x_wconf 85' lang='grc' dir='ltr'><strong>Θεῷ</strong></span> <span class='ocrx_word' id='word_1_203' title='bbox 1727 1937 1913 2005; x_wconf 77' lang='grc' dir='ltr'>φάναι,</span> 
     </span>
    </p>
   </div>
   <div class='ocr_carea' id='block_1_34' title="bbox 337 2024 1917 2098">
    <p class='ocr_par' dir='ltr' id='par_1_34' title="bbox 337 2024 1917 2098">
     <span class='ocr_line' id='line_1_34' title="bbox 337 2024 1917 2098; baseline 0.001 -21"><span class='ocrx_word' id='word_1_204' title='bbox 337 2027 440 2095; x_wconf 84' lang='grc' dir='ltr'><strong>τῆς</strong></span> <span class='ocrx_word' id='word_1_205' title='bbox 488 2025 816 2095; x_wconf 81' lang='grc' dir='ltr'>Ἐκκλησίας</span> <span class='ocrx_word' id='word_1_206' title='bbox 842 2029 908 2081; x_wconf 82' lang='grc' dir='ltr'><strong>ὲκ</strong></span> <span class='ocrx_word' id='word_1_207' title='bbox 935 2030 1036 2098; x_wconf 83' lang='grc' dir='ltr'>τῆς</span> <span class='ocrx_word' id='word_1_208' title='bbox 1084 2027 1290 2082; x_wconf 79' lang='grc' dir='ltr'>ἀνωθεν</span> <span class='ocrx_word' id='word_1_209' title='bbox 1338 2025 1590 2096; x_wconf 74' lang='grc' dir='ltr'><strong>βοηθείας</strong></span> <span class='ocrx_word' id='word_1_210' title='bbox 1617 2024 1917 2096; x_wconf 58' lang='grc' dir='ltr'>ὠχυρωμέέ</span> 
     </span>
    </p>
   </div>
   <div class='ocr_carea' id='block_1_35' title="bbox 341 2117 1912 2191">
    <p class='ocr_par' dir='ltr' id='par_1_35' title="bbox 341 2117 1912 2191">
     <span class='ocr_line' id='line_1_35' title="bbox 341 2117 1912 2191; baseline -0.001 -22"><span class='ocrx_word' id='word_1_211' title='bbox 341 2134 462 2187; x_wconf 82' lang='grc' dir='ltr'>νης,</span> <span class='ocrx_word' id='word_1_212' title='bbox 492 2120 586 2172; x_wconf 70' lang='grc' dir='ltr'>καὶ</span> <span class='ocrx_word' id='word_1_213' title='bbox 617 2118 727 2172; x_wconf 82' lang='grc' dir='ltr'><strong>τῶν</strong></span> <span class='ocrx_word' id='word_1_214' title='bbox 751 2119 932 2189; x_wconf 86' lang='grc' dir='ltr'>νόμων</span> <span class='ocrx_word' id='word_1_215' title='bbox 965 2117 1318 2191; x_wconf 76' lang='grc' dir='ltr'>ἐρρωμένων,</span> <span class='ocrx_word' id='word_1_216' title='bbox 1364 2118 1539 2180; x_wconf 76' lang='grc' dir='ltr'>οὐδεὶς</span> <span class='ocrx_word' id='word_1_217' title='bbox 1568 2119 1719 2188; x_wconf 70' lang='grc' dir='ltr'>παρὰ</span> <span class='ocrx_word' id='word_1_218' title='bbox 1741 2117 1802 2170; x_wconf 82' lang='grc' dir='ltr'><strong>τὸ</strong></span> <span class='ocrx_word' id='word_1_219' title='bbox 1832 2117 1912 2169; x_wconf 82' lang='grc' dir='ltr'><strong>δί-</strong></span> 
     </span>
    </p>
   </div>
   <div class='ocr_carea' id='block_1_36' title="bbox 338 2205 1916 2280">
    <p class='ocr_par' dir='ltr' id='par_1_36' title="bbox 338 2205 1916 2280">
     <span class='ocr_line' id='line_1_36' title="bbox 338 2205 1916 2280; baseline 0.001 -20"><span class='ocrx_word' id='word_1_220' title='bbox 338 2225 494 2262; x_wconf 84' lang='grc' dir='ltr'>καιον</span> <span class='ocrx_word' id='word_1_221' title='bbox 523 2210 884 2264; x_wconf 73' lang='grc' dir='ltr'>ἐκϐιάσασθαι</span> <span class='ocrx_word' id='word_1_222' title='bbox 914 2205 1006 2264; x_wconf 82' lang='grc' dir='ltr'>τδν</span> <span class='ocrx_word' id='word_1_223' title='bbox 1047 2211 1257 2280; x_wconf 78' lang='grc' dir='ltr'>πένητα</span> <span class='ocrx_word' id='word_1_224' title='bbox 1302 2208 1389 2278; x_wconf 82' lang='grc' dir='ltr'><strong>ἐφ’</strong></span> <span class='ocrx_word' id='word_1_225' title='bbox 1436 2207 1592 2278; x_wconf 69' lang='grc' dir='ltr'>ὕϐρει</span> <span class='ocrx_word' id='word_1_226' title='bbox 1637 2209 1738 2278; x_wconf 79' lang='grc' dir='ltr'><strong>τῆς</strong></span> <span class='ocrx_word' id='word_1_227' title='bbox 1792 2210 1916 2262; x_wconf 83' lang='grc' dir='ltr'><strong>Ἐκ-</strong></span> 
     </span>
    </p>
   </div>
   <div class='ocr_carea' id='block_1_37' title="bbox 338 2297 1914 2371">
    <p class='ocr_par' dir='ltr' id='par_1_37' title="bbox 338 2297 1914 2371">
     <span class='ocr_line' id='line_1_37' title="bbox 338 2297 1914 2371; baseline 0.001 -23"><span class='ocrx_word' id='word_1_228' title='bbox 338 2297 569 2367; x_wconf 84' lang='grc' dir='ltr'>κλησίας</span> <span class='ocrx_word' id='word_1_229' title='bbox 596 2299 696 2370; x_wconf 78' lang='grc' dir='ltr'>τῆς</span> <span class='ocrx_word' id='word_1_230' title='bbox 733 2300 1036 2371; x_wconf 82' lang='grc' dir='ltr'><strong>ὀρεγούσης</strong></span> <span class='ocrx_word' id='word_1_231' title='bbox 1067 2302 1178 2364; x_wconf 83' lang='grc' dir='ltr'>τοῖς</span> <span class='ocrx_word' id='word_1_232' title='bbox 1227 2299 1601 2367; x_wconf 76' lang='grc' dir='ltr'><strong>ἀδικουμένοις</strong></span> <span class='ocrx_word' id='word_1_233' title='bbox 1633 2298 1727 2368; x_wconf 83' lang='grc' dir='ltr'>τὴν</span> <span class='ocrx_word' id='word_1_234' title='bbox 1756 2302 1914 2368; x_wconf 83' lang='grc' dir='ltr'>χεῖρα</span> 
     </span>
    </p>
   </div>
   <div class='ocr_carea' id='block_1_38' title="bbox 338 2389 1913 2464">
    <p class='ocr_par' dir='ltr' id='par_1_38' title="bbox 338 2389 1913 2464">
     <span class='ocr_line' id='line_1_38' title="bbox 338 2389 1913 2464; baseline 0.001 -21"><span class='ocrx_word' id='word_1_235' title='bbox 338 2389 649 2462; x_wconf 80' lang='grc' dir='ltr'>δυνήσεται,</span> <span class='ocrx_word' id='word_1_236' title='bbox 683 2392 1054 2464; x_wconf 79' lang='grc' dir='ltr'><strong>ἀποστήσεται</strong></span> <span class='ocrx_word' id='word_1_237' title='bbox 1097 2393 1197 2463; x_wconf 80' lang='grc' dir='ltr'>τῆς</span> <span class='ocrx_word' id='word_1_238' title='bbox 1231 2391 1371 2445; x_wconf 75' lang='grc' dir='ltr'>κατὰ</span> <span class='ocrx_word' id='word_1_239' title='bbox 1407 2392 1500 2444; x_wconf 74' lang='grc' dir='ltr'><strong>τοῦ</strong></span> <span class='ocrx_word' id='word_1_240' title='bbox 1545 2394 1774 2462; x_wconf 79' lang='grc' dir='ltr'><strong>πένητος</strong></span> <span class='ocrx_word' id='word_1_241' title='bbox 1803 2392 1913 2445; x_wconf 85' lang='grc' dir='ltr'>ἀδι-</span> 
     </span>
    </p>
   </div>
   <div class='ocr_carea' id='block_1_39' title="bbox 341 2480 1913 2552">
    <p class='ocr_par' dir='ltr' id='par_1_39' title="bbox 341 2480 1913 2552">
     <span class='ocr_line' id='line_1_39' title="bbox 341 2480 1913 2552; baseline 0.004 -21"><span class='ocrx_word' id='word_1_242' title='bbox 341 2480 485 2543; x_wconf 83' lang='grc' dir='ltr'>κίας,</span> <span class='ocrx_word' id='word_1_243' title='bbox 525 2482 722 2550; x_wconf 81' lang='grc' dir='ltr'>μᾶλλον</span> <span class='ocrx_word' id='word_1_244' title='bbox 750 2482 806 2534; x_wconf 82' lang='grc' dir='ltr'>δὲ</span> <span class='ocrx_word' id='word_1_245' title='bbox 850 2483 949 2552; x_wconf 80' lang='grc' dir='ltr'>τῆς</span> <span class='ocrx_word' id='word_1_246' title='bbox 981 2481 1103 2536; x_wconf 84' lang='grc' dir='ltr'>καθ’</span> <span class='ocrx_word' id='word_1_247' title='bbox 1139 2481 1353 2536; x_wconf 77' lang='grc' dir='ltr'><strong>ἑαυτοῦ.</strong></span> <span class='ocrx_word' id='word_1_248' title='bbox 1385 2481 1460 2534; x_wconf 66' lang='lat' dir='ltr'><strong>Ub</strong></span> <span class='ocrx_word' id='word_1_249' title='bbox 1494 2481 1604 2552; x_wconf 75' lang='grc' dir='ltr'><strong>γὰρ</strong></span> <span class='ocrx_word' id='word_1_250' title='bbox 1657 2482 1913 2537; x_wconf 82' lang='grc' dir='ltr'>τοσοῦτον</span> 
     </span>
    </p>
   </div>
   <div class='ocr_carea' id='block_1_40' title="bbox 2096 1840 3603 1912">
    <p class='ocr_par' dir='ltr' id='par_1_40' title="bbox 2096 1840 3603 1912">
     <span class='ocr_line' id='line_1_40' title="bbox 2096 1840 3603 1912; baseline 0.004 -17"><span class='ocrx_word' id='word_1_251' title='bbox 2096 1840 2292 1904; x_wconf 84' lang='lat' dir='ltr'><strong>Credo,</strong></span> <span class='ocrx_word' id='word_1_252' title='bbox 2331 1841 2378 1896; x_wconf 82' lang='lat' dir='ltr'><strong>si</strong></span> <span class='ocrx_word' id='word_1_253' title='bbox 2443 1842 2562 1910; x_wconf 89' lang='lat' dir='ltr'><strong>quis</strong></span> <span class='ocrx_word' id='word_1_254' title='bbox 2610 1850 2717 1895; x_wconf 75' lang='lat' dir='ltr'><strong>tute</strong></span> <span class='ocrx_word' id='word_1_255' title='bbox 2767 1847 2827 1896; x_wconf 84' lang='lat' dir='ltr'><strong>se</strong></span> <span class='ocrx_word' id='word_1_256' title='bbox 2859 1843 3203 1899; x_wconf 79' lang='lat' dir='ltr'><strong>cummittens</strong></span> <span class='ocrx_word' id='word_1_257' title='bbox 3254 1843 3526 1912; x_wconf 71' lang='lat' dir='ltr'><strong>potesm&#39;t&#39;i,</strong></span> <span class='ocrx_word' id='word_1_258' title='bbox 3573 1861 3603 1901; x_wconf 91' lang='lat' dir='ltr'><strong>a</strong></span> 
     </span>
    </p>
   </div>
   <div class='ocr_carea' id='block_1_41' title="bbox 2027 1933 3599 2005">
    <p class='ocr_par' dir='ltr' id='par_1_41' title="bbox 2027 1933 3599 2005">
     <span class='ocr_line' id='line_1_41' title="bbox 2027 1933 3599 2005; baseline 0.002 -17"><span class='ocrx_word' id='word_1_259' title='bbox 2027 1941 2113 1988; x_wconf 84' lang='lat' dir='ltr'><strong>tua</strong></span> <span class='ocrx_word' id='word_1_260' title='bbox 2137 1935 2432 1989; x_wconf 75' lang='lat' dir='ltr'><strong>sanctitate</strong></span> <span class='ocrx_word' id='word_1_261' title='bbox 2466 1941 2782 2002; x_wconf 81' lang='lat' dir='ltr'><strong>cognoscat,</strong></span> <span class='ocrx_word' id='word_1_262' title='bbox 2811 1935 2976 2004; x_wconf 77' lang='lat' dir='ltr'><strong>qudd,</strong></span> <span class='ocrx_word' id='word_1_263' title='bbox 3012 1945 3070 1989; x_wconf 90' lang='lat' dir='ltr'><strong>ut</strong></span> <span class='ocrx_word' id='word_1_264' title='bbox 3094 1951 3216 1989; x_wconf 88' lang='lat' dir='ltr'><strong>cum</strong></span> <span class='ocrx_word' id='word_1_265' title='bbox 3244 1933 3353 1990; x_wconf 90' lang='lat' dir='ltr'><strong>Deo</strong></span> <span class='ocrx_word' id='word_1_266' title='bbox 3383 1933 3599 2005; x_wconf 84' lang='lat' dir='ltr'><strong>loquar,</strong></span> 
     </span>
    </p>
   </div>
   <div class='ocr_carea' id='block_1_42' title="bbox 2023 2026 3606 2100">
    <p class='ocr_par' dir='ltr' id='par_1_42' title="bbox 2023 2026 3606 2100">
     <span class='ocr_line' id='line_1_42' title="bbox 2023 2026 3606 2100; baseline 0.001 -20"><span class='ocrx_word' id='word_1_267' title='bbox 2023 2041 2145 2080; x_wconf 91' lang='lat' dir='ltr'><strong>cum</strong></span> <span class='ocrx_word' id='word_1_268' title='bbox 2197 2026 2436 2081; x_wconf 86' lang='lat' dir='ltr'><strong>Ecclesia</strong></span> <span class='ocrx_word' id='word_1_269' title='bbox 2489 2026 2698 2081; x_wconf 58' lang='lat' dir='ltr'><strong>caelein</strong></span> <span class='ocrx_word' id='word_1_270' title='bbox 2744 2027 2948 2080; x_wconf 78' lang='lat' dir='ltr'><strong>auxilio</strong></span> <span class='ocrx_word' id='word_1_271' title='bbox 3001 2028 3295 2094; x_wconf 89' lang='lat' dir='ltr'><strong>muniatur,</strong></span> <span class='ocrx_word' id='word_1_272' title='bbox 3351 2027 3606 2100; x_wconf 76' lang='lat' dir='ltr'><strong>legesque</strong></span> 
     </span>
    </p>
   </div>
   <div class='ocr_carea' id='block_1_43' title="bbox 2022 2116 3600 2186">
    <p class='ocr_par' dir='ltr' id='par_1_43' title="bbox 2022 2116 3600 2186">
     <span class='ocr_line' id='line_1_43' title="bbox 2022 2116 3600 2186; baseline 0.003 -17"><span class='ocrx_word' id='word_1_273' title='bbox 2022 2116 2258 2182; x_wconf 82' lang='lat' dir='ltr'><strong>valeant,</strong></span> <span class='ocrx_word' id='word_1_274' title='bbox 2309 2117 2491 2172; x_wconf 87' lang='lat' dir='ltr'><strong>nullus</strong></span> <span class='ocrx_word' id='word_1_275' title='bbox 2526 2133 2623 2186; x_wconf 87' lang='lat' dir='ltr'><strong>per</strong></span> <span class='ocrx_word' id='word_1_276' title='bbox 2661 2117 3043 2174; x_wconf 84' lang='lat' dir='ltr'><strong>contumeliam</strong></span> <span class='ocrx_word' id='word_1_277' title='bbox 3091 2117 3343 2174; x_wconf 85' lang='lat' dir='ltr'><strong>Ecclesiae</strong></span> <span class='ocrx_word' id='word_1_278' title='bbox 3379 2136 3600 2174; x_wconf 87' lang='lat' dir='ltr'><strong>manum</strong></span> 
     </span>
    </p>
   </div>
   <div class='ocr_carea' id='block_1_44' title="bbox 2022 2204 3603 2280">
    <p class='ocr_par' dir='ltr' id='par_1_44' title="bbox 2022 2204 3603 2280">
     <span class='ocr_line' id='line_1_44' title="bbox 2022 2204 3603 2280; baseline 0.004 -20"><span class='ocrx_word' id='word_1_279' title='bbox 2022 2207 2166 2262; x_wconf 68' lang='lat' dir='ltr'><strong>laasis</strong></span> <span class='ocrx_word' id='word_1_280' title='bbox 2192 2207 2461 2264; x_wconf 89' lang='lat' dir='ltr'><strong>tendentis</strong></span> <span class='ocrx_word' id='word_1_281' title='bbox 2491 2217 2685 2278; x_wconf 74' lang='lat' dir='ltr'><strong>prteter</strong></span> <span class='ocrx_word' id='word_1_282' title='bbox 2720 2210 2798 2264; x_wconf 83' lang='lat' dir='ltr'><strong>fas</strong></span> <span class='ocrx_word' id='word_1_283' title='bbox 2819 2219 2872 2263; x_wconf 91' lang='lat' dir='ltr'><strong>et</strong></span> <span class='ocrx_word' id='word_1_284' title='bbox 2886 2209 2975 2278; x_wconf 85' lang='lat' dir='ltr'><strong>jus</strong></span> <span class='ocrx_word' id='word_1_285' title='bbox 3014 2210 3234 2280; x_wconf 81' lang='lat' dir='ltr'><strong>pauperi</strong></span> <span class='ocrx_word' id='word_1_286' title='bbox 3261 2204 3366 2264; x_wconf 88' lang='lat' dir='ltr'><strong>vim</strong></span> <span class='ocrx_word' id='word_1_287' title='bbox 3397 2211 3603 2266; x_wconf 78' lang='lat' dir='ltr'><strong>inferre</strong></span> 
     </span>
    </p>
   </div>
   <div class='ocr_carea' id='block_1_45' title="bbox 2021 2298 3596 2372">
    <p class='ocr_par' dir='ltr' id='par_1_45' title="bbox 2021 2298 3596 2372">
     <span class='ocr_line' id='line_1_45' title="bbox 2021 2298 3596 2372; baseline 0.004 -22"><span class='ocrx_word' id='word_1_288' title='bbox 2021 2298 2243 2366; x_wconf 86' lang='lat' dir='ltr'><strong>poterit,</strong></span> <span class='ocrx_word' id='word_1_289' title='bbox 2271 2299 2351 2352; x_wconf 91' lang='lat' dir='ltr'><strong>sic</strong></span> <span class='ocrx_word' id='word_1_290' title='bbox 2384 2299 2756 2368; x_wconf 89' lang='lat' dir='ltr'><strong>unusquisque</strong></span> <span class='ocrx_word' id='word_1_291' title='bbox 2783 2301 2850 2355; x_wconf 91' lang='lat' dir='ltr'><strong>ab</strong></span> <span class='ocrx_word' id='word_1_292' title='bbox 2876 2301 3070 2368; x_wconf 87' lang='lat' dir='ltr'><strong>injuria</strong></span> <span class='ocrx_word' id='word_1_293' title='bbox 3104 2312 3291 2356; x_wconf 87' lang='lat' dir='ltr'><strong>contra</strong></span> <span class='ocrx_word' id='word_1_294' title='bbox 3331 2299 3596 2372; x_wconf 78' lang='lat' dir='ltr'><strong>pauperes</strong></span> 
     </span>
    </p>
   </div>
   <div class='ocr_carea' id='block_1_46' title="bbox 2022 2389 3602 2463">
    <p class='ocr_par' dir='ltr' id='par_1_46' title="bbox 2022 2389 3602 2463">
     <span class='ocr_line' id='line_1_46' title="bbox 2022 2389 3602 2463; baseline 0.004 -22"><span class='ocrx_word' id='word_1_295' title='bbox 2022 2389 2191 2458; x_wconf 79' lang='lat' dir='ltr'><strong>magis</strong></span> <span class='ocrx_word' id='word_1_296' title='bbox 2216 2403 2378 2458; x_wconf 89' lang='lat' dir='ltr'><strong>quam</strong></span> <span class='ocrx_word' id='word_1_297' title='bbox 2410 2399 2596 2444; x_wconf 84' lang='lat' dir='ltr'><strong>contra</strong></span> <span class='ocrx_word' id='word_1_298' title='bbox 2626 2407 2684 2445; x_wconf 87' lang='lat' dir='ltr'><strong>se</strong></span> <span class='ocrx_word' id='word_1_299' title='bbox 2714 2391 3026 2448; x_wconf 83' lang='lat' dir='ltr'><strong>abstinebit.</strong></span> <span class='ocrx_word' id='word_1_300' title='bbox 3061 2393 3246 2463; x_wconf 84' lang='lat' dir='ltr'><strong>Neque</strong></span> <span class='ocrx_word' id='word_1_301' title='bbox 3288 2395 3431 2449; x_wconf 90' lang='lat' dir='ltr'><strong>enim</strong></span> <span class='ocrx_word' id='word_1_302' title='bbox 3477 2404 3602 2448; x_wconf 91' lang='lat' dir='ltr'><strong>tan-</strong></span> 
     </span>
    </p>
   </div>
   <div class='ocr_carea' id='block_1_47' title="bbox 2027 2476 3602 2553">
    <p class='ocr_par' dir='ltr' id='par_1_47' title="bbox 2027 2476 3602 2553">
     <span class='ocr_line' id='line_1_47' title="bbox 2027 2476 3602 2553; baseline 0.006 -20"><span class='ocrx_word' id='word_1_303' title='bbox 2027 2488 2137 2534; x_wconf 85' lang='lat' dir='ltr'><strong>tum</strong></span> <span class='ocrx_word' id='word_1_304' title='bbox 2178 2481 2224 2536; x_wconf 84' lang='lat' dir='ltr'><strong>is</strong></span> <span class='ocrx_word' id='word_1_305' title='bbox 2276 2482 2365 2550; x_wconf 87' lang='lat' dir='ltr'><strong>qui</strong></span> <span class='ocrx_word' id='word_1_306' title='bbox 2425 2484 2625 2552; x_wconf 90' lang='lat' dir='ltr'><strong>accipit</strong></span> <span class='ocrx_word' id='word_1_307' title='bbox 2672 2483 2944 2552; x_wconf 69' lang='lat' dir='ltr'><strong>iniuriam,</strong></span> <span class='ocrx_word' id='word_1_308' title='bbox 3009 2495 3065 2540; x_wconf 93' lang='lat' dir='ltr'><strong>nt</strong></span> <span class='ocrx_word' id='word_1_309' title='bbox 3100 2476 3255 2542; x_wconf 79' lang='lat' dir='ltr'><strong>‘ali‘as</strong></span> <span class='ocrx_word' id='word_1_310' title='bbox 3295 2477 3602 2553; x_wconf 77' lang='lat' dir='ltr'><strong>docuimus,</strong></span> 
     </span>
    </p>
   </div>
   <div class='ocr_carea' id='block_1_48' title="bbox 333 2569 1963 2650">
    <p class='ocr_par' dir='ltr' id='par_1_48' title="bbox 333 2575 1911 2650">
     <span class='ocr_line' id='line_1_48' title="bbox 333 2575 1911 2650; baseline 0.003 -24"><span class='ocrx_word' id='word_1_311' title='bbox 333 2575 363 2626; x_wconf 83' lang='lat'><strong>6</strong></span> <span class='ocrx_word' id='word_1_312' title='bbox 395 2575 619 2644; x_wconf 76' lang='grc' dir='ltr'>πάσχων</span> <span class='ocrx_word' id='word_1_313' title='bbox 653 2575 810 2647; x_wconf 80' lang='grc' dir='ltr'>(τέως</span> <span class='ocrx_word' id='word_1_314' title='bbox 867 2579 974 2648; x_wconf 77' lang='grc' dir='ltr'>γὰρ</span> <span class='ocrx_word' id='word_1_315' title='bbox 1019 2576 1192 2640; x_wconf 79' lang='grc' dir='ltr'>οὕτως</span> <span class='ocrx_word' id='word_1_316' title='bbox 1224 2575 1504 2650; x_wconf 72' lang='grc' dir='ltr'>εἰρήσθω),</span> <span class='ocrx_word' id='word_1_317' title='bbox 1551 2577 1674 2630; x_wconf 81' lang='grc' dir='ltr'>ὅσον</span> <span class='ocrx_word' id='word_1_318' title='bbox 1705 2580 1732 2630; x_wconf 98' lang='lat'><strong>6</strong></span> <span class='ocrx_word' id='word_1_319' title='bbox 1769 2577 1911 2645; x_wconf 81' lang='grc' dir='ltr'>δρῶν</span> 
     </span>
    </p>
   </div>
   <div class='ocr_carea' id='block_1_49' title="bbox 2025 2569 3030 2650">
    <p class='ocr_par' dir='ltr' id='par_1_49' title="bbox 2025 2569 3030 2643">
     <span class='ocr_line' id='line_1_49' title="bbox 2025 2569 3030 2643; baseline 0.007 -20"><span class='ocrx_word' id='word_1_320' title='bbox 2025 2577 2278 2639; x_wconf 83' lang='lat' dir='ltr'><strong>quantum</strong></span> <span class='ocrx_word' id='word_1_321' title='bbox 2315 2571 2404 2640; x_wconf 81' lang='lat' dir='ltr'><strong>qui</strong></span> <span class='ocrx_word' id='word_1_322' title='bbox 2430 2569 2556 2627; x_wconf 72' lang='lat' dir='ltr'><strong>facit</strong></span> <span class='ocrx_word' id='word_1_323' title='bbox 2585 2571 2686 2627; x_wconf 86' lang='lat' dir='ltr'><strong>sibi</strong></span> <span class='ocrx_word' id='word_1_324' title='bbox 2723 2573 2821 2643; x_wconf 83' lang='lat' dir='ltr'><strong>ipsi</strong></span> <span class='ocrx_word' id='word_1_325' title='bbox 2853 2573 3030 2630; x_wconf 75' lang='lat' dir='ltr'><strong>necet.</strong></span> 
     </span>
    </p>
   </div>
   <div class='ocr_carea' id='block_1_50' title="bbox 334 2664 618 2720">
    <p class='ocr_par' dir='ltr' id='par_1_50' title="bbox 334 2664 618 2720">
     <span class='ocr_line' id='line_1_50' title="bbox 334 2664 618 2720; baseline 0.007 -2"><span class='ocrx_word' id='word_1_326' title='bbox 334 2664 618 2720; x_wconf 80' lang='grc' dir='ltr'><strong>ἀδικεῖται.</strong></span> 
     </span>
    </p>
   </div>
   <div class='ocr_carea' id='block_1_51' title="bbox 550 2765 1697 2848">
    <p class='ocr_par' dir='ltr' id='par_1_51' title="bbox 550 2765 1697 2848">
     <span class='ocr_line' id='line_1_51' title="bbox 550 2765 1697 2848; baseline 0.003 -22"><span class='ocrx_word' id='word_1_327' title='bbox 550 2773 713 2828; x_wconf 73' lang='grc' dir='ltr'>Υυεν.</span> <span class='ocrx_word' id='word_1_328' title='bbox 747 2805 812 2816; x_wconf 91' lang='grc'><strong>-</strong></span> <span class='ocrx_word' id='word_1_329' title='bbox 854 2773 1195 2846; x_wconf 71' lang='grc' dir='ltr'><strong>ΛΘΛΝΑΣῘῼ</strong></span> <span class='ocrx_word' id='word_1_330' title='bbox 1228 2765 1697 2848; x_wconf 61' lang='lat' dir='ltr'><strong>nummum.</strong></span> 
     </span>
    </p>
   </div>
   <div class='ocr_carea' id='block_1_52' title="bbox 2125 2754 3489 2832">
    <p class='ocr_par' dir='ltr' id='par_1_52' title="bbox 2125 2754 3489 2832">
     <span class='ocr_line' id='line_1_52' title="bbox 2125 2754 3489 2832; baseline 0.004 -8"><span class='ocrx_word' id='word_1_331' title='bbox 2125 2763 2431 2825; x_wconf 79' lang='lat' dir='ltr'><strong>coLxxv.</strong></span> <span class='ocrx_word' id='word_1_332' title='bbox 2461 2802 2529 2811; x_wconf 87' lang='lat'>—</span> <span class='ocrx_word' id='word_1_333' title='bbox 2557 2757 2954 2827; x_wconf 66' lang='lat' dir='ltr'><strong>ATnANAsu)</strong></span> <span class='ocrx_word' id='word_1_334' title='bbox 3003 2754 3489 2832; x_wconf 74' lang='lat' dir='ltr'><strong>PnEstreno.</strong></span> 
     </span>
    </p>
   </div>
   <div class='ocr_carea' id='block_1_53' title="bbox 1191 2872 2784 2958">
    <p class='ocr_par' dir='ltr' id='par_1_53' title="bbox 1191 2872 2784 2958">
     <span class='ocr_line' id='line_1_53' title="bbox 1191 2872 2784 2958; baseline -0.001 -18"><span class='ocrx_word' id='word_1_335' title='bbox 1191 2885 1391 2942; x_wconf 81' lang='lat' dir='ltr'><strong>Virtuti</strong></span> <span class='ocrx_word' id='word_1_336' title='bbox 1423 2872 1599 2958; x_wconf 82' lang='lat' dir='ltr'><strong>potius</strong></span> <span class='ocrx_word' id='word_1_337' title='bbox 1622 2904 1759 2943; x_wconf 78' lang='lat' dir='ltr'><strong>vera:</strong></span> <span class='ocrx_word' id='word_1_338' title='bbox 1788 2901 1945 2956; x_wconf 79' lang='lat' dir='ltr'><strong>quam</strong></span> <span class='ocrx_word' id='word_1_339' title='bbox 1974 2883 2206 2938; x_wconf 82' lang='lat' dir='ltr'><strong>orationi</strong></span> <span class='ocrx_word' id='word_1_340' title='bbox 2233 2882 2428 2950; x_wconf 68' lang='lat' dir='ltr'><strong>fucatae</strong></span> <span class='ocrx_word' id='word_1_341' title='bbox 2449 2884 2784 2939; x_wconf 80' lang='lat' dir='ltr'><strong>studendum.</strong></span> 
     </span>
    </p>
   </div>
   <div class='ocr_carea' id='block_1_54' title="bbox 409 2991 1963 3094">
    <p class='ocr_par' dir='ltr' id='par_1_54' title="bbox 409 2993 1963 3094">
     <span class='ocr_line' id='line_1_54' title="bbox 409 2993 1963 3094; baseline 0 -22"><span class='ocrx_word' id='word_1_342' title='bbox 409 3020 602 3090; x_wconf 79' lang='grc' dir='ltr'>Πρώην</span> <span class='ocrx_word' id='word_1_343' title='bbox 627 3022 726 3091; x_wconf 80' lang='grc' dir='ltr'><strong>μὲν</strong></span> <span class='ocrx_word' id='word_1_344' title='bbox 750 3021 952 3093; x_wconf 79' lang='grc' dir='ltr'>ἑτέρων</span> <span class='ocrx_word' id='word_1_345' title='bbox 974 3023 1196 3094; x_wconf 70' lang='grc' dir='ltr'>ἢκουον,</span> <span class='ocrx_word' id='word_1_346' title='bbox 1219 3020 1315 3074; x_wconf 76' lang='grc' dir='ltr'><strong>νῦν</strong></span> <span class='ocrx_word' id='word_1_347' title='bbox 1334 3021 1391 3075; x_wconf 85' lang='grc' dir='ltr'>δὲ</span> <span class='ocrx_word' id='word_1_348' title='bbox 1415 3019 1588 3090; x_wconf 78' lang='grc' dir='ltr'>ἔγνων</span> <span class='ocrx_word' id='word_1_349' title='bbox 1609 3020 1912 3073; x_wconf 82' lang='grc' dir='ltr'>δεινότατον</span> <span class='ocrx_word' id='word_1_350' title='bbox 1943 2993 1963 3052; x_wconf 82' lang='grc'><strong>(</strong></span> 
     </span>
    </p>
   </div>
   <div class='ocr_carea' id='block_1_55' title="bbox 2025 2991 3600 3094">
    <p class='ocr_par' dir='ltr' id='par_1_55' title="bbox 2088 3013 3600 3093">
     <span class='ocr_line' id='line_1_55' title="bbox 2088 3013 3600 3093; baseline 0.007 -25"><span class='ocrx_word' id='word_1_351' title='bbox 2088 3013 2272 3083; x_wconf 83' lang='lat' dir='ltr'><strong>Nuper</strong></span> <span class='ocrx_word' id='word_1_352' title='bbox 2299 3030 2365 3068; x_wconf 79' lang='lat' dir='ltr'><strong>ex</strong></span> <span class='ocrx_word' id='word_1_353' title='bbox 2395 3015 2502 3070; x_wconf 89' lang='lat' dir='ltr'><strong>alio</strong></span> <span class='ocrx_word' id='word_1_354' title='bbox 2531 3017 2733 3083; x_wconf 79' lang='lat' dir='ltr'><strong>audivi,</strong></span> <span class='ocrx_word' id='word_1_355' title='bbox 2767 3031 2910 3071; x_wconf 91' lang='lat' dir='ltr'><strong>nunc</strong></span> <span class='ocrx_word' id='word_1_356' title='bbox 2955 3017 3120 3072; x_wconf 91' lang='lat' dir='ltr'><strong>etiam</strong></span> <span class='ocrx_word' id='word_1_357' title='bbox 3157 3021 3408 3089; x_wconf 77' lang='lat' dir='ltr'><strong>cegnOvi,</strong></span> <span class='ocrx_word' id='word_1_358' title='bbox 3458 3021 3600 3093; x_wconf 89' lang='lat' dir='ltr'><strong>opti-</strong></span> 
     </span>
    </p>
   </div>
   <div class='ocr_carea' id='block_1_56' title="bbox 330 3109 1914 3184">
    <p class='ocr_par' dir='ltr' id='par_1_56' title="bbox 330 3109 1914 3184">
     <span class='ocr_line' id='line_1_56' title="bbox 330 3109 1914 3184; baseline -0.001 -21"><span class='ocrx_word' id='word_1_359' title='bbox 330 3109 461 3163; x_wconf 77' lang='grc' dir='ltr'>ὄντα</span> <span class='ocrx_word' id='word_1_360' title='bbox 491 3128 550 3163; x_wconf 88' lang='grc' dir='ltr'><strong>σε</strong></span> <span class='ocrx_word' id='word_1_361' title='bbox 587 3112 932 3184; x_wconf 79' lang='grc' dir='ltr'>ῥητορεύεινο</span> <span class='ocrx_word' id='word_1_362' title='bbox 969 3113 1026 3176; x_wconf 83' lang='grc' dir='ltr'>ὃς</span> <span class='ocrx_word' id='word_1_363' title='bbox 1074 3114 1167 3165; x_wconf 76' lang='grc' dir='ltr'><strong>ἐπὶ</strong></span> <span class='ocrx_word' id='word_1_364' title='bbox 1196 3111 1458 3182; x_wconf 79' lang='grc' dir='ltr'>πράξεσιν</span> <span class='ocrx_word' id='word_1_365' title='bbox 1499 3111 1643 3164; x_wconf 79' lang='grc' dir='ltr'>οὓτω</span> <span class='ocrx_word' id='word_1_366' title='bbox 1675 3110 1914 3181; x_wconf 85' lang='grc' dir='ltr'>παρανό-</span> 
     </span>
    </p>
   </div>
   <div class='ocr_carea' id='block_1_57' title="bbox 334 3201 1914 3276">
    <p class='ocr_par' dir='ltr' id='par_1_57' title="bbox 334 3201 1914 3276">
     <span class='ocr_line' id='line_1_57' title="bbox 334 3201 1914 3276; baseline -0.001 -21"><span class='ocrx_word' id='word_1_367' title='bbox 334 3220 458 3272; x_wconf 88' lang='grc' dir='ltr'><strong>μοις</strong></span> <span class='ocrx_word' id='word_1_368' title='bbox 490 3207 585 3255; x_wconf 80' lang='grc' dir='ltr'>καὶ</span> <span class='ocrx_word' id='word_1_369' title='bbox 617 3206 882 3274; x_wconf 81' lang='grc' dir='ltr'>πονηραῖς</span> <span class='ocrx_word' id='word_1_370' title='bbox 920 3203 1094 3271; x_wconf 86' lang='grc' dir='ltr'>λόγων</span> <span class='ocrx_word' id='word_1_371' title='bbox 1145 3203 1486 3276; x_wconf 82' lang='grc' dir='ltr'>εὐπρέπειαν</span> <span class='ocrx_word' id='word_1_372' title='bbox 1531 3203 1763 3272; x_wconf 75' lang='grc' dir='ltr'>ἐχόντων</span> <span class='ocrx_word' id='word_1_373' title='bbox 1815 3201 1914 3253; x_wconf 76' lang='grc' dir='ltr'>οὐκ</span> 
     </span>
    </p>
   </div>
   <div class='ocr_carea' id='block_1_58' title="bbox 328 3294 1911 3366">
    <p class='ocr_par' dir='ltr' id='par_1_58' title="bbox 328 3294 1911 3366">
     <span class='ocr_line' id='line_1_58' title="bbox 328 3294 1911 3366; baseline -0.001 -20"><span class='ocrx_word' id='word_1_374' title='bbox 328 3295 638 3366; x_wconf 77' lang='grc' dir='ltr'>ἡπόρησας.</span> <span class='ocrx_word' id='word_1_375' title='bbox 669 3295 809 3347; x_wconf 79' lang='grc' dir='ltr'>Ἀλλ’</span> <span class='ocrx_word' id='word_1_376' title='bbox 829 3295 924 3364; x_wconf 86' lang='grc' dir='ltr'><strong>οὐχ</strong></span> <span class='ocrx_word' id='word_1_377' title='bbox 947 3297 974 3347; x_wconf 88' lang='lat'><strong>6</strong></span> <span class='ocrx_word' id='word_1_378' title='bbox 992 3294 1155 3366; x_wconf 77' lang='grc' dir='ltr'>τέχνῃ</span> <span class='ocrx_word' id='word_1_379' title='bbox 1179 3295 1446 3366; x_wconf 81' lang='grc' dir='ltr'>τάληθοῦς</span> <span class='ocrx_word' id='word_1_380' title='bbox 1469 3295 1911 3365; x_wconf 77' lang='grc' dir='ltr'>περιγενόμενος,</span> 
     </span>
    </p>
   </div>
   <div class='ocr_carea' id='block_1_59' title="bbox 333 3384 1907 3458">
    <p class='ocr_par' dir='ltr' id='par_1_59' title="bbox 333 3384 1907 3458">
     <span class='ocr_line' id='line_1_59' title="bbox 333 3384 1907 3458; baseline 0.001 -21"><span class='ocrx_word' id='word_1_381' title='bbox 333 3387 574 3439; x_wconf 77' lang='grc' dir='ltr'>ἐπαίνων</span> <span class='ocrx_word' id='word_1_382' title='bbox 603 3386 774 3449; x_wconf 80' lang='grc' dir='ltr'>ἄξιος,</span> <span class='ocrx_word' id='word_1_383' title='bbox 815 3386 928 3438; x_wconf 79' lang='grc' dir='ltr'>ἀλλ’</span> <span class='ocrx_word' id='word_1_384' title='bbox 985 3388 1012 3438; x_wconf 89' lang='grc' dir='ltr'>ὁ</span> <span class='ocrx_word' id='word_1_385' title='bbox 1042 3388 1101 3439; x_wconf 74' lang='grc' dir='ltr'>το</span> <span class='ocrx_word' id='word_1_386' title='bbox 1130 3387 1331 3458; x_wconf 78' lang='grc' dir='ltr'>ἀληθὲς</span> <span class='ocrx_word' id='word_1_387' title='bbox 1381 3387 1624 3456; x_wconf 72' lang='grc' dir='ltr'>ἀτέχνως</span> <span class='ocrx_word' id='word_1_388' title='bbox 1665 3384 1907 3457; x_wconf 73' lang='grc' dir='ltr'><strong>φράζων;</strong></span> 
     </span>
    </p>
   </div>
   <div class='ocr_carea' id='block_1_60' title="bbox 348 3475 1905 3550">
    <p class='ocr_par' dir='ltr' id='par_1_60' title="bbox 348 3475 1905 3550">
     <span class='ocr_line' id='line_1_60' title="bbox 348 3475 1905 3550; baseline -0.001 -21"><span class='ocrx_word' id='word_1_389' title='bbox 348 3479 645 3548; x_wconf 77' lang='grc' dir='ltr'>Ἀφὲμενος</span> <span class='ocrx_word' id='word_1_390' title='bbox 665 3478 848 3530; x_wconf 82' lang='grc' dir='ltr'>τοίνυν</span> <span class='ocrx_word' id='word_1_391' title='bbox 875 3477 974 3549; x_wconf 77' lang='grc' dir='ltr'>τῆς</span> <span class='ocrx_word' id='word_1_392' title='bbox 1008 3476 1334 3550; x_wconf 68' lang='grc' dir='ltr'>δεινότητος,</span> <span class='ocrx_word' id='word_1_393' title='bbox 1358 3479 1482 3548; x_wconf 80' lang='grc' dir='ltr'>ἔχου</span> <span class='ocrx_word' id='word_1_394' title='bbox 1507 3478 1603 3548; x_wconf 77' lang='grc' dir='ltr'>τῆς</span> <span class='ocrx_word' id='word_1_395' title='bbox 1629 3475 1905 3547; x_wconf 78' lang='grc' dir='ltr'><strong>ἀληθείας,</strong></span> 
     </span>
    </p>
   </div>
   <div class='ocr_carea' id='block_1_61' title="bbox 335 3565 1903 3639">
    <p class='ocr_par' dir='ltr' id='par_1_61' title="bbox 335 3565 1903 3639">
     <span class='ocr_line' id='line_1_61' title="bbox 335 3565 1903 3639; baseline -0.002 -19"><span class='ocrx_word' id='word_1_396' title='bbox 335 3568 432 3620; x_wconf 59' lang='grc' dir='ltr'><strong>καὶ⁹</strong></span> <span class='ocrx_word' id='word_1_397' title='bbox 457 3569 550 3620; x_wconf 85' lang='grc' dir='ltr'>τὸν</span> <span class='ocrx_word' id='word_1_398' title='bbox 587 3567 700 3637; x_wconf 81' lang='grc' dir='ltr'>βίον</span> <span class='ocrx_word' id='word_1_399' title='bbox 746 3567 840 3620; x_wconf 84' lang='grc' dir='ltr'>τὸν</span> <span class='ocrx_word' id='word_1_400' title='bbox 885 3567 1081 3620; x_wconf 80' lang='grc' dir='ltr'>σαυτοῦ</span> <span class='ocrx_word' id='word_1_401' title='bbox 1132 3568 1267 3639; x_wconf 77' lang='grc' dir='ltr'>πρὸς</span> <span class='ocrx_word' id='word_1_402' title='bbox 1313 3567 1518 3638; x_wconf 85' lang='grc' dir='ltr'>ταύτην</span> <span class='ocrx_word' id='word_1_403' title='bbox 1553 3565 1768 3636; x_wconf 77' lang='grc' dir='ltr'>βλέπων</span> <span class='ocrx_word' id='word_1_404' title='bbox 1805 3565 1903 3636; x_wconf 74' lang='grc' dir='ltr'><strong>ῥύ-</strong></span> 
     </span>
    </p>
   </div>
   <div class='ocr_carea' id='block_1_62' title="bbox 334 3656 1912 3729">
    <p class='ocr_par' dir='ltr' id='par_1_62' title="bbox 334 3656 1912 3729">
     <span class='ocr_line' id='line_1_62' title="bbox 334 3656 1912 3729; baseline -0.001 -20"><span class='ocrx_word' id='word_1_405' title='bbox 334 3657 513 3728; x_wconf 81' lang='grc' dir='ltr'>θμιζε.</span> <span class='ocrx_word' id='word_1_406' title='bbox 535 3658 598 3710; x_wconf 78' lang='grc' dir='ltr'><strong>Εἰ</strong></span> <span class='ocrx_word' id='word_1_407' title='bbox 619 3657 726 3725; x_wconf 78' lang='grc' dir='ltr'><strong>γὰρ</strong></span> <span class='ocrx_word' id='word_1_408' title='bbox 752 3659 846 3710; x_wconf 74' lang='grc' dir='ltr'>καὶ</span> <span class='ocrx_word' id='word_1_409' title='bbox 889 3657 1210 3728; x_wconf 82' lang='grc' dir='ltr'>ἀνθρώπους</span> <span class='ocrx_word' id='word_1_410' title='bbox 1253 3656 1725 3729; x_wconf 78' lang='grc' dir='ltr'>παραλογίσασθαι</span> <span class='ocrx_word' id='word_1_411' title='bbox 1750 3657 1912 3726; x_wconf 84' lang='grc' dir='ltr'>δυνη-</span> 
     </span>
    </p>
   </div>
   <div class='ocr_carea' id='block_1_63' title="bbox 336 3747 1912 3820">
    <p class='ocr_par' dir='ltr' id='par_1_63' title="bbox 336 3747 1912 3820">
     <span class='ocr_line' id='line_1_63' title="bbox 336 3747 1912 3820; baseline 0.001 -20"><span class='ocrx_word' id='word_1_412' title='bbox 336 3747 511 3818; x_wconf 77' lang='grc' dir='ltr'>θείης,</span> <span class='ocrx_word' id='word_1_413' title='bbox 543 3749 592 3801; x_wconf 87' lang='grc' dir='ltr'><strong>εί</strong></span> <span class='ocrx_word' id='word_1_414' title='bbox 618 3749 711 3802; x_wconf 79' lang='grc' dir='ltr'>καὶ</span> <span class='ocrx_word' id='word_1_415' title='bbox 743 3750 824 3802; x_wconf 81' lang='grc' dir='ltr'>ὅτι</span> <span class='ocrx_word' id='word_1_416' title='bbox 860 3750 1092 3820; x_wconf 80' lang='grc' dir='ltr'>μάλιστα</span> <span class='ocrx_word' id='word_1_417' title='bbox 1115 3749 1171 3802; x_wconf 82' lang='grc' dir='ltr'>δὲ</span> <span class='ocrx_word' id='word_1_418' title='bbox 1203 3751 1333 3820; x_wconf 80' lang='grc' dir='ltr'>παρ’</span> <span class='ocrx_word' id='word_1_419' title='bbox 1370 3750 1556 3812; x_wconf 80' lang='grc' dir='ltr'>αὐτοῖς</span> <span class='ocrx_word' id='word_1_420' title='bbox 1599 3747 1912 3818; x_wconf 79' lang='grc' dir='ltr'>ἐφωράθης,</span> 
     </span>
    </p>
   </div>
   <div class='ocr_carea' id='block_1_64' title="bbox 337 3838 1760 3912">
    <p class='ocr_par' dir='ltr' id='par_1_64' title="bbox 337 3838 1760 3912">
     <span class='ocr_line' id='line_1_64' title="bbox 337 3838 1760 3912; baseline -0.001 -19"><span class='ocrx_word' id='word_1_421' title='bbox 337 3840 474 3893; x_wconf 65' lang='grc' dir='ltr'>ἀλλὰ</span> <span class='ocrx_word' id='word_1_422' title='bbox 505 3841 597 3894; x_wconf 70' lang='grc' dir='ltr'>τὸν</span> <span class='ocrx_word' id='word_1_423' title='bbox 627 3840 1063 3912; x_wconf 85' lang='grc' dir='ltr'>ἀπαραλόγιστον</span> <span class='ocrx_word' id='word_1_424' title='bbox 1089 3841 1150 3894; x_wconf 78' lang='grc' dir='ltr'>οὐ</span> <span class='ocrx_word' id='word_1_425' title='bbox 1192 3839 1505 3909; x_wconf 83' lang='grc' dir='ltr'>φενακίσεις</span> <span class='ocrx_word' id='word_1_426' title='bbox 1544 3838 1760 3909; x_wconf 84' lang='grc' dir='ltr'>κριτήν.</span> 
     </span>
    </p>
   </div>
   <div class='ocr_carea' id='block_1_65' title="bbox 407 4137 1836 4288">
    <p class='ocr_par' dir='ltr' id='par_1_65' title="bbox 407 4137 1836 4288">
     <span class='ocr_line' id='line_1_65' title="bbox 407 4137 1836 4288; baseline -0.002 -91"><span class='ocrx_word' id='word_1_427' title='bbox 407 4145 592 4213; x_wconf 68' lang='lat' dir='ltr'><strong>TOG&quot;.</strong></span> <span class='ocrx_word' id='word_1_428' title='bbox 615 4176 687 4186; x_wconf 86' lang='lat'><strong>-—</strong></span> <span class='ocrx_word' id='word_1_429' title='bbox 726 4141 1510 4288; x_wconf 45' lang='lat' dir='ltr'><strong>MANéQXlMQ,</strong></span> <span class='ocrx_word' id='word_1_430' title='bbox 1550 4137 1836 4208; x_wconf 79' lang='grc' dir='ltr'><strong>ΜΑΡΩΝΙ,</strong></span> 
     </span>
    </p>
   </div>
   <div class='ocr_carea' id='block_1_66' title="bbox 2016 3108 3599 3180">
    <p class='ocr_par' dir='ltr' id='par_1_66' title="bbox 2016 3108 3599 3180">
     <span class='ocr_line' id='line_1_66' title="bbox 2016 3108 3599 3180; baseline 0.005 -18"><span class='ocrx_word' id='word_1_431' title='bbox 2016 3123 2161 3162; x_wconf 89' lang='lat' dir='ltr'><strong>mmn</strong></span> <span class='ocrx_word' id='word_1_432' title='bbox 2188 3119 2239 3164; x_wconf 92' lang='lat' dir='ltr'><strong>te</strong></span> <span class='ocrx_word' id='word_1_433' title='bbox 2263 3108 2471 3162; x_wconf 83' lang='lat' dir='ltr'><strong>dicendi</strong></span> <span class='ocrx_word' id='word_1_434' title='bbox 2501 3123 2622 3163; x_wconf 88' lang='lat' dir='ltr'><strong>esse</strong></span> <span class='ocrx_word' id='word_1_435' title='bbox 2670 3108 2957 3176; x_wconf 73' lang='lat' dir='ltr'><strong>artiﬁcem,</strong></span> <span class='ocrx_word' id='word_1_436' title='bbox 3009 3110 3100 3180; x_wconf 91' lang='lat' dir='ltr'><strong>qui</strong></span> <span class='ocrx_word' id='word_1_437' title='bbox 3157 3111 3224 3166; x_wconf 80' lang='lat' dir='ltr'><strong>de</strong></span> <span class='ocrx_word' id='word_1_438' title='bbox 3255 3112 3414 3169; x_wconf 86' lang='lat' dir='ltr'><strong>rebus</strong></span> <span class='ocrx_word' id='word_1_439' title='bbox 3461 3114 3599 3170; x_wconf 87' lang='lat' dir='ltr'><strong>adeo</strong></span> 
     </span>
    </p>
   </div>
   <div class='ocr_carea' id='block_1_67' title="bbox 2016 3199 3598 3278">
    <p class='ocr_par' dir='ltr' id='par_1_67' title="bbox 2016 3199 3598 3278">
     <span class='ocr_line' id='line_1_67' title="bbox 2016 3199 3598 3278; baseline 0.006 -26"><span class='ocrx_word' id='word_1_440' title='bbox 2016 3199 2118 3270; x_wconf 73' lang='lat' dir='ltr'><strong>logi</strong></span> <span class='ocrx_word' id='word_1_441' title='bbox 2154 3200 2442 3253; x_wconf 81' lang='lat' dir='ltr'><strong>contrariis</strong></span> <span class='ocrx_word' id='word_1_442' title='bbox 2468 3207 2630 3269; x_wconf 84' lang='lat' dir='ltr'><strong>atque</strong></span> <span class='ocrx_word' id='word_1_443' title='bbox 2675 3201 2934 3269; x_wconf 86' lang='lat' dir='ltr'><strong>improbis</strong></span> <span class='ocrx_word' id='word_1_444' title='bbox 2984 3204 3148 3258; x_wconf 87' lang='lat' dir='ltr'><strong>verba</strong></span> <span class='ocrx_word' id='word_1_445' title='bbox 3199 3205 3598 3278; x_wconf 86' lang='lat' dir='ltr'><strong>dictionemque</strong></span> 
     </span>
    </p>
   </div>
   <div class='ocr_carea' id='block_1_68' title="bbox 2019 3285 3595 3368">
    <p class='ocr_par' dir='ltr' id='par_1_68' title="bbox 2019 3285 3595 3368">
     <span class='ocr_line' id='line_1_68' title="bbox 2019 3285 3595 3368; baseline 0.006 -23"><span class='ocrx_word' id='word_1_446' title='bbox 2019 3291 2094 3345; x_wconf 80' lang='lat' dir='ltr'><strong>ita</strong></span> <span class='ocrx_word' id='word_1_447' title='bbox 2126 3293 2518 3360; x_wconf 80' lang='lat' dir='ltr'><strong>composueris,</strong></span> <span class='ocrx_word' id='word_1_448' title='bbox 2577 3293 2708 3346; x_wconf 78' lang='lat' dir='ltr'><strong>nihil</strong></span> <span class='ocrx_word' id='word_1_449' title='bbox 2755 3304 2814 3347; x_wconf 90' lang='lat' dir='ltr'><strong>ut</strong></span> <span class='ocrx_word' id='word_1_450' title='bbox 2881 3285 3284 3350; x_wconf 78' lang='lat' dir='ltr'><strong>desideraretur</strong></span> <span class='ocrx_word' id='word_1_451' title='bbox 3340 3297 3595 3368; x_wconf 75' lang='lat' dir='ltr'><strong>amplius.</strong></span> 
     </span>
    </p>
   </div>
   <div class='ocr_carea' id='block_1_69' title="bbox 2020 3382 3596 3456">
    <p class='ocr_par' dir='ltr' id='par_1_69' title="bbox 2020 3382 3596 3456">
     <span class='ocr_line' id='line_1_69' title="bbox 2020 3382 3596 3456; baseline 0.004 -19"><span class='ocrx_word' id='word_1_452' title='bbox 2020 3382 2128 3438; x_wconf 91' lang='lat' dir='ltr'><strong>Sed</strong></span> <span class='ocrx_word' id='word_1_453' title='bbox 2172 3397 2344 3452; x_wconf 87' lang='lat' dir='ltr'><strong>neque</strong></span> <span class='ocrx_word' id='word_1_454' title='bbox 2385 3386 2475 3453; x_wconf 87' lang='lat' dir='ltr'><strong>qui</strong></span> <span class='ocrx_word' id='word_1_455' title='bbox 2521 3384 2806 3439; x_wconf 81' lang='lat' dir='ltr'><strong>veritatem</strong></span> <span class='ocrx_word' id='word_1_456' title='bbox 2870 3396 2989 3441; x_wconf 80' lang='lat' dir='ltr'><strong>arte</strong></span> <span class='ocrx_word' id='word_1_457' title='bbox 3033 3393 3255 3456; x_wconf 80' lang='lat' dir='ltr'><strong>superat</strong></span> <span class='ocrx_word' id='word_1_458' title='bbox 3308 3388 3468 3442; x_wconf 87' lang='lat' dir='ltr'><strong>laude</strong></span> <span class='ocrx_word' id='word_1_459' title='bbox 3539 3391 3596 3444; x_wconf 87' lang='lat' dir='ltr'><strong>lit</strong></span> 
     </span>
    </p>
   </div>
   <div class='ocr_carea' id='block_1_70' title="bbox 2027 3477 3596 3550">
    <p class='ocr_par' dir='ltr' id='par_1_70' title="bbox 2027 3477 3596 3550">
     <span class='ocr_line' id='line_1_70' title="bbox 2027 3477 3596 3550; baseline 0.004 -20"><span class='ocrx_word' id='word_1_460' title='bbox 2027 3477 2244 3546; x_wconf 78' lang='lat' dir='ltr'><strong>dignus,</strong></span> <span class='ocrx_word' id='word_1_461' title='bbox 2279 3477 2372 3530; x_wconf 86' lang='lat' dir='ltr'><strong>sed</strong></span> <span class='ocrx_word' id='word_1_462' title='bbox 2397 3478 2486 3546; x_wconf 84' lang='lat' dir='ltr'><strong>qui</strong></span> <span class='ocrx_word' id='word_1_463' title='bbox 2517 3489 2637 3530; x_wconf 85' lang='lat' dir='ltr'><strong>eam</strong></span> <span class='ocrx_word' id='word_1_464' title='bbox 2680 3477 2798 3531; x_wconf 81' lang='lat' dir='ltr'><strong>sine</strong></span> <span class='ocrx_word' id='word_1_465' title='bbox 2845 3477 2970 3532; x_wconf 82' lang='lat' dir='ltr'><strong>fuco</strong></span> <span class='ocrx_word' id='word_1_466' title='bbox 3024 3485 3080 3534; x_wconf 90' lang='lat' dir='ltr'><strong>et</strong></span> <span class='ocrx_word' id='word_1_467' title='bbox 3121 3485 3239 3534; x_wconf 86' lang='lat' dir='ltr'><strong>arte</strong></span> <span class='ocrx_word' id='word_1_468' title='bbox 3301 3480 3596 3550; x_wconf 81' lang='lat' dir='ltr'><strong>eloquitur.</strong></span> 
     </span>
    </p>
   </div>
   <div class='ocr_carea' id='block_1_71' title="bbox 2019 3565 3598 3643">
    <p class='ocr_par' dir='ltr' id='par_1_71' title="bbox 2019 3565 3598 3643">
     <span class='ocr_line' id='line_1_71' title="bbox 2019 3565 3598 3643; baseline 0.006 -25"><span class='ocrx_word' id='word_1_469' title='bbox 2019 3565 2383 3633; x_wconf 81' lang='lat' dir='ltr'><strong>Quamobrem</strong></span> <span class='ocrx_word' id='word_1_470' title='bbox 2425 3568 2588 3622; x_wconf 86' lang='lat' dir='ltr'><strong>missa</strong></span> <span class='ocrx_word' id='word_1_471' title='bbox 2625 3568 2848 3623; x_wconf 83' lang='lat' dir='ltr'><strong>dicendi</strong></span> <span class='ocrx_word' id='word_1_472' title='bbox 2891 3569 2980 3624; x_wconf 87' lang='lat' dir='ltr'><strong>illa</strong></span> <span class='ocrx_word' id='word_1_473' title='bbox 3035 3571 3326 3640; x_wconf 75' lang='lat' dir='ltr'><strong>gravitate,</strong></span> <span class='ocrx_word' id='word_1_474' title='bbox 3362 3573 3426 3626; x_wconf 88' lang='lat' dir='ltr'><strong>da</strong></span> <span class='ocrx_word' id='word_1_475' title='bbox 3468 3589 3598 3643; x_wconf 85' lang='lat' dir='ltr'><strong>ope-</strong></span> 
     </span>
    </p>
   </div>
   <div class='ocr_carea' id='block_1_72' title="bbox 2014 3663 3590 3740">
    <p class='ocr_par' dir='ltr' id='par_1_72' title="bbox 2014 3663 3590 3740">
     <span class='ocr_line' id='line_1_72' title="bbox 2014 3663 3590 3740; baseline 0.008 -26"><span class='ocrx_word' id='word_1_476' title='bbox 2014 3676 2127 3715; x_wconf 90' lang='lat' dir='ltr'><strong>ram</strong></span> <span class='ocrx_word' id='word_1_477' title='bbox 2162 3663 2401 3727; x_wconf 82' lang='lat' dir='ltr'><strong>veritati,</strong></span> <span class='ocrx_word' id='word_1_478' title='bbox 2437 3664 2502 3716; x_wconf 85' lang='lat' dir='ltr'><strong>ad</strong></span> <span class='ocrx_word' id='word_1_479' title='bbox 2531 3663 2761 3733; x_wconf 82' lang='lat' dir='ltr'><strong>eamque</strong></span> <span class='ocrx_word' id='word_1_480' title='bbox 2810 3663 3107 3736; x_wconf 82' lang='lat' dir='ltr'><strong>respiciens</strong></span> <span class='ocrx_word' id='word_1_481' title='bbox 3150 3679 3294 3723; x_wconf 88' lang='lat' dir='ltr'><strong>tuam</strong></span> <span class='ocrx_word' id='word_1_482' title='bbox 3324 3679 3590 3740; x_wconf 78' lang='lat' dir='ltr'><strong>Compone</strong></span> 
     </span>
    </p>
   </div>
   <div class='ocr_carea' id='block_1_73' title="bbox 2010 3753 3597 3829">
    <p class='ocr_par' dir='ltr' id='par_1_73' title="bbox 2010 3753 3597 3829">
     <span class='ocr_line' id='line_1_73' title="bbox 2010 3753 3597 3829; baseline 0.006 -22"><span class='ocrx_word' id='word_1_483' title='bbox 2010 3753 2203 3807; x_wconf 88' lang='lat' dir='ltr'><strong>vitam.</strong></span> <span class='ocrx_word' id='word_1_484' title='bbox 2227 3753 2338 3807; x_wconf 84' lang='lat' dir='ltr'><strong>Etsi</strong></span> <span class='ocrx_word' id='word_1_485' title='bbox 2360 3754 2501 3807; x_wconf 83' lang='lat' dir='ltr'><strong>enim</strong></span> <span class='ocrx_word' id='word_1_486' title='bbox 2533 3754 2759 3810; x_wconf 79' lang='lat' dir='ltr'><strong>dicendo</strong></span> <span class='ocrx_word' id='word_1_487' title='bbox 2792 3757 3189 3813; x_wconf 87' lang='lat' dir='ltr'><strong>circumvenire</strong></span> <span class='ocrx_word' id='word_1_488' title='bbox 3235 3770 3390 3829; x_wconf 79' lang='lat' dir='ltr'><strong>putes</strong></span> <span class='ocrx_word' id='word_1_489' title='bbox 3422 3763 3597 3816; x_wconf 86' lang='lat' dir='ltr'><strong>homi-</strong></span> 
     </span>
    </p>
   </div>
   <div class='ocr_carea' id='block_1_74' title="bbox 2013 3839 3594 3916">
    <p class='ocr_par' dir='ltr' id='par_1_74' title="bbox 2013 3839 3594 3916">
     <span class='ocr_line' id='line_1_74' title="bbox 2013 3839 3594 3916; baseline 0.005 -18"><span class='ocrx_word' id='word_1_490' title='bbox 2013 3859 2129 3908; x_wconf 85' lang='lat' dir='ltr'><strong>nes,</strong></span> <span class='ocrx_word' id='word_1_491' title='bbox 2175 3846 2424 3913; x_wconf 84' lang='lat' dir='ltr'><strong>quamvis</strong></span> <span class='ocrx_word' id='word_1_492' title='bbox 2478 3846 2545 3898; x_wconf 86' lang='lat' dir='ltr'><strong>ab</strong></span> <span class='ocrx_word' id='word_1_493' title='bbox 2594 3839 2697 3900; x_wconf 84' lang='lat' dir='ltr'><strong>illis</strong></span> <span class='ocrx_word' id='word_1_494' title='bbox 2763 3847 3158 3916; x_wconf 76' lang='lat' dir='ltr'><strong>deprehensus,</strong></span> <span class='ocrx_word' id='word_1_495' title='bbox 3220 3864 3344 3904; x_wconf 89' lang='lat' dir='ltr'><strong>eum</strong></span> <span class='ocrx_word' id='word_1_496' title='bbox 3412 3862 3594 3906; x_wconf 81' lang='lat' dir='ltr'><strong>tamen</strong></span> 
     </span>
    </p>
   </div>
   <div class='ocr_carea' id='block_1_75' title="bbox 2014 3933 3596 4014">
    <p class='ocr_par' dir='ltr' id='par_1_75' title="bbox 2014 3933 3596 4014">
     <span class='ocr_line' id='line_1_75' title="bbox 2014 3933 3596 4014; baseline 0.006 -25"><span class='ocrx_word' id='word_1_497' title='bbox 2014 3950 2175 4005; x_wconf 86' lang='lat' dir='ltr'><strong>quem</strong></span> <span class='ocrx_word' id='word_1_498' title='bbox 2205 3939 2344 3990; x_wconf 87' lang='lat' dir='ltr'><strong>ratio</strong></span> <span class='ocrx_word' id='word_1_499' title='bbox 2376 3943 2651 4007; x_wconf 83' lang='lat' dir='ltr'><strong>nunquam</strong></span> <span class='ocrx_word' id='word_1_500' title='bbox 2679 3939 2833 4008; x_wconf 81' lang='lat' dir='ltr'><strong>fugit,</strong></span> <span class='ocrx_word' id='word_1_501' title='bbox 2852 3939 3088 4008; x_wconf 88' lang='lat' dir='ltr'><strong>judiccm</strong></span> <span class='ocrx_word' id='word_1_502' title='bbox 3115 3933 3302 3998; x_wconf 78' lang='lat' dir='ltr'><strong>fallere</strong></span> <span class='ocrx_word' id='word_1_503' title='bbox 3321 3947 3596 4014; x_wconf 81' lang='lat' dir='ltr'><strong>nunquam</strong></span> 
     </span>
    </p>
   </div>
   <div class='ocr_carea' id='block_1_76' title="bbox 2018 4029 2214 4100">
    <p class='ocr_par' dir='ltr' id='par_1_76' title="bbox 2018 4029 2214 4100">
     <span class='ocr_line' id='line_1_76' title="bbox 2018 4029 2214 4100; baseline 0.015 -19"><span class='ocrx_word' id='word_1_504' title='bbox 2018 4029 2214 4100; x_wconf 65' lang='lat' dir='ltr'><strong>po&#39;ssis.</strong></span> 
     </span>
    </p>
   </div>
   <div class='ocr_carea' id='block_1_77' title="bbox 2054 4138 3539 4215">
    <p class='ocr_par' dir='ltr' id='par_1_77' title="bbox 2054 4138 3539 4215">
     <span class='ocr_line' id='line_1_77' title="bbox 2054 4138 3539 4215; baseline 0.009 -21"><span class='ocrx_word' id='word_1_505' title='bbox 2054 4138 2385 4201; x_wconf 77' lang='lat' dir='ltr'><strong>coLxxw.</strong></span> <span class='ocrx_word' id='word_1_506' title='bbox 2438 4141 3016 4215; x_wconf 22' lang='grc' dir='ltr'><strong>ἰ,ιιιιιῐιτιικιιιιλία</strong></span> <span class='ocrx_word' id='word_1_507' title='bbox 3087 4145 3361 4215; x_wconf 83' lang='lat' dir='ltr'><strong>zosmo,</strong></span> <span class='ocrx_word' id='word_1_508' title='bbox 3413 4149 3539 4207; x_wconf 58' lang='lat' dir='ltr'><strong>tta.</strong></span> 
     </span>
    </p>
   </div>
   <div class='ocr_carea' id='block_1_78' title="bbox 2436 4186 3160 4272">
    <p class='ocr_par' dir='ltr' id='par_1_78' title="bbox 2436 4186 3160 4272">
     <span class='ocr_line' id='line_1_78' title="bbox 2436 4186 3160 4272; baseline 0.01 -7"><span class='ocrx_word' id='word_1_509' title='bbox 2436 4186 3160 4272; x_wconf 54' lang='grc' dir='ltr'><strong>ιιιικῖῗϊδὲῦἓϊὶῦίιιιὸἷ</strong></span> 
     </span>
    </p>
   </div>
   <div class='ocr_carea' id='block_1_79' title="bbox 1075 4325 2852 4403">
    <p class='ocr_par' dir='ltr' id='par_1_79' title="bbox 1075 4325 2852 4403">
     <span class='ocr_line' id='line_1_79' title="bbox 1075 4325 2852 4403; baseline 0.003 -21"><span class='ocrx_word' id='word_1_510' title='bbox 1075 4332 1156 4383; x_wconf 80' lang='lat' dir='ltr'><strong>Ad</strong></span> <span class='ocrx_word' id='word_1_511' title='bbox 1183 4331 1371 4385; x_wconf 82' lang='lat' dir='ltr'><strong>bonum</strong></span> <span class='ocrx_word' id='word_1_512' title='bbox 1417 4331 1622 4403; x_wconf 82' lang='lat' dir='ltr'><strong>frugem</strong></span> <span class='ocrx_word' id='word_1_513' title='bbox 1654 4347 1747 4385; x_wconf 78' lang='lat' dir='ltr'><strong>eos</strong></span> <span class='ocrx_word' id='word_1_514' title='bbox 1767 4328 1973 4390; x_wconf 75' lang='lat' dir='ltr'><strong>invitat,</strong></span> <span class='ocrx_word' id='word_1_515' title='bbox 2014 4337 2068 4380; x_wconf 88' lang='lat' dir='ltr'><strong>ut</strong></span> <span class='ocrx_word' id='word_1_516' title='bbox 2116 4337 2162 4381; x_wconf 86' lang='lat' dir='ltr'><strong>et</strong></span> <span class='ocrx_word' id='word_1_517' title='bbox 2193 4343 2338 4396; x_wconf 80' lang='lat' dir='ltr'><strong>supr.</strong></span> <span class='ocrx_word' id='word_1_518' title='bbox 2369 4329 2526 4394; x_wconf 82' lang='lat' dir='ltr'><strong>epist.</strong></span> <span class='ocrx_word' id='word_1_519' title='bbox 2557 4325 2684 4397; x_wconf 75' lang='lat' dir='ltr'><strong>5H,</strong></span> <span class='ocrx_word' id='word_1_520' title='bbox 2725 4331 2852 4386; x_wconf 69' lang='grc'><strong>445.</strong></span> 
     </span>
    </p>
   </div>
   <div class='ocr_carea' id='block_1_80' title="bbox 419 4437 1963 4516">
    <p class='ocr_par' dir='ltr' id='par_1_80' title="bbox 419 4437 1963 4516">
     <span class='ocr_line' id='line_1_80' title="bbox 419 4437 1963 4516; baseline -0.002 -19"><span class='ocrx_word' id='word_1_521' title='bbox 419 4443 698 4512; x_wconf 79' lang='grc' dir='ltr'>Ἑνὲτυχον</span> <span class='ocrx_word' id='word_1_522' title='bbox 728 4444 867 4515; x_wconf 84' lang='grc' dir='ltr'>ἁγίῳ</span> <span class='ocrx_word' id='word_1_523' title='bbox 898 4444 1072 4516; x_wconf 73' lang='grc' dir='ltr'>ἀνδρὶ,</span> <span class='ocrx_word' id='word_1_524' title='bbox 1106 4437 1151 4512; x_wconf 83' lang='grc' dir='ltr'>ᾧ</span> <span class='ocrx_word' id='word_1_525' title='bbox 1180 4443 1339 4514; x_wconf 76' lang='grc' dir='ltr'>ἔργον</span> <span class='ocrx_word' id='word_1_526' title='bbox 1386 4443 1503 4497; x_wconf 74' lang='grc' dir='ltr'>ἐστὶ</span> <span class='ocrx_word' id='word_1_527' title='bbox 1543 4443 1603 4497; x_wconf 78' lang='grc' dir='ltr'><strong>τὸ</strong></span> <span class='ocrx_word' id='word_1_528' title='bbox 1635 4443 1776 4515; x_wconf 81' lang='grc' dir='ltr'>ὑπὲρ</span> <span class='ocrx_word' id='word_1_529' title='bbox 1799 4442 1912 4496; x_wconf 81' lang='grc' dir='ltr'>τῶν</span> <span class='ocrx_word' id='word_1_530' title='bbox 1944 4439 1963 4493; x_wconf 84' lang='grc'><strong>1</strong></span> 
     </span>
    </p>
   </div>
   <div class='ocr_carea' id='block_1_81' title="bbox 2025 4437 3594 4516">
    <p class='ocr_par' dir='ltr' id='par_1_81' title="bbox 2086 4437 3594 4515">
     <span class='ocr_line' id='line_1_81' title="bbox 2086 4437 3594 4515; baseline 0.009 -22"><span class='ocrx_word' id='word_1_531' title='bbox 2086 4437 2311 4494; x_wconf 87' lang='lat' dir='ltr'><strong>Occurri</strong></span> <span class='ocrx_word' id='word_1_532' title='bbox 2351 4455 2521 4510; x_wconf 90' lang='lat' dir='ltr'><strong>nuper</strong></span> <span class='ocrx_word' id='word_1_533' title='bbox 2579 4443 2699 4498; x_wconf 91' lang='lat' dir='ltr'><strong>viro</strong></span> <span class='ocrx_word' id='word_1_534' title='bbox 2743 4456 2952 4510; x_wconf 89' lang='lat' dir='ltr'><strong>sancto,</strong></span> <span class='ocrx_word' id='word_1_535' title='bbox 3012 4447 3167 4515; x_wconf 83' lang='lat' dir='ltr'><strong>cujus</strong></span> <span class='ocrx_word' id='word_1_536' title='bbox 3233 4448 3474 4505; x_wconf 75' lang='lat' dir='ltr'><strong>cilicium</strong></span> <span class='ocrx_word' id='word_1_537' title='bbox 3517 4451 3594 4507; x_wconf 76' lang='lat' dir='ltr'><strong>sit</strong></span> 
     </span>
    </p>
   </div>
   <div class='ocr_carea' id='block_1_82' title="bbox 342 4533 1912 4606">
    <p class='ocr_par' dir='ltr' id='par_1_82' title="bbox 342 4533 1912 4606">
     <span class='ocr_line' id='line_1_82' title="bbox 342 4533 1912 4606; baseline 0.001 -20"><span class='ocrx_word' id='word_1_538' title='bbox 342 4536 648 4587; x_wconf 75' lang='grc' dir='ltr'>πταιόντων</span> <span class='ocrx_word' id='word_1_539' title='bbox 678 4535 942 4588; x_wconf 82' lang='grc' dir='ltr'>ἱκετεύειν</span> <span class='ocrx_word' id='word_1_540' title='bbox 982 4537 1044 4587; x_wconf 87' lang='grc' dir='ltr'><strong>τὸ</strong></span> <span class='ocrx_word' id='word_1_541' title='bbox 1077 4535 1230 4588; x_wconf 82' lang='grc' dir='ltr'>Θεῖον</span> <span class='ocrx_word' id='word_1_542' title='bbox 1259 4535 1398 4606; x_wconf 83' lang='grc' dir='ltr'>(ἴστε</span> <span class='ocrx_word' id='word_1_543' title='bbox 1423 4533 1479 4587; x_wconf 85' lang='grc' dir='ltr'>δὲ</span> <span class='ocrx_word' id='word_1_544' title='bbox 1508 4535 1565 4587; x_wconf 86' lang='grc' dir='ltr'><strong>ὃν</strong></span> <span class='ocrx_word' id='word_1_545' title='bbox 1590 4535 1780 4606; x_wconf 79' lang='grc' dir='ltr'>λέγω),</span> <span class='ocrx_word' id='word_1_546' title='bbox 1815 4536 1912 4588; x_wconf 74' lang='grc' dir='ltr'>καὶ</span> 
     </span>
    </p>
   </div>
   <div class='ocr_carea' id='block_1_83' title="bbox 336 4621 1912 4696">
    <p class='ocr_par' dir='ltr' id='par_1_83' title="bbox 336 4621 1912 4696">
     <span class='ocr_line' id='line_1_83' title="bbox 336 4621 1912 4696; baseline 0.001 -19"><span class='ocrx_word' id='word_1_547' title='bbox 336 4621 481 4678; x_wconf 83' lang='grc' dir='ltr'>εἶδον</span> <span class='ocrx_word' id='word_1_548' title='bbox 514 4625 770 4678; x_wconf 84' lang='grc' dir='ltr'>ὑπόθεσιν</span> <span class='ocrx_word' id='word_1_549' title='bbox 805 4625 954 4695; x_wconf 83' lang='grc' dir='ltr'>αὐτῷ</span> <span class='ocrx_word' id='word_1_550' title='bbox 984 4625 1234 4696; x_wconf 87' lang='grc' dir='ltr'>δακρύων</span> <span class='ocrx_word' id='word_1_551' title='bbox 1275 4625 1486 4678; x_wconf 81' lang='grc' dir='ltr'>ἀενάων</span> <span class='ocrx_word' id='word_1_552' title='bbox 1516 4626 1607 4678; x_wconf 84' lang='grc' dir='ltr'>τὸν</span> <span class='ocrx_word' id='word_1_553' title='bbox 1645 4625 1912 4696; x_wconf 80' lang='grc' dir='ltr'>ὑμέτερον</span> 
     </span>
    </p>
   </div>
   <div class='ocr_carea' id='block_1_84' title="bbox 337 4717 1913 4788">
    <p class='ocr_par' dir='ltr' id='par_1_84' title="bbox 337 4717 1913 4788">
     <span class='ocr_line' id='line_1_84' title="bbox 337 4717 1913 4788; baseline 0.001 -18"><span class='ocrx_word' id='word_1_554' title='bbox 337 4718 664 4788; x_wconf 79' lang='grc' dir='ltr'>γεγενῆσθαι</span> <span class='ocrx_word' id='word_1_555' title='bbox 695 4717 828 4787; x_wconf 82' lang='grc' dir='ltr'>βίον.</span> <span class='ocrx_word' id='word_1_556' title='bbox 875 4718 1276 4787; x_wconf 74' lang='grc' dir='ltr'>Αίσχυνόμενος</span> <span class='ocrx_word' id='word_1_557' title='bbox 1309 4717 1417 4788; x_wconf 82' lang='grc' dir='ltr'>γὰρ</span> <span class='ocrx_word' id='word_1_558' title='bbox 1447 4717 1552 4785; x_wconf 68' lang='grc' dir='ltr'>ζὲπὶ</span> <span class='ocrx_word' id='word_1_559' title='bbox 1595 4719 1710 4779; x_wconf 88' lang='grc' dir='ltr'>τοῖς</span> <span class='ocrx_word' id='word_1_560' title='bbox 1761 4718 1913 4788; x_wconf 77' lang='grc' dir='ltr'>παρὰ</span> 
     </span>
    </p>
   </div>
   <div class='ocr_carea' id='block_1_85' title="bbox 339 4804 1914 4877">
    <p class='ocr_par' dir='ltr' id='par_1_85' title="bbox 339 4804 1914 4877">
     <span class='ocr_line' id='line_1_85' title="bbox 339 4804 1914 4877; baseline 0 -17"><span class='ocrx_word' id='word_1_561' title='bbox 339 4807 558 4860; x_wconf 74' lang='grc' dir='ltr'>πάντων</span> <span class='ocrx_word' id='word_1_562' title='bbox 590 4809 718 4876; x_wconf 75' lang='grc' dir='ltr'>περὶ</span> <span class='ocrx_word' id='word_1_563' title='bbox 753 4804 912 4876; x_wconf 82' lang='grc' dir='ltr'><strong>ὑμῶν</strong></span> <span class='ocrx_word' id='word_1_564' title='bbox 955 4806 1431 4877; x_wconf 77' lang='grc' dir='ltr'>κωμῳδουμένοις,</span> <span class='ocrx_word' id='word_1_565' title='bbox 1480 4807 1635 4875; x_wconf 80' lang='grc' dir='ltr'>ἔλεγε</span> <span class='ocrx_word' id='word_1_566' title='bbox 1663 4810 1775 4870; x_wconf 86' lang='grc' dir='ltr'>τοῖς</span> <span class='ocrx_word' id='word_1_567' title='bbox 1805 4825 1914 4860; x_wconf 88' lang='grc' dir='ltr'>πα-</span> 
     </span>
    </p>
   </div>
   <div class='ocr_carea' id='block_1_86' title="bbox 341 4897 1915 4970">
    <p class='ocr_par' dir='ltr' id='par_1_86' title="bbox 341 4897 1915 4970">
     <span class='ocr_line' id='line_1_86' title="bbox 341 4897 1915 4970; baseline 0.001 -19"><span class='ocrx_word' id='word_1_568' title='bbox 341 4899 602 4969; x_wconf 84' lang='grc' dir='ltr'>ρακαλεῖν</span> <span class='ocrx_word' id='word_1_569' title='bbox 656 4897 1057 4969; x_wconf 85' lang='grc' dir='ltr'>πειρωμένοις·</span> <span class='ocrx_word' id='word_1_570' title='bbox 1099 4916 1118 4948; x_wconf 74' lang='grc' dir='ltr'><strong>ι</strong></span> <span class='ocrx_word' id='word_1_571' title='bbox 1172 4899 1398 4966; x_wconf 74' lang='grc' dir='ltr'>Ἄφετε,</span> <span class='ocrx_word' id='word_1_572' title='bbox 1439 4900 1653 4970; x_wconf 80' lang='grc' dir='ltr'>πικρῶς</span> <span class='ocrx_word' id='word_1_573' title='bbox 1683 4899 1915 4953; x_wconf 83' lang='grc' dir='ltr'>κλαύσο-</span> 
     </span>
    </p>
   </div>
   <div class='ocr_carea' id='block_1_87' title="bbox 343 4986 1917 5063">
    <p class='ocr_par' dir='ltr' id='par_1_87' title="bbox 343 4986 1917 5063">
     <span class='ocr_line' id='line_1_87' title="bbox 343 4986 1917 5063; baseline -0.001 -19"><span class='ocrx_word' id='word_1_574' title='bbox 343 5009 464 5063; x_wconf 84' lang='grc' dir='ltr'>μαι,</span> <span class='ocrx_word' id='word_1_575' title='bbox 504 4990 578 5062; x_wconf 77' lang='grc' dir='ltr'><strong>μὴ</strong></span> <span class='ocrx_word' id='word_1_576' title='bbox 609 4990 931 5061; x_wconf 80' lang='grc' dir='ltr'>κατισχύετε</span> <span class='ocrx_word' id='word_1_577' title='bbox 962 4988 1302 5060; x_wconf 84' lang='grc' dir='ltr'>παρακαλεῖν</span> <span class='ocrx_word' id='word_1_578' title='bbox 1353 5007 1444 5061; x_wconf 83' lang='grc' dir='ltr'><strong>με.</strong></span> <span class='ocrx_word' id='word_1_579' title='bbox 1480 5009 1501 5041; x_wconf 71' lang='grc' dir='ltr'><strong>ι</strong></span> <span class='ocrx_word' id='word_1_580' title='bbox 1533 4986 1667 5044; x_wconf 81' lang='grc' dir='ltr'><strong>Εἶτα</strong></span> <span class='ocrx_word' id='word_1_581' title='bbox 1697 4990 1773 5054; x_wconf 84' lang='grc' dir='ltr'>ὡς</span> <span class='ocrx_word' id='word_1_582' title='bbox 1821 4992 1917 5044; x_wconf 80' lang='grc' dir='ltr'><strong>ἁν-</strong></span> 
     </span>
    </p>
   </div>
   <div class='ocr_carea' id='block_1_88' title="bbox 337 5076 1918 5153">
    <p class='ocr_par' dir='ltr' id='par_1_88' title="bbox 337 5076 1918 5153">
     <span class='ocr_line' id='line_1_88' title="bbox 337 5076 1918 5153; baseline 0.001 -18"><span class='ocrx_word' id='word_1_583' title='bbox 337 5083 556 5135; x_wconf 84' lang='grc' dir='ltr'>ένευσεν</span> <span class='ocrx_word' id='word_1_584' title='bbox 583 5083 762 5150; x_wconf 79' lang='grc' dir='ltr'>ὀλίγον</span> <span class='ocrx_word' id='word_1_585' title='bbox 785 5083 847 5135; x_wconf 79' lang='grc' dir='ltr'>ἐκ</span> <span class='ocrx_word' id='word_1_586' title='bbox 874 5082 985 5135; x_wconf 84' lang='grc' dir='ltr'><strong>τῶν</strong></span> <span class='ocrx_word' id='word_1_587' title='bbox 1001 5082 1231 5153; x_wconf 89' lang='grc' dir='ltr'>θρήνων,</span> <span class='ocrx_word' id='word_1_588' title='bbox 1258 5082 1359 5136; x_wconf 83' lang='grc' dir='ltr'><strong>οὐκ</strong></span> <span class='ocrx_word' id='word_1_589' title='bbox 1391 5076 1486 5136; x_wconf 81' lang='grc' dir='ltr'><strong>οἶδ’</strong></span> <span class='ocrx_word' id='word_1_590' title='bbox 1517 5082 1546 5136; x_wconf 84' lang='grc' dir='ltr'>ὃ</span> <span class='ocrx_word' id='word_1_591' title='bbox 1575 5101 1628 5136; x_wconf 88' lang='grc' dir='ltr'>τι</span> <span class='ocrx_word' id='word_1_592' title='bbox 1655 5083 1918 5153; x_wconf 82' lang='grc' dir='ltr'>ἐννοήσας</span> 
     </span>
    </p>
   </div>
   <div class='ocr_carea' id='block_1_89' title="bbox 341 5173 1918 5247">
    <p class='ocr_par' dir='ltr' id='par_1_89' title="bbox 341 5173 1918 5247">
     <span class='ocr_line' id='line_1_89' title="bbox 341 5173 1918 5247; baseline 0.001 -21"><span class='ocrx_word' id='word_1_593' title='bbox 341 5174 424 5245; x_wconf 84' lang='grc' dir='ltr'><strong>(οὐ</strong></span> <span class='ocrx_word' id='word_1_594' title='bbox 468 5173 576 5244; x_wconf 80' lang='grc' dir='ltr'>γὰρ</span> <span class='ocrx_word' id='word_1_595' title='bbox 629 5174 870 5242; x_wconf 80' lang='grc' dir='ltr'>ἀσφαλὲς</span> <span class='ocrx_word' id='word_1_596' title='bbox 907 5174 1017 5227; x_wconf 87' lang='grc' dir='ltr'>τῶν</span> <span class='ocrx_word' id='word_1_597' title='bbox 1065 5175 1276 5245; x_wconf 66' lang='grc' dir='ltr'>ἀδήλων</span> <span class='ocrx_word' id='word_1_598' title='bbox 1309 5174 1699 5246; x_wconf 82' lang='grc' dir='ltr'>κατατολμᾷν),</span> <span class='ocrx_word' id='word_1_599' title='bbox 1731 5175 1918 5247; x_wconf 83' lang='grc' dir='ltr'>ὥσπερ</span> 
     </span>
    </p>
   </div>
   <div class='ocr_carea' id='block_1_90' title="bbox 338 5266 1918 5336">
    <p class='ocr_par' dir='ltr' id='par_1_90' title="bbox 338 5266 1918 5336">
     <span class='ocr_line' id='line_1_90' title="bbox 338 5266 1918 5336; baseline 0.001 -18"><span class='ocrx_word' id='word_1_600' title='bbox 338 5267 527 5331; x_wconf 77' lang='grc' dir='ltr'>ἔνθους</span> <span class='ocrx_word' id='word_1_601' title='bbox 578 5267 891 5335; x_wconf 76' lang='grc' dir='ltr'>γενόμενος,</span> <span class='ocrx_word' id='word_1_602' title='bbox 945 5268 1041 5320; x_wconf 78' lang='grc' dir='ltr'><strong>καὶ</strong></span> <span class='ocrx_word' id='word_1_603' title='bbox 1091 5269 1171 5330; x_wconf 74' lang='grc' dir='ltr'><strong>εἰς</strong></span> <span class='ocrx_word' id='word_1_604' title='bbox 1219 5267 1448 5336; x_wconf 81' lang='grc' dir='ltr'>οὐρανὸν</span> <span class='ocrx_word' id='word_1_605' title='bbox 1479 5267 1813 5336; x_wconf 72' lang='grc' dir='ltr'>ἀναϐλέψας,</span> <span class='ocrx_word' id='word_1_606' title='bbox 1841 5266 1918 5331; x_wconf 86' lang='grc' dir='ltr'>ὡς</span> 
     </span>
    </p>
   </div>
   <div class='ocr_carea' id='block_1_91' title="bbox 336 5357 1918 5429">
    <p class='ocr_par' dir='ltr' id='par_1_91' title="bbox 336 5357 1918 5429">
     <span class='ocr_line' id='line_1_91' title="bbox 336 5357 1918 5429; baseline -0.001 -17"><span class='ocrx_word' id='word_1_607' title='bbox 336 5360 500 5413; x_wconf 75' lang='grc' dir='ltr'>αὐτὸν</span> <span class='ocrx_word' id='word_1_608' title='bbox 531 5360 672 5429; x_wconf 82' lang='grc' dir='ltr'>ὀρῶν</span> <span class='ocrx_word' id='word_1_609' title='bbox 713 5360 803 5413; x_wconf 84' lang='grc' dir='ltr'>τὸν</span> <span class='ocrx_word' id='word_1_610' title='bbox 845 5359 1060 5412; x_wconf 78' lang='grc' dir='ltr'>πάντων</span> <span class='ocrx_word' id='word_1_611' title='bbox 1091 5357 1386 5428; x_wconf 83' lang='grc' dir='ltr'>Δεσπότην,</span> <span class='ocrx_word' id='word_1_612' title='bbox 1418 5357 1642 5427; x_wconf 77' lang='grc' dir='ltr'>ἐϐόησεν</span> <span class='ocrx_word' id='word_1_613' title='bbox 1663 5373 1677 5386; x_wconf 74' lang='grc'>⁸</span> <span class='ocrx_word' id='word_1_614' title='bbox 1718 5374 1737 5407; x_wconf 77' lang='grc' dir='ltr'>ι</span> <span class='ocrx_word' id='word_1_615' title='bbox 1780 5357 1918 5422; x_wconf 83' lang='grc' dir='ltr'>Δόξα</span> 
     </span>
    </p>
   </div>
   <div class='ocr_carea' id='block_1_92' title="bbox 2022 4531 3601 4611">
    <p class='ocr_par' dir='ltr' id='par_1_92' title="bbox 2022 4531 3601 4611">
     <span class='ocr_line' id='line_1_92' title="bbox 2022 4531 3601 4611; baseline 0.009 -26"><span class='ocrx_word' id='word_1_616' title='bbox 2022 4531 2185 4585; x_wconf 89' lang='lat' dir='ltr'><strong>Deum</strong></span> <span class='ocrx_word' id='word_1_617' title='bbox 2221 4545 2320 4599; x_wconf 92' lang='lat' dir='ltr'><strong>pro</strong></span> <span class='ocrx_word' id='word_1_618' title='bbox 2365 4532 2804 4602; x_wconf 85' lang='lat' dir='ltr'><strong>delinquentibus</strong></span> <span class='ocrx_word' id='word_1_619' title='bbox 2856 4537 3172 4607; x_wconf 82' lang='lat' dir='ltr'><strong>suppliciter</strong></span> <span class='ocrx_word' id='word_1_620' title='bbox 3222 4552 3382 4595; x_wconf 75' lang='lat' dir='ltr'><strong>orare</strong></span> <span class='ocrx_word' id='word_1_621' title='bbox 3432 4543 3601 4611; x_wconf 82' lang='lat' dir='ltr'><strong>(nosti</strong></span> 
     </span>
    </p>
   </div>
   <div class='ocr_carea' id='block_1_93' title="bbox 2019 4624 3598 4700">
    <p class='ocr_par' dir='ltr' id='par_1_93' title="bbox 2019 4624 3598 4700">
     <span class='ocr_line' id='line_1_93' title="bbox 2019 4624 3598 4700; baseline 0.009 -24"><span class='ocrx_word' id='word_1_622' title='bbox 2019 4639 2181 4689; x_wconf 84' lang='lat' dir='ltr'><strong>quem</strong></span> <span class='ocrx_word' id='word_1_623' title='bbox 2209 4624 2432 4692; x_wconf 89' lang='lat' dir='ltr'><strong>dicam),</strong></span> <span class='ocrx_word' id='word_1_624' title='bbox 2463 4637 2518 4681; x_wconf 90' lang='lat' dir='ltr'><strong>et</strong></span> <span class='ocrx_word' id='word_1_625' title='bbox 2545 4626 2793 4681; x_wconf 84' lang='lat' dir='ltr'><strong>videbam</strong></span> <span class='ocrx_word' id='word_1_626' title='bbox 2817 4630 3102 4684; x_wconf 87' lang='lat' dir='ltr'><strong>materiam</strong></span> <span class='ocrx_word' id='word_1_627' title='bbox 3128 4630 3202 4684; x_wconf 90' lang='lat' dir='ltr'><strong>illi</strong></span> <span class='ocrx_word' id='word_1_628' title='bbox 3233 4629 3492 4700; x_wconf 48' lang='lat' dir='ltr'><strong>perp‘étuo</strong></span> <span class='ocrx_word' id='word_1_629' title='bbox 3522 4635 3598 4690; x_wconf 78' lang='lat' dir='ltr'><strong>la-</strong></span> 
     </span>
    </p>
   </div>
   <div class='ocr_carea' id='block_1_94' title="bbox 2019 4715 3598 4786">
    <p class='ocr_par' dir='ltr' id='par_1_94' title="bbox 2019 4715 3598 4786">
     <span class='ocr_line' id='line_1_94' title="bbox 2019 4715 3598 4786; baseline 0.006 -17"><span class='ocrx_word' id='word_1_630' title='bbox 2019 4715 2296 4786; x_wconf 79' lang='lat' dir='ltr'><strong>crymandi</strong></span> <span class='ocrx_word' id='word_1_631' title='bbox 2331 4716 2567 4771; x_wconf 88' lang='lat' dir='ltr'><strong>oblatam</strong></span> <span class='ocrx_word' id='word_1_632' title='bbox 2601 4727 2838 4772; x_wconf 80' lang='lat' dir='ltr'><strong>vestram</strong></span> <span class='ocrx_word' id='word_1_633' title='bbox 2871 4720 2942 4773; x_wconf 88' lang='lat' dir='ltr'><strong>ob</strong></span> <span class='ocrx_word' id='word_1_634' title='bbox 2972 4720 3158 4774; x_wconf 86' lang='lat' dir='ltr'><strong>vitam.</strong></span> <span class='ocrx_word' id='word_1_635' title='bbox 3215 4720 3431 4778; x_wconf 85' lang='lat' dir='ltr'><strong>Pudore</strong></span> <span class='ocrx_word' id='word_1_636' title='bbox 3452 4726 3598 4779; x_wconf 84' lang='lat' dir='ltr'><strong>enim</strong></span> 
     </span>
    </p>
   </div>
   <div class='ocr_carea' id='block_1_95' title="bbox 2021 4808 3598 4882">
    <p class='ocr_par' dir='ltr' id='par_1_95' title="bbox 2021 4808 3598 4882">
     <span class='ocr_line' id='line_1_95' title="bbox 2021 4808 3598 4882; baseline 0.007 -20"><span class='ocrx_word' id='word_1_637' title='bbox 2021 4809 2114 4863; x_wconf 90' lang='lat' dir='ltr'><strong>ille</strong></span> <span class='ocrx_word' id='word_1_638' title='bbox 2151 4808 2386 4865; x_wconf 74' lang='lat' dir='ltr'><strong>sullusus</strong></span> <span class='ocrx_word' id='word_1_639' title='bbox 2439 4823 2603 4879; x_wconf 86' lang='lat' dir='ltr'><strong>super</strong></span> <span class='ocrx_word' id='word_1_640' title='bbox 2649 4810 2733 4867; x_wconf 86' lang='lat' dir='ltr'><strong>his</strong></span> <span class='ocrx_word' id='word_1_641' title='bbox 2766 4826 2888 4882; x_wconf 84' lang='lat' dir='ltr'><strong>quae</strong></span> <span class='ocrx_word' id='word_1_642' title='bbox 2927 4814 2992 4867; x_wconf 91' lang='lat' dir='ltr'><strong>de</strong></span> <span class='ocrx_word' id='word_1_643' title='bbox 3037 4814 3188 4868; x_wconf 84' lang='lat' dir='ltr'><strong>vobis</strong></span> <span class='ocrx_word' id='word_1_644' title='bbox 3252 4818 3598 4873; x_wconf 83' lang='lat' dir='ltr'><strong>accusatores</strong></span> 
     </span>
    </p>
   </div>
   <div class='ocr_carea' id='block_1_96' title="bbox 2023 4903 3600 4977">
    <p class='ocr_par' dir='ltr' id='par_1_96' title="bbox 2023 4903 3600 4977">
     <span class='ocr_line' id='line_1_96' title="bbox 2023 4903 3600 4977; baseline 0.007 -23"><span class='ocrx_word' id='word_1_645' title='bbox 2023 4912 2472 4970; x_wconf 85' lang='lat' dir='ltr'><strong>commemorant,</strong></span> <span class='ocrx_word' id='word_1_646' title='bbox 2528 4903 2596 4959; x_wconf 90' lang='lat' dir='ltr'><strong>iis</strong></span> <span class='ocrx_word' id='word_1_647' title='bbox 2643 4905 2733 4972; x_wconf 90' lang='lat' dir='ltr'><strong>qui</strong></span> <span class='ocrx_word' id='word_1_648' title='bbox 2779 4904 3051 4959; x_wconf 85' lang='lat' dir='ltr'><strong>consolari</strong></span> <span class='ocrx_word' id='word_1_649' title='bbox 3097 4907 3455 4977; x_wconf 79' lang='lat' dir='ltr'><strong>conabantur,</strong></span> <span class='ocrx_word' id='word_1_650' title='bbox 3515 4910 3600 4965; x_wconf 84' lang='lat' dir='ltr'><strong>sic</strong></span> 
     </span>
    </p>
   </div>
   <div class='ocr_carea' id='block_1_97' title="bbox 2021 4993 3597 5068">
    <p class='ocr_par' dir='ltr' id='par_1_97' title="bbox 2021 4993 3597 5068">
     <span class='ocr_line' id='line_1_97' title="bbox 2021 4993 3597 5068; baseline 0.008 -22"><span class='ocrx_word' id='word_1_651' title='bbox 2021 4993 2098 5046; x_wconf 90' lang='lat' dir='ltr'><strong>ait</strong></span> <span class='ocrx_word' id='word_1_652' title='bbox 2133 5011 2146 5047; x_wconf 89' lang='lat'><strong>:</strong></span> <span class='ocrx_word' id='word_1_653' title='bbox 2191 5010 2210 5044; x_wconf 86' lang='grc'><strong><em>‹</em></strong></span> <span class='ocrx_word' id='word_1_654' title='bbox 2249 4993 2427 5049; x_wconf 80' lang='lat' dir='ltr'><strong>Sinite</strong></span> <span class='ocrx_word' id='word_1_655' title='bbox 2451 4994 2838 5051; x_wconf 81' lang='lat' dir='ltr'><strong>miserabiliter</strong></span> <span class='ocrx_word' id='word_1_656' title='bbox 2881 4995 3181 5064; x_wconf 88' lang='lat' dir='ltr'><strong>deplorem,</strong></span> <span class='ocrx_word' id='word_1_657' title='bbox 3209 5005 3384 5068; x_wconf 80' lang='lat' dir='ltr'><strong>neque</strong></span> <span class='ocrx_word' id='word_1_658' title='bbox 3428 4999 3597 5058; x_wconf 80' lang='lat' dir='ltr'><strong>solari</strong></span> 
     </span>
    </p>
   </div>
   <div class='ocr_carea' id='block_1_98' title="bbox 2021 5081 3594 5161">
    <p class='ocr_par' dir='ltr' id='par_1_98' title="bbox 2021 5081 3594 5161">
     <span class='ocr_line' id='line_1_98' title="bbox 2021 5081 3594 5161; baseline 0.008 -26"><span class='ocrx_word' id='word_1_659' title='bbox 2021 5097 2107 5136; x_wconf 89' lang='lat' dir='ltr'><strong>me</strong></span> <span class='ocrx_word' id='word_1_660' title='bbox 2136 5081 2402 5138; x_wconf 89' lang='lat' dir='ltr'><strong>desistite.</strong></span> <span class='ocrx_word' id='word_1_661' title='bbox 2434 5102 2455 5135; x_wconf 71' lang='grc' dir='ltr'><strong>ι</strong></span> <span class='ocrx_word' id='word_1_662' title='bbox 2497 5084 2700 5140; x_wconf 88' lang='lat' dir='ltr'><strong>Deinde</strong></span> <span class='ocrx_word' id='word_1_663' title='bbox 2725 5085 2819 5141; x_wconf 85' lang='lat' dir='ltr'><strong>ubi</strong></span> <span class='ocrx_word' id='word_1_664' title='bbox 2838 5100 2898 5140; x_wconf 91' lang='lat' dir='ltr'><strong>se</strong></span> <span class='ocrx_word' id='word_1_665' title='bbox 2922 5086 3166 5141; x_wconf 90' lang='lat' dir='ltr'><strong>nonnihil</strong></span> <span class='ocrx_word' id='word_1_666' title='bbox 3188 5105 3217 5142; x_wconf 88' lang='lat' dir='ltr'><strong>a</strong></span> <span class='ocrx_word' id='word_1_667' title='bbox 3240 5089 3594 5161; x_wconf 82' lang='lat' dir='ltr'><strong>lacrymando</strong></span> 
     </span>
    </p>
   </div>
   <div class='ocr_carea' id='block_1_99' title="bbox 2021 5175 3599 5249">
    <p class='ocr_par' dir='ltr' id='par_1_99' title="bbox 2021 5175 3599 5249">
     <span class='ocr_line' id='line_1_99' title="bbox 2021 5175 3599 5249; baseline 0.008 -21"><span class='ocrx_word' id='word_1_668' title='bbox 2021 5175 2260 5244; x_wconf 81' lang='lat' dir='ltr'><strong>collegit,</strong></span> <span class='ocrx_word' id='word_1_669' title='bbox 2297 5178 2482 5231; x_wconf 81' lang='lat' dir='ltr'><strong>nescio</strong></span> <span class='ocrx_word' id='word_1_670' title='bbox 2507 5178 2636 5246; x_wconf 90' lang='lat' dir='ltr'><strong>quid</strong></span> <span class='ocrx_word' id='word_1_671' title='bbox 2661 5179 2906 5248; x_wconf 79' lang='lat' dir='ltr'><strong>cogitans</strong></span> <span class='ocrx_word' id='word_1_672' title='bbox 2953 5179 3152 5249; x_wconf 84' lang='lat' dir='ltr'><strong>(neque</strong></span> <span class='ocrx_word' id='word_1_673' title='bbox 3194 5182 3338 5236; x_wconf 90' lang='lat' dir='ltr'><strong>enim</strong></span> <span class='ocrx_word' id='word_1_674' title='bbox 3377 5184 3599 5240; x_wconf 85' lang='lat' dir='ltr'><strong>.ineerta</strong></span> 
     </span>
    </p>
   </div>
   <div class='ocr_carea' id='block_1_100' title="bbox 2020 5270 3596 5341">
    <p class='ocr_par' dir='ltr' id='par_1_100' title="bbox 2020 5270 3596 5341">
     <span class='ocr_line' id='line_1_100' title="bbox 2020 5270 3596 5341; baseline 0.007 -20"><span class='ocrx_word' id='word_1_675' title='bbox 2020 5270 2236 5337; x_wconf 78' lang='lat' dir='ltr'><strong>aggredi</strong></span> <span class='ocrx_word' id='word_1_676' title='bbox 2271 5279 2442 5323; x_wconf 89' lang='lat' dir='ltr'><strong>tutum</strong></span> <span class='ocrx_word' id='word_1_677' title='bbox 2484 5272 2612 5341; x_wconf 90' lang='lat' dir='ltr'><strong>est),</strong></span> <span class='ocrx_word' id='word_1_678' title='bbox 2637 5272 2804 5327; x_wconf 86' lang='lat' dir='ltr'><strong>veluti</strong></span> <span class='ocrx_word' id='word_1_679' title='bbox 2843 5271 3076 5326; x_wconf 84' lang='lat' dir='ltr'><strong>Numine</strong></span> <span class='ocrx_word' id='word_1_680' title='bbox 3105 5272 3336 5340; x_wconf 66' lang='lat' dir='ltr'><strong>albatus,</strong></span> <span class='ocrx_word' id='word_1_681' title='bbox 3366 5275 3596 5332; x_wconf 70' lang='lat' dir='ltr'><strong>cmlnm-</strong></span> 
     </span>
    </p>
   </div>
   <div class='ocr_carea' id='block_1_101' title="bbox 2018 5363 3600 5437">
    <p class='ocr_par' dir='ltr' id='par_1_101' title="bbox 2018 5363 3600 5437">
     <span class='ocr_line' id='line_1_101' title="bbox 2018 5363 3600 5437; baseline 0.006 -23"><span class='ocrx_word' id='word_1_682' title='bbox 2018 5376 2124 5431; x_wconf 90' lang='lat' dir='ltr'><strong>que</strong></span> <span class='ocrx_word' id='word_1_683' title='bbox 2149 5363 2442 5432; x_wconf 87' lang='lat' dir='ltr'><strong>aspiciens,</strong></span> <span class='ocrx_word' id='word_1_684' title='bbox 2469 5367 2617 5434; x_wconf 82' lang='lat' dir='ltr'><strong>quasi</strong></span> <span class='ocrx_word' id='word_1_685' title='bbox 2655 5365 2895 5420; x_wconf 90' lang='lat' dir='ltr'><strong>omnium</strong></span> <span class='ocrx_word' id='word_1_686' title='bbox 2932 5365 3145 5422; x_wconf 89' lang='lat' dir='ltr'><strong>videret</strong></span> <span class='ocrx_word' id='word_1_687' title='bbox 3179 5366 3489 5437; x_wconf 89' lang='lat' dir='ltr'><strong>Dominum,</strong></span> <span class='ocrx_word' id='word_1_688' title='bbox 3519 5368 3600 5423; x_wconf 81' lang='lat' dir='ltr'><strong>sic</strong></span> 
     </span>
    </p>
   </div>
   <div class='ocr_carea' id='block_1_102' title="bbox 1343 5499 2474 5578">
    <p class='ocr_par' dir='ltr' id='par_1_102' title="bbox 1343 5499 2474 5578">
     <span class='ocr_line' id='line_1_102' title="bbox 1343 5499 2474 5578; baseline 0.004 -6"><span class='ocrx_word' id='word_1_689' title='bbox 1343 5499 1345 5502; x_wconf 78' lang='grc'><strong>’</strong></span> <span class='ocrx_word' id='word_1_690' title='bbox 1424 5514 1662 5572; x_wconf 68' lang='lat' dir='ltr'><strong>muas</strong></span> <span class='ocrx_word' id='word_1_691' title='bbox 1696 5515 2080 5576; x_wconf 85' lang='lat' dir='ltr'><strong>LECTIONES</strong></span> <span class='ocrx_word' id='word_1_692' title='bbox 2114 5519 2201 5575; x_wconf 86' lang='lat' dir='ltr'><strong>ET</strong></span> <span class='ocrx_word' id='word_1_693' title='bbox 2239 5519 2474 5578; x_wconf 73' lang='grc' dir='ltr'><strong>ΝοΤΑι.</strong></span> 
     </span>
    </p>
   </div>
   <div class='ocr_carea' id='block_1_103' title="bbox 409 5676 1963 5756">
    <p class='ocr_par' dir='ltr' id='par_1_103' title="bbox 409 5676 1963 5750">
     <span class='ocr_line' id='line_1_103' title="bbox 409 5676 1963 5750; baseline 0.002 -17"><span class='ocrx_word' id='word_1_694' title='bbox 409 5680 523 5750; x_wconf 69' lang='lat' dir='ltr'>(l8)</span> <span class='ocrx_word' id='word_1_695' title='bbox 559 5676 706 5733; x_wconf 84' lang='lat' dir='ltr'><strong>Inter</strong></span> <span class='ocrx_word' id='word_1_696' title='bbox 745 5676 901 5750; x_wconf 74' lang='grc' dir='ltr'>ῥίζης</span> <span class='ocrx_word' id='word_1_697' title='bbox 939 5686 995 5736; x_wconf 77' lang='lat' dir='ltr'><strong>et</strong></span> <span class='ocrx_word' id='word_1_698' title='bbox 1034 5677 1261 5742; x_wconf 80' lang='grc' dir='ltr'>κλάδους</span> <span class='ocrx_word' id='word_1_699' title='bbox 1299 5686 1447 5736; x_wconf 84' lang='lat' dir='ltr'><strong>recte</strong></span> <span class='ocrx_word' id='word_1_700' title='bbox 1479 5677 1638 5736; x_wconf 89' lang='lat' dir='ltr'><strong>codd.</strong></span> <span class='ocrx_word' id='word_1_701' title='bbox 1674 5678 1794 5737; x_wconf 78' lang='lat' dir='ltr'><strong>Val.</strong></span> <span class='ocrx_word' id='word_1_702' title='bbox 1825 5680 1929 5736; x_wconf 82' lang='grc' dir='ltr'>6ἕο</span> <span class='ocrx_word' id='word_1_703' title='bbox 1960 5703 1963 5729; x_wconf 75' lang='grc' dir='ltr'><strong>ι</strong></span> 
     </span>
    </p>
   </div>
   <div class='ocr_carea' id='block_1_104' title="bbox 2025 5676 2942 5756">
    <p class='ocr_par' dir='ltr' id='par_1_104' title="bbox 2036 5681 2942 5756">
     <span class='ocr_line' id='line_1_104' title="bbox 2036 5681 2942 5756; baseline 0.007 -20"><span class='ocrx_word' id='word_1_704' title='bbox 2036 5681 2144 5736; x_wconf 83' lang='lat' dir='ltr'><strong>Alt.</strong></span> <span class='ocrx_word' id='word_1_705' title='bbox 2175 5681 2422 5737; x_wconf 87' lang='lat' dir='ltr'><strong>inserunt</strong></span> <span class='ocrx_word' id='word_1_706' title='bbox 2459 5701 2473 5739; x_wconf 75' lang='grc' dir='ltr'>ι</span> <span class='ocrx_word' id='word_1_707' title='bbox 2502 5685 2689 5756; x_wconf 72' lang='grc' dir='ltr'>οὔσης.</span> <span class='ocrx_word' id='word_1_708' title='bbox 2731 5682 2942 5742; x_wconf 73' lang='lat' dir='ltr'><strong>Possm.</strong></span> 
     </span>
    </p>
   </div>
  </div>
