3974 6144
529 210 667 273 1603

1718 222 1780 280 S.
1824 220 2117 281 ISIDORI
2159 218 2599 280 PELUSIO’i‘B

3598 232 3601 235 ⁴
3631 224 3734 287 1634

521 327 850 385 exclamavit
903 348 915 383 :
957 350 976 383 ι
1011 330 1156 397 Tibi,
1210 333 1344 399 Rex,
1386 335 1581 405 gloria,
1634 336 1802 405 gloria
1859 337 1955 389 tibi
2010 336 2103 391 sit.

2212 353 2317 399 σοι,
2351 336 2595 406 βασιλεῦ,
2632 333 2760 401 δόξα
2798 353 2899 389 σοι.
2932 334 3115 405 Πόσης
3150 333 3526 404 μακροθυμίας
3554 338 3735 407 πέλαγος

523 420 751 489 Quanta
780 423 1055 492 patientia:
1102 426 1196 479 tibi
1226 428 1488 496 pelagus?
1535 439 1796 497 quantmn
1850 438 2102 481 avertens

526 514 727 569 malum
757 514 1140 585 depellensque
1196 520 1481 573 thesaurus
1533 522 1631 573 es?
1675 520 1811 586 Quot
1865 532 1957 574 tuo
2008 538 2103 573 no~

524 606 671 659 mine
708 620 775 660 ex
820 608 1072 661 obscuris
1095 619 1257 678 atque
1305 611 1549 677 iugloriis
1588 613 1719 665 clari
1761 613 2105 680 illustresque

524 692 675 759 facti,
717 694 923 751 honore
954 705 1143 750 contra
1199 708 1273 763 te,
1311 701 1399 768 qui
1444 701 1721 755 honurasti
1781 702 1944 770 ipsos,
1979 712 2108 755 sunt

527 784 706 848 abusi,
739 784 1045 855 audentque
1072 800 1176 841 non
1222 790 1489 851 audenda,
1538 806 1803 859 sacraque
1850 790 2110 845 conviciis

520 873 909 942 proscindunt,
938 887 1223 944 peccantes
1252 880 1401 932 venia
1427 882 1588 933 etiam
1615 882 1854 950 indigna.
1887 900 1904 930 ι
1935 882 2110 946 Quare

520 967 625 1021 nisi
655 967 742 1021 hic
768 983 869 1035 pro
896 968 1021 1022 aliis
1066 986 1252 1033 orans,
1299 981 1352 1023 ct
1389 988 1487 1038 pro
1539 974 1738 1025 vestris
1775 974 1937 1026 etiam
1974 972 2107 1025 deli—

524 1058 632 1113 ctis
689 1058 783 1112 Dei
839 1062 1161 1128 patientiam
1232 1063 1805 1133 longanimitatemque
1858 1064 2109 1134 pra-cibus

520 1146 785 1218 fatigarit,
804 1151 949 1219 quis,
983 1167 1187 1219 (μείρεο,
1216 1156 1434 1224 supplex
1471 1172 1566 1224 pro
1592 1157 1743 1209 vobis
1776 1156 1972 1209 fuerit?
1996 1156 2116 1224 quis

516 1240 940 1308 deprecabitur?
969 1244 1156 1312 ecquis
1184 1244 1439 1299 assistel?
1466 1245 1773 1314 Cogitautes
1796 1246 1978 1314 itaque
2007 1259 2114 1313 quo

518 1332 786 1387 malorum
813 1334 1162 1395 deveneritis.
1194 1351 1221 1386 a
1249 1334 1465 1404 ﬂagitiis
1496 1336 1786 1390 abstinete.

610 1443 773 1512 700
798 1444 1147 1499 CDLXXVII.
1178 1477 1245 1485 —
1269 1445 1576 1501 OLYBIPIO
1614 1447 1700 1502 ET
1747 1448 2040 1504 ISIDORO.

2210 430 2359 499 παρὰ
2402 431 2514 483 cui!
2552 430 2725 498 πόσης
2770 429 3122 495 ἀνεξικακίας
3166 427 3473 498 θησαυρόςί
3509 429 3567 480 Oi
3601 430 3735 485 διὰτὸ

2210 517 2382 587 δνομα
2410 519 2468 570 τὸ
2501 519 2592 570 σὸν
2634 518 2695 582 ἐξ
2726 518 2951 586 ἀφανῶν
3005 517 3099 570 καὶ
3130 517 3338 586 ἀτίμων
3391 517 3615 587 λαμπροὶ
3660 523 3730 573 καὶ

2212 609 2565 679 περίϐλεπτοι
2601 609 2907 677 γεγονότες,
2941 612 3007 679 τῇ
3038 613 3170 679 τιμῇ
3216 609 3358 662 κατᾶ
3404 608 3495 661 σοῦ
3522 609 3603 661 τοῦ
3630 628 3738 662 12::-

2217 699 2456 770 μηκότος
2504 700 2824 771 κέχρηνται,
2885 701 2981 753 καὶ
3026 700 3296 769 τολμῶσιν
3350 700 3630 768 ἀτόλμητα,
3668 706 3739 753 καὶ

2220 791 2600 861 ἐνυϐρίζουσιν
2630 793 2711 855 είς
2736 791 2806 844 τὰ
2832 794 2984 860 ἆγια,
3020 790 3352 861 συγγνώμης
3388 792 3737 861 ἁμαρτάνοντες

2219 884 2460 951 μείζονα.
2500 903 2517 933 ι
2560 884 2623 936 El
2656 885 2835 936 τοίνυν
2884 885 2980 937 καί
3010 884 3039 935 ὁ
3084 884 3224 952 ὑπὲρ
3279 885 3391 935 τῶν
3436 883 3593 935 ἄλλων
3639 901 3739 952 πρε-

2217 974 2445 1039 σϐεύων,
2464 975 2553 1027 διὰ
2568 975 2635 1027 τὰ
2650 975 2891 1045 ὑμέτερα
2908 974 3224 1045 πταίσματα
3239 974 3336 1043 τὴν
3354 974 3499 1026 θείαν
3516 974 3735 1043 iis-lim

2220 1064 2637 1137 μακροθυμίαν,
2669 1068 2752 1127 τίς
2797 1067 2937 1137 ὑπὲρ
2983 1065 3139 1136 ὑμῶν
3172 1065 3482 1127 ίκετεύσει;
3516 1067 3590 1127 τίς
3638 1085 3737 1134 πρε-

2219 1156 2469 1222 σϐεύσει;
2501 1157 2584 1220 τίς
2615 1158 3055 1227 παραστήσεται;
3099 1156 3438 1219 Ἐννοοῦντες
3466 1152 3567 1218 οὖν,
3594 1152 3635 1207 οἷ
3657 1157 3737 1207 τῶν

2212 1246 2401 1301 κακῶν
2428 1249 2572 1313 ἐστε,
2608 1246 2895 1301 παύσασθε
2923 1246 3288 1314 ἀσύγγνωστα
3313 1246 3597 1309 πταίοντες.

2527 1450 2698 1504 ΥοΖι.
2736 1481 2803 1490 -
2838 1448 3169 1520 cantato,
3203 1449 3499 1520 mucro;

516 1532 653 1600 Quis
678 1550 791 1588 vere
814 1537 1041 1603 sapiens.
1069 1537 1243 1606 ,(Vide
1268 1540 1422 1606 epist.
1466 1539 1617 1608 497.)
1655 1539 1833 1593 l'irtus
1873 1558 1987 1660 (iiii:
2036 1541 2600 1664 doctJiiial-jungenda.
2637 1541 2744 1595 Illa
2786 1542 2992 1609 [ructus
3026 1549 3100 1593 est
3154 1542 3346 1605 instar,
3376 1519 3490 1594 'Ita'c
3514 1537 3730 1608 foliorum.

1836 1629 1908 1664 ωυ
1978 1627 2034 1661 ον
2074 1628 2143 1663 un
2184 1629 2211 1664 e
2288 1625 2471 1664 iclum.

1836 1625 2034 1678 φυΑΛον
2074 1625 2211 1665 unde
2249 1625 2471 1665 dictum.

590 1692 900 1762 Sapientem
937 1694 1186 1762 equidem
1239 1696 1476 1758 nomino,
1534 1711 1638 1750 non
1681 1701 1774 1766 qui
1823 1710 2104 1767 promptus

2283 1702 2453 1769 Σοφὸν
2488 1701 2667 1769 ἔγωγε
2717 1699 2960 1770 ἡγοῦμαι
3013 1699 3076 1752 οὐ
3103 1698 3195 1751 τὸν
3238 1699 3342 1762 τὰς
3391 1698 3497 1752 τῶν
3546 1699 3733 1768 ποιητῶν

521 1781 577 1836 in
607 1780 791 1850 lingua
831 1783 1027 1836 habeat
1075 1793 1357 1853 poetarum
1416 1786 1765 1854 rbapsodias,
1816 1790 2104 1842 disertasve

2218 1793 2651 1863 ῥαψῳδίας-καὶ
2680 1792 2779 1855 τὰς
2807 1792 2916 1844 τῶν
2940 1792 3190 1862 ρητόρων
3218 1792 3544 1861 δεινότητας,
3563 1790 3731 1849 καὶτὰς

519 1882 798 1926 oratorum
843 1872 1145 1937 orationes,
1190 1883 1284 1927 aut
1328 1874 1772 1944 philosophorum
1829 1877 2015 1939 tricas,
2052 1887 2104 1931 ut

2212 1885 2321 1937 τῶν
2367 1884 2549 1953 σοφῶν
2587 1883 2907 1954 τερθρείας,
2956 1883 3033 1946 ὡς
3084 1884 3353 1954 νομίζεις,
3409 1884 3494 1936 ἐπὶ
3540 1881 3731 1951 γλώττης

518 1964 821 2029 existimas,
854 1963 946 2017 sed
973 1964 1067 2033 qui
1093 1979 1273 2019 mores
1306 1966 1540 2029 excolat,
1578 1968 1853 2038 vitamque
1885 1983 2109 2037 compo-

520 2052 627 2107 site
652 2052 831 2121 degat.
860 2052 1015 2108 Hunc
1044 2068 1150 2107 non
1188 2053 1373 2109 extolli
1403 2056 1550 2109 hisce
1582 2065 1746 2125 puto:
1782 2057 1935 2110 talem
1962 2060 2107 2113 enim

518 2159 619 2199 nec
670 2144 739 2198 ab
773 2144 880 2197 illis
938 2144 1215 2199 deturbari
1273 2146 1712 2216 praecipitemque
1768 2148 1883 2201 dari
1940 2162 2100 2218 posse

519 2237 797 2290 existimo.
856 2235 1183 2304 [inprobitas
1233 2236 1379 2289 enim
1448 2238 1662 2290 dicendi
1699 2238 1799 2290 sibi
1844 2252 2106 2308 arrogans

520 2326 774 2395 peritiam
801 2327 960 2397 longe
988 2327 1237 2396 graviora
1274 2342 1435 2396 quam
1465 2328 1701 2393 inscitia,
1740 2327 1877 2380 mala
1904 2336 2105 2396 patrat.

516 2414 733 2469 Miraris
786 2424 841 2469 tu
891 2418 1107 2485 quidem
1158 2417 1210 2470 id
1256 2431 1287 2470 a
1340 2431 1427 2471 me
1465 2418 1848 2485 pronuntiari;
1910 2426 2101 2473 testem

515 2503 658 2559 dabo
697 2503 1095 2574 Thucydidem,
1125 2505 1278 2573 cujus
1311 2506 1426 2559 haec
1454 2506 1616 2558 verba
1659 2515 1826 2560 sunt:
1868 2523 1888 2557 ι
1930 2507 2103 2575 Impe-

516 2597 643 2650 ritia
682 2597 963 2651 modestiae
993 2598 1282 2666 conjuncta
1320 2596 1506 2651 utilior
1552 2607 1635 2650 est
1681 2597 1944 2650 industria
1982 2611 2104 2649 cum

520 2687 777 2743 libertate
824 2689 1136 2758 conjuncta.
1174 2689 1252 2741 Ac
1287 2688 1606 2757 plerumque
1650 2686 1742 2756 qui
1800 2689 2105 2744 humilioris

520 2789 650 2836 sunt
676 2780 908 2849 ingenii,
947 2780 1138 2835 melius
1174 2795 1334 2847 quam
1379 2781 1691 2835 solertiorcs
1724 2781 2104 2850 rempublicam

522 2872 929 2927 administrant.
979 2890 998 2923 ι
1052 2872 1240 2942 Itaque
1269 2873 1315 2925 si
1354 2888 1453 2927 nec
1487 2872 1691 2940 ingenii
1724 2872 2103 2926 dexteritatem

519 2960 610 3016 ille
648 2963 853 3031 recepit
892 2962 1114 3031 (damno
1165 2961 1306 3016 malo
1356 2962 1500 3015 enim
1536 2972 1620 3016 est
1652 2976 1758 3015 non
1805 2972 1951 3016 recte
1977 2961 2102 3015 illud

2212 1974 2421 2044 ἔχοντα,
2460 1973 2595 2027 ἀλλὰ
2625 1975 2716 2026 τὸν
2742 1974 2802 2026 τὸ
2831 1970 2961 2043 ἦθος
2988 1974 3396 2043 ὲξασκήσαντα,
3427 1974 3517 2025 καὶ
3542 1973 3616 2026 τὸν
3640 1970 3732 2040 τρό-

2211 2082 2312 2117 πον
2342 2065 2705 2134 ρυθμίσαντα.
2733 2065 2839 2119 Τὸν
2867 2065 2978 2136 γὰρ
3003 2064 3248 2119 τοιοῦτον
3296 2065 3403 2117 οὐδ’
3433 2064 3517 2116 ὑπ’
3557 2061 3731 2114 ἐκείνων

2217 2157 2718 2228 ἐκτραχηλίζεσθαι
2746 2151 2924 2226 οἶμαι.
2955 2155 3198 2225 Πονηρία
3234 2156 3347 2225 γὰρ
3372 2154 3465 2225 τὴν
3487 2154 3569 2207 τοῦ
3591 2154 3727 2220 λέγειν

2208 2245 2504 2315 ἐμπειρίαν
2557 2243 2970 2314 προσλαϐοῦσα,
3016 2243 3198 2313 πολὶῷ
3248 2243 3611 2314 ἀργαλεώτερα
3656 2240 3729 2309 τῆς

2212 2332 2452 2401 ἀμαθίας
2480 2332 2776 2402 ἐργάζεται
2803 2332 2971 2386 κακά.
3005 2329 3069 2383 Εἰ
3107 2330 3164 2383 δὲ
3206 2330 3503 2401 θαυμάζεις
3528 2329 3578 2381 τὸ
3610 2328 3724 2396 εἰρη-

2222 2423 2401 2492 μένον,
2455 2424 2790 2494 ὲγγυήσεται
2835 2423 3165 2494 Θουκυδίδης
3220 2422 3435 2491 λέγων·
3473 2440 3489 2472 ι
3542 2417 3724 2488 ’Δμαθὲα

2211 2515 2351 2582 μετά
2386 2515 2743 2586 σωφροσύνης
2784 2514 3231 2586 ὡφελιμώτερον,
3285 2514 3318 2586 ἢ
3360 2513 3578 2583 δεξιότης
3616 2509 3718 2580 μετὰ

2208 2604 2523 2670 ἀκολασίας.
2563 2625 2581 2656 ι
2605 2606 2668 2659 Εἰ
2690 2607 2870 2661 τοίνυν
2900 2606 3020 2659 οὐδὲ
3050 2606 3151 2677 τὴν
3186 2607 3418 2675 εὐφυΐαν
3458 2606 3628 2665 ἐκεῖνος
3644 2603 3721 2653 ἁπ-

2212 2697 2433 2761 εδέξατο
2464 2699 2624 2770 (πρὸς
2657 2697 2829 2753 κακοῦ
2859 2698 2967 2771 γὰρ
2996 2698 3205 2767 γίνεται
3240 2701 3355 2762 τοῖς
3389 2697 3458 2767 μὴ
3486 2694 3637 2757 καλῶς
3657 2692 3721 2744 αὖ·

2208 2788 2306 2859 τὴν
2332 2788 2683 2859 γεωργοῦσι),
2740 2790 2902 2861 σχολῇ
2943 2806 3008 2858 γε
3042 2790 3174 2860 περὶ
3201 2789 3306 2859 τῆς
3333 2787 3515 2853 ἔξωθεν
3550 2782 3717 2839 παιδεύ-

2209 2898 2347 2944 σεως
2392 2881 2820 2951 ἀποφανούμεθα
2852 2881 2927 2945 ὡς
2966 2881 3125 2945 ἀξίας
3154 2880 3342 2949 λόγου,
3378 2880 3493 2932 ὅταν
3527 2875 3716 2947 ὁτρὸπῡς

2208 2971 2507 3035 ἀκόλαστος
2530 2973 2638 3044 εἴη.
2672 2975 2735 3026 Εἰ
2763 2972 2861 3043 μὲν
2888 2967 2981 3025 οὖν
3009 2971 3180 3041 ἄμφω
3204 2971 3495 3034 συνέϐαινε,
3516 2968 3715 3038 tas/im“

514 3052 867 3124 colentibus),
897 3053 1067 3108 ntulto
1090 3054 1271 3109 minus
1312 3053 1385 3107 ab
1430 3063 1659 3107 externa
1692 3054 1978 3124 disciplina
2008 3069 2102 3107 ceu

2209 3080 2265 3115 τε
2288 3064 2384 3117 καὶ
2420 3065 2741 3127 παίδευσις,
2789 3066 3061 3128 τουτέστι,
3119 3066 3325 3137 τρόπος
3357 3066 3445 3119 καὶ
3492 3064 3633 3130 λόγος,
3671 3054 3711 3109 εὖ

518 3146 679 3215 digna
715 3161 969 3200 sermone
1006 3147 1376 3210 censebimur,
1418 3148 1513 3217 ubi
1542 3161 1721 3200 mores
1755 3146 1958 3201 fuerint
1988 3147 2103 3201 dis-
2150 3162 2155 3167 '

515 3240 704 3291 soluti.
749 3242 931 3303 Quare
971 3240 1016 3292 si
1077 3250 1310 3309 utraque
1366 3241 1714 3303 obvenerint,
1745 3239 2024 3309 prudentia
2051 3250 2107 3293 et

516 3340 666 3381 recta
702 3328 993 3391 institutio,
1021 3329 1126 3383 hoc
1150 3339 1254 3393 est,
1282 3344 1460 3384 mores
1502 3330 1827 3397 dicendique
1854 3329 2102 3395 facultas,

516 3422 657 3475 bene
679 3435 765 3473 res
792 3420 957 3473 habet
980 3436 995 3483 ;
1025 3421 1068 3473 si
1094 3434 1220 3473 vero
1245 3421 1471 3473 alterum
1499 3420 1657 3483 desit,
1688 3419 1878 3473 melius
1899 3420 2099 3487 eligen-

518 3516 646 3565 dum
679 3522 786 3567 est.
828 3513 1082 3567 Testatur
1118 3513 1167 3566 id
1204 3513 1368 3565 etiam
1426 3511 1598 3574 Plato,
1628 3526 1736 3579 quo
1769 3512 1884 3564 solo
1928 3512 1980 3564 in
2009 3526 2105 3565 ore

518 3603 738 3657 assidue
774 3602 1039 3671 gestando
1112 3602 1386 3673 gloriaris.
1444 3602 1536 3656 Ait
1581 3602 1726 3655 enim
1764 3620 1777 3654 :
1825 3620 1845 3653 ι
1880 3603 2103 3655 Animas

522 3694 729 3761 optime
765 3708 793 3746 a
824 3692 1113 3761 iuventute
1142 3693 1442 3759 institutas,
1474 3693 1517 3747 si
1552 3693 1750 3747 malum
1783 3694 2103 3748 nanciscan-

532 3793 621 3835 tur
644 3794 1060 3852 praeceptorem,
1089 3784 1244 3839 valde
1269 3785 1440 3839 malas
1478 3786 1653 3851 reddi,
1700 3803 1717 3836 ι
1747 3800 2103 3854 magnamque

522 3872 849 3943 injustitiam
899 3889 1215 3944 meramque
1254 3876 1655 3946 improbitatem
1686 3891 1750 3931 ex
1781 3875 1913 3931 falsa
1952 3877 2123 3932 inve-'

520 3974 808 4035 terataque
847 3978 1043 4020 natura
1097 3977 1352 4035 corrupta
1392 3966 1717 4022 educatione
1754 3965 1905 4033 ﬁeri,
1949 3976 2100 4021 natu-

518 4069 635 4108 ram
665 4070 796 4110 vero
835 4056 1160 4111 imbecillem
1199 4072 1520 4126 magnorum
1542 4072 1661 4124 quae
1690 4072 1788 4110 nec
1818 4057 1957 4110 bona
1986 4058 2092 4111 sint

518 4160 620 4199 nec
645 4146 808 4210 mala,
842 4162 1062 4201 causam
1112 4148 1382 4202 interdum
1424 4147 1708 4201 exsistere.
1740 4147 2097 4213 Quamobrem

517 4236 562 4289 si
603 4235 897 4289 historicus
932 4252 1200 4300 suuunus,
1255 4237 1616 4306 princepsque
1655 4237 2097 4307 philosophorum

517 4341 702 4381 mores
736 4329 968 4381 orationi
1024 4338 1078 4382 et
1115 4328 1239 4382 vita:
1296 4329 1747 4382 consuetudinem
1797 4331 2098 4398 omnigenis!

518 4418 778 4473 doctriute
799 4428 1137 4486 anteponere
1163 4419 1260 4473 visi
1294 4419 1425 4483 sint,
1452 4418 1604 4488 quid,
1629 4433 1833 4487 quaeso,
1868 4420 2090 4474 absurdi

517 4518 603 4564 est
626 4508 845 4563 asscria
893 4523 981 4562 me
1028 4508 1257 4562 fructum
1287 4507 1429 4563 foliis
1470 4508 1645 4578 magis
1687 4522 1806 4563 esse
1850 4523 2094 4564 necessa-

518 4600 697 4654 rium?
727 4599 985 4655 Fructum
1017 4609 1193 4653 autem
1221 4600 1473 4655 virtutem
1499 4614 1620 4655 esse
1659 4599 1932 4665 dicimus;
1967 4600 2090 4656 folia

517 4706 650 4745 vero
691 4691 1022 4760 frondesque
1055 4690 1193 4745 bene
1218 4687 1435 4744 dicendi
1458 4705 1579 4745 esse
1617 4689 1952 4744 facultatem.
1988 4688 2092 4745 Fo-

519 4781 588 4833 lia
622 4782 838 4849 quidem
870 4790 1122 4833 ornatum
1157 4780 1337 4835 arbori
1362 4779 1593 4835 afferunt
1626 4780 1851 4850 agitata,
1889 4790 1944 4832 at
1968 4796 2095 4837 vero

2207 3154 2273 3208 ἂν
2302 3155 2435 3225 ἔχοι.
2474 3158 2534 3208 Εἰ
2564 3157 2621 3210 δὲ
2644 3157 2874 3227 θάτερον
2907 3158 3187 3228 λείπηται,
3223 3160 3444 3230 ἄμεινον
3476 3154 3650 3209 ἑλέσθαι
3670 3151 3712 3202 τὸ

2207 3249 2477 3316 κρεῖττον.
2512 3248 2635 3300 Ὀτι
2660 3246 2717 3300 δὲ
2748 3247 2903 3301 ταῦθ’
2940 3248 3115 3311 οὕτως
3150 3249 3290 3319 ἔχει,
3329 3249 3619 3319 ὲγγυήσειαι
3645 3240 3710 3294 καὶ

2208 3338 2455 3399 Πλάτων,
2510 3338 2569 3392 ὃν
2612 3339 2780 3403 αὐτὸς
2820 3341 2915 3393 καὶ
2964 3341 3127 3411 μόνον
3176 3342 3455 3414 ὀνομάζων
3483 3335 3706 3407 ὲναδρύνῃε

2207 3432 2345 3499 Φησὶ
2374 3431 2481 3499 γάρ
2505 3449 2518 3461 ·
2566 3451 2585 3482 ι
2624 3433 2771 3504 Φημὶ
2804 3433 2905 3494 τὰς
2941 3433 3119 3503 ψυχὰς
3148 3433 3252 3498 τὰς
3286 3432 3613 3503 εὐφυεστάτας
3640 3443 3708 3478 κα·

2205 3521 2306 3589 κῆς
2339 3523 2713 3591 παιδαγωγίας
2754 3523 3047 3595 τυχούσας,
3093 3524 3453 3598 διαφερόντως
3480 3520 3624 3581 κακὰς
3646 3518 3706 3583 τί·

2204 3611 2413 3663 νεσθαι·
2462 3630 2479 3663 ι
2516 3613 2611 3665 καὶ
2662 3612 2775 3682 (49)
2823 3614 2893 3667 τὰ
2926 3616 3137 3685 μεγάλα
3189 3618 3509 3687 ἀδικήματα,
3536 3612 3611 3664 καὶ
3636 3608 3705 3676 τὴν

2204 3699 2442 3770 ἄκρατον
2485 3703 2749 3772 πονηρίαν
2784 3706 2848 3756 ὲκ
2890 3704 3122 3775 φαύλης,
3154 3705 3275 3759 ἀλλ’
3307 3709 3404 3758 οὐκ
3431 3708 3488 3757 ἐκ
3513 3698 3705 3764 νεανικῆς

2204 3790 2438 3858 φύσεως,
2480 3797 2653 3865 τροφῇ
2708 3794 3058 3866 διολλυμένης
3102 3797 3387 3865 γίγνεσθαι
3414 3815 3429 3829 ο
3469 3791 3630 3860 ἀσθενῆ
3662 3788 3703 3839 δὲ

2204 3879 2365 3948 φύσιν
2389 3882 2642 3951 μεγάλων
2669 3882 2793 3936 οὔτε
2821 3884 3029 3949 κακῶν,
3054 3885 3179 3939 οὕτε
3199 3887 3415 3955 ἀγαθῶν
3436 3885 3588 3940 αἰτίαν
3611 3878 3702 3930 ποτὲ

2202 3970 2440 4025 ἔσεσθαι.
2480 3972 2544 4024 Ei
2571 3971 2754 4026 τοίνυν
2786 3974 2881 4028 καὶ
2913 3977 2942 4028 ὁ
2982 3975 3092 4029 τῶν
3124 3978 3534 4048 ἱστοριογράφων
3561 3973 3699 4040 ἀκρθῖο

2201 4062 2296 4114 καὶ
2321 4063 2349 4114 ὁ
2381 4063 2489 4115 τῶν
2529 4064 2837 4133 φιλοσόφων
2879 4072 3181 4138 κορυφαῖος
3216 4072 3279 4124 τὸ
3311 4068 3434 4143 ἦθος
3458 4068 3537 4121 τοῦ
3563 4065 3697 4129 λόγων

2201 4155 2296 4207 καὶ
2327 4154 2415 4207 τὸν
2454 4156 2655 4225 τρόπον
2676 4157 2777 4227 τῆς
2812 4159 3157 4228 πολυμαθίας
3187 4161 3543 4232 προκρίνοντες
3569 4150 3699 4221 me?

2204 4261 2325 4309 σαν,
2357 4245 2411 4296 τί
2439 4244 2639 4299 ἄτοπόν
2670 4265 2831 4319 φημι,
2864 4252 2957 4302 τὸν
2988 4253 3202 4322 καρπὸν
3233 4253 3399 4321 λέγων
3420 4244 3697 4315 ἀναγκαιότε-

2206 4350 2299 4404 ρον
2323 4334 2433 4386 τῶν
2463 4336 2678 4404 φύλλων
2703 4342 2989 4411 ἡγεῖσθαις
3019 4346 3247 4414 Καρπὸν
3274 4347 3369 4415 μὲν
3390 4347 3486 4413 γὰρ
3504 4339 3693 4410 ὁρίζομαι

2201 4421 2348 4479 εἶναι
2374 4427 2475 4498 τὴν
2502 4430 2729 4503 ἀρετὴν,
2770 4433 2946 4502 φύλλα
2978 4436 3075 4507 τὴν
3107 4437 3450 4506 εὐγλωττίαν.
3481 4432 3603 4485 Ποιεῖ
3626 4426 3692 4495 μὲν

2200 4514 2296 4572 οὖν
2329 4537 2451 4575 τινα
2477 4523 2682 4595 κόσμον
2713 4526 2791 4597 τῷ
2822 4527 3027 4601 δένδρῳ
3062 4531 3174 4601 (50)
3208 4534 3275 4585 τὰ
3299 4531 3458 4600 φύλλα
3486 4518 3688 4596 περισειόο

2204 4627 2364 4679 μεναν
2391 4613 2506 4666 ἀλλ’
2532 4617 2560 4669 6
2588 4618 2800 4688 καρπός
2822 4622 2970 4674 ἐστιν
2990 4623 3018 4675 ὁ
3040 4623 3383 4693 ζητούμενος,
3410 4619 3471 4674 δι’
3492 4618 3541 4670 ὃν
3559 4609 3689 4668 καὶτᾶ

2205 4701 2381 4769 φύλλα
2411 4706 2724 4777 γεγένηται.
2758 4711 2871 4764 Καὶ
2899 4712 3030 4777 ἴσως
3069 4713 3212 4768 οὕτω
3241 4713 3484 4782 κέκληται
3509 4704 3625 4776 παρὰ
3647 4698 3688 4749 τδ

2205 4792 2496 4859 φυλάττειν
2525 4798 2711 4859 αὐτόν.

517 4872 608 4941 qui
637 4873 921 4940 quaeritur,
940 4871 1151 4925 fructus
1171 4873 1405 4966 exsistit,
1447 4870 1601 4938 cujus
1662 4871 1837 4966 gratia
1901 4871 1990 4925 illa
2046 4856 2433 4939 adnascantur.
2471 4887 2535 4941 Et
2591 4856 2718 4946 hinc
2779 4893 2914 4948 forte
2951 4892 3003 4966 [a
3042 4896 3243 4951 Gnccis
3297 4895 3477 4965 φύλλον
3504 4885 3587 4943 ἀπὸ
3607 4878 3671 4933 τοῦ
3719 4856 3723 4896 ³

520 4963 808 5032 φυλάττειν
835 4979 864 5015 a
898 4961 1280 5033 custodiendo]
1323 4976 1516 5015 nomen
1551 4962 1832 5015 sortiatur.

946 5052 1321 5107 CDLXXVIII.
1352 5081 1421 5092 —
1450 5050 1691 5107 ΕΙΙΜΞΜ.Δ

2674 5064 2848 5119 Υοιισ.
2887 5096 2959 5105 -
2986 5066 3073 5139 Tn
3103 5069 3303 5140 ΑΥΤῼ.

1016 5141 1088 5195 De
1108 5139 1305 5193 Zosimi
1332 5150 1379 5193 et
1414 5139 1676 5193 sodalium
1712 5142 1875 5196 vitiis.
1902 5142 2063 5211 (Infr.
2110 5144 2263 5211 epist.
2299 5146 2447 5215 482.)
2495 5148 2699 5205 Veritas
2725 5159 2909 5223 quanti
2940 5139 3273 5215 wslimanda.

602 5227 760 5288 Valde
803 5240 857 5285 tu
910 5230 1124 5299 quidem
1170 5228 1484 5294 admiraris,
1540 5244 1660 5297 qua:
1710 5244 1879 5299 nuper
1921 5232 1986 5285 ad
2035 5240 2087 5286 te

2210 5230 2215 5241 ’
2266 5235 2436 5299 Αὐτὸς
2467 5238 2566 5307 μὲν
2607 5240 2727 5297 λίαν
2757 5244 3138 5320 ἐξεθαύμασας
3182 5253 3250 5306 τὰ
3306 5250 3477 5322 πρώην
3518 5252 3676 5301 ἐπιστα-

1627 5362 1855 5418 γΑιιιλΕ
1890 5364 2273 5424 LECTIONES
2307 5371 2395 5425 ET
2431 5373 2667 5436 NOTA‘J.

588 5526 701 5595 μθ)
733 5526 837 5578 Καὶ
868 5526 1025 5595 iidem
1051 5532 1258 5577 mutant
1282 5524 1332 5595 in
1358 5524 1417 5595 ﬁ.
1454 5521 1662 5577 Possm.

588 5589 878 5665 (Suj'lnter
912 5594 1115 5663 δένδρῳ
1164 5604 1218 5648 et
1244 5593 1310 5647 τὰ
1355 5589 1597 5648 inserunt
1640 5593 1733 5645 καὶ
1785 5593 1943 5650 iidem
1983 5594 2216 5650 codices.
2265 5589 2341 5644 In.
