3974 6144
323 251 450 318 1605

1197 243 1735 307 EPISTOLARUM
1775 241 1920 301 LIB.
1964 239 2029 297 V.
2055 260 2123 270 -
2153 237 2392 296 EPIST.
2429 236 2753 296 CDLXXX.

3416 235 3554 300 1606

317 359 469 412 λέντα
494 375 506 388 ·
540 355 875 420 κινδυνεύεις
907 354 964 410 δέ
997 353 1136 407 αὐτὰ
1173 354 1502 426 ἀνατρέπειν
1545 350 1626 422 τῷ
1677 365 1885 418 γεγρα-

2002 343 2308 411 :ouscripsi,
2341 346 2561 412 propius
2602 352 2661 396 ut
2694 341 2826 396 nihil
2857 341 2928 396 sit
2973 355 3133 411 quam
3183 351 3242 396 ut
3291 357 3556 411 repellas,

315 453 485 522 φέναι,
516 451 583 504 δι’
631 449 699 520 ἢν
741 448 922 501 αἰτίαν
968 446 1237 514 Ζώσιμος,
1269 445 1367 498 καὶ
1417 439 1734 504 Εὐστάθιος,
1789 437 1884 490 καὶ

314 544 509 612 Μάρων
567 541 704 610 μήτε
748 539 912 608 λόγῳ,
953 540 1089 609 μήτε
1143 536 1242 606 βίῳ
1287 535 1716 604 διαπρέποντες,
1763 529 1882 584 ἀλλ’

314 629 666 684 ἀπαιδευσίαν
723 627 962 698 ἐσχάτην
997 627 1057 678 ἐν
1111 625 1357 695 ἐκατέρῳ
1408 624 1728 686 νοσοῦντεςο,
1788 618 1884 674 καὶ

314 721 566 791 κωμῳδία
599 720 695 773 καὶ
721 718 894 786 γέλως
930 719 1066 771 πᾶσι
1098 717 1472 786 προκείμενοι,
1508 713 1756 767 δοκοῦσιν
1805 713 1884 775 είς

317 811 609 881 ἱερωσύνην
637 809 833 862 τελεῖν.
881 805 1022 875 Ἐγὼ
1041 806 1098 859 δὲ
1123 805 1303 874 ἀπλῆν
1335 804 1431 858 καὶ
1453 803 1593 872 σαφῆ
1620 801 1720 871 τὴν
1745 801 1884 854 ἀπο-

317 903 498 970 λογίαν
531 901 857 970 ποιήσομαι.
891 899 953 951 El
981 898 1079 967 μὲν
1105 896 1215 966 γὰρ
1247 894 1386 966 ὺπέρ
1409 893 1588 948 αὐτῶν
1611 892 1701 944 τὸν
1728 892 1884 960 λόγον

319 993 684 1062 ἐποιησάμην,
712 992 811 1061 τὴν
828 991 1027 1060 ἀρετὴν
1054 993 1154 1060 τῆς
1185 987 1520 1049 παιδεύσεως
1552 985 1882 1056 προκρίνων,

314 1084 531 1146 εἰκότως
558 1083 623 1136 ἄν
665 1099 734 1152 με
769 1084 846 1144 εἰς
876 1084 1122 1152 ἀνάγκην
1171 1079 1465 1146 ἀπολογίας
1508 1076 1884 1145 κατέστησαςο

315 1178 358 1228 εἰ
383 1175 442 1227 δὲ
501 1172 813 1245 προσώπων
861 1173 960 1242 μὲν
989 1172 1147 1240 λόγος
1192 1166 1261 1242 ἦν
1317 1169 1492 1232 οὐδεὶς
1517 1210 1532 1233 ,
1579 1167 1712 1221 αὐτὸ
1739 1167 1795 1220 δέ
1824 1167 1886 1219 τὸ

316 1267 544 1336 πρᾶγμα
592 1263 715 1317 καθ’
744 1263 907 1316 ἑαυτὸ
953 1261 1338 1326 ἐϐασανίζετοο
1373 1260 1449 1324 ὡς
1497 1259 1593 1312 καὶ
1630 1258 1793 1311 αὐτόν
1823 1273 1884 1309 σε

315 1355 681 1422 ἐκπλαγέντα,
711 1353 787 1416 ὡς
816 1353 974 1424 ἔφης,
1017 1353 1080 1406 τὸ
1112 1352 1310 1415 κάλλος
1359 1352 1452 1404 καὶ
1493 1352 1594 1420 τὴν
1629 1349 1885 1420 ἀλήθειαν

313 1447 414 1499 τῶν
440 1444 866 1515 γεγραμμένων,
897 1443 1169 1514 μείζουςῆ
1202 1443 1322 1496 κατ’
1356 1442 1456 1512 ἐμὲ
1480 1441 1733 1502 ἐπαίνους
1755 1441 1887 1511 ὑφῆ-

313 1557 416 1592 ναι.
445 1539 514 1590 Τί
543 1538 744 1608 δήποτε
765 1536 860 1590 νῦν
891 1535 1212 1606 ἀνθρώπους
1239 1537 1384 1599 ὅπως
1411 1535 1608 1605 δήποτε
1637 1533 1885 1604 βιοῦντας

315 1632 388 1693 είς
419 1629 581 1699 μέσον
602 1626 941 1698 προῦθηκας,
975 1626 1279 1696 ἐξελέγχειν
1300 1626 1368 1679 τὰ
1399 1625 1588 1694 πρώην
1605 1623 1886 1693 γραφέντα

1992 434 2249 505 quidnam
2276 435 2347 488 sit
2369 448 2571 501 causae,
2595 449 2691 488 cur
2712 434 2980 498 Zosimus,
3032 433 3344 488 Eustathius
3367 444 3418 488 et
3446 432 3558 488 Ma-

1989 538 2084 579 ron
2114 537 2286 591 ncque
2315 523 2581 588 oratione,
2652 538 2825 592 neque
2858 523 3069 578 vivendi
3125 523 3375 578 instituto
3405 539 3554 578 com-

1987 614 2146 685 positi
2210 615 2339 679 sint,
2376 613 2470 668 sed
2530 622 2770 668 extrema
2826 614 3038 668 inscitia
3072 615 3125 667 in
3160 626 3390 684 utroque
3432 628 3560 682 pce-

1987 715 2190 769 cantes,
2219 719 2339 758 eum
2375 704 2488 759 acri
2523 705 2933 775 reprehensioni
2979 707 3224 771 obnoxii,
3266 715 3376 760 tmn
3422 705 3561 760 ludi-

1987 795 2106 850 brio
2155 793 2388 864 expositi
2436 795 2504 848 ad
2568 796 2934 850 sacerdotium
2983 805 3186 850 temere
3240 796 3553 864 irruperiut.

1985 883 2246 952 Equidem
2276 882 2596 952 simpliciter
2619 883 2944 953 sincereque
2982 883 3358 938 defensionem
3391 884 3552 937 insti-

1989 985 2156 1030 tuam.
2194 974 2351 1043 701
2383 973 2662 1042 Siquidem
2715 974 2860 1029 enim
2891 975 2958 1028 de
2982 972 3114 1042 ipsis
3135 987 3444 1027 sermonem
3477 975 3562 1026 in-

1986 1065 2134 1119 stitui
2166 1073 2418 1116 virtutem
2441 1062 2740 1132 disciplinae
2764 1062 3078 1131 praeferens,
3099 1061 3221 1130 jure
3249 1063 3454 1131 optimo
3475 1076 3562 1117 me

1986 1157 2052 1209 ad
2088 1154 2192 1209 mei
2232 1153 2600 1207 defensionem
2649 1155 2960 1222 compulisti
2993 1170 3008 1219 ;
3049 1155 3094 1208 si
3141 1169 3269 1208 vero
3304 1169 3561 1224 persona-

1988 1260 2104 1299 rum
2149 1245 2295 1298 nulla
2323 1255 2440 1298 eral.
2493 1245 2650 1308 ratio,
2687 1247 2962 1313 negotium
3014 1260 3146 1298 vero
3178 1247 3349 1314 ipsum
3376 1262 3471 1314 per
3503 1260 3563 1300 se

1986 1335 2279 1403 diligenter
2311 1334 2752 1400 examinahatur,
2806 1344 2862 1386 ut
2904 1333 3017 1402 ipse
3047 1335 3370 1398 admiratus,
3420 1335 3562 1403 quod

1987 1423 2192 1487 aiebas,
2248 1423 2706 1494 pulchritudinem
2758 1433 2815 1476 et
2855 1424 3142 1478 veritatem
3207 1426 3557 1494 scriptorum,

1988 1516 2220 1585 majores
2251 1529 2413 1583 quam
2446 1528 2658 1568 mereor
2701 1513 2886 1568 laudes
2935 1525 3274 1581 contexeres,
3299 1515 3558 1583 quidnam

1986 1619 2116 1658 sane
2136 1604 2249 1674 jam
2285 1603 2535 1658 homines
2572 1605 3061 1673 quomodocuuque
3093 1605 3336 1658 viventes
3360 1607 3413 1658 in
3448 1619 3563 1659 me-

315 1689 662 1790 ἐπεγειρῶνί
695 1689 830 1771 Οὺδέ
879 1689 988 1788 γάρ
1016 1689 1085 1770 -εί
1135 1689 1343 1788 μυρίων
1392 1689 1590 1768 ἐκεῖνοι
1618 1689 1880 1782 Ἷγέμουσι

2002 1694 2136 1748 lium
2161 1692 2453 1763 protulisti,
2482 1693 2805 1761 redarguere
2820 1693 3019 1763 scripta
3046 1708 3218 1762 nuper
3241 1690 3565 1762 aggressus?

315 1811 519 1878 κακῶν,
555 1811 648 1863 καὶ
677 1811 886 1872 πάντας
919 1808 1264 1879 ἀπέκρυψαν,
1311 1807 1387 1871 ὡς
1433 1807 1738 1878 γέγραφας,
1770 1809 1888 1868 ταῖς

317 1903 703 1975 παρανομίαις,
733 1901 835 1972 ῆδη
862 1904 891 1955 ὁ
913 1900 1070 1969 λόγος
1096 1903 1124 1953 ὁ
1148 1901 1280 1970 παρ’
1313 1899 1468 1969 ἡμῶν
1499 1899 1527 1950 ό
1553 1901 1619 1969 τῇ
1664 1896 1890 1968 ἀληθείᾳ

316 1997 677 2069 ὠχυρωμένος
703 1997 1172 2066 ἀνατραπήσεται.
1235 1992 1378 2044 Ἀλλ’
1412 1993 1612 2044 ἐκεῖνοι
1644 1990 1742 2060 μὲν
1786 1989 1887 2060 ἤδη

316 2088 542 2142 τοιοῦτοί
569 2088 677 2140 είσι
719 2085 857 2158 μετά
884 2085 978 2140 τοῦ
1021 2084 1426 2154 κωμῳδεῖσθαι,
1475 2083 1569 2136 καὶ
1612 2083 1768 2152 δίκην
1795 2083 1888 2134 ἀν-

319 2182 570 2235 ύποιστον
587 2180 921 2248 δώσουσινοή
953 2178 1009 2230 δὲ
1036 2176 1262 2246 ἀλήθεια
1285 2175 1577 2244 διαλάμψει
1602 2172 1884 2244 μειζόνως,

317 2274 374 2324 οὑ
400 2273 528 2341 παρ’
582 2271 778 2339 ὀλίγων
833 2269 1085 2338 πονηρῶν
1135 2266 1490 2336 ἐλεγχομένη,
1541 2265 1676 2319 άλλά
1705 2264 1878 2334 ταύτῃ

320 2362 552 2433 μάλιστα
579 2360 935 2432 λαμπροτέρα
959 2360 1240 2431 γινομένη,
1277 2359 1358 2412 ὅτι
1387 2359 1513 2420 τοὺς
1545 2357 1618 2426 μὴ
1644 2355 1882 2428 ἐρῶντας

318 2454 504 2522 αὐτῆς,
531 2452 807 2515 δυσκλεεῖς
830 2451 1229 2518 ἀποφαίνουσα,
1259 2452 1383 2514 τοὺς
1405 2449 1641 2520 ἐραστὰς
1670 2447 1886 2501 εὐκλεε-

319 2543 544 2604 στάτους
574 2540 967 2611 ἀπεργάζεται.

635 2674 802 2728 mea
835 2705 905 2713 —
951 2673 1250 2744 errem
1288 2673 1609 2743 ΔΙΑΚΟΝῼ.

1995 1787 2112 1842 Non
2139 1787 2285 1841 enim
2308 1785 2356 1840 si
2385 1785 2614 1839 infinitis
2659 1785 2736 1838 illi
2763 1793 2893 1840 sunt
2939 1783 3126 1842 referti
3185 1785 3359 1848 malis,
3393 1794 3468 1851 et,
3505 1792 3567 1838 ut

1988 1877 2280 1947 scripsisti,
2331 1883 2558 1931 cunctos
2598 1875 2894 1930 sceleribus
2943 1876 3058 1931 suis
3107 1876 3425 1940 obscurant,
3450 1875 3566 1945 jam

1988 1969 2167 2024 oratio
2190 1983 2218 2020 a
2251 1967 2408 2021 nobis
2438 1968 2669 2022 veritate
2719 1968 2934 2021 ﬁrmata
2967 1969 3332 2022 subvertetur.
3367 1967 3564 2023 Verum

1987 2059 2062 2113 illi
2093 2059 2226 2113 tales
2267 2066 2392 2128 post
2434 2058 2914 2126 reprehensionem
2954 2058 3121 2112 etiam
3168 2058 3567 2114 intolerandam

1988 2149 2138 2204 luent
2169 2163 2408 2216 poenam.
2440 2149 2559 2218 Ipsa
2587 2160 2770 2202 autem
2813 2149 3017 2204 veritas
3056 2152 3228 2220 magis
3267 2150 3562 2215 elucescet,

1988 2256 2095 2294 non
2139 2255 2170 2293 a
2216 2239 2404 2310 paucis
2457 2241 2719 2309 improbis
2746 2241 3104 2310 reprehensa,
3145 2243 3240 2297 sed
3292 2242 3395 2297 hoc
3441 2242 3564 2311 ipso

1989 2329 2188 2384 clarior
2236 2330 2401 2395 facta,
2436 2331 2580 2399 quod
2625 2345 2722 2386 vos
2753 2332 2936 2386 hostes
2975 2332 3235 2403 inglorios
3270 2332 3567 2388 ostendens

1992 2431 2267 2478 amatores
2299 2421 2686 2477 celeberrimos
2707 2421 2935 2476 eﬂiciat.

2203 2670 2530 2726 CDLXXIX.
2576 2702 2645 2712 —
2687 2669 2988 2726 EUTONIO
3031 2671 3348 2727 DlACONO.

320 2786 474 2842 Multi
511 2797 774 2840 merentur
823 2802 1006 2839 nomen
1049 2795 1098 2838 et
1133 2803 1233 2838 non
1263 2784 1471 2846 habent,
1517 2787 1604 2837 sed
1649 2784 2049 2906 mulli/gum":
2078 2786 2288 2850 habent,
2337 2803 2494 2854 quam
2541 2801 2666 2839 uon'
2696 2796 2980 2839 merentur.
3034 2785 3250 2840 Invidia
3305 2789 3428 2841 boni
3461 2803 3572 2857 ,ενι

1837 2877 1863 2906 ιλ
1907 2865 2082 2906 urant.

1837 2865 2082 2908 aberant.

389 2986 594 3047 Πόσους
616 2987 716 3039 οῖει
751 2985 858 3039 τῶν
886 2984 1184 3055 ἀνθρώπων
1207 2983 1526 3054 ἀνωνύμους
1550 2987 1643 3037 καὶ
1665 2986 1886 3051 ἀδῦξους

2074 2986 2343 3052 antnam
2390 2995 2545 3054 putas
2587 2985 2833 3041 homines
2879 2973 2995 3041 sine
3046 2987 3185 3040 fama
3256 2988 3576 3059 ignotosque

316 3073 456 3129 εἶναι
489 3075 666 3145 πολλῷ
703 3077 1155 3147 σπουδαιοτέρους
1196 3076 1601 3145 γεγενημένους
1632 3075 1740 3129 τῶν
1765 3078 1885 3145 ᾁδοο

2002 3082 2175 3134 viverc
2205 3080 2420 3132 virtutis
2467 3078 2635 3147 magis
2680 3079 2948 3133 studiosos
2974 3079 3340 3148 clarioresque
3366 3121 3381 3145 ,
3413 3096 3574 3150 quam

321 3169 498 3238 μένων
527 3185 542 3234 ;
575 3168 651 3239 τῷ
677 3171 805 3230 τοὺς
831 3170 928 3238 μὲν
954 3169 1194 3236 ποιητῶν
1218 3171 1404 3236 τυχεῖν
1442 3169 1535 3220 καὶ
1562 3167 1883 3235 λογοποιῶν,

317 3259 428 3312 τῶν
461 3261 571 3312 πᾶν
604 3259 666 3311 τὸ
700 3258 1072 3329 πραττόμενον
1103 3259 1178 3327 μὴ
1203 3256 1338 3324 πρὸς
1371 3256 1469 3326 τὴν
1497 3255 1753 3325 ἀλήθειαν
1775 3274 1892 3328 κριο

317 3351 540 3410 νόντων,
565 3349 702 3402 ἀλλὰ
728 3347 863 3418 πρὸς
885 3348 953 3418 ἢν
987 3343 1132 3418 εἶχον
1149 3346 1358 3400 εὔνοιαν
1383 3346 1892 3417 ὑπολαμϐανόντων,

322 3440 416 3491 καὶ
446 3438 506 3490 τὸ
539 3435 886 3508 κατορθωθὲν
909 3437 1286 3506 οὐρανόμηκες
1318 3434 1614 3488 ποιούντων
1638 3453 1652 3466 ο
1681 3437 1807 3499 τοὺς
1835 3435 1892 3489 δὲ

325 3529 402 3598 μὴ
474 3526 766 3597 ἐσχηκέναι
807 3525 934 3589 τοὺς
989 3526 1336 3596 ὑμνήσαντας
1380 3526 1466 3578 διὰ
1496 3525 1710 3594 φθόνον,
1759 3526 1896 3595 ὅπερ

320 3622 443 3680 ταῖς
464 3618 743 3688 λαμπραῖς
763 3615 1025 3687 πράξεσιν
1051 3615 1366 3670 ἀκολουθεῖν
1384 3615 1600 3670 εἴωθεν.
1627 3616 1897 3671 Ἐνταῦθα

337 3710 440 3780 μὲν
476 3705 568 3763 οὖν
605 3711 653 3762 εἰ
687 3709 780 3762 καὶ
823 3706 1008 3772 ἔδοξαν
1039 3710 1086 3761 oi
1123 3709 1220 3778 μὲν
1255 3709 1721 3780 ἀνακεκηρύχθαι,
1753 3710 1803 3761 οἱ
1841 3708 1898 3761 δέ

328 3799 721 3868 σεσιωπῆσθαι,
754 3798 846 3852 τοῦ
878 3799 1083 3867 κόσμου
1107 3797 1290 3851 λοιπὸν
1322 3801 1401 3862 είς
1433 3801 1586 3862 τέλος
1608 3799 1900 3868 ἐπειγομέ-

327 3908 448 3952 νου,
484 3891 662 3942 ἐκεῖσε
691 3891 819 3954 τοὺς
854 3889 1024 3953 ὅντως
1065 3890 1351 3960 λαμπροὺς
1385 3892 1478 3943 καὶ¹
1507 3891 1749 3956 ἐνδόξους
1775 3891 1902 3959 ὀψό-

332 3979 499 4051 μεθα,
533 3981 630 4050 τῆς
677 3979 826 4042 θείας
855 3979 1012 4048 δίκης
1040 3980 1140 4031 οὐκ
1177 3979 1506 4049 ἀνεξομένης
1535 3981 1598 4031 ἐκ
1623 4041 1627 4044 η
1650 3980 1747 4049 τῆς
1794 3979 1902 4032 τῶν

328 4068 637 4140 ἀνθρώπων
685 4068 842 4139 δόξης
875 4069 1122 4136 ἐνεγκεῖν
1167 4068 1264 4138 τὴν
1315 4069 1514 4139 ψῆφον,
1555 4067 1669 4122 ἀλλ’
1702 4071 1766 4122 ἐκ
1802 4069 1904 4138 τῆς

326 4162 558 4224 οἰκείας,
589 4160 687 4230 τῆς
733 4161 1060 4231 εἰλικρινοῦς
1128 4162 1223 4215 καὶ
1265 4162 1631 4218 ἀδιαπτώτου.
1683 4164 1775 4234 Μὴ
1810 4160 1904 4217 οὖν

323 4257 613 4325 ὀλιγωρει,
642 4257 692 4308 εί
729 4253 1151 4325 οὐρανοπολίτης
1181 4253 1255 4307 ὣν
1299 4255 1397 4318 τὰς
1421 4254 1529 4308 τῶν
1571 4254 1906 4324 φθονούντων

340 4364 427 4399 σοι
447 4345 692 4415 γλώττας
720 4346 924 4418 αἰχμῆς
945 4346 1198 4417 νεηκόνου
1226 4345 1486 4416 ὀξυτέρας
1513 4346 1744 4418 αἰσθάνῃ
1768 4347 1906 4401 κατά

343 4434 548 4489 σαυτοῦ
579 4436 902 4507 φερομένας,
931 4434 1068 4489 ἀλλά
1095 4433 1182 4488 διὰ
1204 4434 1360 4488 τοῦτο
1393 4435 1625 4505 μάλιστα
1661 4436 1906 4508 λαμπρό-

337 4544 503 4599 τερος
535 4525 753 4580 ἐσεσθαι
791 4527 1178 4598 προσδόκησον.

804 4683 933 4736 Υην.
975 4713 1042 4722 -
1077 4683 1162 4753 Tn
1195 4683 1398 4754 ΛΥΤῼ.

1997 3172 2051 3226 1ιὶ
2082 3186 2306 3240 quorum
2336 3169 2696 3222 deeamantur
2726 3169 2992 3223 nomina?
3024 3169 3085 3224 lli
3110 3172 3254 3225 enim
3277 3173 3421 3225 nacti
3454 3171 3575 3241 qui-

1995 3266 2113 3318 dem
2163 3271 2284 3317 suut
2317 3276 2500 3330 poetas
2527 3273 2686 3330 atque
2722 3262 3030 3329 historicos,
3066 3279 3149 3318 res
3179 3273 3358 3333 gestas
3387 3279 3577 3320 omnes

1998 3372 2102 3410 non
2138 3372 2202 3409 ex
2237 3369 2384 3422 vero,
2409 3354 2502 3407 sed
2530 3353 2694 3407 animi
2747 3354 3122 3408 benevolentia
3157 3355 3208 3408 in
3245 3355 3416 3424 majus
3447 3370 3576 3424 pro-

1999 3450 2280 3511 vellentes,
2323 3456 2376 3499 et
2407 3446 2668 3515 quidquid
2712 3456 2860 3499 recte
2902 3447 3101 3501 factum
3148 3447 3200 3500 in
3236 3447 3430 3502 ccelum
3464 3446 3580 3500 lau-

1998 3540 2154 3594 dibus
2188 3537 2521 3591 extulerunt.
2569 3534 2642 3589 llli
2691 3547 2878 3590 contra
2937 3538 3005 3592 ob
3057 3536 3313 3592 invidiam
3339 3537 3478 3606 (qua:
3510 3536 3575 3591 il-

2000 3630 2188 3684 lustria
2229 3629 2543 3697 plerumque
2585 3629 2787 3695 stipare
2827 3627 2967 3682 facta
3011 3628 3318 3698 consuevit)
3353 3629 3576 3683 minime

2001 3721 2275 3776 consecuti
2307 3720 2396 3787 qui
2431 3718 2806 3787 pra’adicanent.
2831 3716 2930 3772 llic
2971 3719 3133 3786 igitur
3158 3719 3257 3772 etsi
3285 3718 3573 3772 videantur

2003 3812 2054 3865 hi
2119 3811 2332 3876 quidem
2395 3809 2700 3876 praedicari,
2766 3808 2838 3861 illi
2911 3824 3040 3862 vero
3099 3808 3314 3863 silentio
3376 3809 3574 3877 premi,

2005 3901 2204 3955 mundo
2228 3898 2441 3951 tandem
2477 3899 2542 3949 ad
2577 3899 2735 3949 linem
2763 3898 3014 3962 deducto,
3043 3897 3153 3952 illic
3184 3912 3368 3951 revera
3399 3897 3578 3953 claros

2005 4002 2060 4046 et
2085 3991 2350 4061 gloriosos
2382 3988 2702 4052 videbimus,
2751 3989 2844 4042 Dei
2885 3988 3098 4056 justitia
3134 4003 3236 4042 non
3273 3989 3582 4044 sustinente

2007 4080 2319 4149 suﬂ'ragium
2363 4078 2506 4132 ferre
2535 4091 2600 4132 ex
2636 4078 2936 4143 hominum,
2977 4079 3071 4132 sed
3113 4092 3180 4131 ex
3217 4079 3432 4147 propria
3463 4079 3580 4132 sin-

2007 4186 2128 4226 cera
2177 4180 2338 4238 atque
2375 4168 2580 4222 erroris
2627 4175 2848 4235 experte
2895 4167 3188 4221 sententia.
3229 4166 3372 4220 Cave
3418 4167 3584 4235 igitur

2009 4275 2136 4330 agas
2165 4259 2377 4328 ignave,
2397 4259 2442 4312 si
2469 4257 2873 4312 emliexsisteus
2896 4256 3072 4312 incola
3103 4256 3195 4311 tibi
3225 4257 3577 4310 invidentium

2010 4349 2221 4420 linguas
2250 4356 2407 4402 acuto
2439 4347 2660 4416 cuspide
2708 4346 2978 4401 acutiores
3023 4345 3228 4415 pridem
3275 4345 3330 4399 in
3383 4355 3433 4401 te
3474 4344 3583 4416 jaci

2010 4439 2238 4504 sentias,
2280 4438 2374 4494 sed
2406 4453 2502 4508 per
2531 4438 2647 4494 haec
2689 4438 2870 4507 potius
2921 4435 3204 4491 clariorem
3233 4445 3285 4491 te
3311 4435 3426 4491 fore
3451 4450 3586 4490 eon-

2013 4531 2185 4586 lldito.

2486 4683 2786 4738 CDLXXX.
2819 4715 2888 4725 —
2919 4684 3150 4739 EIDEM.

1121 4792 1343 4845 Virtutis
1383 4793 1614 4845 studium
1643 4797 1894 4858 praeconii
1921 4815 2008 4866 spe
2031 4801 2216 4853 alitur.
2253 4799 2379 4866 Spes
2415 4798 2549 4852 bona
2580 4799 2671 4850 dat
2694 4797 2845 4850 vires.

417 4931 578 4993 Ἴσθι,
617 4931 698 4983 ὅτι
726 4930 839 4990 τοῖς
859 4926 958 4994 τῆς
981 4925 1181 4994 ἀρετῆς
1207 4923 1390 4986 πόνοις
1418 4925 1480 4976 ἐκ
1504 4924 1727 4994 πρώτης
1753 4925 1912 4998 μέχρι

338 5023 608 5092 τελευτῆς
634 5019 1041 5090 ἐγκαρτερῆσαι
1071 5015 1168 5085 οὐχ
1190 5008 1301 5068 οἷόν
1325 5031 1405 5074 τε,
1450 5014 1524 5084 μὴ
1549 5016 1648 5084 τῆς
1684 5017 1913 5083 προσδο-

251 5132 253 5134 ·
339 5117 470 5177 κίας
498 5113 608 5166 τῶν
639 5111 818 5183 γερῶν
845 5107 1182 5179 κιρναμένης
1232 5106 1412 5176 ἠρέμα
1456 5107 1533 5176 τῷ
1579 5107 1782 5176 ἱδρῶτι,
1821 5107 1917 5160 καὶ

338 5205 489 5259 κατὰ
535 5204 710 5274 βραχὺ
771 5199 994 5261 ἀλύπως
1042 5215 1102 5249 τε
1146 5197 1238 5250 καὶ
1285 5197 1521 5263 κούφως,
1578 5197 1671 5249 καὶ
1720 5197 1920 5267 τρόπον

340 5298 468 5349 τινὰ
503 5297 621 5364 μετ’
660 5290 1004 5364 εὐφροσύνης
1047 5287 1526 5359 παραπεμπούσης
1558 5287 1649 5339 ἐπὶ
1701 5287 1762 5338 τὸ
1809 5287 1916 5341 τῶν

336 5388 573 5452 ἀγώνων
615 5386 790 5448 τέλος.
843 5383 905 5436 El.
952 5380 1130 5435 τοίνυν
1189 5379 1405 5433 θεάσοιο
1450 5376 1736 5447 ἄνθρωπον
1789 5377 1916 5441 τοὺς

339 5485 543 5542 πόνους
584 5481 683 5549 τῆς
712 5477 932 5547 ἀρετῆς,
970 5475 1068 5538 τὰς
1101 5473 1200 5542 τῆς
1234 5471 1448 5543 τρυφῆς
1481 5473 1593 5533 τοῖς
1630 5471 1915 5542 ἐχέφροσιν

339 5572 562 5639 ἡδονὰς,
593 5569 883 5637 φεύγοντα,
917 5565 1027 5618 ἴσθι
1057 5564 1138 5618 ὅτι
1190 5562 1345 5624 ἐλπὶς
1378 5559 1526 5631 αὐτῷ
1577 5562 1788 5632 χρηστὴ
1818 5562 1918 5616 οὐκ

342 5662 523 5717 ἀνθεῖ.

2089 4932 2234 4988 Scito
2274 4932 2385 4985 lieri
2429 4948 2530 4986 non
2563 4943 2720 4999 posse
2749 4939 2804 4980 ut
2837 4927 2958 4996 quis
2990 4927 3056 4979 ab
3092 4925 3315 4980 exordio
3339 4927 3403 4980 ad
3433 4928 3593 4983 linem

2019 5040 2188 5094 usque
2229 5023 2441 5076 labores
2478 5036 2574 5087 pro
2615 5021 2815 5074 virtute
2853 5021 3128 5086 susceptas
3159 5029 3470 5074 conatanter
3511 5030 3595 5074 too

2024 5118 2180 5180 leret,
2210 5114 2311 5168 nisi
2342 5113 2683 5180 praemiorum
2717 5109 2946 5163 admista
2977 5111 3384 5180 exspectatione
3410 5113 3595 5168 sudori

2026 5205 2303 5277 paulatim,
2331 5212 2386 5258 et
2413 5203 2540 5266 cito,
2575 5201 2978 5268 indolenterque
3009 5216 3070 5255 ac
3102 5200 3317 5267 leuiter,
3349 5214 3412 5256 ac
3439 5202 3598 5257 modo

2022 5297 2256 5368 quodam
2289 5309 2409 5348 eum
2445 5291 2714 5347 hilaritate
2745 5291 3017 5360 praemissa
3044 5305 3213 5360 usque
3249 5293 3315 5346 ad
3343 5291 3597 5347 certami-

2025 5401 2152 5441 num
2185 5395 2508 5440 extremum.
2544 5381 2599 5436 Si
2640 5381 2819 5450 itaque
2850 5381 3117 5436 hominem
3153 5382 3352 5438 videris
3377 5383 3596 5437 virtutis

2027 5475 2239 5529 labores
2302 5474 2443 5543 (qua:
2518 5471 2870 5542 prudentibus
2945 5472 3212 5527 deliciosae
3294 5472 3596 5542 voluptates

2027 5563 2314 5634 exsistunt)
2349 5563 2663 5633 fugientem,
2701 5564 2911 5618 noveris
2955 5564 3148 5618 bonam
3181 5564 3254 5619 illi
3304 5579 3452 5634 spem
3484 5580 3592 5620 non

2034 5654 2283 5722 relinqui.
