3974 6144
572 226 708 296 1607
1751 232 1818 291 ’5.
1854 225 2145 292 ISIDORI
2170 224 2619 292 PEI.USIOT.’E
3597 228 3681 297 illis

914 338 1072 415 702
1106 338 1431 400 cccxxxt.
1478 377 1549 390 —
1587 343 1814 401 manu.
2169 364 2220 420 Α

1755 346 1814 400 li.
2169 364 2220 420 Α
2705 348 2881 399 ιἰιιιν.
2914 378 2979 386 -
3005 346 3091 414 re
3140 338 3324 417 ΛΥΤῼ.

1213 463 1287 515 De
1322 456 1579 532 corruptis
1612 463 1941 517 sacerdotum
1966 464 2317 533 quorumdam
2348 465 2599 520 moribus.
2632 465 2811 535 (σοιτί.
2845 465 2997 533 epist.
3032 465 3176 527 552.)

647 573 909 627 Te‘rribile
938 582 1103 638 nunc,
1132 584 1183 627 et
1217 574 1370 628 valde
1397 576 1611 643 quidem
1659 576 1901 629 terribile
1945 586 2027 629 est
2076 576 2145 630 ad

2123 576 2145 630 1
2323 578 2558 647 Φοόερόν
2588 580 2726 643 ἐστι,
2760 578 2855 631 xui
2883 570 3000 631 λίαν
3043 577 3265 648 φοϐερὸν
3290 577 3345 631 τὸ
3375 579 3445 641 είς
3480 580 3692 651 ἱερωσύνην

572 665 929 718 sacerdotium
958 666 1288 735 pertingere.
1328 658 1571 721 Alterum
1601 668 1744 720 enim
1776 668 1965 720 horum
2000 669 2141 720 acci-

2119 696 2145 707 -
2256 668 2372 719 vovi.
2406 668 2641 721 τελέσαι.
2672 670 2827 720 Δυοῖν
2860 668 2968 738 γὰρ
2992 667 3139 738 αὐτῷ
3181 669 3389 738 θάτερον
3418 668 3688 738 συμϐήσεται·

574 756 703 807 dere
726 753 862 807 solet
892 772 905 808 :
938 767 1022 808 aut
1049 755 1205 823 juxta
1232 769 1441 811 veteres
1469 766 1522 811 et
1551 757 1878 826 apostolicus
1904 771 2143 811 canones

2123 771 2145 809 s
2251 758 2286 827 ἢ
2335 758 2478 812 κατά
2515 760 2641 821 τοὺς
2693 758 2954 829 ἀρχαίους
3006 760 3100 813 xui
3149 760 3499 822 ἀποστολικοὺς
3535 761 3692 821 κανόνας

574 847 844 899 viventem
882 847 1112 900 invisum
1137 860 1285 910 ‘csse,
1317 849 1631 916 insidiisque
1657 850 1831 917 appeti
1864 851 1930 901 ab
1960 850 2023 902 iis
2054 850 2143 916 qui

2129 850 2143 902 l
2252 847 2430 910 ζῶντα
2470 847 2765 918 μισηθῆναι
2790 849 2883 901 xui
2924 848 3359 917 ἐπιϐουλευθῆναι
3386 849 3509 919 παρὰ
3531 850 3611 901 τῶν
3631 851 3692 918 τὴν

571 946 719 991 nime
760 954 857 1005 per
889 950 1233 1005 apparentem
1262 955 1455 994 noxam
1482 950 1542 994 et
1568 940 1897 1009 illegitlmam
1922 955 2140 992 consue-

2123 966 2145 981 ο
2251 940 2372 991 νυνὶ
2421 939 2834 992 ὲπιπολάσασαν
2881 939 3150 1007 ὲπιϐλαὸῆ
3185 940 3272 992 xui
3315 941 3575 1008 παράνομον
3608 957 3690 993 συν-

577 1030 837 1091 tudinem,
875 1036 1128 1096 tanquam
1162 1029 1256 1082 Dei
1287 1039 1508 1083 servent
1551 1030 1743 1097 legem,
1781 1040 2029 1097 recteque
2062 1030 2145 1081 'vi—

2124 1058 2145 1069 -
2252 1022 2445 1098 ἠοειαν
2486 1030 2565 1093 ὡς
2587 1032 2751 1100 νόμον
2774 1031 2920 1083 θεῖον
2948 1031 3330 1100 φυλαττόντων,
3359 1033 3440 1084 xui
3463 1033 3561 1094 τοὺς
3577 1031 3693 1100 ὀρθῶς

574 1129 762 1174 ventes
800 1119 1105 1186 expellunt;
1132 1129 1222 1172 aut
1258 1119 1661 1173 submittentem
1696 1134 1784 1182 se,
1834 1129 1888 1171 ct
1933 1120 2143 1187 pr0pria

2122 1134 2145 1174 ει
2254 1119 2503 1189 βιοῦντας
2529 1122 3059 1193 ὲξοστρακιζόντων’
3090 1116 3123 1192 ἢ
3154 1122 3592 1175 ὑποκατακλίναντα
3605 1123 3691 1175 ἑαυ-

574 1209 813 1277 neglecta
873 1212 1065 1273 salute,
1106 1210 1287 1264 multis
1331 1210 1450 1263 aliis
1500 1209 1702 1263 ‘oll'erre
1742 1209 2143 1274 oll'uudiculum,

2131 1249 2146 1274 ,
2254 1209 2367 1273 τὸν,
2396 1210 2491 1263 xui
2516 1211 2617 1281 τῆς
2643 1212 2838 1263 ἑαυτοῦ
2876 1212 3166 1281 ἁφειδῆσαι
3192 1210 3455 1279 σωτηρίας,
3477 1210 3693 1268 καὶάλλου;

573 1317 682 1371 quo
709 1302 907 1370 duplici
939 1302 1154 1354 nomine
1186 1303 1431 1371 ingentes
1458 1313 1583 1355 sunt
1613 1316 1801 1370 ptenas
1820 1302 2016 1357 daturi.
2050 1301 2142 1355 Fc-

2123 1323 2152 1349 μ-
2259 1301 2489 1365 πολλοὺς
2523 1302 2895 1368 σκανδαλίσαι,
2934 1302 3075 1372 ὑπὲρ
3099 1295 3170 1353 ὧν
3198 1303 3285 1354 καί
3310 1300 3446 1364 δίκας
3486 1300 3692 1369 σφοδροτά-

573 1393 729 1446 licem
751 1395 935 1462 itaque
964 1395 1202 1456 nomino,
1238 1393 1330 1459 qui
1365 1394 1467 1445 huc
1502 1402 1688 1460 captus
1713 1408 1815 1447 non
1851 1393 1918 1446 sit
1946 1407 2142 1447 amore.

2125 1414 2148 1446 ε.
2258 1409 2357 1455 τας
2382 1392 2565 1447 δώσει.
2602 1395 2892 1464 Μακάριον
2928 1393 3028 1464 μὲν
3056 1390 3146 1447 οὖν
3178 1393 3235 1446 τὸ
3267 1393 3387 1462 μηδὲ
3415 1391 3577 1445 ἁλῶναί
3611 1406 3694 1441 ποτε

570 1484 632 1540 Si
661 1501 789 1539 vero
828 1501 932 1538 non
967 1495 1155 1553 captus
1186 1486 1485 1547 ordinetur,
1528 1484 1758 1551 primum
1806 1493 1984 1537 servet
2026 1498 2139 1550 pro«

2122 1512 2151 1525 -
2257 1482 2335 1553 τῷ
2380 1484 2608 1555 τοιούτῳ
2650 1485 2833 1556 ἔρωτι,
2865 1487 2927 1539 Εἰ
2973 1486 3031 1539 δὲ
3083 1486 3156 1555 μὴ
3203 1484 3350 1548 ἁλοὺς
3375 1482 3691 1554 χειροτονηθείη.

574 1578 806 1646 positum
830 1585 1064 1644 oportet,
1094 1588 1391 1644 magnaque
1415 1573 1665 1642 loquendi
1700 1573 1966 1636 libertate,
2002 1573 2143 1627 anti-

2126 1603 2145 1615 -
2256 1575 2464 1645 ὲχέσθω
2493 1576 2584 1629 τοῦ
2616 1578 2880 1647 προτέρου
2918 1577 3142 1640 σκοποῦ,
3189 1577 3276 1630 xui
3315 1574 3435 1646 μετὰ
3476 1572 3695 1644 παρρησίας

573 1682 678 1737 qua
706 1678 867 1736 atque
905 1666 1200 1736 apostolica
1249 1674 1474 1721 renovet
1521 1666 1756 1728 decreta,
1794 1676 1866 1717 ne
1898 1666 2142 1719 sacerdo-

2125 1694 2150 1706 ι·
2185 1655 2224 1709 Β
2255 1669 2322 1718 τὰ
2350 1667 2556 1737 ἀρχαῖα.
2578 1668 2670 1720 xui
2703 1666 3037 1720 ἀποστολικά
3066 1667 3354 1735 πράγματα
3373 1663 3627 1724 ἀνανεούτω,
3648 1662 3694 1729 μὴ

572 1758 707 1810 timn
754 1750 897 1813 tinnc
941 1757 1373 1827 propinantibus,
1435 1756 1725 1824 omniaque
1774 1763 1829 1809 et
1887 1757 2069 1810 dicere
2097 1765 2141 1811 et

2126 1765 2150 1810 ι
2255 1760 2368 1820 τοῖς
2394 1757 2487 1809 νῦν
2519 1758 2844 1828 προτείνουσι
2886 1757 2984 1827 τὴν
3015 1758 3323 1828 ἱερωσύνην,
3348 1758 3428 1810 xui
3468 1755 3603 1808 πάντα
3639 1754 3695 1805 tui

573 1847 752 1903 facere
799 1849 959 1902 licere
989 1849 1090 1902 sibi
1123 1849 1491 1917 opinantibus,
1527 1847 1579 1900 in
1612 1846 1759 1900 vitiis
1796 1852 2142 1914 cooperetur.

2132 1885 2147 1902 .
2255 1847 2436 1916 λέγειν
2476 1851 2571 1902 xui
2614 1849 2877 1920 πράττειν
2927 1849 3130 1913 ἐξεῖναι
3159 1850 3331 1912 αὐτοῖς
3363 1848 3622 1915 νομίζουσιν,
3646 1844 3696 1904 είς

571 1936 797 1991 Praestat
846 1937 991 1991 enim
1045 1939 1256 1991 insidiis
1306 1937 1485 2005 appeti
1536 1953 1602 1993 ac
1657 1938 1831 2007 rejici,
1875 1952 2037 2007 quam
2092 1937 2140 1991 id

2124 1937 2147 1991 cl
2253 1938 2321 1991 τά
2370 1937 2690 2008 πταίσματα
2731 1938 3127 2010 συμπράττων.
3173 1922 3411 2009 κρεῖττον
3438 1935 3524 2005 γὰρ
3554 1933 3693 1986 τὺὲπι-

568 2041 741 2096 gcuus
768 2029 1047 2098 aggregari
1077 2029 1405 2083 hominibus.

2255 2030 2613 2100 ϐουλευθῆναι
2642 2031 2735 2083 καί
2762 2029 3326 2101 ἀποχειροτονηθῆναι,
3354 2026 3433 2080 τοῦ
3456 2023 3566 2096 μετὰ
3582 2019 3695 2074 τοιού-

2252 2140 2361 2177 των
2405 2122 2613 2194 ἀνδρῶν
2640 2121 2940 2192 τετάχθαι.’

762 2210 1113 2268 CDLXXXII.
1146 2244 1205 2253 —
1238 2213 1584 2269 LAMPETIO
1623 2213 1970 2271 EPISCOPO.

1957 2255 1970 2269 .
2518 2211 2691 2266 rnB'.
2724 2242 2795 2252 —
2822 2214 3179 2283 ΛΑΜΠΕΤΙῼ
3207 2212 3518 2281 Εωεκυιιι).

998 2303 1070 2357 De
1100 2305 1433 2371 improbitate
1455 2304 1673 2369 Zosimi,
1700 2307 2106 2375 sociorumque:
2138 2317 2232 2373 pro
2265 2303 2329 2357 iis
2358 2302 2643 2355 orandum.
2677 2300 2866 2370 (Supr.
2899 2304 3055 2370 epist.
3098 2302 3219 2370 437,
3252 2303 3384 2371 MO.)

643 2397 954 2465 Deplorare,
984 2414 1089 2452 non
1119 2399 1410 2453 conviciari
1458 2401 1625 2455 debes
1652 2400 1962 2467 Eusebium,
1992 2401 2148 2455 Clim-

2122 2425 2148 2441 -
2324 2398 2399 2450 Ού
2446 2397 2749 2466 κωμῳδεῖν,
2800 2395 2936 2449 ἀλλὰ
2988 2397 3335 2467 καταθρηνεῖν
3370 2394 3556 2463 ὀφείλεις
3580 2384 3690 2443 Εὐτέ-

575 2501 799 2563 remona
828 2495 881 2539 et
914 2487 1211 2553 Zosimum,
1246 2490 1639 2558 improborum,
1667 2501 1727 2544 ut
1757 2491 1973 2556 scribis,
2002 2506 2144 2546 sum-

2123 2519 2149 2534 ο
2250 2488 2365 2543 ὄιον
2391 2506 2449 2542 τε
2473 2490 2566 2541 xui
2590 2489 2916 2560 Χαιρήμονα
2942 2490 3036 2541 xui
3058 2490 3311 2558 Ζώσιμον,
3330 2486 3456 2563 τοὺς,
3478 2484 3537 2545 ὡς
3557 2481 3690 2548 γέγρα-

574 2592 713 2640 mos,
741 2592 804 2631 ac
829 2577 1031 2630 malitia
1084 2570 1301 2632 nemini
1338 2581 1715 2634 concedentes.
1766 2581 1919 2645 Quod
1964 2584 2008 2635 si
2044 2582 2143 2635 Eu-

2126 2610 2152 2622 -
2252 2598 2382 2649 φας,
2399 2580 2861 2651 κορυφαιοτάτους
2887 2580 2999 2632 τῶν
3026 2580 3227 2643 κακῶν,
3252 2580 3335 2631 xui.
3357 2574 3513 2647 μηδενὶ
3534 2569 3690 2639 ὑπερεθ-

573 2668 805 2722 statbius
853 2682 972 2720 cum
1028 2667 1246 2722 Marone
1302 2668 1494 2723 iisdem
1546 2670 1859 2725 insistentes
1911 2673 2142 2740 vestigiis

2124 2688 2152 2727 s
2251 2674 2349 2744 λήν
2378 2672 2836 2741 καταλείψαντας.
2873 2673 2936 2725 Εἰ
2962 2672 3021 2725 δὲ
3055 2674 3146 2727 xui.
3180 2670 3443 2729 Εὑστάοιος
3465 2666 3538 2720 xui
3554 2664 3689 2729 Μάρων

576 2757 715 2811 vinci
761 2758 996 2810 nondum
1049 2766 1357 2824 potuerunt,
1387 2759 1754 2829 excedentque
1776 2772 1829 2814 et
1850 2760 1924 2814 illi
1953 2761 2145 2830 iniqui-

2119 2762 2153 2814 ἱ·-
2250 2767 2363 2829 τοῖς
2430 2765 2631 2834 ἴχνεσιν
2678 2764 2860 2816 αὐτῶν
2935 2764 3369 2824 ἀκολουθοῦντες,
3416 2757 3580 2811 οὐδέπω
3626 2753 3688 2818 μὲν

575 2855 705 2910 tate,
734 2847 801 2899 ad
834 2856 953 2899 vota
985 2861 1049 2900 ac
1085 2862 1271 2915 preces
1308 2858 1606 2913 vertamur,
1650 2860 1710 2903 ut
1740 2851 1985 2919 utrisque
2017 2850 2144 2904 resi-

2119 2879 2151 2902 ι·
2179 2891 2223 2949 C
2260 2853 2630 2925 ἁμιλληῦῆναι
2675 2852 3018 2923 δεδύνηνται,
3049 2853 3196 2921 δῆλοι
3220 2852 3275 2905 δέ
3311 2851 3403 2902 είσι
3427 2847 3500 2899 xui.
3521 2838 3688 2949 enim:

571 2936 813 3005 piscendi
850 2936 902 2990 in
940 2937 1190 3005 viamque
1237 2939 1496 2993 redeundi
1548 2939 1882 3007 facultatem,
1924 2941 2083 2996 veluti
2121 2956 2140 2996 ε

2121 2956 2152 2996 e
2181 2929 2223 2949 υ
2258 2945 2538 3016 λούμενοι’
2577 2946 2657 3006 εἰς
2681 2943 2845 3015 εὐχὴν
2890 2944 3214 3014 τρεψοίμην,
3248 2942 3376 2995 ὣστε
3403 2936 3610 2993 κάκείνοις
3631 2929 3687 2979 καὶ

573 3025 822 3080 machina
878 3029 1175 3097 respiciens
1217 3044 1334 3093 eos,
1380 3031 1518 3085 Deus
1570 3032 1850 3101 largiatur.
1900 3031 2142 3088 Fortasse

2116 3049 2154 3088 te
2249 3039 2463 3101 τούτοις
2492 3020 2833 3107 μετάγνωσιν
2853 3034 3047 3107 ὥσπερ
3070 3039 3133 3088 ἐκ
3162 3032 3386 3106 μηχανῆς
3413 3043 3527 3089 τινος
3552 3026 3685 3088 ἐπιφα-

572 3115 743 3183 enim,
780 3116 879 3171 etsi
922 3133 1224 3188 repugnare
1250 3129 1327 3174 tot
1361 3121 1633 3189 tantisque
1669 3133 1937 3190 nequeant
1969 3130 2141 3176 tenta-

2121 3148 2144 3163 -
2250 3128 2427 3197 νῆναι.
2461 3126 2615 3197 Τάχα
2642 3143 2758 3189 πως
2791 3127 2841 3178 εί
2868 3126 2961 3178 xui
2989 3126 3064 3195 μὴ
3084 3118 3482 3194 ἀναμαχέσασθαι
3498 3110 3686 3179 δυνηθεῖεν

572 3206 780 3260 tionum
810 3210 1219 3276 certaminibus,
1262 3211 1450 3266 saltem
1497 3212 1678 3281 aliqua
1711 3213 1815 3267 illis
1850 3214 2141 3267 consolatin

2118 3228 2150 3262 η
2247 3219 2347 3282 τὰς
2382 3218 2647 3281 τοσαύτας
2692 3218 2787 3271 xui
2819 3216 3154 3287 τηλικαύτας
3186 3217 3358 3284 ἥττας,
3385 3208 3494 3266 ἀλλὰ
3516 3204 3593 3257 κᾶν
3622 3214 3686 3250 πα-

573 3297 734 3351 tantis
771 3310 957 3352 eorum
976 3298 1385 3366 probationibus
1405 3299 1676 3356 Obveniet.

2252 3308 2493 3379 ραμυοία
2522 3325 2605 3370 τις
2635 3308 2819 3370 αὐτοῖς
2841 3309 2899 3364 ὲν
2937 3311 3056 3373 τοῖς
3085 3308 3265 3369 δεινοῖς
3310 3303 3501 3360 ἐκείνοις
3538 3295 3685 3364 βίων

622 3473 996 3533 CDLXXXIII.
1055 3506 1126 3521 -—
1179 3478 1553 3536 TllEODORO
1611 3481 2101 3540 SCllOLASTICO.

2251 3399 2495 3469 στηρίοις
2520 3398 2761 3469 τεχθείη.

1950 3484 2101 3540 [ΊΟΟ.
2468 3490 2639 3543 TUI".
2674 3519 2743 3530 —
2788 3490 3097 3561 ΘΕΟΔΩΡῼ
3126 3478 3519 3548 ΣΧΟΛΔΣΤΙΚῼ.

1245 3572 1314 3629 Ut
1350 3577 1485 3630 vires
1507 3576 1699 3645 desint,
1732 3580 1973 3634 voluntas
2003 3580 2294 3637 laudanda.
2341 3584 2559 3655 (Confer
2599 3584 2823 3640 similem
2853 3586 3008 3653 epist.
3038 3585 3151 3652 25.)

646 3684 896 3740 Maximis
936 3685 1079 3741 vinci
1133 3686 1533 3744 laudationibus
1578 3704 1683 3745 non
1716 3690 2031 3747 indecorum
2061 3693 2147 3760 iis,

2110 3708 2147 3760 Β,
2315 3695 2428 3749 Οὐκ
2456 3694 2682 3766 αἰσχρὸν
2719 3695 2827 3748 τῶν
2881 3696 3156 3764 μεγίστων
3200 3687 3453 3760 ἐγκωμίων
3482 3671 3679 3766 ita”?

576 3776 670 3845 qui
725 3776 954 3831 dicendo
1016 3776 1303 3846 adtequare
1361 3780 1634 3833 orationes
1690 3790 1982 3848 nequeant,
2050 3796 2145 3837 nec

2110 3753 2151 3837 τέ
2243 3778 2324 3846 θῖς
2358 3753 2618 3848 ἔξισῶσῖι
2645 3785 2772 3847 τοὺς
2798 3753 2989 3852 λόγους
3020 3786 3116 3853 οὐχ
3164 3753 3266 3835 οἷόν
3293 3753 3347 3830 τε
3362 3791 3371 3803 ·
3397 3772 3497 3826 οὔτε
3536 3764 3612 3836 μὴν
3630 3753 3679 3811 δίδ

570 3884 781 3937 aequum
810 3869 1070 3938 dignitate
1096 3869 1446 3927 inferioribus
1478 3872 1732 3928 facultate
1754 3875 1919 3927 etiam
1952 3890 2139 3929 conce-

2110 3891 2149 3928 ιο
2246 3892 2421 3939 καιον,
2443 3877 2540 3946 τῆς
2562 3875 2719 3939 ἀξίας
2748 3876 3089 3947 ὑστεροῦσιν,
3113 3875 3211 3945 ἤδη
3235 3868 3384 3926 καὶτὸ
3397 3862 3510 3919 κατὰ
3528 3858 3679 3920 δύναμιν

569 3959 718 4014 dere.
758 3958 860 4023 Qui
894 3961 1038 4014 enim
1064 3960 1287 4019 laudare
1317 3967 1614 4029 contendit,
1638 3970 1813 4021 victus
1842 3978 2019 4022 autem
2044 3976 2138 4034 est,

2108 3976 2149 4034 t,
2247 3968 2531 4021 ἐλλείπειν.
2568 3969 2627 4022 '0
2641 3970 2749 4038 γὰρ
2779 3966 3063 4022 ἐπαινέσαι
3086 3964 3433 4037 φι)ονεικήσας
3460 3951 3677 4025 μὲνιήττηδ

569 4049 828 4117 propositi
860 4064 954 4103 seu
991 4050 1282 4108 voluntatis
1326 4055 1485 4109 laude
1520 4056 1931 4110 condecoratur.
1961 4060 2138 4123 Quare

2107 4073 2140 4113 θ
2247 4062 2359 4124 θεὶς
2388 4062 2466 4124 δὲ.
2529 4062 2596 4131 τῇ
2647 4064 2745 4131 τῆς
2814 4058 3185 4133 προαιρέσεως
3242 4053 3353 4123 δόξῃ
3411 4044 3675 4133 κεκόσμηξαι·

569 4139 620 4192 si
678 4141 1001 4196 rusticitatis
1068 4142 1349 4198 infamiam
1420 4146 1654 4215 abjicere
1686 4155 1792 4200 stat
1849 4149 2137 4216 sententia,

2103 4165 2137 4216 I,
2171 4149 2216 4204 D
2244 4150 2437 4205 οὐκοῦν
2470 4127 2595 4221 εἴγε.
2632 4127 2952 4221 σκαιότητος
2981 4127 3190 4215 ἀδοξίαν
3226 4134 3561 4221 ἀπορρίψασθαι

568 4239 839 4286 tentemus
889 4242 944 4285 et
977 4232 1099 4289 illos
1148 4234 1394 4299 laudare,
1434 4214 1661 4305 quorum
1697 4237 1812 4292 laus
1837 4240 2007 4308 major
2035 4214 2137 4305 est,

2103 4214 2141 4305 ι,
2236 4242 2461 4312 λὸμεθα,
2517 4214 2859 4313 ⁴πειρώμεθα⁷
2898 4214 3182 4305 κάκείνους
3223 4214 3452 4295 ἐπαινεῖν,
3476 4220 3539 4286 οἷς
3585 4214 3672 4281 ὑπὲρ

563 4334 729 4389 quam
781 4322 961 4379 verbis
1004 4334 1166 4393 queat
1191 4328 1443 4394 exprimi.
1497 4329 1716 4383 Prastat
1752 4332 1896 4384 enim
1938 4332 2132 4385 orati0<

2101 4347 2140 4385 ι·
2234 4312 2425 4397 λόγους
2455 4336 2483 4387 ὁ
2515 4312 2756 4397 ἔπαινος.
2788 4336 3046 4406 Ἀμεινον
3077 4333 3181 4404 γάρ
3206 4334 3259 4384 ὲν
3283 4329 3378 4388 τοῖς
3397 4323 3540 4388 λόγοις
3562 4312 3670 4406 ἥττω·

561 4412 723 4469 nibus
765 4414 942 4470 victos
996 4417 1065 4472 ob
1094 4419 1382 4473 consilium
1434 4420 1875 4490 voluntatemque
1910 4424 2130 4477 laudari.

2100 4424 2134 4477 i.
2247 4426 2444 4495 μένους
2474 4429 2539 4497 τῇ
2587 4429 2689 4497 τῆς
2737 4404 3112 4497 προαιρέσεως
3141 4404 3669 4481 καλλωπίζεσθαιεῦγν

2286 4534 2470 4571 οσυνη.

897 4597 1055 4668 703
1082 4597 1455 4657 CDLxxxw.
1484 4629 1551 4641 -
1575 4602 1801 4658 EIDEM.
2245 4534 2466 4590 "om!"

2245 4534 2470 4590 μοσυνῃ.

1761 4603 1801 4658 l.
2699 4610 2869 4664 rma
2902 4642 2972 4650 —
3015 4611 3102 4682 Τῼ
3148 4603 3328 4673 and.

977 4688 1334 4757 Belligerandi
1359 4702 1408 4743 et
1433 4693 1703 4746 societatis
1745 4693 1944 4748 bellica:
1988 4698 2290 4752 discrimen.
2329 4697 2512 4768 (Supr.
2548 4702 2700 4769 epist.
2724 4702 2851 4769 9.85,
2891 4705 3072 4756 eadem
3093 4715 3162 4756 est
3191 4693 3369 4764 initio.)
3652 4762 3664 4771 υ

634 4777 817 4849 Longe
855 4780 1020 4851 tutius
1048 4791 1131 4835 est
1162 4798 1268 4836 non
1303 4785 1642 4851 belligerare,
1677 4801 1834 4855 quam
1870 4789 1993 4843 belli
2039 4805 2129 4845 so-

2095 4813 2129 4838 ι-
2307 4792 2493 4862 Πολλῷ
2556 4794 2956 4866 ἀσφαλέστερον
3018 4798 3077 4849 τὸ
3138 4795 3209 4865 μὴ
3276 4780 3564 4855 πολεμεῖσθαί
3609 4782 3664 4819 τ⁰³

559 4868 812 4922 cietatem
866 4869 1023 4923 inire.
1068 4868 1201 4921 Illud
1271 4873 1413 4924 enim
1467 4872 1634 4926 otium
1693 4875 1886 4942 negotii
1939 4888 2128 4944 expers

2093 4889 2131 4929 ‘S
2237 4886 2659 4956 συμμαχεῖσθαι.
2694 4888 2767 4939 Τὸ
2790 4888 2889 4957 μὲν
2916 4888 3023 4959 γὰρ
3062 4886 3279 4957 ἡσυχίαν
3299 4882 3397 4950 εχει
3417 4870 3662 4959 impii“?

558 4958 714 5012 aliert
741 4976 757 5026 ;
788 4958 888 5011 hoc
911 4973 1037 5011 vero
1064 4975 1435 5028 saepenumero
1457 4964 1599 5030 cogit
1621 4979 1723 5016 una
1741 4980 1861 5018 cum
1890 4965 2048 5019 sociis
2078 4966 2127 5019 in

2096 4982 2128 5019 n
2235 4974 2295 5025 τὸ
2327 4974 2383 5025 δὲ
2406 4976 2704 5041 ἀναγκάζει
2742 4978 3107 5046 συμπολεμεῖν
3157 4972 3389 5029 πολλάκις
3426 4963 3513 5021 τοπ

560 5051 769 5104 hostem
826 5066 1086 5119 pUgnare,
1127 5055 1340 5106 tametsi
1399 5054 1593 5135 bellum
1650 5056 1906 5124 injustum
1950 5054 2129 5114 susce-

2092 5075 2129 5114 3-
2235 5080 2383 5129 auct,
2402 5065 2494 5116 xui
2516 5067 2563 5116 εί
2594 5065 2794 5129 ἀδίκως
2831 5068 3133 5136 πολεμοῖεν,
3156 5064 3243 5117 xui
3269 5060 3407 5130 χάριν
3431 5050 3567 5105 ἄδικον
3587 5046 3661 5089 αντ·

557 5142 758 5212 perint,
785 5152 839 5195 et
870 5140 1120 5209 injusta‘m
1150 5145 1376 5210 gratiam
1408 5161 1504 5214 pro
1532 5146 1673 5211 justa
1705 5150 2016 5217 rependere.

1157 5145 1376 5210 gratiam
1408 5161 1504 5214 pro
1532 5146 1673 5211 justa
1705 5150 2016 5217 rependere.
2231 5152 2447 5215 δικαίας
2472 5154 2726 5209 ἐκτίνειν.

896 5234 1245 5290 (:DLxxxv.
1278 5266 1347 5275 —
1389 5226 1799 5296 tscnvmom.
2668 5246 2841 5303 me.
2886 5279 2951 5289 —
3005 5244 3354 5303 szrptnm.
3633 5307 3638 5315 I

556 5327 757 5397 Spretis
790 5332 1072 5385 mundanis
1102 5344 1149 5386 et
1182 5335 1417 5401 caducis,
1458 5336 1750 5391 coelestibus
1774 5338 2121 5406 studendum;
2149 5349 2199 5395 et
2228 5342 2292 5443 die
2328 5342 2420 5397 illo
2455 5343 2792 5402 Ecclesiast
2820 5364 2839 5400 :
2887 5366 2906 5400 ι
2950 5347 3165 5402 Vanitas
3188 5342 3465 5399 vanilamm.
3491 5331 3527 5377 ιι
3548 5321 3657 5370 ⁰¹¹¹¹

2012 5410 2217 5443 ιιηηὸιη.
2335 5431 2352 5443 ι

2012 5422 2217 5466 vanttas
2253 5422 2295 5465 ³.
2334 5431 2352 5465 υ

626 5493 838 5551 Videris
870 5498 1120 5566 ignorare
1145 5503 1393 5559 tenebras
1422 5502 1545 5559 vitae
1579 5504 1884 5560 mortalium
1910 5506 1961 5561 in
1992 5506 2126 5561 ima-

2086 5524 2126 5560 ι-
2308 5509 2535 5572 Ἔοικας
2566 5508 2780 5577 ἀγνοεῖν
2806 5509 2906 5581 τῆς
2949 5508 3199 5583 βιωτικῆς
3225 5494 3479 5573 φαντασίας
3514 5480 3577 5536 τδν
3605 5484 3655 5533 ’θ’

626 5647 645 5675 ¹
676 5647 853 5703 Eccle.
892 5666 928 5715 ι,
964 5651 1019 5703 2.
