3974 6144
310 275 441 342 1609

1131 267 1659 331 EPISTOLARUM
1699 269 1844 328 LIB.
1885 267 2038 328 V.-
2069 267 2304 328 EPIST.
2349 266 2817 328 CDLXXXVIII.

3399 235 3539 328 Isto

306 398 425 450 φον,
464 379 556 431 καὶ
584 364 681 447 τῆς
709 376 855 438 θείας
896 376 1207 444 φιλοσοφίας
1239 377 1299 426 τὸ
1329 375 1465 445 φῶς.
1514 374 1720 427 Οὐκοῦν
1762 373 1857 426 ἕνα

1973 375 2214 442 ginantlo,
2241 389 2338 429 nec
2370 364 2478 428 non
2507 375 2690 429 lumen
2714 372 2911 428 divinae
2946 370 3315 440 philosophire.
3355 371 3540 427 Unum

308 485 390 522 σοι
415 465 525 520 τῶν
553 465 814 536 ἑκατέρου
853 465 1175 535 πράγματος
1212 467 1409 536 πεῖραν
1447 463 1742 534 εἰληφότων
1762 463 1866 534 χρὴ

308 559 557 630 μάρτυρα
605 555 915 622 ἀξιόπιστον
965 556 1347 624 παραγαγεῖν·
1399 555 1530 625 ἡμῖν
1591 555 1698 622 γὰρ
1737 554 1865 616 ἴσως

303 651 362 702 οὐ
390 646 682 717 πεισθήσῃ.
717 645 759 696 Τ
763 644 848 698 ίνα
873 639 966 696 οὖν
993 645 1100 714 ἡγῇ
1153 643 1454 716 ἀξιόχρεων
1480 661 1495 710 ;
1536 643 1723 696 Βούλει
1773 642 1866 695 τὸν

305 737 592 808 Σολομῶνα
652 737 728 798 είς
759 734 923 805 μέσον
971 735 1303 806 ἀγάγωμεν;
1357 727 1523 796 Οὗτος
1555 733 1662 804 γὰρ
1705 731 1869 804 ήνίκα

304 828 404 899 μὲν
431 827 509 898 τῷ
537 825 646 880 τῶν
677 824 944 896 βιωτικῶν
975 825 1316 896 πραγμάτων
1344 823 1507 893 ἔρωτι
1541 824 1866 893 κεκράτητε,

307 916 539 989 μέγιστά
564 933 623 969 τε
663 915 802 970 αὐτὰ
849 916 1058 985 ἠγεῖτο,
1104 914 1202 967 καὶ
1246 913 1522 984 θαύματος
1554 913 1864 983 κρείττονα,

307 1009 400 1060 καὶ
428 1005 607 1058 πᾶσαν
629 1003 756 1073 περὶ
779 1001 918 1054 αὐτὰ
931 1001 1027 1072 τὴν
1058 1002 1314 1072 φροντίδα
1331 1001 1588 1070 ἔστρεφε·
1617 999 1869 1069 λαμπρὰς

308 1093 406 1167 μὲν
433 1091 881 1162 οἰκοδομούμενος
917 1089 1113 1156 οἰκίας,
1142 1090 1362 1161 χρυσίον
1387 1084 1443 1142 δὲ
1469 1089 1715 1157 συνάγων
1738 1105 1753 1119 ο
1777 1090 1870 1140 καὶ

306 1183 599 1255 μουσικοὺς
634 1183 734 1251 μὲν
756 1183 950 1254 χοροὺς
985 1183 1324 1251 συγκροτῶν,
1370 1179 1780 1252 τραπεζοποιῶν
1814 1180 1870 1231 δὲ

307 1276 440 1346 γένη
480 1274 576 1327 καὶ
615 1273 890 1344 μαγείρων
941 1272 1257 1344 κτώμενοςο
1309 1274 1404 1327 καὶ
1466 1273 1568 1344 τὴν
1614 1271 1722 1326 ἀπὸ
1771 1272 1870 1341 τῆς

304 1365 530 1435 ἐσθῆτος
559 1364 782 1436 τρυφὴν,
803 1364 898 1417 καὶ
918 1364 1013 1436 τὴν
1040 1365 1147 1419 ἀπὸ
1167 1365 1275 1418 τῶν
1300 1365 1639 1436 παραδείσων
1658 1363 1869 1435 τέρψιν,

303 1456 399 1508 καὶ
439 1455 537 1524 τὴν
575 1454 682 1507 ἀπὸ
710 1454 816 1506 τῶν
851 1453 1119 1524 λαμπρῶν
1143 1453 1408 1523 σωμάτων
1432 1453 1621 1524 ήδονὴν
1637 1452 1870 1521 δαψιλῶς

301 1544 481 1615 ἑαυτῷ
503 1545 950 1614 παρασκευάζων,
969 1544 1060 1597 καὶ
1079 1547 1276 1608 πᾶσαν,
1295 1546 1368 1607 ὡς
1387 1545 1579 1609 εἰπεῖν,
1601 1544 1872 1615 λεωφόρον

299 1634 652 1705 ψυχαγωγίας
665 1635 756 1687 καὶ
771 1634 1011 1703 τέρψεως
1027 1633 1363 1704 ἀνατέμνων.
1381 1634 1593 1704 Ἐπειδὴ
1607 1633 1661 1686 δὲ
1680 1635 1871 1704 μικρὸν

300 1723 510 1779 ἐκεῖθεν
537 1723 725 1792 ὥσπερ
757 1723 866 1777 ἀπὸ
917 1723 1113 1793 μανίας
1153 1725 1441 1794 ἀνήνεγκε,
1481 1724 1576 1777 καὶ
1620 1723 1868 1793 καθάπερ

300 1817 367 1868 ἐκ
399 1814 720 1884 λαϐυρίνθου
759 1813 906 1877 τινὸς
942 1813 1173 1884 ζοφεροῦ
1202 1815 1338 1884 πρὸς
1373 1815 1436 1867 τὸ
1471 1814 1866 1884 ὑπέρλαμπρον

299 1906 401 1976 τῆς
467 1905 836 1976 ὑπερκοσμίου
882 1904 1196 1974 φιλοσοφίας
1260 1903 1563 1972 ἀναϐλέψαι
1631 1903 1868 1974 ἠδυνήθη

303 1996 441 2066 φῶς,
491 1997 553 2048 τὸ
601 1996 904 2065 τηνικαῦτα
955 1997 1054 2065 τὴν
1104 1995 1314 2066 ὑψηλὴν
1361 1995 1578 2065 ἐκείνην
1637 1994 1867 2047 καὶτῶν

300 2087 544 2157 οὐρανῶν
577 2087 733 2151 ἀξίαν
757 2085 953 2155 ἕρῤηξε
983 2087 1166 2154 φωνήν
1192 2101 1206 2112 ⁶
1247 2103 1266 2137 ι
1302 2085 1611 2154 Ματαιότης
1647 2101 1870 2154 ματαιο-

299 2180 505 2247 τήτων,
533 2177 600 2230 τὰ
629 2177 808 2229 πάντα
838 2176 1162 2245 ματαιότης.
1213 2195 1245 2228 ι
1291 2178 1354 2229 Et
1393 2177 1572 2229 τοίνυν
1599 2178 1628 2229 ὁ
1658 2177 1782 2246 μηδ’
1813 2177 1870 2227 ὲν

303 2267 515 2338 χρόνοις
559 2266 931 2335 γεγενημένος
959 2266 1184 2335 -ςτολλὴν
1231 2265 1522 2318 ἀπαιτοῦσι
1553 2264 1870 2333 φιλοσοφίας

302 2359 624 2430 ἀκρίϐειαν,
669 2359 910 2428 ἠδυνήθη
968 2359 1198 2411 συνιδεῖν
1259 2358 1319 2411 τὺ
1355 2357 1463 2410 τῶν
1527 2357 1870 2427 πραγμάτων

300 2451 548 2520 ἀνόητον,
569 2451 663 2504 καὶ
685 2449 886 2520 πολλὴν
909 2450 1088 2504 αὐτῶν
1117 2449 1462 2518 καταγνῶναι
1492 2449 1827 2519 ματαιότητα
1852 2465 1866 2478 ·

299 2541 460 2593 ποίαν
485 2541 676 2608 ἕξομεν
718 2539 1044 2610 συγγνώμην
1071 2543 1121 2592 ot
1157 2542 1294 2610 πρὸς
1322 2540 1656 2610 ὑψηλοτέραν
1691 2541 1871 2593 κελευ-

300 2624 525 2688 σθέντες
581 2627 846 2694 ἀναϐῆναι
903 2627 1221 2694 φιλοσοφίας
1276 2629 1542 2698 κορυφὴν,
1604 2627 1700 2679 καὶ
1736 2629 1870 2697 μηδὲ⁹

298 2714 405 2784 τὴν
462 2716 630 2784 αὐτὴν
672 2717 862 2786 ἐκείνῳ
929 2717 1219 2786 δυνάμενοι
1292 2720 1453 2786 ῥῆξαι
1501 2718 1704 2787 φωνὴν,
1755 2719 1868 2771 ἀλλ’

297 2800 445 2854 οὕτω
483 2804 855 2874 περιεχόμενοι
881 2805 990 2858 τῶν
1023 2806 1190 2860 σκιῶν
1229 2806 1456 2858 καὶτῶν
1503 2805 1750 2874 ὀνείρων,
1785 2807 1860 2868 ὡς

297 2894 396 2946 καὶ
430 2895 698 2963 σωτηρίας
737 2896 1010 2966 ὑπεριδεῖν
1035 2905 1060 2965 ;i

376 3089 565 3156 rnq'.
593 3119 662 3129 -
688 3091 1060 3163 ΛΛΜΠΕΤΙῼ,
1113 3095 1525 3164 ΣΤΡΛΤΙΙΓΙῼ,
1566 3097 1792 3166 Κέιειῼ.

1972 466 2154 534 itaque
2185 465 2277 520 tibi
2311 466 2591 533 utriusque
2622 464 2697 518 rei
2727 463 3100 532 experimento
3134 469 3309 530 capto,
3347 469 3538 516 testem

1971 553 2115 608 oumi
2167 553 2482 621 exceptione
2536 553 2796 622 majorem
2855 551 3138 616 adducam,
3195 551 3318 620 quia
3383 551 3540 606 nobis

1983 645 2205 698 credere
2231 643 2458 697 fortasse
2489 655 2730 697 recusas.
2765 641 2895 708 Quis
2917 642 3101 708 igitur,
3134 642 3347 706 amabo,
3381 642 3540 696 ﬁdem

1969 734 2107 803 apud
2140 743 2191 788 te
2219 733 2499 802 reperiat?
2535 731 2792 788 Placetne
2840 731 3180 787 Salomouem
3213 733 3263 787 iu
3302 735 3539 788 medium

1971 823 2273 894 proferam?
2330 824 2428 880 llic
2478 829 2591 886 rex,
2638 840 2822 878 earum
2880 839 3082 886 rcrmn,
3131 838 3250 891 quae
3300 824 3367 878 ad
3417 825 3543 878 vitze

1969 925 2093 970 sunt
2122 931 2277 970 usum
2324 917 2666 980 necessariae,
2707 929 2892 968 amore
2918 923 3132 981 captus,
3157 915 3424 968 maximas
3452 929 3547 968 eas

1971 1006 2218 1072 ducebat,
2253 1016 2306 1060 et
2357 1006 2717 1061 admiratione
2765 1005 3018 1072 majores,
3083 1019 3406 1069 omnemque
3475 1006 3542 1057 ad

1977 1111 2070 1152 cas
2099 1112 2186 1154 res
2238 1112 2423 1151 curam
2457 1097 2945 1166 cogitationemque
3009 1097 3315 1152 convertit;
3353 1111 3544 1165 magna

1973 1202 2163 1256 nempe
2209 1188 2493 1256 amplaque
2549 1188 2786 1241 incolens
2846 1187 3064 1256 palatia,
3139 1195 3299 1254 atque
3355 1188 3544 1241 domus

1971 1288 2249 1348 angustas,
2285 1294 2471 1332 aurqu
2533 1279 2598 1332 iis
2642 1279 2932 1343 adhibens,
2986 1294 3050 1332 ac
3107 1279 3338 1333 musicos
3392 1293 3543 1331 eom-

1972 1384 2178 1438 pouens
2224 1370 2440 1434 choros,
2491 1384 2689 1423 mensae
2735 1379 3086 1433 structorum,
3133 1379 3294 1438 atque
3334 1383 3542 1438 coquo-

1972 1473 2090 1513 rum
2147 1458 2294 1511 varia
2339 1458 2621 1525 possidens
2665 1473 2862 1526 genera
2911 1476 2925 1511 :
2977 1457 3420 1511 vestimentorum
3472 1458 3542 1510 ad

1974 1547 2085 1600 haec
2109 1559 2232 1615 rege
2261 1545 2540 1614 dignorum
2578 1545 2783 1606 luxmu,
2809 1545 3087 1598 hortorum
3119 1545 3281 1598 etiam
3316 1545 3546 1599 ammni-

1978 1643 2160 1697 tatem,
2179 1641 2232 1686 et
2254 1648 2283 1685 e
2312 1631 2606 1700 splendidis
2631 1633 2948 1699 corporibus
2978 1632 3302 1700 voluptatem
3327 1635 3548 1701 opipare

1905 1709 1948 1767 Β
1975 1738 2039 1778 ac
2067 1723 2211 1777 laute
2233 1723 2337 1776 sibi
2368 1735 2658 1790 apparans,
2684 1734 3008 1790 omnemque
3031 1722 3165 1775 adeo
3195 1721 3364 1788 viam,
3401 1723 3546 1789 quod

1969 1815 2140 1878 aiunt,
2182 1811 2498 1880 adaperiens
2545 1809 2961 1864 oblectamentis
3007 1811 3171 1864 animi
3217 1826 3280 1865 ac
3313 1811 3542 1866 deliciis.

1972 1903 2073 1958 Ubi
2108 1917 2237 1956 vero
2267 1902 2389 1955 inde
2423 1901 2714 1970 paulisper,
2750 1901 2894 1955 velut
2933 1901 3000 1954 ab
3025 1901 3263 1954 amentia
3297 1902 3544 1967 recessit,

1971 2009 2035 2048 ac
2059 1993 2221 2048 veluti
2247 2007 2311 2046 ex
2351 1993 2583 2046 obscuro
2621 1982 2929 2062 labyrintho
2969 1989 3034 2046 ad
3060 1991 3420 2044 clarissimum
3449 2006 3542 2046 su-

1973 2098 2152 2152 perna:
2194 2082 2545 2150 philosophiae
2578 2082 2755 2136 lumen
2789 2083 2961 2149 potuit
3001 2081 3266 2150 aspicere,
3309 2081 3361 2135 iu
3407 2082 3545 2135 hanc

1971 2176 2107 2229 adeo
2129 2175 2411 2230 sublimem
2434 2189 2498 2229 ac
2523 2173 2664 2229 coelo
2681 2173 2897 2243 dignam
2930 2175 3104 2240 erupit
3135 2187 3316 2226 vocem
3347 2189 3362 2224 :
3392 2191 3413 2224 τ
3444 2172 3546 2226 Va-

1974 2269 2114 2323 nitas
2143 2269 2462 2333 vanitatnm,
2502 2275 2556 2322 et
2599 2256 2778 2320 omnia
2817 2268 3046 2320 vanitas.
3087 2285 3106 2318 ›
3145 2267 3200 2319 Si
3247 2267 3428 2333 itaque
3453 2267 3545 2334 qui

1971 2374 2059 2414 eo
2097 2359 2292 2414 saculo
2347 2371 2506 2412 natus
2555 2374 2660 2413 non
2712 2365 2816 2420 est,
2849 2361 2990 2426 quod
3029 2369 3234 2410 tantmu
3292 2358 3547 2428 perfectae

1975 2449 2096 2501 vitae
2134 2448 2368 2500 studium
2414 2447 2602 2514 exigit,
2629 2446 2800 2514 potuit
2834 2460 3013 2498 rerum
3039 2445 3355 2513 conspicere
3391 2461 3547 2514 aequo

1972 2537 2154 2591 animo
2176 2533 2515 2597 inanitatem,
2551 2535 2925 2602 ingentemque
2955 2535 3186 2604 ipsarum
3215 2549 3546 2602 cognoscere

1972 2625 2316 2680 vanitatem:
2361 2640 2522 2692 quam
2581 2639 2696 2687 nos,
2743 2641 2944 2692 quaeso,
2997 2626 3207 2677 veniam
3243 2639 3540 2694 conseque-

1973 2731 2114 2781 mur,
2141 2717 2230 2784 qui
2283 2717 2349 2768 ad
2397 2716 2764 2770 sublimiorem
2810 2715 2947 2784 jussi
3009 2717 3372 2768 conscendere
3412 2729 3541 2768 con-

1975 2803 2333 2872 templationis
2384 2803 2661 2865 verticem,
2697 2815 2872 2872 neque
2903 2803 3040 2855 hanc
3074 2803 3245 2870 ipsam
3291 2803 3541 2857 emittere

1972 2907 2156 2948 vocem
2219 2906 2528 2960 possumus,
2572 2900 2625 2946 et
2681 2893 2888 2946 umbris
2929 2892 3260 2960 somniisque
3307 2893 3543 2962 undique

1974 2985 2107 3036 :uleo
2136 2983 2278 3052 capti
2305 2965 2515 3045 sumus,
2548 2990 2604 3034 ut
2629 2983 2855 3036 salutem
2892 2983 2992 3051 ipsi
3022 2983 3351 3052 uegligamus
3380 2984 3403 3036 ?

2028 3092 2401 3152 CDLXXXVL
2459 3121 2530 3132 —-
2949 3093 3358 3162 STllATEGlO,
3417 3095 3504 3150 ET

1049 3251 1126 3304 De
1149 3253 1378 3320 quodam
1407 3269 1558 3322 quem
1584 3253 1662 3306 illi
1688 3255 1756 3305 ad
1790 3269 1917 3320 quos
1945 3252 2126 3306 scribit
2172 3266 2424 3305 accusare
2452 3252 2816 3316 instituerant,

373 3355 520 3432 Ἆρα
553 3362 628 3430 μὴ
664 3362 839 3433 χρόνῳ
889 3355 1072 3432 φανὲν,
1100 3367 1161 3418 τὸ
1196 3368 1432 3437 γρᾶμμα
1469 3371 1654 3438 γραφῇ,
1687 3384 1866 3437 παρα-

291 3448 479 3503 δοῦναι
510 3450 588 3520 τῷ
613 3452 764 3521 πόθῳ
819 3455 1160 3524 κεκμηκότες
1204 3457 1545 3525 ἐσκέψασθε;
1601 3457 1867 3526 Πείθομαι

298 3543 406 3610 μέν
432 3559 448 3576 ο
478 3543 538 3594 οὺ
573 3543 677 3611 μὴν
707 3543 921 3612 ἐρήμην
946 3544 1233 3609 ἁλώσεται,
1266 3550 1333 3616 τῇ
1358 3550 1483 3617 σιγῆ
1511 3547 1607 3616 τήν
1637 3563 1866 3616 κατηγο-

297 3630 424 3701 ρίαν
467 3632 587 3684 καθ’
619 3631 818 3685 ἑαυτοῦ
871 3633 1213 3701 βεϐαιῶσαν·
1258 3637 1392 3690 ἀλλὰ
1453 3639 1545 3690 καὶ¹
1597 3640 1724 3708 ῥᾷον
1773 3638 1866 3688 καὶ

295 3719 497 3772 θᾶττον
521 3720 942 3790 ἀπολογήσεται,
992 3725 1072 3776 ὅτι
1104 3728 1390 3796 σωματικὴ
1435 3728 1712 3796 ἀρρωστία
1765 3727 1865 3794 τὴν

300 3807 464 3876 σιγὴν
498 3807 804 3877 ἐγέννησεν.

794 3899 968 3954 Υιιῑο.
1023 3929 1091 3938 -
1135 3901 1365 3972 ΝΕΙΛῼ.

2044 3367 2126 3420 An
2155 3366 2502 3434 scriptionem
2535 3380 2637 3418 non
2667 3367 2984 3432 tempestive
3013 3377 3356 3436 apparentem
3379 3383 3540 3424 accu-

1973 3457 2164 3510 sationi
2213 3456 2427 3508 tradere
2479 3456 2748 3509 tlcsideriu
2813 3456 2936 3509 victi
2988 3458 3308 3523 cogitastis?
3362 3459 3540 3514 Credo

1971 3545 2219 3613 equidem
2262 3559 2277 3596 :
2318 3559 2417 3597 nec
2456 3544 2750 3597 solitariam
2796 3545 3231 3614 deprehendetur
3261 3557 3447 3601 contra
3479 3565 3539 3601 se

1971 3633 2363 3686 accusationem
2416 3631 2680 3693 ﬁrmasse,
2709 3634 2801 3686 sed
2847 3633 3054 3688 facilius
3098 3636 3257 3688 etiam
3295 3646 3348 3689 et
3377 3637 3537 3691 citius

1975 3724 2310 3787 defendetur,
2339 3722 2480 3790 quod
2515 3724 2760 3790 corporis
2785 3723 3072 3778 inﬁrmitas
3109 3725 3380 3780 silentiqu
3427 3741 3537 3794 pe-

1995 3830 2195 3864 )CI'CI'Il.

1995 3831 2006 3862 )
2137 3823 2148 3863 1
2182 3849 2195 3864 .

1975 3823 2176 3925 ΝΟΜ
2300 3900 2459 3970 704
2495 3899 2886 3963 coLxxxvn.
2915 3933 2984 3942 —
3026 3902 3201 3958 MLO.

831 3988 936 4042 Pro
970 3992 1193 4058 accepti-3
1225 4009 1256 4044 a
1292 4003 1506 4059 parente
1530 3993 1817 4061 beneﬁciis,
1844 3995 2018 4047 liberis
2055 3994 2211 4046 vicem
2256 4008 2365 4045 esse
2394 3993 2772 4060 rcpendendam
2812 4005 3002 4046 ηιυηει.

373 4099 550 4152 ὐτιὸ
576 4099 720 4154 δεῖνα
753 4103 865 4171 (Si)
917 4105 1137 4175 ὀρφανῷ
1177 4125 1259 4159 σοι
1313 4109 1684 4177 γεγενημένῳ,
1743 4109 1864 4162 ἀντὶ

295 4191 506 4260 πατρὸς
531 4191 771 4259 γέγονεν,
800 4191 976 4248 οἶσθα.
1031 4197 1180 4249 Ἐπεὶ
1201 4199 1380 4250 τοίνυν
1428 4200 1631 4260 ἐκεῖνος
1673 4200 1774 4268 μὲν
1805 4202 1862 4264 ἐξ

293 4281 603 4350 ἀνθρώπων
650 4281 856 4352 ᾤχετο·
896 4286 944 4336 oi
1003 4287 1059 4338 δὲ
1111 4288 1300 4339 τούτου
1342 4291 1475 4351 υἱεῖς
1513 4289 1721 4342 δέονται
1768 4290 1859 4343 τοῦ

298 4374 462 4441 χεῖρα.
488 4372 788 4442 ὀρέξοντος,
835 4376 929 4428 καὶ
973 4376 1070 4446 τὴν
1115 4378 1378 4446 ὀρφανίαν
1409 4379 1864 4449 παραμυθησόμέο

299 4477 434 4515 νου⁶
467 4460 526 4515 εὖ
563 4467 754 4529 ποιεῖς,
789 4467 837 4516 εἰ
889 4467 983 4518 καὶ
1039 4468 1199 4529 αὐτὸς
1247 4470 1367 4521 ἀντὶ
1422 4470 1624 4538 πατρὸς
1683 4471 1861 4529 αὐτοῖς

298 4553 502 4619 γένοιο,
533 4552 630 4623 τὴν
655 4554 912 4624 πατρῴαν
940 4555 1260 4626 εὐεργεσίαν
1298 4561 1378 4621 εἰς
1423 4559 1546 4620 τοὺς
1577 4559 1724 4622 υἱοὺς
1759 4574 1860 4610 κα-

296 4641 486 4694 cauos
493 4659 673 4710 μενος.

797 4751 974 4804 ΥΠΙΓ.
1005 4781 1073 4792 --
1099 4754 1382 4808 ΜΑΡΩΝΙ.

2043 4108 2192 4161 Nosti
2252 4109 2538 4175 quemdam
2570 4108 2662 4161 tibi
2711 4109 2956 4176 orphano
3004 4107 3146 4160 facto
3193 4109 3362 4176 patris
3419 4111 3537 4164 loco

1971 4200 2156 4252 fuisse.
2191 4197 2237 4251 Is
2284 4212 2446 4267 porro
2489 4212 2556 4251 ex
2606 4198 2705 4252 hac
2757 4199 2863 4252 vita
2907 4199 3150 4252 sublatus
3207 4209 3311 4252 est.
3371 4200 3538 4268 Igitur

1968 4287 2110 4341 illius
2157 4287 2248 4340 lilii
2283 4302 2473 4341 manus
2503 4289 2779 4343 tendentes
2820 4299 2871 4341 te
2914 4301 3122 4356 rogant,
3153 4288 3267 4356 eius
3306 4291 3395 4360 qui
3436 4294 3530 4345 tibi

1971 4379 2096 4432 olim
2131 4393 2320 4432 manus
2361 4381 2620 4447 porrexit,
2647 4387 2700 4432 et
2729 4379 3010 4434 orbitatem
3061 4371 3202 4432 tuam
3253 4382 3537 4436 miseratus

1971 4479 2072 4522 est.
2099 4467 2263 4521 Recte
2291 4467 2509 4531 feceris,
2534 4469 2578 4521 si
2614 4478 2665 4521 et
2703 4468 2817 4535 ipse
2838 4469 2954 4521 loco
2981 4471 3147 4537 patris
3185 4470 3288 4525 illis
3318 4471 3417 4547 Isis,
3437 4487 3535 4541 pa-

1974 4564 2184 4610 ternmn
2220 4557 2541 4610 beneficium
2567 4559 2618 4610 in
2648 4557 2783 4611 lilios
2819 4573 3100 4626 reponens.
3316 4559 3318 4561 ’

2329 4753 2757 4810 (IDLXXXV'III.
2789 4785 2857 4794 —
2887 4753 3168 4808 ΜΑΠΟΝΙ.

1142 4843 1461 4896 Diuitiarum
1495 4842 1639 4896 nulla
1675 4843 1912 4897 satietas.
1946 4841 2108 4912 (Vide
2139 4843 2290 4911 epist.
2325 4843 2428 4896 M2
2456 4853 2504 4897 et
2541 4843 2690 4912 545.)

370 4953 434 5006 Ei
461 4953 555 5005 καὶ
580 4957 910 5024 καταφρονεῖ
949 4956 981 5025 ή
1035 4956 1434 5026 φιλοχρηματία
1474 4957 1653 5026 πάσης
1695 4959 1858 5011 κολά-

297 5059 461 5104 σεως,
501 5042 596 5093 καὶ
639 5042 730 5095 διὰ
764 5045 983 5096 πάντων
1018 5044 1128 5096 τῶν
1198 5045 1388 5098 δεινῶν
1437 5049 1621 5115 χωρεῖ,
1699 5047 1860 5117 κόρον

294 5131 581 5199 ἁκορέστῳ
609 5132 768 5184 πάθει
795 5133 1191 5202 μηχανωμένηο
1226 5133 1360 5186 ἀλλὰ
1386 5134 1462 5202 τῷ
1512 5136 1644 5204 μηδὲ
1695 5138 1753 5189 ἐν
1783 5137 1861 5204 τῷ

298 5222 553 5286 κτᾶσθαι,
583 5222 686 5276 κᾶν
706 5224 773 5276 τὰ
808 5224 1024 5277 πάντων
1057 5224 1217 5293 λάϐῃ,
1248 5224 1536 5293 τυγχάνειν
1569 5226 1859 5295 ἀνακωχῆς

1955 4973 1958 4975 ·
2039 4956 2148 5009 Etsi
2176 4971 2341 5022 epum
2380 4955 2645 5024 cupiditas
2686 4969 2900 5006 omnem
2940 4965 3250 5008 ceuletunat
3303 4957 3534 5026 castiga-

1965 5048 2186 5111 tionem,
2246 5058 2300 5100 et
2365 5047 2548 5114 gravia
2621 5061 2846 5114 quaeque
2924 5053 3180 5116 pervadat
3241 5050 3534 5103 insatiabili

1966 5135 2177 5189 atleetui
2219 5137 2522 5190 satietatem
2557 5125 2818 5212 melifus:
2856 5147 3034 5193 tatucn
3079 5142 3216 5208 quod
3261 5141 3310 5193 in
3359 5142 3528 5208 possi-

1966 5227 2159 5290 dendo,
2195 5227 2443 5295 quamvis
2483 5227 2722 5281 omnium
2752 5225 3033 5284 facultates
3080 5231 3304 5300 ceperit,
3329 5231 3528 5285 nullam

1392 5379 1624 5434 VARIJE
1663 5377 2048 5434 LECTIO‘NES
2087 5378 2175 5434 ET
2214 5378 2443 5433 NOTAE.

376 5533 488 5602 (51)
521 5531 622 5586 Pro
665 5533 694 5583 ὁ
717 5532 874 5602 δεῖνα
909 5533 1066 5586 codd.
1118 5534 1240 5586 Vat.
1288 5534 1389 5587 650
1419 5542 1472 5588 et
1506 5534 1609 5588 Alt.
1669 5534 1867 5587 habent

299 5600 426 5661 ἀντὶ
468 5600 687 5669 πατρός.
716 5600 878 5656 Forte
917 5603 1194 5671 legendum
1245 5620 1348 5655 uno
1392 5605 1646 5660 vocabulo
1690 5604 1855 5662 ’ᾼντί-

641 5695 905 5754 ιἍΤίιΟι.
945 5694 1060 5755 (in.
1114 5694 1313 5753 LXXV
1331 5696 1378 5754 ll
1393 5699 1430 5758 Ι.

1976 5551 2200 5603 πατρος,
2243 5543 2300 5586 ιιι
2324 5534 2373 5586 id
2406 5547 2596 5606 nomen
2639 5533 2712 5606 sit
2746 5535 2864 5602 ejus
2900 5550 3004 5603 quo
3032 5536 3094 5589 de
3129 5538 3339 5605 agitur:
3375 5553 3529 5606 quem

1967 5620 2061 5659 cur
2077 5606 2353 5660 nominare
2379 5603 2621 5659 ounserit
2643 5605 2900 5671 Isidorus,
2934 5621 3036 5660 non
3057 5603 3294 5674 apparet.
3319 5603 3528 5663 rem.

3109 5700 3173 5759 51
