3974 6144
299 290 437 362 1593

1182 294 1722 362 EPISTOLARUM
1758 299 1910 377 Lm.
1952 302 2098 362 v.-—
2134 303 2374 364 EPIST.
2399 304 2648 364 cum.

599 404 774 483 me.
807 433 879 448 ——
909 405 1171 476 mantat)
1199 407 1567 480 ΕΠΙΣΚΟΠῼ.
1897 422 1944 478 Α

3407 291 3547 362 1594,

2231 413 2460 470 coth.
2485 445 2553 456 -
2582 412 2863 470 lSlDORO
2913 408 3265 467 EPlSCOPO.
3497 365 3512 368 i'
3541 365 3544 368 ’

397 515 689 604 Laborauli
718 527 768 572 et
794 519 1007 586 facienti
1031 530 1286 606 quantum
1317 520 1373 574 in
1405 537 1460 575 se
1479 532 1576 585 est,
1614 521 1754 576 Deus
1796 522 1895 591 fert
1923 526 2200 581 auxilium.
2241 527 2509 583 Virtutum
2552 527 2692 582 fauo.
2719 525 2872 598 (Sup.
2913 527 3066 598 epist.
3096 512 3434 592 5151,1327,

375 629 438 682 '0
478 629 577 700 μὲν
621 629 822 701 ἀρετὴν
855 631 1061 695 ἀσκῶν,
1124 631 1332 698 δίκαιος
1385 632 1452 686 ἂν
1513 634 1597 705 εἴη
1649 636 1743 688 καὶ
1768 636 1868 706 τὴν

297 719 448 774 θείαν
476 721 556 783 είς
589 719 842 790 βοήθειαν
892 711 1269 788 ἐπικαλεῖσθαι
1317 724 1522 794 ῥοπήν·
1557 726 1585 777 ὁ
1630 724 1686 776 δὲ
1737 725 1871 797 μηδ-

297 812 434 876 όλως
475 811 776 885 φροντίζων
829 814 1050 884 ἀρετῆς,
1113 815 1223 867 οὐδ’
1260 815 1325 868 ἂν
1378 815 1592 886 καλοίη,
1638 817 1872 886 ἐπήκοον

297 904 408 970 ἕξει
436 906 496 958 τὸ
529 906 707 958 Θεῖον.
738 905 828 975 Τ
864 906 973 977 γὰρ
1021 907 1194 960 πάντα
1238 907 1304 960 τὰ
1349 909 1478 980 παρ’
1515 909 1712 962 ἑαυτοῦ
1736 911 1870 981 πλη-

303 998 483 1070 ροῢντι
539 997 782 1068 εὐμενῶς
833 998 1092 1054 ἐπινεύει.
1146 1000 1263 1052 Ἵνα
1314 1000 1498 1054 δὲκαὶ
1549 1001 1638 1054 διὰ
1689 1019 1870 1074 παρα-

297 1089 605 1159 δειγμάτων
630 1089 852 1158 βαδίσας
879 1092 908 1143 ὁ
947 1091 1105 1157 λόγος
1140 1090 1469 1163 σαφέστερον
1520 1093 1679 1146 τοῦτο
1707 1097 1868 1166 ποιή-

301 1193 392 1248 σῃ,
434 1178 631 1249 παρεὶς
660 1178 721 1231 τὸ
749 1181 932 1248 φάναι.
969 1179 1030 1233 ΕΞ
1063 1183 1093 1251 ἡ
1137 1181 1312 1252 πόρνη
1349 1181 1600 1252 βούλεται
1629 1184 1729 1254 μὲν
1763 1201 1872 1238 σωο

300 1269 482 1339 θῆναι,
521 1272 581 1323 ού
630 1270 879 1339 βούλεται
935 1272 996 1324 δὲ·
1047 1273 1416 1344 σωφρονῆσαι,
1467 1274 1586 1337 πῶς
1637 1273 1876 1344 σωθήσε-

299 1375 422 1425 ται;
470 1360 679 1412 Ἐκεῖνο
717 1360 930 1430 φράσω.
961 1363 1141 1415 Ἔστω
1181 1379 1265 1425 τις
1291 1363 1594 1434 γράμματα
1632 1365 1729 1434 μὲν
1752 1365 1874 1418 ἑπι-

303 1449 494 1518 θυμῶν
566 1450 780 1520 μαθεῖν,
835 1453 915 1514 είς
974 1452 1294 1506 διδασκάλου
1353 1453 1411 1505 δὲ
1472 1452 1546 1524 μὴ
1628 1454 1826 1522 φοιτῶν
1857 1468 1872 1482 °

301 1537 422 1594 εἶτα
479 1541 558 1612 τῷ
610 1546 1001 1613 γραμματιστῇ
1045 1544 1366 1614 ἀγοράζοντι
1418 1543 1656 1616 ἐντυχὼν
1708 1544 1872 1613 λέξοι·

303 1633 538 1704 Ποίησόν
578 1650 645 1704 με
682 1634 873 1704 μαθεῖν
920 1635 1253 1705 γράμματα·
1293 1631 1384 1708 ἆρ’
1423 1635 1523 1706 οὐχ
1569 1637 1676 1707 ἡγῇ
1727 1638 1874 1690 ἐκεῖ-

302 1738 392 1774 νον
456 1720 724 1792 λαμπρῶς
769 1722 1161 1794 ἀποκρίνεσθαι
1212 1723 1460 1792 λέγονται
1491 1724 1877 1794 Ἐμὸρόντητε,

2041 638 2241 696 Virtuti
2269 656 2488 712 operam
2517 640 2734 695 navanti
2765 654 2978 709 aequum
3009 646 3094 693 est
3117 637 3354 692 divinum
3381 635 3550 691 etiam

1971 731 2282 802 implorare,
2325 744 2382 788 ut
2413 748 2567 802 opem
2617 732 2758 786 Deus
2801 731 2960 795 ferat,
3005 728 3289 783 auxilium.
3336 727 3405 780 At
3453 725 3548 795 qui

1971 825 2088 895 ejus
2118 827 2314 879 nullam
2348 826 2496 880 ducit
2529 826 2817 890 rationem,
2860 837 3034 891 neque
3065 821 3280 876 invocat
3313 818 3545 896 Numen,

1973 917 2104 971 illud
2151 917 2443 986 propitium
2477 932 2580 971 non
2629 916 2964 986 experietur.
3018 914 3122 980 Qui
3166 914 3307 967 enim
3338 910 3544 986 omnia,

1973 1009 2146 1078 quoad
2193 1008 2309 1074 ejus
2360 1008 2478 1063 ﬁeri
2516 1017 2714 1079 potest,
2766 1008 2974 1077 implet,
3039 1007 3273 1082 benigne
3305 1005 3354 1058 ei
3407 1002 3551 1058 Deus

1975 1100 2182 1156 annuit.
2220 1098 2287 1154 Ut
2336 1115 2465 1154 vero
2515 1101 2778 1170 exemplis
2824 1101 2989 1154 etiam
3035 1113 3217 1156 sermo
3255 1095 3455 1150 clarius
3495 1093 3550 1147 id

1973 1191 2247 1257 ostendat,
2279 1190 2460 1244 dicere
2490 1189 2620 1244 mihi
2655 1189 2856 1244 videris
2889 1207 2902 1243 :
2931 1188 3070 1256 Quid
3096 1187 3142 1265 si
3174 1194 3414 1240 scortum
3448 1181 3550 1238 sal-

1975 1280 2092 1334 vari
2117 1280 2267 1346 velit,
2299 1295 2408 1333 non
2451 1279 2577 1333 velit
2607 1290 2788 1334 tamen
2818 1280 2886 1334 ab
2917 1276 3302 1333 incontinentia
3331 1286 3552 1350 tempe-

1977 1383 2118 1434 rare,
2175 1383 2279 1436 qua
2341 1371 2554 1423 demum
2603 1369 2816 1422 ratione
2871 1365 3208 1423 salvabitur?
3265 1362 3361 1418 Est
3407 1364 3550 1432 quod

1977 1460 2323 1526 respondeam
2363 1475 2377 1510 :
2415 1457 2499 1513 Sit
2533 1459 2624 1528 qui
2660 1459 2871 1514 discere
2915 1458 3126 1512 litteras
3161 1458 3368 1526 cupiat,
3421 1469 3553 1524 prce.

1975 1561 2244 1617 ceptorem
2283 1561 2460 1604 tamen
2495 1551 2627 1605 nolit
2656 1552 3024 1618 frequentare,
3058 1550 3256 1605 dehinc
3284 1549 3335 1603 in
3366 1562 3552 1616 gram-

1978 1639 2234 1695 tnatisten
2269 1639 2392 1708 (hoc
2427 1651 2530 1701 est,
2564 1639 2808 1698 scribere
2857 1641 3142 1695 docentem
3167 1679 3183 1706 ,
3233 1653 3298 1694 ac
3343 1638 3410 1693 de
3459 1637 3552 1691 lit-

1980 1729 2109 1786 teris
2164 1731 2561 1802 disserentem)
2615 1730 2865 1788 incidens.
2918 1729 3062 1785 dicat
3111 1745 3131 1784 :
3175 1728 3413 1785 Litteras
3466 1741 3554 1782 me

303 1812 398 1864 καὶ
447 1810 563 1875 πῶς
597 1811 664 1866 ἂν
709 1812 892 1867 δύναιο
949 1815 1161 1884 μαθεῖν,
1224 1816 1361 1886 μήτε
1415 1816 1497 1877 είς
1545 1815 1870 1870 διδασκάλου

1992 1822 2214 1890 doceas;
2247 1837 2428 1878 annon
2459 1824 2607 1878 clare
2658 1835 3040 1891 responsurum
3096 1819 3337 1890 opinaris
3365 1836 3381 1874 :
3409 1817 3554 1874 Heus

304 1900 530 1968 φοιτῶν,
557 1902 696 1972 μήτε
718 1903 956 1974 γραφίδα
987 1904 1082 1957 καὶ
1119 1885 1301 1958 δέλτον
1343 1906 1702 1976 κεκτημένος,
1737 1908 1877 1978 μήτε

1992 1885 2210 1979 stolide,
2241 1917 2511 1984 quomodo
2539 1885 2760 1971 discere
2781 1929 2970 1985 queas,
2990 1913 3033 1968 si
3059 1885 3233 1982 neque
3261 1919 3554 1982 praecepto-

307 1994 490 2044 πονεῖν
516 1992 871 2063 βουλόμενοςς
905 1996 982 2066 Τῇ
1025 1994 1124 2064 μὲν
1175 1996 1282 2068 γὰρ
1311 1995 1576 2068 ἐπιθυμίᾳ
1604 2001 1670 2068 τῇ
1724 2000 1790 2070 σῇ
1826 2000 1876 2052 εί
1908 2069 1920 2078 ο

307 2083 336 2134 ὁ
388 2081 551 2145 πόνος
605 2083 904 2155 συναφθείη
956 2085 1052 2138 καὶ
1111 2086 1284 2156 ἡὲμὴ
1354 2087 1579 2156 σπουδὴ,
1637 2088 1877 2145 ἔσταιτι

309 2172 491 2240 πλέον.
521 2173 584 2228 Ei
613 2174 670 2227 δὲ
707 2173 886 2243 λέγοις
921 2175 1020 2245 μὲν
1053 2177 1362 2247 ἐπιθυμεῖν,
1417 2179 1555 2249 μηδὲ
1601 2183 1774 2243 ποιοῖς
1802 2174 1877 2235 ὧν

308 2265 358 2318 oi.
428 2264 826 2336 ἐπιθυμοῦντες
887 2267 1122 2332 ποιοῦσι,
1184 2267 1301 2332 πῶς
1375 2268 1568 2338 μαθεῖν
1639 2269 1875 2342 δυνήσῃ;

309 2356 351 2407 Τ
353 2356 551 2419 οιοῦτοί
583 2358 689 2412 εἰσι
723 2358 817 2412 καὶ
844 2359 896 2420 oi
923 2359 1121 2429 ἀρετῆς
1144 2358 1397 2429 λέγοντες
1438 2361 1537 2431 μὲν
1567 2361 1876 2432 ἐπιθυμεῖν,

306 2446 404 2529 τὴν
429 2448 486 2502 δὲ
511 2451 590 2514 εἰς
617 2449 787 2529 αὐτὴν
814 2449 1086 2527 φέρουσαν
1112 2449 1230 2504 ὁδὸν
1266 2450 1775 2523 ἀποδιδράσκοντες.

1985 2017 2099 2058 rem
2157 2003 2499 2074 frequentas,
2535 2022 2711 2076 neque
2746 2006 2943 2075 stylum
2983 2003 3147 2058 habes
3189 2003 3552 2070 tabulamque,

1983 2103 2037 2147 et
2067 2093 2312 2150 laborare
2348 2097 2602 2151 recusas?
2641 2095 2767 2150 Tuae
2799 2096 2944 2151 enim
2988 2093 3230 2156 discendi
3270 2092 3554 2162 cupiditati

1984 2185 2027 2238 si
2061 2187 2354 2242 accesserit
2384 2187 2554 2253 labor,
2582 2198 2745 2257 atque
2771 2201 2935 2255 Opera
2967 2185 3129 2238 ctiam
3161 2199 3302 2250 mea,
3334 2182 3556 2238 absolu-

1987 2285 2094 2329 tum
2126 2276 2256 2346 quid
2285 2278 2696 2347 perfectumque
2735 2277 2948 2333 evadet.
2977 2275 3132 2342 Quod
3165 2276 3211 2331 si
3245 2276 3558 2329 desiderare

1986 2368 2202 2436 quidem
2259 2377 2312 2422 te
2361 2368 2620 2437 afﬁrmes,
2683 2385 2855 2441 neque
2902 2383 2964 2424 ea
3011 2383 3140 2438 ages
3192 2381 3313 2436 qua:
3354 2364 3556 2419 sciendi

1985 2457 2165 2527 cupidi
2196 2455 2376 2512 facere
2399 2472 2819 2527 consueverunt,
2839 2461 3109 2531 quomodo
3123 2457 3330 2510 discere
3355 2449 3560 2519 queas?

1989 2546 2081 2599 Sic
2129 2547 2219 2614 qui
2274 2548 2524 2601 virtutem
2583 2555 2772 2616 optare
2834 2564 2894 2604 se
2944 2550 3160 2611 dicunt,
3207 2558 3273 2598 ac
3322 2543 3462 2596 viam
3493 2553 3563 2592 eo

1991 2636 2274 2692 ducentem
2308 2637 2515 2707 ingredi
2549 2638 2842 2709 refugiunt.

665 2747 873 2804 ΥΞ’.--
907 2749 1113 2803 ΗΡΩΝΙ
1143 2748 1612 2819 ΠΡΕΣΒΥΤΕΡῼ.

2223 2750 2429 2806 CDLX.
2453 2781 2525 2792 ——
2543 2751 2800 2807 HERONI
2850 2747 3329 2805 PRESBYTERO.

938 2847 1421 2935 Sectnudneaguw
1460 2850 1527 2914 ad
1558 2849 1800 2919 virtutem
1835 2849 2208 2920 acquirendant
2246 2852 2566 2907 adminiculo
2594 2868 2704 2908 esse
2724 2861 2933 2922 queant.

383 2963 571 3034 Μηδὲν
623 2960 806 3032 τίμιον
847 2957 988 3017 εἶναι
1037 2963 1247 3034 νόμιζε,
1277 2963 1306 3016 ὃ
1353 2964 1428 3035 μὴ
1502 2964 1639 3036 πρὸς
1684 2964 1887 3037 ἀρετὴν

2060 2965 2204 3023 Cave
2234 2976 2390 3037 putes
2416 2965 2643 3036 alicujus
2671 2979 2792 3020 esse
2820 2962 3002 3032 pretii;
3036 2959 3176 3030 quod
3210 2959 3277 3012 ad
3309 2957 3565 3011 virtutem

309 3058 483 3128 φέρῃ,
522 3056 662 3127 μηδὲ
689 3058 816 3125 ποιῇ
844 3056 1101 3126 ἀμείνους
1125 3057 1253 3120 τοὺς
1284 3057 1414 3125 περὶ
1463 3056 1596 3118 αὐτὸ
1642 3055 1882 3110 σπουδά-

1992 3073 2092 3115 n0n
2142 3060 2326 3125 ducat,
2364 3073 2538 3128 neque
2567 3058 2820 3112 meliores
2851 3055 3036 3109 reddat
3085 3051 3186 3106 sibi
3221 3049 3452 3104 deditos.
3483 3047 3569 3101 Ad

312 3149 528 3226 ζοντας.
555 3149 716 3220 Φέρει
736 3148 794 3201 δὲ
838 3150 916 3211 είς
941 3147 1144 3220 ἀρετὴν
1164 3148 1225 3202 τὸ
1256 3151 1371 3212 τοῖς
1414 3147 1723 3218 φιλαρέτοις
1754 3149 1883 3200 ἁκο-

1992 3153 2248 3206 virtutem
2279 3161 2458 3205 autem
2511 3165 2669 3204 manu
2703 3147 2942 3212 duceris,
2963 3146 3009 3200 si
3059 3143 3259 3198 virtute
3315 3138 3570 3209 praeditos

313 3239 543 3306 λουθεῖν,
575 3241 670 3293 καὶ
703 3241 911 3310 ὁμιλεῖν
950 3243 1061 3303 τοῖς
1116 3241 1603 3310 σωφρονεστάτοις,
1641 3238 1778 3292 ἀλλὰ
1806 3239 1882 3310 μὴ

1992 3243 2274 3312 sequaris,
2329 3250 2492 3311 atque
2535 3250 2687 3295 utare
2741 3236 3080 3292 familiariter
3130 3227 3575 3302 prudentissimis.

313 3336 423 3396 τοῖς
474 3332 926 3400 ἀσελγεστάτοις·
979 3335 1092 3396 τοῖς
1165 3332 1609 3404 είρηνικωτάτοις
1662 3330 1759 3392 καὶ
1805 3325 1889 3393 οἷς

317 3423 714 3495 συνδιατρίϐειν
763 3423 1057 3497 λυσιτελὲς,
1093 3423 1231 3491 and;
1279 3424 1355 3496 μὴ
1389 3427 1500 3488 τοῖς
1551 3424 1884 3494 μαχιμωτά-

318 3531 445 3578 τοις.
477 3509 555 3568 Εὖ
593 3515 705 3587 γὰρ
761 3515 960 3568 εἰδέναι
992 3515 1118 3590 χρὴ,
1165 3517 1248 3569 ὅτι
1281 3515 1476 3579 κακίας
1513 3531 1596 3578 τις
1643 3516 1770 3588 ῥᾷον
1797 3533 1894 3586 με-

316 3605 718 3682 ταλαμϐάνειῆ
767 3608 989 3680 ἀρετῆς.
1033 3609 1094 3662 Εἰ
1123 3607 1232 3679 γὰρ
1287 3602 1356 3677 ἦν
1408 3609 1536 3679 ῥᾷον
1579 3607 1639 3669 τὸ
1690 3607 1892 3678 ἀρετῆς

322 3700 632 3769 μετασχεῖν,
655 3697 825 3769 ἐχρῆν
871 3699 1104 3762 καὶτοῖς
1158 3698 1443 3762 κακίστοις
1476 3701 1713 3752 συνεῖναι
1762 3700 1889 3761 τοὺς

322 3789 655 3859 δυναμένους
710 3789 914 3860 ταύτην
965 3790 1317 3864 χαρίσασθαι.
1384 3790 1604 3862 Ἐπειδὴ
1645 3790 1702 3843 δὲ
1731 3789 1890 3842 τοῦτο

320 3877 599 3945 δύσκολον,
646 3879 868 3951 ἄμεινον
901 3881 961 3934 ὲν
1005 3878 1276 3950 ἀσφαλείᾳ
1324 3875 1484 3946 εἶναι,
1540 3879 1634 3931 καὶ
1675 3877 1896 3948 φεύγειν

319 3971 446 4033 τοὺς
476 3970 763 4041 πονηρούς.
807 3973 872 4025 Εἰ
909 3971 1018 4042 γὰρ
1063 3973 1259 4025 ἐκεῖνοι
1292 3973 1393 4025 οὐκ
1440 3971 1801 4040 ὠφελοῦνται,
1828 3971 1897 4025 δι’

321 4061 388 4133 ἢν
412 4061 593 4117 αἰτίαν
617 4062 778 4127 αὐτὸς
804 4061 1096 4135 ζημιοῦσαι
1119 4080 1136 4132 ;

659 4262 829 4319 ΥΞΑἎ
854 4293 923 4305 -
955 4264 1191 4318 ΙΕΡΛΚΙ
1233 4264 1557 4335 ΔῙΑΚΟΝῼ.

1995 3335 2340 3400 hominibus,
2396 3334 2488 3388 sed
2539 3333 2761 3387 libidine
2821 3329 3045 3384 minime
3098 3324 3411 3386 dissolutis,
3459 3320 3569 3374 vita

1995 3441 2123 3481 vero
2141 3425 2346 3494 pacatis
2367 3439 2430 3480 ac
2453 3422 2680 3494 placidis
2708 3421 2941 3476 maxime
2962 3417 3222 3481 moribus,
3251 3413 3574 3484 quibuscum

1995 3517 2201 3572 versari
2239 3516 2502 3587 perutile,
2544 3530 2648 3569 non
2697 3529 2818 3569 cum
2863 3509 3235 3567 contentiosis.
3281 3503 3571 3560 Sciendum

1998 3613 2142 3679 enim
2171 3625 2317 3672 vere,
2351 3609 2509 3663 citius
2542 3608 2690 3662 vitiis
2727 3620 2889 3676 quam
2919 3602 3207 3659 virtutibus
3239 3598 3381 3667 capi.
3407 3593 3574 3666 695

2001 3699 2058 3754 Si
2093 3701 2235 3754 enim
2274 3699 2486 3754 facilius
2519 3699 2659 3752 foret
2709 3698 2964 3751 virtutem
3012 3689 3260 3762 adipisci,
3289 3687 3575 3757 oportebat

2001 3806 2130 3846 sane
2156 3806 2276 3848 cum
2303 3789 2556 3858 pessimis
2601 3787 2806 3844 versari
2835 3800 2948 3851 eos,
2985 3783 3076 3852 qui
3110 3782 3248 3834 hanc
3273 3775 3577 3832 communi.

2004 3868 2134 3951 care
2164 3866 2400 3950 possent.
2444 3878 2578 3932 Cum
2627 3891 2756 3930 vero
2795 3875 2845 3928 id
2879 3870 3193 3943 perdifficile
3226 3867 3318 3930 sit,
3354 3870 3580 3932 praestat-

2007 3979 2120 4025 tnlo
2146 3985 2307 4039 agere
2339 3979 2393 4022 et
2422 3966 2697 4036 improbos
2736 3965 2929 4018 vitare.
2966 3959 3242 4034 Siquidem
3275 3970 3400 4008 vero
3444 3951 3576 4004 nihil

2004 4062 2270 4116 commodi
2317 4061 2554 4116 referunt
2601 4055 2852 4125 improbi,
2900 4069 3024 4121 cur,
3067 4062 3250 4122 quzeso
3277 4085 3292 4111 ,
3337 4045 3429 4098 tibi
3474 4041 3578 4111 ipsi

2005 4153 2200 4215 afferre
2229 4152 2483 4208 damnum
2513 4150 2699 4206 studes
2717 4149 2745 4201 ἲ
3026 4133 3030 4140 ’

2289 4265 2517 4323 CDLXI.
2546 4294 2616 4305 -—
2654 4260 2931 4317 HIERACI
2974 4253 3291 4314 DIACONO.

938 4429 949 4437 -
1008 4357 1258 4410 Animum
1284 4372 1441 4424 quam
1483 4372 1669 4422 corpus
1702 4355 1935 4409 excolere
1968 4372 2207 4428 prwstat.
2241 4359 2316 4414 De
2339 4359 2586 4413 societate
2615 4354 2888 4408 bonarum-

401 4489 467 4542 Ἡ
506 4486 670 4557 φύσις
695 4488 909 4562 ἀνάγκῃ
936 4490 1030 4542 καὶ
1057 4489 1202 4560 ὅροις
1227 4488 1454 4554 δέδεται,
1487 4490 1520 4558 ὴ
1549 4488 1605 4541 δὲ
1637 4487 1887 4559 προαίρε-

2067 4486 2272 4542 Natura
2303 4483 2609 4541 necessitati
2655 4481 2935 4550 certisque.
2965 4486 3052 4532 est
3092 4474 3286 4540 finibus
3319 4469 3586 4530 astricta;

323 4597 406 4643 σις
431 4577 720 4648 ἐλευθερίᾳ
765 4581 858 4632 καὶ
888 4580 1106 4652 ἐξουσίᾳ
1145 4581 1456 4651 τετίμηται.
1489 4579 1555 4632 Τί
1603 4579 1899 4649 τοιγαροῦν

321 4670 383 4724 τὺ
414 4671 574 4740 σῶμα
635 4669 1013 4736 καλλωπίζων,
1051 4672 1151 4740 τῆς
1177 4672 1354 4742 ψυχῆς
1399 4671 1662 4740 ἀμελεῖς;
1716 4669 1904 4741 Μυρία

326 4762 427 4832 μὲν
468 4763 583 4831 (44)
621 4763 715 4816 ἐὰν
750 4763 1058 4832 μηχανήσῃ,
1091 4763 1153 4816 τὸ
1174 4762 1411 4832 εἰδεχθὲς
1439 4761 1598 4831 σῶμα
1625 4759 1904 4831 εὔμορφον

321 4852 382 4907 οὐ
414 4855 680 4924 ποιήσεις.
724 4853 882 4922 Ῥᾷον
905 4853 960 4905 δὲ
992 4851 1091 4922 τὴν
1126 4851 1302 4922 ψυχὴν
1333 4854 1413 4915 εἰς
1457 4851 1624 4920 αὐτὴν
1652 4849 1743 4902 τοῦ
1777 4851 1909 4904 κάλ-

322 4945 447 5008 λους
483 4945 800 5013 ἁναγάγοις,
832 4945 881 4997 εί
927 4942 1156 5013 βούλοιο,
1214 4943 1312 5015 τὴν
1357 4943 1639 5014 κορυφήν·
1701 4941 1798 4994 καὶ
1840 4941 1904 4994 τὸ

327 5035 448 5112 μὲν,
483 5037 534 5089 εἰ
564 5036 659 5088 καὶ
689 5021 910 5090 δυνατὸν
936 5030 1025 5107 ἦν,
1057 5035 1330 5103 ἀνωφελὲς
1358 5031 1426 5106 ἦν
1454 5035 1549 5089 καὶ
1576 5034 1866 5104 ἐπίφθονον
1886 5052 1900 5065 ο

323 5129 383 5183 τὸ
417 5129 473 5181 δὲ
506 5125 601 5180 καὶ
618 5127 911 5197 ὠφέλιμον,
930 5127 1026 5180 καὶ
1056 5125 1248 5195 φθόνου
1279 5129 1544 5197 κρεῖττον,
1576 5129 1670 5181 καὶ
1695 5127 1906 5197 βασκα-

325 5218 440 5280 νίας
509 5216 803 5287 ἀνώτερον.
867 5218 930 5270 Εἰ
987 5217 1044 5282 δὲ
1094 5216 1334 5287 νομίζεις
1379 5217 1635 5271 δύσκολον
1665 5214 1806 5271 εἶναι
1843 5217 1906 5269 τὸ

327 5309 598 5380 ἀναϐῆναι
626 5309 719 5360 ἐπὶ
747 5307 842 5378 τὴν
866 5310 1107 5380 κορυφὴν
1137 5308 1236 5377 τῆς
1274 5309 1494 5378 ἀρετῆς,
1531 5309 1763 5377 μάλιστα
1802 5308 1903 5375 μὲν

326 5401 466 5471 εἰσὶν
530 5401 582 5453 oi
639 5401 733 5454 καὶ
787 5401 945 5454 τοῦτο
995 5402 1311 5465 ἀνύσαντες,
1364 5401 1459 5454 καὶ
1512 5401 1575 5452 ὲκ
1606 5399 1700 5452 τοῦ
1739 5397 1901 5469 βυθοῦ

1999 4580 2282 4633 arbitrium
2339 4592 2467 4632 vero
2522 4575 2774 4630 libertate
2831 4586 2894 4625 ac
2971 4575 3237 4636 potestate
3299 4562 3585 4630 prmditum

2000 4681 2103 4725 est.
2132 4671 2240 4724 Cur
2272 4669 2439 4740 igitur
2482 4682 2682 4735 corpus
2727 4674 2980 4718 accurate
3016 4669 3290 4713 exornans
3343 4653 3579 4706 animam

2007 4762 2280 4832 llt'gling?
2336 4759 2573 4814 Tametsi
2628 4757 2771 4813 enim
2835 4747 3248 4808 innumerabilia
3306 4743 3587 4807 moliaris,

2009 4868 2207 4922 corpus
2229 4851 2472 4906 deforme
2503 4849 2702 4903 frustra
2753 4846 3052 4900 formosum
3080 4836 3298 4894 coneris
3332 4834 3581 4896 reddere.

2009 4943 2077 4994 At
2111 4955 2337 5009 pronum
2389 4945 2471 4992 est
2500 4950 2564 4990 ac
2593 4933 2748 5004 facile
2794 4933 3034 5002 animam
3083 4929 3153 5000 ad
3202 4939 3496 4986 smnmum,
3539 4922 3585 4976 si

2009 5031 2162 5098 libet,
2220 5027 2634 5100 pulchritudinis
2687 5024 2900 5094 culmen
2958 5021 3251 5076 adducere.
3329 5014 3396 5068 Et
3457 5013 3606 5067 illud,

2006 5123 2248 5191 quidem,
2293 5119 2540 5190 quamvis
2596 5115 2710 5170 fieri
2767 5122 2966 5185 queat,
3002 5109 3191 5165 inutile
3226 5117 3402 5161 tamen
3432 5105 3503 5158 sit
3533 5112 3588 5157 et

2006 5216 2252 5270 odiosum
2283 5231 2298 5266 :
2326 5215 2426 5266 hoc
2455 5225 2583 5265 vero
2632 5208 2869 5278 perutile
2901 5213 2955 5275 et
2985 5213 3142 5257 extra
3176 5213 3394 5255 omnem
3446 5194 3587 5247 invi-

2008 5308 2150 5361 diam
2203 5305 2495 5372 odiumque
2531 5302 2786 5371 positum.
2830 5298 2888 5354 Si
2933 5307 3108 5364 autem
3166 5301 3323 5363 putes
3373 5284 3589 5342 difﬁcile

2006 5413 2148 5466 esse,
2180 5405 2237 5450 ut
2267 5396 2388 5465 quis
2409 5395 2476 5449 ad
2495 5406 2766 5450 summum
2799 5390 3020 5446 virtutis
3046 5389 3256 5457 apicem
3288 5381 3590 5453 pertingal.

1442 5551 1673 5608 VARl/E
1713 5549 2095 5608 LECTIONES
2133 5549 2222 5605 ET
2257 5548 2490 5609 NOTIE.

406 5707 521 5781 (illi)
549 5707 696 5776 inter
723 5709 820 5781 μὲν
845 5717 900 5766 et
938 5709 1032 5773 ὲᾲν
1063 5708 1223 5769 iidem
1254 5709 1496 5766 inserunt
1523 5708 1650 5778 γάρ.
1697 5707 1906 5763 Possm.
