3974 6144
306 311 445 382 1597

1194 313 1733 377 EPISTOLARUM
1770 315 1918 376 LIB.
1957 316 2108 377 V.—
2147 316 2389 378 EPIST.
2427 319 2736 381 CDLXIX.

3453 305 3592 371 1593

300 433 415 488 τῶν
432 430 712 502 δυσχερῶν
738 427 1063 500 ὑπεροψίαν,
1095 429 1186 483 καὶ
1235 432 1292 483 τὺ
1316 429 1581 498 γενναίως
1607 430 1795 500 φέρειν
1820 430 1891 483 τὰ
1924 435 1969 492 Α

2016 431 2142 497 mim
2163 432 2458 489 Christiani
2485 434 2736 505 accipere
2761 447 2925 504 quam
2956 430 3136 487 facere
3159 427 3412 497 iniuriam
3431 426 3590 496 longe

304 523 694 596 συμϐαίνοντα.
732 523 796 574 Εἰ
824 521 880 574 δὲ
905 522 1010 592 χρὴ
1045 539 1098 574 τι
1151 523 1246 576 καὶ
1292 523 1433 594 πρὸς
1454 521 1545 575 τὸν
1575 524 1785 595 ῥήτορα
1814 523 1893 575 εί-

301 614 670 684 πεῖν,εῐποιμ’
709 613 808 667 ἄν·
865 613 1007 666 Ἀλλ’
1048 615 1078 666 ὁ
1135 615 1298 685 σοφίᾳ
1349 614 1790 684 περιγενόμενος,
1848 609 1894 668 ὦ

302 705 554 777 ρητόρων
588 703 802 775 ἄριστε,
836 703 995 773 δῆλος
1015 701 1083 775 ἦν
1099 705 1181 758 ὅτι
1205 706 1298 758 καὶ
1322 705 1572 776 νικήσας,
1600 707 1648 758 εἰ
1673 704 1895 777 συνέϐη,

301 795 562 866 πολεμῶν
594 795 933 865 περιεγένετ’
957 796 1025 852 ἂν
1050 797 1338 868 μείζονωςο
1369 800 1397 851 ὁ
1422 797 1480 850 δὲ
1504 796 1727 868 ἀνδρείᾳ.
1761 815 1901 868 κρα-

242 934 263 951 ,
300 891 476 959 τήσας
509 889 708 959 ἄδηλος
747 883 839 959 ἦν,
874 889 926 942 εί
961 889 1125 961 σοφίᾳ
1175 891 1525 961 περιεγένετο
1572 891 1684 954 τοῖς
1715 889 1901 954 ὅπλοις

301 981 581 1054 ἡττηθείς.

809 1261 989 1336 Υεςν.
1023 1290 1090 1300 -
1127 1262 1408 1316 annNt.

2004 538 2124 578 esse
2159 528 2522 594 prmslantius.
2558 525 2963 580 Fortitudinem
2993 523 3138 579 enim
3170 521 3546 576 existimamus
3572 556 3593 582 ,

2003 629 2186 669 rerum
2219 632 2340 673 esse
2363 617 2658 672 difficilium
2689 615 3098 686 despicientiam
3118 657 3133 680 ,
3164 621 3218 668 et
3249 625 3436 666 eorum
3470 623 3591 678 qua:

2007 707 2263 760 accidunt
2325 708 2688 762 tolerantiam.
2755 706 2894 774 Quid
2946 721 3078 760 vero
3134 701 3341 757 oratori
3399 699 3474 754 illi
3521 698 3592 752 sit

2007 798 2440 866 respondendum
2463 840 2478 864 ,
2511 801 2589 854 sic
2639 798 2837 854 habeto
2869 816 2883 853 :
2917 797 2962 851 Ο
2995 797 3272 851 rhetorum
3324 799 3590 862 praestan-

2002 878 2247 951 tissime,
2290 891 2540 959 quisqnis
2573 890 2840 959 sapientia
2877 889 3126 958 superior
3166 885 3373 948 evasit,
3422 881 3592 950 magis

2004 978 2338 1045 inclarescit,
2371 997 2538 1051 quam
2588 982 2759 1036 victor
2799 982 2890 1051 qui
2940 980 3229 1050 pugnando
3277 974 3459 1031 evadit
3503 987 3593 1027 su-

2003 1069 2204 1138 perior.
2240 1071 2522 1126 Fortitudo
2566 1085 2745 1127 autem
2783 1074 3005 1127 vincens
3034 1073 3335 1140 ignoratur,
3377 1069 3422 1124 si
3465 1081 3594 1137 pru-

2002 1162 2182 1217 dentis
2215 1163 2384 1216 armis
2409 1176 2716 1232 superetur.

2459 1271 2737 1328 CDLXVI.
2772 1304 2842 1313 —
2870 1235 3142 1330 ZENONI.

455 1353 799 1424 Hermogenis
829 1353 1056 1421 episcom'
1088 1353 1227 1414 laus,
1249 1361 1297 1405 et
1327 1352 1598 1406 modestia:
1631 1353 2051 1425 humilitatisque
2081 1363 2489 1420 commendatio.
2520 1362 2611 1434 (Ut
2643 1375 2690 1418 et
2717 1381 2880 1434 supra
2910 1367 3062 1434 epist.
3093 1365 3198 1420 358
3227 1372 3276 1418 et
3299 1360 3450 1430 448.)

393 1465 735 1537 Ἑρμογένης
757 1467 784 1519 ὁ
822 1464 1142 1528 ἐπίσκοπος,
1169 1463 1410 1546 ,ἁγαθρἧ
1435 1465 1483 1517 εἰ
1507 1465 1600 1518 καί
1623 1482 1707 1528 τις
1735 1464 1894 1529 ἄλλος

308 1559 558 1629 γέγονεν,
556 1555 1013 1641 κάβγμῙωψὶς
1038 1555 1146 1626 γὰρ
1169 1541 1372 1616 ’ἐνίτοῖς
1406 1553 1500 1607 τοῦ
1532 1554 1770 1627 Χριστοῦ
1809 1556 1896 1606 vd-

313 1668 461 1720 μοις,
506 1646 814 1710 παιδευθεὶς
859 1645 915 1698 δὲ
972 1647 1031 1698 ὲν
1056 1648 1166 1708 τοῖς
1198 1645 1576 1707 άποστολικοῖς
1606 1645 1899 1715 παραδείγ-

2082 1473 2380 1544 Episcopus
2433 1475 2806 1547 Hermogenes
2860 1477 3065 1546 probus
3109 1475 3192 1529 vir
3227 1484 3331 1540 est,
3380 1474 3428 1530 si
3472 1473 3595 1543 quis

2005 1565 2162 1620 alius.
2196 1567 2466 1621 Educatus
2495 1567 2638 1621 enim
2674 1567 2727 1620 in
2758 1567 2959 1621 Christi
2986 1564 3393 1635 Iege,exemplis
3413 1573 3594 1618 autem

2009 1655 2288 1710 institutus
2325 1656 2658 1725 apostolicis,
2693 1657 2947 1725 episcopo
2981 1670 3108 1709 vero
3137 1656 3294 1724 digna
3329 1654 3495 1709 sentit
3539 1660 3596 1708 et

314 1757 505 1812 μασιν,
545 1739 854 1808 ἐπισκοπῆς
895 1738 950 1790 δὲ
977 1734 1102 1800 ἄξια
1135 1737 1230 1788 καὶ
1256 1737 1532 1807 φρονήσας
1549 1736 1641 1790 καὶ
1661 1737 1894 1807 πράξας,
1931 1745 1976 1804 Β

2016 1746 2339 1814 exsequitur.
2384 1746 2745 1814 Temporibus
2787 1762 2916 1801 vero
2957 1745 3364 1802 accommodam
3393 1745 3594 1798 famam

317 1830 643 1902 συνηὸὧσαν
677 1830 788 1899 (47)
818 1827 895 1898 τῷ
950 1829 1128 1898 χρόνῳ
1175 1828 1271 1898 τὴν
1305 1828 1461 1893 δόξαν
1492 1832 1584 1883 καὶ
1612 1829 1710 1899 τὴν
1739 1828 1904 1898 τιμὴν

313 1924 598 1994 κέκτηται.
645 1923 704 1976 Ὁ
731 1921 840 1992 γὰρ
871 1924 982 1984 τοῖς
1009 1921 1188 1984 ἄλλοις
1205 1926 1316 1984 τοῖς
1348 1921 1447 1990 τὴν
1481 1921 1682 1992 ἀρετὴν
1705 1920 1906 1973 ἀσκοῦ-

315 2033 404 2070 σιν
467 2015 869 2083 άντοφθαλμεῖν
933 2014 1324 2092 μψελετηκὼς
1370 2014 1585 2083 φθόνος,
1619 2014 1792 2084 τούτῳ
1817 2013 1906 2066 διὰ

319 2107 387 2160 τὸ
428 2105 658 2176 μέγεθος
679 2105 780 2173 τῆς
829 2105 1135 2174 πραότητος
1174 2105 1398 2173 καὶτῆς
1435 2105 1907 2176 μετριοφροσύνης

315 2197 428 2250 οὐδ’
489 2195 805 2265 ἀντιϐλέψαι
855 2196 1178 2266 ἐτόλμησεν.
1241 2197 1304 2248 Ἣ
1355 2197 1462 2266 γὰρ
1520 2181 1657 2264 πρὸς
1707 2195 1776 2248 τὰ
1822 2197 1906 2246 ἐν·

316 2287 577 2351 δοξὸτατα
635 2287 743 2341 τῶν
806 2287 983 2356 ἔργων
1035 2287 1334 2359 σύντροφος
1385 2287 1660 2358 ἀγρυπνία
1701 2305 1908 2358 κοσμη-

318 2381 478 2433 θεῖσα
528 2383 595 2451 τῇ
648 2379 1141 2450 ταπεινοφροσύνῃ,
1205 2381 1296 2433 καὶ
1341 2379 1432 2432 τὸν
1460 2379 1566 2432 τῶν
1599 2379 1907 2432 καλλίστων

317 2473 575 2544 λυμεῶνα
603 2472 798 2542 φθόνον
859 2471 1322 2524 κατεδουλώσατο.
1358 2471 1420 2524 Εἰ
1469 2472 1646 2524 τοίνυν
1682 2475 1762 2524 κα“
1807 2473 1906 2524 αὑ-

316 2565 413 2627 τὸς
439 2565 563 2617 κατ’
597 2563 744 2632 ῖχνος
769 2562 980 2615 ἐκείνου
1010 2561 1227 2632 βαδίσαι
1284 2563 1617 2635 προῄρησαι,
1656 2564 1908 2634 καθάπερ

319 2657 403 2719 εἰς
466 2654 773 2726 ἀρχέτυπόν
827 2671 952 2708 τινα
1016 2657 1205 2709 εἰκόνα
1256 2656 1424 2726 ὁρῶν,
1480 2655 1748 2728 σφράγιζε
1809 2655 1908 2724 τὴν

331 2748 536 2821 ἀρετὴν
565 2750 630 2819 τῇ
658 2747 1117 2818 μετριοφροσύνῃ.
1144 2747 1332 2816 Καλὴν
1355 2747 1465 2819 γὰρ
1495 2748 1794 2816 ἀσφάλειαν
1819 2747 1910 2800 καὶ

327 2843 590 2913 μέγιστον
639 2841 953 2911 σήμαντρον
981 2838 1058 2908 τῷ
1084 2837 1294 2909 ταμείῳ
1334 2839 1440 2892 τῶν
1471 2839 1910 2908 κατορθωμάτων
1948 2849 1954 2854 ·

320 2932 634 3003 ἐπιθήσεις.

646 3041 809 3096 ΥΞΖ’.
839 3072 908 3082 -
933 3042 1102 3100 ΗΛΙΑ
1128 3039 1602 3109 ΠΡΕΣΒΥΤΕΡῼ.

2009 1845 2062 1890 et
2092 1835 2316 1904 gloriam
2345 1845 2430 1891 est
2455 1846 2800 1892 consecutus.
2840 1836 3069 1903 Invidia,
3091 1853 3215 1908 quae
3242 1838 3376 1892 alios
3393 1836 3597 1891 virtute

2010 1929 2268 1996 przeditos
2300 1929 2474 1996 palam
2508 1929 2645 1984 solet
2676 1945 3012 1999 Oppugnare,
3047 1931 3189 1985 hunc
3220 1932 3290 1984 oh
3319 1932 3595 1999 ingentem
3677 2002 3680 2004 Ι

2010 2034 2222 2072 morum
2257 2021 2752 2087 mansuetudinem,
2779 2021 3217 2091 singularemque
3244 2022 3592 2088 modestiam,

2011 2125 2077 2164 ne
2109 2111 2352 2179 aspicere
2374 2112 2590 2181 quidem
2631 2114 2884 2168 sustinet.
2917 2114 3180 2185 Vigilandi
3211 2115 3356 2170 enim
3404 2114 3597 2170 claris-

2011 2201 2164 2255 simis
2219 2202 2381 2257 rebus
2433 2204 2602 2271 gestis
2654 2214 2912 2271 agnatuzn
2975 2206 3215 2260 studimn
3277 2205 3589 2260 humilitate

2011 2301 2352 2356 exornatum,
2384 2293 2586 2363 optima
2617 2310 2844 2364 qumque
2867 2304 3304 2365 corrumpentem
3326 2295 3586 2350 invidiam

2010 2383 2237 2452 pedibus
2263 2385 2375 2439 suis
2400 2388 2636 2457 subegit.
2668 2387 2846 2452 Quare
2870 2389 2914 2442 si
2935 2386 3318 2454 ejusinccdere
3345 2385 3596 2455 vestigiis

2012 2474 2285 2541 statuisti,
2321 2478 2464 2532 velut
2504 2479 2557 2533 in
2607 2480 2899 2548 imaginem
2949 2480 3017 2534 ad
3067 2480 3246 2534 vivum
3274 2491 3593 2548 expressam

2015 2565 2252 2632 intuens,
2307 2569 2530 2639 obsigna
2582 2571 2832 2625 virtutem
2872 2571 3020 2638 ejus,
3072 2572 3240 2626 veluti
3290 2572 3596 2642 signaculo,

2014 2658 2342 2715 humilitate.
2372 2659 2665 2716 Pulchrum
2684 2665 2826 2717 enim
2861 2663 3168 2732 prmsidium
3193 2664 3598 2731 maximumque

2014 2748 2227 2818 signant
2277 2754 2653 2822 promptuario
2718 2755 3080 2824 thesauroque
3131 2764 3278 2809 recte
3328 2753 3595 2810 factorum

2015 2841 2313 2908 appendcs.

2117 3041 2282 3112 697
2314 3042 2612 3097 conxvu.
2657 3075 2726 3084 -
2774 3043 2950 3097 eum
2989 3040 3452 3099 pnesev'raao

1196 3127 1320 3181 Non
1345 3135 1516 3198 pudor
1539 3140 1616 3182 est
1651 3127 1729 3182 nil
1757 3128 1914 3194 scire,
1942 3132 2111 3197 pudor
2138 3144 2212 3187 est
2243 3135 2317 3186 nil
2349 3135 2545 3187 discere
2568 3137 2714 3188 velle.

407 3247 467 3303 ’0
498 3246 772 3300 διδάσκειν
808 3245 907 3315 μὲν
943 3243 1020 3314 μὴ
1059 3243 1378 3314 δυνάμενος,
1429 3242 1623 3313 μαθεῖν
1649 3243 1704 3296 δὲ
1734 3242 1915 3312 βουλὸ-
1943 3233 1988 3290 ϐ

2091 3242 2297 3297 Docere
2320 3245 2408 3312 qui
2445 3246 2670 3310 nesciat,
2696 3245 2907 3301 discere
2932 3231 3061 3300 vero
3107 3251 3353 3316 exoptat,
3390 3244 3591 3318 dignus

327 3360 490 3414 μενος
521 3341 788 3410 ἀποδοχῆς
817 3341 963 3391 ἐστιν
983 3335 1151 3400 ἄξιος.
1181 3335 1240 3387 '0
1265 3335 1321 3387 δὲ
1353 3334 1488 3404 πρὸς
1516 3333 1594 3404 τῷ
1621 3333 1694 3404 μὴ
1719 3334 1914 3387 εἰδέναι

2023 3335 2117 3402 qui
2150 3335 2464 3403 recipiatur.
2493 3337 2592 3402 Qui
2620 3351 2747 3391 vero
2775 3345 2829 3391 t-t
2861 3337 2995 3391 nihil
3025 3338 3166 3392 scire
3186 3345 3240 3393 et
3265 3337 3458 3393 docere
3477 3353 3601 3408 pro-

325 3436 424 3489 καὶ
451 3433 722 3487 διδάσκειν
757 3428 1253 3499 ἐπαγγελλόμενος,
1287 3426 1525 3497 ἐσχάτην
1549 3425 1908 3480 ἀπαιδευσίαν

324 3525 520 3591 νοσῶν,
547 3524 669 3578 οὐδὲ
695 3521 884 3594 μαθεῖν
907 3520 1216 3590 δυνήσεται,
1245 3515 1340 3572 τοῦ
1365 3517 1544 3572 δοκεῖν
1577 3517 1773 3572 εἰδέναι
1804 3515 1910 3588 χώ-

329 3633 429 3686 ραν
456 3615 531 3686 μὴ
557 3612 912 3685 παρέχοντος.

644 3726 818 3779 rana
838 3753 909 3764 -
943 3722 1219 3792 ΣΕΡΠΝῼ
1272 3721 1597 3790 ΔΙΑΚΟΝῼ.

2019 3425 2195 3480 fessus
2223 3437 2308 3482 est
2357 3443 2566 3481 summa
2617 3429 2831 3483 inscitia
2878 3428 3154 3496 laborans,
3195 3443 3369 3499 neque
3391 3428 3602 3484 discere

2017 3517 2301 3571 commode
2334 3519 2557 3586 poterit,
2579 3519 2721 3589 quod
2757 3518 2932 3572 locum
2959 3533 3063 3574 non
3081 3518 3342 3589 praebeat,
3371 3527 3432 3575 ut
3458 3519 3603 3577 scire

2017 3605 2188 3660 videri
2208 3616 2392 3675 queat.

2264 3716 2583 3773 CDLXVIII.
2617 3749 2687 3760 -—-
2717 3717 2988 3776 SERENO
3015 3718 3334 3778 DlACONO.

1540 3810 1766 3880 Superbi
1799 3819 1846 3862 et
1881 3808 2006 3862 elati
2051 3807 2401 3874 deprimendi.

400 3935 466 3990 Εἰ
501 3927 575 3988 ὧν
630 3928 1056 4001 ὴμφισϐήτησας
1106 3925 1182 3996 μὴ
1234 3923 1437 3994 τυχὼν,
1469 3921 1608 3976 ἀλλὰ
1635 3920 1910 3991 λαμπρῶς

2088 3921 2144 3974 Si
2178 3939 2282 3976 non
2316 3934 2596 3977 assecutus
2639 3922 2691 3976 id
2747 3935 2914 3992 super
2947 3938 3057 3993 quo
3109 3924 3461 3993 contendisti,
3509 3928 3604 3981 sed

325 4025 606 4095 ἡττηθεὶς,
639 4023 732 4076 νῦν
763 4021 922 4092 χάριν
967 4020 1144 4080 δοκεῖς
1191 4017 1382 4079 αἰτεῖν,
1423 4014 1581 4084 δῆλος
1628 4009 1677 4066 εἶ
1704 4011 1782 4081 τῷ
1807 4011 1910 4080 τῆς

2018 4015 2307 4070 manifeste
2339 4025 2628 4084 superatus
2659 4015 2892 4081 gratiam
2921 4014 3081 4068 modo
3112 4015 3388 4084 postulare
3425 4017 3607 4070 videa-

327 4117 558 4186 χάριτος
602 4114 825 4183 ὀνόματι
892 4109 1053 4162 λῦσαι
1107 4109 1176 4161 τά
1239 4105 1495 4177 κριθέντα
1549 4102 1908 4174 πειρώμενος.

2019 4105 2114 4163 ris.
2146 4116 2372 4173 apparet
2402 4116 2454 4159 te
2508 4116 2762 4158 conatum
2802 4118 2922 4157 esse
2972 4105 3160 4171 gratiae
3211 4105 3449 4170 nomine,
3484 4121 3605 4174 qtae

329 4212 397 4263 Εἰ
431 4210 486 4261 δὲ
518 4207 695 4274 λέγοις
725 4205 819 4259 καὶ
837 4202 990 4273 παρὰ
1013 4200 1108 4255 τοῦ
1130 4199 1453 4261 δικάσαντος
1495 4197 1788 4267 ἠδικῆσθαι
1830 4193 1912 4264 (τὸ

2019 4207 2147 4250 sunt
2173 4197 2442 4264 iudicata,
2475 4197 2629 4250 irrita
2662 4194 2909 4249 reddere.
2948 4195 3004 4248 Si
3041 4196 3192 4250 dices
3226 4197 3389 4248 etiam
3427 4213 3455 4248 a
3485 4212 3606 4250 sen-

333 4299 438 4370 μὲν
475 4297 548 4360 ὼς
582 4296 808 4358 δικαίως
837 4293 1116 4364 ἡττηθεὶς,
1158 4289 1305 4342 ἐάσω
1335 4288 1561 4357 λέγειν),
1599 4286 1658 4338 τὸ
1709 4285 1788 4349 δὲ,
1842 4285 1917 4347 ὡς

2021 4290 2244 4343 tentiam
2273 4285 2486 4342 ferente
2512 4285 2776 4353 iniuriam
2814 4287 2932 4341 fieri
2961 4288 3148 4356 (idque
3181 4298 3234 4340 ut
3265 4287 3389 4356 jure
3417 4289 3604 4342 convi-

330 4391 610 4459 κέκριται,
642 4386 804 4452 λέξω.
845 4383 981 4439 Οὐδὲ
1011 4382 1120 4452 γὰρ
1172 4381 1238 4434 ἂν
1275 4381 1382 4434 οὐδ’
1415 4379 1558 4433 οῦτω
1588 4377 1918 4448 κεκριμένον

2019 4388 2160 4445 ctus,
2195 4379 2352 4432 mitto
2381 4375 2613 4447 dicere),
2645 4375 2772 4429 illud
2807 4385 2865 4429 ut
2895 4375 3192 4444 iudicatum
3225 4376 3297 4431 sit
3345 4377 3602 4432 referam.

327 4479 423 4553 ἦν,
453 4479 549 4533 τοῦ
581 4479 903 4540 δικάσαντος
938 4475 1238 4528 ἀδεκάστου
1287 4473 1670 4542 τυγχάνοντος,
1734 4471 1784 4521 εί
1842 4468 1918 4537 μὴ
1953 4513 1977 4565 Ι

2024 4468 2170 4523 Nihil
2219 4468 2365 4523 enim
2423 4466 2822 4536 sicjudicalum
2877 4468 3060 4534 fuerit,
3114 4482 3236 4522 cum
3291 4469 3608 4522 muneribus

330 4575 395 4628 τὸ
417 4572 641 4634 δικαίως
680 4570 910 4640 προσῆν.
945 4570 1090 4638 Πλὴν
1133 4567 1270 4622 ἀλλὰ
1311 4567 1407 4619 καὶ
1438 4563 1579 4634 μετά
1607 4561 1666 4615 τὸ
1695 4562 1919 4630 νικῆσαι
1953 4558 1977 4565 “

2026 4559 2191 4614 fuerit
2216 4559 2585 4627 incorruptus,
2613 4558 2705 4627 qui
2752 4560 3078 4614 sententiam
3115 4560 3257 4624 tulit,
3293 4560 3392 4613 nisi
3438 4561 3488 4613 id
3515 4560 3605 4627 ju-

330 4668 436 4736 τὴν
465 4669 625 4735 χάριν
655 4663 869 4731 δίδωμι,
899 4663 956 4723 ὅς
990 4677 1055 4729 γε
1089 4660 1198 4713 οὐδ’
1231 4659 1297 4712 ἂν
1331 4657 1392 4722 ἐξ
1424 4655 1604 4726 ἀρχῆς
1649 4651 1923 4723 ἠγωνισά-

2026 4661 2169 4706 stum
2211 4650 2396 4707 fuerit.
2435 4650 2820 4706 Verumtamen
2848 4667 2989 4705 nunc
3016 4660 3134 4720 post
3173 4651 3452 4704 victoriam
3485 4667 3609 4719 gra-

338 4777 471 4829 μην,
534 4757 648 4827 εἴγε
708 4752 1012 4821 καταγνοὺς
1071 4749 1271 4804 σαυτοῦ
1319 4746 1652 4818 συγγνώμην
1688 4743 1917 4815 ᾔτησας.

2029 4745 2159 4798 tiam
2195 4743 2288 4809 do,
2315 4744 2528 4813 qualem
2581 4745 2650 4798 ab
2689 4742 2844 4797 initio
2890 4753 3180 4810 antequam
3215 4752 3486 4796 certarem
3513 4743 3610 4796 de—

335 4846 461 4918 Χρὴ
485 4845 594 4918 γάρ
650 4845 711 4898 τὸ
767 4843 1023 4914 φρόνημα
1083 4840 1191 4893 τῶν
1253 4837 1638 4909 σφαλλομένων
1691 4835 1810 4905 μὲν,
1847 4831 1921 4904 μὴ

2027 4838 2255 4905 dissem,
2289 4836 2333 4892 si
2366 4836 2576 4892 veniam
2602 4836 2963 4905 postulasses.
3000 4832 3225 4905 Oportet
3253 4835 3397 4889 enim
3427 4849 3610 4903 snper-

337 4939 603 5009 οἰομένων
636 4936 694 4989 δὲ
721 4934 1017 5005 ἐσφάλθαι,
1051 4931 1335 5002 καθαιρεῖν
1355 4947 1370 4963 ο
1397 4930 1814 5000 γνωσιμαχοῡσι
1863 4927 1920 4979 δὲ

2025 4929 2121 4983 bos
2153 4927 2386 4989 animos,
2413 4941 2602 4980 eorum
2645 4926 2735 4994 qui
2762 4925 3002 4992 superati
3025 4924 3154 4988 sint,
3190 4937 3294 4977 non
3334 4933 3511 4978 tamen
3549 4935 3610 4978 sc

341 5031 678 5104 συγγνώμην
717 5031 924 5101 νέμειν.

2024 5021 2195 5074 victos
2227 5018 2562 5080 existiment,
2597 5017 2926 5085 deprimere,
2979 5016 3193 5070 veniam
3230 5031 3358 5071 vero
3408 5017 3608 5086 resipi-

2023 5113 2299 5168 scentihus
2334 5111 2591 5163 tribuere.

579 5239 747 5292 ΥΞΘ¹.
775 5268 846 5278 -—
879 5236 1089 5291 ΗΡΩΝΙ
1117 5231 1682 5301 ΠΟΛΙΤΕΥΟΜΕΝῼ.

2162 5221 2440 5277 CDLXIX.
2465 5251 2536 5262 --
2576 5219 2832 5277 HERONI
2879 5220 3083 5276 REMP.
3122 5221 3446 5277 GERENTI.

1580 5320 1847 5373 Bonorum
1891 5315 2146 5370 sodalitas
2188 5322 2364 5384 grata.

415 5427 510 5500 Μὴ
539 5426 729 5496 ὥσπερ
758 5421 958 5494 ταῦρος
997 5420 1092 5474 καὶ
1129 5417 1432 5488 ἁγέρωχος,
1465 5411 1560 5464 καὶ
1586 5410 1922 5480 ἁτιμαγέλας

2106 5404 2223 5458 Noli
2255 5412 2313 5456 ut
2346 5403 2586 5457 insolens
2619 5414 3038 5472 armcntumque
3090 5402 3348 5458 deserens
3397 5414 3606 5471 taurus,

1463 5525 1695 5582 VARUE
1731 5520 2115 5580 LEC'I’IONES
2154 5517 2241 5572 ET
2281 5515 2518 5571 NOTAE.

420 5665 534 5735 (47)
558 5663 700 5717 Inter
730 5660 1046 5735 συνηδιῦσαν
1067 5665 1121 5709 cl.
1149 5653 1225 5722 τῷ
1253 5652 1436 5735 pip-om)
1465 5652 1622 5706 iidem
1653 5649 1807 5735 codd.
1845 5650 1925 5735 in-

2043 5645 2205 5699 fuerit
2239 5639 2548 5710 conjunctio
2579 5640 2694 5707 xui,
2723 5652 2842 5709 qua:
2872 5638 2977 5695 duo
3021 5637 3107 5693 illa
3156 5639 3337 5691 nectat
3365 5631 3600 5686 nomina.

351 5718 561 5796 ﬁn‘d—utit
623 5718 1073 5801 συνακμάζουσαν
1107 5740 1118 5752 ·
1171 5718 1550 5779 suun—fortasse
1625 5721 1916 5790 supplenda

2030 5718 2236 5771 l’osstn.

711 5947 740 6000 Ι
