3974 6144
346 275 476 344 1601

1150 273 1685 339 EPISTOLARUM
1727 273 1872 335 LIB.
1912 267 1981 336 V.
2017 297 2088 310 *-
2123 267 2360 336 EPIST.
2394 264 2745 338 CDLXXVI.

3474 267 3608 342 1609

345 393 543 464 μανίαν
563 389 697 461 ἔχει.
735 385 856 461 Χρὴ
882 389 1170 460 τοιγαροῦν
1207 392 1332 456 τοὺς
1356 391 1709 462 ἱερωμένους,
1733 388 1927 461 ὥσπερ
1954 444 1956 450 ς

2031 403 2231 444 rorem.
2261 390 2423 445 Decet
2453 390 2636 460 itaque
2665 392 2836 446 sacris
2884 388 3175 444 dedicatos
3209 391 3370 444 veluti
3410 371 3604 456 templa

339 485 637 553 ἀνάκτορα,
694 481 896 544 παντὸς
951 481 1280 554 τυραννικοῦ
1330 481 1425 536 καὶ
1455 478 1685 551 αίσχροῦ
1714 476 1920 542 πάθους

2028 481 2211 537 omnis
2241 483 2534 553 tyrannicae
2579 481 2844 552 nudaeque
2885 481 3310 551 perturbationis
3358 483 3606 553 expones

340 574 577 636 ἀϐάτους
606 571 834 636 ἑαυτοὺς
861 570 1158 644 διατηρεῖν.

835 687 999 744 ΥΟΓ’.
1031 718 1102 728 --
1130 687 1412 744 ΜΛΡΩΝΙ.

2025 584 2086 627 se
2117 585 2463 627 conservare.

2422 679 2748 738 CDLXXlll.
2779 713 2851 730 -
2893 669 3184 744 usuum.

982 779 1181 851 Fugite
1216 791 1426 850 peccata
1458 791 1504 837 et
1533 782 1756 852 famam,
1791 778 2281 850 existimationeque
2306 779 2503 833 malum
2549 779 2708 848 facile
2741 778 2969 836 sedabit.

422 893 516 946 Ἐκ
539 891 650 946 τῶν
670 892 1012 965 πραγμάτων
1041 892 1115 956 ὡς
1140 893 1208 945 τὰ
1248 890 1417 947 πολλά
1447 893 1503 946 αί
1534 894 1715 963 φῆμαι
1747 891 1912 962 φύον-

334 1000 456 1037 ται·
496 985 551 1038 αί
615 984 714 1056 μὲν
743 981 837 1038 οὖν
878 985 1096 1053 ἀληθεῖς
1128 985 1190 1036 οὐ
1249 985 1467 1055 ῥᾳδίως,
1514 985 1658 1055 τάχα
1687 984 1744 1037 δὲ
1803 984 1912 1037 οὐδ’

335 1075 471 1138 ὅλως
501 1075 834 1130 σϐέννυνται.
862 1077 930 1128 At
956 1076 1010 1128 δὲ
1025 1075 1260 1145 ψευδεῖς,
1278 1076 1377 1128 καὶ.
1400 1076 1550 1146 παρὰ
1574 1075 1683 1129 τῶν
1703 1074 1914 1146 ἐχθρῶν

336 1167 531 1238 φθόνου
591 1166 777 1222 ἕνεκεν
823 1167 1219 1238 πραττόμεναι,
1257 1168 1332 1230 ὡς
1361 1167 1429 1221 τὰ
1453 1167 1732 1239 ’ἀράχνεια
1770 1163 1914 1234 ὑφά-

337 1275 539 1327 σματα,
580 1257 774 1311 θᾶττον
807 1257 1133 1312 διαλύονται.
1166 1257 1420 1311 Πέπαυσο
1459 1257 1637 1310 τοίνυν
1662 1257 1768 1310 τῶν
1790 1258 1915 1311 ἀτό-

336 1369 455 1404 πων
495 1351 775 1421 πράξεων·
808 1352 857 1404 εί
909 1351 968 1405 δὲ
1005 1352 1101 1422 μὴ,
1138 1352 1212 1423 μὴ
1260 1351 1560 1420 ἀγανάκτει
1615 1350 1760 1404 κατά
1815 1352 1915 1421 τῆς

340 1444 550 1513 φήμης,
567 1442 643 1504 ὡς
677 1442 982 1512 πανταχόσε
999 1444 1390 1514 κωμῳδούσης.
1415 1443 1552 1496 Οὐδὲ
1577 1443 1687 1515 γὰρ
1715 1439 1827 1496 οἷόν
1853 1449 1911 1496 τε

340 1533 494 1605 ῥίζης
530 1532 640 1606 (48)
663 1533 890 1597 κλάδους
923 1534 1000 1606 μὴ
1037 1534 1327 1604 ἀναφύναι.
1483 1605 1489 1611 1

642 1644 808 1697 ΥΟΔ¹.
843 1678 911 1691 --
941 1647 1203 1719 ΙΣΙΔΩΡῼ
1252 1645 1620 1719 ΕΠΙΣΚΟΠῼ.

2092 886 2252 941 Fama
2288 888 2529 942 nascitur
2577 888 2893 959 plerumque
2925 904 2989 943 ex
3017 888 3148 959 ipsis
3183 891 3432 961 negatiis,
3459 907 3599 958 ηοω,

2019 979 2063 1031 si
2097 992 2220 1032 vera
2250 979 2486 1041 exsistit,
2516 993 2620 1031 non
2655 977 2832 1044 facile,
2868 979 3008 1035 forte
3031 981 3194 1034 etiam
3229 991 3334 1036 non
3369 985 3593 1037 Omnino

2019 1071 2399 1138 exstinguitur.
2464 1068 2623 1124 Falsa
2663 1083 2853 1126 contra
2910 1073 2979 1126 ab
3026 1072 3273 1127 hostibus
3315 1075 3432 1128 fere
3490 1075 3600 1128 odii

2023 1179 2187 1218 causa
2215 1163 2470 1228 conficta,
2508 1163 2685 1218 instar
2724 1165 2842 1218 tela:
2864 1178 3186 1218 aranearum
3229 1165 3338 1220 cito
3392 1167 3599 1220 interit.

2019 1255 2383 1321 Quamobrem
2432 1254 2624 1310 desine
2671 1255 2904 1310 absurde
2924 1270 3104 1326 agere,
3132 1257 3370 1326 alioquin
3402 1257 3599 1313 fama’m

2017 1345 2589 1412 existimationemtpte
2624 1345 2697 1398 tui
2730 1333 2993 1400 accusare
3040 1345 3170 1409 noli,
3212 1347 3366 1414 quasi
3401 1346 3601 1416 ubique

2018 1436 2429 1507 perstringaris.
2468 1435 2580 1490 Nec
2600 1436 2745 1490 enim
2787 1435 2905 1491 ﬁeri
2958 1445 3137 1506 potest
3169 1439 3299 1506 quin
3329 1455 3361 1494 e
3402 1438 3599 1493 radici-

2015 1529 2114 1584 bus
2146 1527 2280 1582 rami
2306 1525 2589 1598 pullulent.

2126 1640 2295 1711 699
2330 1638 2657 1695 CDLXXIV.
2697 1668 2769 1682 -
2810 1637 3087 1695 lSlDORO
3137 1639 3494 1697 EPISCOPO.

1257 1739 1534 1793 Hominem
1559 1740 1793 1808 iniquum
1821 1746 1870 1791 et
1895 1736 2214 1806 injuriosum
2245 1733 2516 1788 admoneri
2547 1731 2678 1789 t'ttll.

407 1843 678 1912 Πιστεύω,
711 1845 793 1899 ὅτι
831 1847 881 1901 εί
918 1845 1074 1917 γνοίη
1106 1847 1256 1919 παρᾶ
1283 1847 1386 1918 τῆς
1430 1849 1529 1917 σῆς
1579 1847 1857 1917 ὁσιότητος
1883 1847 1912 1899 6

332 1940 398 2008 τῇ
434 1937 628 1992 ἑαυτοῦ
660 1940 970 2010 ἐπιτρέπων
1014 1939 1262 2010 δυνάμει,
1293 1940 1395 1998 ὅτι,
1444 1939 1539 1992 σὺν
1564 1937 1684 2008 Θεῷ
1721 1939 1908 2007 φάναι,

332 2028 434 2096 τῆς
482 2027 809 2097 Ἐκκλησίας
836 2030 902 2082 ὲκ
930 2031 1031 2099 τῆς
1079 2028 1285 2083 ἄνωθεν
1333 2027 1584 2098 βοηθείας
1611 2026 1911 2098 ὡχυρωμέέ

336 2135 456 2189 νης,
485 2121 582 2174 καὶ
611 2119 721 2174 τῶν
745 2121 925 2191 νόμων
959 2119 1312 2192 ἐρρωμένων,
1359 2120 1532 2182 οὐδεὶς
1562 2120 1712 2190 παρὰ
1736 2120 1796 2172 τὸ
1827 2119 1907 2171 δί-

332 2227 488 2263 καιον
517 2211 878 2266 ὲκδιάσασθαι
908 2211 1000 2265 τὸν
1041 2213 1251 2282 πένητα
1296 2210 1383 2280 ἐφ’
1430 2210 1586 2281 ὕϐρει
1631 2211 1732 2280 τῆς
1787 2212 1911 2264 Ἐκ-

332 2299 564 2369 κλησίας
591 2301 691 2372 τῆς
727 2302 1030 2373 ὀρεγούσης
1061 2304 1172 2366 τοῖς
1221 2301 1596 2370 ἀδικουμένοις
1628 2301 1722 2370 τὴν
1751 2304 1909 2370 χεῖρα

331 2390 644 2464 δυνήσεται,
678 2394 1048 2466 ἀποστήσεται
1092 2395 1192 2465 τῆς
1225 2394 1366 2447 κατά
1402 2394 1495 2447 τοῦ
1540 2397 1768 2464 πένητος
1797 2394 1908 2447 ἀδι-

334 2481 479 2544 κίας,
519 2484 717 2552 μᾶλλον
745 2484 802 2537 δὲ
845 2486 943 2554 τῆς
977 2484 1098 2538 καθ’
1133 2483 1348 2538 ἑαυτοῦ.
1379 2484 1454 2537 UO
1490 2484 1599 2554 γὰρ
1651 2484 1908 2539 τοσοῦτον

325 2577 356 2628 6
387 2576 614 2646 πάσχων
646 2577 806 2648 (τέως
861 2581 969 2651 γὰρ
1013 2579 1186 2643 οὕτως
1218 2577 1500 2652 εἰρήσθω),
1545 2579 1669 2632 ὅσον
1699 2582 1727 2632 6
1765 2579 1906 2648 δρῶν

326 2667 612 2722 ἀδικεῖται.

544 2773 708 2830 rosa
742 2805 806 2818 --
849 2774 1190 2849 mamma
1222 2773 1690 2850 ΙΙΡΕΣΒΥΤΕΡῼ.

2091 1843 2287 1906 Credo,
2325 1843 2372 1898 si
2438 1843 2556 1912 quis
2603 1852 2711 1898 tute
2762 1848 2821 1898 se
2854 1845 3198 1901 committens
3249 1845 3521 1914 poteSta'ti,
3567 1863 3598 1904 a

2021 1943 2108 1990 tua
2131 1935 2427 1991 sanctitate
2460 1939 2776 2005 cognoscat,
2806 1937 2970 2006 quad,
3006 1947 3064 1992 ut
3089 1953 3211 1992 cum
3239 1936 3348 1992 Deo
3379 1937 3592 2008 loquar,

2017 2042 2139 2082 cum
2190 2027 2430 2083 Ecclesia
2483 2028 2693 2083 ccelesti
2738 2029 2942 2083 auxilio
2996 2023 3290 2096 muniatur,
3345 2029 3600 2103 legesque

2017 2118 2253 2184 valeant,
2304 2119 2486 2175 nullus
2519 2135 2617 2188 per
2656 2121 3037 2176 Contumeliam
3084 2120 3338 2176 Ecclesiae
3374 2139 3595 2177 manum

2016 2207 2160 2264 laesis
2185 2210 2456 2266 tendentis
2485 2219 2679 2280 przeter
2714 2212 2792 2266 fas
2813 2211 2970 2281 etjus
3008 2212 3228 2282 pauperi
3255 2207 3360 2267 vim
3391 2213 3597 2269 inferre

2015 2300 2237 2368 poterit,
2265 2300 2345 2354 sic
2378 2301 2750 2371 unusquisque
2777 2303 2844 2357 ab
2870 2304 3065 2370 injuria
3098 2305 3286 2358 contra
3326 2301 3591 2375 pauperes

2017 2391 2186 2461 magis
2211 2405 2372 2460 quam
2405 2402 2591 2446 contra
2621 2409 2678 2447 se
2708 2393 3021 2450 abstinebit.
3056 2395 3240 2466 N‘eque
3283 2393 3426 2452 enim
3471 2406 3597 2450 tan-

2021 2490 2132 2536 tu‘tn
2173 2483 2218 2538 is
2271 2484 2360 2553 qui
2420 2486 2620 2555 aecipit
2667 2485 2939 2554 iniuriam,
3003 2497 3060 2542 ιιι
3095 2479 3250 2545 ‘ali‘as
3289 2479 3597 2556 docuimus,

2009 2581 2273 2642 quantum
2310 2573 2399 2643 qui
2425 2571 2551 2629 facit
2580 2573 2682 2630 sibi
2717 2575 2816 2646 ipsi
2847 2575 3025 2632 nocet;

2119 2771 2425 2828 anxxv.
2455 2804 2524 2814 —
2551 2759 2949 2830 ATuANASIo
2997 2757 3482 2834 P‘RESBYTERO.

1185 2888 1385 2944 Virtuti
1417 2892 1593 2961 potius
1617 2907 1753 2946 vera:
1781 2904 1940 2960 quam
1968 2885 2201 2940 orationi
2227 2885 2422 2953 {ucatw
2443 2887 2778 2942 studendum.

401 3022 596 3092 Πρώην
621 3024 720 3093 μὲν
744 3023 946 3096 ἑτέρων
967 3025 1189 3097 ἤκουον,
1213 3023 1308 3077 νῦν
1328 3019 1385 3078 δὲ
1409 3022 1581 3093 ἔγνων
1603 3023 1906 3076 δεινότατον
1937 2996 1956 3054 ί

2081 3017 2266 3086 Nuper
2293 3033 2358 3071 ex
2388 3016 2496 3072 alio
2525 3019 2726 3086 andivi,
2761 3029 2904 3074 nunc
2949 3019 3114 3075 etiam
3151 3023 3401 3092 co'gnt'wi,
3452 3023 3594 3096 opti-

322 3112 455 3166 ὄντα
485 3130 544 3166 σε
580 3115 926 3186 ῥητορεύειν·
963 3116 1020 3179 ὃς
1068 3116 1161 3168 ἐπὶ
1190 3113 1451 3184 πράξεσιν
1492 3113 1636 3167 οὕτω
1668 3113 1907 3184 παρανὸ-

326 3222 452 3274 μοις
484 3210 579 3258 καὶ
611 3209 876 3277 πονηραῖς
914 3207 1088 3274 λόγων
1139 3206 1479 3279 εὐπρέπειαν
1524 3205 1757 3275 ἑχόντων
1807 3205 1908 3256 οὐκ

320 3297 632 3369 ἡπόρησας.
663 3298 802 3350 Ἀλλ’
822 3298 918 3366 οὐχ
941 3300 967 3350 6
986 3297 1149 3369 τέχνῃ
1173 3297 1440 3369 τάληθοῦς
1463 3297 1904 3368 περιγενόμενος,

324 3389 567 3442 ἐπαίνων
595 3389 767 3453 ἄξιος,
809 3389 922 3441 ἀλλ’
978 3391 1006 3440 ὁ
1036 3391 1094 3442 το
1123 3389 1325 3461 ἀληθὲς
1375 3389 1618 3459 ἀτέχνως
1658 3387 1900 3460 φράζων;

338 3481 638 3550 ’Δφέμενος
658 3481 841 3534 τοίνυν
869 3480 968 3552 τῆς
1001 3479 1328 3554 δεινότητος,
1351 3481 1476 3551 ἔχου
1500 3481 1596 3550 τῆς
1623 3478 1899 3550 ἀληθείας,

325 3571 545 3623 καὶτὸν
582 3570 694 3635 βίον
740 3571 834 3622 τὸν
879 3569 1076 3623 σαυτοῦ
1126 3571 1261 3642 πρὸς
1307 3569 1512 3641 ταύτην
1547 3568 1762 3639 βλέπων
1799 3567 1897 3639 ῥύ-

324 3659 506 3731 θμιζε.
530 3661 592 3712 Εί
613 3659 721 3729 γὰρ
745 3663 841 3713 καὶ
884 3659 1204 3731 ἀνθρώπους
1247 3659 1720 3731 παραλογίσασθαι
1745 3659 1906 3729 δυνη-

325 3751 504 3821 θείης,
536 3753 585 3804 εί
612 3751 706 3805 καὶ
737 3752 819 3805 ὅτι
854 3753 1086 3822 μάλιστα
1109 3751 1166 3805 δὲ
1197 3753 1326 3823 παρ’
1364 3753 1551 3815 αὐτοῖς
1593 3750 1905 3821 ἐφωράθης,

325 3843 466 3897 ἀλλὰ
497 3844 590 3898 τὸν
621 3843 1058 3914 ἀπαραλόγιστον
1082 3843 1144 3897 οὐ
1185 3841 1499 3912 φενακίσεις
1538 3841 1754 3912 κριτήν.

400 4148 585 4216 ΥΟΕΤ.
609 4179 680 4189 -
720 4143 1504 4290 ΜΔΡΤῶΩΣΙΜῼ,
1544 4139 1830 4210 ΜΛΡΩΝΙ,

2010 3125 2154 3164 mutn
2181 3121 2233 3167 te
2256 3111 2465 3165 dicendi
2495 3125 2616 3166 esse
2664 3111 2950 3179 artiﬁcem,
3003 3113 3094 3182 qui
3151 3113 3218 3169 de
3248 3115 3407 3172 rebus
3455 3117 3593 3173 adeo

2009 3201 2112 3273 legi
2147 3202 2437 3256 contrariis
2461 3211 2624 3272 atque
2668 3203 2928 3272 improbis
2977 3207 3142 3261 verba
3193 3207 3592 3280 dictionemque

2013 3295 2087 3348 ita
2120 3296 2512 3363 cntnposucris,
2571 3297 2703 3349 nihil
2749 3293 2808 3349 ut
2875 3287 3278 3353 desideraretur
3335 3299 3589 3371 amplius.

2013 3385 2122 3441 Sed
2167 3397 2339 3455 neque
2379 3389 2469 3456 qui
2515 3387 2800 3442 veritatem
2865 3399 2983 3444 arte
3028 3387 3249 3458 θύραι-ιιι
3303 3391 3463 3445 laude
3532 3393 3590 3447 lit

2022 3480 2238 3550 dignus,
2273 3481 2366 3533 sed
2391 3481 2480 3548 qui
2511 3494 2631 3533 eam
2675 3479 2792 3534 sine
2839 3479 2965 3535 fuco
3018 3487 3075 3536 et
3116 3485 3233 3537 arte
3295 3481 3590 3554 eloquitur.

2013 3568 2378 3636 Quamobrem
2419 3571 2582 3624 missa
2620 3571 2833 3625 dicendi
2885 3572 2975 3626 illa
3029 3575 3320 3642 gravitate,
3356 3566 3421 3628 da
3462 3591 3592 3645 ope-

2008 3679 2121 3718 rant
2155 3665 2395 3728 veritati,
2431 3667 2496 3719 ad
2525 3665 2756 3736 eamque
2805 3665 3101 3738 respiciens
3144 3669 3289 3726 tuam
3313 3681 3584 3742 compone

2004 3757 2197 3810 vitam.
2221 3756 2331 3810 Etsi
2354 3756 2495 3810 enim
2526 3757 2754 3812 dicen’do
2786 3759 3183 3816 circumvenire
3230 3773 3384 3832 petes
3416 3765 3591 3818 homi-

2005 3861 2122 3911 nes,
2169 3849 2417 3916 quantris
2472 3848 2539 3901 ab
2588 3848 2691 3902 illis
2758 3849 3152 3919 deprehensus,
3214 3867 3337 3906 eum
3406 3863 3588 3909 tamen

2007 3953 2168 4008 quem
2198 3942 2338 3993 ratio
2369 3945 2644 4010 ntthuam
2673 3941 2826 4011 fugit,
2845 3941 3082 4010 judicent
3108 3934 3296 4000 fallere
3314 3960 3590 4017 nunquam

2011 4032 2208 4103 possis.

2047 4141 2378 4204 CDLXXVI.
2431 4137 3009 4218 inrigaturum,
3058 4147 3354 4218 ΔΖοδιιιιο,
3407 4151 3533 4210 ua-

2429 4189 3154 4275 nos'iYa'r'tiij'S‘rK‘lttfof

1069 4335 1150 4386 Ad
1177 4334 1365 4388 bonum
1411 4334 1617 4405 frugem
1648 4349 1740 4386 eos
1761 4330 1966 4393 invitat,
2007 4340 2063 4382 ut
2109 4339 2156 4384 et
2186 4346 2332 4399 supr.
2363 4331 2520 4397 epist.
2551 4326 2678 4400 5M,
2719 4333 2845 4389 445.

411 4446 691 4516 Ἐνέτυχον
721 4447 860 4517 ἁγίῳ
892 4447 1066 4518 ἀνδρὶ,
1099 4439 1144 4514 ᾧ
1174 4445 1333 4517 ἔργον
1379 4443 1497 4498 ἐστὶ
1537 4445 1598 4499 τὸ
1629 4445 1771 4516 ὑπὲρ
1793 4444 1905 4498 τῶν
1937 4439 1956 4496 l

2079 4439 2304 4497 Oecurri
2343 4457 2514 4513 nuper
2574 4445 2693 4500 viro
2737 4458 2947 4513 sancto,
3005 4449 3161 4518 cujus
3226 4451 3467 4507 cilicium
3511 4453 3587 4510 sit

331 4539 641 4590 πταιόντων
670 4538 936 4590 ἱκετεύειν
977 4540 1038 4590 τὸ
1071 4538 1225 4590 Θεῖον
1253 4538 1392 4610 (ἴστε
1417 4530 1473 4590 δὲ
1501 4537 1559 4589 ὃν
1584 4536 1774 4607 λέγω),
1809 4537 1906 4590 καὶ

326 4623 475 4681 εἶδον
507 4628 763 4681 ὑπόθεσιν
798 4627 948 4697 αὑτῷ
977 4627 1228 4699 δακρύων
1270 4627 1480 4681 ἀενάων
1510 4629 1600 4680 τὸν
1638 4627 1906 4697 ὑμέτερον

327 4721 658 4790 γεγενῆσθαι
689 4720 823 4790 βίον.
869 4720 1270 4790 Δίσχυνόμενος
1303 4719 1410 4790 γὰρ
1441 4717 1546 4788 ξὲπὶ
1589 4721 1704 4781 τοῖς
1754 4720 1907 4790 παρά

330 4810 552 4863 πάντων
583 4812 712 4879 περὶ
747 4807 905 4879 ὑμῶν
948 4808 1425 4879 κωμῳδουμένοις,
1474 4808 1628 4878 ἔλεγε
1657 4812 1768 4872 τοῖς
1799 4827 1908 4862 πα-

333 4901 596 4972 ρακαλεῖν
649 4899 1050 4972 πειρωμένοις·
1093 4917 1112 4950 t
1165 4901 1392 4968 Ἅφετε,
1433 4902 1647 4972 πικρῶς
1677 4901 1910 4955 κλαύσο-

335 5012 458 5066 μαι,
497 4994 571 5066 μὴ
602 4993 924 5064 κατισχύετε
955 4990 1296 5062 παρακαλεῖν
1347 5010 1438 5063 με.
1473 5011 1496 5044 ι
1527 4989 1660 5046 Εἶτα
1691 4992 1767 5056 ὡς
1814 4995 1911 5047 ἁν-

329 5087 549 5138 ένευσεν
577 5085 755 5153 ὀλίγον
778 5086 840 5138 ἐκ
868 5085 978 5137 τῶν
993 5085 1224 5156 θρήνων,
1251 5085 1352 5138 οὐκ
1384 5079 1481 5138 οἷδ’
1511 5085 1540 5138 ὅ
1570 5103 1622 5138 τι
1649 5085 1913 5155 ἐννοήσας

333 5177 418 5249 (οὐ
463 5176 570 5248 γάρ
623 5177 863 5245 ἀσφαλὲς
899 5176 1010 5230 τῶν
1057 5177 1270 5248 ἀδήλων
1303 5176 1693 5248 κατατολμᾷν),
1725 5178 1912 5249 ὥσπερ

331 5270 521 5334 ἔνθους
571 5270 885 5338 γενόμενος,
938 5270 1034 5322 καὶ
1084 5271 1165 5333 εἰς
1213 5269 1442 5339 οὐρανὸν
1473 5270 1807 5338 ἀναϐλέψας,
1835 5269 1912 5333 ὡς

328 5363 494 5416 αὑτὸν
524 5363 665 5433 ὀρῶν
706 5362 797 5415 τὸν
838 5362 1054 5414 πάντων
1085 5360 1381 5431 Δεσπότην,
1411 5359 1636 5430 ἐϐόησεν
1657 5375 1672 5388 ·
1711 5377 1731 5410 ι
1774 5359 1911 5424 Δόξα

2014 4534 2178 4588 Deum
2215 4548 2314 4602 pro
2359 4534 2798 4604 delinQuentibu's
2850 4539 3166 4609 suppliciter
3215 4554 3376 4598 orare
3426 4545 3596 4616 (nosti

2012 4641 2175 4692 quem
2202 4626 2426 4695 dicam),
2457 4640 2512 4683 et
2538 4628 2787 4684 videbam
2811 4633 3100 4687 materiam
3121 4633 3196 4688 illi
3226 4631 3486 4703 perp‘ettio
3515 4638 3592 4693 la-

2013 4717 2289 4788 crytnandi
2325 4719 2561 4774 oblatam
2594 4729 2832 4775 vestram
2865 4723 2935 4776 ob
2966 4723 3152 4778 vitam.
3209 4723 3424 4782 Pudore
3445 4729 3591 4782 enim

2015 4811 2108 4866 ille
2144 4810 2381 4868 suﬂusus
2433 4827 2596 4882 super
2643 4813 2727 4871 his
2760 4829 2882 4885 quae
2920 4817 2986 4871 de
3031 4817 3183 4872 vobis
3246 4831 3592 4877 accusatores

2016 4913 2466 4972 commemorant,
2522 4906 2590 4962 iis
2637 4907 2727 4976 qui
2773 4907 3045 4964 consolari
3090 4911 3449 4980 cenabantu'r,
3510 4913 3594 4969 sic

2015 4995 2092 5049 ait
2127 5002 2140 5049 ι
2184 5013 2204 5046 ι
2243 4996 2421 5051 Sinite
2445 4996 2832 5054 miserabiliter
2875 4999 3176 5068 deplorem,
3203 5009 3378 5073 neque
3422 5003 3591 5061 solari

2015 5100 2101 5139 tne
2130 5084 2396 5141 desistite.
2428 5105 2448 5138 ι
2491 5086 2695 5142 Deinde
2719 5089 2812 5145 ubi
2832 5102 2893 5144 se
2916 5090 3159 5145 nonnihil
3182 5109 3211 5146 a
3235 5092 3588 5165 lacrymando

2015 5178 2254 5247 collegit,
2291 5181 2476 5234 nescio
2500 5181 2630 5249 quid
2655 5181 2900 5252 cogitans
2947 5183 3146 5253 (neque
3188 5186 3332 5240 enim
3371 5187 3592 5244 .incerta

2013 5272 2230 5340 aggredi
2265 5281 2436 5326 tutum
2478 5275 2606 5344 est),
2633 5275 2798 5330 veluti
2838 5274 3070 5330 Numine
3099 5275 3330 5343 afﬂatus,
3360 5279 3590 5335 calum-

2012 5378 2118 5434 que
2143 5365 2436 5434 aspiciens,
2463 5370 2611 5437 quasi
2649 5369 2889 5423 omnium
2927 5367 3138 5425 videret
3173 5369 3482 5439 Dominum,
3513 5370 3594 5426 sic

1418 5517 1656 5574 ’ΥΑΒΙᾹΞ
1689 5517 2074 5577 LECTIONES
2107 5520 2195 5577 ET
2233 5521 2468 5580 ΝΟΤᾹΞ.

404 5682 516 5752 (48)
552 5679 699 5737 lnter
739 5679 894 5753 ῥίζης
933 5689 987 5739 et
1027 5680 1254 5745 κλάδους
1292 5688 1440 5737 recte
1473 5679 1632 5739 codd.
1667 5680 1788 5739 Val.
1819 5682 1923 5738 6ἕο
1953 5707 1956 5731 ε

2030 5683 2138 5738 Alt.
2169 5683 2416 5740 inserunt
2453 5702 2467 5742 :
2496 5687 2684 5758 οὔσης.
2726 5685 2937 5745 Possm.
