3864 6114
469 192 607 254 1603
1659 200 1721 257 S.
1763 197 1862 258 ISI
1873 196 1995 256 DOI

2097 193 2538 255 PELUSIO'i‘lE
3198 208 3199 211 ‘
3500 206 3503 209 ⁷
3528 198 3616 262 1634

462 308 790 365 exclamavit
844 328 916 364 ι(
952 310 1097 377 Tibi,
1151 313 1285 377 Rex,
1327 313 1521 384 gloria,
1574 313 1742 382 gloria
1800 313 1895 366 tibi
1950 312 1988 365 si

2091 318 2120 371 Α
2153 329 2257 374 σοι,
2291 311 2535 381 βασιλεῦ,
2573 307 2701 375 δόξα
2738 326 2838 362 σοι.
2872 308 3049 378 Πόσης
3084 306 3437 377 μακροθυμίας
3462 311 3617 380 etiam

464 402 692 470 Quantae
721 403 997 473 patientia:
1044 406 1137 459 tibi
1167 406 1428 475 pelagus?
1475 416 1737 475 quantum
1792 415 1990 457 avertet

2151 406 2300 475 παρὰ
2343 405 2454 457 cui!
2493 404 2665 471 πόσης
2710 402 3059 468 ἀνεξικακίας
3102 400 3390 471 θησαυρόςι
3422 402 3473 453 Ol
3503 402 3618 458 διὰτὸ

466 496 667 551 malum
698 495 1081 565 depellensque
1137 499 1422 552 thesaurus
1474 499 1572 551 es?
1616 498 1751 563 Quot
1807 508 1898 551 tuo
1950 514 1992 550 nt

2151 493 2323 563 ὄνομα
2351 493 2409 546 τὸ
2443 493 2534 545 σὸν
2576 492 2636 557 ἐξ
2668 491 2891 563 ἀφανῶν
2944 489 3035 543 καὶ
3067 489 3271 559 ἀτίμων
3319 490 3515 560 λαμπροὶ
3555 496 3615 546 καὶ

465 588 613 642 mine
649 601 717 641 ex
762 588 1014 641 obscuris
1037 598 1199 657 atque
1247 590 1490 657 ingloriis
1530 591 1660 643 clari
1703 590 1991 656 illustresm

2154 584 2506 654 περίϐλεπτοι
2542 583 2847 651 γεγονότες,
2882 585 2947 652 τῇ
2976 586 3108 652 τιμῇ
3154 581 3289 635 κατά
3330 581 3411 634 σοῦ
3435 582 3506 633 τοῦ
3529 601 3621 635 τετι-

465 674 617 740 facti,
659 676 865 731 honore
897 685 1086 731 contra
1141 688 1215 742 te,
1253 679 1341 747 qui
1386 679 1663 733 honorasti
1724 680 1886 749 ipsos,
1921 695 1984 731 su

2159 674 2397 746 μηκότος
2446 674 2764 745 κέχρηνται,
2827 674 2922 726 καὶ
2966 672 3233 741 τολμῶσιν
3283 672 3529 741 ἀτόλμητα,
3562 678 3623 725 καὶ

469 766 648 830 abusi,
680 765 988 836 audentque
1015 780 1118 821 non
1165 769 1431 830 audenda,
1480 784 1745 837 sacraque
1792 768 1995 821 ronvici

2163 766 2542 836 ἐνυϐρίζουσιν
2572 767 2652 829 είς
2678 765 2747 819 τὰ
2773 767 2926 834 ἆγια,
2960 763 3284 833 συγγνώμης
3317 763 3622 834 ἁμαρτάνοντες

461 855 851 925 proscindunt,
881 867 1166 925 peccantes
1195 860 1344 911 venia
1369 861 1530 911 etiam
1558 860 1797 927 indigna.
1830 876 1847 907 ν
1877 858 1985 923 Qua

2162 859 2402 928 μείζονα.
2443 878 2460 908 ι
2503 858 2565 911 Εἰ
2599 858 2777 911 τοίνυν
2827 858 2922 910 καὶ
2952 857 2980 908 ὁ
3025 856 3164 925 ὑπὲρ
3219 857 3319 908 τῶν
3359 856 3499 907 ἀλλων
3539 874 3625 923 πρε·

462 949 567 1003 nisi
597 949 684 1002 hic
710 964 812 1017 pro
839 949 965 1003 aliis
1010 966 1195 1012 orans,
1242 961 1295 1003 ct
1332 967 1430 1017 pro
1482 952 1680 1002 vestris
1718 952 1880 1003 etiam
1917 949 1988 1002 dc?

2160 950 2387 1015 σϐεύων,
2407 950 2495 1002 διὰ
2511 950 2577 1002 τὰ
2593 949 2833 1020 ὑμέτερα
2850 948 3165 1017 πταίσματα
3180 946 3271 1016 τὴν
3286 946 3416 999 θείαν
3431 946 3622 1015 iga-115nm

466 1041 575 1095 ctis
632 1040 726 1093 Dei
783 1043 1104 1109 patientiam
1176 1043 1748 1111 longauintitalemque
1802 1040 1992 1110 precib‘

2163 1040 2583 1121 μακροθυμίανη
2612 1042 2695 1102 τίς
2740 1040 2880 1112 ὑπὲρ
2926 1038 3082 1109 ὑμῶν
3116 1037 3401 1101 ίκετεύσεις
3432 1039 3497 1099 τίς
3539 1056 3626 1106 τρες

463 1129 893 1200 fatigarit,qnis,
928 1148 1130 1199 qumso,
1159 1135 1377 1203 supplex
1415 1150 1509 1202 pro
1536 1134 1687 1187 vobis
1720 1132 1916 1186 fuerit?
1940 1148 1989 1200 qt

2162 1132 2413 1197 σϐεύσει;
2444 1132 2527 1195 τίς
2558 1132 2999 1201 παραστήσεται;
3044 1129 3362 1191 Ἐννοοῦντες
3387 1124 3477 1191 οὖν,
3500 1123 3536 1179 οἷ
3557 1129 3625 1178 τῶν

460 1222 885 1290 deprecabitur?
914 1224 1100 1292 ecquis
1128 1224 1382 1278 assistet?
1410 1223 1717 1292 Cogitautes
1740 1223 1922 1292 itaque
1951 1236 1985 1290 q

1977 1236 2058 1290 [uo
2156 1222 2345 1277 κακῶν
2372 1225 2516 1288 ἐστε,
2552 1220 2837 1276 παύσασθε
2866 1219 3228 1288 ἀσύγγνωστα
3250 1219 3503 1280 πταίοντες.

461 1314 730 1369 malorum
757 1315 1107 1375 deveneritis,
1138 1331 1165 1366 ο
1193 1314 1409 1383 ﬂagitiis
1440 1315 1729 1367 abstinete.

554 1426 717 1494 700
742 1425 1092 1479 coLxxrn.
1123 1457 1189 1465 —
1213 1425 1520 1480 omnem
1559 1426 1645 1480 er
1691 1424 1985 1481 istnono.

1891 1424 1985 1481 to.
2472 1425 2642 1478 roz'.
2680 1455 2748 1464 —
2781 1421 3115 1493 ΟΛΥΜΗΙῼ,
3149 1421 3417 1494 Ismaro.-

461 1491 598 1582 ραῶ
622 1491 735 1570 itere
758 1518 987 1585 sapiens.
1015 1520 1043 1587 λ(
1061 1518 1187 1571 Vide
1213 1520 1366 1586 epist.
1410 1518 1562 1587 497.)
1600 1517 1777 1571 l'irtus
1818 1534 1932 1569 cum
1980 1517 2220 1571 doctrina
2248 1518 2545 1586 jtmgenda.
2582 1515 2688 1569 Illa
2732 1516 2937 1583 fructus
2972 1491 3280 1578 estlimtar,
3307 1491 3410 1565 .1le
3432 1508 3625 1579 foliorum.

1782 1587 1979 1656 φύλλον
2019 1590 2156 1641 unde
2194 1590 2416 1640 dictum.

535 1674 846 1745 Sapientem
883 1674 1132 1743 equidem
1184 1675 1420 1737 nomino,
1479 1690 1583 1729 nou
1624 1679 1720 1745 qui
1768 1686 2049 1745 promptus

2100 1690 2126 1747 3
2229 1677 2398 1744 Σοφὸν
2433 1676 2611 1744 ἔγωγε
2663 1672 2906 1744 ἠγοῦμαι
2960 1673 3025 1726 οὐ
3053 1671 3143 1725 τὸν
3183 1671 3276 1734 τὰς
3321 1670 3417 1723 τῶν
3460 1668 3626 1738 ποιητῶν

467 1764 523 1819 itt
553 1764 737 1833 lingua
777 1765 973 1818 habeat
1022 1774 1303 1833 poetarum
1362 1766 1710 1833 rbapsodias,
1762 1767 1989 1819 disertus

2164 1768 2596 1840 ῥαψῳδίας-καὶ
2625 1766 2725 1829 τὰς
2754 1766 2862 1818 τῶν
2887 1766 3139 1836 ρητόρων
3165 1765 3459 1833 δεινότητας,
3476 1762 3546 1812 καὶ
3563 1758 3626 1818 τὰς

465 1865 744 1908 oratorum
789 1854 1091 1919 orationes,
1137 1863 1231 1907 aut
1274 1853 1718 1923 philosophorum
1775 1854 1960 1916 tricas,

2157 1861 2268 1913 τῶν
2313 1858 2495 1928 σοφῶν
2533 1858 2854 1929 τερθρείας,
2903 1857 2983 1919 ὡς
3035 1857 3287 1927 νομίζεις,
3338 1855 3415 1907 ἐπὶ
3456 1851 3627 1921 γλώττης

465 1946 768 2011 existimas,
801 1944 892 1999 sed
918 1945 1013 2014 qui
1039 1958 1220 1999 mores
1253 1945 1487 2008 excolat,
1525 1947 1798 2016 vitamque
1832 1960 1991 2014 comp

2158 1950 2367 2021 ἔχοντα,
2406 1949 2543 2003 ἀλλά
2572 1950 2663 2001 τὸν
2689 1948 2748 2000 τὸ
2778 1944 2909 2018 ἦθος
2935 1947 3326 2016 ὲξασκήσαντα,
3355 1944 3436 1996 καὶ
3459 1944 3526 1995 τὸν
3547 1940 3628 2008 τῴ-

468 2035 574 2089 site
599 2033 778 2103 degat.
807 2033 962 2088 Hunc
990 2049 1098 2087 non
1135 2033 1320 2088 extolli
1350 2034 1497 2087 hisce
1529 2043 1693 2103 puto:
1728 2035 1881 2088 talem
1908 2036 1994 2089 eni

2158 2058 2259 2093 πον
2288 2040 2652 2111 ρυΟμίσαντα.
2680 2039 2786 2093 Τὸν
2814 2039 2925 2109 γὰρ
2951 2037 3194 2091 τοιοῦτον
3237 2036 3332 2088 οὐδ’
3360 2034 3437 2086 ὑπ’
3473 2030 3628 2083 ἐκείνων

466 2141 567 2180 nec
618 2125 686 2179 ab
721 2124 828 2178 illis
886 2124 1163 2179 deturbari
1220 2124 1659 2195 przecipitemque
1714 2127 1829 2178 dari
1888 2140 1992 2195 pos:

2164 2131 2666 2203 ὲκτραχηλίξεσθαι
2694 2125 2871 2200 οἶμαι.
2902 2128 3150 2199 Πονηρία
3181 2128 3283 2197 γάρ
3304 2125 3390 2196 τὴν
3410 2123 3484 2176 τοῦ
3504 2122 3625 2188 λέγειν

466 2218 746 2271 existimo.
804 2216 1130 2284 lmprobitas
1181 2215 1327 2268 enim
1396 2216 1611 2268 dicendi
1647 2216 1746 2268 sibi
1791 2230 1992 2284 arroga:

2155 2221 2451 2291 ἐμπειρίαν
2504 2217 2918 2289 προσλαϐοῦσα,
2966 2216 3149 2287 πολὶῷ
3194 2213 3522 2285 ἀργαλεώτερα
3563 2208 3627 2276 τῆς

468 2308 722 2378 peritiam
748 2308 908 2377 longe
936 2307 1187 2376 graviora
1222 2320 1383 2375 quam
1413 2306 1649 2371 inscitia,
1688 2305 1824 2357 mala
1852 2315 1994 2373 patra

2160 2308 2400 2377 ἀμαθίας
2428 2307 2724 2377 ἐργάζεται
2751 2305 2919 2360 κακά.
2954 2303 3021 2357 El
3060 2304 3117 2356 δὲ
3158 2300 3425 2373 θαυμάζεις
3448 2298 3493 2349 τὸ
3523 2296 3625 2365 εἰρη-

465 2396 681 2452 Miraris
733 2406 789 2451 tu
839 2398 1055 2466 quidem
1106 2396 1157 2449 id
1205 2410 1235 2449 a
1288 2410 1375 2449 me
1414 2396 1796 2463 pronuntiari;
1857 2404 1991 2449 teste

2170 2400 2349 2468 μένον,
2403 2400 2739 2469 ἐγγυήσεται
2783 2397 3118 2467 Θουκυδίδης
3170 2394 3364 2462 λέγων·
3398 2410 3413 2441 t
3461 2385 3625 2455 Ἀμαθία

463 2487 606 2541 dabo
645 2485 1042 2557 Thucydidem,
1072 2484 1227 2553 cujus
1260 2485 1375 2539 haec
1402 2485 1565 2537 verba
1607 2492 1774 2538 sunt:
1817 2500 1836 2533 ‹
1878 2483 1989 2551 Imp

2160 2491 2300 2558 μετά
2334 2490 2692 2561 σωφροσύνης
2733 2488 3180 2560 ὠφελιμώτερον,
3226 2486 3256 2557 ἢ
3296 2483 3495 2551 δεξιότης
3530 2475 3621 2547 μετᾶ

465 2580 592 2633 ritia
630 2579 911 2633 modestiae
941 2578 1230 2647 conjuncta
1268 2576 1455 2629 utilior
1500 2585 1583 2628 est
1629 2574 1891 2628 industria
1930 2588 1991 2625 cu

2156 2580 2471 2645 ἀκολασίας.
2512 2600 2529 2632 ι
2554 2582 2617 2634 Εἰ
2638 2581 2819 2635 τοίνυν
2848 2581 2971 2633 οὐδὲ
3004 2581 3105 2651 τὴν
3139 2578 3349 2647 εὐφυΐαν
3386 2575 3541 2632 ἐκεῖνος
3555 2570 3624 2619 ἀπ-

469 2670 726 2725 libertate
773 2670 1084 2740 conjuncta.
1122 2669 1201 2722 Ac
1236 2667 1556 2738 plerumque
1599 2665 1691 2734 qui
1748 2665 1995 2719 humilior

2162 2672 2382 2737 εδέξατο
2413 2674 2573 2744 (πρὸς
2606 2672 2778 2727 κακοῦ
2808 2673 2916 2745 γὰρ
2945 2673 3158 2741 γίνεται
3188 2672 3291 2733 τοῖς
3322 2667 3386 2738 μὴ
3412 2661 3548 2723 καλῶς
3567 2658 3625 2711 αὖ·

468 2771 599 2818 sunt
626 2761 857 2830 ingenii,
896 2762 1087 2816 melius
1123 2776 1283 2828 quam
1328 2759 1640 2814 solertiores
1673 2758 1994 2826 retnpnblica

2158 2764 2255 2834 τὴν
2281 2763 2632 2835 γεωργοῦσι).
2689 2764 2851 2834 σχολῇ
2893 2780 2957 2831 γε
2996 2763 3127 2833 περι
3154 2761 3245 2831 τῆς
3271 2757 3439 2823 εξωθεν
3471 2748 3622 2805 παιδεύ-

471 2854 879 2908 administrant.
929 2870 947 2903 ι
1002 2852 1190 2921 Itaque
1219 2853 1264 2905 si
1303 2867 1402 2906 nec
1436 2849 1641 2918 ingenii
1673 2850 1996 2904 dexteritate

2160 2873 2298 2919 σεως
2342 2855 2770 2926 ἀποφανούμεθα
2802 2854 2877 2918 ὼς
2916 2854 3081 2919 ἀξίας
3108 2853 3279 2921 λόγου,
3312 2850 3419 2903 ὅταν
3450 2842 3621 2913 ὀτρότως

469 2943 560 2998 ille
597 2943 804 3012 recepit
842 2943 1064 3011 (damno
1115 2941 1256 2995 malo
1306 2941 1450 2994 enim
1486 2950 1570 2995 est
1603 2953 1709 2993 non
1755 2948 1901 2993 recte
1927 2938 1995 2991 illi

2158 2947 2457 3010 ἀκόλαστος
2480 2948 2588 3019 εἵη.
2622 2949 2686 3000 Et
2713 2946 2811 3018 μὲν
2838 2941 2932 2999 οὖν
2961 2945 3134 3015 ἄμφω
3158 2941 3421 3002 συνέϐαινε,
3440 2934 3621 3004 φῴησίς

465 3034 818 3105 colentibus),
848 3033 1018 3089 multo
1041 3033 1222 3088 minus
1262 3032 1335 3086 ab
1380 3042 1609 3086 externa
1642 3030 1929 3100 disciplina
1958 3045 1991 3083 ct

2093 3028 2124 3085 [ἶ
2157 3056 2216 3091 τε
2239 3038 2335 3092 καὶ
2371 3040 2653 3101 παίδευσις
2674 3079 2692 3103 ,
2740 3040 3017 3103 τουτέστι,
3076 3040 3265 3111 τρόπος
3294 3034 3376 3089 καὶ
3419 3032 3549 3097 λόγος,
3584 3020 3619 3075 εί

469 3128 630 3197 digna
666 3142 920 3180 sermone
956 3126 1327 3189 censebimur,
1369 3126 1457 3179 ubi
1492 3138 1671 3177 mores
1705 3123 1910 3176 fuerint
1940 3124 1992 3177 di

2101 3137 2105 3143 ’
2158 3130 2224 3184 ἂν
2253 3131 2386 3201 ἔχοι.
2425 3132 2485 3183 Εἰ
2516 3132 2573 3185 δὲ
2595 3131 2825 3202 θάτερον
2858 3131 3141 3202 λείπηται,
3176 3133 3375 3201 ἄμεινον
3404 3121 3565 3177 ἑλέσθαι
3583 3116 3621 3167 τὸ

466 3222 655 3273 soluti.
700 3222 881 3284 Quare
922 3220 967 3273 si
1028 3229 1260 3288 utraque
1317 3219 1665 3280 obvenerint,
1696 3215 1976 3286 prudentia

2160 3225 2428 3291 κρεῖττον.
2464 3222 2586 3275 Ὀτι
2612 3221 2669 3274 δὲ
2700 3221 2855 3275 ταῦθ’
2892 3222 3072 3286 οὕτως
3105 3222 3233 3291 ἔχει,
3269 3217 3537 3287 ὲγγυήσειαι
3561 3204 3620 3260 καὶ

467 3321 618 3363 recta
653 3309 945 3371 institutio,
973 3308 1077 3362 hoc
1101 3318 1205 3372 est,
1233 3323 1411 3362 mores
1453 3307 1779 3374 dicendique
1805 3306 1993 3359 faculta

2160 3313 2407 3374 Πλάτων,
2463 3313 2521 3366 ὃν
2564 3314 2732 3377 αὐτὸς
2772 3315 2867 3368 καὶ
2916 3315 3084 3384 μόνον
3131 3311 3386 3384 ὀνομάζων
3412 3301 3618 3373 ἐναϐρύνῖί·

469 3404 609 3457 bene
631 3416 716 3454 res
743 3400 947 3462 habet;
977 3401 1020 3453 si
1045 3414 1171 3451 vero
1196 3399 1422 3451 alterum
1449 3398 1607 3460 desit,
1639 3396 1830 3450 melius
1851 3397 1995 3464 eliget

2159 3407 2297 3474 Φησὶ
2326 3406 2434 3474 γάρ
2458 3424 2470 3436 ’
2518 3425 2538 3457 ‹
2577 3407 2723 3478 Φημὶ
2756 3407 2857 3467 τὰς
2894 3407 3076 3477 ψυχὰς
3105 3406 3199 3469 τὰς
3230 3398 3533 3473 εὐφυεστάτας
3558 3408 3619 3443 κε’

470 3498 597 3548 dum
631 3504 737 3548 est.
780 3493 1034 3547 Testatur
1070 3492 1120 3545 id
1158 3491 1320 3543 etiam
1378 3489 1549 3551 Plato,
1579 3503 1687 3556 quo
1721 3488 1836 3541 solo
1881 3489 1933 3541 in
1961 3503 1993 3542 o

2158 3497 2258 3565 κῆς
2291 3497 2666 3565 παιδαγωγίας
2707 3497 3003 3568 τυχούσας,
3049 3498 3385 3568 διαφερόντως
3411 3485 3544 3546 κακὰς
3564 3480 3618 3547 τί·

471 3585 689 3638 assidue
725 3582 991 3652 gestando
1064 3581 1338 3651 gloriaris.
1396 3580 1487 3633 Ait
1532 3579 1677 3633 enim
1715 3597 1729 3632 :
1778 3597 1797 3631 ι
1833 3580 1991 3631 Anim

2156 3586 2367 3638 veoOat'
2414 3606 2432 3636 ι
2470 3588 2564 3640 καὶ
2616 3586 2729 3657 (49)
2776 3588 2846 3640 τὰ
2878 3590 3094 3658 μεγάλα
3144 3588 3438 3656 ἀδικήματα,
3462 3576 3533 3630 καὶ
3555 3572 3619 3639 τὴν

475 3675 682 3743 optime
717 3690 745 3725 a
776 3672 1066 3740 iuventute
1094 3672 1394 3736 inStitutas,
1427 3671 1470 3724 si
1503 3670 1703 3725 malum
1737 3671 2001 3724 nanciseat

2157 3675 2395 3746 ἄκρατον
2439 3677 2702 3747 πονηρίαν
2737 3680 2801 3730 ὲκ
2844 3677 3079 3748 φαύλης,
3110 3676 3220 3731 ἀλλ’
3250 3677 3341 3727 οὐκ
3366 3675 3419 3724 ὲκ
3442 3661 3619 3726 νεανικῆς

486 3775 574 3817 tur
597 3774 1012 3833 praeceptorem,
1041 3763 1196 3817 valde
1221 3762 1392 3817 malas
1432 3763 1606 3828 reddi,
1654 3781 1671 3813 ι
1700 3777 2012 3831 magnamqtt

2158 3766 2392 3834 φύσεως,
2434 3772 2607 3839 τροφῇ
2661 3768 3014 3839 διολλυμένης
3060 3767 3325 3837 γίγνεσθαι
3351 3782 3364 3795 ο
3401 3755 3552 3823 ἀσθενῆ
3582 3750 3617 3802 δὲ

474 3855 801 3925 injustitiatn
852 3869 1168 3923 inerantque
1206 3854 1609 3924 improbitatem
1639 3868 1705 3909 ex
1735 3853 1867 3908 falsa
1907 3854 2000 3907 invt

2158 3856 2319 3924 φύσιν
2344 3857 2596 3927 μεγάλων
2623 3856 2747 3910 οὔτε
2775 3858 2984 3922 κακῶν,
3011 3858 3134 3912 οὒτε
3153 3855 3352 3925 ἀγαθῶν
3371 3851 3513 3907 αἰτίαν
3534 3840 3617 3894 ποτὲ

473 3957 761 4015 terataque
800 3957 997 4000 natura
1050 3956 1307 4014 corrupta
1346 3945 1670 4000 educatione
1707 3943 1860 4010 ﬁeri,
1904 3953 1995 3997 ttat

2156 3946 2395 4000 ἔσεσθαι.
2434 3947 2499 3999 Εἰ
2525 3946 2708 4001 τοίνυν
2740 3948 2835 4002 καὶ
2867 3951 2895 4002 ὁ
2936 3949 3049 4002 τῶν
3081 3946 3464 4019 ἱστοριογράφων
3489 3936 3615 4004 ἄκρος.

472 4051 589 4090 ram
618 4051 749 4091 vero
788 4036 1113 4091 imbecillem
1154 4051 1474 4105 magnorum
1496 4050 1615 4103 quae
1644 4050 1742 4087 nec
1772 4035 1912 4088 bona
1941 4035 1998 4088 sit

2156 4040 2251 4091 καὶ
2276 4040 2304 4091 ὁ
2335 4038 2443 4091 τῶν
2483 4039 2791 4109 φιλοσόφων
2834 4045 3135 4112 κορυφαῖος
3169 4042 3226 4095 τὸ
3256 4036 3370 4110 ἦθος
3393 4034 3467 4086 τοῦ
3490 4028 3614 4093 λέγω·

472 4142 574 4180 nec
598 4128 762 4190 mala,
796 4142 1016 4181 causam
1066 4127 1336 4181 interdum
1378 4125 1662 4179 exsistere.
1695 4125 1998 4191 Quamobre

2157 4131 2252 4183 καὶ
2282 4131 2370 4183 τὸν
2408 4131 2610 4201 τρόπον
2632 4132 2731 4202 τῆς
2767 4132 3111 4202 πολυμαθίας
3141 4129 3474 4202 προκρίνοντες
3497 4113 3617 4183 ὤφθη-

471 4218 516 4270 si
557 4216 850 4270 historicus
886 4232 1155 4278 summus,
1209 4216 1570 4284 princepsque
1609 4215 1996 4285 pltilosopltorn

2160 4238 2281 4284 σαν,
2312 4221 2365 4272 τί
2395 4220 2593 4275 ἄτοπόν
2625 4240 2786 4293 φημι,
2818 4225 2911 4277 τὸν
2943 4226 3155 4295 καρπὸν
3184 4222 3339 4289 λέγων
3359 4207 3616 4280 ἀναγκαιότε-

472 4322 655 4362 mores
691 4309 923 4362 orationi
978 4316 1033 4361 et
1070 4308 1194 4360 vita:
1251 4308 1703 4361 consuetudinem
1753 4309 1998 4375 omnigen

2087 4367 2128 4388 n
2162 4327 2255 4380 ρον
2279 4309 2389 4363 τῶν
2418 4311 2633 4379 φύλλων
2659 4316 2943 4386 ἡγεῖσθαι;
2974 4317 3196 4388 Καρπὸν
3221 4316 3310 4384 μὲν
3330 4313 3421 4379 γὰρ
3438 4302 3613 4375 ὁρίζομαί

473 4399 733 4454 doctrina:
754 4408 1092 4466 anteponere
1117 4398 1216 4452 visi
1250 4398 1381 4461 sint,
1409 4396 1559 4466 quid,
1584 4412 1789 4466 quaeso,
1824 4399 1999 4451 absurt

2086 4367 2128 4422 Β
2157 4367 2304 4454 ὲῖναι
2330 4367 2441 4474 τὴν.
2458 4367 2692 4478 ἀρετὴν,
2707 4367 2907 4476 ,φύλλα
2931 4367 3531 4481 τηνῂεύγλωττίανίυοιεῖ
3553 4388 3612 4457 μὲν

473 4499 558 4546 est
581 4488 801 4544 asseria
848 4503 937 4542 me
983 4488 1213 4542 fructum
1243 4486 1385 4542 foliis
1426 4487 1600 4558 magis
1643 4502 1763 4542 esse
1807 4501 1999 4541 necess

2156 4490 2251 4548 οὖν
2285 4510 2406 4550 τινα
2433 4498 2638 4570 κόσμον
2669 4500 2746 4570 τῷ
2778 4501 2982 4574 δένδρῳ
3017 4504 3127 4573 (50)
3160 4504 3223 4554 τὰ
3244 4498 3395 4567 φύλλα
3421 4480 3610 4574 περισειά

473 4582 652 4636 rium?
683 4579 941 4636 Fructum
972 4590 1150 4633 autem
1177 4580 1430 4633 virtutem
1456 4594 1577 4634 esse
1615 4579 1889 4643 dicimus;
1924 4578 1995 4633 fol

2160 4604 2321 4656 μενα,
2347 4588 2463 4642 ἁλλ’
2488 4592 2516 4643 ὁ
2545 4592 2756 4662 καρπός
2779 4570 2926 4648 ἐστιν
2995 4570 3324 4666 ζητούμενος,
3350 4585 3407 4640 δι’
3427 4583 3473 4634 δν
3490 4570 3611 4666 mh?

474 4689 606 4728 vero
647 4673 977 4741 frondesque
1011 4670 1149 4725 bene
1175 4666 1392 4723 dicendi
1417 4684 1537 4723 esse
1574 4668 1909 4723 facultatem.
1945 4666 2000 4721 Ft

2162 4678 2338 4745 φύλλα
2368 4658 2681 4751 γεγένηται.
2714 4684 2827 4737 Καὶ
2855 4685 2984 4751 ἴσως
3005 4658 3173 4740 νοδτω-
3192 4681 3420 4748 κέκληται
3443 4667 3554 4738 παΡά
3574 4658 3610 4710 τδ

476 4763 545 4816 lia
579 4764 794 4832 quidem
826 4771 1079 4815 ornatum
1113 4760 1294 4814 arbori
1320 4757 1549 4813 aﬂ‘erttnt
1583 4759 1808 4828 agitata,
1846 4768 1901 4810 at
1926 4774 2002 4813 vet

1141 4760 1294 4814 ,rbori
1320 4757 1549 4813 afferunt
1583 4759 1808 4828 agitata,
1846 4768 1901 4810 at
1926 4774 2052 4814 vero
2161 4768 2453 4835 φυλάττειν
2482 4773 2667 4828 αὐτόν,

474 4855 565 4924 qui
595 4854 878 4923 quaeritur,
896 4852 1107 4906 fructus
1128 4852 1363 4915 exsistit,
1406 4849 1559 4917 cujus
1621 4848 1794 4916 gratia
1858 4848 1949 4902 illa
2004 4853 2390 4914 adnascantur.
2427 4862 2492 4915 Et
2548 4864 2675 4921 hinc
2736 4867 2872 4920 forte
2908 4866 2960 4938 [a
2996 4867 3194 4922 Gnecis
3244 4861 3414 4933 φύλλον
3440 4848 3519 4907 ἀπ’)
3537 4839 3598 4896 ’τθῦ

477 4946 765 5014 φυλάττειν
792 4961 821 4997 a
855 4941 1238 5013 custodiendo]
1281 4956 1475 4994 nomen
1510 4940 1790 4994 sortiatur.

903 5032 1136 5088 CDLXX
1151 5032 1278 5085 Vill.
1310 5061 1380 5072 —
1409 5029 1650 5085 EIDEM.‘

2632 5038 2806 5091 ron'.
2845 5069 2916 5078 —
2942 5039 3027 5110 To
3057 5040 3250 5108 ΑΥΤῼ.

974 5122 1045 5176 De
1064 5119 1263 5173 Zosimi
1290 5130 1337 5173 et
1373 5118 1635 5173 sodalium
1671 5119 1834 5173 vitiis.
1861 5118 2022 5188 (Infr.
2068 5120 2220 5187 epist.
2257 5121 2405 5190 482.)
2452 5122 2500 5176 ν.

1703 5119 1834 5173 iliis.
1861 5118 2022 5188 (Infr.
2068 5120 2220 5187 epist.
2257 5121 2405 5190 482.)
2452 5122 2656 5179 Veritas
2683 5132 2867 5197 quanti
2896 5132 3222 5185 mtimanda.

560 5209 719 5269 Valde
761 5222 816 5266 tu
868 5212 1082 5280 quidem
1128 5208 1443 5273 admiraris,
1499 5224 1619 5275 quae
1668 5221 1838 5277 nuper
1880 5209 1945 5261 ad
1994 5216 2046 5263 te

2168 5208 2173 5217 ’
2224 5211 2394 5274 Αὐτὸς
2426 5213 2524 5281 μὲν
2565 5214 2685 5271 λίαν
2715 5217 3092 5292 ἐξεθαύμασας
3136 5222 3202 5275 τά
3255 5216 3416 5288 πρώην
3454 5215 3603 5265 ἐπισται

1586 5339 1814 5395 νΑΒΙᾹΞ
1850 5341 2231 5400 LECTIONES
2265 5346 2353 5400 ΕΤ
2390 5348 2626 5409 ΝΟΤᾸΕ.

3641 4820 3645 4855 ί

548 5508 660 5576 {49)
692 5508 797 5560 Καὶ
828 5508 984 5560 iidem
1010 5514 1217 5559 mutant
1241 5504 1291 5576 in
1316 5503 1376 5576 ﬁ.
1414 5500 1621 5555 Possm.

547 5565 838 5647 'lnter
872 5576 1074 5645 δένδρῳ
1124 5584 1177 5628 et
1203 5573 1269 5627 τά
1315 5565 1556 5627 inserunt
1600 5570 1692 5623 καὶ
1745 5570 1903 5626 iidem
1943 5570 2073 5625 COdit

773 5592 838 5630 .er
872 5576 1074 5645 δένδρῳ
1124 5573 1269 5628 etwa:
1315 5565 1556 5627 inserunt
1600 5570 1692 5623 καὶ
1745 5570 1903 5626 iidem
1943 5570 2176 5625 codices.
2224 5565 2299 5619 In.
