3864 6114
259 253 385 319 1605

1133 244 1671 308 EPISTOLARUM
1711 243 1857 302 LIB.
1900 241 1966 299 V.
1992 261 2060 271 ·-·
2090 239 2329 298 EPIS’I‘.
2365 237 2690 298 CDLXXX.

3352 237 3490 301 14306

253 360 404 414 λέντα
429 376 441 388 ·
476 357 811 421 κινδυνεύεις
844 355 900 410 δὲ
933 353 1072 408 αύτά
1109 355 1438 426 ἀνατρέπειν
1481 351 1562 422 τῷ
1613 366 1822 420 γεγρα-

1938 345 2245 413 :ouscripsi,
2278 347 2497 414 propius
2538 355 2596 398 ut
2630 342 2762 398 nihil
2793 343 2864 398 sit
2909 357 3070 412 quam
3119 353 3178 397 ut
3227 359 3492 412 reperias,

249 454 420 523 φέναι,
451 451 519 504 δι’
568 450 636 521 ἣν
678 449 858 502 αἰτίαν
904 447 1172 515 Ζώσιμος,
1206 446 1303 499 καὶ
1353 441 1670 505 Εὑστάθιος,
1725 438 1821 492 καὶ

247 545 444 614 Μάρων
503 542 640 611 μήτε
685 540 848 609 λόγῳ,
889 540 1024 609 μήτε
1079 537 1178 608 βίῳ
1223 535 1652 604 διαπρέποντες,
1699 530 1820 585 ἀλλ’

249 629 602 686 ἀπαιδευσίαν
659 629 898 698 ἐσχάτην
933 628 993 678 ἐν
1047 627 1293 696 ἐκατέρῳ
1344 625 1664 688 νοσοῦντες,
1725 619 1820 675 καὶ

248 721 501 792 κωμῳδία
534 721 632 774 καὶ
657 719 830 786 γέλως
867 720 1002 772 πᾶσι
1035 718 1408 787 προκείμενοι,
1444 715 1693 768 δοκοῦσιν
1741 714 1822 776 είς

251 811 544 882 ἱερωσύνην
573 808 769 862 τελεῖν.
817 807 958 876 Ἐγὼ
977 807 1034 860 δὲ
1059 807 1238 876 ἁπλῆν
1272 805 1366 859 καὶ
1388 804 1530 873 σαφῆ
1556 802 1657 873 τὴν
1681 803 1820 855 ἀπο-

251 903 432 970 λογίαν
465 901 792 970 ποιήσομαι.
826 900 889 952 Εί
917 898 1015 968 μὲν
1041 897 1151 967 γὰρ
1183 896 1321 967 ὑπὲρ
1345 894 1524 949 αὐτῶν
1548 893 1638 946 τὸν
1664 893 1820 960 λόγον

254 994 619 1063 ἐποιησάμην,
647 992 746 1061 τὴν
763 992 963 1061 ἀρετὴν
990 993 1090 1060 τῆς
1121 987 1456 1050 παιδεύσεως
1488 986 1818 1057 προκρίνων,

249 1086 466 1147 εἰκότως
493 1083 558 1137 ἄν
600 1100 669 1152 με
703 1083 781 1145 είς
811 1084 1057 1153 ἀνάγκην
1106 1080 1400 1147 ἀπολογίας
1444 1077 1820 1146 κατέστησας·

250 1176 376 1230 εἰδὲ
436 1173 748 1246 προσώπων
795 1173 894 1243 μὲν
924 1173 1082 1240 λόγος
1128 1167 1196 1242 ἦν
1253 1169 1428 1232 οὐδεὶς
1453 1211 1468 1234 ,
1516 1168 1647 1222 αὐτὸ
1675 1168 1731 1221 δὲ
1761 1168 1822 1220 τὸ

252 1268 480 1338 πρᾶγμα
527 1264 650 1318 καθ’
679 1263 842 1316 ἐαυτὺ
888 1263 1274 1326 ἐϐασανίζετο·
1309 1261 1384 1324 ti);
1433 1260 1529 1313 καὶ
1566 1259 1730 1312 αὐτόν
1759 1275 1820 1310 σε

251 1355 616 1423 ἐκπλαγέντα,
646 1354 722 1417 ώς
751 1354 910 1424 ἔφης,
952 1353 1016 1407 τὸ
1047 1352 1244 1416 κάλλος
1294 1353 1388 1405 καὶ
1429 1352 1530 1420 τὴν
1565 1350 1822 1421 ἀλήθειαν

249 1447 351 1500 τῶν
374 1445 802 1516 γεγραμμένων,
832 1444 1052 1515 μείζους
1072 1445 1106 1514 ἢ
1137 1444 1258 1496 κατ’
1292 1443 1392 1513 ἐμὲ
1416 1442 1670 1503 ἐπαίνους
1692 1442 1822 1512 ὑφῆ-

249 1558 352 1594 ναι.
381 1540 449 1592 Τί
478 1539 680 1609 δήποτε
701 1537 796 1590 νῦν
827 1536 1147 1608 ἀνθρώπους
1175 1537 1320 1600 ὅπως
1346 1535 1545 1606 δήποτε
1573 1534 1821 1605 βιοῦντας

250 1633 325 1694 είς
355 1630 516 1700 μέσον
538 1627 877 1700 προύθηκας,
911 1627 1215 1697 ἐξελέγχειν
1236 1627 1304 1680 τὰ
1335 1627 1525 1696 πρώην
1541 1625 1822 1694 γραφέντα

1929 436 2186 506 quidnam
2212 436 2284 490 sit
2305 449 2506 502 causa),
2531 451 2627 490 cur
2647 435 2916 500 Zosimus,
2967 435 3280 490 Eustathius
3304 445 3356 489 et
3381 433 3494 490 Ma-

1925 539 2021 580 ron
2051 539 2223 593 neque
2251 524 2516 590 oratione,
2587 540 2761 594 neque
2794 524 3005 579 vivendi
3061 526 3311 579 instituto
3341 541 3490 578 com-

1924 616 2083 687 positi
2147 616 2276 681 sint,
2312 614 2406 669 sed
2466 624 2706 670 extrema
2761 616 2974 670 inscitia
3009 617 3061 668 in
3096 627 3326 685 utroque
3368 630 3496 684 pec-

1923 716 2127 769 cantes,
2156 721 2276 760 cutn
2312 706 2424 760 acri
2459 707 2868 776 reprehensioni
2914 707 3160 772 obnoxii,
3202 717 3312 762 tmn
3357 707 3497 761 ludi-

1923 796 2043 851 brio
2091 795 2324 865 expositi
2372 796 2440 849 ad
2504 797 2869 852 sacerdotium
2919 806 3122 852 temere
3176 797 3490 865 irruperiut.

1922 884 2182 953 Equidem
2213 883 2532 953 simpliciter
2555 885 2880 954 sineereque
2919 884 3294 940 defensionem
3327 885 3488 940 insti-

1926 986 2093 1031 tuam.
2131 975 2288 1044 701
2319 974 2598 1042 Siquidem
2651 975 2796 1030 enim
2827 977 2894 1029 de
2919 974 3051 1043 ipsis
3072 989 3379 1028 sermonem
3413 976 3497 1027 in-

1922 1066 2070 1120 stitui
2103 1075 2354 1117 νιιοιυιεω
2377 1063 2676 1132 disciplinae
2700 1063 3014 1132 praaferens,
3035 1062 3156 1131 jure
3185 1065 3389 1133 optimo
3411 1078 3498 1118 me

1921 1157 1989 1210 ad
2024 1155 2128 1210 tnei
2169 1155 2537 1209 defensionem
2585 1156 2944 1223 compulisti;
2985 1156 3029 1209 si
3077 1171 3205 1209 vero
3241 1170 3497 1225 persona-

1924 1261 2040 1300 rum
2085 1245 2231 1299 nulla
2259 1256 2376 1300 erat
2429 1246 2586 1308 ratio,
2624 1247 2899 1314 negotium
2951 1261 3082 1299 vero
3113 1248 3285 1316 ipsum
3312 1263 3407 1315 per
3439 1261 3499 1301 se

1923 1336 2214 1404 diligenter
2248 1336 2688 1400 examinabatur,
2742 1345 2798 1386 ut
2839 1334 2953 1402 ipse
2983 1335 3306 1400 admiratus,
3356 1336 3498 1404 quod

1923 1425 2128 1489 aiebas.
2185 1423 2642 1494 pulchritudinem
2694 1433 2751 1477 et
2792 1425 3077 1478 veritatem
3143 1426 3494 1494 scriptorum,

1924 1517 2156 1586 niajores
2188 1530 2349 1584 quam
2382 1529 2594 1569 mereor
2636 1514 2822 1569 laudes
2871 1526 3211 1582 contexeres,
3235 1516 3494 1584 quidnam

1922 1620 2052 1659 sane
2073 1606 2185 1676 jam
2221 1604 2472 1659 homines
2508 1606 2998 1673 quomodocunque
3030 1606 3272 1659 viventes
3296 1607 3349 1659 in
3384 1621 3499 1660 me-

250 1691 598 1792 ἐπιγειρῶνί
631 1691 766 1773 Οὑδέ
815 1718 925 1790 γὰρ
953 1691 1021 1771 *εἰ
1071 1691 1278 1788 μυρίων
1328 1691 1526 1769 ἐκεῖνοι
1555 1691 1817 1784 Ῠγέμουσι

1938 1695 2072 1750 lium
2097 1693 2390 1764 protulisti,
2417 1694 2740 1763 redarguere
2757 1694 2955 1764 scripta
2982 1709 3154 1762 nuper
3177 1691 3502 1763 aggressus?

250 1813 454 1880 κακῶν,
490 1813 584 1865 καὶ
613 1812 822 1873 πάντας
855 1809 1200 1880 ἀπέκρυψαν,
1248 1808 1323 1872 ὡς
1369 1809 1674 1880 γέγραφας,
1706 1810 1823 1870 ταῖς

252 1904 639 1976 παρανομίαις,
669 1903 771 1973 ήδη
798 1905 826 1956 ὁ
849 1901 1006 1970 λόγος
1033 1904 1060 1954 ό
1084 1902 1216 1970 παρ’
1250 1900 1404 1970 ἡμῶν
1436 1901 1463 1952 ό
1489 1902 1556 1970 τῇ
1600 1898 1827 1970 ἀληθεία

252 1999 614 2071 ώχυρωμένος
639 1997 1109 2067 ἀνατραπήσεται.
1171 1993 1314 2046 Ἀλλ’
1347 1994 1548 2045 ἐκεῖνοι
1579 1991 1678 2061 μέν
1722 1991 1823 2062 ἤδη

252 2089 478 2144 τοιοῦτοί
505 2089 612 2141 είσι
654 2087 792 2159 μετὰ
819 2087 914 2141 τοῦ
957 2085 1361 2156 κωμῳδεῖσθαι,
1410 2085 1505 2137 καὶ
1547 2084 1704 2154 δίκην
1731 2084 1824 2136 ἀν-

255 2183 505 2236 ύποιστον
523 2180 856 2250 δώσουσιν-ἡ
889 2178 944 2232 δὲ
971 2177 1198 2248 ἀλήθεια
1220 2176 1513 2246 διαλάμψει
1538 2173 1820 2245 μειζόνως,

252 2275 310 2326 οὺ
335 2273 465 2343 παρ’
518 2272 714 2341 ὀλίγων
769 2270 1020 2340 πονηρῶν
1070 2268 1425 2338 ἐλεγχομένη,
1477 2266 1612 2320 ἀλλὰ
1642 2265 1814 2335 ταύτῃ

257 2364 488 2434 μάλιστα
515 2362 871 2434 λαμπροτέρα
895 2361 1176 2432 γινομένη,
1212 2361 1294 2413 ὅτι
1322 2360 1448 2421 τοὺς
1481 2358 1554 2428 μὴ
1581 2357 1818 2429 ἐρῶντας

254 2455 440 2524 αὐτῆς,
467 2454 743 2516 δυσκλεεῖς
767 2453 1165 2522 ἀποφαίνουσα,
1195 2454 1318 2516 τοὺς
1341 2451 1578 2522 ἐραστὰς
1606 2448 1822 2502 εὐκλεεο

255 2544 479 2606 στάτους
510 2542 903 2613 ἀπεργάζεται.
934 2598 938 2602 ,

571 2676 738 2730 reex
771 2707 841 2715 —
887 2674 1187 2746 ΕΥΤΟΝΙῼ
1225 2675 1545 2744 ΔΙΑΚΟΝῼ.

1931 1788 2048 1843 Non
2075 1788 2221 1842 enim
2244 1786 2292 1842 si
2320 1786 2550 1840 infinitis
2595 1785 2672 1840 illi
2699 1795 2829 1842 sunt
2875 1784 3062 1843 referti
3121 1786 3295 1849 malis,
3328 1795 3404 1852 et,
3441 1793 3503 1839 ut

1924 1879 2216 1948 scripsisti,
2267 1885 2494 1932 cunctos
2534 1876 2830 1932 sceleribus
2880 1877 2993 1932 suis
3043 1877 3361 1940 obscurant,
3386 1876 3501 1946 jam

1924 1971 2103 2026 oratio
2127 1985 2154 2022 a
2188 1969 2343 2022 nobis
2375 1969 2605 2023 veritate
2655 1969 2870 2022 ﬁrmata
2903 1970 3268 2023 subvertetur.
3303 1968 3500 2024 Verum

1923 2061 1998 2115 illi
2029 2060 2162 2114 tales
2202 2068 2328 2129 post
2370 2059 2850 2128 reprehensionem
2890 2059 3056 2113 etiam
3104 2059 3504 2114 intolerandam

1924 2151 2073 2206 luent
2105 2163 2344 2218 ptenam.
2376 2149 2494 2218 lpsa
2522 2161 2706 2204 autem
2749 2149 2952 2206 veritas
2992 2153 3164 2222 magis
3201 2150 3498 2216 elucescet,

1924 2257 2031 2296 non
2076 2256 2106 2294 a
2151 2241 2340 2311 paucis
2393 2242 2654 2311 improbis
2681 2242 3040 2311 reprehensa,
3080 2244 3175 2298 sed
3227 2243 3331 2298 hoc
3377 2243 3501 2312 ipso

1925 2330 2124 2386 clarior
2172 2331 2337 2397 facta,
2371 2332 2516 2400 quod
2562 2346 2658 2387 vos
2689 2333 2872 2388 hostes
2911 2333 3170 2404 inglorios
3205 2333 3502 2390 ostendens

1929 2432 2203 2479 amatores
2234 2422 2622 2478 celeberrimos
2643 2422 2871 2478 efficiat.

2139 2671 2466 2727 CDLXXIX.
2513 2703 2580 2713 —
2624 2670 2924 2728 EUTONIO
2967 2673 3284 2729 DIACONO.

256 2787 409 2843 Multi
447 2798 710 2841 merentur
759 2804 942 2841 nomen
985 2796 1035 2840 et
1069 2804 1169 2840 non
1198 2787 1406 2847 habent,
1453 2788 1541 2839 sed
1585 2785 1984 2907 triti/tilfgmam
2013 2787 2223 2851 habent,
2272 2804 2430 2856 quam
2477 2802 2602 2840 non'
2633 2798 2916 2841 merentur.
2971 2787 3186 2842 Invidia
3241 2790 3364 2842 boui
3397 2804 3508 2858 ,ενι

1773 2877 1799 2907 ιε
1843 2866 2017 2907 oraui.

1773 2866 2017 2910 (mutaui.

324 2987 530 3049 Πόσους
552 2989 652 3041 οἴει
688 2987 794 3041 τῶν
822 2985 1120 3057 ἀνθρώπων
1143 2985 1462 3056 ἀνωνύμους
1486 2988 1578 3038 καὶ
1600 2987 1822 3053 ἀδῦξους

2010 2988 2279 3052 Quntnam
2325 2997 2481 3056 putas
2522 2987 2769 3042 homines
2815 2988 2932 3042 sine
2981 2988 3121 3041 fama
3191 2989 3512 3060 ignotosque

253 3075 392 3131 εἶναι
425 3077 602 3147 πολλῷ
639 3078 1091 3150 σπουδαιοτέρους
1132 3078 1536 3147 γεγενημένους
1568 3077 1675 3130 τῶν
1700 3080 1820 3147 ᾁδο-

1938 3083 2110 3136 rivere
2140 3080 2355 3134 virtutis
2402 3080 2571 3148 magis
2616 3081 2884 3135 studiosos
2910 3059 3276 3150 clarioresque
3301 3123 3316 3147 ,
3348 3059 3509 3152 quam

257 3171 434 3241 μένων
464 3187 479 3236 ;
511 3170 587 3241 τῷ
613 3173 740 3233 τοὺς
766 3173 863 3241 μὲν
890 3172 1130 3239 ποιητῶν
1154 3172 1338 3238 τυχεῖν
1377 3170 1470 3223 καὶ
1498 3170 1818 3237 λογοποιῶν,

254 3261 365 3314 τῶν
396 3263 508 3314 πᾶν
541 3262 601 3314 τὸ
635 3261 1008 3332 πραττόμενον
1039 3261 1113 3330 μὴ
1138 3259 1274 3328 πρὸς
1306 3257 1405 3329 τὴν
1433 3257 1688 3327 ἀλήθειαν
1710 3276 1827 3330 κρι-

254 3353 476 3414 νόντων,
500 3351 637 3404 ἀλλά
663 3351 798 3422 πρὸς
821 3351 888 3422 ἢν
922 3346 1067 3421 εἶχον
1084 3349 1294 3402 εὔνοιαν
1319 3348 1827 3419 ὑπολαμϐανόντων,

259 3442 354 3493 καὶ
384 3441 443 3492 τί)
475 3438 822 3510 κατορθωθὲν
845 3439 1222 3509 οὐρανόμηκες
1254 3437 1550 3491 ποιούντων
1574 3454 1588 3468 ·
1617 3439 1744 3500 τοὺς
1771 3437 1828 3491 δὲ

262 3531 340 3600 μὴ
411 3528 702 3600 ἐσχηκέναι
743 3528 869 3592 τοὺς
925 3529 1271 3599 ὑμνήσαντας
1316 3528 1402 3581 διὰ
1432 3527 1645 3597 φθόνον,
1696 3529 1832 3597 ὅπερ

258 3624 380 3682 ταῖς
401 3620 680 3690 λαμπραῖς
700 3618 962 3689 πράξεσιν
987 3619 1302 3674 ἀκολουθεῖν
1319 3618 1535 3672 εἴωθεν.
1563 3618 1833 3674 Ἐνταῦθα

273 3712 377 3782 μὲν
412 3707 505 3766 οὖν
541 3713 590 3764 εί
623 3712 718 3764 καὶ
760 3708 944 3774 ἔδοξαν
975 3713 1022 3763 οἱ
1059 3711 1156 3780 μὲν
1192 3711 1657 3782 ἀνακεκηρύχθαι,
1689 3713 1738 3764 οἰ
1777 3711 1835 3763 δέ

263 3801 658 3872 σεσιωπῆσθαι,
691 3800 784 3854 τοῦ
815 3801 1020 3870 κόσμου
1042 3800 1227 3852 λοιπον
1258 3803 1337 3864 είς
1369 3802 1522 3864 τέλος
1544 3801 1836 3870 ἐπειγομέ-

262 3911 382 3956 νου,
417 3895 598 3946 ἐκεῖσε
628 3893 755 3956 τοὺς
791 3892 960 3955 ὅντως
1001 3892 1288 3961 λαμπροὺς
1321 3894 1414 3945 καὶ
1443 3893 1684 3958 ἐνδόξους
1711 3892 1838 3962 ὀψό-

267 3983 434 4054 μεθα,
467 3984 564 4052 τῆς
613 3981 763 4044 θείας
792 3981 948 4051 δίκης
976 3981 1076 4033 οὐκ
1113 3980 1442 4051 ἀνεξομένης
1470 3982 1534 4033 ἐκ
1559 4043 1562 4046 η
1586 3981 1683 4051 τῆς
1729 3981 1838 4034 τῶν

263 4071 572 4143 ἀνθρώπων
620 4070 779 4140 δόξης
811 4072 1057 4139 ἐνεγκεῖν
1103 4071 1201 4140 τὴν
1251 4071 1450 4141 ψῆφον,
1490 4069 1605 4124 ἀλλ’
1637 4073 1703 4123 ἐκ
1738 4071 1840 4140 τῆς

262 4165 494 4227 οἰκείας,
524 4162 622 4233 τῆς
669 4163 996 4234 εἰλικρινοῦς
1065 4164 1159 4218 καὶ
1201 4164 1566 4219 ἀδιαπτώτου.
1618 4165 1711 4236 Μὴ
1745 4162 1839 4220 οὖν

260 4260 548 4328 ὀλιγώρει,
577 4260 628 4311 εί
665 4255 1087 4326 ούρανοπολίτης
1117 4255 1192 4309 ῶν
1234 4257 1332 4320 τὰς
1358 4256 1464 4310 τῶν
1507 4256 1841 4327 φθονούντων

1933 3174 1986 3228 hi
2017 3188 2242 3242 quorum
2271 3171 2632 3224 decantantur
2662 3171 2928 3225 nomina?
2961 3171 3021 3225 lli
3046 3173 3189 3226 enim
3212 3174 3356 3227 nacti
3389 3173 3511 3242 qui-

1931 3267 2048 3320 dem
2098 3274 2221 3318 sunt
2253 3277 2435 3332 poetas
2462 3275 2622 3332 atque
2657 3264 2967 3330 historicos,
3001 3280 3086 3319 res
3115 3274 3294 3334 gestas
3322 3280 3512 3322 omnes

1934 3373 2038 3411 non
2074 3374 2138 3411 ex
2173 3371 2320 3424 vero,
2345 3356 2438 3409 sed
2465 3355 2630 3409 animi
2684 3355 3058 3410 benevolentia
3093 3357 3144 3410 in
3181 3356 3352 3426 majus
3383 3372 3510 3426 pro-

1934 3452 2216 3514 velienles,
2259 3459 2312 3501 et
2343 3448 2604 3517 quidquid
2648 3457 2797 3501 recte
2839 3447 3038 3502 factum
3085 3448 3136 3501 in
3173 3449 3366 3503 etelum
3399 3447 3516 3502 latt-

1934 3541 2091 3596 dibus
2124 3539 2458 3593 extulerunt.
2505 3537 2578 3591 llli
2627 3548 2814 3592 contra
2874 3539 2942 3593 ob
2993 3537 3250 3593 invidiam
3274 3538 3414 3607 (quae
3446 3537 3511 3592 il-

1936 3632 2124 3687 lustria
2165 3631 2479 3699 plerumque
2521 3631 2723 3697 stipare
2763 3629 2904 3683 facta
2948 3629 3254 3699 consuevit)
3289 3629 3512 3684 minime

1937 3723 2210 3778 consecuti
2243 3722 2331 3790 qui
2367 3720 2741 3788 prtedicaseut.
2767 3718 2865 3774 llic
2907 3720 3070 3788 igitur
3095 3720 3193 3774 etsi
3223 3720 3508 3773 videantur

1939 3814 1989 3867 lii
2055 3812 2268 3879 quidem
2331 3810 2636 3878 pranlieari,
2702 3810 2774 3862 illi
2846 3825 2976 3864 vero
3034 3809 3250 3864 silentio
3312 3810 3510 3878 premi,

1941 3903 2140 3958 mundo
2163 3901 2377 3952 tandem
2413 3900 2478 3951 ad
2513 3901 2670 3952 tinem
2698 3899 2950 3964 deducto,
2979 3899 3089 3953 illic
3119 3913 3304 3953 revera
3335 3899 3514 3954 claros

1941 4004 1996 4048 et
2021 3992 2286 4063 gloriosos
2317 3989 2637 4054 videbimus,
2687 3990 2779 4044 Dei
2820 3990 3032 4058 iustitia
3069 4004 3172 4044 non
3208 3991 3518 4044 sustinente

1942 4081 2254 4151 suifragium
2299 4080 2441 4134 ferre
2471 4093 2537 4133 ex
2571 4079 2872 4144 hominum,
2912 4080 3006 4134 sed
3048 4094 3115 4132 ex
3152 4079 3368 4148 propria
3399 4079 3516 4133 sin-

1942 4187 2064 4228 cera
2112 4181 2274 4239 atque
2310 4170 2516 4224 erroris
2563 4177 2784 4236 experte
2831 4169 3124 4222 sententia.
3165 4168 3308 4222 Cave
3354 4168 3519 4236 igitur

1945 4276 2072 4332 agas
2100 4260 2312 4329 ignave,
2333 4260 2378 4313 si
2404 4259 2808 4313 cmliexsistens
2832 4258 3006 4312 incola
3038 4257 3131 4312 tibi
3160 4258 3513 4311 invidentium

275 4367 362 4402 σοι
382 4349 628 4418 γλώττας
656 4348 860 4420 αἰχμῆς
879 4348 1134 4419 νεηκόνου
1162 4347 1422 4419 ὀξυτέρας
1449 4349 1680 4420 αἰσθάνῃ
1704 4349 1842 4403 κατά

1945 4351 2156 4421 linguas
2185 4357 2343 4404 acuto
2375 4348 2596 4418 cuspide
2644 4346 2913 4402 acutiores
2957 4346 3163 4416 pridem
3211 4347 3266 4400 in
3318 4356 3369 4401 te
3409 4345 3519 4417 jaci

277 4437 482 4492 σαυτοῦ
513 4439 838 4510 φερομένας,
867 4437 1004 4491 ἀλλά
1031 4435 1118 4491 διὰ
1140 4437 1297 4490 τοῦτο
1329 4437 1561 4508 μάλιστα
1597 4438 1842 4510 λαμπρό-

1945 4441 2172 4506 sentias,
2216 4439 2310 4495 sed
2342 4453 2439 4509 per
2467 4439 2583 4495 haec
2627 4439 2806 4508 potius
2856 4437 3139 4492 clariorem
3169 4446 3220 4492 te
3245 4436 3362 4492 fore
3387 4451 3522 4491 con-

273 4547 438 4602 τερος
470 4528 688 4584 ἔσεσθαι
726 4529 1115 4601 προσδόκησον.

741 4686 870 4738 Υηι.
911 4715 978 4724 -
1013 4685 1099 4756 To
1132 4685 1334 4756 ΛΥΤῼ.

1948 4533 2121 4587 fidito.

2422 4684 2723 4740 CDLXXX.
2756 4716 2824 4726 —
2855 4685 3086 4742 EIDEM.

1056 4794 1279 4847 Virtutis
1320 4795 1549 4847 studium
1579 4798 1830 4860 praeconii
1857 4816 1943 4868 spe
1967 4802 2152 4854 alitur.
2189 4800 2315 4867 Spes
2351 4799 2485 4854 bona
2517 4800 2608 4852 dat
2630 4799 2781 4852 vires.

353 4934 515 4995 Ἰσθι,
553 4933 635 4985 ὅτι
663 4932 776 4992 τοῖς
795 4927 894 4997 τῆς
917 4927 1117 4996 ἀρετῆς
1143 4925 1326 4988 πόνοις
1354 4927 1416 4978 ἐκ
1441 4926 1664 4996 πρώτης
1689 4927 1847 4998 μέχρι

275 5025 545 5094 τελευτῆς
571 5020 977 5092 ἐγκαρτερῆσαι
1008 5018 1104 5086 οὐχ
1126 5010 1237 5070 οἶόν
1261 5033 1342 5077 τε,
1485 5017 1585 5085 τῆς
1620 5018 1848 5084 προσδο-

275 5120 406 5179 κίας
433 5116 546 5169 τῶν
575 5113 756 5185 γερῶν
781 5109 1118 5182 κιρναμένης
1168 5108 1348 5178 ἠρέμα
1392 5107 1470 5178 τῷ
1514 5107 1718 5178 ἱδρῶτι,
1756 5108 1853 5162 καὶ

274 5208 425 5262 κατά
471 5206 648 5277 βραχὺ
709 5200 931 5264 ἀλύπως
978 5217 1038 5251 τε
1082 5199 1175 5251 καὶ
1222 5199 1457 5264 κούφως,
1513 5199 1607 5251 καὶ
1655 5199 1855 5268 τρόπον

275 5300 404 5352 τινὰ
439 5299 558 5368 μετ’
597 5292 940 5366 εὐφροσύνης
983 5289 1462 5361 παραπεμπούσης
1493 5289 1585 5340 ἐπὶ
1637 5288 1697 5340 τὸ
1745 5289 1852 5342 τῶν

272 5390 509 5454 ἀγώνων
553 5387 728 5449 τέλος.
780 5383 842 5437 Εἰ
889 5381 1066 5436 τοίνυν
1125 5380 1340 5433 θεάσοιο
1386 5377 1672 5448 ἄνθρωπον
1725 5379 1852 5442 τοὺς

275 5487 480 5544 πόνους
521 5481 622 5549 τῆς
650 5478 869 5549 ἀρετῆς,
907 5477 1004 5538 τὰς
1037 5473 1138 5542 τῆς
1171 5471 1384 5543 τρυφῆς
1417 5473 1528 5534 τοῖς
1565 5471 1851 5542 ἐχέφροσιν

274 5573 499 5642 ἡδονὰς,
530 5570 820 5638 φεύγοντα,
853 5565 962 5619 ἴσθι
994 5564 1074 5618 ὅτι
1127 5561 1282 5625 ἐλπὶς
1314 5560 1463 5632 αὐτῷ
1513 5562 1724 5632 χρηστὴ
1755 5564 1854 5617 οὐκ

277 5664 460 5718 ἀνθεῖ.

2025 4933 2170 4989 Scito
2210 4933 2322 4986 fieri
2365 4949 2467 4988 non
2499 4945 2656 5000 posse
2684 4940 2741 4982 ut
2773 4929 2894 4997 quis
2926 4928 2992 4982 ab
3027 4928 3251 4983 exordio
3275 4929 3340 4982 ad
3369 4929 3529 4984 linem

1955 5041 2125 5095 usque
2165 5025 2376 5078 labores
2415 5037 2510 5089 pro
2551 5022 2751 5076 virtute
2789 5022 3064 5088 susceptus
3094 5031 3406 5076 constanter
3447 5033 3531 5075 to-

1960 5119 2115 5182 leret,
2144 5116 2246 5170 nisi
2278 5115 2619 5182 praemiorum
2654 5110 2883 5165 admista
2913 5113 3320 5181 exspectatione
3347 5115 3531 5170 sudori

1962 5207 2239 5278 paulatim,
2267 5215 2322 5261 et
2349 5206 2476 5268 cito,
2511 5203 2915 5270 indolenterque
2945 5217 3005 5256 ac
3038 5202 3254 5269 leniter,
3285 5217 3349 5258 ac
3376 5205 3534 5259 modo

1959 5299 2192 5369 quodam
2225 5311 2345 5350 cum
2381 5294 2650 5349 hilaritate
2681 5293 2953 5362 praemissa
2979 5306 3148 5362 usque
3184 5294 3251 5348 ad
3279 5293 3533 5349 certami-

1962 5402 2088 5442 num
2121 5395 2444 5442 extremum.
2479 5383 2535 5437 Si
2575 5383 2756 5452 itaque
2786 5383 3052 5437 hominem
3088 5383 3287 5439 videris
3313 5383 3533 5438 virtutis

1964 5475 2176 5530 labores
2238 5475 2378 5544 (qua:
2454 5473 2806 5543 prudentibus
2880 5473 3148 5527 deliciosae
3230 5473 3533 5542 voluptates

1964 5565 2250 5634 exsistunt)
2285 5565 2597 5635 fugientem,
2636 5565 2846 5618 noveris
2891 5564 3083 5617 bonam
3116 5563 3189 5618 illi
3239 5579 3388 5633 spem
3421 5579 3528 5620 non

1970 5654 2219 5722 relinqui.
