3864 6114
280 277 413 342 1609

1105 269 1632 332 EPISTOLARUM
1673 269 1818 329 LIB.
1859 268 2010 329 V.--
2044 266 2278 328 EPIST.
2323 267 2790 328 CDLXXXVIII.

3372 264 3512 328 1610

275 399 397 450 φον,
437 365 655 448 καὶτῆς
682 376 828 439 θείας
870 377 1182 444 φιλοσοφίας
1212 377 1438 446 τὸφῶς.
1488 374 1693 428 Οὐκοῦν
1736 373 1832 426 ἕνα

1952 374 2188 442 ginando,
2215 388 2312 430 nec
2343 365 2451 428 non
2481 375 2664 429 lumen
2688 373 2885 427 divinat
2920 370 3288 440 philosophias.
3329 370 3514 427 Unum

277 487 361 523 σοι
387 467 497 521 τῶν
525 467 788 536 ἑκατέρου
827 465 1149 535 πράγματος
1185 468 1382 537 πεῖραν
1421 464 1715 536 εἰληφότων
1736 463 1841 534 χρὴ

277 561 530 631 μάρτυρα
577 556 889 622 ἀξιόπιστον
939 557 1320 625 παραγαγεῖν·
1373 556 1504 626 ἡμῖν
1564 555 1672 622 γὰρ
1711 554 1840 616 ἴσως

272 651 334 703 οὑ
362 646 655 717 πεισθήσῃ.
690 644 821 698 Τίνα
847 639 940 697 οὖν
967 646 1074 715 ἡγῇ
1126 644 1428 716 ἀξιόχρεων
1453 662 1468 711 ;
1511 643 1697 697 Βούλει
1748 642 1840 696 τὸν

274 739 564 809 Σολομῶνα
625 738 702 799 είς
732 735 897 805 μέσον
945 735 1276 805 ἀγάγωμεν;
1331 729 1497 797 Οὗτος
1529 733 1636 804 γὰρ
1679 733 1843 804 ἡνίκα

191 883 194 886 .
275 830 376 900 μὲν
403 827 480 898 τῷ
509 827 619 880 τῶν
651 825 918 896 βιωτικῶν
948 825 1289 896 πραγμάτων
1317 824 1482 894 ἔρωτι
1515 825 1839 894 κεκράτητε,

278 917 512 990 μέγιστά
536 933 596 970 τε
635 915 775 972 αὑτὰ
823 917 1030 985 ἡγεῖτο,
1078 914 1176 968 καὶ
1219 913 1496 985 θαύματος
1528 913 1838 984 κρείττονα,

277 1009 372 1061 καὶ
400 1007 579 1059 πᾶσαν
601 1004 728 1073 περὶ
751 1002 890 1055 αὑτὰ
904 1002 1000 1072 τὴν
1031 1002 1287 1072 φροντίδα
1304 1001 1532 1070 ἔστρεφε
1547 1018 1563 1032 ο
1590 1001 1844 1070 λαμπρὰς

279 1094 379 1168 μὲν
406 1091 853 1162 οἰκοδομούμενος
890 1089 1086 1156 οἰκίας,
1115 1091 1336 1161 χρυσίον
1360 1090 1417 1143 δὲ
1443 1090 1689 1158 συνάγων
1712 1106 1727 1120 ·
1751 1091 1844 1141 καὶ

277 1184 572 1256 μουσικοὺς
607 1183 707 1252 μὲν
729 1183 923 1254 χοροὺς
958 1183 1296 1251 συγκροτῶν,
1344 1180 1755 1253 τραπεζοποιῶν
1788 1181 1844 1232 δὲ

279 1277 413 1347 γένη
453 1274 548 1328 καὶ
588 1273 863 1345 μαγείρων
915 1273 1230 1345 κτώμενος·
1283 1275 1377 1327 καὶ
1439 1273 1542 1344 τὴν
1588 1272 1696 1326 ἀπὸ
1745 1273 1844 1342 τῆς

277 1367 503 1436 ἐσθῆτος
532 1365 755 1437 τρυφὴν,
776 1365 871 1418 καὶ
890 1365 986 1437 τὴν
1013 1366 1120 1420 ἀπὸ
1140 1365 1248 1418 τῶν
1274 1365 1614 1437 παραδείσων
1632 1364 1843 1436 τέρψιν,

275 1457 372 1510 καὶ
411 1455 511 1525 τὴν
548 1455 654 1508 ἀπὸ
683 1456 790 1508 τῶν
824 1454 1092 1525 λαμπρῶν
1116 1454 1382 1524 σωμάτων
1406 1455 1595 1525 ήδονὴν
1611 1453 1844 1522 δαψιλῶς

275 1545 454 1616 ἑαυτῷ
476 1546 924 1615 παρασκευάζων,
943 1544 1035 1598 καὶ
1052 1547 1249 1610 πᾶσαν,
1269 1547 1342 1608 ὡς
1361 1547 1553 1610 εἰπεῖν,
1575 1545 1846 1615 λεωφόρον

273 1635 626 1706 ψυχαγωγίας
639 1637 730 1688 καὶ
747 1635 986 1704 τέρψεως
1002 1635 1162 1688 ἀνατέ
1171 1652 1337 1705 μνων.
1355 1635 1567 1706 Ἐπειδὴ
1581 1634 1635 1686 δὲ
1655 1635 1845 1705 μικρὸν

273 1724 483 1781 ἐκεῖθεν
511 1725 700 1794 ὥσπερ
732 1725 840 1778 ἀπὺ
891 1724 1088 1794 μανίας
1127 1725 1416 1795 ἀνήνεγκε,
1455 1725 1551 1778 καὶ
1594 1724 1843 1794 καθάπερ

275 1819 340 1870 ἐκ
372 1815 694 1885 λαϐυρίνθου
734 1814 881 1878 τινὸς
917 1814 1148 1885 ζοφεροῦ
1177 1815 1312 1885 πρὸς
1347 1816 1410 1868 τὸ
1446 1815 1841 1885 ὑπέρλαμπρον

273 1908 374 1977 τῆς
441 1906 811 1978 ὑπερκοσμίου
857 1905 1171 1974 φιλοσοφίας
1234 1904 1536 1974 ἀναϐλέψαι
1605 1904 1842 1974 ἠδυνήθη

276 1997 414 2067 φῶς,
464 1998 527 2052 τὸ
573 1997 878 2066 τηνικαῦτα
929 1997 1029 2066 τὴν
1079 1995 1288 2067 ὑψηλὴν
1335 1996 1552 2066 εκείνην
1611 1997 1706 2048 καὶ
1735 1995 1842 2048 τῶν

273 2088 519 2159 οὐρανῶν
551 2088 707 2153 ἀξίαν
731 2086 928 2156 ἔρρηξε
957 2088 1140 2156 φωνήν
1167 2103 1179 2113 ·
1221 2104 1240 2138 ι
1276 2087 1586 2155 Ματαιότης
1621 2102 1844 2154 ματαιο-

273 2181 480 2248 τήτων,
508 2179 575 2232 τὰ
604 2178 782 2231 πάντα
812 2177 1135 2247 ματαιότης.
1187 2195 1218 2230 «ι
1265 2179 1328 2230 El
1366 2178 1545 2230 τοίνυν
1573 2179 1602 2230 ὁ
1632 2177 1756 2246 μηδ’
1787 2178 1844 2227 ἐν

276 2269 490 2340 χρόνοις
533 2268 904 2337 γεγενημένος
931 2267 1157 2336 -ςτολλὴν
1205 2265 1496 2320 ἀπαιτοῦσι
1526 2265 1845 2334 φιλοσοφίας

275 2361 598 2432 ἀκρίϐειαν,
644 2360 884 2430 ἠδυνήθη
943 2361 1172 2412 συνιδεῖν
1233 2359 1293 2412 τὸ
1329 2359 1437 2411 τῶν
1501 2359 1844 2428 πραγμάτων

274 2453 523 2522 ἀνόητον,
544 2453 637 2505 καὶ
660 2451 862 2522 πολλὴν
884 2451 1063 2506 αὑτῶν
1091 2451 1436 2520 καταγνῶναι
1466 2451 1802 2520 ματαιότητα
1827 2466 1840 2480 ⁸

273 2542 434 2595 ποίαν
460 2542 652 2611 ἕξομεν
693 2541 1019 2612 συγγνώμην
1045 2544 1096 2594 οί
1131 2544 1268 2612 πρὸς
1297 2542 1631 2612 ὑψηλοτέραν
1666 2542 1846 2594 κελευ-

273 2626 500 2690 σθέντες
556 2627 822 2696 ἀναϐῆναι
878 2629 1196 2695 φιλοσοφίας
1251 2629 1516 2700 κορυφὴν,
1579 2629 1674 2681 καὶ
1710 2630 1845 2698 μηδὲ

272 2716 378 2786 τὴν
436 2718 604 2786 αὑτὴν
646 2719 837 2787 ἐκείνῳ
905 2719 1194 2788 δυνάμενοι
1266 2721 1428 2789 ῥῆξαι
1477 2719 1679 2788 φωνὴν,
1730 2719 1843 2772 ἀλλ’

271 2803 419 2856 οὕτω
457 2805 831 2875 περιεχόμενοι
857 2806 965 2858 τῶν
997 2807 1165 2860 σκιῶν
1203 2807 1296 2860 καὶ
1322 2807 1431 2860 τῶν
1477 2807 1725 2876 ὀνείρων,
1759 2808 1835 2870 ὡς

271 2896 370 2950 καὶ
403 2896 672 2965 σωτηρίας
711 2897 984 2968 ὑπεριδεῖν
1010 2906 1036 2967 ςί

349 3091 540 3159 Υιιςν.
567 3121 636 3131 -
663 3093 1036 3165 ΛΑΜΠΕἹΊῼ,
1087 3097 1500 3166 ΣΤΡΛΤΗΓΙῼ,
1542 3098 1767 3168 mata.

1947 467 2128 534 itaque
2159 466 2252 520 tibi
2285 466 2566 534 utriusque
2596 464 2672 518 rei
2701 463 3074 532 experimento
3108 469 3282 530 capto,
3322 469 3512 516 testem

1944 553 2089 609 omni
2142 553 2456 621 exceptione
2509 553 2770 623 majorem
2829 551 3112 616 adducam,
3169 551 3292 620 quia
3357 551 3513 606 nobis

1957 645 2178 700 credere
2205 644 2432 697 fortasse
2463 656 2705 697 recusas.
2739 641 2869 707 Quis
2891 642 3075 708 igitur,
3108 641 3321 706 amabo,
3355 642 3514 696 fidem

1943 734 2081 803 apud
2115 743 2165 788 te
2193 733 2473 802 reperiat?
2509 731 2766 788 Placetne
2815 731 3154 787 Salomonem
3187 733 3237 787 in
3275 735 3512 787 medium

1940 825 2247 895 proferam?
2304 825 2402 880 llic
2452 827 2565 887 rex,
2613 841 2796 879 earum
2855 839 3056 886 rerum,
3105 838 3224 892 qua:
3273 824 3340 877 ad
3389 825 3516 878 vita:

1943 926 2067 971 sunt
2096 931 2251 971 usum
2298 917 2641 980 necessarim,
2681 930 2866 969 amore
2893 923 3106 981 captus,
3131 915 3398 969 maximas
3425 929 3521 968 eas

1945 1007 2191 1072 ducebat,
2226 1015 2280 1061 et
2332 1007 2692 1061 admiratione
2739 1005 2991 1073 majores,
3057 1020 3381 1069 omnemque
3449 1006 3516 1057 ad

1951 1112 2044 1152 eas
2074 1113 2161 1154 res
2213 1113 2397 1152 curam
2431 1097 2919 1166 cogitationemque
2983 1097 3288 1152 convertit;
3327 1111 3518 1164 magna

1946 1203 2137 1256 nempe
2183 1188 2468 1256 amplaque
2524 1189 2760 1242 incolens
2820 1187 3038 1256 palatia,
3112 1196 3273 1255 atque
3329 1189 3517 1242 domus

1947 1289 2223 1349 augustas,
2259 1295 2446 1334 aurum
2507 1280 2573 1333 iis
2617 1279 2907 1343 adhibens,
2961 1294 3025 1333 ac
3081 1279 3312 1333 musicos
3366 1293 3517 1331 com-

1946 1385 2152 1439 ponens
2199 1371 2415 1435 choros,
2467 1385 2664 1424 mensae
2709 1379 3060 1434 structorum,
3107 1380 3268 1438 atque
3308 1383 3516 1438 coquo-

1946 1474 2064 1513 rum
2122 1459 2269 1511 varia
2314 1459 2595 1526 possidens
2640 1473 2836 1527 genera
2886 1477 2899 1511 :
2951 1458 3394 1512 vestimentorum
3446 1458 3516 1510 ad

1948 1548 2060 1600 haec
2084 1559 2207 1615 rege
2235 1546 2514 1615 dignomtn
2553 1546 2758 1606 luxum,
2784 1545 3062 1599 hortorum
3093 1546 3255 1599 etiam
3291 1544 3521 1600 amanti-

1953 1643 2135 1698 tatem,
2154 1642 2207 1687 et
2229 1648 2258 1686 e
2287 1633 2582 1701 splendidis
2606 1633 2923 1700 corporibus
2954 1631 3276 1700 voluptatem
3301 1635 3522 1702 opipare

1881 1709 1922 1768 Β
1950 1738 2014 1778 ac
2042 1724 2186 1777 laute
2207 1723 2311 1777 sibi
2343 1735 2633 1791 apparatis,
2659 1734 2982 1790 omnemque
3006 1722 3139 1775 adeo
3170 1722 3339 1788 viam,
3375 1724 3521 1789 quod

1944 1815 2115 1878 aiunt,
2157 1811 2474 1880 adaperiens
2521 1811 2935 1865 oblectamentis
2981 1811 3146 1864 animi
3191 1826 3255 1864 ac
3288 1811 3516 1866 deliciis.

1946 1903 2048 1959 Ubi
2082 1917 2211 1957 vero
2242 1903 2364 1955 inde
2398 1901 2688 1970 paulisper,
2724 1901 2869 1955 velut
2907 1900 2974 1954 ab
3000 1901 3237 1954 amentia
3272 1902 3518 1967 recessit,

1946 2009 2010 2048 ac
2035 1993 2196 2050 veluti
2221 2008 2285 2047 ex
2325 1993 2557 2046 obscuro
2596 1983 2904 2062 labyrintho
2943 1989 3009 2046 ad
3035 1991 3394 2044 clarissimum
3423 2006 3517 2045 su-

1948 2098 2127 2152 pernae
2169 2083 2520 2151 philosophia:
2552 2083 2729 2136 lumen
2763 2083 2949 2149 potuit.
2976 2082 3241 2150 aspicere,
3283 2081 3336 2134 iu
3381 2081 3520 2136 hanc

1945 2177 2082 2229 adeo
2103 2175 2386 2230 sublimem
2409 2189 2472 2229 ac
2497 2173 2638 2229 coelo
2656 2173 2872 2242 dignam
2904 2175 3079 2241 erupit
3110 2187 3290 2226 vocem
3320 2189 3336 2224 :
3367 2191 3387 2223 ί
3417 2173 3521 2226 Va-

1948 2270 2088 2323 nitas
2118 2270 2437 2333 ranitatum,
2478 2275 2531 2322 et
2573 2257 2753 2320 omnia
2791 2268 3021 2320 vanitas.
3061 2285 3081 2318 ι
3120 2266 3175 2319 Si
3223 2267 3403 2333 itaque
3428 2266 3519 2334 qui

1946 2375 2033 2415 eo.
2071 2360 2267 2414 sarculo
2323 2371 2481 2413 natus
2530 2373 2635 2412 non
2687 2366 2791 2420 est,
2824 2360 2965 2427 quod
3005 2368 3210 2411 tantum
3267 2358 3522 2428 perfectae

1949 2449 2071 2502 vita:
2109 2449 2342 2501 studium
2389 2447 2578 2515 exigit,
2605 2447 2776 2514 potuit
2809 2460 2989 2498 rerum
3015 2447 3330 2514 conspicere
3367 2461 3522 2514 :equo

1947 2538 2129 2592 animo
2151 2535 2490 2597 inanitatem,
2526 2536 2900 2603 ingentemque
2930 2535 3162 2602 ipsarum
3191 2549 3521 2603 cognoscere

1947 2626 2292 2681 vanitatem:
2337 2641 2498 2693 quam
2556 2640 2672 2688 uos,
2719 2641 2921 2692 qttzeso,
2973 2626 3183 2678 veniam
3219 2639 3516 2694 conseque-

1948 2733 2089 2782 mur,
2117 2719 2206 2785 qui
2258 2718 2324 2769 ad
2373 2717 2739 2770 sublimiorem
2785 2715 2923 2784 jussi
2985 2717 3347 2768 conscendere
3387 2730 3516 2768 cett—

1951 2803 2308 2873 templationis
2359 2803 2636 2866 verticem,
2673 2815 2848 2871 neque
2878 2803 3016 2855 hanc
3050 2803 3220 2870 ipsam
3266 2803 3515 2856 emittere

1947 2908 2130 2950 vocem
2193 2907 2502 2969 possumus,
2547 2900 2601 2947 et
2656 2893 2864 2946 umbris
2905 2891 3236 2959 somniisque
3281 2893 3518 2961 undique

1948 2986 2082 3038 adeo
2111 2983 2253 3051 capti
2280 2998 2490 3046 sumus,
2523 2991 2578 3036 ut
2604 2983 2831 3036 salutem
2867 2983 2967 3051 ipsi
2997 2983 3326 3051 negligatth
3355 2983 3378 3035 ?

2002 3093 2375 3152 CDLXXXVI.
2434 3122 2506 3132 -—-
2924 3092 3332 3162 STRATEGlO,
3391 3095 3479 3149 ΕΤ

1024 3253 1100 3306 De
1123 3255 1354 3322 quodam
1381 3271 1534 3325 quem
1559 3255 1637 3308 illi
1663 3256 1730 3306 ad
1765 3270 1892 3321 quos
1921 3253 2102 3307 scribit
2146 3267 2398 3306 accusare
2426 3253 2791 3316 instituerant,

346 3357 495 3434 Ἀρα
527 3364 602 3433 μὴ
639 3364 814 3435 χρόνῳ
864 3356 1048 3434 φανὲῧ.
1075 3368 1136 3420 τὸ
1171 3369 1407 3439 γρᾶμμα
1445 3373 1624 3439 γραφῇ
1662 3386 1842 3438 παραι-

266 3450 454 3506 δοῦναι
485 3452 563 3522 τῷ
588 3453 739 3523 πόθῳ
795 3456 1135 3526 κεκμηκότες
1180 3459 1520 3527 centeri/aclis;
1577 3458 1841 3528 Πείθομαι

274 3545 381 3613 μέν
406 3561 422 3579 ο
453 3545 513 3596 οὑ
549 3545 652 3613 μὴν
683 3546 896 3614 ἐρήμην
921 3546 1209 3611 ἁλώσεται,
1241 3552 1308 3618 τῇ
1333 3552 1459 3618 σιγῆ
1486 3549 1583 3618 τὴν
1613 3564 1840 3617 κατηγο-

272 3633 399 3704 ρίαν
441 3633 563 3686 καθ’
594 3634 794 3688 ἑαυτοῦ
847 3635 1190 3704 βεϐαιῶσαν’
1233 3639 1369 3691 ἀλλὰ
1428 3641 1521 3692 καὶ
1572 3642 1700 3709 ῥᾷον
1748 3639 1840 3690 καὶ

270 3721 472 3774 θᾶττον
495 3722 917 3792 ἀπολογήσεται,
967 3726 1048 3778 ὅτι
1080 3728 1366 3798 σωματικὴ
1411 3729 1688 3798 ἀρρωστία
1740 3729 1840 3796 τὴν

275 3809 438 3878 σιγὴν
473 3809 780 3880 ἐγέννησεν.

771 3900 943 3956 ΥΠΖσ.
999 3931 1067 3940 -
1111 3901 1340 3974 mat/ta.

2019 3368 2101 3420 An
2130 3367 2477 3434 scriptionem
2509 3381 2612 3419 non
2641 3368 2960 3434 tempestive
2988 3377 3331 3436 apparentem
3354 3383 3516 3424 accu-

1948 3458 2140 3511 sationi
2188 3457 2402 3510 tradere
2453 3456 2723 3510 dcsiderio
2787 3457 2912 3510 victi
2964 3458 3284 3524 cogitastis?
3337 3458 3514 3514 Credo

1947 3546 2195 3614 equidem
2238 3561 2252 3598 :
2295 3560 2393 3598 nec
2432 3545 2725 3598 solitariam
2771 3546 3207 3615 deprehendetur
3236 3558 3422 3602 contra
3455 3565 3514 3602 se

1947 3634 2339 3688 accusationem
2393 3633 2657 3694 firmasse,
2685 3635 2777 3686 sed
2822 3634 3030 3688 facilius
3074 3637 3232 3688 etiam
3270 3647 3323 3690 et
3353 3637 3512 3692 citius

1950 3726 2285 3788 defendetur,
2315 3723 2456 3791 quod
2490 3725 2736 3791 corporis
2761 3725 3048 3779 inﬁrmitas
3084 3726 3356 3780 silentium
3402 3741 3513 3794 pc-

1951 3817 2170 3882 pcrerit.

2275 3901 2434 3971 704
2471 3901 2860 3955 CDLXXXVII.
2890 3933 2959 3943 —
3000 3902 3176 3958 NILO.

807 3990 912 4044 Pro
946 3994 1168 4059 acceptis
1200 4011 1233 4046 a
1267 4005 1482 4061 parente
1505 3994 1793 4062 beneﬁciis,
1819 3996 1993 4049 liberis
2030 3995 2186 4048 vicem
2231 4009 2340 4046 esse
2370 3994 2747 4062 rependemlam
2787 4006 2976 4047 mouet.

347 4101 525 4154 ’οτιὸ
551 4102 695 4157 δεῖνα
728 4104 841 4174 (51)
893 4106 1113 4177 ὀρφανῷ
1153 4126 1235 4161 σοι
1289 4110 1660 4178 γεγενημένῳ,
1719 4110 1839 4162 ἀντὶ

2018 4109 2168 4162 Nosti
2227 4110 2512 4176 quemdam
2545 4109 2637 4162 tibi
2685 4109 2930 4177 orpltano
2978 4107 3121 4160 facto
3168 4109 3337 4176 patris
3394 4111 3511 4164 loco

272 4192 482 4262 πατρὸς
507 4193 746 4262 γέγονεν,
776 4192 952 4250 οἶσθα.
1006 4199 1156 4251 Ἐπεὶ
1177 4201 1355 4252 τοίνυν
1404 4202 1607 4262 ἐκεῖνος
1650 4201 1750 4269 μὲν
1780 4203 1838 4266 ἐξ

1952 4201 2131 4253 fuisse.
2166 4198 2212 4252 ls
2259 4213 2421 4267 porro
2464 4213 2532 4252 ex
2581 4199 2680 4252 hac
2731 4200 2838 4253 vita
2882 4198 3125 4253 sublatus
3181 4209 3285 4252 est.
3345 4200 3512 4267 Igitur

271 4282 578 4352 ἀνθρώπων
625 4283 832 4355 ῷχετοο
872 4288 921 4339 οἱ
978 4288 1035 4340 δὲ
1088 4290 1275 4341 τούτου
1317 4292 1450 4353 υἱεῖς
1489 4290 1697 4343 δέονται
1744 4290 1835 4344 τοῦ

275 4376 438 4443 χεῖρα
463 4374 764 4444 όρέξοντος,
811 4378 905 4430 καὶ
949 4378 1046 4448 τὴν
1091 4380 1354 4448 ὀρφανίαν
1384 4380 1840 4451 παραμυθήσομέ-

277 4480 410 4516 νου·
442 4463 501 4517 εὖ
538 4469 728 4531 ποιεῖς,
765 4468 813 4519 εί
865 4469 960 4521 καὶ
1015 4470 1175 4530 αὐτὸς
1223 4472 1343 4523 ἀντὶ
1398 4472 1600 4540 πατρὸς
1659 4471 1838 4530 αὐτοῖς

276 4555 478 4622 γένοιο,
509 4554 605 4625 τὴν
630 4556 889 4626 πατρῴαν
915 4558 1235 4628 εὐεργεσίαν
1273 4562 1353 4622 εἰς
1398 4561 1521 4622 τοὺς
1553 4560 1700 4622 υἱοὺς
1735 4575 1836 4610 κα-

274 4643 649 4712 τατιθέμενος.

774 4753 950 4806 ΥΠΗἌ
980 4783 1048 4793 --
1074 4756 1312 4807 ΜΑΡΩΝ
1321 4757 1358 4809 Ι.

1944 4287 2086 4342 illius
2133 4288 2224 4342 lilii
2259 4303 2448 4342 manus
2479 4291 2754 4343 tendentes
2795 4299 2846 4342 te
2890 4301 3098 4357 rogant,
3128 4288 3243 4356 eius
3281 4291 3370 4358 qui
3411 4293 3505 4345 tibi

1946 4380 2072 4433 olim
2107 4394 2296 4433 manus
2337 4382 2595 4448 porrexit,
2623 4388 2675 4433 et
2703 4379 2986 4434 orbitatem
3036 4371 3177 4432 tuam
3227 4381 3512 4435 miseratus

1947 4480 2048 4522 est.
2076 4468 2239 4522 Recte
2267 4468 2485 4532 feceris,
2510 4469 2554 4522 si
2589 4478 2641 4522 et
2678 4469 2792 4535 ipse
2814 4469 2930 4522 loco
2957 4471 3122 4536 patris
3160 4469 3264 4523 illis
3297 4470 3392 4534 sis,
3413 4486 3510 4539 pa-

1951 4565 2159 4610 ternum
2196 4557 2517 4610 beneficium
2543 4559 2594 4610 in
2624 4559 2759 4612 filios
2794 4573 3076 4626 reponens.
3272 4541 3297 4569 ”

2305 4753 2733 4810 (IDLXXXV'III.
2764 4784 2834 4795 ——
2863 4753 3143 4810 MARONI.

1117 4844 1436 4897 Diuitiarum
1471 4844 1615 4897 nulla
1651 4845 1888 4898 satietas.
1923 4842 2084 4913 (Vide
2115 4844 2267 4912 epist.
2301 4843 2404 4896 M2
2432 4853 2480 4897 et
2517 4844 2667 4912 545.)

346 4955 410 5008 Ei
436 4955 530 5008 καὶ
556 4959 887 5026 καταφρονεῖ
925 4958 957 5026 ή
1010 4957 1410 5028 φιλοχρηματία
1450 4959 1630 5028 πάσης
1671 4960 1835 5012 κολά-

278 5060 437 5105 σεως,
477 5043 573 5095 καὶ
616 5045 706 5097 διὰ
739 5047 959 5099 πάντων
994 5046 1103 5097 τῶν
1174 5046 1364 5099 δεινῶν
1412 5051 1597 5117 χωρεῖ,
1676 5049 1836 5118 κόρον

275 5133 558 5200 ἀκορέστῳ
586 5134 745 5186 πάθει
771 5135 1168 5204 μηχανωμένη·
1203 5134 1336 5187 ἀλλὰ
1362 5135 1439 5204 τῷ
1489 5137 1621 5206 μηδὲ
1672 5139 1730 5189 ὲν
1760 5138 1838 5205 τῷ

279 5223 530 5287 κτᾶσθαι,
561 5223 663 5278 κᾶν
683 5226 749 5278 τὰ
784 5225 1000 5278 πάντων
1032 5226 1194 5295 λάὸῃ,
1225 5225 1513 5294 τυγχάνειν
1546 5227 1836 5295 ἁνακωχῆς

2015 4957 2125 5010 Etsi
2153 4971 2318 5023 Opum
2356 4955 2622 5024 cupiditas
2663 4970 2876 5007 omnem
2915 4967 3226 5009 contemnat
3279 4956 3510 5026 castiga-

1941 5049 2163 5112 tionem,
2222 5058 2276 5101 et
2340 5047 2524 5114 gravia
2598 5062 2822 5114 quaeque
2899 5053 3156 5117 pervadat
3217 5049 3509 5103 insatiabili

1943 5136 2152 5190 effectui
2195 5137 2498 5190 satietatem
2533 5125 2794 5212 moliﬁis:
2831 5147 3010 5194 tamen
3054 5143 3192 5209 quod
3236 5142 3286 5194 in
3334 5141 3504 5208 possi-

1942 5227 2135 5291 dendo,
2171 5228 2420 5295 quamvis
2460 5228 2699 5281 omnium
2729 5226 3009 5285 facultates
3055 5231 3279 5300 ceperit,
3305 5231 3504 5285 nullam

1369 5379 1601 5434 ΥΑΙὶΙέΕ
1639 5376 2024 5432 LECTIONES
2062 5377 2151 5432 ET
2189 5377 2419 5432 NO'l‘xE.

353 5533 467 5604 (Eii)
499 5531 610 5604 Pro
643 5534 672 5584 ό
694 5533 852 5604 δεῖνα
886 5534 1043 5604 codd.
1094 5534 1217 5587 Vat.
1264 5534 1366 5587 650
1395 5543 1448 5588 et
1482 5534 1586 5588 Alt.
1646 5533 1844 5604 habent

1953 5549 2177 5601 πατρός,
2220 5543 2277 5584 ut
2301 5533 2350 5585 id
2383 5547 2574 5604 nomen
2615 5532 2689 5604 sit
2717 5533 2840 5600 ejus
2875 5548 2980 5601 quo
3007 5534 3070 5588 de
3104 5536 3315 5603 agitur:
3350 5549 3504 5602 quem

279 5601 404 5662 ἀντὶ
445 5601 666 5668 πατρὸς.
694 5601 856 5656 Forte
895 5603 1170 5670 legendum
1222 5621 1324 5656 uno
1370 5605 1624 5659 vocabulo
1666 5603 1832 5661 Ἀντί-

619 5694 883 5753 ΙὶΑΤιιοι..
923 5694 1037 5754 (in.
1090 5694 1407 5757 LXXVIII.

1943 5619 2038 5657 cur
2055 5605 2329 5658 nominare
2356 5602 2599 5658 entiserit
2621 5602 2876 5669 Isidorus,
2909 5619 3012 5658 non
3031 5602 3270 5672 apparet.
3295 5604 3504 5660 Possm.

3085 5698 3149 5757 51
