3864 6114
217 290 347 356 1613

391 420 397 426 -
490 399 642 468 rex.
672 431 739 440 —
768 402 1036 471 ΕΛΙΣΑΙῼ
1066 405 1492 459 MONAZONTI.

1033 294 1561 355 EPISTOLARUM
1599 296 1743 355 LIB.
1780 297 1846 356 V.
1883 319 1951 330 ·-
1988 296 2224 356 EPIST.
2265 293 2593 354 CDXCVII.

1803 419 1852 473 A

3305 284 3440 348 16M

2115 402 2391 460 CDXCIV.
2411 431 2479 441 -ε-
2501 396 2771 455 ΕιιδΑῑο
2805 395 3152 452 MONACHO.

212 509 550 566 Commendat
598 511 660 564 ob
709 513 950 566 virtutem
1005 526 1051 566 et
1098 516 1413 582 doctrinam,
1455 533 1613 585 quam
1667 533 1735 594 ατ
1772 515 2050 652 Τιξρὲιόείί
2096 513 2338 567 monachi
2377 512 2614 567 convictu
2659 509 2951 564 imbiberat.
2986 507 3094 577 (De
3135 521 3234 575 quo
3279 521 3443 577 supra

1656 595 1807 652 epist.
1948 621 1960 634 .

1656 595 1807 654 epist.
1836 595 1960 638 210'.

281 691 344 742 El
398 689 492 742 καὶ
538 688 637 760 τὴν
685 689 972 743 συνουσίαν
1025 707 1108 743 σοι
1158 692 1258 762 τὴν
1310 693 1444 762 πρὸς
1484 693 1576 746 τὸν
1613 693 1769 760 ἅγιον

213 777 490 830 Θεοδόσιον
524 777 724 846 μικράν
753 777 781 830 ὁ
814 776 1024 847 χρόνος,
1048 777 1184 830 ἀλλά
1219 794 1284 846 γε
1331 779 1431 849 τὴν
1474 778 1570 832 ἀπ’
1599 779 1770 848 αὐτῆς

213 867 395 936 ὄνησιν
430 867 478 918 οἱ
511 866 662 920 πόνοι
708 865 878 937 καλὴν
917 867 1013 920 καὶ
1055 868 1306 935 γενναίαν
1339 867 1770 923 κατεσκεύασαν.

215 957 368 1010 Οὕτω
393 957 501 1028 γὰρ
546 957 758 1027 ταχέως
808 958 1072 1027 καὶπρὸς
1123 958 1192 1010 τὰ
1223 957 1332 1010 τῶν
1381 959 1600 1030 τρόπων
1646 957 1774 1028 ἤθη,

215 1047 308 1100 καὶ
336 1046 472 1116 πρὸς
503 1047 603 1115 τὴν
645 1046 750 1099 τῶν
783 1046 942 1100 θείων
973 1047 1204 1116 Γραφῶν
1256 1046 1455 1115 γνῶσιν
1510 1046 1779 1112 ἐξετυπώ-

219 1135 338 1205 θης,
399 1137 495 1189 καὶ
561 1137 802 1207 μιμητὴς
861 1137 1249 1208 ἀκριϐέστερος
1297 1137 1404 1192 τῶν
1474 1137 1779 1207 ζωγράφων

217 1225 504 1294 κατέστης,
559 1227 634 1290 ὼς
687 1228 826 1297 μήτε
875 1228 1080 1280 ἐκεῖνον
1122 1227 1280 1282 ἄλλον
1329 1228 1436 1296 πρὸ
1485 1231 1604 1290 σοῦ,
1642 1229 1779 1298 μήτε

217 1316 475 1385 νομίζειν,
537 1319 674 1387 μήτε
739 1316 883 1387 ἔχειν
937 1317 1239 1388 ὁμιλητήν·
1296 1317 1356 1370 σέ
1400 1334 1495 1380 τε,
1543 1317 1649 1370 κᾶν
1701 1319 1778 1388 μὴ

218 1405 447 1476 φράζοις
477 1406 604 1474 παρ’
633 1399 678 1472 ᾧ
729 1407 1040 1476 ἐφοίτησας,
1097 1406 1251 1477 δῆλον
1307 1401 1449 1459 εἶναι
1496 1408 1607 1468 τοῖς
1645 1405 1782 1474 δρω-

221 1495 422 1566 μένοις.

430 1603 594 1672 Υιιεν.
617 1635 686 1645 —
726 1605 1108 1676 ΣΤΡΑΤΗΓΙῼ
1152 1603 1570 1660 ΜΟΝΑΖΟΝΤΙ.

1947 690 2060 745 Ειεί
2083 688 2426 743 familiaritas
2459 687 2554 742 tibi
2597 702 2717 740 cum
2747 687 2948 753 optimo
2997 684 3110 738 viro
3139 682 3444 738 Theodosio

1877 779 2057 834 brevis
2110 777 2212 832 fuit
2262 778 2538 844 temporis,
2577 776 2866 830 utilitatem
2926 787 3104 830 tamen
3156 775 3438 827 honestam

1879 866 2319 936 generosamquel
2349 866 2562 919 labores
2604 864 2679 916 tui
2735 872 3075 932 pepererunt.
3124 861 3271 915 Adeo
3300 862 3444 915 enim

1881 958 2132 1012 celeriter
2155 966 2210 1010 et
2234 959 2513 1012 honestate
2543 969 2773 1018 morum,
2803 965 2856 1007 et
2882 967 3159 1008 sacrarum
3183 967 3241 1006 es
3268 952 3450 1015 scien-

1885 1047 1957 1099 tia
1987 1046 2286 1100 litterarum
2317 1045 2664 1108 informatus,
2702 1054 2758 1097 ut
2792 1045 2988 1097 habeat
3026 1042 3317 1106 neminem,
3357 1043 3448 1108 qui

1886 1149 1946 1190 se
1972 1136 2144 1206 magis
2171 1145 2515 1204 assequatur,
2565 1136 2632 1188 ad
2684 1133 2969 1199 vivumque
2991 1133 3260 1199 exprimat
3289 1145 3450 1196 quam

1887 1235 1942 1277 tu
1991 1243 2003 1278 :
2041 1240 2147 1294 quo
2192 1224 2594 1279 familiariorem
2632 1225 2792 1278 habet
2835 1223 3120 1276 neminem.
3161 1220 3271 1274 Etsi
3323 1235 3452 1272 νυνι)

1889 1330 1992 1370 non
2022 1316 2226 1370 dixeris
2277 1331 2384 1385 quo
2429 1315 2507 1370 sis
2555 1330 2683 1368 usus
2745 1314 3015 1380 fandliari,
3048 1313 3218 1367 cuivis
3272 1304 3449 1366 tamen

1884 1422 1949 1460 ex
1982 1407 2066 1461 his
2092 1422 2210 1476 qua:
2235 1407 2367 1462 facis
2393 1418 2576 1460 notum
2598 1419 2699 1462 est.

2117 1606 2366 1662 coxcv.
2393 1636 2457 1647 -
2481 1578 2872 1662 STIIATEGIO
2916 1604 3260 1659 noxacno.

514 1699 590 1753 De
620 1716 794 1753 rerum
823 1702 1054 1754 omnium
1085 1699 1460 1755 uicissitudine.
1491 1699 1713 1753 Animus
1752 1717 1912 1770 neque
1951 1703 2168 1756 caducis
2198 1704 2349 1757 rebus
2379 1701 2555 1756 attolli
2600 1717 2761 1771 neque
2789 1701 2947 1769 dejici
2983 1700 3148 1752 debet.

299 1811 360 1862 '0
421 1809 726 1880 φιλοσόφως
777 1811 1236 1882 ἐπισκεπτόμενος
1283 1811 1391 1866 τῶν
1437 1811 1811 1882 πραγμάτων

1964 1815 2218 1885 Quisquis
2273 1815 2714 1883 pltilosotihorum
2791 1827 2941 1866 more
2998 1827 3086 1865 res
3145 1810 3455 1864 considerat

217 1898 316 1966 τὴν
348 1898 530 1966 φύσιν,
557 1899 640 1950 ὅτι
668 1900 948 1969 ποταμίων
977 1901 1282 1970 ῥευμάτων,
1326 1902 1420 1952 καὶ
1455 1900 1665 1954 καπνοῦ
1707 1901 1788 1963 εἰς

219 1989 365 2058 ἀέρα
397 1989 767 2059 διαλυομένου,
800 1991 892 2044 καὶ
925 1992 1080 2053 σκιᾶς
1105 1991 1332 2060 θεούσης
1355 1991 1505 2044 οὐδὲν
1542 1991 1784 2060 ἄμεινον,

220 2079 354 2132 ἀλλὰ
387 2081 480 2134 καὶ
529 2084 708 2151 χεῖρον
757 2082 1044 2145 διάκειται,
1094 2081 1218 2134 οὗτε
1255 2082 1358 2134 ὑπὸ
1384 2082 1492 2134 τῶν
1535 2081 1786 2152 χρηστῶν

220 2169 483 2242 ἐπαρθείη
507 2173 657 2237 ποτὲ,
689 2170 810 2224 οὔτε
831 2172 935 2224 ὑπὸ
958 2172 1066 2224 τῶν
1085 2172 1342 2242 λυπηρῶν
1371 2171 1730 2242 ταπεινωθείη
1755 2190 1768 2202 ·

222 2259 336 2312 ἀλλ’
370 2261 428 2313 ἐν
473 2264 538 2331 τῇ
583 2261 784 2314 τούτων
827 2261 1094 2333 μεταϐολῇ
1141 2261 1512 2331 ἀμετάϐλητον
1558 2262 1789 2332 τηρήσει

222 2347 322 2416 τὴν
340 2347 583 2419 γνώμην.
613 2350 671 2401 '0
687 2351 793 2420 γὰρ
828 2352 1110 2424 παρόντων
1139 2349 1248 2403 τῶν
1273 2349 1525 2421 χρηστῶν
1551 2349 1625 2421 μὴ
1662 2352 1792 2404 άντ-

224 2437 500 2506 εχόμενος,
535 2439 654 2492 οὺδέ
679 2439 927 2493 ἀπόντων
951 2440 1320 2511 ἀνιαθήσεται.

468 2544 646 2611 Υιιιῖν.
671 2574 740 2583 —
764 2545 1015 2616 ΖΩΣΙΜῼ
1062 2546 1531 2615 ΠΡΕΣΒΥΤΕΡῼ.

1893 1902 2179 1967 humanas,
2210 1903 2381 1956 instar
2410 1916 2600 1955 cursus
2630 1900 2937 1964 ﬂuviorum,
2973 1899 3211 1968 fumique
3250 1900 3299 1951 in
3327 1913 3456 1951 aere
3561 1920 3566 1926 -

1893 1990 2158 2059 dissipati,
2183 1991 2495 2057 umbrtnque
2529 1989 2860 2056 apparentis,
2900 1987 3030 2040 nihil
3077 2003 3195 2040 esse
3235 2002 3453 2053 compe-

1892 2081 2017 2144 riet,
2074 2080 2169 2134 sed
2223 2079 2403 2147 potius
2443 2079 2732 2142 inaniores,
2791 2092 2962 2146 neque
3006 2078 3144 2132 idem
3206 2077 3455 2131 secundis

1892 2169 2176 2233 eﬂ'eretur,
2240 2185 2413 2238 neque
2481 2169 2724 2224 adversis
2778 2170 3112 2238 dejicietur:
3163 2184 3346 2223 verum
3397 2169 3449 2220 in

1892 2262 1992 2314 hac
2026 2275 2204 2314 rerum
2253 2260 2504 2326 ieiunium
2548 2260 2728 2315 mobili
2776 2260 3164 2323 vicissitudine,
3195 2259 3455 2314 immobili

1893 2351 2144 2419 persistet
2185 2360 2382 2405 mente.
2407 2350 2506 2416 Qui
2549 2352 2690 2406 enim
2721 2354 2950 2406 terrenis
2981 2352 3198 2405 minime
3224 2353 3459 2406 adhaeret

1896 2441 2068 2504 bonis,
2103 2455 2185 2494 nte
2210 2439 2297 2494 ille
2319 2441 2495 2495 futura
2531 2457 2635 2496 non
2667 2441 2907 2496 fastidiet
2944 2443 3104 2497 bona.

2058 2548 2329 2602 CDXCVI.
2373 2578 2444 2589 ——
2495 2547 2745 2604 ZOSIMO
2778 2547 3257 2604 PRESBYTERO.

1411 2636 1561 2692 Gula:
1585 2651 1739 2708 atque
1763 2641 2010 2710 ingluviei
2042 2651 2273 2694 accusat.

296 2746 390 2811 El,
423 2745 498 2808 ὥς
549 2748 678 2815 φασί
732 2765 898 2810 τινες,
950 2747 1167 2816 φαύλως
1222 2749 1287 2801 δι’
1320 2748 1555 2818 ἐσχάτην
1600 2748 1791 2802 πενίαν

224 2836 420 2907 ᾕχθης,
475 2837 540 2888 δι’
592 2838 658 2906 ἢν
700 2839 876 2891 αἰτίαν
920 2838 1014 2892 νῦν
1065 2839 1156 2891 τὸν
1200 2838 1535 2908 ἁϐροδίαιτον
1583 2837 1794 2900 διώκεις

229 2927 378 2995 plov;
409 2928 518 2979 Καὶ
570 2927 742 2981 ταῦτα
789 2931 890 2982 οὐκ
940 2926 1034 2982 οἷδ’
1073 2929 1194 2982 ὅθεν
1242 2929 1671 2999 παρατιθέμενος
1697 2928 1792 2998 τὴν

1975 2753 2051 2816 Si,
2087 2765 2144 2806 ut
2177 2754 2310 2806 falso
2339 2754 2556 2821 quidam
2594 2763 2836 2816 narrant,
2860 2754 2923 2806 ad
2953 2763 3247 2807 extremam
3303 2753 3459 2806 reda-

1902 2854 2022 2895 ctus
2059 2859 2118 2895 es
2169 2844 2432 2910 inopiam,
2473 2844 2760 2909 quomodo,
2794 2859 2996 2913 quzeso,
3040 2844 3174 2896 cibis
3217 2844 3460 2896 delicatis

1901 2934 2064 2984 vitam
2099 2930 2387 2998 transigit)?
2435 2930 2593 2997 idque
2621 2944 2676 2983 ut
2713 2947 2815 2986 non
2850 2933 3007 2985 modo
3037 2932 3177 2984 dumi
3221 2947 3458 2984 mensam

231 3017 535 3086 τράπεζαν,
566 3018 701 3077 ἀλλά
745 3023 855 3083 τοῖς
884 3020 979 3083 τὰς
1009 3019 1291 3082 Σικελικὰς
1344 3018 1794 3096 παρατιθεμένοις

1902 3025 2174 3085 iustruas,‘
2205 3023 2298 3076 sed
2339 3024 2498 3073 ctiam
2535 3038 2758 3091 superes
2801 3023 3103 3076 Sicularum
3154 3037 3459 3075 meuSaruul

229 3111 586 3180 ἐπιρῥίπτων,
623 3105 699 3165 ὧν
769 3107 849 3175 εἷς
901 3113 1071 3166 ταῦτα
1111 3111 1424 3176 ἐξεϐιάσατο
1457 3111 1688 3180 χαράξαι
1729 3112 1798 3164 τά

229 3203 551 3270 γράμματα.
584 3204 648 3255 El
687 3203 795 3273 γὰρ
827 3203 1010 3256 πολλοὶ
1041 3203 1150 3255 τῶν
1177 3201 1528 3272 ἁϐροδιαίτων
1563 3203 1658 3254 καὶ
1691 3202 1798 3254 τῶν

242 3285 302 3342 εὖ
329 3292 630 3358 γεγονότων
690 3293 777 3345 διά
826 3292 1140 3360 φιλοσοφίαν
1188 3290 1420 3354 εὐτελῶς
1471 3291 1796 3346 ἐπαίδευσαν

226 3384 454 3460 ἐαυτοὺς
484 3382 606 3452 ζῇν,
647 3383 909 3453 μεγίστην
960 3384 1224 3453 ὠφέλειαν
1255 3385 1350 3437 καὶ
1399 3383 1555 3450 δόξαν
1589 3385 1654 3436 ἐκ
1675 3384 1797 3436 τού-

229 3488 322 3524 του
365 3472 702 3542 θηρώμενοι·
739 3474 857 3537 πῶς
908 3475 971 3526 σὺ
1025 3475 1164 3545 ἔχων
1197 3476 1292 3528 καὶ
1367 3474 1464 3545 τὴν
1507 3474 1800 3543 σύντροφον

236 3563 524 3631 συνήθειαν
552 3566 1078 3636 συναγωνιζομένην,
1113 3569 1192 3629 είς
1222 3567 1526 3619 τούναντίον
1569 3567 1798 3632 μετέπε-

235 3673 368 3721 σας;
417 3658 762 3727 Ἐπανάγαγε
803 3661 982 3713 τοίνυν
1018 3661 1210 3713 σαυτὸν
1240 3662 1332 3713 ἐπὶ
1373 3659 1472 3730 τὴν
1505 3660 1666 3728 φίλην
1706 3677 1797 3712 σου

235 3749 333 3800 καὶ
365 3750 738 3818 ὁμοτράπεζον
768 3752 1061 3815 εὐτέλειαν,
1101 3755 1185 3805 ἴνα
1220 3753 1294 3821 μὴ
1347 3751 1441 3803 καὶ
1475 3750 1655 3820 σαυτῷ
1687 3769 1800 3820 χει-

238 3838 424 3906 μῶνας
467 3842 520 3909 (ἡ
569 3842 675 3911 γὰρ
715 3845 891 3912 τρυφὴ
928 3844 1134 3912 ὕϐρεώς
1181 3847 1295 3894 ἐστι
1329 3841 1581 3912 μήτηρ),
1613 3842 1707 3894 καὶ
1735 3845 1799 3911 τῇ

235 3929 494 4000 θειοτάτῃ
539 3931 814 4005 ,θρησκείᾳ
851 3935 1047 3996 ὄνειδος
1101 3934 1536 4002 κατασκευάσῃς.
1587 3934 1648 3984 Οἱ
1694 3932 1802 4000 γὰρ

232 4021 598 4090 διαφερόντως
638 4026 775 4093 αὐτῇ
834 4024 1218 4094 ἀνακείμενοι,
1268 4025 1463 4093 κομιδῇ
1501 4022 1642 4075 κατά
1705 4022 1800 4074 σοῦ

235 4109 655 4177 ἀγανακτοῦσιν,
700 4114 780 4165 ὅτι
825 4114 912 4166 διὰ
953 4115 1050 4182 τὴν
1091 4113 1187 4183 σὴν
1224 4113 1557 4183 λαιμαργίαν
1617 4112 1798 4181 ἐκείνη

238 4199 603 4268 κωμῳδεῖται.

421 4307 578 4374 ΥιιΖν.
612 4339 678 4350 -
710 4309 1105 4380 ΘΕΟΓΝΩΣΤῼ
1154 4310 1620 4380 ΠΡΕΣΒΥΤΕΡῼ.

1901 3115 2246 3184 apparatum?
2292 3113 2638 3167 Narrantium
2685 3130 2822 3168 unus
2879 3115 2974 3167 has
3014 3127 3097 3166 me
3125 3125 3347 3174 taxarat'e
3376 3114 3460 3166 lil-

1903 3214 2045 3256 teras
2094 3203 2368 3269 compulit.
2410 3201 2468 3255 Si
2519 3203 2663 3255 enim
2706 3201 2921 3256 delicati
2959 3201 3106 3254 multi
3148 3216 3212 3255 ac
3251 3203 3460 3255 nobiles

1900 3308 1995 3361 per
2025 3293 2417 3364 philosophiam
2448 3293 2728 3363 frugaliter
2747 3294 2924 3346 vivere
2949 3293 3107 3360 seipsi
3141 3296 3458 3356 docuerunt,

1901 3387 2187 3440 maximam
2224 3389 2505 3441 utilitatem
2541 3397 2595 3441 et
2624 3387 2846 3456 gloriam
2889 3399 2954 3439 ex
2998 3400 3062 3438 eo
3107 3397 3458 3454 aucupantes,

1900 3497 2004 3546 qua
2029 3481 2239 3533 ratione
2287 3489 2342 3532 tu
2381 3480 2470 3547 qui
2528 3481 2596 3532 ab
2647 3479 2967 3532 educatione
3010 3478 3456 3532 consuetudinem

1915 3569 2079 3622 habes
2141 3569 2487 3623 auxiliantem
2549 3571 2602 3622 in
2660 3569 2991 3622 contrarium
3043 3584 3101 3622 es
3179 3566 3461 3634 delapsus?

1902 3659 2064 3728 706
2123 3657 2482 3722 Quamobrem
2559 3673 2748 3712 revoca
2822 3659 3048 3726 leipsum
3107 3660 3174 3710 ad
3248 3667 3458 3724 gratam

1907 3764 2208 3815 mensaeque
2239 3751 2510 3817 propriam
2564 3749 2974 3814 parcimoniam,
3031 3763 3096 3800 ne
3137 3746 3228 3800 tibi
3263 3759 3462 3815 tempe-

1903 3849 2067 3892 states
2099 3837 2321 3907 (dclieia:
2369 3839 2511 3890 enim
2562 3838 2807 3903 injuriatn
2838 3839 3150 3904 plerumque
3196 3839 3459 3904 pariunt),

1903 3943 1965 3982 ac
1986 3937 2340 3981 sacrosanctae
2369 3928 2608 3994 religioni
2643 3927 2871 3980 dedecus
2895 3927 3165 3980 obt'euiat.
3196 3926 3294 3991 Qui
3318 3929 3459 3980 enim

1906 4018 2144 4086 religioni
2189 4018 2340 4074 valde
2390 4029 2514 4072 sunt
2556 4017 2773 4078 addicti,
2810 4017 2877 4070 de
2930 4027 2980 4070 te
3032 4033 3195 4086 prope
3245 4019 3460 4070 modum

1904 4107 2263 4193 expostulant,
2313 4108 2454 4176 quod
2512 4107 2579 4160 ob
2625 4117 2768 4159 tuam
2802 4107 3112 4177 ingluuiem,
3165 4107 3249 4159 illa
3285 4109 3465 4160 audiat

1904 4199 2060 4252 male.

1972 4303 2270 4359 CDXCVll.
2322 4335 2389 4344 —
2426 4303 2886 4361 THEOGNOS'IO
2920 4302 3390 4361 PllESBYTEIlO.

1123 4397 1225 4461 Qui
1264 4415 1375 4452 vere
1396 4401 1652 4467 sapientes
1685 4396 2002 4466 appellandi.
2036 4393 2211 4464 (Conf.
2236 4396 2386 4463 epist.
2424 4396 2570 4466 477.)

310 4502 375 4555 Οἱ
424 4502 521 4572 τὴν
551 4503 742 4571 σοφίαν
772 4505 870 4574 τὴν
900 4505 1078 4558 πάντα
1105 4505 1172 4558 τά
1193 4505 1331 4558 καλὰ
1362 4509 1418 4559 ἐν
1449 4508 1614 4576 ἑαυτῇ
1640 4523 1796 4575 περι-

1972 4503 2072 4569 Qui
2106 4503 2422 4572 sapientiam
2452 4504 2632 4556 omnia
2684 4506 2733 4556 in
2764 4521 2820 4558 se
2848 4506 2984 4560 bona
3013 4507 3456 4574 compleclcmem

239 4591 474 4661 έχουσαν
527 4591 622 4662 (ὡς
652 4593 744 4646 καὶ
774 4593 862 4647 τὸν
885 4595 1100 4647 πάντων
1123 4595 1397 4664 Δεσπότην
1426 4595 1582 4646 τοῦτο
1607 4595 1806 4664 μᾶλλον

240 4680 276 4748 ἦ
313 4697 366 4730 τι
399 4680 584 4749 ἕτερον
617 4681 826 4751 χαίρειν
881 4683 1166 4746 ἀκούοντα,
1218 4683 1405 4752 ἐπειδὴ
1447 4681 1659 4744 πολλοῖς
1687 4682 1804 4735 ὀνό-

241 4786 378 4840 μασι
403 4771 667 4843 καλεῖται)
694 4773 826 4842 (55),
861 4773 1058 4841 φαῦλον
1105 4773 1199 4825 καὶ¹
1235 4775 1620 4843 πεπατημένον
1669 4776 1807 4842 πρᾶ-

240 4877 357 4930 γμα
381 4863 690 4932 ἡγούμενοι,
720 4864 1014 4932 πάντολμοι
1050 4863 1115 4916 ἂν
1148 4861 1255 4916 εἷεν
1285 4865 1414 4934 παρ’
1458 4866 1582 4933 ἐμοὶ
1621 4867 1803 4934 κριτῇ.

255 4950 418 5012 Ἀλλ’,
461 4947 635 5018 οἶμαι,
679 4951 821 5019 ἔχειν
867 4952 963 5020 μὲν
1012 4951 1420 5018 ἐπιθυμοῦντες,
1450 4954 1576 5014 τοὺς
1604 4951 1661 5003 δὲ
1706 4954 1804 5004 πό-

242 5057 362 5101 νους
391 5040 676 5110 ὑπομεῖναι
711 5043 786 5110 μὴ
807 5041 1105 5106 ἀξιοῦντες,
1125 5037 1205 5101 οἷς
1242 5043 1274 5111 ὴ
1306 5041 1424 5095 θεία
1470 5042 1630 5110 σοφία
1676 5044 1798 5094 ἐπι-

241 5131 422 5198 φοιτᾷ,
454 5129 528 5198 τῷ
556 5130 630 5201 μὴ
666 5130 753 5183 διὰ
779 5131 1046 5200 ρᾳθυμίαν
1077 5131 1253 5184 δοκεῖν
1283 5133 1478 5194 αὐτοὺς
1521 5132 1803 5185 ἀπολελεῖ-

241 5222 393 5289 φθαι,
424 5223 738 5290 φθονοῦντες
765 5227 876 5287 τοῖς
926 5227 1108 5292 σοφοῖς
1137 5223 1448 5294 διασύρουσι
1501 5226 1562 5276 τὸ
1593 5227 1806 5294 ἐκείνης

238 5315 428 5380 ὄνομα.
465 5315 665 5384 Σοφοὺς
689 5315 746 5367 δέ
778 5331 916 5384 φημι
948 5315 1008 5366 οὐ
1053 5315 1180 5377 τοὺς
1229 5314 1290 5366 τὺ
1333 5315 1614 5377 Πλάτωνος
1644 5315 1796 5382 ὕψος.

1905 4596 2122 4664 (quippe
2173 4610 2292 4648 cum
2337 4595 2570 4648 universi
2629 4595 2885 4650 Dominus
2933 4601 3032 4650 hac
3079 4595 3247 4666 magis
3291 4613 3455 4666 quam

1905 4702 1964 4739 re
2002 4686 2103 4737 ulla
2140 4700 2197 4739 se
2219 4685 2465 4747 oblectet,
2498 4687 2634 4739 unde
2658 4698 2712 4740 et
2735 4689 2799 4739 de
2825 4688 3066 4755 pluribus
3103 4690 3227 4742 hinc
3265 4707 3459 4745 nomen

1905 4776 2147 4844 sortitur)
2175 4775 2361 4828 falsam
2391 4792 2502 4830 rem
2542 4785 2596 4830 et
2639 4778 3084 4831 contumeliosam
3120 4762 3490 4840 existituaut,‘

1907 4882 2022 4917 mea
2043 4867 2269 4940 [quidem
2309 4867 2594 4930 sententia,
2647 4868 2875 4920 audaces
2915 4877 3038 4921 sunt
3065 4869 3313 4924 habendi.
3359 4869 3485 4924 κίε-⁵

1907 4972 2022 5007 rum
2046 4958 2238 5024 opinor
2290 4971 2408 5010 esse
2435 4958 2647 5024 quidem
2691 4957 2780 5024 qui
2829 4972 2946 5009 eam
2983 4959 3302 5023 desiderent,
3367 4964 3461 5014 Sed

1907 5048 2142 5100 laborem
2177 5048 2362 5114 quisit
2397 5047 2736 5100 sustinendus
2784 5046 3068 5116 refugiant,
3119 5065 3223 5114 quo
3278 5051 3460 5102 divina

1910 5138 2242 5204 potissimum
2298 5137 2594 5206 acquiritur
2628 5137 2911 5205 sapientia.
2959 5136 3036 5190 t\'e
3096 5150 3271 5193 autem
3304 5142 3464 5208 negli-

1910 5229 2083 5287 gentia
2125 5244 2218 5278 sua
2275 5227 2558 5278 videantur
2589 5225 2730 5277 illam
2779 5242 2882 5277 non
2913 5229 3168 5290 assecuti,
3203 5230 3460 5295 sapienti-

1907 5315 2006 5368 bus
2041 5317 2297 5381 invident,
2321 5328 2374 5369 et
2410 5315 2512 5370 illis
2541 5317 2866 5371 obtt'eetanl.
2898 5315 3159 5370 Cmterum
3189 5327 3462 5386 sapientes

1377 5468 1611 5523 VARle
1647 5467 2025 5525 LECTlONES
2067 5468 2149 5521 ET
2188 5470 2416 5525 NOTAE.

313 5628 425 5697 (57:)
450 5629 587 5682 lntcr
619 5628 860 5681 καλεῖται
879 5637 930 5684 et
953 5627 1152 5696 φαῦλον
1176 5629 1352 5683 insere
1375 5625 1530 5679 τοῦτο
1556 5640 1622 5681 ex
1650 5634 1809 5694 utroq

1912 5627 2027 5680 cod.
2064 5625 2266 5678 Possis.
