3864 6114
447 291 584 362 1615
1643 300 1700 358 S.
1745 298 1973 359 ISIDO]

2176 293 2505 358 LUSIOTIE
3565 297 3702 364 1616

443 409 682 471 nomino,
727 422 829 461 non
862 407 950 477 qui
987 417 1261 463 sectantur
1303 406 1542 464 Platonis
1579 406 1788 464 dicendi
1833 426 1969 480 genu

2173 408 2205 459 ιὶ
2237 408 2337 478 τὴν
2369 406 2690 461 Θουκυδίδου
2725 405 3046 478 σεμνότητα,
3067 406 3164 460 καὶ
3189 406 3291 475 τὴν
3311 405 3699 477 Δημοσθένους

443 498 689 563 sublime,
728 499 810 552 vel
845 498 1172 568 Thucydidas
1199 500 1539 568 gravitatem,
1575 500 1969 556 autDemosthc

2171 496 2382 565 ινότητα
2413 495 2734 565 ζηλοῦντας,
2766 497 2902 551 ἀλλὰ
2924 499 3049 561 τοὺς
3075 498 3234 566 λόγον
3267 497 3575 551 ἀποδοῦναι
3605 499 3697 551 δυ-

443 592 526 643 nis
549 585 1072 658 grandiloqucntiatn
1106 591 1404 656 imitantur,
1447 591 1539 645 sed
1572 591 1662 660 qui
1695 590 1762 645 de
1809 590 1969 644 divini

2171 588 2371 656 μένους
2401 588 2541 657 ὑπὲρ
2571 587 2678 641 τῶν
2711 587 2869 641 θείων
2894 588 3202 657 δογμάτων,
3233 588 3330 642 καὶ
3364 589 3442 658 μὴ
3473 589 3563 641 διὰ
3599 590 3697 660 τῆς

438 680 582 748 loqui
611 681 896 749 prmceptis
929 681 1160 750 possint,
1209 695 1384 749 neque
1426 681 1638 748 ignavia
1664 680 1878 750 prepria
1908 694 1964 734 su

2170 677 2312 739 τείας
2345 676 2619 747 ῥᾳθυμίας
2655 680 2787 748 σιγῇ
2835 678 2937 748 τὴν
2972 675 3148 749 ἧτταν
3192 679 3696 749 καταδεχομενους.

436 771 653 823 silentio
681 779 1024 839 superentur.
1066 770 1166 836 Qui
1194 772 1338 826 enim
1369 771 1614 835 audiunt,
1643 787 1750 826 non
1777 771 1959 826 dicent

2169 769 2310 838 ,γὰρ
2359 769 2674 835 ἀκούοντες,
2727 770 2791 823 ού
2847 772 2948 842 τὴν
2977 769 3076 824 τοῦ
3120 771 3379 838 λέγοντος
3409 771 3695 840 ἀπειρίαν,

433 859 783 928 imperitiam,
835 861 931 915 sed
987 861 1256 931 dogmatis
1308 873 1603 918 causentur
1657 862 1959 917 itnbeciltita

1941 878 2004 916 a-
2108 860 2244 913 ὰλλὰ
2267 859 2366 931 τὴν
2392 860 2489 913 τοῦ
2511 859 2780 930 δόγματος
2807 861 3096 917 αἰτιῶνται
3132 861 3467 933 σαθρότητα.

436 957 564 1006 tem.

856 1057 1172 1115 CDXCVIII.
1210 1087 1276 1098 -—
1302 1057 1572 1112 ALPHIO.

2633 1063 2808 1128 -l‘t,'l-l'.
2836 1091 2905 1100 -
2932 1059 3155 1130 ΛΛΦΙῼ.

670 1173 736 1227 1η
765 1189 851 1228 eos
876 1174 966 1241 qui
988 1173 1193 1241 publica
1223 1171 1471 1227 Eeclesite
1508 1173 1644 1226 bona
1681 1173 1735 1226 in
1775 1188 1869 1226 sua
1899 1183 2099 1228 vertunt
2132 1178 2424 1230 connuoda.
2461 1175 2752 1230 [inmutata
2784 1175 2945 1242 prisci
2975 1173 3222 1241 temporis
3251 1172 3440 1241 facies.

502 1282 634 1335 Cum
678 1296 834 1336 suum
870 1281 1100 1350 quisque
1129 1279 1472 1335 commodum
1509 1292 1573 1332 ac
1603 1278 1809 1333 lucrum
1853 1294 1998 1334 com-

2188 1283 2404 1353 Ἐπειδὴ
2439 1284 2655 1354 ἑκάστῳ
2685 1284 2747 1337 τὸ
2778 1284 2977 1336 οἰκεῖον
3023 1281 3214 1351 κέρδος
3248 1280 3348 1334 τοῦ
3374 1283 3534 1352 κοινῇ
3587 1299 3691 1335 κα-

441 1373 588 1427 tnttni
619 1381 912 1442 anteponat
940 1374 1100 1438 bono,
1127 1373 1326 1448 idcirco
1357 1386 1442 1426 res
1471 1371 1725 1426 Ecclesia:
1752 1385 1967 1440 pessum

2162 1374 2477 1443 ιστήσασθαί
2523 1392 2576 1427 τι
2623 1374 2860 1444 χρηστὸν
2914 1373 3332 1444 προτιμότερον,
3385 1371 3478 1425 διὰ
3529 1372 3688 1425 τοῦτο

434 1474 583 1519 cunt.
633 1465 833 1519 Contra
871 1479 997 1520 vero
1045 1465 1242 1520 accidit
1300 1465 1366 1519 iis
1415 1464 1504 1534 qui
1563 1463 1827 1531 majorum
1885 1471 1960 1518 [Ut'

2163 1477 2168 1510 :
2216 1458 2316 1528 τῆς
2366 1460 2693 1531 Ἐκκλησίας
2761 1461 3117 1530 προπέποται
3176 1462 3510 1530 πράγματα.
3577 1462 3689 1515 Καὶ

428 1554 622 1606 hantur
680 1554 858 1607 tidem.
921 1553 1076 1607 Tunc
1143 1555 1286 1608 enim
1341 1555 1549 1622 privata
1601 1552 1655 1606 in
1711 1565 1954 1606 oommun

2163 1550 2410 1605 ὐναντίον
2448 1551 2645 1622 συνέϐη
2699 1553 2812 1615 τοῖς
2861 1551 3253 1622 γεγενημένοις
3302 1551 3403 1604 ἐπὶ
3439 1551 3554 1604 τῶν
3585 1553 3684 1620 τῆς

424 1644 796 1700 conferebant.
878 1645 945 1698 At
1034 1645 1194 1700 hodie
1271 1644 1574 1700 communia
1665 1643 1950 1713 publicaqu

2155 1641 2334 1706 ἵστεως
2361 1643 2660 1712 προγόνων.
2691 1644 2822 1696 Τότε
2864 1644 2963 1714 μὲν
2994 1644 3102 1714 γὰρ
3128 1643 3198 1696 τὰ
3224 1642 3335 1697 ἴδια
3367 1645 3451 1707 είς
3483 1643 3546 1696 τὸ
3568 1659 3681 1696 κοι-

423 1735 641 1789 domum
715 1733 1052 1789 conferentes
1091 1775 1106 1799 ,
1186 1749 1251 1788 cx
1323 1733 1548 1788 aliorum
1623 1733 1949 1788 incommodi

2163 1750 2188 1785 ν
2213 1732 2598 1803 προύτίθεσαν,
2633 1733 2727 1787 νῦν
2750 1734 2806 1788 δὲ
2843 1735 2911 1787 τὰ
2938 1735 3095 1788 κοινὰ
3121 1727 3305 1788 οἴκαδέ
3335 1751 3488 1797 τινες
3519 1750 3689 1803 μετα-

422 1827 630 1882 lucrum
665 1829 954 1897 prmdando
987 1837 1267 1897 reportare
1297 1842 1402 1882 non
1434 1827 1783 1882 erubescunt.

2163 1825 2443 1893 ιμίζοντες,
2484 1827 2584 1879 οὐκ
2631 1827 2972 1895 αἰσχύνονται
3016 1825 3076 1891 ἐξ
3106 1825 3408 1897 ἀλλοτρίων
3460 1824 3689 1897 κερδαί-

2107 1928 2285 1976 νοντες
2325 1929 2388 1966 συ
2396 1913 2636 1984 μφορῶν.

834 2026 1111 2084 CDXCIX.
1140 2055 1210 2067 —
1248 2023 1424 2081 NILO.

2619 2021 2784 2089 mea
2814 2053 2885 2064 —
2911 2023 3142 2094 ΝΕΙΔῼ.

1147 2138 1224 2192 Ab
1254 2137 1370 2192 aliis
1396 2137 1611 2191 irrideri
1640 2137 1716 2191 vel
1748 2153 1780 2191 α
1806 2135 2070 2206 grauibus,
2101 2132 2178 2185 vel
2203 2147 2236 2183 a
2265 2132 2482 2199 perditis
2524 2133 2807 2188 discrimen
2836 2144 2934 2189 est.

490 2248 535 2303 A
559 2249 692 2304 viris
722 2247 972 2318 gravibus
997 2256 1156 2316 atque
1188 2245 1423 2301 cordatis
1453 2244 1666 2299 irrideri
1696 2243 1982 2299 molestum

2165 2234 2240 2288 Τὸ
2280 2235 2378 2305 μὲν
2421 2238 2574 2308 παρὰ
2625 2239 2736 2292 τῶν
2783 2239 3000 2309 σεμνῶν
3045 2240 3141 2293 καὶ
3175 2241 3474 2310 σωφρόνων
3519 2241 3687 2310 γελᾶ-

419 2341 774 2410 estquidem;
802 2349 856 2393 at
885 2354 1010 2392 vero
1038 2354 1067 2390 a
1103 2335 1402 2390 libidinosis
1421 2334 1742 2404 lascivisque
1769 2333 1945 2389 minim

2153 2334 2239 2392 ιαι,
2262 2327 2432 2380 δεινόν
2457 2342 2471 2356 ⁸
2503 2329 2571 2382 τὺ
2599 2329 2657 2382 δὲ
2683 2333 2836 2401 παρὰ
2861 2331 2970 2384 τῶν
3015 2330 3263 2397 ἀσελγῶν
3301 2333 3398 2384 καὶ
3435 2332 3679 2401 λάγνων,

421 2429 578 2482 hodie
613 2428 892 2481 molestum
919 2436 1024 2481 est.
1055 2425 1156 2490 Qui
1187 2423 1330 2478 enim
1363 2438 1394 2477 a
1440 2433 1588 2478 recto
1616 2439 1798 2478 rerum
1830 2424 1947 2478 abet

2215 2416 2407 2472 δεινόν.
2463 2417 2575 2488 Τῆς
2631 2419 2741 2490 γὰρ
2792 2421 2961 2491 ὀρθῆς
3006 2421 3116 2476 τῶν
3165 2423 3512 2492 πραγμάτων
3557 2427 3682 2479 δια.-

419 2527 541 2570 rant
568 2517 791 2586 judicio,
827 2517 1162 2571 subsanuant
1192 2529 1255 2570 ea
1277 2515 1440 2569 etiant
1470 2527 1590 2584 quae
1621 2513 1945 2568 admiration

2156 2510 2462 2580 ιρτάνοντες
2500 2511 2756 2582 κρίσεως,
2794 2514 2998 2582 γελῶσι
3043 2515 3112 2569 τὰ
3151 2513 3437 2584 θαύματος
3483 2517 3682 2588 κρείτ-

418 2610 526 2661 sint
549 2608 730 2677 digna.

716 2647 730 2663 ο
2092 2619 2240 2656 τονα.

985 2714 1044 2768 D.
1075 2743 1144 2752 —
1174 2713 1423 2770 PETRO.

2650 2713 2728 2768 ον.
2755 2744 2824 2754 -
2854 2715 3099 2785 narro.

1009 2827 1252 2883 Coalestia
1279 2829 1650 2883 meditantinm
1673 2825 1752 2880 vel
1777 2824 2047 2879 terrestria
2072 2825 2197 2893 quid
2219 2825 2447 2880 intersit.
2483 2826 2720 2898 (Confer.
2744 2828 2896 2897 epist.
2929 2829 3082 2900 485.)

490 2940 680 3010 lugens
703 2953 766 2994 ac
792 2939 1086 2994 vehemens
1117 2937 1429 3007 prudentia,
1459 2937 1528 2992 ab
1556 2935 1716 2991 exilia
1742 2935 1990 3003 malaque

2157 2930 2316 2998 Μέγα
2350 2932 2445 2984 καὶ
2480 2934 2732 2988 νεανικὸν
2752 2937 3013 3006 φρόνημα
3046 2935 3147 3006 οὐχ
3184 2931 3298 2991 οἶόν
3323 2953 3383 2990 τε
3411 2938 3675 3010 τεχθῆναι

419 3031 728 3101 gerentibus
761 3029 941 3099 parari
974 3029 1178 3097 nequit.
1225 3027 1596 3095 Cogitationes
1646 3027 1789 3080 enim
1824 3037 1945 3094 0pc:

2148 3020 2165 3072 'i
2201 3022 2374 3093 μικρὰ
2403 3023 2499 3077 καὶ
2521 3024 2702 3092 φαῦλα
2724 3025 3041 3096 πράττοντι.
3073 3027 3199 3089 Τοῖς
3231 3028 3342 3097 γὰρ
3363 3027 3555 3099 ἔργοις
3576 3031 3674 3083 καὶ

416 3122 763 3176 comitantur.
829 3119 930 3185 Qui
991 3119 1134 3172 enim
1189 3134 1308 3188 qua:
1351 3118 1418 3173 ad
1453 3133 1608 3172 usum
1652 3117 1775 3170 vitae
1817 3115 1942 3183 perti

2147 3116 2504 3185 ιφρονήματα
2544 3113 2769 3168 ἕπεσθαι
2808 3115 2972 3184 φιλεῖ.
3011 3117 3070 3169 Ὀ
3121 3117 3222 3186 μὲν
3276 3118 3389 3189 γάρ
3428 3120 3500 3172 τά
3543 3119 3673 3188 βιωο

431 3222 559 3265 nent
626 3219 854 3273 tractat,
915 3210 1073 3279 ⁷07
1145 3210 1276 3262 nihil
1347 3210 1586 3272 cmleste,
1639 3207 1771 3260 nihil
1821 3219 1955 3276 ange

2128 3203 2212 3256 ικὰ
2239 3204 2768 3275 μεταχειριζόμενος,
2797 3207 2951 3260 οὐδὲν
2977 3208 3251 3277 οὐράνιον,
3280 3209 3438 3262 οὐδὲν
3477 3211 3654 3279 ἀγγε-

419 3301 582 3355 licum
638 3299 915 3369 cogitabit.
1002 3301 1071 3352 At
1151 3301 1241 3368 qui
1330 3299 1470 3354 cmio
1550 3299 1764 3369 dignam
1841 3299 1940 3368 dcg

2149 3293 2244 3348 κδν
2290 3296 2764 3365 φαντασθήσεταιο
2801 3299 2832 3351 6
2865 3297 2920 3350 δὲ
2949 3300 3051 3369 τὴν
3096 3298 3312 3369 ούρανῷ
3347 3301 3670 3370 πρέπουσαν

428 3393 627 3455 vitam,
697 3404 866 3457 nugas
944 3391 1323 3459 ineptiasque,
1377 3389 1596 3444 umbras
1656 3403 1872 3458 quoque
1922 3404 1950 3441 a

2139 3389 2355 3442 ›λιτείαν
2378 3389 2812 3460 πολιτευόμενος,
2830 3391 3030 3463 λήρους
3051 3393 3146 3446 καὶ
3171 3393 3469 3464 φλυαρίας,
3501 3397 3665 3457 σκιάς

416 3482 624 3536 somnia
688 3480 836 3534 ducit
884 3493 1025 3534 esse
1094 3480 1282 3533 mundi
1347 3479 1462 3534 haec
1520 3479 1754 3547 negotia.
1807 3477 1942 3543 Quat

2135 3499 2140 3530 :
2189 3479 2285 3533 καὶ
2313 3479 2568 3550 ὀνείρατα
2591 3521 2606 3546 ,
2639 3480 2709 3533 τά
2745 3481 2978 3550 βιωτικὰ
3023 3483 3288 3552 ἡγήσεται
3327 3485 3661 3553 πράγματα.

417 3572 628 3639 angusti
695 3584 819 3624 csse
887 3569 1048 3623 animi
1120 3569 1314 3624 merito
1387 3571 1433 3625 is
1486 3579 1570 3625 est
1612 3569 1943 3638 appellandus

2139 3570 2186 3623 ιδ
2214 3571 2306 3624 καὶ
2330 3573 2358 3624 6
2388 3571 2508 3641 μὲν,
2544 3571 2881 3642 μικρόψυχος
2927 3573 3155 3636 εἰκότως
3190 3575 3256 3628 ἂν
3281 3575 3540 3646 κληθείη,
3575 3577 3665 3630 ἐπὶ

420 3664 511 3732 qui
572 3663 638 3717 de
688 3662 868 3730 parvis
928 3675 1047 3717 sese
1102 3661 1262 3716 rebus
1319 3663 1490 3728 jactat
1550 3660 1946 3729 :magnanimu

2143 3664 2307 3732 ικροῖς
2332 3663 2765 3732 ἐναϐρυνόμενος
2783 3679 2797 3694 ο
2827 3665 2857 3717 6
2885 3664 2941 3717 δὲ
2963 3665 3362 3737 μεγαλόψυχος,
3395 3667 3470 3720 τά
3495 3667 3669 3730 ὅντως

411 3756 621 3814 contra,
649 3749 741 3818 qui
776 3764 894 3814 quae
925 3763 1052 3802 vere
1086 3749 1299 3803 excelsa
1337 3758 1488 3814 sunt,
1523 3748 1590 3802 iis
1613 3763 1734 3818 quae
1771 3757 1937 3803 tantut

1613 3763 1734 3818 quae
1771 3757 1979 3803 tantum
2091 3751 2424 3819 μεγάλατῶν
2460 3752 2762 3806 δοκούντων
2791 3754 3127 3825 προκρίνων.

413 3843 538 3896 talia
567 3849 851 3911 apparent,
869 3839 1166 3908 anteponit.

765 3945 849 3999 Dl.
878 3974 946 3984 —
972 3941 1274 3998 EUTONIO
1307 3939 1622 3997 DIACONO.

2400 3953 2532 4022 φιν.
2563 3983 2632 3994 -
2667 3953 2965 4022 ΕΥΤΟΝΙῼ
2994 3955 3319 4026 ΔΙΑΚΟΝῼ.

1737 4053 1782 4104 Α
1809 4055 1976 4123 seipso
2002 4057 2169 4128 decipi
2188 4060 2362 4130 facile.

482 4168 596 4223 Etsi
631 4173 876 4235 prompta
921 4163 1083 4216 multa
1136 4169 1282 4223 sunt,
1321 4159 1570 4226 factuque
1610 4158 1811 4225 fat-ilia,
1842 4161 1977 4215 nihil

2156 4166 2321 4220 Οὐδὲν
2365 4168 2536 4234 οὕτως
2579 4171 2946 4229 εύκολὼτατόν
2997 4176 3169 4241 ἐστιν,
3227 4176 3400 4230 ὄντων
3451 4179 3665 4234 πολλῶν

413 4272 587 4313 tamen
607 4257 837 4319 facilius,
865 4253 1143 4320 magisque
1163 4249 1556 4317 obviuntquam
1580 4263 1609 4302 a
1635 4263 1693 4302 sc
1710 4263 1939 4318 quemqu

2136 4255 2342 4322 οκόλων,
2375 4258 2452 4321 ὡς
2474 4259 2536 4312 τὸ
2574 4260 2804 4316 ἕκαστον
2843 4266 3038 4318 ἑαυτὸν
3081 4266 3450 4336 ἐξαπατῆσαι.
3502 4271 3662 4338 Μέγα

409 4349 604 4416 deripi.
641 4346 888 4414 Magnum
937 4342 1084 4396 enint
1113 4340 1309 4409 cuique
1357 4354 1512 4392 suum
1551 4347 1773 4407 apparet
1798 4343 1935 4394 cons

2134 4346 2192 4415 izp
2237 4348 2452 4418 ἑκάστῳ
2498 4350 2558 4402 τὸ
2588 4351 2858 4422 βούλημα.
2918 4357 3136 4427 Ἐπειδὴ
3184 4357 3296 4426 γὰρ
3325 4360 3389 4411 ού
3417 4360 3488 4412 τὰ
3518 4361 3660 4431 πρά-

409 4441 559 4492 lium.
585 4437 719 4490 Cum
751 4433 894 4487 enim
947 4445 1033 4484 res
1065 4445 1168 4483 non
1201 4439 1257 4482 ut
1287 4429 1416 4492 sint,
1455 4428 1525 4481 ita
1559 4428 1630 4480 illi
1659 4443 1925 4497 apparean

2135 4452 2269 4490 ιατα
2295 4439 2443 4503 ὅπως
2467 4441 2679 4508 πέφυκε
2703 4447 2914 4509 σκοπεῖ,
2943 4446 3080 4500 ἀλλὰ
3095 4449 3194 4516 τὴν
3217 4448 3413 4501 ἑαυτοῦ
3435 4428 3661 4521 γνώέιην

419 4529 511 4581 scd
543 4525 864 4578 sententiam
898 4519 1043 4575 omni
1070 4534 1170 4586 ope
1198 4531 1353 4572 suam
1376 4519 1557 4572 studet
1585 4519 1813 4588 quisque
1864 4530 1945 4575 sta

2136 4530 2246 4582 ιντὶ
2276 4529 2448 4582 σθένει
2483 4531 2728 4600 κυρῶσαι
2760 4539 3118 4606 προαιρεῖται,
3145 4538 3174 4589 ὃ
3201 4537 3479 4607 βούλεται,
3506 4540 3662 4594 τοῦτο

412 4617 570 4671 bilirc
606 4640 646 4680 ,=-
670 4611 811 4682 quod
855 4611 966 4678 ipse
1015 4609 1162 4674 vult,
1212 4607 1350 4662 idem
1390 4617 1446 4662 et
1489 4609 1701 4678 probat,
1741 4609 1839 4664 etsi
1890 4624 1938 4664 re

2133 4619 2177 4670 si
2211 4619 2381 4673 οἴεται
2403 4639 2416 4652 ·
2453 4623 2630 4675 καίτοι
2689 4627 3031 4695 πραγμάτων
3071 4627 3340 4692 πολλάκις
3371 4630 3659 4700 ἀντιφθεγ-

406 4721 549 4777 εωνε
573 4704 729 4761 aliter
761 4716 880 4758 sese
916 4700 1130 4755 habeat.

825 4716 880 4757 se
916 4700 1130 4755 habent.
2083 4711 2351 4779 γομένων.

855 4811 958 4869 Dll.
981 4841 1051 4854 ——
1074 4806 1531 4866 URSENOPHIO.
1936 4819 1942 4829 '

1936 4819 1942 4829 ι
2491 4819 2613 4874 um.
2644 4851 2713 4861 —
2744 4823 3237 4896 ΟΥΡΣΕΝΟΥΦΙῼ.

1318 4919 1618 4976 Meliculosi
1647 4921 1855 4989 timore,
1884 4926 2047 4994 fortes
2083 4929 2388 4984 adulatione
2408 4942 2747 4998 superantur.

476 5039 670 5097 Fortes
701 5037 917 5108 quidem
954 5035 1101 5088 viros
1138 5031 1437 5086 assentatio
1474 5033 1680 5095 domat,
1731 5033 1974 5087 imbecil-

2154 5035 2292 5097 Τοὺς
2333 5035 2431 5104 μὲν
2476 5035 2760 5105 ἀνδρείους
2809 5040 3070 5094 κολακεία
3108 5042 3412 5113 χειροῦται,
3445 5047 3574 5110 τοὺς
3600 5047 3651 5099 δὲ

407 5131 487 5186 los
519 5140 705 5183 contra
739 5137 913 5182 metus
941 5123 1158 5193 frangit.
1205 5122 1315 5175 Illis
1346 5121 1562 5189 quidem
1614 5120 1831 5174 suadela
1865 5125 1933 5176 vit

2125 5124 2373 5192 νάνδρους
2391 5126 2577 5194 φόϐοςο
2598 5131 2712 5192 τοῖς
2732 5129 2829 5199 μὲν
2847 5131 2957 5201 γὰρ
2979 5133 3012 5200 ἡ
3035 5132 3380 5187 πειθὼ-δοκεῖ
3396 5136 3651 5198 ἀϐίαστος

406 5224 602 5276 afferre
638 5235 742 5273 non
771 5219 1002 5281 videtur,
1041 5215 1122 5268 his
1155 5227 1282 5266 νει-ο
1311 5222 1484 5265 metus
1511 5211 1835 5280 impotenter
1878 5215 1928 5265 in

2120 5212 2247 5281 Ῑναι,
2291 5218 2404 5279 τοῖς
2441 5218 2496 5270 δὲ
2525 5220 2553 5270 ὁ
2588 5219 2752 5288 φόϐος
2794 5223 3172 5293 ἀπαραίτητος
3211 5225 3509 5295 δεσπότης.
3545 5228 3646 5279 Καὶ

407 5323 582 5381 perat.
616 5310 681 5364 Et
709 5309 784 5362 illi
826 5321 1044 5361 causam
1080 5301 1410 5357 adversariis
1446 5302 1721 5370 prodendo
1753 5303 1926 5356 vincut

2114 5308 2124 5358 Ξ
2162 5307 2262 5375 μὲν
2300 5307 2378 5378 τῷ
2424 5307 2745 5376 καθυφεῖναι
2778 5312 2905 5374 τοὺς
2957 5315 3306 5379 ἀντιπάλους,
3345 5318 3640 5387 ἡττῶνται·

411 5416 516 5464 tur,
552 5404 603 5455 hi
639 5418 741 5453 non
777 5414 835 5452 se
868 5397 1043 5450 dando
1069 5395 1359 5448 deduntur.
1399 5392 1515 5446 Noli
1556 5393 1735 5461 itaque
1781 5403 1937 5461 putar

2114 5399 2125 5448 ί
2165 5397 2222 5450 δὲ
2255 5397 2331 5468 τῷ
2360 5399 2434 5468 μὴ
2466 5399 2722 5453 ἐνδιδόναι
2765 5402 3048 5459 ἐνδιδόασι.
3082 5406 3174 5473 Μὴ
3219 5407 3404 5460 τοίνυν
3443 5409 3640 5470 πάντας

412 5507 516 5546 una
570 5507 670 5559 ope
706 5498 966 5555 utrosque
995 5484 1278 5555 iuvandos,
1321 5497 1502 5537 verum
1547 5498 1644 5552 pro
1679 5483 1938 5539 affectioni

2112 5487 2156 5538 νὶ
2199 5485 2504 5556 βοηθήματι
2550 5487 2871 5556 θεραπεύειν
2913 5492 3061 5543 οἴου’
3093 5492 3227 5544 ἀλλά
3272 5495 3390 5556 τοῖς
3447 5496 3638 5550 πάθεσι

409 5581 634 5644 btts,rac
665 5580 921 5647 cujusque
953 5577 1228 5645 facultate,
1271 5573 1534 5631 medicina
1563 5575 1822 5644 adhibita,
1859 5591 1932 5631 γει

2115 5577 2170 5630 αὶ
2195 5580 2312 5640 ταῖς
2338 5578 2598 5648 δυνάμεσι
2638 5577 2745 5630 τῶν
2776 5580 3091 5647 πασχόντων
3122 5583 3440 5653 κατάλληλα
3474 5599 3636 5655 προσ-

407 5673 712 5742 cantem-am
744 5671 807 5725 πί
829 5670 1100 5724 εοιιίὶάὶιοο
2077 5668 2255 5734 φέρων
2287 5667 2353 5722 τά
2384 5667 2635 5733 παιώνια,
2665 5669 2845 5732 ἔλπιζε
2866 5670 3051 5725 ἀὐτῶν
3080 5674 3401 5742 κρατήσειν.
