3864 6114
314 300 451 368 1617

621 407 737 460 ora
767 435 833 445 -
859 404 1199 474 ΠΛΛΛΛΔΙῼ
1238 406 1555 478 summa.

1200 303 1730 366 EPISTOLARUM
1770 308 1913 366 LIB.
1956 309 2024 368 V.
2061 308 2383 380 ﬁEPIS'l‘.
2426 308 2579 367 DlX.

1901 430 1950 482 Α

3402 302 3535 368 1618

2285 412 2421 466 Dlll.
2451 442 2518 453 —
2542 412 2622 465 ΡΑ
2634 411 2880 466 LLADlO
2910 411 3225 468 DIACONO.

509 516 847 588 Perstriagit,
883 519 1021 585 quod
1046 518 1196 572 rebus
1226 517 1476 588 bonisque
1496 527 1739 584 terrenIs,
1777 522 2076 577 ambitionis
2109 535 2156 578 et
2193 524 2377 594 glorite
2408 539 2593 590 causa,
2623 524 2676 577 in
2707 526 2927 593 speciem
2957 541 3012 578 se
3039 527 3333 579 abdicaret.

378 627 441 679 El
469 627 567 694 μὲν
591 624 758 688 ὅντως
783 625 890 678 τῶν
914 623 1180 693 βιωτικῶν
1208 624 1484 692 κατέγνως
1506 627 1867 696 πραγμάτων,

310 716 478 786 μηδέν
507 731 590 768 σοι
614 714 791 768 κοινὸν
822 713 959 784 πρὸς
986 713 1144 767 αὐτά.
1169 714 1233 766 El
1259 714 1317 766 δὲ
1345 714 1502 780 δόξαν
1530 716 1866 787 θηρώμενος,

305 805 610 866 διαϐάλλεις
659 805 757 875 μὲν
810 804 970 868 αὐτὰ,
1047 803 1276 874 περιέχῃ
1322 805 1380 858 δὲ
1421 807 1497 870 ὡς
1534 807 1740 872 ἀϊδίων,
1793 809 1868 880 μὴ

307 897 493 961 ἔλπιζε
527 897 745 966 άπατᾷν
794 897 919 958 τοὺς
954 893 1044 948 διὰ
1064 894 1172 950 τῶν
1223 897 1562 967 πραγμάτων
1611 899 1870 954 τάναντία

307 987 457 1058 παρὰ
491 985 584 1040 σοῦ
610 986 1050 1056 παιδευομένους.

655 1096 772 1151 φιν.
801 1123 870 1137 -
898 1095 1171 1166 sarum;
1193 1095 1516 1168 ΔΙΑΚΟΝῼ.

2045 630 2102 686 Si
2147 632 2360 700 quidem
2400 632 2523 686 vita:
2575 631 2734 700 hujus
2787 632 3000 700 negotia
3069 646 3256 685 revera
3317 633 3534 702 cognita

1975 721 2196 788 habeas,
2241 721 2373 777 nihil
2409 723 2500 776 tibi
2550 736 2672 776 cum
2719 722 2833 776 illis
2875 736 3157 776 commune
3184 722 3273 776 sit.
3305 723 3362 777 Si
3403 736 3531 777 vero

1974 811 2196 882 gloriam
2235 812 2478 866 venando
2514 811 2602 866 illa
2639 811 2963 875 crimineris,
3002 811 3378 880 complectaris
3407 826 3534 866 vero

1977 912 2034 956 ut
2073 902 2346 963 diuturna,
2395 916 2527 956 cave
2581 913 2736 970 putes
2777 917 2870 956 eos
2928 903 3020 970 qui
3069 901 3136 956 de
3181 902 3342 957 rebus
3374 901 3527 971 ipsis,

1973 1000 2162 1048 contra
2196 1001 2359 1061 atque
2390 1002 2446 1046 tu
2487 993 2741 1054 sentiant,
2779 994 3058 1046 aberrare.

2281 1099 2418 1154 DIV.
2456 1128 2527 1139 --
2569 1097 2839 1153 SERENO
2871 1094 3188 1153 DlACONO.

1177 1187 1447 1270 Honorari
1478 1190 1595 1245 vis?
1629 1191 1876 1246 honorem
1909 1191 2095 1261 fugito.
2125 1189 2302 1260 (Conf.
2334 1193 2482 1261 epist.
2510 1189 2662 1258 522.)

377 1297 442 1352 El
472 1295 632 1366 δόξης
657 1296 808 1367 ἐρᾷς,
843 1296 1173 1365 καταφρόνει
1217 1297 1396 1367 δόξης,
1427 1299 1524 1352 καὶ
1549 1300 1670 1354 τότε
1700 1300 1870 1370 αὐτῆς

303 1386 691 1449 ἀπολαύσειας.
721 1385 1026 1440 Φιλόνεικον
1067 1388 1176 1456 γάρ
1205 1403 1320 1450 πως
1342 1389 1404 1440 τὸ
1433 1388 1541 1442 τῶν
1569 1389 1870 1460 ἀνθρώπων

305 1479 462 1546 γένος
495 1477 632 1542 ἐστὶ,
670 1476 766 1528 καὶ
799 1477 935 1546 πρὸς
991 1476 1090 1544 μὲν
1129 1478 1190 1530 τὸ
1219 1477 1561 1547 ὑπεραυχοΰν
1606 1479 1869 1532 διακινδυ-

307 1566 484 1620 νεύειν
520 1564 692 1633 φιλεῖ·
725 1565 862 1636 πρὸς
889 1565 946 1618 δὲ
969 1566 1030 1618 τὸ
1055 1567 1309 1630 ταπεινὸν
1341 1567 1457 1637 μεθ’
1486 1569 1675 1638 ἠδονῆς
1713 1569 1872 1622 σπέν-

307 1655 493 1710 δεσθαι
522 1654 753 1723 πέφυκε.
785 1655 960 1724 Νικᾷν
998 1656 1098 1725 μὲν
1125 1656 1234 1726 γὰρ
1268 1657 1558 1721 σπουδάζει
1586 1659 1678 1710 τὸν
1714 1658 1868 1727 νίκης

2040 1304 2096 1358 Si
2155 1304 2377 1374 gloriam
2427 1306 2674 1369 sectaris,
2725 1315 2845 1358 eam
2908 1303 2993 1357 iac
3049 1313 3404 1362 contemnas:
3457 1307 3535 1360 sic

1975 1395 2064 1451 lict
2089 1406 2147 1450 ut
2167 1397 2256 1450 illa
2278 1396 2517 1465 potiaris.
2541 1395 2946 1449 Contentiosum
2975 1403 3058 1449 est
3082 1396 3223 1449 enim
3251 1396 3530 1450 hominum

1975 1500 2161 1552 genus,
2189 1495 2244 1540 et
2290 1488 2355 1541 de
2410 1486 2719 1555 prmstantia
2768 1485 2993 1538 libenter
3027 1486 3263 1538 dimicat.
3294 1485 3526 1540 Vincere

1974 1557 2117 1628 enim
2147 1575 2325 1629 studet
2355 1589 2499 1636 eum,
2543 1574 2632 1641 qui
2675 1574 2911 1628 victoriae
2955 1573 3143 1628 inhiat.
3180 1575 3530 1644 Cumjucuu-

1974 1662 2141 1716 (litate
2185 1671 2361 1716 autem
2415 1661 2727 1716 submittere
2771 1675 2828 1716 se
2879 1661 2976 1728 illi,
3028 1663 3118 1732 qui
3152 1663 3368 1720 vincere
3417 1649 3526 1719 non

309 1745 614 1814 ἐφιέμενον,
649 1742 912 1813 ἡττᾶσθαι
947 1744 1005 1797 δὲ
1052 1746 1196 1813 φιλεῖ
1226 1747 1343 1816 μεθ’
1374 1748 1565 1819 ἡδονῆς
1607 1748 1684 1819 τῷ
1717 1749 1871 1819 νίκης
1905 1736 1921 1790 1

1989 1752 2266 1816 lesiderat,
2301 1749 2599 1807 consuevit.

313 1837 389 1907 μὴ
422 1838 540 1903 ὲιριε
548 1834 713 1904 μένῳ.

375 1941 497 1998 tltE'.
524 1969 594 1982 ——
619 1941 773 1995 ΤΟΙΣ
811 1941 1193 1997 ΚΛΗΡΙΚΟΙΣ
1224 1943 1360 1998 ΤΟΥ
1388 1944 1804 2000 ΠΗΛΟΥΣΙΟΥ.

2280 1947 2390 2002 DV.
2440 1977 2506 1990 —
2551 1946 2933 2004 PELUSIANO
3007 1948 3255 2006 CLERO.

1492 2039 1740 2109 Βοήθεια,
1779 2043 1915 2096 unde
1944 2025 2142 2097 (fra’cis
2190 2044 2351 2097 dicta.

395 2144 637 2200 Ἐοίκατε
671 2148 888 2217 ἀγνοεῖν
933 2147 994 2201 τὸ
1023 2147 1122 2217 τῆς
1149 2146 1399 2218 βοηθείας
1430 2147 1620 2218 ὄνομα,
1643 2147 1776 2218 ὅπερ
1801 2148 1876 2200 εί-

2043 2149 2308 2203 ‘ﬁdemini
2346 2150 2595 2217 ignorare
2624 2151 2874 2221 βοήθειας
2900 2160 3116 2222 etymon
3159 2153 3298 2222 quod
3330 2151 3533 2209 Graecis

316 2251 474 2306 ρηται
519 2237 670 2308 παρὰ
719 2239 778 2291 τὸ
819 2237 970 2308 μετὰ
1016 2237 1173 2306 ,βοῆς
1231 2238 1415 2292 θέειν-ο
1459 2238 1555 2291 καὶ
1597 2239 1685 2292 διά
1721 2239 1878 2293 τοῦτο

1989 2240 2170 2294 lictIIIII
2189 2239 2340 2310 παρὰ
2358 2240 2418 2292 τὺ
2445 2241 2582 2309 μετὰ
2598 2241 2722 2310 βοῆς
2753 2242 2913 2305 θέειν,
2945 2241 3013 2295 ad
3037 2259 3208 2296 vocem
3236 2259 3529 2298 accurrere.

314 2326 642 2399 βραδύτερον
665 2328 1007 2399 ἀφικόμενοι,
1037 2329 1129 2382 καὶ
1164 2329 1536 2398 σχολαιότερον
1575 2328 1879 2396 βαδίζοντες

1989 2329 2311 2399 Quapropter
2344 2332 2550 2386 tardius
2603 2347 2696 2384 vos
2730 2335 3042 2388 accedentes
3081 2344 3248 2401 atque
3291 2335 3534 2400 ignavius

311 2417 756 2488 ἀποτετυχήκατε
803 2419 902 2490 τῆς
932 2419 1121 2488 θήρας.
1163 2419 1224 2470 Ὃ
1253 2419 1358 2487 γὰρ
1393 2419 1601 2488 δεηθεὶς
1632 2418 1730 2486 τῆς
1756 2420 1876 2470 ἐπι-

315 2507 562 2577 κουρίας,
603 2508 827 2579 θήραμα
873 2509 966 2562 καὶ
995 2508 1152 2577 ἔργον
1195 2510 1292 2578 τῆς
1325 2507 1433 2559 τῶν
1462 2507 1879 2561 ἐπιϐουλευσάν-

311 2615 420 2654 των
449 2598 730 2671 ὠμότητος
756 2600 998 2669 γέγονεν.

809 2707 946 2772 οφ.
983 2733 1052 2745 -
1084 2702 1362 2773 ΑΛΥΠῘῼ.

1972 2428 2277 2482 currentes,
2331 2419 2498 2472 feram
2536 2436 2638 2474 non
2697 2422 2937 2488 cepistis.
2991 2421 3090 2486 Qui
3146 2423 3287 2476 enim
3335 2423 3535 2480 auxilio

1977 2511 2270 2578 indigebat,
2295 2520 2514 2579 captura
2546 2522 2601 2565 et
2632 2527 2766 2581 opus
2799 2512 3168 2568 insidiantium
3197 2514 3536 2570 crudelitatis

1977 2602 2171 2656 evasit.

2361 2707 2524 2778 703
2547 2707 2681 2763 tm.
2711 2738 2780 2749 -
2812 2709 3091 2766 ALYPIO.

945 2796 986 2848 A
1020 2797 1209 2850 teneris
1236 2810 1531 2848 assuescere
1559 2794 1780 2847 multant
1809 2804 1883 2848 est
1914 2796 1970 2849 in
2013 2798 2223 2864 piezatis
2247 2801 2442 2854 studio.
2477 2798 2637 2870 (Vide
2658 2801 2809 2866 epist.
2840 2800 2920 2871 9.)

378 2910 505 2972 Τοῖς
554 2910 738 2964 παισὶν
776 2909 856 2963 ἔτι
886 2909 1100 2980 νηπίοις
1119 2907 1494 2978 τυγχάνουσιν,
1525 2906 1740 2977 πρῶτον
1767 2906 1875 2976 ,μὲν

308 3000 400 3053 τὸν
446 2999 573 3068 περὶ
614 3000 712 3069 τῆς
756 2999 1027 3070 ὑπεροχῆς
1064 3016 1124 3051 τε
1165 2996 1259 3051 τοῦ
1299 2997 1432 3049 Θεοῦ
1472 2997 1566 3049 καὶ
1594 2997 1869 3066 προνοίας,

2049 2907 2239 2962 Pueris
2284 2910 2574 2964 etiamnum
2621 2911 2822 2966 teneris
2848 2911 2916 2966 de
2968 2910 3068 2965 Dei-
3115 2911 3426 2967 excellentia
3469 2928 3534 2968 ac

1977 2999 2334 3068 providentia,
2357 3011 2538 3069 postea
2593 3002 2658 3056 de
2687 3003 2888 3058 virtute
2942 3015 3207 3073 przeeepta
3236 3014 3362 3057 sunt
3393 3004 3533 3059 insc-

308 3089 501 3143 ἔπειτα
548 3089 604 3142 δὲ
637 3091 731 3142 καὶ
767 3088 859 3141 τὸν
889 3088 1015 3158 περὶ
1040 3087 1243 3158 ἀρετῆς
1280 3085 1384 3156 χρὴ
1411 3087 1875 3156 κατασπείρεσθαι
1903 3085 1921 3105 “

1989 3090 2165 3153 renda,
2208 3099 2266 3144 ut
2313 3092 2629 3159 grandiores
2673 3093 2787 3160 jam
2832 3094 2960 3148 facti
3023 3094 3076 3148 in
3121 3095 3379 3161 virosque
3423 3095 3536 3161 janI

308 3181 469 3248 λόγον
490 3194 504 3208 ⁶
537 3180 624 3232 ἵνα
659 3178 1119 3247 συναυξανόμενος
1148 3177 1240 3230 καὶ
1267 3174 1727 3246 συνανδρούμενος
1752 3176 1870 3230 θεο-

307 3272 484 3341 φιλεῖς
505 3271 597 3326 καὶ
621 3270 904 3340 ἐναρέτους
931 3268 1127 3337 ἄνδρας
1157 3267 1552 3321 άποτελέσειεν.

585 3379 704 3430 ΦΖ’.
741 3403 813 3415 -—
841 3375 1090 3445 ΖΩΣΙΜῼ
1122 3375 1590 3444 ΠΡΕΣΒΥΤΕΡῼ.

1978 3178 2216 3246 formati,
2253 3194 2376 3234 cum
2427 3180 2520 3234 Dei
2577 3178 2778 3249 Optimi
2830 3182 3051 3237 Maximi
3110 3191 3374 3248 amantes,
3423 3189 3533 3236 tum

1976 3269 2184 3337 praediti
2220 3269 2447 3325 evadant
2475 3271 2690 3325 virtute.

2200 3375 2361 3435 DVll.
2392 3408 2460 3420 —-
2509 3377 2761 3434 ZOSIMO
2821 3378 3295 3436 PRESBYTEBO.

1181 3463 1320 3518 Vitia
1352 3465 1635 3519 verecunde
1659 3465 2076 3536 perstringenda.
2105 3466 2292 3538 (Supr.
2321 3471 2473 3536 epist.
2503 3470 2652 3540 455.)

389 3578 588 3649 Ἐχρῆν
649 3577 750 3648 μὲν
794 3575 1184 3646 νεανικώτερον
1228 3576 1712 3648 ὲκτραγῳδηθῆναι
1763 3576 1861 3639 τὰς

307 3669 410 3732 σὰς
454 3669 704 3738 πράξεις,
748 3669 888 3738 τάχα
935 3668 1039 3722 κᾶν
1087 3667 1261 3731 οὓτως
1308 3667 1699 3737 ὲρυθριάσαιςο
1751 3666 1868 3720 ἀλλ’

305 3759 495 3829 ἐπειδὴ
516 3759 576 3812 οὐ
600 3759 705 3830 χρὴ
734 3759 860 3822 τοὺς
911 3757 1235 3828 σεμνότητος
1264 3748 1740 3825 ἀντιποιουμένους
1775 3773 1869 3825 μο-

306 3850 486 3902 λύνειν
529 3849 738 3904 ἑαυτῶν
781 3849 879 3914 τὰς
921 3849 1196 3917 γλώττας,
1236 3847 1467 3917 τάχιστα
1525 3847 1619 3900 καὶ
1668 3847 1871 3916 εὐπρε-

303 3941 546 3994 πέστατα
565 3941 856 4010 λελέξεται,
889 3943 970 3995 ὃτι
1018 3941 1268 4011 μεγάλων
1296 3938 1483 3994 κακῶν
1521 3937 1693 3992 αἴτιαί
1730 3938 1869 3992 εἰσιν

304 4031 362 4083 al
396 4029 532 4097 μετὰ
560 4032 801 4101 γαστέρα
826 4029 1026 4100 ἡδοναί.

488 4137 615 4192 ΦΗ⁹.
654 4169 723 4181 --
751 4138 1174 4208 ΘΕΟΠΕΜΠΤῼ
1207 4135 1676 4203 ΠΡΕΣΒΥΤΕΡῼ.

2043 3577 2340 3645 Oportebat
2365 3578 2659 3647 juvenilius
2691 3595 2757 3635 ac
2792 3581 3166 3637 vehementius
3219 3591 3337 3636 tuas
3367 3584 3538 3638 actio-

1973 3680 2068 3719 nes
2095 3667 2295 3734 tragice
2309 3667 2643 3735 exsggerari,
2665 3669 2820 3722 utsic
2842 3669 2978 3723 forte
3000 3670 3288 3724 erubescas
3311 3693 3321 3725 :
3349 3685 3536 3724 verum

1975 3757 2187 3824 quando
2208 3773 2311 3810 non
2336 3759 2488 3812 decet
2514 3759 2834 3828 gravitatem
2885 3760 3231 3827 praeferentes
3284 3777 3412 3816 suas
3453 3765 3536 3815 iu-

1973 3846 2202 3914 quinare
2248 3847 2480 3915 linguas,
2525 3848 2901 3902 decentissima
2947 3851 3123 3917 potius
3169 3852 3531 3919 proferentur.

1973 3936 2104 4001 Quae
2118 3935 2256 3988 enim
2285 3935 2432 4004 juxta
2457 3944 2698 3990 ventrem
2725 3935 2971 3997 libidines
3003 3947 3146 4004 sunt,
3173 3942 3528 3996 maximorum

1971 4025 2235 4078 exsistunt
2267 4041 2443 4081 causae
2475 4027 2762 4082 malorum.

2110 4131 2300 4190 DVIlI.
2330 4161 2394 4173 -—~
2421 4133 2885 4204 THEOPEMPTO,
2911 4135 3391 4209 PRESBYTERO.

302 4252 371 4308 In
393 4256 780 4309 concionatores
816 4272 1034 4324 quorum
1065 4256 1170 4309 vita
1197 4255 1450 4324 doctrinae
1471 4268 1573 4306 non
1603 4249 1894 4324 respondet.
1923 4247 2002 4324 At!
2029 4246 2160 4324 illud
2189 4260 2208 4298 :
2240 4263 2259 4299 I
2297 4247 2561 4324 Dicunt}!
2591 4265 2710 4324 n_o_n_
2726 4250 2979 4324 [acinum
3014 4249 3228 4321 (Matth.
3263 4266 3420 4314 XXIII,
3453 4251 3531 4319 5.)

947 4322 1144 4378 Facere
1175 4340 1330 4392 quam
1361 4323 1530 4374 dicere
1559 4315 1723 4389 magis
1747 4319 2040 4387 persuadet.
2074 4315 2229 4384 (Sup.
2263 4318 2413 4385 epist.
2448 4318 2574 4382 215,
2607 4315 2733 4383 255,
2758 4319 2906 4386 265.)

374 4429 512 4483 Οὔτε
544 4431 733 4497 λόγος,
787 4430 910 4485 οὔτε
940 4431 1134 4500 σκῆψις
1183 4429 1532 4484 ὑπολείπεται
1581 4428 1691 4490 τοῖς
1719 4425 1864 4478 διδά-
1899 4414 1921 4467 Ῑ

2037 4424 2221 4494 Neque
2281 4426 2479 4488 oratio,
2543 4442 2606 4480 ac
2640 4442 2707 4481 ne
2777 4429 3055 4486 excusatio
3090 4429 3305 4497 quidem
3339 4428 3535 4482 docere

303 4537 458 4572 σκειν
506 4519 608 4589 μὲν
654 4520 913 4591 τολμῶσι,
954 4521 1212 4574 τάναντία
1247 4521 1302 4573 δὲ
1334 4512 1408 4573 ὧν
1451 4519 1666 4584 λέγουσι
1699 4516 1868 4586 πράτ-

301 4626 478 4661 τουσι.
537 4609 675 4672 Τοὺς
733 4611 831 4680 μὲν
881 4610 988 4679 γὰρ
1026 4612 1162 4680 μήτε
1212 4609 1567 4679 πράττοντας,
1611 4606 1748 4675 μήτε
1792 4606 1869 4656 δι-

301 4698 523 4752 δάσκειν
569 4698 997 4769 ἐπιχειροῦντας,
1034 4699 1182 4759 εἰκὸς
1213 4697 1581 4767 μετριωτέραν
1628 4695 1866 4762 ἀπαιτη-

304 4788 463 4856 θῆναι
511 4789 802 4858 τιμωρίαν.
851 4790 988 4852 Τοὺς
1037 4789 1093 4840 δὲ
1139 4786 1598 4856 ὲναϐρυνομένους
1645 4783 1742 4854 μὲν
1777 4783 1869 4836 ἐπὶ

245 4860 259 4871 ’
302 4876 384 4950 τῷ
436 4877 799 4946 διδασκαλικῷ
838 4877 1004 4946 λόγῳ,
1058 4876 1132 4946 μὴ
1180 4875 1466 4938 ποιοῦντας
1495 4875 1552 4926 δὲ
1598 4873 1634 4927 ὅ.
1684 4890 1866 4941 φασιν,

303 4967 678 5038 ἀπαραίτητον
713 4967 808 5020 καὶ
833 4965 1238 5033 ἁσύγγνωστον.

814 5073 933 5126 «rex
964 5103 1033 5114 —
1058 5073 1146 5141 Te
1183 5072 1385 5140 ΑΥΤῼ.

1974 4515 2109 4570 alios
2155 4517 2300 4569 ausis
2363 4516 2546 4570 relicta
2589 4528 2690 4581 est,
2752 4518 2796 4571 si
2864 4528 3053 4572 contra
3128 4527 3290 4586 atque
3339 4518 3536 4571 docent

1973 4607 2192 4661 faciant.
2226 4607 2326 4671 Qui
2352 4621 2478 4662 vero
2510 4622 2684 4677 neque
2713 4617 2898 4677 agunt,
2935 4624 3106 4675 neque
3123 4609 3316 4662 doccrc
3346 4621 3534 4675 aggre-

1973 4698 2212 4764 diuntur,
2244 4712 2456 4766 pinnam
2499 4700 2722 4752 daturos
2774 4699 3190 4753 tolerabiliorem
3245 4695 3533 4750 verisimile

1974 4801 2077 4846 cst.
2122 4793 2190 4844 At
2240 4793 2330 4860 qui
2381 4793 2622 4846 docendo
2684 4809 2741 4846 se
2781 4791 2989 4860 jnctant
3037 4799 3198 4858 atque
3235 4796 3532 4851 ostentant,

1974 4895 2093 4948 qua:
2122 4895 2249 4934 vero
2301 4881 2512 4943 decem,
2567 4897 2668 4933 non
2718 4889 2899 4948 agunt,
2933 4877 3531 4933 inexorabilcmvcnia-

1975 4983 2079 5038 que
2117 4979 2393 5025 carentem
2417 4983 2631 5037 ptenam
2664 4970 2832 5022 luent.

2491 5072 2627 5128 DIX.
2671 5101 2741 5111 —-
2773 5070 2997 5128 EIDEM.

302 5184 511 5241 Bellum
533 5184 767 5254 spiritale
791 5184 1035 5239 alacriter
1055 5183 1263 5253 aggredi
1286 5183 1448 5247 decet,
1485 5184 1658 5236 divino
1686 5183 1873 5262 fretum
1905 5182 2125 5262 auailio.
2165 5181 2340 5248 Neque
2388 5183 2521 5235 enim
2554 5197 2616 5235 ex
2656 5182 2922 5246 copiarum
2961 5181 3295 5236 multitudine
3333 5198 3537 5250 semper

1807 5264 2041 5305 υιειοηα.

374 5363 438 5416 El
467 5362 559 5416 καὶ
583 5361 844 5431 περὶ’τῶν
871 5361 1193 5431 σωματικῶν
1224 5359 1498 5428 πολέμων,
1529 5359 1588 5410 οὐ
1619 5361 1722 5428 χρὴ
1742 5361 1863 5421 τοὺς

305 5452 476 5524 μείζω
519 5452 744 5522 δύναμιν
790 5451 1032 5521 ἔχοντας,
1065 5453 1140 5514 ὡς
1171 5451 1409 5519 φανερᾶς
1448 5449 1609 5519 οὔσης
1645 5451 1742 5517 τῆς
1788 5451 1866 5501 νί-

301 5559 427 5611 κης,
463 5541 922 5594 διαϐεϐαιοῦσθαιο
957 5542 1126 5593 πολλὰ
1159 5543 1264 5610 γὰρ
1301 5541 1576 5612 παράδοξα
1612 5543 1869 5606 πολλάκις

303 5631 548 5699 ἐγένετο·
607 5630 695 5683 καὶ
732 5631 789 5683 τὸ
825 5632 921 5700 μὲν
952 5626 1091 5698 εἶξαν
1128 5631 1284 5695 εὐθὺς
1325 5632 1659 5698 ἁνέλπιδτον,
1712 5633 1785 5702 τῷ
1817 5635 1869 5688 δὲ

2045 5363 2110 5414 Et
2148 5360 2192 5414 si
2234 5360 2366 5413 bello
2393 5359 2656 5426 corporali
2700 5374 2794 5412 eos
2837 5359 3154 5426 quiviribus
3217 5360 3523 5428 superiores

1974 5459 2118 5514 suut,
2151 5451 2301 5518 quasi
2347 5452 2417 5502 sit
2441 5458 2584 5503 certe
2609 5449 2935 5511 vicloria,sc
2958 5449 3164 5516 jactare
3206 5464 3310 5502 non
3355 5453 3531 5503 decet.

1976 5542 2236 5594 Accidunt
2270 5541 2410 5593 enim
2441 5540 2524 5593 hic
2557 5541 2718 5593 multa
2766 5555 3131 5607 saepenumero
3180 5541 3450 5609 inopinata
3481 5549 3536 5594 et

1980 5632 2248 5701 insperata
2289 5651 2296 5684 :
2352 5632 2642 5700 etquidem
2682 5633 2864 5686 statim
2906 5631 3179 5697 recedere,
3225 5646 3316 5700 spe
3365 5639 3531 5685 caret.
