3864 6114
354 224 481 290 1621

1230 233 1764 300 EPISTOLARUM
1803 243 1948 303 LIB.
1988 245 2055 306 V.
2096 269 2166 281 —
2201 243 2437 303 EPIST.
2478 243 2686 303 DXIX.

3457 237 3590 301 1Γὲἷῖ

348 343 548 413 ὁρμαῖς
590 344 988 414 χρησαμένους.
1037 347 1101 399 Εἰ
1151 347 1208 400 δὲ
1267 350 1420 402 ταῦθ’
1465 351 1637 415 οὕτως
1670 353 1800 423 ἔχει,
1856 358 1905 408 οἱ

2021 357 2077 410 ad
2110 357 2361 412 virtutem
2392 357 2592 425 impetu
2623 365 2865 410 utantur.
2909 356 3037 422 Qua:
3069 371 3190 408 eum
3223 354 3295 406 ita
3333 355 3460 416 sint,
3495 367 3583 424 qui

353 430 491 496 μετὰ
533 431 692 499 νόμον
737 435 829 485 καὶ
868 435 1025 504 χάριν
1071 436 1377 501 πταίοντες,
1421 441 1514 492 καὶ
1565 441 1698 513 μηδὲ
1744 443 1911 514 αὐτὴν

349 519 562 572 ὁδεῦσαι
610 520 883 585 ἐθέλοντες
927 525 1063 589 ὁδὸν,
1093 525 1280 598 ῶσπερ
1315 530 1361 581 οἱ
1402 530 1619 583 παλαιοὶ⁵
1650 530 1907 598 ῶδευσαν,

349 606 494 670 τίνος
523 608 740 678 τύχοιεν
773 611 926 665 ἐλέου
949 630 962 677 ;

798 811 942 865 eiE'.
990 844 1058 853 —
1091 816 1454 887 ΑΝΛΤΟΛΙῼ.

2017 455 2137 515 post
2179 447 2346 517 legem
2389 450 2727 519 gratiamque
2767 459 3014 515 peccant,
3049 462 3111 502 ac
3147 461 3213 500 ne
3240 445 3340 500 vim
3371 447 3588 515 quidem

2017 537 2084 589 ab
2105 537 2212 591 illis
2237 539 2520 602 ordinatae,
2547 555 2707 608 quam
2731 537 2964 604 majores
2987 537 3156 592 nostri
3191 537 3417 608 ingressi
3445 545 3589 599 sunt,

2015 627 2200 682 volunt
2247 629 2523 695 insistere,
2554 645 2784 698 quanam
2830 630 2884 683 hi
2923 629 3068 699 digni
3101 627 3478 684 misericordia
3506 627 3591 680 vi-

2019 719 2288 773 deantur?

2477 829 2638 884 DXV.
2676 859 2747 869 —
2778 827 3137 884 ANATOLIO.

1487 905 1716 962 Vitanda
1748 911 2097 980 improborum
2120 918 2446 972 commercia.

415 1003 549 1057 Λίαν
600 1006 663 1059 σέ
715 1025 859 1073 τινες
892 1012 1194 1076 αἰτιῶνται,
1235 1015 1316 1068 ὅτι
1353 1015 1447 1078 οὓς
1491 1018 1590 1085 μὲν
1635 1019 1741 1071 οὐδ’
1778 1022 1907 1090 ὁρᾷν

349 1093 524 1164 θέμις,
583 1097 790 1162 τούτοις
842 1101 916 1162 ὡς
961 1103 1154 1172 ἥδιστα
1213 1105 1412 1168 λαλεῖς.
1467 1101 1561 1170 Οἷς
1613 1108 1669 1161 δὲ
1726 1111 1905 1165 λαλεῖν

346 1183 638 1253 αἴσχιστον,
662 1189 880 1254 τούτους
906 1194 1153 1264 συνήθεις
1198 1198 1511 1266 πεποίησαι.
1545 1199 1652 1262 Οὓς
1681 1200 1736 1252 δὲ
1769 1220 1910 1272 παρ-

2083 1029 2355 1084 Accusant
2388 1039 2436 1084 te
2458 1031 2704 1099 quidam,
2748 1030 2890 1099 quod
2931 1042 3069 1098 quos
3099 1042 3165 1082 ne
3194 1027 3437 1096 aspicere
3469 1027 3588 1097 qui-

2015 1119 2132 1172 dem
2165 1120 2237 1174 sit
2269 1120 2368 1184 fas,
2401 1136 2520 1175 cum
2555 1122 2619 1176 iis
2643 1135 2805 1188 quam
2831 1118 3206 1173 lubentissime
3237 1119 3586 1186 colloquaris.

2015 1209 2146 1262 Cum
2172 1213 2365 1280 quibus
2391 1227 2516 1266 vero
2539 1212 2772 1280 colloqui
2803 1211 3172 1280 turpissimum
3202 1211 3292 1277 sit,
3319 1210 3402 1264 his
3430 1209 3586 1262 fami-

345 1274 502 1336 όντας
542 1281 706 1349 τιμᾷν
762 1283 989 1352 ἀτιμίας
1048 1285 1216 1350 ἄξιον,
1277 1288 1498 1350 τούτους
1537 1291 1632 1342 καὶ
1680 1291 1916 1354 ἀπόντας

2021 1300 2220 1356 Iiariler
2253 1303 2440 1356 utaris.
2477 1304 2622 1368 Quos
2653 1318 2776 1356 vero
2807 1311 3105 1371 praesentes
3131 1303 3401 1356 honorare
3429 1308 3586 1369 turpe

345 1367 584 1466 ἀγαπᾷς.
629 1371 691 1421 Ei
739 1373 918 1426 τοίνυν
966 1375 1325 1446 ἀληθεύουσι,
1359 1381 1730 1451 γνωσιμάχει·
1769 1385 1814 1435 εί
1859 1383 1914 1436 δὲ

2021 1391 2114 1456 sit,
2163 1394 2262 1446 hos
2314 1394 2436 1448 licet
2491 1367 2742 1449 absentes
2792 1367 3030 1448 adamas.
3092 1395 3255 1463 710
3310 1367 3586 1460 Resipisee

349 1455 446 1551 μὴ,
499 1459 690 1528 δήλου·
734 1462 822 1515 ἵνα
870 1466 1314 1538 ὲπιστομίσωμεν
1345 1471 1470 1534 τοὺς
1505 1473 1595 1524 ἐπὶ
1636 1475 1756 1536 ταῖς
1792 1477 1909 1538 σαῖς

2021 1497 2164 1550 ergo,
2191 1484 2234 1535 si
2263 1499 2387 1536 vera
2415 1484 2486 1538 illi
2517 1496 2735 1539 narrant
2759 1503 2774 1551 ;
2808 1486 2890 1540 sin
2919 1501 3094 1543 secus.
3129 1485 3350 1539 ostende
3385 1483 3581 1537 falsum

345 1549 621 1618 διαϐολαῖς
658 1557 1076 1628 ἀγαλλομένους.

571 1757 734 1824 «atqu
775 1785 845 1798 —
882 1760 1110 1832 Name,
1142 1763 1389 1835 ΠΕΤΡῼ,
1428 1765 1680 1836 name.

2018 1585 2168 1636 esse,
2205 1582 2260 1624 ut
2300 1589 2361 1626 os
2413 1573 2478 1628 iis
2504 1575 2817 1629 obturemus
2845 1576 2938 1644 qui
2993 1575 3076 1629 his
3121 1576 3174 1628 in
3215 1585 3266 1630 te
3299 1573 3584 1646 calumniis

2017 1663 2306 1716 exsultant.

2168 1786 2172 1791 '
2228 1770 2410 1825 DXVI.
2443 1801 2512 1812 —
2550 1770 2733 1836 NILO,
2768 1769 2993 1826 PETRO
3026 1779 3078 1826 et
3116 1770 3368 1826 PAULO.

1699 1857 1774 1910 De
1797 1859 2058 1925 patientia:
2085 1862 2236 1918 bono.

428 1953 495 2006 Ἦ
541 1955 632 2007 ἐπὶ
674 1959 793 2020 ταῖς
830 1957 1053 2030 ὕϐρεσιν
1098 1961 1419 2030 ἀνεξικακία
1463 1964 1581 2018 λίαν
1610 1965 1705 2034 τὴν
1733 1965 1910 2037 ψυχὴν

345 2040 571 2109 ὠφελεῖ⁹
603 2046 672 2115 ἣν
702 2049 749 2100 εί
781 2049 892 2118 ('54)
926 2051 1308 2122 συμφέρουσαν
1343 2055 1440 2124 μὲν
1467 2055 1634 2125 ⁴ᾔδειν,
1667 2057 1907 2126 χαλεπὴν

344 2129 402 2183 δὲ
418 2135 694 2202 γενέσθαι,
712 2139 906 2211 κομιδῇ
931 2141 995 2194 ἂν
1021 2143 1290 2214 ἠχθέσθην
1311 2146 1330 2166 ‘
1359 2146 1432 2216 μὴ
1461 2147 1522 2199 τὸ
1553 2148 1651 2216 τὴν
1680 2148 1910 2218 προσοῦ-

347 2238 446 2273 σαν
475 2227 857 2296 πραγματείαν
897 2232 1137 2300 φεύγειν,
1185 2235 1246 2287 τὸ
1289 2236 1563 2300 λυσιτελὲς
1613 2239 1905 2309 προέσθαι⁶

343 2313 394 2363 εί
437 2312 494 2365 δὲ
523 2312 616 2368 καὶ
647 2318 806 2388 ῥᾳδία
835 2323 928 2373 καὶ
955 2322 1206 2395 βελτίστη
1239 2328 1515 2396 τυγχάνει.
1556 2329 1628 2381 Τὸ
1666 2329 1774 2398 γὰρ
1806 2331 1905 2383 ὲπ-

344 2402 542 2466 εξιέναι
566 2407 659 2459 καὶ
681 2409 936 2464 δύσκολον
960 2415 1054 2468 καὶ
1080 2415 1496 2487 ἐργωδέστερον,
1530 2419 1622 2471 καὶ¹
1643 2419 1906 2490 χειμῶνος

343 2492 441 2560 τὴν
472 2493 648 2565 ψυχὴν
677 2497 900 2570 πληροῖ·
935 2502 1160 2572 ἄμεινον
1187 2505 1250 2558 τὸ
1278 2506 1604 2575 φιλοσοφεῖν.

604 2694 745 2750 ΦιΖν.
780 2730 850 2739 -
888 2701 1129 2772 nea/ue
1168 2703 1647 2776 ΓΡΑΜΜΑΤΙΚῼ.

2081 1972 2340 2026 Patientia
2393 1972 2822 2041 injuriarumque
2877 1972 3158 2026 tolerantia
3210 1971 3390 2025 animo
3423 1969 3578 2025 valde

2009 2064 2259 2132 prodest;
2287 2081 2444 2133 quam
2477 2066 2520 2119 si
2552 2065 2732 2119 utilem
2755 2066 2968 2134 quidem
2993 2079 3113 2120 esse
3138 2065 3400 2130 sciebam,
3434 2061 3577 2118 diﬂi-

2009 2155 2164 2208 cilem
2193 2167 2397 2222 tamen,
2429 2156 2650 2210 moleste
2673 2156 2763 2207 tuli
2785 2197 2798 2219 ,
2827 2155 2973 2223 quod
3014 2164 3332 2222 praesentem
3366 2153 3576 2222 fugiens

2009 2244 2408 2310 (liliieultatem,
2440 2246 2855 2300 emolumentum
2885 2246 2998 2312 ejus
3026 2246 3329 2305 amiserim,
3364 2245 3465 2298 etsi
3499 2244 3578 2296 l‘a-

2011 2337 2126 2390 eilis
2175 2337 2418 2404 bonaque
2456 2337 2727 2390 obveniat.
2789 2336 2984 2392 Ulcisci
3032 2337 3175 2390 enim
3221 2335 3472 2403 iujuriam
3523 2344 3576 2389 et

2013 2440 2173 2494 grave
2196 2436 2274 2480 est
2299 2436 2349 2478 et
2383 2425 2728 2487 laboriosum,
2755 2428 2993 2478 animmu
3020 2426 3343 2480 turbulentis
3367 2427 3576 2495 agitans

2013 2517 2270 2570 motibus.
2307 2515 2678 2583 Philosophari
2721 2517 2905 2586 itaque
2938 2519 3178 2584 beneque
3207 2519 3389 2571 vivere
3422 2516 3576 2585 longe

2008 2608 2368 2675 praestabilius
2397 2617 2497 2660 est.

2223 2711 2428 2765 DXVII.
2460 2742 2528 2750 -——
2566 2709 2864 2764 OPHELIO
2891 2706 3362 2762 GRAMMATICO.

1047 2796 1098 2851 ,Α
1122 2799 1428 2861 spectaculis
1452 2799 1801 2854 dehortandos
1831 2813 1997 2855 monet
2040 2805 2294 2867 homines,
2329 2817 2380 2857 ut
2409 2807 2558 2870 epist.
2592 2805 2712 2868 l85,
2744 2802 2864 2856 186.

414 2893 475 2944 Ei
532 2894 590 2944 ἐν
643 2897 739 2963 μὲν
794 2901 858 2969 τῇ
901 2904 1071 2971 σκηνῇ
1122 2903 1352 2970 γελῶσιν
1415 2906 1463 2956 οἱ
1519 2907 1901 2978 φιλοθεάμονες

2080 2910 2135 2964 Si
2168 2912 2379 2978 quidem
2406 2913 2456 2965 in
2483 2928 2642 2967 scena
2673 2911 2950 2981 spectandi
2984 2910 3331 2977 perstudiosi,
3360 2909 3582 2965 mollius

339 2980 686 3052 ἁπαλώτερον
732 2987 826 3038 τοῦ
866 2988 1095 3054 δέοντος,
1129 2993 1186 3042 έν
1225 2991 1282 3043 δὲ
1313 2991 1388 3061 τῷ
1445 2973 1764 3064 ἱπποδρόμῴ
1816 2996 1908 3048 θυ-

2021 3015 2169 3069 quam
2209 3018 2303 3069 par
2334 3003 2402 3057 sit
2433 3005 2662 3070 rideant,
2697 3003 2748 3056 in
2780 3001 3111 3074 circensibus
3141 3016 3265 3054 vero
3296 3001 3434 3054 ludis
3459 3016 3572 3052 am-

342 3072 566 3137 μοῦνται
584 3075 747 3128 πλέον
769 3077 801 3146 ἢ
827 3080 1121 3148 προσῆκεν⁹
1153 3083 1267 3134 ἐκεῖ
1287 3084 1382 3152 μὲν
1407 3085 1512 3136 ὑπὸ
1538 3085 1643 3136 τῶν
1667 3087 1907 3157 αἰσχρῶν

335 3162 627 3232 δραμάτων
654 3168 1090 3237 ὲκθηλυνόμενοι,
1113 3171 1343 3224 ἐνταῦθα
1358 3173 1415 3225 δὲ
1438 3177 1556 3237 ταῖς
1586 3177 1692 3229 τῶν
1711 3180 1727 3197 ⁶
1752 3179 1908 3247 ἁμίλ-

336 3251 456 3315 λαις
498 3255 633 3322 πρὸς
681 3259 874 3326 μανίαν
907 3259 1368 3331 ὲκϐακχευὸμενοι
1422 3265 1659 3335 (μικροῦ
1702 3271 1808 3339 γάρ
1838 3271 1907 3323 τὰ

335 3343 443 3396 τῶν
478 3345 791 3416 κενταύρων
829 3350 1174 3421 μιμοῦνται)·
1209 3354 1338 3406 πότε
1367 3357 1422 3408 ἐν
1452 3359 1517 3427 τῇ
1552 3361 1902 3433 προσηκούσῃ

337 3437 672 3490 καταστάσει
716 3438 1077 3509 ὀφθήσονται;
1137 3443 1169 3512 ἢ
1204 3444 1333 3496 πότε
1387 3446 1456 3499 τά
1501 3448 1725 3518 ἀνδράσι
1769 3451 1903 3522 πρέ-

339 3541 506 3578 ποντα
536 3527 817 3595 πράξειανς
845 3529 1052 3585 Οὐκοῦν
1073 3535 1179 3603 χρὴ
1195 3534 1303 3586 εἴτε
1334 3536 1528 3603 πειθοῖ,
1553 3541 1660 3591 εἴτε
1689 3539 1902 3614 ἀνάγκῃ

336 3615 540 3683 εἴργειν
588 3619 711 3681 τοὺς
736 3621 1012 3684 τοιούτους
1040 3623 1146 3675 ἀπὸ
1179 3624 1279 3692 τῆς
1309 3627 1565 3699 τοιαύτης
1591 3631 1880 3700 ἀκοσμίας.

625 3730 775 3782 ΦΠΡ.
816 3761 881 3771 --
914 3731 1270 3805 ΛΑΜΠΕΤΙῼ
1302 3735 1619 3808 ΔΙΔΚΟΝῼ.

2009 3091 2147 3160 plius
2179 3108 2338 3159 quam
2378 3103 2588 3160 Oportet
2630 3093 2973 3161 indignentur
3008 3114 3019 3146 :
3069 3091 3177 3144 illic
3207 3091 3419 3158 quidem
3459 3099 3572 3143 tur-

2007 3182 2152 3249 pium
2178 3183 2488 3251 speclaculo
2512 3183 2776 3247 enervati,
2807 3183 2894 3236 hic
2921 3197 3047 3237 vero
3069 3181 3450 3236 certaminibus
3481 3181 3574 3234 de-

2009 3273 2230 3325 mentati
2284 3271 2592 3340 (centauros
2639 3275 2782 3328 enim
2839 3273 3219 3341 propemodum
3273 3272 3569 3337 imitantur)

2006 3363 2221 3432 quando
2253 3373 2544 3419 cernentur
2582 3365 2634 3418 in
2669 3373 2810 3419 statu
2843 3363 3095 3418 decenti?
3136 3363 3214 3417 vel
3246 3363 3374 3416 viris
3410 3363 3566 3431 digna

2007 3457 2220 3523 quando
2255 3456 2524 3512 fecerint?
2580 3463 2755 3511 nonne
2802 3455 2967 3524 igitur
3000 3463 3248 3522 oportet,
3292 3455 3404 3507 sive
3442 3468 3568 3521 per-

2006 3546 2285 3610 suasione,
2317 3547 2429 3601 sive
2462 3546 2784 3601 necessitate
2809 3545 2984 3599 arceri
3036 3543 3169 3598 tales
3201 3559 3228 3595 a
3259 3558 3317 3597 re
3342 3551 3448 3596 tam
3481 3541 3566 3595 in-

2006 3635 2200 3688 decora
2228 3637 2251 3688 ’ί
3109 3647 3113 3650 ’

2263 3743 2494 3799 υΧνιιι.
2526 3776 2596 3784 -
2633 3743 2978 3798 LAMPETIO
3001 3740 3319 3796 DIACONO.

834 3826 1145 3887 Constantio
1175 3840 1222 3882 el
1253 3834 1492 3884 censoria
1520 3835 1750 3901 gravitas
1776 3837 1887 3888 sine
1917 3847 2127 3891 austera
2166 3847 2212 3892 et
2236 3839 2409 3908 rigida
2428 3841 2730 3893 morositate
2756 3839 3044 3891 laudanda.

412 3929 574 3982 Ὅταν
603 3948 707 3995 τις,
742 3927 785 3984 ὦ
835 3935 1025 4002 σοφίας
1065 3937 1332 4005 αὐτοφυὲς
1361 3938 1604 4008 ἄγαλμα,
1637 3939 1764 3994 ἄνευ
1799 3941 1895 4010 μὲν

2073 3946 2206 4000 Cum
2261 3948 2416 4017 quis,
2478 3962 2512 4002 ο
2555 3947 2829 4015 sapientia:
2878 3944 3106 4015 genuina
3184 3945 3387 4014 imago,
3449 3945 3569 3998 sine

335 4021 670 4086 προπετείας
703 4024 1010 4093 παρέχηται
1043 4026 1103 4078 τὸ
1141 4027 1402 4097 ἀνδρεῖον,
1433 4027 1558 4081 ἀνευ
1598 4029 1656 4082 δὲ
1687 4028 1896 4100 ὕϐρεως

2025 4031 2198 4099 iugum
2239 4033 2534 4101 petulantia
2583 4035 2776 4087 fortem
2823 4049 2882 4087 se
2925 4041 3192 4094 ostentet,
3229 4041 3282 4087 et
3334 4034 3565 4101 rigorem

333 4107 395 4160 τὸ
420 4108 674 4179 βλοσυρόν
694 4129 706 4142 ο
738 4113 832 4165 καὶ
859 4115 918 4166 τὸ
943 4115 1041 4184 μὲν
1068 4117 1324 4187 ἐμϐριθὲς
1350 4117 1652 4188 καθαρεῦον
1675 4123 1896 4188 στυγνό-

2003 4123 2206 4190 absque
2243 4123 2521 4189 conviciis,
2551 4134 2605 4179 et
2637 4124 2957 4195 gravitatem
2992 4124 3231 4178 molestia
3264 4133 3576 4186 earentem,_

333 4214 514 4290 τητος,
550 4200 608 4252 τὸ
637 4201 693 4254 δὲ
726 4203 938 4274 σῶφρον
983 4205 1083 4258 οὐκ
1115 4207 1500 4277 ἀπάνθρωπον,
1536 4209 1649 4261 ἀλλ’
1673 4212 1895 4282 ἀρρήτῳ

2023 4216 2410 4282 eruperantiam
2437 4231 2564 4270 vero
2593 4231 2697 4269 non
2728 4215 3098 4280 inhumanam,
3135 4217 3227 4270 sed
3265 4215 3563 4285 inexplicao

335 4291 670 4358 κεκραμένον
721 4295 1068 4366 φαιδρότητι·
1108 4297 1230 4350 τότε
1265 4297 1509 4368 καθαράς
1542 4301 1648 4352 τῶν
1688 4301 1894 4353 κακιῶν
1928 4297 1934 4351 i

2021 4304 2090 4356 »ἰΙί
2118 4305 2326 4360 mistam
2355 4307 2634 4371 hilaritati,
2662 4319 2787 4363 tunc
2815 4310 2904 4378 qui
2937 4325 3096 4378 puras
3111 4319 3165 4363 et
3193 4309 3387 4363 illaesas
3412 4311 3559 4363 omni

333 4379 441 4429 τῶν
469 4386 942 4452 παραπεπηγυιῶν
971 4389 1090 4449 ταῖς
1111 4388 1348 4458 ἀρεταῖς,
1381 4389 1550 4451 αὐτὰς
1579 4390 1677 4454 τὰς
1693 4392 1894 4462 ἀρετάς

2021 4393 2265 4461 vitiorum:
2293 4395 2526 4449 confinio
2559 4398 2784 4453 virtutes
2813 4399 3064 4462 exhibet,
3096 4397 3321 4453 celebris
3353 4399 3458 4452 erit
3510 4407 3564 4449 et

333 4468 794 4541 ἐπιδεικνύμενος,
827 4475 1066 4546 ἀοίδιμος
1095 4477 1246 4531 ἔσται
1281 4479 1374 4530 καὶ
1403 4478 1649 4548 εὐκλεής.

553 4574 696 4629 ΦΙΘ¹.
735 4607 804 4618 —-
831 4580 1214 4653 ΣΤΡΑΤΗΙΊῼ
1253 4582 1672 4639 ΜΟΝΑΖΟΝΤΙ.

2006 4483 2285 4553 gloriosus.

2228 4590 2413 4647 DXIX.
2453 4624 2524 4633 —-
2575 4593 2964 4650 STRATEGIO
2999 4593 3348 4649 MONACHO.

1035 4693 1403 4755 Improborum
1434 4695 1646 4763 fraudes
1689 4698 1883 4754 homini
1908 4703 2127 4770 sapienti
2159 4705 2534 4772 deprehendere
2562 4710 2718 4777 facile
2751 4719 2848 4762 est.

402 4798 466 4850 Ei
510 4799 604 4851 καὶ
652 4801 760 4852 είσί
787 4819 930 4864 τινες
975 4802 1137 4854 δεινοὶ
1181 4803 1281 4872 μὲν
1319 4805 1635 4869 ἀπατῶντες
1682 4806 1886 4874 λαθεῖν,

335 4886 498 4940 δεινοὶ
534 4889 589 4940 δὲ
634 4890 977 4959 φωραθέντες
1012 4892 1506 4960 παραλογίσασθαι·
1557 4895 1669 4947 ἀλλ’
1702 4898 1730 4949 ὁ
1780 4897 1897 4949 θεο-

333 4974 494 5044 φιλὴς
539 4977 800 5045 κρείττων
839 4979 1044 5031 τούτων
1098 4981 1429 5050 εὑρίσκεται.
1481 4983 1648 5052 Σοφὺς
1692 4984 1791 5053 μὲν
1823 4985 1898 5038 ὣν

2067 4817 2176 4870 Etsi
2221 4820 2435 4887 quidam
2487 4822 2736 4874 industrii
2765 4822 2873 4873 sint
2907 4821 2956 4872 in
2989 4820 3120 4873 aliis.
3137 4818 3346 4872 occulte
3370 4816 3572 4871 fallen-

1998 4907 2101 4970 dis,
2153 4923 2306 4964 acres
2339 4912 2498 4964 etiam
2530 4927 2653 4964 cum
2689 4912 2797 4962 sint
2841 4910 3160 4978 deprehensi
3207 4910 3257 4962 in
3306 4924 3364 4962 se
3393 4923 3557 4961 excu-

1997 4996 2197 5060 saudis,
2249 4996 2358 5050 Deo
2389 4997 2587 5051 eharns
2628 4997 2712 5049 his
2747 4997 2999 5050 omnibus
3029 4997 3243 5051 exsistit
3279 4997 3548 5064 superior.

335 5066 562 5118 συνιδεῖν
590 5067 687 5134 τὴν
716 5068 951 5137 ἀπάτην,
984 5071 1289 5140 σοφώτερος
1319 5072 1375 5123 δὲ
1400 5073 1668 5142 διελέγξαι
1702 5074 1800 5143 τὴν
1839 5076 1896 5129 ἐν

2021 5085 2235 5140 ’rudens
2268 5087 2479 5155 quidem
2511 5086 2773 5139 fallaciam
2804 5087 3195 5153 cognoscendo,
3232 5086 3554 5152 prudentior

332 5157 442 5216 τοῖς
471 5157 646 5223 λόγοις
671 5160 1050 5229 κρυπτομένην
1077 5161 1377 5232 δεινότητα.

1998 5190 2121 5225 vero
2183 5176 2233 5227 in
2293 5177 2626 5239 rationibus,
2679 5177 3120 5245 captionibusque
3168 5175 3394 5230 occultis
3458 5175 3570 5229 des

1996 5263 2290 5318 ﬂectendis.

1415 5383 1646 5438 VARIIE
1697 5386 2079 5445 LECTIO'NES
2123 5394 2207 5446 ET
2237 5396 2464 5450 NOTAE.

403 5492 515 5568 (Fili)
575 5493 812 5583 Eiranle
863 5496 1098 5583 eiupgcép.
1152 5504 1354 5583 mutant
1412 5497 1587 5583 inniti;
1629 5501 1784 5556 codd.
1827 5501 1934 5556 Vat.

2021 5508 2095 5560 ὶῦθ
2134 5517 2185 5562 ct
2230 5511 2332 5562 Alt.
2379 5509 2528 5566 Vers.
2566 5511 2599 5563 5
2630 5526 2724 5580 pro
2758 5510 3013 5562 πιιοέσοαι
3062 5510 3165 5563 Alt.
3210 5513 3455 5583 esuggerit
3495 5514 3553 5569 in

334 5565 571 5629 nmrgine
600 5562 756 5615 aliam
786 5562 1064 5618 lectionem
1103 5565 1422 5634 προσῆσοαι.
1461 5562 1668 5619 l‘oSSIN.
