3864 6114
414 274 550 339 Ῐῧῖῖῐῖ
1599 278 1657 335 S.
1696 278 1980 335 ISII)ORI
2024 277 2453 338 I’ELUSIOTzﬁ
3495 269 3599 331 1221

918 386 1076 441 ῐιΧΧ.
1120 418 1187 425 ———
1238 385 1463 442 ΕΙῡΕΜ.
2001 406 2043 457 Λ

2001 406 2043 457 Α
2553 391 2679 443 ore.
2716 419 2781 427 —
2816 389 2901 458 re
2944 386 3139 457 arra.

1387 499 1506 551 Non
1545 500 1723 567 lingua
1753 510 1977 556 tantum.
2010 502 2098 553 sed
2126 510 2171 553 et
2216 517 2355 554 mens
2386 500 2693 555 excolenda.

477 607 735 662 Discenda
772 618 895 661 sunt
923 623 1025 661 non
1056 622 1117 662 ea
1158 609 1334 671 modo,
1366 608 1560 675 quibus
1587 608 1795 663 dicendi
1821 607 1961 661 σοι-ἰ»

2141 608 2217 660 Οὐ
2250 606 2420 660 ταῦτα
2448 607 2552 677 χρὴ
2593 607 2880 677 μανθάνειν
2913 607 3094 677 μόνον,
3125 606 3190 659 δι’
3217 598 3293 660 ὧν
3318 605 3348 658 ὁ
3381 605 3475 675 μὲν
3497 605 3602 670 ὀξὶς

404 698 583 750 monia
628 697 747 765 quis
781 713 1022 752 summus
1052 699 1279 763 evadat,
1324 700 1406 752 vel
1451 697 1658 751 tardius
1699 697 1927 766 loquend

2079 697 2239 765 ἄκρος
2270 698 2463 759 είπεῖν,
2500 699 2527 749 ὁ
2550 697 2605 749 δὲ
2637 697 2834 767 βραδὺς
2863 697 3103 765 ἀμείνων
3142 714 3255 759 πως
3290 696 3605 760 καθίσταται,

404 790 580 855 εειιιίει
613 789 804 857 magis,
837 790 930 843 sed
957 798 1009 843 et
1038 804 1097 843 ca
1118 829 1133 852 ,
1160 790 1355 857 quibus
1392 788 1571 842 animo
1592 788 1841 842 meliores
1866 787 1930 840 bo

2081 786 2211 838 ἀλλὰ
2242 787 2333 837 καὶ
2376 786 2445 837 τὰ
2494 786 2560 839 δι’
2608 779 2682 839 ὧν
2732 787 2790 840 αἱ
2822 786 2993 856 ψυχαὶ
3027 785 3394 854 βελτιοῦνται’
3434 787 3514 837 ἵνα
3545 786 3607 856 μὴ

403 880 575 931 mines
606 879 874 942 evadant,
926 895 991 934 ne
1017 882 1277 933 duntaxat
1326 879 1559 948 linguam
1601 878 1929 947 expurgandt

2084 876 2233 943 μόνον
2280 876 2357 945 τῷ
2388 876 2487 946 τὴν
2512 874 2755 943 γλῶτταν
2792 875 3218 946 ἐκκεκαθάρθαι,
3256 874 3394 929 ἀλλὰ
3427 875 3514 928 καὶ
3542 875 3610 944 τῷ

401 973 493 1023 sed
524 978 752 1021 mentem
780 984 994 1038 quoque
1016 970 1327 1023 exornando
1350 969 1569 1037 gloriam
1595 969 1694 1021 sibi
1728 968 1927 1036 parian;

1681 969 1694 1020 i
1728 968 1965 1036 pariant.
2071 963 2176 1033 τὴν
2194 963 2420 1035 γνώμην
2449 964 2821 1035 κεκοσμῆσθαι
2849 965 3206 1034 εὐδοκιμῶσιν

540 1077 696 1146 711
742 1076 929 1133 ῡΧΧΙ.
968 1110 1035 1117 -
1071 1075 1321 1133 Αιιίιιο
1354 1074 1826 1131 PRESBYTERO.

2346 1074 2521 1127 «bKA'.
2548 1102 2617 1114 —
2646 1075 2847 1144 ΑΛΦΙῼ
2883 1067 3353 1146 ΠΡΕΣΒΥΤΕΡῼ.

996 1168 1219 1222 Frustra
1255 1170 1553 1236 persuaderi
1593 1168 1922 1237 quibusdam.
1950 1163 2082 1233 (Inf.
2116 1165 2266 1233 epist.
2290 1164 2382 1232 20,
2409 1164 2522 1232 219,

1512 1170 1553 1220 ri
1593 1168 1922 1237 quibusdam.
1950 1163 2082 1233 (Inf.
2116 1165 2266 1233 epist.
2290 1164 2382 1232 20,
2409 1164 2532 1232 219,
2566 1165 2693 1231 250,
2724 1164 2851 1231 257,
2888 1164 3038 1234 568.)

469 1276 749 1346 indignum
778 1288 858 1332 est
886 1279 1096 1347 culpam
1124 1293 1309 1332 eorum
1345 1280 1433 1348 qui
1460 1282 1593 1333 bene
1620 1277 1959 1332 monentibus

2136 1276 2371 1327 Ἄτοπον
2391 1273 2487 1339 τὰς
2509 1273 2687 1336 αἰτίας
2718 1273 2827 1327 τῶν
2857 1274 2918 1326 οὐ
2954 1273 3283 1327 πεισθέντων
3305 1275 3420 1337 τοῖς
3451 1276 3608 1338 καλοες

395 1380 498 1419 non
548 1378 867 1434 paruerunt,
910 1369 1207 1423 transferre
1260 1371 1309 1423 in
1347 1385 1459 1431 eos,
1499 1369 1587 1436 qui
1642 1367 1921 1434 persuadet

2080 1366 2155 1417 επὶ
2190 1365 2316 1423 τοὺς
2362 1362 2437 1433 μὴ
2481 1365 2811 1428 πεπεικότας
2859 1363 3218 1434 μεταφέρεινο
3268 1364 3365 1418 καὶ
3404 1364 3606 1434 μάλιστα

396 1473 498 1509 non
537 1467 856 1525 potuerunt,
904 1461 1064 1529 idque
1100 1462 1437 1529 potissimum
1466 1460 1679 1527 Quando
1710 1460 1922 1512 videnlu

2080 1456 2188 1506 ὃταν
2221 1454 2513 1521 φαίνωνται
2542 1453 2628 1507 διὰ
2661 1455 2878 1508 πάντων
2904 1453 3015 1505 τῶν
3060 1453 3425 1523 ἐνδεχομένων
3447 1453 3606 1507 ἐλθόν-

394 1550 749 1614 percnrrissc,
774 1565 891 1617 qum
914 1551 1167 1620 consequi
1200 1551 1320 1619 quis
1345 1561 1524 1619 posset
1541 1552 1745 1610 ontnia,
1764 1550 1920 1617 quibu

1581 1552 1745 1610 mnia,
1764 1550 1957 1617 quibus
2062 1560 2183 1609 τες,
2217 1544 2285 1596 δι’
2307 1537 2383 1597 ὧν
2409 1545 2441 1613 ἠ
2476 1543 2647 1597 πειθὼ
2674 1544 3107 1615 δημιουργεῖται.

393 1637 671 1702 persuasio
704 1647 1068 1705 comparatur.

878 1741 1086 1796 DXXII.
1125 1772 1196 1781 —-
1240 1741 1463 1795 EIDEM.

1023 1832 1095 1887 De
1124 1832 1306 1901 gloria:
1336 1844 1654 1902 contemptu,
1679 1849 1836 1901 quam
1869 1830 2116 1901 fugiendo
2152 1832 2460 1898 assequeris.
2492 1830 2670 1901 (Conf.
2699 1832 2853 1898 epist.
2881 1832 3032 1890 504.)

461 1936 601 1990 Nihil
663 1937 836 1990 laudis
890 1936 1180 2006 glorichuc
1234 1938 1501 2007 mancipio
1548 1938 1839 2006 abjectius,
1897 1949 1955 1991 ut

2127 1936 2292 1989 Οὐδὲν
2322 1935 2416 1988 τοῦ
2445 1935 2602 2005 δόξης
2647 1937 2881 2008 ἐρῶντος
2921 1940 3331 2011 ταπεινότερον,
3374 1939 3489 1993 οὐδὲ
3526 1940 3606 1994 τοῦ

389 2038 572 2080 ruutra
624 2028 755 2081 nihil
808 2028 925 2097 ejus
955 2037 1326 2097 contemplare
1357 2031 1631 2098 grandius.
1698 2030 1789 2083 llle
1821 2030 1911 2084 nib

2081 2026 2524 2096 εαταφρονοῦντος
2573 2026 2925 2097 ὑψηλότερον.
2992 2030 3052 2082 '0
3108 2031 3209 2100 μὲν
3259 2032 3370 2100 γὰρ
3418 2031 3607 2085 οἷκοθεν

387 2119 529 2172 domi
585 2134 828 2189 maguum
872 2119 1105 2184 habens,
1146 2134 1251 2187 quo
1276 2133 1594 2187 magnopere
1621 2131 1913 2174 exornetur

2082 2117 2222 2186 ιηδέν
2252 2116 2390 2185 ἔχων
2434 2117 2575 2185 μέγα
2600 2156 2614 2181 ,
2650 2116 2735 2185 ἐφ’
2769 2110 2812 2184 ᾧ
2859 2118 3368 2189 ἐγκαλλωπισθείη,
3396 2118 3483 2173 διὰ
3520 2118 3608 2187 τῆς

386 2221 607 2263 externa
650 2211 829 2279 Specie
871 2210 1156 2264 clariorem
1205 2225 1263 2265 se
1293 2226 1413 2266 esse
1455 2212 1650 2266 debere
1680 2212 1912 2281 opinatul

2084 2207 2250 2271 ξωθεν
2282 2208 2581 2275 φαντασίας
2614 2207 2992 2279 λαμπρότερος
3021 2210 3190 2263 οῐεται
3217 2210 3330 2264 δεῖν
3366 2206 3521 2263 εῖναι.
3555 2210 3605 2262 ’(1

390 2300 487 2353 llic
520 2315 647 2352 vero
670 2309 853 2367 utpote
882 2300 1177 2354 domestico
1212 2302 1465 2355 hauriens
1512 2300 1662 2355 fonte
1687 2314 1916 2356 veneran

2082 2298 2106 2351 ὲ
2133 2297 2320 2368 ὥσπερ
2346 2298 2406 2361 ἐξ
2439 2299 2644 2361 οἰκείας
2674 2299 2857 2369 πηγῆς
2886 2300 3285 2371 σεμνυνόμενος
3306 2342 3321 2371 ,
3351 2302 3498 2355 οὐδὲν
3520 2300 3608 2369 τῆς

387 2392 486 2443 dus
522 2400 626 2456 εει,
664 2404 837 2457 neque
873 2398 1095 2443 externo
1136 2391 1334 2460 indiget
1373 2401 1715 2446 ornamento.
1751 2390 1913 2456 Quam

2080 2387 2247 2453 ξωθεν
2292 2389 2461 2442 δεῖται
2514 2387 2853 2457 προσθήκης.
2906 2389 2999 2442 Διὸ
3055 2390 3152 2443 κα1⁵
3198 2391 3296 2444 τοῦ
3334 2392 3431 2462 μὲν
3472 2390 3606 2443 οὐδὲν

384 2480 569 2531 ubrem
610 2489 667 2534 nt
710 2480 842 2533 nihil
896 2479 984 2533 illo
1016 2480 1285 2546 miserius,
1322 2482 1401 2537 sic
1434 2482 1535 2535 hoc
1566 2481 1699 2536 nihil
1742 2482 1907 2535 exsist

2049 2478 2396 2547 ἀθλιώτερον,
2422 2478 2515 2531 τοῦ
2544 2477 2599 2530 δέ
2640 2478 2792 2531 οὐδὲν
2826 2478 3213 2549 εὐκλεέστερον
3242 2480 3446 2549 γένοιτ’
3473 2481 3551 2535 ἄν.

385 2570 692 2640 gloriosius.

516 2676 749 2734 DXXIII.
786 2708 855 2716 —
891 2675 1312 2732 ALEXANDRO
1337 2676 1812 2732 PRESBYTERO.

2222 2676 2392 2730 ΦΚΓθ.
2425 2705 2493 2715 ——
2536 2676 2941 2746 ΛΑΕΞΔΝΔΡῼ
2980 2677 3446 2749 ΠΡΕΣΒΥἹἘΡῼ.

1258 2766 1440 2821 Virtus
1473 2768 1727 2823 laudatur
1754 2777 1801 2821 ct
1830 2769 1985 2837 alget.
2018 2766 2193 2837 (Conf.
2235 2766 2326 2831 Μ,
2354 2766 2480 2829 510,
2508 2776 2553 2818 et
2594 2764 2743 2835 528.)

1989 1709 2030 1762 Β
2518 1739 2691 1796 eum
2724 1768 2794 1778 -
2827 1740 2916 1809 To
2948 1741 3149 1809 arra.

450 2874 662 2941 Quanto
679 2876 1033 2945 praestabilius
1055 2886 1137 2932 est
1161 2879 1415 2932 admirari
1443 2894 1601 2947 quam
1633 2880 1937 2947 repudiare,

2119 2878 2264 2945 ’Όσῳ
2301 2876 2392 2928 τοῦ
2422 2875 2698 2928 διαπτύειν
2758 2874 2817 2929 τὸ
2847 2874 3149 2943 θαυμάζειν
3188 2878 3438 2947 κρεῖττόν
3482 2877 3604 2941 ἐστι,

383 2974 532 3018 tanto
566 2966 692 3020 tnibi
738 2966 938 3022 distare
973 2968 1244 3034 videntur,
1275 2971 1367 3037 qui
1402 2970 1656 3023 virtutem
1690 2985 1793 3024 non
1823 2984 1909 3024 ess

2081 2936 2300 3021 οσοῦτόν
2347 2985 2436 3037 μοι
2475 2966 2813 3020 διαλλάττειν
2850 2936 3096 3020 δοκοῦσιν
3146 2969 3198 3022 oi
3229 2936 3378 3039 ’μηδ’
3425 2936 3607 3039 ἀρετὴν)

379 3056 634 3111 virtutem
652 3056 962 3125 opinantur,
988 3058 1053 3113 ab
1079 3058 1146 3114 iis
1174 3060 1263 3128 qui
1292 3060 1538 3113 virtutem
1565 3060 1777 3127 quidem
1811 3075 1905 3127 pra

2082 3060 2145 3127 ὴν
2172 3058 2371 3127 ἀρετὴν
2418 3054 2557 3110 εἶναι
2594 3058 2905 3127 νομίζοντες
2928 3097 2942 3121 ,
2971 3056 3080 3111 τῶν
3120 3058 3327 3128 ἀρετὴν
3366 3059 3460 3127 μὲν
3483 3053 3604 3112 εἶναι

380 3148 599 3213 dicant,
660 3162 764 3201 nun
815 3148 1212 3216 amplectuntur
1256 3159 1453 3203 tamen.
1520 3148 1598 3202 Illi
1640 3148 1781 3203 enim
1826 3165 1906 3203 cor

2081 3151 2220 3220 ιύτὴν
2247 3150 2591 3217 φασκόντων,
2631 3150 2703 3218 μὴ
2736 3148 3130 3217 ἀσπαζομένων
3160 3147 3238 3202 δέ.
3278 3150 3345 3202 Ol
3388 3150 3481 3217 μὲν
3510 3149 3607 3217 γὰρ

380 3245 597 3305 ruptum
643 3251 765 3290 esse
803 3235 1062 3302 judicium
1087 3277 1103 3301 ,
1139 3239 1511 3307 rationemque
1550 3239 1799 3293 vacillare
1849 3254 1906 3293 sn

2081 3241 2284 3312 τρίσεως
2331 3240 2763 3308 διεφθαρμένης,
2821 3238 2916 3289 καὶ
2963 3238 3057 3291 τοῦ
3104 3238 3179 3307 μὴ
3226 3239 3488 3305 ὑγιαίνειν
3523 3238 3607 3289 τὸν

380 3328 479 3393 ipsi
511 3327 881 3380 demonstrant
916 3327 1140 3395 judicio.
1195 3327 1259 3380 IIi
1288 3343 1412 3380 vero
1442 3329 1611 3396 ipsam
1656 3329 1906 3383 laudandi

2082 3332 2335 3399 ογισμὸν,
2383 3330 2505 3382 καθ’
2538 3327 2747 3382 ἑαυτῶν
2784 3328 2961 3396 ψῆφον
2990 3329 3339 3397 ἐκφέρουσιν.
3378 3328 3439 3381 Οἱ
3464 3327 3516 3379 δὲ
3538 3324 3608 3393 τῷ

378 3415 477 3468 etsi
518 3431 621 3468 non
653 3425 972 3480 exerceant,
1002 3417 1139 3471 bene
1170 3428 1345 3471 tamen
1371 3420 1437 3471 de
1473 3420 1671 3473 virtute
1722 3434 1781 3473 se
1820 3436 1899 3473 eo:

2076 3424 2292 3473 ,παινεῖν
2326 3422 2514 3491 αὐτὴν,
2543 3420 2650 3473 κᾶν
2679 3418 2756 3488 μὴ
2784 3420 3091 3487 πράττοιεν,
3114 3418 3422 3473 δεικνύουσι
3460 3418 3602 3487 μεγί-

378 3506 598 3560 ﬁrmant
629 3507 962 3561 existimare.

2051 3528 2177 3579 στην
2208 3512 2335 3579 περὶ
2364 3510 2531 3576 αὐτὴν
2563 3508 2776 3577 ἔχοντες
2804 3507 2980 3573 δόξαν.

834 3611 1064 3667 DXXIV.
1098 3644 1165 3655 -ρ
1206 3613 1497 3673 ΜΛῐῖΟΝΙ..

2535 3616 2701 3667 ΦΚΔ’.
2740 3644 2809 3656 -
2837 3615 3120 3670 ΜΛΡΩΝΙ.

1508 3706 1663 3761 Male
1689 3722 1841 3775 agens
1864 3707 2165 3775 reprehendi
2205 3726 2303 3761 non
2328 3710 2455 3761 vult.

448 3810 530 3867 0b
560 3812 848 3877 nequitiam
877 3813 1145 3867 accusatis
1174 3813 1255 3868 fas
1290 3827 1393 3868 non
1418 3824 1497 3868 est
1527 3829 1590 3868 ea
1620 3815 1797 3869 dicere
1820 3829 1940 3882 qua:

2115 3816 2188 3867 Οὐ
2247 3816 2403 3884 θέμις
2452 3818 2563 3877 τοῖς
2614 3814 2703 3867 διὰ
2757 3814 3062 3885 μοχθηρίαν
3112 3811 3601 3885 κακηγορουμένοις

377 3903 587 3970 possint
626 3902 736 3967 illi,
778 3903 869 3972 qui
900 3904 1111 3958 virtutis
1143 3905 1312 3972 gratia
1355 3904 1409 3958 in
1450 3905 1704 3958 invidiam
1736 3905 1903 3959 vocati

2076 3907 2223 3957 κεῖνα
2260 3904 2457 3971 λέγειν,
2504 3906 2538 3958 ἃ
2571 3908 2681 3967 τοῖς
2718 3905 3105 3975 φθονουμένοις
3152 3905 3221 3957 δι’
3250 3905 3475 3975 ἀρετὴν,
3520 3900 3600 3953 καὶ

379 3990 599 4046 ferendo
624 3990 675 4044 id
716 3992 1006 4059 patienter,
1054 3993 1321 4060 proloqui.
1370 3992 1547 4057 Quare
1577 3991 1655 4045 vel
1712 3996 1825 4046 brcc
1858 3992 1905 4045 la

2074 3993 2195 4046 οῦτο
2248 3994 2538 4064 πάσχουσι,
2588 3994 2766 4062 λέγειν
2813 3993 2996 4064 θέμις.
3031 3995 3100 4046 Ἦ
3138 3993 3394 4048 πέπαυσο
3436 3992 3599 4045 τοίνυν

374 4097 500 4136 rere
527 4096 704 4147 cessa,
740 4083 821 4136 vel
867 4085 908 4138 si
944 4101 1048 4139 non
1080 4086 1303 4151 desinis,
1336 4100 1405 4139 ne
1439 4084 1638 4139 dixeris
1683 4085 1793 4147 illa,
1816 4100 1900 4154 qu:

2073 4080 2261 4133 οιαῦτα
2284 4082 2445 4152 δρῶν,
2480 4083 2511 4151 ῆ
2542 4082 2615 4153 μὴ
2654 4081 2980 4151 παυόμενος,
3017 4084 3196 4135 ἐκεῖνα
3224 4083 3299 4153 μὴ
3334 4083 3505 4151 φράζε
3527 4120 3540 4145 ,
3566 4077 3599 4131 ἆ

371 4174 567 4239 probos
598 4174 1020 4241 deeeantviros;
1055 4178 1304 4229 imleeens
1322 4176 1465 4227 enim
1498 4174 1614 4229 illos
1640 4175 1826 4227 eadem
1858 4176 1888 4226 d

2073 4174 2150 4235 οῖς
2183 4172 2485 4243 εὐδοκίμοις
2510 4175 2727 4244 πρέπει.
2764 4176 2996 4228 Ἀτοπον
3018 4176 3127 4245 γὰρ
3157 4176 3223 4227 τὰ
3246 4175 3388 4228 αὐτὰ
3411 4175 3596 4241 λέγειν,

372 4278 519 4327 eere,
550 4263 743 4331 quibus
774 4264 910 4317 idem
940 4266 1149 4319 dicendi
1183 4280 1285 4318 non
1319 4275 1397 4319 cst
1433 4273 1828 4335 argumentum.

2072 4233 2142 4333 7;;-
2172 4233 2520 4331 ὑποθέσεως,
2552 4233 2647 4332 αφ’
2674 4261 2739 4336 ἧς
2778 4233 3062 4336 ἑκατέροις
3094 4233 3362 4335 γίγνεται,
3392 4233 3595 4319 ’(ἷιαλατἐ

2032 4371 2251 4423 τουσης.

642 4457 850 4513 DXXV.
888 4489 954 4497 —
988 4457 1326 4514 PALLADIO
1356 4457 1667 4513 LECTORI.

2239 4462 2411 4515 ΦΚΒ.
2448 4493 2515 4502 —-
2548 4462 2905 4532 ΠΔΛΛΛΔΙῼ
2939 4460 3381 4532 ΔΝΑΓΝΩΣΤῌ.

1406 4548 1558 4613 Fide,
1588 4550 1676 4602 sed
1701 4550 1811 4602 vide
1840 4566 1921 4600 cut
1955 4558 1999 4603 tc
2025 4549 2228 4603 doctori
2260 4551 2572 4603 committas.

442 4665 603 4727 Cave,
657 4664 787 4717 ﬁdas
838 4663 1007 4717 cuivis
1053 4663 1141 4731 qui
1180 4662 1429 4715 virtutem
1477 4676 1535 4715 se
1566 4663 1759 4715 docere
1806 4676 1929 4729 pro-

2105 4660 2194 4729 Μὴ
2230 4662 2359 4713 πᾶσι
2403 4661 2598 4714 σαυτὸν
2641 4664 2896 4727 πίστευε,
2943 4656 2988 4720 ὦ
3016 4664 3271 4733 φιλότης,
3312 4664 3425 4725 τοῖς
3463 4660 3592 4715 διδάο

371 4756 622 4807 liteatur:
658 4768 829 4821 neque
852 4753 993 4807 enim
1020 4767 1206 4807 omnes
1227 4752 1370 4820 digni
1404 4760 1495 4803 aut
1529 4752 1702 4804 idonei
1736 4750 1897 4819 quith

2064 4766 2189 4801 ικειν
2218 4750 2345 4819 περὶ
2388 4750 2586 4821 ἀρετῆς
2630 4750 3143 4821 ἐπαγγελλομένοις
3180 4751 3301 4806 οὐδὲ
3330 4751 3436 4821 γὰρ
3468 4751 3590 4803 πάν-

374 4848 653 4901 eredatnr:
693 4846 785 4900 sed
822 4845 925 4897 illis
948 4845 1309 4913 potissimum,
1343 4843 1434 4912 qui
1467 4856 1677 4909 reapse,
1708 4842 1890 4895 virtuti

2063 4858 2126 4902 ἐς
2167 4840 2362 4910 ἐφεξῆς
2393 4840 2534 4904 ἄξιοι
2574 4839 2732 4908 λόγου
2756 4857 2770 4873 ο
2803 4840 2921 4894 ἀλλ’
2961 4841 3225 4907 ἐκείνοις,
3268 4838 3348 4903 οἷς
3377 4836 3589 4905 ὄντωςή

372 4950 431 4987 se
474 4936 725 5001 operibus
769 4944 992 4988 ornatos
1036 4920 1312 4989 exhibent.
1377 4934 1527 4987 Nunc
1577 4933 1717 4986 enim
1768 4946 1898 4985 cono

2068 4930 2203 4999 peti}
2236 4930 2321 4984 διὰ
2343 4930 2450 4983 τῶν
2474 4932 2816 5001 πραγμάτων
2853 4933 3148 5001 ἐμπρέπει.
3180 4930 3294 4983 Νῦν
3324 4928 3432 4998 γὰρ
3469 4924 3594 4991 ἀξιῶ

368 5025 696 5094 persuadere
727 5039 830 5077 non
854 5039 961 5078 uno
986 5038 1105 5079 esse
1136 5027 1392 5092 magistro
1421 5024 1708 5087 utendum;
1742 5031 1794 5073 at
1826 5035 1891 5074 no

2066 5019 2241 5072 πείθειν
2285 5021 2381 5089 οὐχ
2410 5022 2491 5072 ἑνὶ
2534 5022 2771 5091 χρῆσθαι
2805 5024 3112 5093 διδασκάλῳ
3134 5063 3150 5089 ,
3182 5023 3316 5077 ἀλλὰ
3347 5023 3425 5091 μὴ
3464 5018 3592 5090 χρῆ-

370 5128 489 5167 rssc
520 5113 716 5181 passim
750 5112 1083 5168 adhibendos
1104 5128 1309 5178 omnes,
1337 5114 1424 5181 qui
1456 5128 1514 5168 se
1543 5113 1605 5165 ad
1632 5112 1895 5166 doccndttt

1337 5114 1424 5181 qui
1456 5128 1514 5168 se
1543 5113 1605 5165 ad
1632 5112 1929 5166 docendum
2035 5110 2157 5163 σθαι
2189 5111 2319 5162 πᾶσι
2347 5113 2459 5173 τοῖς
2490 5112 2848 5182 βουλομένοις.

372 5206 640 5271 ingerunt.

410 5309 645 5363 DXXVI.
679 5309 1103 5364 -ΡΛΙᾸΛΗΙΟ
1131 5308 1216 5363 ET
1247 5308 1533 5372 SERENO,
1566 5306 1895 5361 DIACONIS.

2106 5312 2292 5375 (itKCT'.
2324 5340 2392 5348 —
2423 5310 2782 5380 ΠΛΛΛᾹΔΙῼ,
2824 5312 3116 5380 ΣΕΡΠΝῼ,
3141 5308 3522 5364 ΔΙΑΚΟΝοίΣ.

1454 5398 1569 5466 ;1)εὶ
1600 5398 1993 5466 longanimitate
2030 5416 2127 5452 non
2156 5402 2489 5452 abutendum.

444 5504 549 5559 Nos
570 5508 721 5573 quasi
744 5507 919 5561 divina
946 5524 1001 5563 se
1025 5509 1229 5575 justitia
1258 5524 1359 5563 non
1382 5510 1727 5570 contineat.si
1752 5522 1924 5576 neque

2112 5512 2198 5573 Ὠς
2236 5512 2309 5580 μὴ
2340 5510 2661 5580 ἀνεξομένης
2703 5512 2797 5581 τῆς
2842 5514 2990 5574 θείας
3014 5514 3204 5583 δίκης,
3242 5513 3289 5565 εί
3320 5510 3451 5579 μηδὲ
3486 5521 3584 5577 μα-

375 5594 780 5664 hinganimitalc
814 5599 928 5666 ejus
955 5601 1375 5664 etncndabimur,
1412 5601 1501 5655 sed
1528 5600 1742 5654 omnino
1778 5615 1901 5669 quas

2057 5602 2303 5670 κροθνμίᾳ
2340 5600 2838 5671 βελτιωοησόμεθα,
2868 5603 3001 5656 ἀλλὰ
3028 5604 3241 5665 πάντως
3272 5602 3421 5662 δίκας
3451 5611 3583 5664 πρι-
