3864 6114
309 326 444 392 1625

1177 337 1708 401 EPISTOLARUM
1746 341 1888 401 LIB.
1931 343 2334 404 V.—EPIST.
2378 344 2698 405 DXXVIII.

3399 343 3533 408 1626

303 438 530 510 ξομὲνης
559 437 884 509 πικροτέρας
913 440 1036 503 τοὺς
1068 442 1203 512 μηδὲ
1230 446 1294 514 τῇ
1322 445 1488 515 ἀνοχῇ
1519 447 1599 508 είς
1630 446 1859 516 βελτίονα

1976 462 2165 516 poenas
2205 459 2461 504 exactura
2492 450 2565 502 sit
2609 447 2916 503 acerbi-ores
2948 448 3016 503 ab
3045 449 3129 514 iis,
3155 450 3246 519 qui
3276 451 3532 520 patientia

304 525 757 595 προθυμηθέντας
805 527 1080 581 πολιτείαν
1127 530 1354 595 ἑαυτοὺς
1388 533 1859 604 μετιιῤῥυθμλσοιι1

1977 540 2124 594 illius
2169 541 2236 594 ad
2285 539 2558 594 meliorem
2588 540 2710 594 vitae
2740 548 2940 595 statum
2981 555 3044 596 se
3085 555 3400 610 comparare
3428 558 3532 597 non

300 617 442 670 οὓτω
468 617 831 687 διακεώμεθα.

619 748 788 802 ΦΚΖ¹.
805 773 883 826 1-
910 748 1121 802 ΗΡΩΝΙ
1163 748 1278 804 Em
1286 749 1532 822 ΣΚΟΠῼ.

1973 630 2219 698 cupiunt,
2252 630 2331 685 sic
2370 630 2686 685 alliciamur.

2127 762 2289 831 712
2325 760 2577 816 DXXVII.
2608 791 2677 801 —
2715 757 2969 816 HERONI
3009 759 3362 818 EPISCOPO.

872 880 1057 936 Virtus
1083 897 1186 935 non
1214 890 1322 936 tam
1351 883 1712 953 urazdicanda,
1739 904 1895 958 quam
1923 895 2229 948 exercenda.
2257 893 2417 963 (Vide
2436 907 2584 963 supr.
2613 895 2770 963 epist.
2799 893 2954 964 525.)

367 1005 461 1082 τῷ
477 1009 627 1082 ,λόγῳ
660 1012 762 1082 μὲν
781 1012 882 1084 τὴν
905 1012 1108 1085 ἀρετὴν
1133 1014 1424 1084 κοσμοῦντι
1449 1055 1465 1082 ,
1498 1016 1644 1088 ἔργῳ
1673 1018 1731 1072 δὲ
1758 1021 1857 1092 τὴν

298 1101 498 1155 κακίαν
547 1101 922 1172 πρεσϐεύοντν
963 1105 1068 1158 καὶ
1118 1105 1318 1159 ἐοικότι
1365 1110 1476 1170 τοῖς
1517 1109 1610 1160 ἐπὶ
1653 1110 1857 1180 σκηνῆς

296 1193 598 1257 παίζουσιν·
624 1194 718 1246 καλ⁵
743 1194 954 1263 λέγοντι
980 1197 1078 1265 μὲν
1105 1195 1141 1250 ἃ
1170 1197 1245 1267 μὴ
1273 1197 1553 1266 γινώσκει,
1581 1198 1716 1269 μηδὲ
1744 1201 1857 1262 τοῖς

295 1281 478 1352 ἔργοις
523 1282 828 1352 βεϐαιοῦντι
883 1285 920 1339 ἃ
949 1285 1132 1354 λόγοις
1175 1287 1448 1357 σεμνύνειο
1483 1288 1732 1358 παραινῶ
1759 1289 1854 1342 τοῦ

296 1373 398 1444 μὲν
426 1374 670 1429 ἐπαινεῖν
709 1375 810 1444 τὴν
849 1375 1049 1447 ἀρετήν
1099 1377 1183 1448 μὴ’
1230 1377 1418 1448 λήγειν
1456 1379 1611 1449 (οὐδὲ
1642 1380 1750 1449 γὰρ
1775 1379 1853 1432 δί-

291 1461 502 1532 καιονῖ),
527 1461 662 1516 ἀλλὰ
693 1463 879 1533 λήγειν
906 1468 1005 1534 τῆς
1021 1466 1224 1536 ,κακίας
1244 1506 1260 1533 ,
1289 1468 1374 1522 ἵνα
1415 1468 1534 1522 κατ’
1564 1469 1732 1540 ἄμφω
1762 1470 1854 1521 εύ-

288 1551 509 1621 δόκιμος
552 1552 658 1622 εἴη.

602 1661 781 1715 ΦΚΙΡ.
812 1690 880 1700 —
921 1661 1207 1729 ΔΟΜΠΊῼ
1238 1664 1531 1719 ΚΟΜΗΤΙ.

2033 1025 2228 1080 Verbis
2251 1024 2470 1094 quidem
2501 1025 2755 1078 virtutem
2782 1009 3026 1088 ornanli,
3049 1024 3222 1093 opere
3246 1031 3423 1078 autem
3449 1025 3534 1078 vl-

1962 1113 2036 1168 tIo
2060 1114 2261 1182 primas
2291 1113 2541 1167 tribuenti
2591 1112 2644 1166 in
2680 1128 2838 1166 scena
2880 1111 3189 1168 ludentibus
3234 1111 3434 1175 simili,
3468 1126 3534 1167 ae

1959 1204 2157 1259 dicenti
2181 1217 2244 1257 ea
2279 1218 2398 1272 qua:
2425 1217 2530 1256 non
2567 1203 2846 1272 intelligit,
2871 1217 3047 1271 neque
3077 1203 3330 1270 operibus
3361 1202 3532 1256 stabi-

1959 1290 2105 1346 lienti
2125 1330 2141 1356 ,
2173 1307 2293 1361 quae
2335 1291 2673 1347 sermonibus
2695 1279 2866 1358 jactat
2896 1329 2912 1354 ,
2948 1289 3198 1359 equidem
3227 1290 3430 1344 suadeo
3473 1297 3532 1341 ut

1958 1385 2210 1439 virtutem
2240 1384 2460 1438 laudare
2491 1400 2594 1437 non
2623 1384 2836 1438 desinat
2867 1382 3066 1453 (neque
3095 1383 3237 1435 enim
3272 1396 3368 1450 par
3395 1381 3525 1449 est),

1954 1475 2049 1529 sed
2083 1482 2196 1528 uta
2230 1474 2430 1528 malitia
2463 1475 2692 1538 desinat,
2723 1482 2779 1527 ut
2803 1484 3030 1542 utroque
3064 1473 3283 1528 nomine
3311 1471 3524 1526 laudern

1962 1573 2222 1632 reportet.

2237 1668 2519 1723 DXXVIII.
2557 1699 2626 1709 —
2675 1667 2956 1723 DOMITIO
2984 1665 3242 1724 COMITI.

288 1787 367 1845 De
386 1794 616 1858 corporis
661 1793 1030 1848 exercitatione
1076 1805 1122 1848 et
1170 1795 1462 1850 valetudine
1502 1798 1694 1850 tuenda
1731 1799 1784 1869 in
1813 1801 1928 1869 cibo
1969 1810 2212 1869 ponique,
2271 1800 2518 1854 Isocratis
2551 1801 2803 1864 oratoris,
2849 1808 2897 1853 et
2947 1797 3285 1867 Hippocratis
3329 1795 3517 1850 medici

1388 1870 1674 1921 sententias.
1702 1868 1919 1938 (Confer
1941 1868 2213 1938 εμίειζἹὸ,
2242 1869 2392 1939 415.)

357 2005 530 2076 Ὅπερ
555 2004 648 2059 ἐπὶ
675 2006 782 2059 τῶν
810 2008 1127 2077 γυμνασίων
1156 2008 1264 2062 τῶν
1291 2009 1390 2077 τὴν
1417 2011 1627 2078 ὑγίειαν
1655 2011 1850 2080 διατη-

2031 2010 2105 2064 De
2152 2010 2393 2079 corporis
2443 2010 2920 2065 exercitationibus
2978 2010 3333 2064 valetudinem
3387 2023 3521 2065 con-

287 2094 522 2168 ρούντων
578 2096 889 2168 Ἰσοκράτης
934 2096 1241 2168 παρῄνεσεν
1286 2099 1421 2169 (55),
1479 2118 1496 2151 ι
1533 2101 1724 2155 Ἀσκει
1756 2119 1852 2170 γυ-

289 2189 528 2258 μνασίων
553 2188 630 2259 μὴ
657 2189 724 2240 τὰ
759 2189 895 2259 πρὸς
923 2189 1133 2260 ῥώμην,
1160 2189 1294 2243 ἀλλὰ
1324 2189 1459 2258 πρὸς
1488 2191 1698 2258 ὑγίειαν
1723 2209 1853 2261 συμ-

285 2279 537 2348 φέροντα.
580 2296 598 2329 ι
655 2278 855 2330 Τούτου
898 2278 943 2330 δ’
983 2279 1049 2332 ἂν
1077 2278 1354 2348 ὲπιτύχοις
1377 2316 1393 2344 ,
1431 2279 1479 2330 εἰ
1514 2279 1701 2348 λήγοις
1741 2279 1850 2332 τῶν

283 2369 461 2420 πῦνων
494 2367 575 2419 ἔτι
602 2369 784 2420 πονεῖν
805 2368 1122 2436 δυνάμενος.
1156 2368 1326 2421 Τοῦτο
1351 2369 1443 2421 καὶ
1470 2370 1562 2422 ἐπὶ
1595 2369 1850 2438 βρώσεως

283 2458 380 2511 καὶ
418 2458 646 2521 πόσεως,
678 2459 770 2511 καὶ
808 2459 902 2510 ἐπὶ
941 2457 1050 2511 τῶν
1095 2457 1292 2525 ἄλλων,
1340 2451 1415 2512 ὧν
1459 2457 1585 2512 ἄνευ
1607 2457 1707 2530 ζῇν
1750 2459 1850 2513 οὐκ

282 2545 449 2609 ἔστιν,
481 2547 531 2599 εί
575 2546 920 2616 μετενέγκοις
941 2585 956 2611 ,
989 2545 1183 2616 κομιδῇ
1217 2545 1567 2618 ὠφεληθήσῃ·
1596 2547 1714 2616 χρῶ
1737 2549 1848 2610 τοῖς

284 2637 472 2700 σιτίοις
500 2638 594 2690 καὶ
639 2636 843 2701 πότοις,
883 2637 957 2707 μὴ
1001 2639 1114 2700 τοῖς
1143 2637 1280 2706 πρὸς
1307 2636 1518 2707 ῥώμην,
1565 2637 1701 2690 ἀλλὰ
1737 2640 1847 2701 τοῖς

279 2729 418 2797 πρὸς
451 2727 656 2794 ὑγίειαν
701 2727 977 2796 βλέπουσι.
1011 2725 1211 2778 Τούτου
1245 2725 1290 2777 δ’
1336 2725 1401 2778 ἂν
1445 2725 1724 2795 ὲπιτύχοις
1748 2765 1763 2789 ,
1797 2727 1846 2779 εἰ

281 2817 473 2887 λήγοις
503 2817 698 2871 ἐσθίων
739 2819 833 2870 καὶ
877 2818 1066 2880 πίνων,
1098 2816 1178 2869 ἔτι
1208 2818 1402 2884 φαγεῖν
1443 2817 1538 2868 καὶ⁹
1581 2819 1725 2869 πιεῖν
1755 2817 1846 2870 δυ-

279 2911 534 2980 νάμενος.
581 2911 644 2962 Ei
666 2910 720 2962 δὲ
751 2909 915 2978 φαίης
936 2926 951 2940 ο
984 2908 1136 2960 Διατί
1168 2907 1222 2960 δὲ
1255 2908 1328 2976 μὴ
1349 2908 1416 2961 τὰ
1445 2907 1582 2976 πρὸς
1622 2907 1844 2976 ῥώμηνς

277 3002 470 3071 φαίην,
495 3002 580 3054 ὅτι
619 3001 853 3069 μάλιστα
887 2999 984 3070 μὲν
1014 2999 1114 3052 οὐκ
1142 2997 1349 3068 ἀθλητῇ
1369 3037 1382 3060 ,
1417 2997 1552 3052 ἀλλὰ
1579 2996 1844 3068 φιλολόγῳ

278 3092 533 3162 παρῄνει.
581 3091 791 3145 Ἔπειθ’
837 3091 919 3143 ὅτι
965 3090 1060 3142 καὶ
1108 3090 1230 3142 κατ’
1264 3088 1428 3141 αὐτὸν
1472 3088 1565 3141 τὸν
1598 3089 1841 3158 ῥήτορα,

277 3179 438 3250 ῥώμη
474 3178 613 3248 μετὰ
646 3179 743 3248 μὲν
775 3178 1086 3248 φρονήσεως
1107 3176 1326 3245 ὠφελεῖ,
1371 3175 1501 3230 ἄνευ
1542 3175 1600 3230 δὲ
1638 3175 1843 3245 ταύτης

276 3271 404 3330 τοὺς
442 3267 664 3338 ἔχοντας
722 3266 970 3336 βλάπτει.
1028 3265 1138 3318 Καὶ
1192 3265 1262 3317 τὰ
1311 3265 1407 3334 μὲν
1461 3264 1688 3334 σώματα
1734 3265 1841 3318 τῶν

274 3337 586 3410 ἀσκούντων
633 3356 855 3424 κοσμεῖν
897 3354 1066 3417 δοκεῖ,
1111 3355 1232 3416 ταῖς
1275 3353 1331 3405 δὲ
1364 3354 1464 3423 τῆς
1503 3353 1684 3422 ψυχῆς
1722 3355 1842 3407 ἐπι·
1872 3337 1914 3396 C

274 3447 519 3518 μελείαις
560 3446 845 3498 ἐπισκοπεῖ
880 3443 1012 3513 (56).
1055 3445 1118 3496 Εί
1159 3444 1215 3498 δὲ
1246 3445 1521 3512 νομίζεις,
1549 3446 1644 3498 τὸν
1691 3463 1842 3513 σοφι.

275 3540 409 3606 στὴν
439 3538 688 3608 ἰατρικῆς
712 3535 839 3589 ὄντα
876 3535 1123 3605 ἄπειρον,
1150 3535 1244 3587 καὶ
1275 3534 1333 3588 τὺ
1361 3535 1588 3605 ἀκριϐὲς
1617 3535 1692 3606 μὴ
1719 3537 1841 3588 ὲπι-

274 3629 560 3698 στάμενον,
595 3626 853 3698 ἀλλοτρίᾳ
879 3625 1042 3697 τέχνῃ
1066 3625 1126 3678 ού
1153 3625 1379 3689 δεόντως
1425 3625 1837 3697 ἐναϐρύνεσθαι·

273 3718 383 3772 ῐσθι
404 3759 418 3784 ,
441 3717 524 3770 ὅτι
551 3716 644 3769 καὶ
680 3713 1041 3783 Ἱπποκράτης
1074 3715 1100 3766 ὁ
1131 3713 1288 3782 Κῷος
1314 3707 1620 3780 ,πάντες
1658 3715 1835 3765 εἰκου-

235 3793 242 3798 ’
273 3825 381 3874 σιν,
409 3807 514 3876 ἔφη
547 3824 566 3858 ι
603 3804 713 3876 Τὴν
741 3804 949 3872 ὑγίειαν
975 3803 1341 3873 δια-τηρεῖσθαι
1366 3806 1431 3874 τῇ
1456 3803 1672 3872 ἀκορίῃ.
1701 3821 1718 3853 ι
1747 3803 1837 3856 Διὸ

271 3900 368 3954 καὶ
396 3900 428 3968 ἡ
475 3896 645 3949 ἔνδεια
684 3898 866 3966 μήτηρ
893 3895 1104 3962 ὑγιείας
1153 3893 1377 3956 εἰκότως
1410 3893 1644 3964 εἴρηται.
1679 3894 1836 3961 Σοφὼ

268 3991 328 4043 δὲ
357 3987 516 4058 ἄνδρε
543 3987 772 4057 είπάτην
802 3987 830 4038 ὁ
863 3985 986 4055 μὲν,
1026 4003 1045 4036 ι
1082 3983 1262 4053 Μηδὲν
1294 3983 1484 4052 ἄγανί
1517 3984 1545 4036 ὁ
1578 3983 1652 4051 δὲ,
1689 4001 1709 4035 ι
1731 3981 1838 4037 Μέ-

268 4095 400 4148 τρον
431 4077 670 4148 ἄριστον.
712 4095 731 4128 ι
766 4077 828 4128 Εἰ
867 4074 1044 4128 τοίνυν
1079 4074 1170 4127 καλ⁸
1211 4073 1303 4126 ἐπὶ
1334 4071 1568 4143 τροφῶν,
1603 4072 1698 4125 καὶ
1740 4073 1835 4126 ἐπὶ

267 4169 382 4222 τῶν
420 4167 730 4238 γυμνασίων
763 4166 822 4219 τὸ
855 4183 874 4216 ι
901 4165 1052 4236 παρὰ
1082 4164 1275 4236 μικρὸν
1304 4163 1401 4215 ούκ
1432 4161 1546 4214 ἐστι
1580 4162 1780 4231 μικρὸν
1811 4180 1830 4214 ι

271 4261 378 4330 (si;
412 4260 621 4327 ὑγίειαν
642 4260 750 4330 γὰρ
799 4256 1039 4329 βλὲπει)·
1101 4253 1445 4325 φυλάξωμεν,
1498 4253 1705 4324 μήποτε
1757 4251 1836 4322 τῷ

274 4353 423 4423 κόρῳ
452 4352 550 4422 τὴν
576 4351 783 4420 ὑγίειαν
811 4350 1164 4420 ὲξορίσωμεν.

1950 2101 2294 2155 servantibus
2315 2100 2576 2156 Isocrates
2609 2111 2792 2155 orator
2813 2103 2891 2155 sic
2916 2101 3234 2154 adhortatur
3259 2119 3271 2155 :
3303 2119 3321 2152 ι
3351 2102 3560 2154 Exe‘r-a

1950 2190 2234 2244 citationes
2279 2191 2524 2258 corporis
2575 2205 2666 2244 eas
2722 2191 3084 2259 amplectere,
3138 2206 3240 2243 non
3288 2205 3408 2258 (pta:
3451 2190 3519 2244 ad

1949 2282 2147 2342 robur,
2209 2281 2303 2333 sed
2363 2295 2483 2349 qua:
2539 2280 2826 2334 valetudini
2879 2280 3152 2348 prosint.)
3222 2278 3273 2330 Id
3338 2290 3516 2331 autem

1947 2368 2316 2435 consequeris,
2346 2368 2390 2421 si
2425 2367 2668 2421 laborare
2687 2380 2892 2430 cesses,
2917 2380 3038 2420 cum
3071 2365 3320 2419 laborare
3345 2364 3520 2417 adlmc

1947 2472 2155 2528 posses.
2196 2458 2449 2526 [denique
2479 2458 2543 2511 de
2568 2458 2688 2512 cibo
2721 2467 2980 2527 potuque,
3008 2458 3179 2524 deque
3206 2456 3325 2509 aliis
3357 2454 3520 2509 rebus

1946 2549 2139 2618 quibus
2176 2548 2340 2602 vitam
2388 2560 2622 2615 tuemur,
2644 2550 2688 2602 si
2709 2546 2956 2603 eﬂ'ectnm
2987 2547 3162 2613 dabis,
3187 2560 3515 2612 magtwpere

1946 2639 2206 2707 proderit.
2248 2638 2411 2694 Utere
2463 2653 2590 2709 ergo
2626 2639 2747 2694 cibo
2800 2647 3036 2706 potuqne
3087 2653 3190 2690 non
3227 2636 3290 2688 ad
3332 2637 3517 2698 robur,

1945 2730 2040 2784 sed
2087 2731 2153 2782 ad
2212 2731 2463 2783 tuendam
2495 2730 2737 2797 corporis
2764 2729 3142 2782 valetudinem.
3195 2726 3344 2779 lIanc
3390 2740 3517 2786 con-

1944 2819 2210 2885 sequeris,
2249 2819 2464 2886 inquam
2485 2858 2500 2883 ,
2531 2820 2574 2874 si
2607 2821 2765 2874 edere
2805 2834 2868 2872 ac
2899 2817 3082 2872 bibere
3111 2817 3352 2879 desines,
3393 2831 3516 2869 cum

1942 2909 2104 2964 edere
2153 2910 2382 2978 amplius
2428 2909 2603 2978 possis
2636 2923 2701 2963 ac
2751 2909 2957 2962 bibere.
3011 2907 3188 2970 Dices,
3224 2906 3332 2961 Cur
3364 2906 3511 2968 illud,

1947 3015 2083 3054 anon
2113 3000 2179 3054 ad
2210 3004 2400 3053 robur:
2430 3000 2658 3067 adjecit?
2681 3000 2954 3065 nimirum,
2983 2999 3124 3067 quod
3144 3013 3247 3051 non
3281 3007 3387 3052 tam
3417 3012 3513 3064 pu-

1944 3091 2035 3161 gili
2069 3105 2228 3158 quam
2260 3091 2501 3145 studioso
2531 3090 2870 3160 potissimum
2909 3090 3216 3144 litterarum
3249 3095 3513 3157 prmccpta

1945 3179 2196 3234 traderet.
2250 3179 2452 3234 Deinde
2496 3179 2646 3248 juxta
2683 3178 2833 3234 illum
2857 3185 3165 3240 oratorem,
3202 3177 3367 3231 robur
3389 3190 3513 3230 cor-

1945 3270 2111 3337 poris,
2139 3285 2258 3323 eum
2288 3270 2566 3338 prudentia
2603 3269 2734 3324 utile
2761 3270 2977 3339 quidem
3005 3279 3108 3333 est,
3140 3276 3294 3322 nocet
3325 3275 3506 3320 tamen

1947 3360 2014 3414 iis
2047 3362 2137 3429 qui
2171 3363 2362 3415 robore
2399 3360 2608 3429 praediti
2646 3370 2795 3426 sunt,
2821 3370 2878 3415 et
2913 3374 3137 3429 corpora
3165 3359 3380 3428 quidem
3415 3371 3514 3424 pn-

1944 3451 2106 3518 gilum
2140 3450 2351 3504 videtur
2383 3465 2581 3506 ornare
2602 3489 2618 3516 ,
2651 3451 2814 3505 animi
2847 3465 2980 3505 vero
3025 3449 3203 3504 studia
3246 3447 3512 3500 obfuscat.

1942 3543 2098 3606 Quod
2145 3541 2189 3595 si
2222 3541 2423 3596 dixeris
2466 3542 2760 3611 sopltistam
2803 3541 2952 3595 illum
2985 3541 3205 3594 medicae
3232 3546 3514 3605 expertem

1941 3630 2073 3684 artis
2126 3631 2321 3698 fuisse,
2381 3646 2559 3700 neque
2607 3632 2741 3687 satis
2775 3620 3024 3697 novisse,
3070 3629 3352 3697 alienaque
3396 3634 3514 3679 arte

1941 3717 2215 3786 illegitime
2261 3733 2379 3774 sese
2421 3731 2728 3786 ostentare,
2768 3723 2902 3777 scito
2929 3721 3307 3790 Ilippocratcm
3349 3717 3518 3771 etiam

1941 3809 2139 3874 Coum,
2189 3809 2273 3864 cui
2318 3825 2508 3866 omnes
2559 3810 2789 3866 libenter
2838 3813 3221 3872 assentiuntur,
3271 3807 3508 3860 aIIerrc:

1946 3899 2348 3953 «Valetudinem
2380 3901 2689 3954 conservari
2723 3900 2767 3955 si
2802 3915 2906 3954 non
2953 3899 3170 3954 satieris
3211 3897 3453 3950 nimium.
3487 3913 3507 3946 ι

1937 3987 2229 4057 Propterea
2261 3988 2435 4043 inedia
2462 3997 2623 4058 atque
2667 3988 2932 4058 jejunium
2973 3995 3146 4042 mater
3175 3985 3314 4040 dicta
3358 3983 3509 4038 sani-

1943 4079 2089 4133 tatis.
2153 4079 2318 4148 Igitur
2353 4095 2475 4134 cum
2523 4081 2769 4150 sapiente
2814 4084 2931 4134 viro
2966 4089 3196 4146 utroque
3226 4076 3413 4132 dixero
3455 4081 3511 4127 et

1942 4185 2062 4240 ego,
2094 4171 2288 4241 partim
2314 4188 2330 4226 :
2367 4192 2386 4224 ι
2406 4172 2483 4228 Ne
2504 4175 2630 4243 quid
2661 4174 2843 4240 nimis,
2869 4192 2889 4226 ι
2922 4168 3154 4242 partim:
3197 4189 3216 4222 ι
3241 4168 3428 4223 Modus
3455 4167 3510 4219 in

1941 4261 2088 4316 omni
2123 4276 2181 4316 re
2209 4263 2497 4331 Optimus.»
2543 4265 2687 4319 Idem
2717 4266 2761 4321 si
2793 4275 3071 4320 servemus
3104 4262 3156 4316 in
3187 4260 3324 4316 cibis
3352 4272 3508 4313 exer-

1941 4351 2398 4424 citationibusque
2437 4355 2604 4422 illud,
2650 4373 2671 4408 ι
2700 4357 2839 4426 quod
2891 4368 3051 4424 supra
3094 4352 3361 4406 modicum
3404 4355 3506 4401 est.

271 4444 415 4498 haud
445 4453 528 4498 est
551 4443 850 4505 modicum,
881 4460 899 4492 ι
934 4443 998 4493 ad
1029 4437 1258 4494 hominis
1279 4435 1526 4491 tuendam
1556 4435 1832 4505 pertinens
1870 4441 2263 4509 valetudinem,
2329 4456 2477 4503 certe
2501 4448 2784 4503 saturitate
2821 4461 2886 4504 ne
2951 4459 3186 4514 unquam
3221 4440 3511 4496 sanitatem

273 4534 714 4600 extermincmus,
750 4547 1056 4588 caveamus.

1356 4742 1586 4798 ΥΑΙίΙίΕ
1628 4742 2012 4800 LECTIONES
2050 4743 2138 4798 ET
2190 4743 2420 4800 NOTAE.

364 4925 453 4993 55)
478 4922 727 4979 Isocratis
763 4922 1020 4993 locusest
1058 4921 1110 4974 in
1152 4918 1582 4993 Hapgwéceiad
1622 4919 1817 4993 Demo-

267 4987 472 5057 nicuni,
505 4995 867 5061 lcgendusque
911 4987 1250 5061 Hieronymi
1273 4987 1622 5061 Mercurialis,
1657 4987 1820 5042 medi-

267 5079 366 5118 cus
397 5056 611 5127 excelll,
643 5063 695 5115 in
744 5056 1144 5129 Gymnasticis:
1185 5056 1522 5129 Hippocratis
1547 5072 1715 5129 _vcro,_
1753 5071 1822 5110 ex

267 5132 362 5186 ιιι».
395 5146 427 5183 v
461 5125 902 5199 Epidemicoritm,
932 5140 1062 5199 sect.
1081 5126 1114 5179 4
1140 5125 1660 5199 ιξιλὶσκησις-ὑγίης.⁹
1691 5126 1825 5199 ἀκο-

269 5201 359 5271 ρίη
393 5194 624 5271 γτροξρῆς,
673 5198 862 5268 ἀοκνίη
924 5194 1483 5271 crdinum-Exercitatio
1532 5194 1825 5271 sanitatis:

265 5263 401 5322 vesci
431 5263 572 5322 ini-ti
612 5263 926 5332 satietatem,
966 5283 1065 5319 non
1105 5266 1348 5333 defugere
1401 5264 1650 5333 laborem.
1704 5263 1828 5318 Illas

266 5340 408 5391 inl'ra
441 5353 669 5405 gnomas
699 5337 877 5406 Μηδὲν
915 5330 1084 5399 ’ὁὶ-ίαν,
1114 5330 1204 5406 καὶ
1235 5330 1430 5406 μέτρον
1456 5330 1697 5406 ἄριστον,
1725 5335 1825 5406 Διιιιὶ

266 5401 524 5460 Cleobule
555 5407 746 5459 Lindie
777 5401 960 5458 tribuit
987 5401 1274 5467 Ausonius,
1300 5404 1350 5454 in
1385 5413 1572 5468 septem
1607 5401 1826 5469 Sapien-

269 5487 378 5526 tmn
413 5475 559 5538 ludo,
595 5475 755 5528 Solon
793 5489 941 5538 vero,
990 5473 1224 5535 Cbilonl,
1261 5481 1314 5524 et
1349 5469 1688 5524 Stratodcmo
1717 5471 1828 5522 cui-

270 5546 391 5596 tlam
423 5544 666 5611 Tegealze
701 5543 1016 5611 attributum
1078 5541 1262 5594 scribit
1293 5538 1824 5611 Cletttelts_Alcxa_ml.

272 5607 577 5665 Strontat'co
607 5614 798 5680 primo.
832 5609 1111 5678 Euripides
1141 5619 1194 5663 et
1225 5608 1510 5680 Terentius
1543 5608 1605 5680 in»
1627 5607 1826 5657 Andria

276 5691 554 5748 usurpant,
602 5676 652 5734 et
687 5682 734 5732 in
783 5676 1265 5746 Atlagftlltiliustcs
1309 5677 1524 5743 exponit
1574 5676 1823 5739 Batavus,

1927 4929 1986 4973 ιιι
2013 4919 2247 4974 Isidorus
2280 4935 2471 4990 supra
2496 4933 2620 4990 opp.
2655 4921 2724 4973 73
2754 4928 2807 4975 et
2847 4920 2970 4974 415.
3007 4916 3284 4989 Theognis
3316 4927 3504 4975 autem

1928 5005 2075 5044 vers.
2107 4990 2211 5043 3‘55
2248 4989 2324 5042 sic
2354 4988 2635 5058 conjungit
2673 5005 2686 5040 :

1995 5079 2200 5144 Μηδὲν
2221 5079 2374 5146 ἄγαν
2408 5078 2697 5132 σπεύδειν
2721 5094 2736 5109 ·
2766 5078 3006 5133 πάντων
3025 5079 3159 5149 μέσ’
3192 5079 3426 5146 ἄριστα.

1933 5169 1996 5223 Ει
2025 5183 2237 5223 rursum
2270 5183 2408 5224 vers.
2437 5170 2560 5224 401.
3109 5169 3394 5240 [ἄριστος.

1999 5260 2203 5328 Μηδὲν
2246 5259 2397 5322 ἄγαν
2439 5260 2762 5314 σπεύδειν·
2814 5259 3016 5328 καιρὸς
3069 5260 3263 5382 δ’δέπὶ
3313 5258 3505 5313 πᾶσιν

3160 5344 3362 5382 cnorr.

3160 5344 3362 5382 (IIIOTT.

2002 5421 2114 5487 (56)
2153 5421 2574 5496 ΡῙο-επισκοπεῖ
2604 5419 2758 5473 codd.
2794 5418 2910 5472 Val.
2944 5419 3047 5471 650
3077 5419 3272 5496 υιλΛΙι..
3303 5419 3506 5496 habent
3587 5474 3607 5496 ⁵

1933 5486 2227 5542 ἐπισκοτεῖ,
2256 5490 2404 5542 Vers.
2442 5499 2761 5556 antepen.et
2789 5505 2908 5556 pen.
2931 5503 3015 5556 ep.
3051 5493 3164 5541 end.
3199 5488 3341 5540 solus
3383 5486 3503 5540 Vat.

1932 5559 2036 5611 650
2085 5560 2244 5610 aliam
2292 5558 2415 5627 lect.
2458 5558 2604 5627 oll'ert
2668 5557 2718 5608 in
2782 5575 2949 5627 marg.
3002 5573 3098 5627 pro
3149 5557 3502 5626 φυλάξωμεν,

1936 5641 2123 5695 nt‘mpc
2154 5624 2529 5696 φυλαξώμεθα.
2565 5626 2777 5682 Possm.
