3864 6114
313 320 446 384 1529
797 387 802 391 ν

751 432 920 486 ΦΛΕν.
955 461 1025 471 —-
1065 433 1428 490 ΟΥΑΛΕΝΤΙ.

1212 325 1744 387 EPISTOLARUM
1781 328 1926 386 LIB.
1965 327 2034 386 V.
2078 350 2145 364 -
2187 324 2420 384 EPIST.
2467 325 2636 383 DXL.

1920 443 1957 498 Α

3417 324 3552 391 1630

2411 433 2671 487 DXXXV.
2715 463 2786 472 —-
2814 432 3131 488 VALENTI.

1217 551 1294 606 De
1322 555 1615 608 sacerdotio
1643 556 1892 623 indignis.
1929 551 2090 624 (Vide
2118 553 2267 620 epist.
2302 550 2407 606 556
2430 559 2480 603 et
2508 550 2660 620 557.)

379 658 516 732 ᾟοὺς
550 664 680 732 παρ’
725 663 883 729 ἀξίαν
911 665 1170 735 τυχόντας
1222 667 1504 737 ἱερατικῆς
1564 669 1730 739 τιμῆς
1763 670 1866 722 ὑπ-

307 753 522 805 ακούειν
555 754 764 824 ἀνάγκη
810 757 921 818 τοῖς
962 758 1022 809 οὐ
1073 757 1299 820 δεόντως
1339 758 1628 824 δεδωκόσι,
1661 759 1763 813 κᾶν
1796 762 1876 822 είς

308 843 438 894 αὐτό
471 843 530 895 τὸ
559 844 711 896 Θεῖον
744 846 811 898 τά
853 845 1105 915 δρώμενα
1139 845 1323 914 βλέπει
1344 861 1358 876 ’
1389 847 1471 900 διὸ
1499 849 1594 902 καὶ
1622 849 1873 919 ἀλλήλοις

307 927 406 997 τὴν
450 930 632 983 ἄδικον
673 931 878 1000 ταύτην
924 933 1191 986 ἀντίδοσιν
1242 935 1606 1004 παρέχοντες,
1640 936 1870 1006 δύναμιν

307 1022 367 1073 ού
419 1023 617 1094 μικρὰν
647 1024 726 1084 εἰς
764 1023 824 1075 τὸ
863 1024 1002 1077 κατά
1029 1025 1137 1076 τῶν
1177 1020 1236 1078 εὖ
1275 1025 1529 1095 βιούντων
1558 1026 1875 1091 ὁπλίζεσθαι

309 1112 837 1180 προσλαμϐάνουσιν.
880 1113 940 1165 Εἰ
985 1114 1042 1166 δέ
1087 1117 1230 1185 τι.ςῆ
1271 1116 1525 1179 τούτους,
1562 1117 1594 1188 ἢ
1634 1117 1874 1181 ἐκείνους

309 1201 632 1258 αἰτιάσοιτο,
685 1203 1025 1270 παρακινῶσι
1074 1208 1186 1266 τοῖς
1231 1206 1527 1276 δρωμένοις
1575 1209 1669 1260 καὶ
1718 1209 1877 1277 εἰρω-

307 1289 477 1352 νείαν,
507 1289 535 1341 ὃ
563 1291 669 1342 τῶν
703 1291 992 1360 δρωμένων
1030 1293 1422 1363 ἀλγεινότερον,
1465 1295 1540 1365 τῷ
1573 1299 1872 1365 συγχωρεῖν

309 1379 611 1446 γίγνεσθαι,
634 1379 805 1432 ταῦτα
828 1379 1108 1448 βούλεσθαι
1138 1384 1197 1435 τὸ
1211 1383 1363 1436 Θεῖον
1391 1385 1869 1455 καταψευδόμενοι.

511 1487 677 1553 «mc.
711 1516 781 1526 —
825 1472 1162 1559 ΑΘΑΝᾸΣΙῼ
1193 1490 1658 1563 ΠΡΕΣΒΥΤΕΡῼ.

2053 670 2152 736 Qui
2197 669 2419 738 indigne
2467 666 2754 722 sacerdotii
2804 676 2930 722 sunt
2971 668 3176 724 honore
3217 669 3418 736 aﬂ‘ecti,
3461 685 3555 724 ue-

1987 775 2138 816 cesse
2188 768 2271 814 est
2322 759 2580 813 obediant
2626 758 2675 812 ei
2723 759 2816 825 qui
2876 773 2981 812 non
3038 759 3215 813 debite
3261 760 3552 819 ordinavit,

1978 865 2100 906 cum
2131 853 2195 905 ad
2225 851 2462 904 divinum
2490 864 2688 903 numen
2729 850 2999 902 ordinatio
3029 858 3236 914 spectet
3269 866 3284 904 :
3319 853 3463 903 unde
3504 863 3555 902 et

1979 950 2163 994 mutuo
2222 940 2476 1007 injustam
2535 938 2946 992 retributionem
3011 937 3174 1009 714
3216 938 3553 1007 prmbenles,

1978 1030 2290 1084 facultatem
2317 1045 2422 1083 non
2449 1029 2713 1082 modicam
2743 1027 2841 1081 sibi
2870 1028 3164 1092 vindicant,
3196 1043 3300 1096 qua
3336 1029 3386 1080 in
3415 1029 3551 1081 bene

1978 1121 2224 1175 viventes
2279 1121 2650 1173 obarmentnr.
2703 1117 2759 1170 Si
2803 1118 2923 1185 quis
2969 1133 3096 1170 vero
3149 1119 3250 1171 hos
3305 1127 3396 1170 aut
3439 1117 3555 1170 illos

1983 1221 2225 1272 accuset,
2256 1211 2427 1264 sacris
2461 1210 2620 1263 rebus
2653 1208 2820 1262 risum
2852 1207 3108 1268 concitet,
3137 1208 3276 1275 quod
3317 1207 3554 1261 deterius

1981 1307 2064 1353 est
2097 1299 2275 1368 longe,
2319 1313 2480 1366 quam
2517 1296 2656 1351 male
2699 1296 2898 1350 initiari
2925 1299 3262 1366 permittere,
3295 1296 3437 1366 quod
3467 1305 3552 1350 est

1979 1389 2145 1442 Deum
2173 1388 2310 1442 velle
2339 1386 2544 1442 fallere.
2861 1393 2864 1396 ’

2099 1495 2386 1551 DXXXVI.
2422 1525 2492 1536 —
2517 1493 2920 1550 ATHANASIO
2955 1493 3430 1567 PRESBYTERO.

1353 1588 1426 1658 De
1449 1603 1647 1658 Zosimi
1676 1607 1913 1662 amicitia
1944 1611 2102 1662 noxia
2129 1618 2176 1664 et
2208 1623 2466 1679 suspecta.

376 1706 545 1768 Μῖσός
577 1722 660 1758 σοι
698 1707 904 1777 ἀνεφύη
947 1707 1097 1780 παρά
1145 1711 1280 1762 πᾶσι
1326 1710 1414 1764 διὰ
1463 1711 1560 1782 τὴν
1590 1713 1866 1777 ἀσέϐειαν,

2045 1716 2242 1771 Odium
2279 1732 2406 1787 erga
2462 1727 2513 1772 te
2547 1717 2686 1787 apud
2738 1725 2930 1772 omnes
2963 1716 3294 1771 recrudescit
3340 1717 3409 1772 ob
3452 1717 3551 1771 im-

307 1798 404 1868 τὴν
437 1797 668 1868 Ζωσίμῳ
703 1799 840 1869 φίλῳ
865 1798 942 1869 τῷ
970 1800 1046 1870 σῷ
1076 1800 1500 1872 τετολμημένην.
1538 1804 1602 1856 Οἱ
1639 1805 1737 1873 μὲν
1764 1805 1867 1876 γὰρ

1991 1807 2250 1871 )ietatem,
2299 1821 2460 1876 quam
2517 1807 2767 1862 Zosimus
2818 1806 2908 1860 tibi
2958 1808 3157 1861 charos
3198 1816 3410 1875 patrare
3469 1817 3552 1862 est

307 1890 671 1960 ἀφειδέστεροί
699 1908 851 1959 φασι,
887 1892 961 1962 μὴ
998 1893 1223 1963 ἄμοιρόν
1257 1909 1316 1946 σε
1345 1891 1483 1948 εἶναι
1521 1897 1620 1966 τῆς
1661 1897 1871 1967 δραμα-

306 1981 583 2050 τουργίας·
637 1983 683 2033 οἱ
729 1981 787 2035 δὲ
833 1983 1246 2054 ἐπιεικέστεροι,
1289 1985 1515 2057 ἄμοιρον
1557 1989 1655 2058 μὲν
1701 1986 1872 2054 εἶναι,

307 2076 601 2144 δυνάμενον
635 2076 693 2129 δὲ
735 2077 1007 2142 κωλῦσαι,
1044 2078 1120 2146 μὴ
1155 2077 1530 2148 βεϐουλῆσθαν
1557 2083 1638 2136 διὸ
1676 2085 1768 2136 καὶ
1797 2083 1876 2137 δί-

311 2181 461 2228 καιος
492 2165 556 2217 ἂν
579 2167 695 2234 εῖης
721 2168 868 2237 παρὰ
899 2169 1114 2221 πάντων
1151 2171 1267 2230 ταῖς
1293 2171 1652 2240 κατηγορίαις
1682 2172 1870 2242 βάλλε-

311 2257 452 2310 σθαι.
508 2261 568 2310 Οί
621 2258 677 2310 δὲ
725 2259 1082 2328 βεϐουλῆσθαι
1129 2260 1249 2328 μὲν,
1305 2260 1380 2330 μὴ
1427 2262 1744 2333 δεδυνῆσθαι
1795 2265 1874 2321 δέι

323 2348 460 2400 Ἀλλ’
497 2349 618 2401 οὐδὲ
649 2345 793 2403 οὗτοι
822 2349 919 2418 τὴν
945 2350 1196 2417 ἀφιεῖσαν
1227 2352 1357 2421 περὶ
1386 2351 1479 2405 σοῦ
1507 2353 1729 2423 φέρουσι
1765 2355 1872 2423 ψῆ-

310 2455 429 2506 φον,
469 2439 602 2492 ἀλλά
646 2439 962 2508 φράζουσινο
998 2442 1062 2495 Ei
1101 2441 1196 2494 καὶ
1241 2441 1315 2512 μὴ
1364 2443 1726 2514 κεκοινώνηκε
1777 2445 1872 2498 τοῦ

311 2529 623 2598 σκέμματος
650 2568 666 2593 ,
713 2531 795 2583 ὅτι
832 2530 1073 2585 τοιούτου
1125 2532 1313 2600 ἀνδρὸς
1353 2533 1503 2599 φίλος
1545 2535 1870 2603 γεγένηται,

311 2619 631 2688 μεμόλυται.
662 2621 835 2684 Αὐτὸς
862 2616 954 2675 οὖν
984 2623 1189 2686 δίκαιος
1215 2621 1264 2676 εἷ
1286 2623 1702 2694 βουλεύσασθαι,
1726 2628 1874 2689 ὅπως

306 2710 510 2782 ταύτην
535 2711 859 2782 ἀποτρίψαιο
881 2711 980 2783 τὴν
1009 2713 1243 2780 ἀδοξίαν.

536 2816 702 2871 ΦΛΖ’.
742 2847 812 2858 -
856 2817 1232 2871 ΕΥΔΑΙΜΟΝΙ
1281 2818 1629 2873 ΦΙΛιΠΠΟΥ.

1977 1913 2163 1952 ausus.
2216 1898 2316 1962 Qui
2363 1898 2567 1964 largius
2619 1897 2884 1961 referunt,
2934 1898 3087 1951 aiunt
3133 1909 3440 1952 consortem
3495 1909 3548 1953 te

1979 1989 2229 2043 factionis
2261 2003 2383 2044 esse
2410 2005 2423 2042 :
2451 1989 2538 2056 qui
2583 2003 2711 2042 vero
2746 1989 2982 2057 parcius,
3015 2000 3288 2042 exsortem
3328 1989 3544 2057 quidem

1977 2086 2031 2132 te
2076 2093 2220 2140 esse,
2273 2079 2565 2146 prohibere
2606 2089 2784 2132 tamen
2831 2077 3094 2146 potuisse,
3141 2080 3236 2132 sed
3289 2079 3545 2134 uoluisse.

1983 2169 2338 2236 Quamobrem
2403 2169 2596 2222 merito
2641 2177 2692 2222 te
2749 2169 2816 2221 ah
2871 2169 3122 2222 oumibus
3180 2170 3544 2222 accusandum

1979 2262 2152 2315 videri
2183 2262 2352 2314 aiunt.
2393 2260 2497 2313 Alii
2529 2260 2692 2313 etiam
2733 2258 2966 2314 voluisse
2992 2260 3206 2327 quidem
3240 2269 3312 2323 te,
3357 2271 3412 2313 at
3441 2276 3548 2314 non

1979 2353 2218 2421 potuisse
2250 2353 2316 2402 ab
2359 2350 2552 2417 injuria
2588 2348 2892 2417 prohibere.
2933 2349 3128 2402 Verum
3161 2364 3334 2417 neque
3365 2350 3417 2402 hi
3452 2351 3546 2404 ab-

1978 2440 2262 2494 solutionis
2294 2441 2360 2496 de
2407 2449 2458 2494 te
2489 2440 2816 2494 sententiam
2847 2436 3050 2502 ferunt,
3083 2439 3175 2493 sed
3222 2439 3392 2502 aiunt,
3441 2440 3545 2493 etsi

1980 2544 2087 2583 non
2140 2529 2642 2591 commnnicaverit,
2684 2528 2824 2596 quod
2883 2536 3064 2582 tantus
3112 2535 3290 2580 tamen
3337 2529 3546 2582 amicus

1978 2621 2141 2673 fuerit
2186 2620 2374 2688 ipsius,
2425 2619 2822 2672 contaminatus
2871 2627 2976 2680 est,
3029 2617 3152 2687 jure
3203 2617 3549 2674 inducendus

1979 2711 2143 2779 igitur
2172 2725 2252 2777 es,
2289 2720 2348 2764 ut
2381 2710 2522 2764 illam
2557 2709 2904 2778 ignominiam
2937 2709 3142 2763 deleas.

2131 2819 2438 2875 DXXXVII.
2471 2849 2539 2860 —
2569 2817 2951 2874 EUDIEMONI
2993 2819 3282 2875 PHILIPPI
3323 2820 3386 2874 F.

923 2950 1116 3006 Rerum
1139 2951 1442 3020 caelestium,
1466 2970 1622 3022 quant
1649 2957 1976 3006 terrestrium
2001 2971 2130 3008 cura
2169 2955 2364 3020 potior.
2393 2952 2572 3023 (Conf.
2599 2956 2743 3023 epist.
2789 2953 2934 3024 I08.)

391 3060 608 3132 Ἐπειδὴ
632 3062 731 3115 οὐκ
755 3061 815 3126 ἐξ
845 3061 958 3114 ῖσου
993 3062 1100 3114 τῶν
1126 3061 1462 3115 διδασκάλων
1487 3062 1584 3131 τὴν
1608 3063 1869 3134 ἀκρόασιν

1900 3127 1943 3156 f‘

2045 3065 2176 3119 Cum
2204 3080 2308 3118 non
2341 3066 2454 3134 pari
2490 3064 2680 3119 all‘ectu
2714 3067 2954 3120 docentis
2982 3065 3305 3135 accipiamus
3335 3080 3545 3132 vocem,

307 3152 630 3222 ποιούμεθα,
663 3153 798 3205 ἀλλά
832 3155 941 3214 τοῖς
979 3154 1076 3222 μὲν
1115 3155 1207 3205 ἐπὶ
1245 3154 1314 3206 τὰ
1352 3155 1579 3222 βιωτικά
1615 3171 1867 3224 παρακα-

1991 3157 2068 3208 ιθά
2104 3157 2168 3208 iis
2199 3171 2318 3225 qua:
2353 3156 2417 3208 ad
2467 3157 2745 3209 saecularia
2797 3157 3044 3219 invitant,
3087 3158 3323 3208 animum
3367 3159 3538 3224 appli-

306 3242 458 3297 λοῦσι
482 3247 816 3315 προσέχομεν
845 3245 937 3297 τὸν
968 3244 1093 3297 νοῦν
1113 3261 1126 3278 ο
1158 3245 1266 3297 τῶν
1298 3245 1355 3297 δὲ
1383 3245 1476 3297 ἐπὶ
1500 3245 1600 3315 τὴν
1625 3245 1867 3314 οὐράνιον

1991 3261 2160 3300 :emus
2189 3263 2202 3312 ;
2235 3257 2291 3300 at
2340 3247 2430 3315 qui
2473 3247 2536 3300 ad
2584 3247 2854 3301 r-(eleslem
2898 3257 3092 3301 vocant
3125 3247 3540 3315 philosophiam,

307 3334 625 3402 φιλοσοφίαν
669 3333 976 3388 καλούντων
1011 3336 1132 3388 οὐδὲ
1170 3335 1270 3406 τὴν
1315 3336 1495 3404 φωνὴν
1530 3336 1867 3406 ἀνεχόμεθα·

305 3425 392 3479 διὰ
419 3425 578 3480 τοῦτο
609 3426 678 3478 τὰ
702 3427 801 3496 μὲν
831 3426 988 3497 ἔργα,
1013 3427 1082 3480 τά
1103 3427 1160 3480 δὲ
1188 3427 1466 3499 ἡγούμεθα
1491 3428 1764 3500 πάρεργα.

572 3609 742 3663 ΦΛΗ’.
782 3638 852 3648 ——
889 3609 1098 3662 ΗΡΩΝῙ
1137 3609 1598 3682 ΠΡΕΣΒΥΤΕΡῼ.

1977 3352 2162 3390 eorum
2191 3352 2255 3391 ue
2279 3352 2463 3390 vocem
2490 3337 2702 3407 quidem
2722 3337 2907 3391 audire
2938 3338 3262 3391 sustinemus
3295 3354 3308 3390 :
3345 3337 3544 3390 itlcirm

1982 3428 2064 3480 itla
2113 3430 2329 3496 quidem
2377 3429 2552 3494 utilia,
2599 3429 2712 3482 haec
2748 3442 2877 3482 vero
2912 3429 3142 3495 inutilia,
3173 3439 3226 3483 et
3272 3429 3339 3481 ab
3378 3444 3542 3496 opere

1977 3520 2242 3586 ducimus,
2268 3520 2464 3576 aliena.

2125 3605 2455 3660 DXXXVIII.
2480 3635 2551 3644 —
2581 3604 2836 3658 IIERONI
2874 3604 3350 3660 PRESBYTEBO.

1283 3723 1622 3776 Laconismus
1649 3721 1920 3774 laudatur.
1951 3717 2187 3788 (Confer.
2220 3719 2375 3784 epist.
2409 3717 2559 3783 121.)

380 3829 501 3897 Χρὴ
538 3828 638 3880 κάν
667 3827 743 3896 τῷ
771 3827 970 3894 λέγειν,
1004 3827 1107 3880 κάν
1139 3825 1212 3896 τῷ
1246 3827 1476 3906 γράφειν
1498 3825 1663 3894 τιμᾷν
1688 3825 1746 3876 τὸ
1776 3823 1870 3891 μέν

2045 3821 2180 3877 Cum
2229 3822 2280 3874 in
2335 3823 2580 3888 dicendo,
2628 3833 2736 3876 tum
2788 3823 2839 3876 iu
2890 3823 3177 3877 scribendo
3227 3824 3414 3877 modus
3459 3833 3543 3877 est

308 3933 482 3988 τριον·
505 3919 599 3969 καὶ
632 3917 707 3986 μὴ
732 3917 835 3980 ἔξω
871 3919 981 3968 τῶν
1013 3917 1215 3986 καιρῶν
1249 3915 1528 3985 φέρεσθαι,
1556 3915 1604 3966 εί
1640 3915 1714 3983 μή
1747 3930 1808 3980 γε
1837 3915 1867 3983 ἡ

1991 3914 2332 3974 ιάίιίϋοηὰυε,
2391 3914 2627 3981 nihilque
2672 3914 3023 3967 immoderate
3071 3914 3373 3975 dicendum,
3435 3916 3534 3968 nisi

309 4004 421 4058 τῶν
467 4003 751 4075 ἀκροατῶν
808 4005 1077 4074 βραδυτὴς
1122 4004 1480 4072 ἀναγκάσειεν
1528 4005 1730 4057 ἄκοντα
1780 4002 1867 4056 τὸν

1991 4004 2114 4056 'orte
2167 4001 2469 4057 auditorum
2522 4003 2729 4056 tardum
2784 4003 3077 4070 ingenium,
3118 4003 3277 4055 etiam
3307 4003 3528 4057 invitum

311 4097 557 4164 λέγοντα,
587 4096 678 4148 καὶ
707 4095 799 4147 ἐπὶ
824 4096 886 4147 τὸ
921 4097 1292 4166 μακρηγορεῖν
1323 4094 1649 4158 ὲκϐιὰζοιτο.

361 4204 526 4258 ΦΛΘν.
557 4234 623 4245 -
653 4205 923 4274 ΖΩΣΙΜῼ,
958 4204 1220 4256 ΜΑΡΩΝΙ
1255 4203 1372 4256 ΚΑΙ
1420 4203 1830 4256 ΧΛΙΡΗΜΟΝΙ.

1973 4095 2152 4148 dicere
2176 4093 2572 4163 explanareque
2591 4101 2747 4160 cogat
2771 4093 3060 4162 copiosius.

1977 4200 2261 4256 DXXXIX.
2321 4229 2392 4242 —-
2453 4198 2740 4260 ZOSIMO.
2821 4199 3124 4266 MARONI,

2635 4267 2917 4324 [{EMONI.

3199 4200 3284 4255 ET
3351 4201 3513 4257 CIIAS

1290 4366 1655 4422 Peccatoribus
1683 4383 1796 4421 vere
1837 4363 2204 4435 paenitentibus
2233 4365 2450 4431 ignoscit
2492 4363 2651 4417 Deus.

383 4478 446 4529 Ei
473 4476 566 4528 καὶ
599 4473 829 4543 μέγιστα
855 4476 948 4528 καὶ
974 4473 1300 4544 συγγνώμης
1335 4473 1555 4544 μείζονα
1582 4476 1867 4545 ἐπλημμε-

2045 4472 2281 4526 Tametsi
2319 4484 2374 4526 et
2412 4472 2618 4541 gravia,
2655 4481 2710 4526 et
2739 4473 2895 4526 venia
2942 4474 3156 4542 indigna
3212 4475 3546 4529 commiseri-

310 4569 538 4639 λήσατε,
561 4567 696 4620 ἀλλά
732 4583 797 4634 γε
833 4565 1160 4636 συγγνώμης
1199 4565 1370 4619 ταῦτα
1411 4567 1632 4632 ἀξιώσει
1666 4569 1695 4620 ὁ
1737 4569 1876 4636 Κρι-

309 4661 431 4731 τὴς,
456 4659 569 4728 είγε
605 4660 889 4729 εἰλικρινεῖ
919 4658 1175 4728 μετανοίᾳ
1207 4658 1595 4729 θεραπευθείη.

590 4767 724 4821 ΦΜ’.
763 4795 833 4807 —
858 4767 1093 4819 IEPAKI
1128 4767 1593 4836 ΠΡΕΣΒΥΤΕΡῼ,

1982 4569 2070 4633 tis,
2102 4567 2267 4636 judex
2317 4576 2496 4622 tamen
2551 4568 2690 4622 Deus
2739 4568 3004 4638 ignoscet,
3043 4570 3088 4624 si
3131 4571 3290 4625 modo
3333 4571 3543 4625 sincera

1982 4660 2276 4714 accesserit
2306 4659 2643 4727 poenitentia.

2213 4765 2375 4818 DXL.
2411 4794 2482 4805 —
2510 4763 2790 4820 IIIERACI
2828 4765 3305 4821 PRESBYTERO.

1324 4877 1402 4930 De
1423 4877 1738 4930 meticulosis
1767 4886 1812 4931 et
1842 4876 2021 4945 inﬁdis
2051 4875 2509 4931 commilitonibus.

381 5015 444 5066 Οί
471 5012 578 5083 πρὸ
605 5011 711 5064 τῶν
741 5007 999 5062 κινδύνων
1038 5005 1116 5077 τῷ
1156 5007 1306 5076 φόϐῳ
1345 5008 1747 5078 δεδουλωμένοι,
1779 5009 1872 5062 καὶ

269 5113 271 5117 ‘
314 5104 390 5174 μὴ
438 5105 678 5170 ἐνεγκεῖν
720 5100 816 5170 τὴν
859 5098 1184 5169 προσδοκίαν
1219 5098 1574 5166 δυνηθέντες,
1611 5100 1716 5168 πρὸ
1762 5099 1871 5152 τῶν

281 5189 648 5264 Ἶσιραγμάτων
679 5191 773 5244 τοῦ
806 5189 996 5260 καιροῦ
1027 5190 1123 5261 τὴν
1169 5189 1466 5258 μεταϐολὴν
1505 5191 1874 5260 θεραπεύσαν-

307 5301 420 5346 τες,
450 5283 566 5346 πῶς
592 5284 689 5336 οὐκ
717 5282 937 5352 ἔμελλον
958 5281 1140 5341 αὐτοῖς
1163 5283 1274 5342 τοῖς
1297 5280 1486 5342 δεινοῖς
1508 5281 1871 5350 ἐμϐεϐηκότες

310 5375 559 5444 ἄνανδροι
601 5373 968 5444 ὀφθήσεσθαις
1002 5370 1208 5426 Οὐκοῦν
1236 5373 1284 5424 εί
1330 5371 1598 5440 παρόντες
1637 5371 1786 5423 οὐδὲν
1816 5371 1882 5423 ἂν

309 5459 528 5528 ὤνησαν
549 5461 673 5520 τοὺς
696 5459 1122 5526 συναγωνιστὰς,
1147 5458 1379 5519 ἀπόντες
1398 5457 1466 5508 τά
1493 5456 1720 5526 μέγιστα
1741 5457 1878 5524 ὠφέ-

314 5551 505 5616 λησαν,
547 5551 639 5602 καὶ
673 5550 772 5619 τὴν
811 5548 988 5618 λύπην
1015 5547 1111 5618 τὴν
1149 5550 1212 5600 ἐκ
1242 5548 1338 5617 τῆς
1370 5545 1654 5617 προδοσίας
1700 5547 1876 5616 ἠμαύ-

317 5656 394 5708 ρω
403 5656 516 5693 σαν.

2047 5006 2147 5072 Qui
2199 5008 2248 5059 in
2285 5003 2537 5074 periculis
2581 5001 2927 5068 adversisque
2969 5001 3130 5056 rebus
3176 5011 3320 5056 metu
3370 5002 3533 5072 capti,

1980 5098 2155 5154 timori
2214 5095 2575 5154 subserviunt,
2633 5107 2807 5160 neque
2858 5092 2980 5144 mali
3023 5093 3385 5159 impendentis
3433 5110 3541 5146 me-

1979 5200 2088 5243 tum
2127 5188 2266 5242 ferre
2301 5194 2544 5254 possunt,
2586 5190 2720 5238 ante
2762 5193 2970 5252 tempus
3011 5199 3187 5237 rerum
3241 5197 3543 5240 commuta-

1980 5282 2176 5333 tionem
2212 5285 2546 5342 exoptantes,
2580 5276 2632 5328 hi
2663 5276 2706 5328 si
2739 5276 2791 5327 in
2829 5275 3035 5344 gravia.
3057 5274 3190 5327 tnala
3231 5275 3538 5343 inciderint,

1982 5368 2166 5437 quidni
2209 5365 2498 5420 effeminati
2556 5365 2852 5433 mollesque
2902 5365 3244 5420 habeantur?
3283 5363 3452 5433 Igitur
3495 5369 3538 5421 si

1985 5469 2277 5530 praesentes
2310 5457 2512 5511 nullum
2542 5457 2802 5510 auxilium
2830 5456 3068 5511 tulerunt
3097 5456 3538 5522 allaborantibus,

1984 5549 2236 5602 absentes
2282 5548 2513 5602 maxime
2543 5547 2876 5615 profuerunt,
2911 5554 2964 5600 et
2999 5546 3235 5599 dolorem
3278 5548 3538 5617 proditio-

1984 5643 2067 5697 nis
2097 5642 2443 5711 dissiparunt.
