  <div class='ocr_page' id='page_1' title='image "/cluster/home/n/w/nwhite01/storage/ocr_20150623/78/mdp.39015010334699/833.png"; bbox 0 0 3864 6114; ppageno 0'>
   <div class='ocr_carea' id='block_1_1' title="bbox 435 218 530 281">
    <p class='ocr_par' dir='ltr' id='par_1_1' title="bbox 435 218 530 281">
     <span class='ocr_line' id='line_1_1' title="bbox 435 218 530 281; baseline -0.011 0"><span class='ocrx_word' id='word_1_1' title='bbox 435 218 530 281; x_wconf 73' lang='grc'><strong>631</strong></span> 
     </span>
    </p>
   </div>
   <div class='ocr_carea' id='block_1_2' title="bbox 400 217 1877 400">
    <p class='ocr_par' dir='ltr' id='par_1_2' title="bbox 400 217 1877 400">
     <span class='ocr_line' id='line_1_2' title="bbox 400 217 1877 282; baseline -0.005 -1"><span class='ocrx_word' id='word_1_2' title='bbox 400 217 530 282; x_wconf 71' lang='grc'><strong>1631</strong></span> <span class='ocrx_word' id='word_1_3' title='bbox 1587 217 1645 273; x_wconf 91' lang='lat' dir='ltr'><strong>S.</strong></span> <span class='ocrx_word' id='word_1_4' title='bbox 1694 217 1877 274; x_wconf 78' lang='grc'><strong>1511)(</strong></span> 
     </span>
     <span class='ocr_line' id='line_1_3' title="bbox 465 321 1877 400; baseline -0.008 -13"><span class='ocrx_word' id='word_1_5' title='bbox 465 329 625 400; x_wconf 81' lang='lat'><strong>715</strong></span> <span class='ocrx_word' id='word_1_6' title='bbox 656 329 832 386; x_wconf 80' lang='lat' dir='ltr'><strong>DXLl.</strong></span> <span class='ocrx_word' id='word_1_7' title='bbox 878 361 947 371; x_wconf 92' lang='lat'><strong>——</strong></span> <span class='ocrx_word' id='word_1_8' title='bbox 977 323 1367 384; x_wconf 73' lang='lat' dir='ltr'><strong>ATIIANASIO</strong></span> <span class='ocrx_word' id='word_1_9' title='bbox 1407 321 1877 378; x_wconf 78' lang='lat' dir='ltr'><strong>PRESBYTERO.</strong></span> 
     </span>
    </p>
   </div>
   <div class='ocr_carea' id='block_1_3' title="bbox 1587 214 2453 275">
    <p class='ocr_par' dir='ltr' id='par_1_3' title="bbox 1587 214 2453 275">
     <span class='ocr_line' id='line_1_4' title="bbox 1587 214 2453 275; baseline 0 -2"><span class='ocrx_word' id='word_1_10' title='bbox 1587 215 1645 273; x_wconf 92' lang='lat' dir='ltr'><strong>S.</strong></span> <span class='ocrx_word' id='word_1_11' title='bbox 1694 214 1981 274; x_wconf 80' lang='lat' dir='ltr'><strong>ISIDORI</strong></span> <span class='ocrx_word' id='word_1_12' title='bbox 2021 215 2453 275; x_wconf 67' lang='lat' dir='ltr'><strong>PELUSIOTJZ</strong></span> 
     </span>
    </p>
   </div>
   <div class='ocr_carea' id='block_1_4' title="bbox 1989 323 3406 394">
    <p class='ocr_par' dir='ltr' id='par_1_4' title="bbox 1989 323 3406 394">
     <span class='ocr_line' id='line_1_5' title="bbox 1989 323 3406 394; baseline 0.001 -18"><span class='ocrx_word' id='word_1_13' title='bbox 1989 339 2054 387; x_wconf 77' lang='grc' dir='ltr'>Α.</span> <span class='ocrx_word' id='word_1_14' title='bbox 2253 324 2430 378; x_wconf 70' lang='grc' dir='ltr'><strong>ΦΜΔν.</strong></span> <span class='ocrx_word' id='word_1_15' title='bbox 2462 354 2531 362; x_wconf 84' lang='grc'><strong>--</strong></span> <span class='ocrx_word' id='word_1_16' title='bbox 2573 323 2908 394; x_wconf 76' lang='grc' dir='ltr'><strong>ΛΘᾹΝΛΣΙῼ</strong></span> <span class='ocrx_word' id='word_1_17' title='bbox 2938 323 3406 393; x_wconf 77' lang='grc' dir='ltr'><strong>ΠΡΕΣΒΥΤΕΡῼ.</strong></span> 
     </span>
    </p>
   </div>
   <div class='ocr_carea' id='block_1_5' title="bbox 3500 218 3632 280">
    <p class='ocr_par' dir='ltr' id='par_1_5' title="bbox 3500 218 3632 280">
     <span class='ocr_line' id='line_1_6' title="bbox 3500 218 3632 280; baseline 0 0"><span class='ocrx_word' id='word_1_18' title='bbox 3500 218 3632 280; x_wconf 73' lang='lat'><strong>1632</strong></span> 
     </span>
    </p>
   </div>
   <div class='ocr_carea' id='block_1_6' title="bbox 1735 437 2281 506">
    <p class='ocr_par' dir='ltr' id='par_1_6' title="bbox 1735 437 2281 506">
     <span class='ocr_line' id='line_1_7' title="bbox 1735 437 2281 506; baseline 0.004 -17"><span class='ocrx_word' id='word_1_19' title='bbox 1735 437 2102 506; x_wconf 66' lang='lat' dir='ltr'><strong>Philosoyhuri</strong></span> <span class='ocrx_word' id='word_1_20' title='bbox 2135 438 2281 506; x_wconf 81' lang='lat' dir='ltr'><strong>quid.</strong></span> 
     </span>
    </p>
   </div>
   <div class='ocr_carea' id='block_1_7' title="bbox 462 547 1954 619">
    <p class='ocr_par' dir='ltr' id='par_1_7' title="bbox 462 547 1954 619">
     <span class='ocr_line' id='line_1_8' title="bbox 462 547 1954 619; baseline -0.002 -15"><span class='ocrx_word' id='word_1_21' title='bbox 462 550 743 619; x_wconf 82' lang='lat' dir='ltr'><strong>Siquidem</strong></span> <span class='ocrx_word' id='word_1_22' title='bbox 789 566 898 605; x_wconf 92' lang='lat' dir='ltr'><strong>non</strong></span> <span class='ocrx_word' id='word_1_23' title='bbox 948 550 1118 605; x_wconf 86' lang='lat' dir='ltr'><strong>videri</strong></span> <span class='ocrx_word' id='word_1_24' title='bbox 1162 547 1548 618; x_wconf 84' lang='lat' dir='ltr'><strong>philosophari,</strong></span> <span class='ocrx_word' id='word_1_25' title='bbox 1580 557 1640 601; x_wconf 93' lang='lat' dir='ltr'><strong>ut</strong></span> <span class='ocrx_word' id='word_1_26' title='bbox 1677 548 1781 611; x_wconf 87' lang='lat' dir='ltr'><strong>ais,</strong></span> <span class='ocrx_word' id='word_1_27' title='bbox 1811 549 1954 618; x_wconf 80' lang='lat' dir='ltr'><strong>opti-</strong></span> 
     </span>
    </p>
   </div>
   <div class='ocr_carea' id='block_1_8' title="bbox 390 641 1953 712">
    <p class='ocr_par' dir='ltr' id='par_1_8' title="bbox 390 641 1953 712">
     <span class='ocr_line' id='line_1_9' title="bbox 390 641 1953 712; baseline 0 -18"><span class='ocrx_word' id='word_1_28' title='bbox 390 657 535 695; x_wconf 87' lang='lat' dir='ltr'><strong>mam</strong></span> <span class='ocrx_word' id='word_1_29' title='bbox 560 659 680 698; x_wconf 88' lang='lat' dir='ltr'><strong>esse</strong></span> <span class='ocrx_word' id='word_1_30' title='bbox 708 643 994 698; x_wconf 90' lang='lat' dir='ltr'><strong>arbitraris</strong></span> <span class='ocrx_word' id='word_1_31' title='bbox 1035 641 1450 712; x_wconf 73' lang='lat' dir='ltr'><strong>philosOpliandi</strong></span> <span class='ocrx_word' id='word_1_32' title='bbox 1493 641 1782 708; x_wconf 88' lang='lat' dir='ltr'><strong>rationem,</strong></span> <span class='ocrx_word' id='word_1_33' title='bbox 1814 642 1953 696; x_wconf 95' lang='lat' dir='ltr'><strong>bene</strong></span> 
     </span>
    </p>
   </div>
   <div class='ocr_carea' id='block_1_9' title="bbox 387 731 1953 802">
    <p class='ocr_par' dir='ltr' id='par_1_9' title="bbox 387 731 1953 802">
     <span class='ocr_line' id='line_1_10' title="bbox 387 731 1953 802; baseline 0 -18"><span class='ocrx_word' id='word_1_34' title='bbox 387 731 576 786; x_wconf 70' lang='lat' dir='ltr'><strong>habet.</strong></span> <span class='ocrx_word' id='word_1_35' title='bbox 631 731 686 787; x_wconf 89' lang='lat' dir='ltr'><strong>Si</strong></span> <span class='ocrx_word' id='word_1_36' title='bbox 733 746 860 788; x_wconf 85' lang='lat' dir='ltr'><strong>vero</strong></span> <span class='ocrx_word' id='word_1_37' title='bbox 901 733 1222 802; x_wconf 80' lang='lat' dir='ltr'><strong>principium</strong></span> <span class='ocrx_word' id='word_1_38' title='bbox 1270 733 1513 801; x_wconf 80' lang='lat' dir='ltr'><strong>ignaviae.</strong></span> <span class='ocrx_word' id='word_1_39' title='bbox 1553 740 1608 786; x_wconf 90' lang='lat' dir='ltr'><strong>et</strong></span> <span class='ocrx_word' id='word_1_40' title='bbox 1651 741 1953 786; x_wconf 83' lang='lat' dir='ltr'><strong>commuta-</strong></span> 
     </span>
    </p>
   </div>
   <div class='ocr_carea' id='block_1_10' title="bbox 401 821 1953 902">
    <p class='ocr_par' dir='ltr' id='par_1_10' title="bbox 401 821 1953 902">
     <span class='ocr_line' id='line_1_11' title="bbox 401 821 1953 902; baseline 0.001 -28"><span class='ocrx_word' id='word_1_41' title='bbox 401 824 601 877; x_wconf 90' lang='lat' dir='ltr'><strong>tionem</strong></span> <span class='ocrx_word' id='word_1_42' title='bbox 636 823 895 880; x_wconf 70' lang='lat' dir='ltr'><strong>instituta:</strong></span> <span class='ocrx_word' id='word_1_43' title='bbox 923 825 1048 878; x_wconf 78' lang='lat' dir='ltr'><strong>vitte</strong></span> <span class='ocrx_word' id='word_1_44' title='bbox 1078 824 1398 892; x_wconf 72' lang='lat' dir='ltr'><strong>imaginatus</strong></span> <span class='ocrx_word' id='word_1_45' title='bbox 1435 821 1562 876; x_wconf 87' lang='lat' dir='ltr'><strong>illud</strong></span> <span class='ocrx_word' id='word_1_46' title='bbox 1597 822 1835 902; x_wconf 82' lang='lat' dir='ltr'><strong>speciose</strong></span> <span class='ocrx_word' id='word_1_47' title='bbox 1868 823 1953 890; x_wconf 80' lang='lat' dir='ltr'><strong>ja-</strong></span> 
     </span>
    </p>
   </div>
   <div class='ocr_carea' id='block_1_11' title="bbox 384 912 1952 980">
    <p class='ocr_par' dir='ltr' id='par_1_11' title="bbox 384 912 1952 980">
     <span class='ocr_line' id='line_1_12' title="bbox 384 912 1952 980; baseline -0.001 -14"><span class='ocrx_word' id='word_1_48' title='bbox 384 912 571 977; x_wconf 67' lang='lat' dir='ltr'><strong>ctasti,</strong></span> <span class='ocrx_word' id='word_1_49' title='bbox 597 914 825 980; x_wconf 88' lang='lat' dir='ltr'><strong>pessima</strong></span> <span class='ocrx_word' id='word_1_50' title='bbox 856 928 915 968; x_wconf 90' lang='lat' dir='ltr'><strong>es</strong></span> <span class='ocrx_word' id='word_1_51' title='bbox 941 928 1068 968; x_wconf 89' lang='lat' dir='ltr'><strong>usus</strong></span> <span class='ocrx_word' id='word_1_52' title='bbox 1089 913 1377 967; x_wconf 72' lang='lat' dir='ltr'><strong>sententia.</strong></span> <span class='ocrx_word' id='word_1_53' title='bbox 1410 913 1572 967; x_wconf 82' lang='lat' dir='ltr'><strong>llecte</strong></span> <span class='ocrx_word' id='word_1_54' title='bbox 1600 912 1743 966; x_wconf 89' lang='lat' dir='ltr'><strong>enim</strong></span> <span class='ocrx_word' id='word_1_55' title='bbox 1771 912 1952 965; x_wconf 79' lang='lat' dir='ltr'><strong>vivere</strong></span> 
     </span>
    </p>
   </div>
   <div class='ocr_carea' id='block_1_12' title="bbox 388 999 1950 1068">
    <p class='ocr_par' dir='ltr' id='par_1_12' title="bbox 388 999 1950 1068">
     <span class='ocr_line' id='line_1_13' title="bbox 388 999 1950 1068; baseline 0.003 -17"><span class='ocrx_word' id='word_1_56' title='bbox 388 1001 564 1064; x_wconf 83' lang='lat' dir='ltr'><strong>decet,</strong></span> <span class='ocrx_word' id='word_1_57' title='bbox 603 1014 708 1053; x_wconf 92' lang='lat' dir='ltr'><strong>non</strong></span> <span class='ocrx_word' id='word_1_58' title='bbox 757 1001 821 1052; x_wconf 88' lang='lat' dir='ltr'><strong>ad</strong></span> <span class='ocrx_word' id='word_1_59' title='bbox 856 999 1273 1054; x_wconf 82' lang='lat' dir='ltr'><strong>ostentationem</strong></span> <span class='ocrx_word' id='word_1_60' title='bbox 1325 1009 1380 1053; x_wconf 89' lang='lat' dir='ltr'><strong>et</strong></span> <span class='ocrx_word' id='word_1_61' title='bbox 1427 1015 1698 1068; x_wconf 87' lang='lat' dir='ltr'><strong>pompam.</strong></span> <span class='ocrx_word' id='word_1_62' title='bbox 1742 999 1796 1053; x_wconf 88' lang='lat' dir='ltr'><strong>Si</strong></span> <span class='ocrx_word' id='word_1_63' title='bbox 1829 999 1950 1068; x_wconf 86' lang='lat' dir='ltr'><strong>quis</strong></span> 
     </span>
    </p>
   </div>
   <div class='ocr_carea' id='block_1_13' title="bbox 392 1085 1946 1157">
    <p class='ocr_par' dir='ltr' id='par_1_13' title="bbox 392 1085 1946 1157">
     <span class='ocr_line' id='line_1_14' title="bbox 392 1085 1946 1157; baseline 0.001 -16"><span class='ocrx_word' id='word_1_64' title='bbox 392 1085 558 1156; x_wconf 84' lang='lat' dir='ltr'><strong>igitur</strong></span> <span class='ocrx_word' id='word_1_65' title='bbox 609 1087 832 1157; x_wconf 69' lang='lat' dir='ltr'><strong>ignavia:</strong></span> <span class='ocrx_word' id='word_1_66' title='bbox 875 1090 1152 1144; x_wconf 90' lang='lat' dir='ltr'><strong>convictus</strong></span> <span class='ocrx_word' id='word_1_67' title='bbox 1194 1089 1294 1144; x_wconf 89' lang='lat' dir='ltr'><strong>hoc</strong></span> <span class='ocrx_word' id='word_1_68' title='bbox 1340 1089 1480 1142; x_wconf 89' lang='lat' dir='ltr'><strong>idem</strong></span> <span class='ocrx_word' id='word_1_69' title='bbox 1523 1091 1704 1143; x_wconf 85' lang='lat' dir='ltr'><strong>dicere</strong></span> <span class='ocrx_word' id='word_1_70' title='bbox 1753 1093 1946 1143; x_wconf 85' lang='lat' dir='ltr'><strong>erube-</strong></span> 
     </span>
    </p>
   </div>
   <div class='ocr_carea' id='block_1_14' title="bbox 392 1178 1948 1248">
    <p class='ocr_par' dir='ltr' id='par_1_14' title="bbox 392 1178 1948 1248">
     <span class='ocr_line' id='line_1_15' title="bbox 392 1178 1948 1248; baseline 0.002 -19"><span class='ocrx_word' id='word_1_71' title='bbox 392 1190 550 1229; x_wconf 79' lang='lat' dir='ltr'><strong>scens</strong></span> <span class='ocrx_word' id='word_1_72' title='bbox 585 1178 816 1245; x_wconf 87' lang='lat' dir='ltr'><strong>primum</strong></span> <span class='ocrx_word' id='word_1_73' title='bbox 859 1178 981 1232; x_wconf 86' lang='lat' dir='ltr'><strong>inde</strong></span> <span class='ocrx_word' id='word_1_74' title='bbox 1017 1178 1264 1248; x_wconf 72' lang='lat' dir='ltr'><strong>cmperit,</strong></span> <span class='ocrx_word' id='word_1_75' title='bbox 1295 1194 1361 1234; x_wconf 92' lang='lat' dir='ltr'><strong>ne</strong></span> <span class='ocrx_word' id='word_1_76' title='bbox 1396 1179 1764 1248; x_wconf 89' lang='lat' dir='ltr'><strong>philosophari</strong></span> <span class='ocrx_word' id='word_1_77' title='bbox 1799 1181 1948 1233; x_wconf 87' lang='lat' dir='ltr'><strong>vide-</strong></span> 
     </span>
    </p>
   </div>
   <div class='ocr_carea' id='block_1_15' title="bbox 384 1266 1950 1337">
    <p class='ocr_par' dir='ltr' id='par_1_15' title="bbox 384 1266 1950 1337">
     <span class='ocr_line' id='line_1_16' title="bbox 384 1266 1950 1337; baseline 0.007 -25"><span class='ocrx_word' id='word_1_78' title='bbox 384 1273 567 1327; x_wconf 79' lang='lat' dir='ltr'><strong>retur,</strong></span> <span class='ocrx_word' id='word_1_79' title='bbox 624 1273 807 1333; x_wconf 86' lang='lat' dir='ltr'><strong>postea</strong></span> <span class='ocrx_word' id='word_1_80' title='bbox 851 1266 1072 1320; x_wconf 84' lang='lat' dir='ltr'><strong>desierit</strong></span> <span class='ocrx_word' id='word_1_81' title='bbox 1118 1267 1170 1321; x_wconf 90' lang='lat' dir='ltr'><strong>in</strong></span> <span class='ocrx_word' id='word_1_82' title='bbox 1207 1283 1295 1329; x_wconf 87' lang='lat' dir='ltr'><strong>eo,</strong></span> <span class='ocrx_word' id='word_1_83' title='bbox 1340 1277 1396 1320; x_wconf 84' lang='grc' dir='ltr'><strong>ιιι</strong></span> <span class='ocrx_word' id='word_1_84' title='bbox 1435 1268 1656 1322; x_wconf 89' lang='lat' dir='ltr'><strong>omnino</strong></span> <span class='ocrx_word' id='word_1_85' title='bbox 1697 1285 1800 1323; x_wconf 89' lang='lat' dir='ltr'><strong>non</strong></span> <span class='ocrx_word' id='word_1_86' title='bbox 1838 1271 1950 1337; x_wconf 84' lang='lat' dir='ltr'><strong>piti-</strong></span> 
     </span>
    </p>
   </div>
   <div class='ocr_carea' id='block_1_16' title="bbox 381 1353 1950 1428">
    <p class='ocr_par' dir='ltr' id='par_1_16' title="bbox 381 1353 1950 1428">
     <span class='ocr_line' id='line_1_17' title="bbox 381 1353 1950 1428; baseline 0.008 -28"><span class='ocrx_word' id='word_1_87' title='bbox 381 1353 791 1420; x_wconf 68' lang='lat' dir='ltr'><strong>cosopharetur,</strong></span> <span class='ocrx_word' id='word_1_88' title='bbox 830 1357 1105 1412; x_wconf 87' lang='lat' dir='ltr'><strong>meliorem</strong></span> <span class='ocrx_word' id='word_1_89' title='bbox 1140 1358 1182 1410; x_wconf 90' lang='lat' dir='ltr'><strong>is</strong></span> <span class='ocrx_word' id='word_1_90' title='bbox 1207 1359 1505 1412; x_wconf 83' lang='lat' dir='ltr'><strong>ostenderit</strong></span> <span class='ocrx_word' id='word_1_91' title='bbox 1535 1374 1678 1420; x_wconf 88' lang='lat' dir='ltr'><strong>eum,</strong></span> <span class='ocrx_word' id='word_1_92' title='bbox 1711 1360 1800 1428; x_wconf 85' lang='lat' dir='ltr'><strong>qui</strong></span> <span class='ocrx_word' id='word_1_93' title='bbox 1834 1376 1950 1412; x_wconf 91' lang='lat' dir='ltr'><strong>ma-</strong></span> 
     </span>
    </p>
   </div>
   <div class='ocr_carea' id='block_1_17' title="bbox 387 1435 1949 1517">
    <p class='ocr_par' dir='ltr' id='par_1_17' title="bbox 387 1435 1949 1517">
     <span class='ocr_line' id='line_1_18' title="bbox 387 1435 1949 1517; baseline 0.006 -21"><span class='ocrx_word' id='word_1_94' title='bbox 387 1443 649 1500; x_wconf 80' lang='lat' dir='ltr'><strong>nifestare</strong></span> <span class='ocrx_word' id='word_1_95' title='bbox 691 1447 916 1513; x_wconf 80' lang='lat' dir='ltr'><strong>studuit,</strong></span> <span class='ocrx_word' id='word_1_96' title='bbox 949 1464 1010 1502; x_wconf 90' lang='lat' dir='ltr'><strong>sc</strong></span> <span class='ocrx_word' id='word_1_97' title='bbox 1050 1435 1464 1517; x_wconf 81' lang='lat' dir='ltr'><strong>philosOpltandi</strong></span> <span class='ocrx_word' id='word_1_98' title='bbox 1513 1451 1749 1505; x_wconf 82' lang='lat' dir='ltr'><strong>studium</strong></span> <span class='ocrx_word' id='word_1_99' title='bbox 1789 1463 1949 1507; x_wconf 87' lang='lat' dir='ltr'><strong>antea</strong></span> 
     </span>
    </p>
   </div>
   <div class='ocr_carea' id='block_1_18' title="bbox 390 1542 678 1589">
    <p class='ocr_par' dir='ltr' id='par_1_18' title="bbox 390 1542 678 1589">
     <span class='ocr_line' id='line_1_19' title="bbox 390 1542 678 1589; baseline -0.003 0"><span class='ocrx_word' id='word_1_100' title='bbox 390 1542 678 1589; x_wconf 83' lang='lat' dir='ltr'><strong>sectatum.</strong></span> 
     </span>
    </p>
   </div>
   <div class='ocr_carea' id='block_1_19' title="bbox 613 1639 1723 1702">
    <p class='ocr_par' dir='ltr' id='par_1_19' title="bbox 613 1639 1723 1702">
     <span class='ocr_line' id='line_1_20' title="bbox 613 1639 1723 1702; baseline 0.007 -7"><span class='ocrx_word' id='word_1_101' title='bbox 613 1639 813 1697; x_wconf 74' lang='grc' dir='ltr'>υΧιιι.</span> <span class='ocrx_word' id='word_1_102' title='bbox 843 1672 912 1684; x_wconf 89' lang='lat'><strong><em>-—</em></strong></span> <span class='ocrx_word' id='word_1_103' title='bbox 942 1641 1210 1699; x_wconf 70' lang='lat' dir='ltr'><strong>DANIELI</strong></span> <span class='ocrx_word' id='word_1_104' title='bbox 1251 1644 1723 1702; x_wconf 76' lang='lat' dir='ltr'><strong>PRESBYTERO.</strong></span> 
     </span>
    </p>
   </div>
   <div class='ocr_carea' id='block_1_20' title="bbox 2131 547 3632 618">
    <p class='ocr_par' dir='ltr' id='par_1_20' title="bbox 2131 547 3632 618">
     <span class='ocr_line' id='line_1_21' title="bbox 2131 547 3632 618; baseline -0.001 -18"><span class='ocrx_word' id='word_1_105' title='bbox 2131 549 2193 600; x_wconf 85' lang='grc' dir='ltr'><strong>Εἰ</strong></span> <span class='ocrx_word' id='word_1_106' title='bbox 2225 549 2324 616; x_wconf 82' lang='grc' dir='ltr'>μὲν</span> <span class='ocrx_word' id='word_1_107' title='bbox 2356 547 2415 600; x_wconf 73' lang='grc' dir='ltr'>τὸ</span> <span class='ocrx_word' id='word_1_108' title='bbox 2469 547 2544 618; x_wconf 83' lang='grc' dir='ltr'>μὴ</span> <span class='ocrx_word' id='word_1_109' title='bbox 2583 549 2758 600; x_wconf 80' lang='grc' dir='ltr'><strong>δοκεῖν</strong></span> <span class='ocrx_word' id='word_1_110' title='bbox 2789 547 3116 616; x_wconf 68' lang='grc' dir='ltr'><strong>φιλοσοφεῖν,</strong></span> <span class='ocrx_word' id='word_1_111' title='bbox 3147 547 3224 609; x_wconf 83' lang='grc' dir='ltr'><strong>ὡς</strong></span> <span class='ocrx_word' id='word_1_112' title='bbox 3250 547 3380 616; x_wconf 76' lang='grc' dir='ltr'>φὴς,</span> <span class='ocrx_word' id='word_1_113' title='bbox 3413 547 3632 614; x_wconf 80' lang='grc' dir='ltr'>φιλοσο-</span> 
     </span>
    </p>
   </div>
   <div class='ocr_carea' id='block_1_21' title="bbox 2060 633 3632 708">
    <p class='ocr_par' dir='ltr' id='par_1_21' title="bbox 2060 633 3632 708">
     <span class='ocr_line' id='line_1_22' title="bbox 2060 633 3632 708; baseline -0.001 -19"><span class='ocrx_word' id='word_1_114' title='bbox 2060 638 2186 707; x_wconf 77' lang='grc' dir='ltr'>φίαν</span> <span class='ocrx_word' id='word_1_115' title='bbox 2219 638 2446 708; x_wconf 86' lang='grc' dir='ltr'>ἀρίστην</span> <span class='ocrx_word' id='word_1_116' title='bbox 2469 635 2605 691; x_wconf 73' lang='grc' dir='ltr'>εἶναι</span> <span class='ocrx_word' id='word_1_117' title='bbox 2651 638 2958 706; x_wconf 87' lang='grc' dir='ltr'>νενόμικας,</span> <span class='ocrx_word' id='word_1_118' title='bbox 2982 633 3040 690; x_wconf 79' lang='grc' dir='ltr'>εὖ</span> <span class='ocrx_word' id='word_1_119' title='bbox 3071 635 3137 690; x_wconf 82' lang='grc' dir='ltr'><strong>ἂν</strong></span> <span class='ocrx_word' id='word_1_120' title='bbox 3164 636 3278 706; x_wconf 77' lang='grc' dir='ltr'>ἔχοι</span> <span class='ocrx_word' id='word_1_121' title='bbox 3299 653 3312 665; x_wconf 85' lang='lat'><strong><em>°</em></strong></span> <span class='ocrx_word' id='word_1_122' title='bbox 3346 640 3396 690; x_wconf 84' lang='lat' dir='ltr'><strong>ei</strong></span> <span class='ocrx_word' id='word_1_123' title='bbox 3446 637 3506 688; x_wconf 80' lang='grc' dir='ltr'>δὲ</span> <span class='ocrx_word' id='word_1_124' title='bbox 3531 640 3632 705; x_wconf 85' lang='grc' dir='ltr'>ἀρ-</span> 
     </span>
    </p>
   </div>
   <div class='ocr_carea' id='block_1_22' title="bbox 2060 721 3632 801">
    <p class='ocr_par' dir='ltr' id='par_1_22' title="bbox 2060 721 3632 801">
     <span class='ocr_line' id='line_1_23' title="bbox 2060 721 3632 801; baseline -0.001 -19"><span class='ocrx_word' id='word_1_125' title='bbox 2060 731 2160 800; x_wconf 80' lang='grc' dir='ltr'><strong>χὴν</strong></span> <span class='ocrx_word' id='word_1_126' title='bbox 2196 730 2495 800; x_wconf 74' lang='grc' dir='ltr'><strong>ῥᾳθυμίας,</strong></span> <span class='ocrx_word' id='word_1_127' title='bbox 2529 730 2622 784; x_wconf 70' lang='grc' dir='ltr'><strong>καὶ</strong></span> <span class='ocrx_word' id='word_1_128' title='bbox 2654 728 2954 801; x_wconf 75' lang='grc' dir='ltr'>μεταϐολὴν</span> <span class='ocrx_word' id='word_1_129' title='bbox 2984 721 3258 791; x_wconf 75' lang='grc' dir='ltr'>πολιτείας</span> <span class='ocrx_word' id='word_1_130' title='bbox 3280 729 3632 797; x_wconf 77' lang='grc' dir='ltr'>φαντασθεὶς,</span> 
     </span>
    </p>
   </div>
   <div class='ocr_carea' id='block_1_23' title="bbox 2059 819 3630 892">
    <p class='ocr_par' dir='ltr' id='par_1_23' title="bbox 2059 819 3630 892">
     <span class='ocr_line' id='line_1_24' title="bbox 2059 819 3630 892; baseline 0.001 -20"><span class='ocrx_word' id='word_1_131' title='bbox 2059 820 2216 872; x_wconf 86' lang='grc' dir='ltr'>τοῦτο</span> <span class='ocrx_word' id='word_1_132' title='bbox 2253 819 2705 890; x_wconf 75' lang='grc' dir='ltr'>κατεκομψεύσω,</span> <span class='ocrx_word' id='word_1_133' title='bbox 2740 821 2979 892; x_wconf 81' lang='grc' dir='ltr'>κακίστη</span> <span class='ocrx_word' id='word_1_134' title='bbox 3008 819 3202 890; x_wconf 81' lang='grc' dir='ltr'>γνώμῃ</span> <span class='ocrx_word' id='word_1_135' title='bbox 3231 821 3474 889; x_wconf 78' lang='grc' dir='ltr'>ἐχρήσω.</span> <span class='ocrx_word' id='word_1_136' title='bbox 3507 823 3630 890; x_wconf 83' lang='grc' dir='ltr'><strong>Χρὴ</strong></span> 
     </span>
    </p>
   </div>
   <div class='ocr_carea' id='block_1_24' title="bbox 2060 909 3632 980">
    <p class='ocr_par' dir='ltr' id='par_1_24' title="bbox 2060 909 3632 980">
     <span class='ocr_line' id='line_1_25' title="bbox 2060 909 3632 980; baseline 0.001 -19"><span class='ocrx_word' id='word_1_137' title='bbox 2060 910 2158 980; x_wconf 79' lang='grc' dir='ltr'><strong>μὲν</strong></span> <span class='ocrx_word' id='word_1_138' title='bbox 2186 909 2292 980; x_wconf 84' lang='grc' dir='ltr'>γὰρ</span> <span class='ocrx_word' id='word_1_139' title='bbox 2322 909 2498 979; x_wconf 81' lang='grc' dir='ltr'>ὀρθῶς</span> <span class='ocrx_word' id='word_1_140' title='bbox 2518 949 2534 973; x_wconf 94' lang='grc'><strong>,</strong></span> <span class='ocrx_word' id='word_1_141' title='bbox 2573 911 2668 963; x_wconf 77' lang='grc' dir='ltr'>καὶ</span> <span class='ocrx_word' id='word_1_142' title='bbox 2690 911 2778 980; x_wconf 81' lang='grc' dir='ltr'><strong>’μὴ</strong></span> <span class='ocrx_word' id='word_1_143' title='bbox 2811 910 2949 980; x_wconf 74' lang='grc' dir='ltr'>πρὸς</span> <span class='ocrx_word' id='word_1_144' title='bbox 2989 909 3245 973; x_wconf 78' lang='grc' dir='ltr'>ἐπίδειξιν</span> <span class='ocrx_word' id='word_1_145' title='bbox 3271 909 3440 979; x_wconf 81' lang='grc' dir='ltr'>βιοῦν.</span> <span class='ocrx_word' id='word_1_146' title='bbox 3477 910 3539 962; x_wconf 83' lang='grc' dir='ltr'><strong>Εἰ</strong></span> <span class='ocrx_word' id='word_1_147' title='bbox 3570 910 3632 962; x_wconf 78' lang='grc' dir='ltr'><strong>δέ</strong></span> 
     </span>
    </p>
   </div>
   <div class='ocr_carea' id='block_1_25' title="bbox 2054 999 3628 1072">
    <p class='ocr_par' dir='ltr' id='par_1_25' title="bbox 2054 999 3628 1072">
     <span class='ocr_line' id='line_1_26' title="bbox 2054 999 3628 1072; baseline -0.001 -18"><span class='ocrx_word' id='word_1_148' title='bbox 2054 1019 2140 1066; x_wconf 90' lang='grc' dir='ltr'><strong>τις</strong></span> <span class='ocrx_word' id='word_1_149' title='bbox 2166 1002 2327 1064; x_wconf 79' lang='grc' dir='ltr'>ἁλοὺς</span> <span class='ocrx_word' id='word_1_150' title='bbox 2359 1001 2622 1072; x_wconf 67' lang='grc' dir='ltr'>ῥᾳθυμίᾳ,</span> <span class='ocrx_word' id='word_1_151' title='bbox 2651 1001 2782 1054; x_wconf 76' lang='grc' dir='ltr'>αὐτὸ</span> <span class='ocrx_word' id='word_1_152' title='bbox 2807 1001 2965 1054; x_wconf 82' lang='grc' dir='ltr'>τοῦτο</span> <span class='ocrx_word' id='word_1_153' title='bbox 2991 999 3260 1071; x_wconf 74' lang='grc' dir='ltr'><strong>ἐρυθριῶν</strong></span> <span class='ocrx_word' id='word_1_154' title='bbox 3286 1001 3484 1062; x_wconf 80' lang='grc' dir='ltr'>εἰπεῖν,</span> <span class='ocrx_word' id='word_1_155' title='bbox 3513 1002 3628 1054; x_wconf 77' lang='grc' dir='ltr'><strong>ἀπὸ</strong></span> 
     </span>
    </p>
   </div>
   <div class='ocr_carea' id='block_1_26' title="bbox 2054 1088 3632 1159">
    <p class='ocr_par' dir='ltr' id='par_1_26' title="bbox 2054 1088 3632 1159">
     <span class='ocr_line' id='line_1_27' title="bbox 2054 1088 3632 1159; baseline 0.001 -18"><span class='ocrx_word' id='word_1_156' title='bbox 2054 1088 2148 1141; x_wconf 85' lang='grc' dir='ltr'>τοῦ</span> <span class='ocrx_word' id='word_1_157' title='bbox 2181 1089 2256 1159; x_wconf 81' lang='grc' dir='ltr'>μὴ</span> <span class='ocrx_word' id='word_1_158' title='bbox 2281 1090 2426 1153; x_wconf 79' lang='grc' dir='ltr'>δόξαι</span> <span class='ocrx_word' id='word_1_159' title='bbox 2457 1089 2764 1156; x_wconf 78' lang='grc' dir='ltr'><strong>φιλοσοφεῖν</strong></span> <span class='ocrx_word' id='word_1_160' title='bbox 2793 1088 3119 1158; x_wconf 79' lang='grc' dir='ltr'>ἀρξάμενος,</span> <span class='ocrx_word' id='word_1_161' title='bbox 3168 1090 3247 1152; x_wconf 75' lang='grc' dir='ltr'>εἰς</span> <span class='ocrx_word' id='word_1_162' title='bbox 3280 1089 3341 1141; x_wconf 74' lang='grc' dir='ltr'>τὸ</span> <span class='ocrx_word' id='word_1_163' title='bbox 3385 1091 3632 1158; x_wconf 74' lang='grc' dir='ltr'>μηδὸλως</span> 
     </span>
    </p>
   </div>
   <div class='ocr_carea' id='block_1_27' title="bbox 2052 1174 3629 1250">
    <p class='ocr_par' dir='ltr' id='par_1_27' title="bbox 2052 1174 3629 1250">
     <span class='ocr_line' id='line_1_28' title="bbox 2052 1174 3629 1250; baseline 0.003 -20"><span class='ocrx_word' id='word_1_164' title='bbox 2052 1179 2356 1248; x_wconf 81' lang='grc' dir='ltr'>φιλοσοφεῖν</span> <span class='ocrx_word' id='word_1_165' title='bbox 2373 1180 2764 1250; x_wconf 79' lang='grc' dir='ltr'>τελευτήσειεν,</span> <span class='ocrx_word' id='word_1_166' title='bbox 2789 1174 3048 1250; x_wconf 84' lang='grc' dir='ltr'>ἀμείνονα</span> <span class='ocrx_word' id='word_1_167' title='bbox 3069 1180 3358 1246; x_wconf 74' lang='grc' dir='ltr'>ἐπιδείξειε</span> <span class='ocrx_word' id='word_1_168' title='bbox 3378 1181 3470 1234; x_wconf 79' lang='grc' dir='ltr'>τὸν</span> <span class='ocrx_word' id='word_1_169' title='bbox 3492 1182 3629 1234; x_wconf 80' lang='grc' dir='ltr'>αὐτὸ</span> 
     </span>
    </p>
   </div>
   <div class='ocr_carea' id='block_1_28' title="bbox 2051 1268 3625 1348">
    <p class='ocr_par' dir='ltr' id='par_1_28' title="bbox 2051 1268 3625 1340">
     <span class='ocr_line' id='line_1_29' title="bbox 2051 1268 3625 1340; baseline 0.001 -19"><span class='ocrx_word' id='word_1_170' title='bbox 2051 1268 2207 1322; x_wconf 82' lang='grc' dir='ltr'>τοῦτο</span> <span class='ocrx_word' id='word_1_171' title='bbox 2240 1269 2615 1323; x_wconf 81' lang='grc' dir='ltr'>σπουδάσαντα</span> <span class='ocrx_word' id='word_1_172' title='bbox 2668 1269 2953 1337; x_wconf 79' lang='grc' dir='ltr'>ἐπιδεῖξαι,</span> <span class='ocrx_word' id='word_1_173' title='bbox 2987 1269 3070 1323; x_wconf 79' lang='grc' dir='ltr'><strong>ὅτι</strong></span> <span class='ocrx_word' id='word_1_174' title='bbox 3128 1268 3442 1338; x_wconf 85' lang='grc' dir='ltr'>φιλοσοφεῖν</span> <span class='ocrx_word' id='word_1_175' title='bbox 3488 1287 3625 1340; x_wconf 82' lang='grc' dir='ltr'>προ-</span> 
     </span>
    </p>
   </div>
   <div class='ocr_carea' id='block_1_29' title="bbox 2053 1359 2274 1430">
    <p class='ocr_par' dir='ltr' id='par_1_29' title="bbox 2053 1359 2274 1430">
     <span class='ocr_line' id='line_1_30' title="bbox 2053 1359 2274 1430; baseline 0.014 -19"><span class='ocrx_word' id='word_1_176' title='bbox 2053 1359 2274 1430; x_wconf 83' lang='grc' dir='ltr'>ᾑρηται.</span> 
     </span>
    </p>
   </div>
   <div class='ocr_carea' id='block_1_30' title="bbox 2258 1652 3353 1727">
    <p class='ocr_par' dir='ltr' id='par_1_30' title="bbox 2258 1652 3353 1727">
     <span class='ocr_line' id='line_1_31' title="bbox 2258 1652 3353 1727; baseline 0.002 -21"><span class='ocrx_word' id='word_1_177' title='bbox 2258 1722 2264 1727; x_wconf 85' lang='lat'><em>_</em></span> <span class='ocrx_word' id='word_1_178' title='bbox 2293 1653 2470 1708; x_wconf 62' lang='lat' dir='ltr'><strong>QMB’.</strong></span> <span class='ocrx_word' id='word_1_179' title='bbox 2501 1683 2569 1694; x_wconf 89' lang='lat'><strong>—</strong></span> <span class='ocrx_word' id='word_1_180' title='bbox 2590 1653 2849 1707; x_wconf 83' lang='lat' dir='ltr'><strong>AANlIlA</strong></span> <span class='ocrx_word' id='word_1_181' title='bbox 2881 1652 3353 1723; x_wconf 76' lang='grc' dir='ltr'><strong>ΠΡΕΣΒΥΤΕΡῼ.</strong></span> 
     </span>
    </p>
   </div>
   <div class='ocr_carea' id='block_1_31' title="bbox 1173 1734 2824 1817">
    <p class='ocr_par' dir='ltr' id='par_1_31' title="bbox 1173 1734 2824 1817">
     <span class='ocr_line' id='line_1_32' title="bbox 1173 1734 2824 1817; baseline 0.005 -27"><span class='ocrx_word' id='word_1_182' title='bbox 1173 1734 1359 1790; x_wconf 75' lang='lat' dir='ltr'><strong>Gratia</strong></span> <span class='ocrx_word' id='word_1_183' title='bbox 1391 1754 1492 1792; x_wconf 83' lang='lat' dir='ltr'><strong>non</strong></span> <span class='ocrx_word' id='word_1_184' title='bbox 1530 1741 1931 1806; x_wconf 81' lang='lat' dir='ltr'><strong>corrumpenda,</strong></span> <span class='ocrx_word' id='word_1_185' title='bbox 1966 1747 2056 1798; x_wconf 77' lang='lat' dir='ltr'><strong>sed</strong></span> <span class='ocrx_word' id='word_1_186' title='bbox 2083 1747 2352 1817; x_wconf 79' lang='lat' dir='ltr'><strong>referenda</strong></span> <span class='ocrx_word' id='word_1_187' title='bbox 2382 1757 2606 1814; x_wconf 81' lang='lat' dir='ltr'><strong>tempore</strong></span> <span class='ocrx_word' id='word_1_188' title='bbox 2629 1746 2824 1800; x_wconf 87' lang='lat' dir='ltr'><strong>alieno.</strong></span> 
     </span>
    </p>
   </div>
   <div class='ocr_carea' id='block_1_32' title="bbox 457 1831 1948 1911">
    <p class='ocr_par' dir='ltr' id='par_1_32' title="bbox 457 1831 1948 1911">
     <span class='ocr_line' id='line_1_33' title="bbox 457 1831 1948 1911; baseline 0.008 -23"><span class='ocrx_word' id='word_1_189' title='bbox 457 1831 696 1889; x_wconf 75' lang='lat' dir='ltr'><strong>Gratiam</strong></span> <span class='ocrx_word' id='word_1_190' title='bbox 747 1837 1094 1905; x_wconf 85' lang='lat' dir='ltr'><strong>rependcndo</strong></span> <span class='ocrx_word' id='word_1_191' title='bbox 1139 1850 1382 1893; x_wconf 89' lang='lat' dir='ltr'><strong>mutuum</strong></span> <span class='ocrx_word' id='word_1_192' title='bbox 1424 1841 1475 1895; x_wconf 92' lang='lat' dir='ltr'><strong>in</strong></span> <span class='ocrx_word' id='word_1_193' title='bbox 1532 1843 1691 1897; x_wconf 81' lang='lat' dir='ltr'><strong>rebus</strong></span> <span class='ocrx_word' id='word_1_194' title='bbox 1732 1844 1948 1911; x_wconf 88' lang='lat' dir='ltr'><strong>iujttstis</strong></span> 
     </span>
    </p>
   </div>
   <div class='ocr_carea' id='block_1_33' title="bbox 384 1921 1943 2003">
    <p class='ocr_par' dir='ltr' id='par_1_33' title="bbox 384 1921 1943 2003">
     <span class='ocr_line' id='line_1_34' title="bbox 384 1921 1943 2003; baseline 0.01 -30"><span class='ocrx_word' id='word_1_195' title='bbox 384 1921 567 1978; x_wconf 81' lang='lat' dir='ltr'><strong>vitiari</strong></span> <span class='ocrx_word' id='word_1_196' title='bbox 610 1925 830 1981; x_wconf 90' lang='lat' dir='ltr'><strong>minime</strong></span> <span class='ocrx_word' id='word_1_197' title='bbox 876 1930 1150 1982; x_wconf 92' lang='lat' dir='ltr'><strong>convenit.</strong></span> <span class='ocrx_word' id='word_1_198' title='bbox 1201 1928 1300 1995; x_wconf 84' lang='lat' dir='ltr'><strong>Qui</strong></span> <span class='ocrx_word' id='word_1_199' title='bbox 1363 1931 1506 1985; x_wconf 89' lang='lat' dir='ltr'><strong>enim</strong></span> <span class='ocrx_word' id='word_1_200' title='bbox 1545 1933 1690 2001; x_wconf 86' lang='lat' dir='ltr'><strong>juste</strong></span> <span class='ocrx_word' id='word_1_201' title='bbox 1728 1935 1943 2003; x_wconf 87' lang='lat' dir='ltr'><strong>quidem</strong></span> 
     </span>
    </p>
   </div>
   <div class='ocr_carea' id='block_1_34' title="bbox 383 2013 1943 2089">
    <p class='ocr_par' dir='ltr' id='par_1_34' title="bbox 383 2013 1943 2089">
     <span class='ocr_line' id='line_1_35' title="bbox 383 2013 1943 2089; baseline 0.007 -25"><span class='ocrx_word' id='word_1_202' title='bbox 383 2013 622 2078; x_wconf 75' lang='lat' dir='ltr'><strong>adjutus,</strong></span> <span class='ocrx_word' id='word_1_203' title='bbox 649 2013 699 2067; x_wconf 94' lang='lat' dir='ltr'><strong>in</strong></span> <span class='ocrx_word' id='word_1_204' title='bbox 732 2014 949 2082; x_wconf 70' lang='lat' dir='ltr'><strong>iniustis</strong></span> <span class='ocrx_word' id='word_1_205' title='bbox 980 2033 1107 2072; x_wconf 89' lang='lat' dir='ltr'><strong>vero</strong></span> <span class='ocrx_word' id='word_1_206' title='bbox 1137 2019 1298 2073; x_wconf 88' lang='lat' dir='ltr'><strong>rebus</strong></span> <span class='ocrx_word' id='word_1_207' title='bbox 1337 2020 1613 2075; x_wconf 81' lang='lat' dir='ltr'><strong>auxilianti</strong></span> <span class='ocrx_word' id='word_1_208' title='bbox 1653 2025 1943 2089; x_wconf 80' lang='lat' dir='ltr'><strong>succurrit,</strong></span> 
     </span>
    </p>
   </div>
   <div class='ocr_carea' id='block_1_35' title="bbox 387 2099 1942 2181">
    <p class='ocr_par' dir='ltr' id='par_1_35' title="bbox 387 2099 1942 2181">
     <span class='ocr_line' id='line_1_36' title="bbox 387 2099 1942 2181; baseline 0.01 -28"><span class='ocrx_word' id='word_1_209' title='bbox 387 2099 592 2166; x_wconf 81' lang='lat' dir='ltr'><strong>injuste</strong></span> <span class='ocrx_word' id='word_1_210' title='bbox 612 2101 814 2172; x_wconf 83' lang='lat' dir='ltr'><strong>justam</strong></span> <span class='ocrx_word' id='word_1_211' title='bbox 847 2109 1143 2178; x_wconf 85' lang='lat' dir='ltr'><strong>corrumpit</strong></span> <span class='ocrx_word' id='word_1_212' title='bbox 1171 2111 1423 2178; x_wconf 79' lang='lat' dir='ltr'><strong>gratiam.</strong></span> <span class='ocrx_word' id='word_1_213' title='bbox 1449 2111 1686 2181; x_wconf 84' lang='lat' dir='ltr'><strong>Mihique</strong></span> <span class='ocrx_word' id='word_1_214' title='bbox 1711 2114 1942 2178; x_wconf 88' lang='lat' dir='ltr'><strong>videtur,</strong></span> 
     </span>
    </p>
   </div>
   <div class='ocr_carea' id='block_1_36' title="bbox 381 2193 1945 2269">
    <p class='ocr_par' dir='ltr' id='par_1_36' title="bbox 381 2193 1945 2269">
     <span class='ocr_line' id='line_1_37' title="bbox 381 2193 1945 2269; baseline 0.011 -27"><span class='ocrx_word' id='word_1_215' title='bbox 381 2196 473 2256; x_wconf 74' lang='lat' dir='ltr'><strong>qui</strong></span> <span class='ocrx_word' id='word_1_216' title='bbox 522 2207 627 2246; x_wconf 87' lang='lat' dir='ltr'><strong>non</strong></span> <span class='ocrx_word' id='word_1_217' title='bbox 675 2193 747 2247; x_wconf 89' lang='lat' dir='ltr'><strong>ita</strong></span> <span class='ocrx_word' id='word_1_218' title='bbox 791 2198 1071 2263; x_wconf 87' lang='lat' dir='ltr'><strong>rependit,</strong></span> <span class='ocrx_word' id='word_1_219' title='bbox 1129 2200 1420 2255; x_wconf 88' lang='lat' dir='ltr'><strong>benevolus</strong></span> <span class='ocrx_word' id='word_1_220' title='bbox 1469 2217 1608 2258; x_wconf 89' lang='lat' dir='ltr'><strong>esse.</strong></span> <span class='ocrx_word' id='word_1_221' title='bbox 1653 2204 1758 2269; x_wconf 85' lang='lat' dir='ltr'><strong>Qui</strong></span> <span class='ocrx_word' id='word_1_222' title='bbox 1801 2209 1945 2260; x_wconf 91' lang='lat' dir='ltr'><strong>enim</strong></span> 
     </span>
    </p>
   </div>
   <div class='ocr_carea' id='block_1_37' title="bbox 376 2281 1946 2363">
    <p class='ocr_par' dir='ltr' id='par_1_37' title="bbox 376 2281 1946 2363">
     <span class='ocr_line' id='line_1_38' title="bbox 376 2281 1946 2363; baseline 0.015 -32"><span class='ocrx_word' id='word_1_223' title='bbox 376 2281 581 2348; x_wconf 79' lang='lat' dir='ltr'><strong>justum</strong></span> <span class='ocrx_word' id='word_1_224' title='bbox 619 2284 847 2355; x_wconf 88' lang='lat' dir='ltr'><strong>adeptus</strong></span> <span class='ocrx_word' id='word_1_225' title='bbox 884 2291 1142 2344; x_wconf 81' lang='lat' dir='ltr'><strong>auxilium</strong></span> <span class='ocrx_word' id='word_1_226' title='bbox 1187 2301 1292 2353; x_wconf 88' lang='lat' dir='ltr'><strong>est,</strong></span> <span class='ocrx_word' id='word_1_227' title='bbox 1327 2291 1473 2358; x_wconf 90' lang='lat' dir='ltr'><strong>juste</strong></span> <span class='ocrx_word' id='word_1_228' title='bbox 1497 2309 1595 2363; x_wconf 87' lang='lat' dir='ltr'><strong>par</strong></span> <span class='ocrx_word' id='word_1_229' title='bbox 1629 2297 1834 2353; x_wconf 81' lang='lat' dir='ltr'><strong>referre</strong></span> <span class='ocrx_word' id='word_1_230' title='bbox 1859 2301 1946 2355; x_wconf 88' lang='lat' dir='ltr'><strong>dc-</strong></span> 
     </span>
    </p>
   </div>
   <div class='ocr_carea' id='block_1_38' title="bbox 381 2366 1932 2456">
    <p class='ocr_par' dir='ltr' id='par_1_38' title="bbox 381 2366 1932 2456">
     <span class='ocr_line' id='line_1_39' title="bbox 381 2366 1932 2456; baseline 0.015 -37"><span class='ocrx_word' id='word_1_231' title='bbox 381 2366 492 2431; x_wconf 84' lang='lat' dir='ltr'><strong>bct,</strong></span> <span class='ocrx_word' id='word_1_232' title='bbox 527 2380 590 2455; x_wconf 89' lang='lat' dir='ltr'><strong>ut</strong></span> <span class='ocrx_word' id='word_1_233' title='bbox 617 2375 804 2440; x_wconf 69' lang='lat' dir='ltr'><strong>gratize</strong></span> <span class='ocrx_word' id='word_1_234' title='bbox 832 2391 942 2430; x_wconf 65' lang='lat' dir='ltr'><strong>suae</strong></span> <span class='ocrx_word' id='word_1_235' title='bbox 985 2388 1230 2433; x_wconf 87' lang='lat' dir='ltr'><strong>servetur</strong></span> <span class='ocrx_word' id='word_1_236' title='bbox 1269 2382 1576 2449; x_wconf 81' lang='lat' dir='ltr'><strong>appellatio.</strong></span> <span class='ocrx_word' id='word_1_237' title='bbox 1608 2385 1712 2440; x_wconf 88' lang='lat' dir='ltr'><strong>Sed</strong></span> <span class='ocrx_word' id='word_1_238' title='bbox 1754 2401 1932 2456; x_wconf 87' lang='lat' dir='ltr'><strong>neque</strong></span> 
     </span>
    </p>
   </div>
   <div class='ocr_carea' id='block_1_39' title="bbox 379 2457 1934 2535">
    <p class='ocr_par' dir='ltr' id='par_1_39' title="bbox 379 2457 1934 2535">
     <span class='ocr_line' id='line_1_40' title="bbox 379 2457 1934 2535; baseline 0.015 -23"><span class='ocrx_word' id='word_1_239' title='bbox 379 2457 458 2512; x_wconf 84' lang='lat' dir='ltr'><strong>illi</strong></span> <span class='ocrx_word' id='word_1_240' title='bbox 488 2461 576 2528; x_wconf 90' lang='lat' dir='ltr'><strong>qui</strong></span> <span class='ocrx_word' id='word_1_241' title='bbox 611 2461 662 2514; x_wconf 95' lang='lat' dir='ltr'><strong>in</strong></span> <span class='ocrx_word' id='word_1_242' title='bbox 708 2463 869 2520; x_wconf 89' lang='lat' dir='ltr'><strong>licitis</strong></span> <span class='ocrx_word' id='word_1_243' title='bbox 899 2467 1265 2535; x_wconf 80' lang='lat' dir='ltr'><strong>benefaciunt,</strong></span> <span class='ocrx_word' id='word_1_244' title='bbox 1312 2471 1364 2524; x_wconf 92' lang='lat' dir='ltr'><strong>iu</strong></span> <span class='ocrx_word' id='word_1_245' title='bbox 1413 2472 1618 2529; x_wconf 90' lang='lat' dir='ltr'><strong>illicitis</strong></span> <span class='ocrx_word' id='word_1_246' title='bbox 1660 2489 1806 2533; x_wconf 90' lang='lat' dir='ltr'><strong>recte</strong></span> <span class='ocrx_word' id='word_1_247' title='bbox 1847 2495 1934 2535; x_wconf 83' lang='lat' dir='ltr'><strong>rc-</strong></span> 
     </span>
    </p>
   </div>
   <div class='ocr_carea' id='block_1_40' title="bbox 379 2551 1946 2636">
    <p class='ocr_par' dir='ltr' id='par_1_40' title="bbox 379 2551 1946 2636">
     <span class='ocr_line' id='line_1_41' title="bbox 379 2551 1946 2636; baseline 0.015 -34"><span class='ocrx_word' id='word_1_248' title='bbox 379 2551 805 2607; x_wconf 82' lang='lat' dir='ltr'><strong>numerationem</strong></span> <span class='ocrx_word' id='word_1_249' title='bbox 833 2564 1040 2624; x_wconf 87' lang='lat' dir='ltr'><strong>petunt,</strong></span> <span class='ocrx_word' id='word_1_250' title='bbox 1067 2573 1239 2627; x_wconf 82' lang='lat' dir='ltr'><strong>neque</strong></span> <span class='ocrx_word' id='word_1_251' title='bbox 1257 2572 1314 2613; x_wconf 90' lang='lat' dir='ltr'><strong>ut</strong></span> <span class='ocrx_word' id='word_1_252' title='bbox 1336 2562 1529 2632; x_wconf 81' lang='lat' dir='ltr'><strong>ingrati</strong></span> <span class='ocrx_word' id='word_1_253' title='bbox 1549 2569 1946 2636; x_wconf 84' lang='lat' dir='ltr'><strong>reprehenden-</strong></span> 
     </span>
    </p>
   </div>
   <div class='ocr_carea' id='block_1_41' title="bbox 378 2637 1271 2718">
    <p class='ocr_par' dir='ltr' id='par_1_41' title="bbox 378 2637 1271 2718">
     <span class='ocr_line' id='line_1_42' title="bbox 378 2637 1271 2718; baseline 0.016 -26"><span class='ocrx_word' id='word_1_254' title='bbox 378 2637 456 2704; x_wconf 85' lang='lat' dir='ltr'><strong>di,</strong></span> <span class='ocrx_word' id='word_1_255' title='bbox 491 2640 579 2695; x_wconf 91' lang='lat' dir='ltr'><strong>oul</strong></span> <span class='ocrx_word' id='word_1_256' title='bbox 605 2641 788 2699; x_wconf 89' lang='lat' dir='ltr'><strong>illicita</strong></span> <span class='ocrx_word' id='word_1_257' title='bbox 819 2659 925 2702; x_wconf 91' lang='lat' dir='ltr'><strong>non</strong></span> <span class='ocrx_word' id='word_1_258' title='bbox 951 2649 1271 2718; x_wconf 87' lang='lat' dir='ltr'><strong>rependunt.</strong></span> 
     </span>
    </p>
   </div>
   <div class='ocr_carea' id='block_1_42' title="bbox 551 2838 1760 2913">
    <p class='ocr_par' dir='ltr' id='par_1_42' title="bbox 551 2838 1760 2913">
     <span class='ocr_line' id='line_1_43' title="bbox 551 2838 1760 2913; baseline 0.017 -20"><span class='ocrx_word' id='word_1_259' title='bbox 551 2838 780 2900; x_wconf 79' lang='lat' dir='ltr'><strong>DXLlll.</strong></span> <span class='ocrx_word' id='word_1_260' title='bbox 849 2875 897 2886; x_wconf 91' lang='lat'><strong>-—</strong></span> <span class='ocrx_word' id='word_1_261' title='bbox 925 2847 1154 2905; x_wconf 83' lang='lat' dir='ltr'><strong>PETRO</strong></span> <span class='ocrx_word' id='word_1_262' title='bbox 1193 2851 1396 2908; x_wconf 82' lang='lat' dir='ltr'><strong>REMP.</strong></span> <span class='ocrx_word' id='word_1_263' title='bbox 1438 2855 1760 2913; x_wconf 79' lang='lat' dir='ltr'><strong>GERENTI.</strong></span> 
     </span>
    </p>
   </div>
   <div class='ocr_carea' id='block_1_43' title="bbox 2122 1851 3621 1923">
    <p class='ocr_par' dir='ltr' id='par_1_43' title="bbox 2122 1851 3621 1923">
     <span class='ocr_line' id='line_1_44' title="bbox 2122 1851 3621 1923; baseline 0.001 -18"><span class='ocrx_word' id='word_1_264' title='bbox 2122 1852 2195 1905; x_wconf 84' lang='grc' dir='ltr'><strong>Οὐ</strong></span> <span class='ocrx_word' id='word_1_265' title='bbox 2231 1852 2335 1923; x_wconf 83' lang='grc' dir='ltr'><strong>χρὴ</strong></span> <span class='ocrx_word' id='word_1_266' title='bbox 2386 1851 2740 1922; x_wconf 81' lang='grc' dir='ltr'>λυμαίνεσθαι</span> <span class='ocrx_word' id='word_1_267' title='bbox 2770 1852 2868 1914; x_wconf 88' lang='grc' dir='ltr'><strong>τάς</strong></span> <span class='ocrx_word' id='word_1_268' title='bbox 2914 1851 3144 1922; x_wconf 82' lang='grc' dir='ltr'>χάριτας</span> <span class='ocrx_word' id='word_1_269' title='bbox 3189 1851 3267 1923; x_wconf 83' lang='grc' dir='ltr'>τῷ</span> <span class='ocrx_word' id='word_1_270' title='bbox 3301 1853 3357 1904; x_wconf 83' lang='grc' dir='ltr'>ὲν</span> <span class='ocrx_word' id='word_1_271' title='bbox 3408 1853 3621 1918; x_wconf 83' lang='grc' dir='ltr'>ἀδίκοις</span> 
     </span>
    </p>
   </div>
   <div class='ocr_carea' id='block_1_44' title="bbox 2049 1941 3616 2013">
    <p class='ocr_par' dir='ltr' id='par_1_44' title="bbox 2049 1941 3616 2013">
     <span class='ocr_line' id='line_1_45' title="bbox 2049 1941 3616 2013; baseline 0.001 -18"><span class='ocrx_word' id='word_1_272' title='bbox 2049 1943 2368 2013; x_wconf 81' lang='grc' dir='ltr'>πράγμασιν</span> <span class='ocrx_word' id='word_1_273' title='bbox 2415 1942 2818 1996; x_wconf 82' lang='grc' dir='ltr'>ἀνταποδιδόναι</span> <span class='ocrx_word' id='word_1_274' title='bbox 2863 1941 2964 2005; x_wconf 88' lang='grc' dir='ltr'><strong>τάς</strong></span> <span class='ocrx_word' id='word_1_275' title='bbox 3011 1943 3262 2012; x_wconf 77' lang='grc' dir='ltr'>ἀμοιϐάς.</span> <span class='ocrx_word' id='word_1_276' title='bbox 3309 1942 3370 1994; x_wconf 78' lang='grc' dir='ltr'><strong>ὐ</strong></span> <span class='ocrx_word' id='word_1_277' title='bbox 3399 1942 3512 2012; x_wconf 78' lang='grc' dir='ltr'>γὰρ</span> <span class='ocrx_word' id='word_1_278' title='bbox 3541 1944 3616 1996; x_wconf 80' lang='grc' dir='ltr'>δι·</span> 
     </span>
    </p>
   </div>
   <div class='ocr_carea' id='block_1_45' title="bbox 2053 2033 3622 2104">
    <p class='ocr_par' dir='ltr' id='par_1_45' title="bbox 2053 2033 3622 2104">
     <span class='ocr_line' id='line_1_46' title="bbox 2053 2033 3622 2104; baseline 0.001 -20"><span class='ocrx_word' id='word_1_279' title='bbox 2053 2033 2224 2097; x_wconf 86' lang='grc' dir='ltr'>καίως</span> <span class='ocrx_word' id='word_1_280' title='bbox 2256 2036 2357 2103; x_wconf 78' lang='grc' dir='ltr'><strong>μὲν</strong></span> <span class='ocrx_word' id='word_1_281' title='bbox 2390 2034 2701 2104; x_wconf 74' lang='grc' dir='ltr'>’βοηθηθεὶς,</span> <span class='ocrx_word' id='word_1_282' title='bbox 2749 2035 2808 2086; x_wconf 75' lang='grc' dir='ltr'>ἐν</span> <span class='ocrx_word' id='word_1_283' title='bbox 2854 2034 3060 2097; x_wconf 88' lang='grc' dir='ltr'>ἀδίκοις</span> <span class='ocrx_word' id='word_1_284' title='bbox 3105 2035 3163 2087; x_wconf 79' lang='grc' dir='ltr'>δὲ</span> <span class='ocrx_word' id='word_1_285' title='bbox 3212 2033 3506 2104; x_wconf 81' lang='grc' dir='ltr'>πράγμασι</span> <span class='ocrx_word' id='word_1_286' title='bbox 3542 2036 3622 2104; x_wconf 86' lang='grc' dir='ltr'>τῷ</span> 
     </span>
    </p>
   </div>
   <div class='ocr_carea' id='block_1_46' title="bbox 2053 2124 3618 2197">
    <p class='ocr_par' dir='ltr' id='par_1_46' title="bbox 2053 2124 3618 2197">
     <span class='ocr_line' id='line_1_47' title="bbox 2053 2124 3618 2197; baseline -0.001 -19"><span class='ocrx_word' id='word_1_287' title='bbox 2053 2126 2380 2197; x_wconf 83' lang='grc' dir='ltr'>βοηθήσαντι</span> <span class='ocrx_word' id='word_1_288' title='bbox 2435 2126 2750 2195; x_wconf 78' lang='grc' dir='ltr'>ἐπαμύνων,</span> <span class='ocrx_word' id='word_1_289' title='bbox 2801 2124 2860 2177; x_wconf 83' lang='grc' dir='ltr'><strong>οὐ</strong></span> <span class='ocrx_word' id='word_1_290' title='bbox 2901 2125 3126 2188; x_wconf 86' lang='grc' dir='ltr'>δικαίως</span> <span class='ocrx_word' id='word_1_291' title='bbox 3181 2126 3396 2179; x_wconf 88' lang='grc' dir='ltr'>δικαίαν</span> <span class='ocrx_word' id='word_1_292' title='bbox 3457 2127 3618 2195; x_wconf 81' lang='grc' dir='ltr'>χάριν</span> 
     </span>
    </p>
   </div>
   <div class='ocr_carea' id='block_1_47' title="bbox 2050 2213 3616 2285">
    <p class='ocr_par' dir='ltr' id='par_1_47' title="bbox 2050 2213 3616 2285">
     <span class='ocr_line' id='line_1_48' title="bbox 2050 2213 3616 2285; baseline -0.001 -19"><span class='ocrx_word' id='word_1_293' title='bbox 2050 2214 2368 2285; x_wconf 82' lang='grc' dir='ltr'>διαφθείρει.</span> <span class='ocrx_word' id='word_1_294' title='bbox 2404 2215 2512 2267; x_wconf 80' lang='grc' dir='ltr'>Καί</span> <span class='ocrx_word' id='word_1_295' title='bbox 2547 2231 2636 2284; x_wconf 92' lang='grc' dir='ltr'><strong>μοι</strong></span> <span class='ocrx_word' id='word_1_296' title='bbox 2685 2214 2830 2266; x_wconf 83' lang='grc' dir='ltr'>δοκεῖ</span> <span class='ocrx_word' id='word_1_297' title='bbox 2869 2217 2898 2266; x_wconf 82' lang='grc' dir='ltr'><strong>ὁ</strong></span> <span class='ocrx_word' id='word_1_298' title='bbox 2933 2213 3007 2283; x_wconf 87' lang='grc' dir='ltr'><strong>μὴ</strong></span> <span class='ocrx_word' id='word_1_299' title='bbox 3041 2214 3184 2267; x_wconf 77' lang='grc' dir='ltr'>οὕτω</span> <span class='ocrx_word' id='word_1_300' title='bbox 3239 2213 3616 2283; x_wconf 72' lang='grc' dir='ltr'>ἀμειψάμενος</span> 
     </span>
    </p>
   </div>
   <div class='ocr_carea' id='block_1_48' title="bbox 2051 2301 3615 2375">
    <p class='ocr_par' dir='ltr' id='par_1_48' title="bbox 2051 2301 3615 2375">
     <span class='ocr_line' id='line_1_49' title="bbox 2051 2301 3615 2375; baseline -0.001 -17"><span class='ocrx_word' id='word_1_301' title='bbox 2051 2307 2347 2375; x_wconf 82' lang='grc' dir='ltr'>εὐγνώμων</span> <span class='ocrx_word' id='word_1_302' title='bbox 2378 2301 2535 2359; x_wconf 84' lang='grc' dir='ltr'>εἶναι.</span> <span class='ocrx_word' id='word_1_303' title='bbox 2577 2305 2637 2358; x_wconf 84' lang='grc' dir='ltr'>ὐ</span> <span class='ocrx_word' id='word_1_304' title='bbox 2666 2305 2774 2374; x_wconf 79' lang='grc' dir='ltr'>γὰρ</span> <span class='ocrx_word' id='word_1_305' title='bbox 2800 2306 3016 2367; x_wconf 86' lang='grc' dir='ltr'>δικαίας</span> <span class='ocrx_word' id='word_1_306' title='bbox 3066 2304 3383 2372; x_wconf 74' lang='grc' dir='ltr'>ἐπικουρίας</span> <span class='ocrx_word' id='word_1_307' title='bbox 3412 2303 3615 2375; x_wconf 84' lang='grc' dir='ltr'>τυχὼν,</span> 
     </span>
    </p>
   </div>
   <div class='ocr_carea' id='block_1_49' title="bbox 2047 2394 3609 2465">
    <p class='ocr_par' dir='ltr' id='par_1_49' title="bbox 2047 2394 3609 2465">
     <span class='ocr_line' id='line_1_50' title="bbox 2047 2394 3609 2465; baseline 0 -17"><span class='ocrx_word' id='word_1_308' title='bbox 2047 2395 2267 2458; x_wconf 87' lang='grc' dir='ltr'>δικαίως</span> <span class='ocrx_word' id='word_1_309' title='bbox 2289 2396 2382 2448; x_wconf 75' lang='grc' dir='ltr'><strong>καὶ</strong></span> <span class='ocrx_word' id='word_1_310' title='bbox 2409 2395 2508 2465; x_wconf 86' lang='grc' dir='ltr'>τὴν</span> <span class='ocrx_word' id='word_1_311' title='bbox 2536 2395 2769 2463; x_wconf 81' lang='grc' dir='ltr'>ἀμοιϐὴν</span> <span class='ocrx_word' id='word_1_312' title='bbox 2795 2394 3083 2448; x_wconf 82' lang='grc' dir='ltr'>ἀποδοῦναι</span> <span class='ocrx_word' id='word_1_313' title='bbox 3111 2395 3332 2462; x_wconf 80' lang='grc' dir='ltr'>ὀφείλει,</span> <span class='ocrx_word' id='word_1_314' title='bbox 3377 2395 3466 2448; x_wconf 81' lang='grc' dir='ltr'><strong>ἵνα</strong></span> <span class='ocrx_word' id='word_1_315' title='bbox 3495 2411 3609 2448; x_wconf 81' lang='grc' dir='ltr'>σω-</span> 
     </span>
    </p>
   </div>
   <div class='ocr_carea' id='block_1_50' title="bbox 2048 2486 3610 2558">
    <p class='ocr_par' dir='ltr' id='par_1_50' title="bbox 2048 2486 3610 2558">
     <span class='ocr_line' id='line_1_51' title="bbox 2048 2486 3610 2558; baseline 0 -21"><span class='ocrx_word' id='word_1_316' title='bbox 2048 2486 2166 2554; x_wconf 85' lang='grc' dir='ltr'>θείη</span> <span class='ocrx_word' id='word_1_317' title='bbox 2205 2486 2305 2555; x_wconf 81' lang='grc' dir='ltr'>τῆς</span> <span class='ocrx_word' id='word_1_318' title='bbox 2349 2487 2568 2557; x_wconf 83' lang='grc' dir='ltr'>χάριτος</span> <span class='ocrx_word' id='word_1_319' title='bbox 2607 2489 2640 2557; x_wconf 86' lang='grc' dir='ltr'><strong>ή</strong></span> <span class='ocrx_word' id='word_1_320' title='bbox 2678 2487 3037 2558; x_wconf 75' lang='grc' dir='ltr'>προσηγορία.</span> <span class='ocrx_word' id='word_1_321' title='bbox 3089 2487 3250 2540; x_wconf 78' lang='grc' dir='ltr'>Ἀλλὰ</span> <span class='ocrx_word' id='word_1_322' title='bbox 3292 2486 3428 2557; x_wconf 78' lang='grc' dir='ltr'>μηδὲ</span> <span class='ocrx_word' id='word_1_323' title='bbox 3465 2488 3514 2538; x_wconf 84' lang='lat' dir='ltr'><strong>oi</strong></span> <span class='ocrx_word' id='word_1_324' title='bbox 3549 2487 3610 2538; x_wconf 76' lang='grc' dir='ltr'>ἐν</span> 
     </span>
    </p>
   </div>
   <div class='ocr_carea' id='block_1_51' title="bbox 2047 2573 3611 2648">
    <p class='ocr_par' dir='ltr' id='par_1_51' title="bbox 2047 2573 3611 2648">
     <span class='ocr_line' id='line_1_52' title="bbox 2047 2573 3611 2648; baseline 0.001 -19"><span class='ocrx_word' id='word_1_325' title='bbox 2047 2573 2129 2639; x_wconf 70' lang='grc' dir='ltr'>οἷς</span> <span class='ocrx_word' id='word_1_326' title='bbox 2160 2577 2318 2647; x_wconf 87' lang='grc' dir='ltr'>θέμις</span> <span class='ocrx_word' id='word_1_327' title='bbox 2369 2579 2850 2648; x_wconf 79' lang='grc' dir='ltr'>εὐεργετήσαντες,</span> <span class='ocrx_word' id='word_1_328' title='bbox 2881 2579 2939 2631; x_wconf 82' lang='grc' dir='ltr'>ὲν</span> <span class='ocrx_word' id='word_1_329' title='bbox 2963 2573 3046 2641; x_wconf 73' lang='grc' dir='ltr'>οἷς</span> <span class='ocrx_word' id='word_1_330' title='bbox 3074 2578 3147 2648; x_wconf 86' lang='grc' dir='ltr'>μὴ</span> <span class='ocrx_word' id='word_1_331' title='bbox 3177 2578 3338 2647; x_wconf 83' lang='grc' dir='ltr'>θέμις</span> <span class='ocrx_word' id='word_1_332' title='bbox 3359 2577 3611 2631; x_wconf 81' lang='grc' dir='ltr'>ἀπαιτεί-</span> 
     </span>
    </p>
   </div>
   <div class='ocr_carea' id='block_1_52' title="bbox 2045 2668 3614 2740">
    <p class='ocr_par' dir='ltr' id='par_1_52' title="bbox 2045 2668 3614 2740">
     <span class='ocr_line' id='line_1_53' title="bbox 2045 2668 3614 2740; baseline 0.002 -20"><span class='ocrx_word' id='word_1_333' title='bbox 2045 2685 2225 2721; x_wconf 85' lang='grc' dir='ltr'>τωσαν</span> <span class='ocrx_word' id='word_1_334' title='bbox 2270 2669 2368 2732; x_wconf 85' lang='grc' dir='ltr'><strong>τὰς</strong></span> <span class='ocrx_word' id='word_1_335' title='bbox 2410 2669 2666 2738; x_wconf 73' lang='grc' dir='ltr'>ἀμοιϐὰς,</span> <span class='ocrx_word' id='word_1_336' title='bbox 2704 2668 2838 2738; x_wconf 80' lang='grc' dir='ltr'>μηδὲ</span> <span class='ocrx_word' id='word_1_337' title='bbox 2892 2670 3221 2740; x_wconf 78' lang='grc' dir='ltr'>ἀχαρίστους</span> <span class='ocrx_word' id='word_1_338' title='bbox 3275 2668 3614 2723; x_wconf 79' lang='grc' dir='ltr'>καλείτωσαν</span> 
     </span>
    </p>
   </div>
   <div class='ocr_carea' id='block_1_53' title="bbox 2046 2753 3236 2830">
    <p class='ocr_par' dir='ltr' id='par_1_53' title="bbox 2046 2753 3236 2830">
     <span class='ocr_line' id='line_1_54' title="bbox 2046 2753 3236 2830; baseline 0.003 -19"><span class='ocrx_word' id='word_1_339' title='bbox 2046 2760 2172 2822; x_wconf 61' lang='grc' dir='ltr'>τοὺς</span> <span class='ocrx_word' id='word_1_340' title='bbox 2194 2759 2250 2812; x_wconf 83' lang='grc' dir='ltr'>ἐν</span> <span class='ocrx_word' id='word_1_341' title='bbox 2270 2753 2350 2820; x_wconf 77' lang='grc' dir='ltr'>οἷς</span> <span class='ocrx_word' id='word_1_342' title='bbox 2388 2760 2460 2829; x_wconf 86' lang='grc' dir='ltr'>μὴ</span> <span class='ocrx_word' id='word_1_343' title='bbox 2491 2759 2666 2825; x_wconf 77' lang='grc' dir='ltr'>ἔξεστι</span> <span class='ocrx_word' id='word_1_344' title='bbox 2703 2759 2777 2830; x_wconf 82' lang='grc' dir='ltr'>μὴ</span> <span class='ocrx_word' id='word_1_345' title='bbox 2806 2759 3236 2830; x_wconf 73' lang='grc' dir='ltr'>ἀμειψαμένους.</span> 
     </span>
    </p>
   </div>
   <div class='ocr_carea' id='block_1_54' title="bbox 2270 2867 3375 2938">
    <p class='ocr_par' dir='ltr' id='par_1_54' title="bbox 2270 2867 3375 2938">
     <span class='ocr_line' id='line_1_55' title="bbox 2270 2867 3375 2938; baseline 0.003 -18"><span class='ocrx_word' id='word_1_346' title='bbox 2270 2867 2446 2923; x_wconf 64' lang='lat' dir='ltr'><strong>Mli&quot;.</strong></span> <span class='ocrx_word' id='word_1_347' title='bbox 2469 2897 2537 2906; x_wconf 88' lang='lat'><strong>-—</strong></span> <span class='ocrx_word' id='word_1_348' title='bbox 2567 2868 2794 2938; x_wconf 84' lang='grc' dir='ltr'><strong>ΠΕΤΡῼ</strong></span> <span class='ocrx_word' id='word_1_349' title='bbox 2818 2867 3375 2938; x_wconf 76' lang='grc' dir='ltr'><strong>ΠΟΛΙΤΕΥΟΜΕΝῼ.</strong></span> 
     </span>
    </p>
   </div>
   <div class='ocr_carea' id='block_1_55' title="bbox 373 2949 1936 3053">
    <p class='ocr_par' dir='ltr' id='par_1_55' title="bbox 373 2949 1936 3039">
     <span class='ocr_line' id='line_1_56' title="bbox 373 2949 1936 3039; baseline 0.012 -33"><span class='ocrx_word' id='word_1_350' title='bbox 373 2949 418 3006; x_wconf 76' lang='grc' dir='ltr'><strong><em>Δ</em></strong></span> <span class='ocrx_word' id='word_1_351' title='bbox 445 2950 701 3022; x_wconf 73' lang='lat' dir='ltr'><strong>legatione</strong></span> <span class='ocrx_word' id='word_1_352' title='bbox 729 2956 862 3026; x_wconf 78' lang='lat' dir='ltr'><strong>{uisa</strong></span> <span class='ocrx_word' id='word_1_353' title='bbox 887 2962 1026 3017; x_wconf 87' lang='lat' dir='ltr'><strong>obita</strong></span> <span class='ocrx_word' id='word_1_354' title='bbox 1062 2966 1314 3022; x_wconf 74' lang='lat' dir='ltr'><strong>abstinere</strong></span> <span class='ocrx_word' id='word_1_355' title='bbox 1336 2970 1506 3038; x_wconf 81' lang='lat' dir='ltr'><strong>jubet,</strong></span> <span class='ocrx_word' id='word_1_356' title='bbox 1537 2971 1688 3039; x_wconf 81' lang='lat' dir='ltr'><strong>cujus</strong></span> <span class='ocrx_word' id='word_1_357' title='bbox 1718 2972 1936 3027; x_wconf 65' lang='lat' dir='ltr'><strong>{Eschin</strong></span> 
     </span>
    </p>
   </div>
   <div class='ocr_carea' id='block_1_56' title="bbox 2050 2949 3604 3053">
    <p class='ocr_par' dir='ltr' id='par_1_56' title="bbox 2078 2972 3604 3053">
     <span class='ocr_line' id='line_1_57' title="bbox 2078 2972 3604 3053; baseline 0.004 -28"><span class='ocrx_word' id='word_1_358' title='bbox 2078 2983 2292 3026; x_wconf 79' lang='lat' dir='ltr'><strong>accusat</strong></span> <span class='ocrx_word' id='word_1_359' title='bbox 2349 2972 2712 3029; x_wconf 77' lang='lat' dir='ltr'><strong>Demosthenes</strong></span> <span class='ocrx_word' id='word_1_360' title='bbox 2753 2977 3058 3044; x_wconf 76' lang='lat' dir='ltr'><strong>oratJIepi</strong></span> <span class='ocrx_word' id='word_1_361' title='bbox 3103 2977 3604 3053; x_wconf 55' lang='grc' dir='ltr'>παραπρεσϐείας.</span> 
     </span>
    </p>
   </div>
   <div class='ocr_carea' id='block_1_57' title="bbox 443 3056 2010 3138">
    <p class='ocr_par' dir='ltr' id='par_1_57' title="bbox 443 3056 2010 3138">
     <span class='ocr_line' id='line_1_58' title="bbox 443 3056 2010 3138; baseline 0.015 -30"><span class='ocrx_word' id='word_1_362' title='bbox 443 3056 636 3114; x_wconf 81' lang='lat' dir='ltr'><strong>Missus</strong></span> <span class='ocrx_word' id='word_1_363' title='bbox 682 3075 742 3116; x_wconf 91' lang='lat' dir='ltr'><strong>es</strong></span> <span class='ocrx_word' id='word_1_364' title='bbox 778 3064 845 3118; x_wconf 88' lang='lat' dir='ltr'><strong>ad</strong></span> <span class='ocrx_word' id='word_1_365' title='bbox 888 3068 1304 3138; x_wconf 78' lang='lat' dir='ltr'><strong>expediendum,</strong></span> <span class='ocrx_word' id='word_1_366' title='bbox 1349 3088 1456 3128; x_wconf 90' lang='lat' dir='ltr'><strong>non</strong></span> <span class='ocrx_word' id='word_1_367' title='bbox 1492 3075 1560 3129; x_wconf 88' lang='lat' dir='ltr'><strong>ad</strong></span> <span class='ocrx_word' id='word_1_368' title='bbox 1600 3077 1938 3131; x_wconf 89' lang='lat' dir='ltr'><strong>vendendum</strong></span> <span class='ocrx_word' id='word_1_369' title='bbox 1969 3073 2010 3130; x_wconf 88' lang='lat' dir='ltr'>C</span> 
     </span>
    </p>
   </div>
   <div class='ocr_carea' id='block_1_58' title="bbox 371 3147 1927 3223">
    <p class='ocr_par' dir='ltr' id='par_1_58' title="bbox 371 3147 1927 3223">
     <span class='ocr_line' id='line_1_59' title="bbox 371 3147 1927 3223; baseline 0.015 -25"><span class='ocrx_word' id='word_1_370' title='bbox 371 3147 662 3202; x_wconf 75' lang='lat' dir='ltr'><strong>commissa</strong></span> <span class='ocrx_word' id='word_1_371' title='bbox 687 3153 920 3220; x_wconf 85' lang='lat' dir='ltr'><strong>negotia,</strong></span> <span class='ocrx_word' id='word_1_372' title='bbox 950 3154 1272 3223; x_wconf 77' lang='lat' dir='ltr'><strong>legationem</strong></span> <span class='ocrx_word' id='word_1_373' title='bbox 1300 3162 1549 3217; x_wconf 87' lang='lat' dir='ltr'><strong>obiturus</strong></span> <span class='ocrx_word' id='word_1_374' title='bbox 1567 3179 1673 3218; x_wconf 88' lang='lat' dir='ltr'><strong>non</strong></span> <span class='ocrx_word' id='word_1_375' title='bbox 1703 3165 1889 3220; x_wconf 82' lang='lat' dir='ltr'><strong>falsam</strong></span> <span class='ocrx_word' id='word_1_376' title='bbox 1913 3186 1927 3221; x_wconf 89' lang='lat'><strong>:</strong></span> 
     </span>
    </p>
   </div>
   <div class='ocr_carea' id='block_1_59' title="bbox 369 3239 1932 3324">
    <p class='ocr_par' dir='ltr' id='par_1_59' title="bbox 369 3239 1932 3324">
     <span class='ocr_line' id='line_1_60' title="bbox 369 3239 1932 3324; baseline 0.015 -37"><span class='ocrx_word' id='word_1_377' title='bbox 369 3244 427 3288; x_wconf 84' lang='lat' dir='ltr'><strong>et</strong></span> <span class='ocrx_word' id='word_1_378' title='bbox 478 3239 887 3306; x_wconf 83' lang='lat' dir='ltr'><strong>emendaturus,</strong></span> <span class='ocrx_word' id='word_1_379' title='bbox 947 3262 1054 3300; x_wconf 92' lang='lat' dir='ltr'><strong>non</strong></span> <span class='ocrx_word' id='word_1_380' title='bbox 1107 3264 1416 3307; x_wconf 86' lang='lat' dir='ltr'><strong>eversurus.</strong></span> <span class='ocrx_word' id='word_1_381' title='bbox 1463 3252 1543 3308; x_wconf 88' lang='lat' dir='ltr'><strong>Ne</strong></span> <span class='ocrx_word' id='word_1_382' title='bbox 1587 3255 1748 3324; x_wconf 78' lang='lat' dir='ltr'><strong>igitur</strong></span> <span class='ocrx_word' id='word_1_383' title='bbox 1785 3258 1932 3312; x_wconf 66' lang='lat' dir='ltr'><strong>falsae</strong></span> 
     </span>
    </p>
   </div>
   <div class='ocr_carea' id='block_1_60' title="bbox 370 3327 1930 3406">
    <p class='ocr_par' dir='ltr' id='par_1_60' title="bbox 370 3327 1930 3406">
     <span class='ocr_line' id='line_1_61' title="bbox 370 3327 1930 3406; baseline 0.017 -26"><span class='ocrx_word' id='word_1_384' title='bbox 370 3327 531 3382; x_wconf 81' lang='lat' dir='ltr'><strong>obita:</strong></span> <span class='ocrx_word' id='word_1_385' title='bbox 574 3330 858 3398; x_wconf 82' lang='lat' dir='ltr'><strong>legationis</strong></span> <span class='ocrx_word' id='word_1_386' title='bbox 895 3341 1167 3395; x_wconf 86' lang='lat' dir='ltr'><strong>accuseris</strong></span> <span class='ocrx_word' id='word_1_387' title='bbox 1207 3343 1325 3396; x_wconf 87' lang='lat' dir='ltr'><strong>veni</strong></span> <span class='ocrx_word' id='word_1_388' title='bbox 1371 3345 1552 3400; x_wconf 81' lang='lat' dir='ltr'><strong>statim</strong></span> <span class='ocrx_word' id='word_1_389' title='bbox 1589 3356 1640 3402; x_wconf 88' lang='lat' dir='ltr'><strong>te</strong></span> <span class='ocrx_word' id='word_1_390' title='bbox 1676 3349 1930 3406; x_wconf 65' lang='lat' dir='ltr'><strong>delensuo</strong></span> 
     </span>
    </p>
   </div>
   <div class='ocr_carea' id='block_1_61' title="bbox 371 3420 1284 3488">
    <p class='ocr_par' dir='ltr' id='par_1_61' title="bbox 371 3420 1284 3488">
     <span class='ocr_line' id='line_1_62' title="bbox 371 3420 1284 3488; baseline 0.015 -19"><span class='ocrx_word' id='word_1_391' title='bbox 371 3429 496 3481; x_wconf 86' lang='lat' dir='ltr'><strong>rus,</strong></span> <span class='ocrx_word' id='word_1_392' title='bbox 525 3428 579 3472; x_wconf 91' lang='lat' dir='ltr'><strong>ct</strong></span> <span class='ocrx_word' id='word_1_393' title='bbox 608 3420 954 3488; x_wconf 80' lang='lat' dir='ltr'><strong>ignominiam</strong></span> <span class='ocrx_word' id='word_1_394' title='bbox 988 3427 1284 3484; x_wconf 65' lang='lat' dir='ltr'><strong>deleturus.</strong></span> 
     </span>
    </p>
   </div>
   <div class='ocr_carea' id='block_1_62' title="bbox 567 3528 1726 3598">
    <p class='ocr_par' dir='ltr' id='par_1_62' title="bbox 567 3528 1726 3598">
     <span class='ocr_line' id='line_1_63' title="bbox 567 3528 1726 3598; baseline 0.015 -17"><span class='ocrx_word' id='word_1_395' title='bbox 567 3528 789 3586; x_wconf 77' lang='lat' dir='ltr'><strong>DXLIV.</strong></span> <span class='ocrx_word' id='word_1_396' title='bbox 820 3559 888 3571; x_wconf 89' lang='lat'><strong>-—</strong></span> <span class='ocrx_word' id='word_1_397' title='bbox 917 3529 1215 3591; x_wconf 79' lang='lat' dir='ltr'><strong>OPIIELIO</strong></span> <span class='ocrx_word' id='word_1_398' title='bbox 1251 3536 1726 3598; x_wconf 80' lang='lat' dir='ltr'><strong>GRAMMATICO.</strong></span> 
     </span>
    </p>
   </div>
   <div class='ocr_carea' id='block_1_63' title="bbox 2129 3079 3607 3155">
    <p class='ocr_par' dir='ltr' id='par_1_63' title="bbox 2129 3079 3607 3155">
     <span class='ocr_line' id='line_1_64' title="bbox 2129 3079 3607 3155; baseline 0.005 -24"><span class='ocrx_word' id='word_1_399' title='bbox 2129 3079 2446 3150; x_wconf 85' lang='grc' dir='ltr'>Ἐπέμφθης</span> <span class='ocrx_word' id='word_1_400' title='bbox 2481 3081 2694 3136; x_wconf 86' lang='grc' dir='ltr'>ἀνύσων</span> <span class='ocrx_word' id='word_1_401' title='bbox 2726 3082 2786 3134; x_wconf 83' lang='grc' dir='ltr'><strong>οὐ</strong></span> <span class='ocrx_word' id='word_1_402' title='bbox 2821 3082 3170 3154; x_wconf 84' lang='grc' dir='ltr'>προξενήσων</span> <span class='ocrx_word' id='word_1_403' title='bbox 3214 3087 3327 3147; x_wconf 83' lang='grc' dir='ltr'>τοῖς</span> <span class='ocrx_word' id='word_1_404' title='bbox 3357 3085 3607 3155; x_wconf 78' lang='grc' dir='ltr'>πέμψασι</span> 
     </span>
    </p>
   </div>
   <div class='ocr_carea' id='block_1_64' title="bbox 2037 3171 3601 3245">
    <p class='ocr_par' dir='ltr' id='par_1_64' title="bbox 2037 3171 3601 3245">
     <span class='ocr_line' id='line_1_65' title="bbox 2037 3171 3601 3245; baseline 0.003 -21"><span class='ocrx_word' id='word_1_405' title='bbox 2037 3171 2358 3241; x_wconf 80' lang='grc' dir='ltr'>πράγματα·</span> <span class='ocrx_word' id='word_1_406' title='bbox 2388 3173 2766 3242; x_wconf 76' lang='grc' dir='ltr'>πρεσϐεύσων,</span> <span class='ocrx_word' id='word_1_407' title='bbox 2795 3174 2857 3226; x_wconf 82' lang='grc' dir='ltr'><strong>οὐ</strong></span> <span class='ocrx_word' id='word_1_408' title='bbox 2903 3175 3433 3245; x_wconf 77' lang='grc' dir='ltr'>παραπρεσϐεύσων·</span> <span class='ocrx_word' id='word_1_409' title='bbox 3468 3193 3601 3231; x_wconf 83' lang='grc' dir='ltr'>κατ-</span> 
     </span>
    </p>
   </div>
   <div class='ocr_carea' id='block_1_65' title="bbox 2035 3261 3604 3337">
    <p class='ocr_par' dir='ltr' id='par_1_65' title="bbox 2035 3261 3604 3337">
     <span class='ocr_line' id='line_1_66' title="bbox 2035 3261 3604 3337; baseline 0.006 -25"><span class='ocrx_word' id='word_1_410' title='bbox 2035 3261 2310 3328; x_wconf 89' lang='grc' dir='ltr'>ορθώσων,</span> <span class='ocrx_word' id='word_1_411' title='bbox 2350 3263 2412 3315; x_wconf 82' lang='grc' dir='ltr'><strong>οὑ</strong></span> <span class='ocrx_word' id='word_1_412' title='bbox 2450 3263 2859 3334; x_wconf 67' lang='grc' dir='ltr'>καταστρέφων.</span> <span class='ocrx_word' id='word_1_413' title='bbox 2895 3264 3011 3336; x_wconf 78' lang='grc'><strong>(57)</strong></span> <span class='ocrx_word' id='word_1_414' title='bbox 3039 3264 3156 3319; x_wconf 76' lang='grc' dir='ltr'>Ἵνα</span> <span class='ocrx_word' id='word_1_415' title='bbox 3179 3263 3272 3319; x_wconf 77' lang='grc' dir='ltr'><strong>οὖν</strong></span> <span class='ocrx_word' id='word_1_416' title='bbox 3304 3265 3380 3337; x_wconf 81' lang='grc' dir='ltr'>μὴ</span> <span class='ocrx_word' id='word_1_417' title='bbox 3426 3283 3604 3337; x_wconf 83' lang='grc' dir='ltr'>παρα-</span> 
     </span>
    </p>
   </div>
   <div class='ocr_carea' id='block_1_66' title="bbox 2036 3352 3600 3428">
    <p class='ocr_par' dir='ltr' id='par_1_66' title="bbox 2036 3352 3600 3428">
     <span class='ocr_line' id='line_1_67' title="bbox 2036 3352 3600 3428; baseline 0.004 -25"><span class='ocrx_word' id='word_1_418' title='bbox 2036 3352 2332 3421; x_wconf 72' lang='grc' dir='ltr'>πρεσϐείας</span> <span class='ocrx_word' id='word_1_419' title='bbox 2388 3354 2688 3423; x_wconf 79' lang='grc' dir='ltr'>ὑποσταίης</span> <span class='ocrx_word' id='word_1_420' title='bbox 2750 3356 2988 3427; x_wconf 81' lang='grc' dir='ltr'>γραφήν,</span> <span class='ocrx_word' id='word_1_421' title='bbox 3029 3352 3135 3428; x_wconf 81' lang='grc' dir='ltr'><strong>ἧκε</strong></span> <span class='ocrx_word' id='word_1_422' title='bbox 3180 3359 3282 3426; x_wconf 78' lang='grc' dir='ltr'>τὴν</span> <span class='ocrx_word' id='word_1_423' title='bbox 3335 3359 3600 3428; x_wconf 77' lang='grc' dir='ltr'>ταχίστην</span> 
     </span>
    </p>
   </div>
   <div class='ocr_carea' id='block_1_67' title="bbox 2035 3441 3508 3518">
    <p class='ocr_par' dir='ltr' id='par_1_67' title="bbox 2035 3441 3508 3518">
     <span class='ocr_line' id='line_1_68' title="bbox 2035 3441 3508 3518; baseline 0.005 -25"><span class='ocrx_word' id='word_1_424' title='bbox 2035 3441 2500 3511; x_wconf 81' lang='grc' dir='ltr'>ἀπολογησόμενος</span> <span class='ocrx_word' id='word_1_425' title='bbox 2526 3482 2542 3507; x_wconf 90' lang='grc'><strong>,</strong></span> <span class='ocrx_word' id='word_1_426' title='bbox 2575 3444 2669 3496; x_wconf 78' lang='grc' dir='ltr'><strong>καὶ</strong></span> <span class='ocrx_word' id='word_1_427' title='bbox 2702 3444 2799 3514; x_wconf 83' lang='grc' dir='ltr'>τὴν</span> <span class='ocrx_word' id='word_1_428' title='bbox 2835 3446 3050 3510; x_wconf 81' lang='grc' dir='ltr'>ἀδοξίαν</span> <span class='ocrx_word' id='word_1_429' title='bbox 3076 3448 3508 3518; x_wconf 69' lang='grc' dir='ltr'>ἀποτριψάμενος</span> 
     </span>
    </p>
   </div>
   <div class='ocr_carea' id='block_1_68' title="bbox 2285 3551 3345 3624">
    <p class='ocr_par' dir='ltr' id='par_1_68' title="bbox 2285 3551 3345 3624">
     <span class='ocr_line' id='line_1_69' title="bbox 2285 3551 3345 3624; baseline 0.008 -23"><span class='ocrx_word' id='word_1_430' title='bbox 2285 3551 2458 3603; x_wconf 65' lang='lat' dir='ltr'><strong>«tam.</strong></span> <span class='ocrx_word' id='word_1_431' title='bbox 2492 3580 2564 3592; x_wconf 84' lang='grc'><strong><em>-</em></strong></span> <span class='ocrx_word' id='word_1_432' title='bbox 2594 3551 2838 3621; x_wconf 68' lang='lat' dir='ltr'><strong>nemo</strong></span> <span class='ocrx_word' id='word_1_433' title='bbox 2865 3552 3345 3624; x_wconf 79' lang='grc' dir='ltr'><strong>ΓΡΔΜΜΑΤΙΚῼ.</strong></span> 
     </span>
    </p>
   </div>
   <div class='ocr_carea' id='block_1_69' title="bbox 1375 3631 2611 3708">
    <p class='ocr_par' dir='ltr' id='par_1_69' title="bbox 1375 3631 2611 3708">
     <span class='ocr_line' id='line_1_70' title="bbox 1375 3631 2611 3708; baseline 0.005 -25"><span class='ocrx_word' id='word_1_434' title='bbox 1375 3631 1506 3696; x_wconf 71' lang='lat' dir='ltr'><strong>Qua:</strong></span> <span class='ocrx_word' id='word_1_435' title='bbox 1529 3634 1691 3688; x_wconf 76' lang='lat' dir='ltr'><strong>uirtus</strong></span> <span class='ocrx_word' id='word_1_436' title='bbox 1732 3633 2002 3692; x_wconf 75' lang='lat' dir='ltr'><strong>Ilistorite.</strong></span> <span class='ocrx_word' id='word_1_437' title='bbox 2029 3636 2251 3706; x_wconf 83' lang='lat' dir='ltr'><strong>(Similis</strong></span> <span class='ocrx_word' id='word_1_438' title='bbox 2279 3637 2428 3703; x_wconf 81' lang='lat' dir='ltr'><strong>epist.</strong></span> <span class='ocrx_word' id='word_1_439' title='bbox 2461 3638 2611 3708; x_wconf 73' lang='grc'>450.)</span> 
     </span>
    </p>
   </div>
   <div class='ocr_carea' id='block_1_70' title="bbox 439 3723 1926 3812">
    <p class='ocr_par' dir='ltr' id='par_1_70' title="bbox 439 3723 1926 3812">
     <span class='ocr_line' id='line_1_71' title="bbox 439 3723 1926 3812; baseline 0.015 -37"><span class='ocrx_word' id='word_1_440' title='bbox 439 3723 687 3791; x_wconf 79' lang='lat' dir='ltr'><strong>illaxima,</strong></span> <span class='ocrx_word' id='word_1_441' title='bbox 712 3742 746 3783; x_wconf 94' lang='lat' dir='ltr'><strong>o</strong></span> <span class='ocrx_word' id='word_1_442' title='bbox 774 3730 966 3800; x_wconf 89' lang='lat' dir='ltr'><strong>amice,</strong></span> <span class='ocrx_word' id='word_1_443' title='bbox 985 3733 1225 3792; x_wconf 70' lang='lat' dir='ltr'><strong>historia:</strong></span> <span class='ocrx_word' id='word_1_444' title='bbox 1253 3747 1306 3795; x_wconf 90' lang='lat' dir='ltr'><strong>et</strong></span> <span class='ocrx_word' id='word_1_445' title='bbox 1329 3742 1796 3812; x_wconf 86' lang='lat' dir='ltr'><strong>contemplationis</strong></span> <span class='ocrx_word' id='word_1_446' title='bbox 1820 3745 1926 3798; x_wconf 87' lang='lat' dir='ltr'><strong>vir-</strong></span> 
     </span>
    </p>
   </div>
   <div class='ocr_carea' id='block_1_71' title="bbox 368 3819 1922 3902">
    <p class='ocr_par' dir='ltr' id='par_1_71' title="bbox 368 3819 1922 3902">
     <span class='ocr_line' id='line_1_72' title="bbox 368 3819 1922 3902; baseline 0.014 -34"><span class='ocrx_word' id='word_1_447' title='bbox 368 3822 455 3868; x_wconf 82' lang='lat' dir='ltr'><strong>tus</strong></span> <span class='ocrx_word' id='word_1_448' title='bbox 479 3825 562 3870; x_wconf 89' lang='lat' dir='ltr'><strong>est</strong></span> <span class='ocrx_word' id='word_1_449' title='bbox 597 3819 880 3876; x_wconf 87' lang='lat' dir='ltr'><strong>articulata</strong></span> <span class='ocrx_word' id='word_1_450' title='bbox 912 3839 1090 3881; x_wconf 76' lang='lat' dir='ltr'><strong>causa:</strong></span> <span class='ocrx_word' id='word_1_451' title='bbox 1115 3829 1276 3893; x_wconf 88' lang='lat' dir='ltr'><strong>ratio,</strong></span> <span class='ocrx_word' id='word_1_452' title='bbox 1317 3833 1572 3901; x_wconf 90' lang='lat' dir='ltr'><strong>quodque</strong></span> <span class='ocrx_word' id='word_1_453' title='bbox 1607 3847 1922 3902; x_wconf 84' lang='lat' dir='ltr'><strong>argtuneuta</strong></span> 
     </span>
    </p>
   </div>
   <div class='ocr_carea' id='block_1_72' title="bbox 367 3905 1925 3989">
    <p class='ocr_par' dir='ltr' id='par_1_72' title="bbox 367 3905 1925 3989">
     <span class='ocr_line' id='line_1_73' title="bbox 367 3905 1925 3989; baseline 0.013 -29"><span class='ocrx_word' id='word_1_454' title='bbox 367 3905 740 3974; x_wconf 78' lang='lat' dir='ltr'><strong>ignorantibus</strong></span> <span class='ocrx_word' id='word_1_455' title='bbox 784 3913 1054 3982; x_wconf 82' lang='lat' dir='ltr'><strong>explanat.</strong></span> <span class='ocrx_word' id='word_1_456' title='bbox 1099 3918 1216 3985; x_wconf 86' lang='lat' dir='ltr'><strong>Qua</strong></span> <span class='ocrx_word' id='word_1_457' title='bbox 1261 3921 1464 3979; x_wconf 88' lang='lat' dir='ltr'><strong>virtute</strong></span> <span class='ocrx_word' id='word_1_458' title='bbox 1505 3924 1550 3978; x_wconf 89' lang='lat' dir='ltr'><strong>si</strong></span> <span class='ocrx_word' id='word_1_459' title='bbox 1594 3934 1796 3989; x_wconf 83' lang='lat' dir='ltr'><strong>careat,</strong></span> <span class='ocrx_word' id='word_1_460' title='bbox 1829 3927 1925 3980; x_wconf 87' lang='lat' dir='ltr'><strong>de—</strong></span> 
     </span>
    </p>
   </div>
   <div class='ocr_carea' id='block_1_73' title="bbox 365 4001 1672 4063">
    <p class='ocr_par' dir='ltr' id='par_1_73' title="bbox 365 4001 1672 4063">
     <span class='ocr_line' id='line_1_74' title="bbox 365 4001 1672 4063; baseline 0.014 -12"><span class='ocrx_word' id='word_1_461' title='bbox 365 4001 758 4056; x_wconf 84' lang='lat' dir='ltr'><strong>monstratione</strong></span> <span class='ocrx_word' id='word_1_462' title='bbox 786 4005 950 4058; x_wconf 79' lang='lat' dir='ltr'><strong>etiam</strong></span> <span class='ocrx_word' id='word_1_463' title='bbox 977 4008 1205 4063; x_wconf 89' lang='lat' dir='ltr'><strong>carebit.</strong></span> <span class='ocrx_word' id='word_1_464' title='bbox 1667 4018 1672 4026; x_wconf 87' lang='lat'>&#39;</span> 
     </span>
    </p>
   </div>
   <div class='ocr_carea' id='block_1_74' title="bbox 839 4115 1454 4180">
    <p class='ocr_par' dir='ltr' id='par_1_74' title="bbox 839 4115 1454 4180">
     <span class='ocr_line' id='line_1_75' title="bbox 839 4115 1454 4180; baseline 0.016 -10"><span class='ocrx_word' id='word_1_465' title='bbox 839 4115 1042 4173; x_wconf 81' lang='lat' dir='ltr'><strong>DXLV.</strong></span> <span class='ocrx_word' id='word_1_466' title='bbox 1071 4147 1139 4160; x_wconf 91' lang='lat'><strong>—-</strong></span> <span class='ocrx_word' id='word_1_467' title='bbox 1168 4120 1454 4180; x_wconf 75' lang='lat' dir='ltr'><strong>MARONI.</strong></span> 
     </span>
    </p>
   </div>
   <div class='ocr_carea' id='block_1_75' title="bbox 2098 3740 3593 3824">
    <p class='ocr_par' dir='ltr' id='par_1_75' title="bbox 2098 3740 3593 3824">
     <span class='ocr_line' id='line_1_76' title="bbox 2098 3740 3593 3824; baseline 0.006 -26"><span class='ocrx_word' id='word_1_468' title='bbox 2098 3746 2367 3816; x_wconf 82' lang='grc' dir='ltr'>Μεγίστη,</span> <span class='ocrx_word' id='word_1_469' title='bbox 2396 3740 2441 3799; x_wconf 83' lang='grc' dir='ltr'><strong>ὧ</strong></span> <span class='ocrx_word' id='word_1_470' title='bbox 2466 3747 2635 3814; x_wconf 84' lang='grc' dir='ltr'>φίλος,</span> <span class='ocrx_word' id='word_1_471' title='bbox 2662 3747 2901 3818; x_wconf 80' lang='grc' dir='ltr'>ἱστορίας</span> <span class='ocrx_word' id='word_1_472' title='bbox 2944 3749 3039 3802; x_wconf 74' lang='grc' dir='ltr'>καὶ</span> <span class='ocrx_word' id='word_1_473' title='bbox 3072 3749 3309 3822; x_wconf 81' lang='grc' dir='ltr'>θεωρίας</span> <span class='ocrx_word' id='word_1_474' title='bbox 3343 3751 3511 3824; x_wconf 82' lang='grc' dir='ltr'>ἀρετή</span> <span class='ocrx_word' id='word_1_475' title='bbox 3537 3771 3593 3807; x_wconf 86' lang='grc' dir='ltr'><strong>τε</strong></span> 
     </span>
    </p>
   </div>
   <div class='ocr_carea' id='block_1_76' title="bbox 2031 3835 3593 3910">
    <p class='ocr_par' dir='ltr' id='par_1_76' title="bbox 2031 3835 3593 3910">
     <span class='ocr_line' id='line_1_77' title="bbox 2031 3835 3593 3910; baseline 0.008 -22"><span class='ocrx_word' id='word_1_476' title='bbox 2031 3837 2128 3888; x_wconf 79' lang='grc' dir='ltr'>καὶ</span> <span class='ocrx_word' id='word_1_477' title='bbox 2159 3835 2485 3906; x_wconf 86' lang='grc' dir='ltr'>διάρθρωσις</span> <span class='ocrx_word' id='word_1_478' title='bbox 2509 3838 2826 3908; x_wconf 77' lang='grc' dir='ltr'>αἰτίολογία,</span> <span class='ocrx_word' id='word_1_479' title='bbox 2860 3841 3030 3895; x_wconf 75' lang='grc' dir='ltr'>καὶτὸ</span> <span class='ocrx_word' id='word_1_480' title='bbox 3056 3841 3155 3906; x_wconf 78' lang='grc' dir='ltr'>τὰς</span> <span class='ocrx_word' id='word_1_481' title='bbox 3179 3843 3464 3908; x_wconf 80' lang='grc' dir='ltr'>ὑποθέσεις</span> <span class='ocrx_word' id='word_1_482' title='bbox 3485 3849 3593 3910; x_wconf 83' lang='grc' dir='ltr'>τοῖς</span> 
     </span>
    </p>
   </div>
   <div class='ocr_carea' id='block_1_77' title="bbox 2031 3925 3591 4007">
    <p class='ocr_par' dir='ltr' id='par_1_77' title="bbox 2031 3925 3591 4007">
     <span class='ocr_line' id='line_1_78' title="bbox 2031 3925 3591 4007; baseline 0.008 -30"><span class='ocrx_word' id='word_1_483' title='bbox 2031 3925 2311 3991; x_wconf 75' lang='grc' dir='ltr'>ἀγνοοῦσιν</span> <span class='ocrx_word' id='word_1_484' title='bbox 2341 3928 2709 3998; x_wconf 83' lang='grc' dir='ltr'>ἀπογυμνοῦν.</span> <span class='ocrx_word' id='word_1_485' title='bbox 2747 3931 2808 3982; x_wconf 72' lang='lat' dir='ltr'><strong>Et</strong></span> <span class='ocrx_word' id='word_1_486' title='bbox 2850 3931 2906 3983; x_wconf 83' lang='grc' dir='ltr'>δὲ</span> <span class='ocrx_word' id='word_1_487' title='bbox 2948 3932 3153 4003; x_wconf 82' lang='grc' dir='ltr'>ταύτης</span> <span class='ocrx_word' id='word_1_488' title='bbox 3178 3934 3462 4007; x_wconf 84' lang='grc' dir='ltr'>χηρεύσειε</span> <span class='ocrx_word' id='word_1_489' title='bbox 3498 3938 3591 4006; x_wconf 76' lang='grc' dir='ltr'>τῆς</span> 
     </span>
    </p>
   </div>
   <div class='ocr_carea' id='block_1_78' title="bbox 2029 4016 3249 4098">
    <p class='ocr_par' dir='ltr' id='par_1_78' title="bbox 2029 4016 3249 4098">
     <span class='ocr_line' id='line_1_79' title="bbox 2029 4016 3249 4098; baseline 0.012 -31"><span class='ocrx_word' id='word_1_490' title='bbox 2029 4016 2226 4086; x_wconf 85' lang='grc' dir='ltr'>ἀρετῆς</span> <span class='ocrx_word' id='word_1_491' title='bbox 2246 4055 2262 4082; x_wconf 92' lang='grc'><strong>,</strong></span> <span class='ocrx_word' id='word_1_492' title='bbox 2294 4018 2388 4071; x_wconf 76' lang='grc' dir='ltr'><strong>καὶ</strong></span> <span class='ocrx_word' id='word_1_493' title='bbox 2422 4022 2521 4090; x_wconf 83' lang='grc' dir='ltr'>τῆς</span> <span class='ocrx_word' id='word_1_494' title='bbox 2556 4021 2878 4086; x_wconf 85' lang='grc' dir='ltr'>ἀποδείξεως</span> <span class='ocrx_word' id='word_1_495' title='bbox 2907 4023 3112 4094; x_wconf 82' lang='grc' dir='ltr'>ἔρημος</span> <span class='ocrx_word' id='word_1_496' title='bbox 3140 4027 3249 4098; x_wconf 74' lang='grc' dir='ltr'>εἴη.</span> 
     </span>
    </p>
   </div>
   <div class='ocr_carea' id='block_1_79' title="bbox 2517 4130 3115 4189">
    <p class='ocr_par' dir='ltr' id='par_1_79' title="bbox 2517 4130 3115 4189">
     <span class='ocr_line' id='line_1_80' title="bbox 2517 4130 3115 4189; baseline 0.012 -7"><span class='ocrx_word' id='word_1_497' title='bbox 2517 4130 2694 4183; x_wconf 59' lang='grc' dir='ltr'><strong>ΦΜΕἌ</strong></span> <span class='ocrx_word' id='word_1_498' title='bbox 2722 4161 2794 4173; x_wconf 93' lang='grc'><strong><em>-</em></strong></span> <span class='ocrx_word' id='word_1_499' title='bbox 2829 4133 3115 4189; x_wconf 83' lang='grc' dir='ltr'><strong>ΜΑΡΩΝΙ.</strong></span> 
     </span>
    </p>
   </div>
   <div class='ocr_carea' id='block_1_80' title="bbox 363 4200 3580 4337">
    <p class='ocr_par' dir='ltr' id='par_1_80' title="bbox 363 4200 3580 4337">
     <span class='ocr_line' id='line_1_81' title="bbox 363 4200 3580 4337; baseline 0.007 -78"><span class='ocrx_word' id='word_1_500' title='bbox 363 4200 573 4259; x_wconf 65' lang='lat' dir='ltr'><strong>Divitiis</strong></span> <span class='ocrx_word' id='word_1_501' title='bbox 597 4221 698 4259; x_wconf 80' lang='lat' dir='ltr'><strong>non</strong></span> <span class='ocrx_word' id='word_1_502' title='bbox 726 4207 944 4262; x_wconf 80' lang='lat' dir='ltr'><strong>satiant.</strong></span> <span class='ocrx_word' id='word_1_503' title='bbox 974 4209 1149 4280; x_wconf 70' lang='lat' dir='ltr'><strong>(Cani.</strong></span> <span class='ocrx_word' id='word_1_504' title='bbox 1181 4214 1334 4278; x_wconf 79' lang='lat' dir='ltr'><strong>epist.</strong></span> <span class='ocrx_word' id='word_1_505' title='bbox 1374 4213 1501 4281; x_wconf 70' lang='lat'><strong>488,</strong></span> <span class='ocrx_word' id='word_1_506' title='bbox 1531 4213 1633 4269; x_wconf 74' lang='grc'><strong>496</strong></span> <span class='ocrx_word' id='word_1_507' title='bbox 1655 4227 1700 4268; x_wconf 88' lang='lat' dir='ltr'><strong>et</strong></span> <span class='ocrx_word' id='word_1_508' title='bbox 1721 4215 1846 4336; x_wconf 51' lang='lat' dir='ltr'><strong>5g}.</strong></span> <span class='ocrx_word' id='word_1_509' title='bbox 1867 4224 1919 4268; x_wconf 81' lang='lat' dir='ltr'><strong>et</strong></span> <span class='ocrx_word' id='word_1_510' title='bbox 1949 4214 2137 4337; x_wconf 57' lang='lat' dir='ltr'><strong>Tlltzog.</strong></span> <span class='ocrx_word' id='word_1_511' title='bbox 2177 4231 2311 4288; x_wconf 49' lang='lat' dir='ltr'><strong>vers.</strong></span> <span class='ocrx_word' id='word_1_512' title='bbox 2349 4216 2451 4270; x_wconf 78' lang='grc'><strong>155</strong></span> <span class='ocrx_word' id='word_1_513' title='bbox 2474 4234 2489 4281; x_wconf 88' lang='grc'><strong>;</strong></span> <span class='ocrx_word' id='word_1_514' title='bbox 2516 4217 2696 4272; x_wconf 80' lang='lat' dir='ltr'><strong>Solon.</strong></span> <span class='ocrx_word' id='word_1_515' title='bbox 2722 4206 2852 4274; x_wconf 77' lang='lat' dir='ltr'><strong>vers.</strong></span> <span class='ocrx_word' id='word_1_516' title='bbox 2885 4221 2990 4288; x_wconf 91' lang='lat'><strong>99;</strong></span> <span class='ocrx_word' id='word_1_517' title='bbox 3030 4234 3078 4278; x_wconf 78' lang='lat' dir='ltr'><strong>et</strong></span> <span class='ocrx_word' id='word_1_518' title='bbox 3124 4223 3292 4280; x_wconf 87' lang='lat' dir='ltr'><strong>Clem.</strong></span> <span class='ocrx_word' id='word_1_519' title='bbox 3327 4215 3580 4284; x_wconf 63' lang='grc' dir='ltr'>Αἶεεαηά.</span> 
     </span>
     <span class='ocr_line' id='line_1_82' title="bbox 1825 4300 2187 4337; baseline 0.003 -1"><span class='ocrx_word' id='word_1_520' title='bbox 1825 4301 1952 4337; x_wconf 85' lang='lat' dir='ltr'><strong>rom.</strong></span> <span class='ocrx_word' id='word_1_521' title='bbox 2010 4302 2023 4336; x_wconf 82' lang='grc' dir='ltr'><strong>ι</strong></span> <span class='ocrx_word' id='word_1_522' title='bbox 2065 4326 2078 4337; x_wconf 91' lang='grc'><strong>.</strong></span> <span class='ocrx_word' id='word_1_523' title='bbox 2116 4300 2187 4337; x_wconf 77' lang='lat' dir='ltr'><strong>vr.</strong></span> 
     </span>
    </p>
   </div>
   <div class='ocr_carea' id='block_1_81' title="bbox 1825 4300 2187 4337">
    <p class='ocr_par' dir='ltr' id='par_1_81' title="bbox 1825 4300 2187 4337">
     <span class='ocr_line' id='line_1_83' title="bbox 1825 4300 2187 4337; baseline 0.003 -1"><span class='ocrx_word' id='word_1_524' title='bbox 1825 4301 1952 4337; x_wconf 85' lang='lat' dir='ltr'><strong>rom.</strong></span> <span class='ocrx_word' id='word_1_525' title='bbox 1987 4300 2078 4337; x_wconf 77' lang='lat' dir='ltr'><strong>rw.</strong></span> <span class='ocrx_word' id='word_1_526' title='bbox 2116 4300 2187 4337; x_wconf 82' lang='grc' dir='ltr'><strong>νι.</strong></span> 
     </span>
    </p>
   </div>
   <div class='ocr_carea' id='block_1_82' title="bbox 435 4384 1936 4492">
    <p class='ocr_par' dir='ltr' id='par_1_82' title="bbox 435 4401 1923 4480">
     <span class='ocr_line' id='line_1_84' title="bbox 435 4401 1923 4480; baseline 0.013 -26"><span class='ocrx_word' id='word_1_527' title='bbox 435 4401 588 4457; x_wconf 86' lang='lat' dir='ltr'><strong>Disce</strong></span> <span class='ocrx_word' id='word_1_528' title='bbox 620 4418 726 4459; x_wconf 93' lang='lat' dir='ltr'><strong>non</strong></span> <span class='ocrx_word' id='word_1_529' title='bbox 755 4419 784 4458; x_wconf 91' lang='lat' dir='ltr'><strong>a</strong></span> <span class='ocrx_word' id='word_1_530' title='bbox 807 4418 913 4471; x_wconf 86' lang='lat' dir='ltr'><strong>me,</strong></span> <span class='ocrx_word' id='word_1_531' title='bbox 956 4408 1053 4462; x_wconf 89' lang='lat' dir='ltr'><strong>sed</strong></span> <span class='ocrx_word' id='word_1_532' title='bbox 1094 4411 1160 4465; x_wconf 89' lang='lat' dir='ltr'><strong>ab</strong></span> <span class='ocrx_word' id='word_1_533' title='bbox 1205 4413 1318 4480; x_wconf 85' lang='lat' dir='ltr'><strong>ipsa</strong></span> <span class='ocrx_word' id='word_1_534' title='bbox 1369 4414 1447 4469; x_wconf 89' lang='lat' dir='ltr'><strong>rei</strong></span> <span class='ocrx_word' id='word_1_535' title='bbox 1480 4425 1694 4480; x_wconf 84' lang='lat' dir='ltr'><strong>natura,</strong></span> <span class='ocrx_word' id='word_1_536' title='bbox 1724 4419 1768 4473; x_wconf 92' lang='lat' dir='ltr'><strong>si</strong></span> <span class='ocrx_word' id='word_1_537' title='bbox 1801 4419 1923 4473; x_wconf 86' lang='lat' dir='ltr'><strong>iuli-</strong></span> 
     </span>
    </p>
   </div>
   <div class='ocr_carea' id='block_1_83' title="bbox 2050 4384 3582 4492">
    <p class='ocr_par' dir='ltr' id='par_1_83' title="bbox 2096 4417 3582 4492">
     <span class='ocr_line' id='line_1_85' title="bbox 2096 4417 3582 4492; baseline 0.005 -21"><span class='ocrx_word' id='word_1_538' title='bbox 2096 4419 2185 4488; x_wconf 82' lang='grc' dir='ltr'><strong>Μὴ</strong></span> <span class='ocrx_word' id='word_1_539' title='bbox 2217 4420 2344 4486; x_wconf 84' lang='grc' dir='ltr'>παρ’</span> <span class='ocrx_word' id='word_1_540' title='bbox 2375 4417 2531 4488; x_wconf 77' lang='grc' dir='ltr'>ἐμοῦ,</span> <span class='ocrx_word' id='word_1_541' title='bbox 2572 4419 2707 4472; x_wconf 81' lang='grc' dir='ltr'><strong>ἀλλά</strong></span> <span class='ocrx_word' id='word_1_542' title='bbox 2745 4421 2878 4489; x_wconf 83' lang='grc' dir='ltr'>παρ’</span> <span class='ocrx_word' id='word_1_543' title='bbox 2906 4421 3076 4491; x_wconf 77' lang='grc' dir='ltr'>αὐτῆς</span> <span class='ocrx_word' id='word_1_544' title='bbox 3103 4422 3203 4492; x_wconf 83' lang='grc' dir='ltr'>τῆς</span> <span class='ocrx_word' id='word_1_545' title='bbox 3247 4423 3465 4492; x_wconf 83' lang='grc' dir='ltr'>φύσεως</span> <span class='ocrx_word' id='word_1_546' title='bbox 3496 4425 3582 4479; x_wconf 84' lang='grc' dir='ltr'>τοῦ</span> 
     </span>
    </p>
   </div>
   <div class='ocr_carea' id='block_1_84' title="bbox 358 4494 1918 4573">
    <p class='ocr_par' dir='ltr' id='par_1_84' title="bbox 358 4494 1918 4573">
     <span class='ocr_line' id='line_1_86' title="bbox 358 4494 1918 4573; baseline 0.01 -25"><span class='ocrx_word' id='word_1_547' title='bbox 358 4494 502 4548; x_wconf 72' lang='lat' dir='ltr'><strong>tritas</strong></span> <span class='ocrx_word' id='word_1_548' title='bbox 528 4495 826 4562; x_wconf 58' lang='lat' dir='ltr'><strong>quaerenda:</strong></span> <span class='ocrx_word' id='word_1_549' title='bbox 853 4499 1092 4566; x_wconf 85' lang='lat' dir='ltr'><strong>pecuniae</strong></span> <span class='ocrx_word' id='word_1_550' title='bbox 1117 4499 1230 4555; x_wconf 87' lang='lat' dir='ltr'><strong>vias</strong></span> <span class='ocrx_word' id='word_1_551' title='bbox 1251 4506 1577 4573; x_wconf 81' lang='lat' dir='ltr'><strong>cxcogitaris</strong></span> <span class='ocrx_word' id='word_1_552' title='bbox 1616 4511 1918 4565; x_wconf 84' lang='lat' dir='ltr'><strong>satietatem</strong></span> 
     </span>
    </p>
   </div>
   <div class='ocr_carea' id='block_1_85' title="bbox 360 4585 1920 4655">
    <p class='ocr_par' dir='ltr' id='par_1_85' title="bbox 360 4585 1920 4655">
     <span class='ocr_line' id='line_1_87' title="bbox 360 4585 1920 4655; baseline 0.011 -17"><span class='ocrx_word' id='word_1_553' title='bbox 360 4585 582 4639; x_wconf 86' lang='lat' dir='ltr'><strong>minime</strong></span> <span class='ocrx_word' id='word_1_554' title='bbox 629 4588 884 4655; x_wconf 85' lang='lat' dir='ltr'><strong>reperies.</strong></span> <span class='ocrx_word' id='word_1_555' title='bbox 935 4587 1050 4642; x_wconf 86' lang='lat' dir='ltr'><strong>Non</strong></span> <span class='ocrx_word' id='word_1_556' title='bbox 1092 4591 1235 4644; x_wconf 90' lang='lat' dir='ltr'><strong>enim</strong></span> <span class='ocrx_word' id='word_1_557' title='bbox 1277 4595 1503 4650; x_wconf 86' lang='lat' dir='ltr'><strong>satietas</strong></span> <span class='ocrx_word' id='word_1_558' title='bbox 1555 4612 1676 4651; x_wconf 92' lang='lat' dir='ltr'><strong>cum</strong></span> <span class='ocrx_word' id='word_1_559' title='bbox 1713 4600 1920 4655; x_wconf 91' lang='lat' dir='ltr'><strong>divitiis</strong></span> 
     </span>
    </p>
   </div>
   <div class='ocr_carea' id='block_1_86' title="bbox 359 4674 1918 4756">
    <p class='ocr_par' dir='ltr' id='par_1_86' title="bbox 359 4674 1918 4756">
     <span class='ocr_line' id='line_1_88' title="bbox 359 4674 1918 4756; baseline 0.01 -30"><span class='ocrx_word' id='word_1_560' title='bbox 359 4674 630 4749; x_wconf 86' lang='lat' dir='ltr'><strong>convenit.</strong></span> <span class='ocrx_word' id='word_1_561' title='bbox 665 4675 798 4730; x_wconf 84' lang='lat' dir='ltr'><strong>Cum</strong></span> <span class='ocrx_word' id='word_1_562' title='bbox 846 4676 1163 4733; x_wconf 74' lang='lat' dir='ltr'><strong>sufﬁcientia</strong></span> <span class='ocrx_word' id='word_1_563' title='bbox 1207 4695 1336 4735; x_wconf 90' lang='lat' dir='ltr'><strong>vero</strong></span> <span class='ocrx_word' id='word_1_564' title='bbox 1381 4698 1671 4755; x_wconf 89' lang='lat' dir='ltr'><strong>rerumque</strong></span> <span class='ocrx_word' id='word_1_565' title='bbox 1717 4702 1918 4756; x_wconf 89' lang='lat' dir='ltr'><strong>pauca-</strong></span> 
     </span>
    </p>
   </div>
   <div class='ocr_carea' id='block_1_87' title="bbox 359 4764 1917 4848">
    <p class='ocr_par' dir='ltr' id='par_1_87' title="bbox 359 4764 1917 4848">
     <span class='ocr_line' id='line_1_89' title="bbox 359 4764 1917 4848; baseline 0.01 -31"><span class='ocrx_word' id='word_1_566' title='bbox 359 4777 480 4817; x_wconf 86' lang='lat' dir='ltr'><strong>rum</strong></span> <span class='ocrx_word' id='word_1_567' title='bbox 524 4764 818 4835; x_wconf 86' lang='lat' dir='ltr'><strong>indigentia</strong></span> <span class='ocrx_word' id='word_1_568' title='bbox 853 4766 1010 4822; x_wconf 80' lang='lat' dir='ltr'><strong>facile</strong></span> <span class='ocrx_word' id='word_1_569' title='bbox 1057 4769 1397 4833; x_wconf 86' lang='lat' dir='ltr'><strong>conciliatur,</strong></span> <span class='ocrx_word' id='word_1_570' title='bbox 1441 4777 1709 4840; x_wconf 89' lang='lat' dir='ltr'><strong>convenit,</strong></span> <span class='ocrx_word' id='word_1_571' title='bbox 1755 4787 1917 4848; x_wconf 88' lang='lat' dir='ltr'><strong>atque</strong></span> 
     </span>
    </p>
   </div>
   <div class='ocr_carea' id='block_1_88' title="bbox 358 4852 1918 4935">
    <p class='ocr_par' dir='ltr' id='par_1_88' title="bbox 358 4852 1918 4935">
     <span class='ocr_line' id='line_1_90' title="bbox 358 4852 1918 4935; baseline 0.011 -30"><span class='ocrx_word' id='word_1_572' title='bbox 358 4852 654 4907; x_wconf 86' lang='lat' dir='ltr'><strong>coltabitat.</strong></span> <span class='ocrx_word' id='word_1_573' title='bbox 689 4855 884 4911; x_wconf 86' lang='lat' dir='ltr'><strong>Desine</strong></span> <span class='ocrx_word' id='word_1_574' title='bbox 913 4856 1094 4926; x_wconf 85' lang='lat' dir='ltr'><strong>itaque</strong></span> <span class='ocrx_word' id='word_1_575' title='bbox 1119 4873 1240 4927; x_wconf 75' lang='lat' dir='ltr'><strong>quae</strong></span> <span class='ocrx_word' id='word_1_576' title='bbox 1265 4863 1643 4930; x_wconf 86' lang='lat' dir='ltr'><strong>comprehendi</strong></span> <span class='ocrx_word' id='word_1_577' title='bbox 1689 4880 1752 4920; x_wconf 87' lang='lat' dir='ltr'><strong>ac</strong></span> <span class='ocrx_word' id='word_1_578' title='bbox 1792 4881 1918 4935; x_wconf 90' lang='lat' dir='ltr'><strong>pos-</strong></span> 
     </span>
    </p>
   </div>
   <div class='ocr_carea' id='block_1_89' title="bbox 358 4941 1918 5022">
    <p class='ocr_par' dir='ltr' id='par_1_89' title="bbox 358 4941 1918 5022">
     <span class='ocr_line' id='line_1_91' title="bbox 358 4941 1918 5022; baseline 0.012 -29"><span class='ocrx_word' id='word_1_579' title='bbox 358 4941 525 4995; x_wconf 87' lang='lat' dir='ltr'><strong>sideri</strong></span> <span class='ocrx_word' id='word_1_580' title='bbox 546 4954 812 5012; x_wconf 89' lang='lat' dir='ltr'><strong>nequeant</strong></span> <span class='ocrx_word' id='word_1_581' title='bbox 839 4949 1161 5004; x_wconf 88' lang='lat' dir='ltr'><strong>consectari.</strong></span> <span class='ocrx_word' id='word_1_582' title='bbox 1203 4951 1366 5022; x_wconf 78' lang='lat'><strong>716</strong></span> <span class='ocrx_word' id='word_1_583' title='bbox 1387 4953 1756 5009; x_wconf 88' lang='lat' dir='ltr'><strong>Consectando</strong></span> <span class='ocrx_word' id='word_1_584' title='bbox 1775 4960 1918 5012; x_wconf 85' lang='lat' dir='ltr'><strong>enim</strong></span> 
     </span>
    </p>
   </div>
   <div class='ocr_carea' id='block_1_90' title="bbox 359 5037 1917 5112">
    <p class='ocr_par' dir='ltr' id='par_1_90' title="bbox 359 5037 1917 5112">
     <span class='ocr_line' id='line_1_92' title="bbox 359 5037 1917 5112; baseline 0.011 -26"><span class='ocrx_word' id='word_1_585' title='bbox 359 5047 466 5087; x_wconf 91' lang='lat' dir='ltr'><strong>non</strong></span> <span class='ocrx_word' id='word_1_586' title='bbox 513 5037 960 5103; x_wconf 86' lang='lat' dir='ltr'><strong>comprehendas.</strong></span> <span class='ocrx_word' id='word_1_587' title='bbox 1004 5039 1057 5095; x_wconf 88' lang='lat' dir='ltr'><strong>Si</strong></span> <span class='ocrx_word' id='word_1_588' title='bbox 1099 5054 1226 5096; x_wconf 91' lang='lat' dir='ltr'><strong>vero</strong></span> <span class='ocrx_word' id='word_1_589' title='bbox 1269 5059 1376 5098; x_wconf 87' lang='lat' dir='ltr'><strong>non</strong></span> <span class='ocrx_word' id='word_1_590' title='bbox 1426 5048 1777 5112; x_wconf 85' lang='lat' dir='ltr'><strong>consecteris,</strong></span> <span class='ocrx_word' id='word_1_591' title='bbox 1811 5065 1917 5103; x_wconf 92' lang='lat' dir='ltr'><strong>non</strong></span> 
     </span>
    </p>
   </div>
   <div class='ocr_carea' id='block_1_91' title="bbox 357 5125 1918 5202">
    <p class='ocr_par' dir='ltr' id='par_1_91' title="bbox 357 5125 1918 5202">
     <span class='ocr_line' id='line_1_93' title="bbox 357 5125 1918 5202; baseline 0.01 -23"><span class='ocrx_word' id='word_1_592' title='bbox 357 5135 541 5192; x_wconf 83' lang='lat' dir='ltr'><strong>regata</strong></span> <span class='ocrx_word' id='word_1_593' title='bbox 584 5125 724 5182; x_wconf 90' lang='lat' dir='ltr'><strong>ultro</strong></span> <span class='ocrx_word' id='word_1_594' title='bbox 756 5129 993 5197; x_wconf 89' lang='lat' dir='ltr'><strong>advenit,</strong></span> <span class='ocrx_word' id='word_1_595' title='bbox 1047 5146 1151 5188; x_wconf 90' lang='lat' dir='ltr'><strong>non</strong></span> <span class='ocrx_word' id='word_1_596' title='bbox 1198 5135 1495 5202; x_wconf 84' lang='lat' dir='ltr'><strong>requietem</strong></span> <span class='ocrx_word' id='word_1_597' title='bbox 1542 5140 1698 5192; x_wconf 84' lang='lat' dir='ltr'><strong>modo</strong></span> <span class='ocrx_word' id='word_1_598' title='bbox 1725 5139 1818 5193; x_wconf 87' lang='lat' dir='ltr'><strong>sed</strong></span> <span class='ocrx_word' id='word_1_599' title='bbox 1863 5151 1918 5195; x_wconf 91' lang='lat' dir='ltr'><strong>et</strong></span> 
     </span>
    </p>
   </div>
   <div class='ocr_carea' id='block_1_92' title="bbox 356 5214 874 5290">
    <p class='ocr_par' dir='ltr' id='par_1_92' title="bbox 356 5214 874 5290">
     <span class='ocr_line' id='line_1_94' title="bbox 356 5214 874 5290; baseline 0.008 -18"><span class='ocrx_word' id='word_1_600' title='bbox 356 5214 599 5272; x_wconf 82' lang='lat' dir='ltr'><strong>letitiam</strong></span> <span class='ocrx_word' id='word_1_601' title='bbox 637 5217 874 5290; x_wconf 84' lang='lat' dir='ltr'><strong>pariens.</strong></span> 
     </span>
    </p>
   </div>
   <div class='ocr_carea' id='block_1_93' title="bbox 2021 4511 3582 4588">
    <p class='ocr_par' dir='ltr' id='par_1_93' title="bbox 2021 4511 3582 4588">
     <span class='ocr_line' id='line_1_95' title="bbox 2021 4511 3582 4588; baseline 0.004 -26"><span class='ocrx_word' id='word_1_602' title='bbox 2021 4511 2344 4581; x_wconf 78' lang='grc' dir='ltr'>πράγματος</span> <span class='ocrx_word' id='word_1_603' title='bbox 2384 4511 2658 4579; x_wconf 76' lang='grc' dir='ltr'>μάνθανε,</span> <span class='ocrx_word' id='word_1_604' title='bbox 2709 4512 2796 4564; x_wconf 85' lang='grc' dir='ltr'><strong>ὅτι</strong></span> <span class='ocrx_word' id='word_1_605' title='bbox 2843 4512 2948 4566; x_wconf 68' lang='grc' dir='ltr'>κᾶν</span> <span class='ocrx_word' id='word_1_606' title='bbox 3020 4513 3247 4586; x_wconf 83' lang='grc' dir='ltr'>μυρίους</span> <span class='ocrx_word' id='word_1_607' title='bbox 3293 4518 3582 4588; x_wconf 78' lang='grc' dir='ltr'>χρημάτων</span> 
     </span>
    </p>
   </div>
   <div class='ocr_carea' id='block_1_94' title="bbox 2020 4603 3570 4678">
    <p class='ocr_par' dir='ltr' id='par_1_94' title="bbox 2020 4603 3570 4678">
     <span class='ocr_line' id='line_1_96' title="bbox 2020 4603 3570 4678; baseline 0.006 -26"><span class='ocrx_word' id='word_1_608' title='bbox 2020 4603 2221 4672; x_wconf 82' lang='grc' dir='ltr'>πόρους</span> <span class='ocrx_word' id='word_1_609' title='bbox 2266 4604 2599 4676; x_wconf 77' lang='grc' dir='ltr'>ὲπινοήσῃς,</span> <span class='ocrx_word' id='word_1_610' title='bbox 2641 4605 2802 4672; x_wconf 84' lang='grc' dir='ltr'>κόρον</span> <span class='ocrx_word' id='word_1_611' title='bbox 2847 4605 2944 4674; x_wconf 80' lang='grc' dir='ltr'>οὺχ</span> <span class='ocrx_word' id='word_1_612' title='bbox 2982 4606 3280 4678; x_wconf 76' lang='grc' dir='ltr'>εὑρήσειςο</span> <span class='ocrx_word' id='word_1_613' title='bbox 3317 4611 3432 4672; x_wconf 88' lang='grc' dir='ltr'>τοίς</span> <span class='ocrx_word' id='word_1_614' title='bbox 3473 4608 3570 4678; x_wconf 77' lang='grc' dir='ltr'>μὲν</span> 
     </span>
    </p>
   </div>
   <div class='ocr_carea' id='block_1_95' title="bbox 2018 4693 3578 4770">
    <p class='ocr_par' dir='ltr' id='par_1_95' title="bbox 2018 4693 3578 4770">
     <span class='ocr_line' id='line_1_97' title="bbox 2018 4693 3578 4770; baseline 0.003 -24"><span class='ocrx_word' id='word_1_615' title='bbox 2018 4693 2126 4762; x_wconf 78' lang='grc' dir='ltr'>γὰρ</span> <span class='ocrx_word' id='word_1_616' title='bbox 2154 4694 2342 4764; x_wconf 85' lang='grc' dir='ltr'>πόροις</span> <span class='ocrx_word' id='word_1_617' title='bbox 2367 4696 2395 4748; x_wconf 87' lang='grc' dir='ltr'><strong>ὁ</strong></span> <span class='ocrx_word' id='word_1_618' title='bbox 2431 4697 2591 4764; x_wconf 85' lang='grc' dir='ltr'>κόρος</span> <span class='ocrx_word' id='word_1_619' title='bbox 2613 4694 3021 4760; x_wconf 82' lang='grc' dir='ltr'>ἀκατάλλακτός</span> <span class='ocrx_word' id='word_1_620' title='bbox 3051 4697 3171 4750; x_wconf 81' lang='grc' dir='ltr'>ἐστι</span> <span class='ocrx_word' id='word_1_621' title='bbox 3195 4740 3210 4764; x_wconf 89' lang='grc'><strong>,</strong></span> <span class='ocrx_word' id='word_1_622' title='bbox 3255 4701 3318 4770; x_wconf 77' lang='grc' dir='ltr'>τῇ</span> <span class='ocrx_word' id='word_1_623' title='bbox 3351 4699 3409 4751; x_wconf 84' lang='grc' dir='ltr'>δὲ</span> <span class='ocrx_word' id='word_1_624' title='bbox 3451 4699 3578 4754; x_wconf 79' lang='grc' dir='ltr'>αὐτ·</span> 
     </span>
    </p>
   </div>
   <div class='ocr_carea' id='block_1_96' title="bbox 2017 4783 3580 4858">
    <p class='ocr_par' dir='ltr' id='par_1_96' title="bbox 2017 4783 3580 4858">
     <span class='ocr_line' id='line_1_98' title="bbox 2017 4783 3580 4858; baseline 0.005 -22"><span class='ocrx_word' id='word_1_625' title='bbox 2017 4783 2213 4854; x_wconf 79' lang='grc' dir='ltr'>αρκείᾳ</span> <span class='ocrx_word' id='word_1_626' title='bbox 2269 4785 2361 4838; x_wconf 73' lang='grc' dir='ltr'><strong>καὶ</strong></span> <span class='ocrx_word' id='word_1_627' title='bbox 2415 4785 2712 4855; x_wconf 77' lang='grc' dir='ltr'>ὀλιγοδείᾳ,</span> <span class='ocrx_word' id='word_1_628' title='bbox 2777 4786 2870 4839; x_wconf 74' lang='grc' dir='ltr'><strong>καὶ</strong></span> <span class='ocrx_word' id='word_1_629' title='bbox 2912 4787 3236 4853; x_wconf 80' lang='grc' dir='ltr'>σπένδεται,</span> <span class='ocrx_word' id='word_1_630' title='bbox 3272 4789 3366 4841; x_wconf 81' lang='grc' dir='ltr'>καὶ</span> <span class='ocrx_word' id='word_1_631' title='bbox 3403 4804 3580 4858; x_wconf 71' lang='grc' dir='ltr'>συγχο-</span> 
     </span>
    </p>
   </div>
   <div class='ocr_carea' id='block_1_97' title="bbox 2027 4874 3579 4950">
    <p class='ocr_par' dir='ltr' id='par_1_97' title="bbox 2027 4874 3579 4950">
     <span class='ocr_line' id='line_1_99' title="bbox 2027 4874 3579 4950; baseline 0.005 -27"><span class='ocrx_word' id='word_1_632' title='bbox 2027 4874 2172 4944; x_wconf 72' lang='grc' dir='ltr'>ρεύει</span> <span class='ocrx_word' id='word_1_633' title='bbox 2194 4912 2208 4937; x_wconf 89' lang='grc'><strong>,</strong></span> <span class='ocrx_word' id='word_1_634' title='bbox 2248 4876 2342 4928; x_wconf 73' lang='grc' dir='ltr'>καὶ</span> <span class='ocrx_word' id='word_1_635' title='bbox 2377 4877 2632 4928; x_wconf 86' lang='grc' dir='ltr'>συνοικεῖ.</span> <span class='ocrx_word' id='word_1_636' title='bbox 2666 4875 2924 4929; x_wconf 80' lang='grc' dir='ltr'>Πέπαυσο</span> <span class='ocrx_word' id='word_1_637' title='bbox 2960 4877 3140 4930; x_wconf 86' lang='grc' dir='ltr'>τοίνυν</span> <span class='ocrx_word' id='word_1_638' title='bbox 3191 4879 3428 4950; x_wconf 84' lang='grc' dir='ltr'>ἀκίχητα</span> <span class='ocrx_word' id='word_1_639' title='bbox 3466 4878 3579 4931; x_wconf 56' lang='lat' dir='ltr'><strong>6mi-</strong></span> 
     </span>
    </p>
   </div>
   <div class='ocr_carea' id='block_1_98' title="bbox 2023 4965 3579 5042">
    <p class='ocr_par' dir='ltr' id='par_1_98' title="bbox 2023 4965 3579 5042">
     <span class='ocr_line' id='line_1_100' title="bbox 2023 4965 3579 5042; baseline 0.003 -25"><span class='ocrx_word' id='word_1_640' title='bbox 2023 4983 2150 5020; x_wconf 88' lang='grc' dir='ltr'>κων.</span> <span class='ocrx_word' id='word_1_641' title='bbox 2178 4965 2510 5034; x_wconf 79' lang='grc' dir='ltr'>Διωκόμενος</span> <span class='ocrx_word' id='word_1_642' title='bbox 2534 4967 2641 5037; x_wconf 85' lang='grc' dir='ltr'><strong>γὰρ</strong></span> <span class='ocrx_word' id='word_1_643' title='bbox 2671 4967 2732 5020; x_wconf 83' lang='grc' dir='ltr'><strong>οὐ</strong></span> <span class='ocrx_word' id='word_1_644' title='bbox 2766 4968 3249 5037; x_wconf 76' lang='grc' dir='ltr'>καταλαμϐάνεται</span> <span class='ocrx_word' id='word_1_645' title='bbox 3267 5012 3281 5035; x_wconf 95' lang='grc'><strong>,</strong></span> <span class='ocrx_word' id='word_1_646' title='bbox 3313 4972 3388 5042; x_wconf 81' lang='grc' dir='ltr'><strong>μὴ</strong></span> <span class='ocrx_word' id='word_1_647' title='bbox 3405 4970 3579 5024; x_wconf 76' lang='grc' dir='ltr'>διωκό-</span> 
     </span>
    </p>
   </div>
   <div class='ocr_carea' id='block_1_99' title="bbox 2023 5056 3576 5133">
    <p class='ocr_par' dir='ltr' id='par_1_99' title="bbox 2023 5056 3576 5133">
     <span class='ocr_line' id='line_1_101' title="bbox 2023 5056 3576 5133; baseline 0.004 -25"><span class='ocrx_word' id='word_1_648' title='bbox 2023 5071 2180 5123; x_wconf 77' lang='grc' dir='ltr'>μενος</span> <span class='ocrx_word' id='word_1_649' title='bbox 2207 5056 2262 5108; x_wconf 85' lang='grc' dir='ltr'>δὲ</span> <span class='ocrx_word' id='word_1_650' title='bbox 2288 5057 2722 5126; x_wconf 77' lang='grc' dir='ltr'>αὐτεπάγγελτος</span> <span class='ocrx_word' id='word_1_651' title='bbox 2754 5060 3026 5129; x_wconf 78' lang='grc' dir='ltr'>ἐπιφοιτᾷ,</span> <span class='ocrx_word' id='word_1_652' title='bbox 3061 5061 3122 5113; x_wconf 81' lang='grc' dir='ltr'><strong>οὐ</strong></span> <span class='ocrx_word' id='word_1_653' title='bbox 3151 5061 3314 5133; x_wconf 82' lang='grc' dir='ltr'>μόνον</span> <span class='ocrx_word' id='word_1_654' title='bbox 3343 5062 3576 5118; x_wconf 80' lang='grc' dir='ltr'>ἀνάπαυ-</span> 
     </span>
    </p>
   </div>
   <div class='ocr_carea' id='block_1_100' title="bbox 2021 5145 3035 5219">
    <p class='ocr_par' dir='ltr' id='par_1_100' title="bbox 2021 5145 3035 5219">
     <span class='ocr_line' id='line_1_102' title="bbox 2021 5145 3035 5219; baseline 0.006 -22"><span class='ocrx_word' id='word_1_655' title='bbox 2021 5162 2104 5197; x_wconf 84' lang='grc' dir='ltr'><strong>σιν</strong></span> <span class='ocrx_word' id='word_1_656' title='bbox 2122 5184 2135 5211; x_wconf 90' lang='grc'><strong>,</strong></span> <span class='ocrx_word' id='word_1_657' title='bbox 2170 5145 2302 5198; x_wconf 85' lang='grc' dir='ltr'>ἀλλὰ</span> <span class='ocrx_word' id='word_1_658' title='bbox 2327 5146 2417 5199; x_wconf 77' lang='grc' dir='ltr'>καὶ</span> <span class='ocrx_word' id='word_1_659' title='bbox 2447 5147 2786 5219; x_wconf 81' lang='grc' dir='ltr'>εὐφροσύνην</span> <span class='ocrx_word' id='word_1_660' title='bbox 2810 5147 3035 5204; x_wconf 83' lang='grc' dir='ltr'>ὠδίνων.</span> 
     </span>
    </p>
   </div>
   <div class='ocr_carea' id='block_1_101' title="bbox 1470 5384 2513 5450">
    <p class='ocr_par' dir='ltr' id='par_1_101' title="bbox 1470 5384 2513 5450">
     <span class='ocr_line' id='line_1_103' title="bbox 1470 5384 2513 5450; baseline 0.013 -14"><span class='ocrx_word' id='word_1_661' title='bbox 1470 5384 1698 5438; x_wconf 67' lang='lat' dir='ltr'><strong>VARIJ&#39;}</strong></span> <span class='ocrx_word' id='word_1_662' title='bbox 1748 5387 2126 5444; x_wconf 61' lang='lat' dir='ltr'><strong>LECTSONES</strong></span> <span class='ocrx_word' id='word_1_663' title='bbox 2166 5391 2249 5450; x_wconf 84' lang='lat' dir='ltr'><strong>ET</strong></span> <span class='ocrx_word' id='word_1_664' title='bbox 2285 5391 2513 5450; x_wconf 71' lang='lat' dir='ltr'><strong>NOTAE.</strong></span> 
     </span>
    </p>
   </div>
   <div class='ocr_carea' id='block_1_102' title="bbox 437 5522 1936 5612">
    <p class='ocr_par' dir='ltr' id='par_1_102' title="bbox 437 5522 1936 5612">
     <span class='ocr_line' id='line_1_104' title="bbox 437 5522 1936 5612; baseline 0.011 -34"><span class='ocrx_word' id='word_1_665' title='bbox 437 5523 541 5597; x_wconf 72' lang='lat'><strong>(57)</strong></span> <span class='ocrx_word' id='word_1_666' title='bbox 585 5522 817 5596; x_wconf 84' lang='lat' dir='ltr'><strong>Uterque</strong></span> <span class='ocrx_word' id='word_1_667' title='bbox 849 5533 963 5586; x_wconf 73' lang='lat' dir='ltr'><strong>cod.</strong></span> <span class='ocrx_word' id='word_1_668' title='bbox 1013 5547 1106 5601; x_wconf 81' lang='lat' dir='ltr'><strong>pro</strong></span> <span class='ocrx_word' id='word_1_669' title='bbox 1141 5535 1522 5605; x_wconf 49' lang='grc' dir='ltr'>καταστρέφων</span> <span class='ocrx_word' id='word_1_670' title='bbox 1568 5540 1691 5607; x_wconf 58' lang='lat' dir='ltr'><strong>legit</strong></span> <span class='ocrx_word' id='word_1_671' title='bbox 1723 5558 1936 5612; x_wconf 63' lang='grc' dir='ltr'>κλταστ,</span> 
     </span>
    </p>
   </div>
   <div class='ocr_carea' id='block_1_103' title="bbox 2050 5522 2442 5612">
    <p class='ocr_par' dir='ltr' id='par_1_103' title="bbox 2052 5544 2442 5611">
     <span class='ocr_line' id='line_1_105' title="bbox 2052 5544 2442 5611; baseline 0.01 -18"><span class='ocrx_word' id='word_1_672' title='bbox 2052 5562 2196 5611; x_wconf 71' lang='grc' dir='ltr'>υμεν.</span> <span class='ocrx_word' id='word_1_673' title='bbox 2238 5544 2442 5599; x_wconf 74' lang='lat' dir='ltr'><strong>I&#39;OSSIN.</strong></span> 
     </span>
    </p>
   </div>
  </div>
