  <div class='ocr_page' id='page_1' title='image "/cluster/home/n/w/nwhite01/storage/ocr_20150623/78/mdp.39015010334699/834.png"; bbox 0 0 3864 6114; ppageno 0'>
   <div class='ocr_carea' id='block_1_1' title="bbox 321 323 1847 409">
    <p class='ocr_par' dir='ltr' id='par_1_1' title="bbox 321 323 1847 392">
     <span class='ocr_line' id='line_1_1' title="bbox 321 323 1847 392; baseline 0 -4"><span class='ocrx_word' id='word_1_1' title='bbox 321 323 458 392; x_wconf 80' lang='grc'><strong>1633</strong></span> <span class='ocrx_word' id='word_1_2' title='bbox 1256 325 1792 390; x_wconf 79' lang='lat' dir='ltr'><strong>EPISTOLARUM</strong></span> <span class='ocrx_word' id='word_1_3' title='bbox 1831 332 1847 388; x_wconf 94' lang='grc'>]</span> 
     </span>
    </p>
   </div>
   <div class='ocr_carea' id='block_1_2' title="bbox 2039 323 3565 409">
    <p class='ocr_par' dir='ltr' id='par_1_2' title="bbox 2039 332 3565 409">
     <span class='ocr_line' id='line_1_2' title="bbox 2039 332 3565 409; baseline 0.01 -18"><span class='ocrx_word' id='word_1_4' title='bbox 2039 332 2080 394; x_wconf 68' lang='grc' dir='ltr'><strong>ί.</strong></span> <span class='ocrx_word' id='word_1_5' title='bbox 2101 359 2169 370; x_wconf 75' lang='grc'><strong>·-</strong></span> <span class='ocrx_word' id='word_1_6' title='bbox 2210 336 2442 401; x_wconf 89' lang='lat' dir='ltr'><strong>EPIST.</strong></span> <span class='ocrx_word' id='word_1_7' title='bbox 2495 339 2643 402; x_wconf 85' lang='lat' dir='ltr'><strong>DLI.</strong></span> <span class='ocrx_word' id='word_1_8' title='bbox 3430 343 3565 409; x_wconf 65' lang='grc'><strong>1634</strong></span> 
     </span>
    </p>
   </div>
   <div class='ocr_carea' id='block_1_3' title="bbox 566 439 2092 514">
    <p class='ocr_par' dir='ltr' id='par_1_3' title="bbox 566 439 1960 514">
     <span class='ocr_line' id='line_1_3' title="bbox 566 439 1960 514; baseline 0.005 -22"><span class='ocrx_word' id='word_1_9' title='bbox 566 439 759 506; x_wconf 68' lang='grc' dir='ltr'>σιιΜςι.</span> <span class='ocrx_word' id='word_1_10' title='bbox 791 467 859 479; x_wconf 89' lang='grc'><strong>--</strong></span> <span class='ocrx_word' id='word_1_11' title='bbox 900 439 1260 511; x_wconf 75' lang='grc' dir='ltr'><strong>ΛΣΚΛΙΙΠΙῼ</strong></span> <span class='ocrx_word' id='word_1_12' title='bbox 1299 442 1609 514; x_wconf 64' lang='lat' dir='ltr'><strong>meme.</strong></span> <span class='ocrx_word' id='word_1_13' title='bbox 1913 451 1960 506; x_wconf 79' lang='grc' dir='ltr'><strong>Α</strong></span> 
     </span>
    </p>
   </div>
   <div class='ocr_carea' id='block_1_4' title="bbox 1789 439 3315 514">
    <p class='ocr_par' dir='ltr' id='par_1_4' title="bbox 1913 451 3315 514">
     <span class='ocr_line' id='line_1_4' title="bbox 1913 451 3315 514; baseline 0.004 -8"><span class='ocrx_word' id='word_1_14' title='bbox 1913 451 1960 506; x_wconf 84' lang='grc' dir='ltr'><strong>Α</strong></span> <span class='ocrx_word' id='word_1_15' title='bbox 2233 451 2465 508; x_wconf 75' lang='lat' dir='ltr'><strong>DXLVI.</strong></span> <span class='ocrx_word' id='word_1_16' title='bbox 2495 483 2566 495; x_wconf 89' lang='lat'><strong>—-</strong></span> <span class='ocrx_word' id='word_1_17' title='bbox 2603 453 2946 512; x_wconf 82' lang='lat' dir='ltr'><strong>ASCLEPIO</strong></span> <span class='ocrx_word' id='word_1_18' title='bbox 2984 456 3315 514; x_wconf 79' lang='lat' dir='ltr'><strong>RHETORI.</strong></span> 
     </span>
    </p>
   </div>
   <div class='ocr_carea' id='block_1_5' title="bbox 599 550 2762 635">
    <p class='ocr_par' dir='ltr' id='par_1_5' title="bbox 599 550 2762 635">
     <span class='ocr_line' id='line_1_5' title="bbox 599 550 2762 635; baseline 0.01 -38"><span class='ocrx_word' id='word_1_19' title='bbox 599 576 629 632; x_wconf 52' lang='lat'><strong>.-</strong></span> <span class='ocrx_word' id='word_1_20' title='bbox 1104 550 1306 607; x_wconf 86' lang='lat' dir='ltr'><strong>Labore</strong></span> <span class='ocrx_word' id='word_1_21' title='bbox 1331 553 1514 614; x_wconf 79' lang='lat' dir='ltr'><strong>honos,</strong></span> <span class='ocrx_word' id='word_1_22' title='bbox 1541 565 1587 606; x_wconf 87' lang='lat' dir='ltr'><strong>et</strong></span> <span class='ocrx_word' id='word_1_23' title='bbox 1614 557 1719 608; x_wconf 84' lang='lat' dir='ltr'><strong>vita</strong></span> <span class='ocrx_word' id='word_1_24' title='bbox 1742 569 1967 624; x_wconf 78' lang='lat' dir='ltr'><strong>paratur</strong></span> <span class='ocrx_word' id='word_1_25' title='bbox 1988 573 2204 618; x_wconf 66' lang='lat' dir='ltr'><strong>(eterna.</strong></span> <span class='ocrx_word' id='word_1_26' title='bbox 2234 563 2414 634; x_wconf 81' lang='lat' dir='ltr'><strong>(Conf.</strong></span> <span class='ocrx_word' id='word_1_27' title='bbox 2438 567 2589 635; x_wconf 83' lang='lat' dir='ltr'><strong>epist.</strong></span> <span class='ocrx_word' id='word_1_28' title='bbox 2612 565 2762 635; x_wconf 79' lang='grc'>555.)</span> 
     </span>
    </p>
   </div>
   <div class='ocr_carea' id='block_1_6' title="bbox 381 637 1907 741">
    <p class='ocr_par' dir='ltr' id='par_1_6' title="bbox 381 637 1882 737">
     <span class='ocr_line' id='line_1_6' title="bbox 381 637 1882 737; baseline 0.007 -29"><span class='ocrx_word' id='word_1_29' title='bbox 381 657 678 727; x_wconf 78' lang='grc' dir='ltr'>Θαυμὰζω,</span> <span class='ocrx_word' id='word_1_30' title='bbox 715 657 834 737; x_wconf 82' lang='grc' dir='ltr'><strong>πῶς</strong></span> <span class='ocrx_word' id='word_1_31' title='bbox 873 658 1127 729; x_wconf 86' lang='grc' dir='ltr'>Ὄμηρος</span> <span class='ocrx_word' id='word_1_32' title='bbox 1161 660 1261 729; x_wconf 86' lang='grc' dir='ltr'>μὲν</span> <span class='ocrx_word' id='word_1_33' title='bbox 1295 661 1385 713; x_wconf 75' lang='grc' dir='ltr'>καὶ</span> <span class='ocrx_word' id='word_1_34' title='bbox 1410 637 1671 731; x_wconf 85' lang='grc' dir='ltr'>Πίνδαρος</span> <span class='ocrx_word' id='word_1_35' title='bbox 1702 663 1882 728; x_wconf 80' lang='grc' dir='ltr'>ἀξιοῦ-</span> 
     </span>
    </p>
   </div>
   <div class='ocr_carea' id='block_1_7' title="bbox 2040 637 3566 741">
    <p class='ocr_par' dir='ltr' id='par_1_7' title="bbox 2061 663 3566 741">
     <span class='ocr_line' id='line_1_7' title="bbox 2061 663 3566 741; baseline 0.006 -16"><span class='ocrx_word' id='word_1_36' title='bbox 2061 670 2228 726; x_wconf 86' lang='lat' dir='ltr'><strong>Miror</strong></span> <span class='ocrx_word' id='word_1_37' title='bbox 2275 673 2520 741; x_wconf 87' lang='lat' dir='ltr'><strong>equidem</strong></span> <span class='ocrx_word' id='word_1_38' title='bbox 2594 663 2883 730; x_wconf 81' lang='lat' dir='ltr'><strong>llomerum</strong></span> <span class='ocrx_word' id='word_1_39' title='bbox 2936 685 2991 730; x_wconf 89' lang='lat' dir='ltr'><strong>et</strong></span> <span class='ocrx_word' id='word_1_40' title='bbox 3049 673 3338 731; x_wconf 80' lang='lat' dir='ltr'><strong>Pindarum</strong></span> <span class='ocrx_word' id='word_1_41' title='bbox 3392 678 3566 734; x_wconf 83' lang='lat' dir='ltr'><strong>fortes</strong></span> 
     </span>
    </p>
   </div>
   <div class='ocr_carea' id='block_1_8' title="bbox 311 733 1837 837">
    <p class='ocr_par' dir='ltr' id='par_1_8' title="bbox 311 733 1837 822">
     <span class='ocr_line' id='line_1_8' title="bbox 311 733 1837 822; baseline 0.005 -22"><span class='ocrx_word' id='word_1_42' title='bbox 311 765 396 801; x_wconf 89' lang='grc' dir='ltr'><strong>σιν</strong></span> <span class='ocrx_word' id='word_1_43' title='bbox 425 749 692 818; x_wconf 82' lang='grc' dir='ltr'><strong>ἀλκίμους</strong></span> <span class='ocrx_word' id='word_1_44' title='bbox 726 733 867 804; x_wconf 66' lang='grc' dir='ltr'>εἶναι</span> <span class='ocrx_word' id='word_1_45' title='bbox 899 751 1024 813; x_wconf 81' lang='grc' dir='ltr'>τοὺς</span> <span class='ocrx_word' id='word_1_46' title='bbox 1057 750 1119 802; x_wconf 83' lang='grc' dir='ltr'>οὐ</span> <span class='ocrx_word' id='word_1_47' title='bbox 1149 750 1440 819; x_wconf 82' lang='grc' dir='ltr'>μέλλοντας</span> <span class='ocrx_word' id='word_1_48' title='bbox 1460 752 1668 822; x_wconf 82' lang='grc' dir='ltr'><strong>λήσειν,</strong></span> <span class='ocrx_word' id='word_1_49' title='bbox 1698 755 1837 808; x_wconf 65' lang='grc' dir='ltr'>εἴποι</span> 
     </span>
    </p>
   </div>
   <div class='ocr_carea' id='block_1_9' title="bbox 2035 733 3561 837">
    <p class='ocr_par' dir='ltr' id='par_1_9' title="bbox 2035 762 3561 837">
     <span class='ocr_line' id='line_1_9' title="bbox 2035 762 3561 837; baseline 0.005 -23"><span class='ocrx_word' id='word_1_50' title='bbox 2035 762 2333 817; x_wconf 72' lang='lat' dir='ltr'><strong>ristimasse</strong></span> <span class='ocrx_word' id='word_1_51' title='bbox 2372 776 2486 828; x_wconf 90' lang='lat' dir='ltr'><strong>cos,</strong></span> <span class='ocrx_word' id='word_1_52' title='bbox 2529 765 2622 833; x_wconf 89' lang='lat' dir='ltr'><strong>qui</strong></span> <span class='ocrx_word' id='word_1_53' title='bbox 2659 779 2763 818; x_wconf 87' lang='lat' dir='ltr'><strong>non</strong></span> <span class='ocrx_word' id='word_1_54' title='bbox 2796 765 3056 831; x_wconf 84' lang='lat' dir='ltr'><strong>latebunt,</strong></span> <span class='ocrx_word' id='word_1_55' title='bbox 3101 767 3147 821; x_wconf 88' lang='lat' dir='ltr'><strong>si</strong></span> <span class='ocrx_word' id='word_1_56' title='bbox 3182 783 3417 837; x_wconf 84' lang='lat' dir='ltr'><strong>unquam</strong></span> <span class='ocrx_word' id='word_1_57' title='bbox 3448 770 3561 822; x_wconf 79' lang='lat' dir='ltr'><strong>tue-</strong></span> 
     </span>
    </p>
   </div>
   <div class='ocr_carea' id='block_1_10' title="bbox 312 840 1838 934">
    <p class='ocr_par' dir='ltr' id='par_1_10' title="bbox 312 840 1838 917">
     <span class='ocr_line' id='line_1_10' title="bbox 312 840 1838 917; baseline 0.007 -27"><span class='ocrx_word' id='word_1_58' title='bbox 312 840 584 917; x_wconf 65' lang='grc' dir='ltr'>ὲγενοντο.</span> <span class='ocrx_word' id='word_1_59' title='bbox 627 841 958 912; x_wconf 81' lang='grc' dir='ltr'><strong>Θουκυδίδης</strong></span> <span class='ocrx_word' id='word_1_60' title='bbox 991 842 1048 895; x_wconf 82' lang='grc' dir='ltr'>δὲ</span> <span class='ocrx_word' id='word_1_61' title='bbox 1087 841 1273 910; x_wconf 74' lang='grc' dir='ltr'>σαφῶς</span> <span class='ocrx_word' id='word_1_62' title='bbox 1323 843 1578 907; x_wconf 81' lang='grc' dir='ltr'>ἱκετεύει,</span> <span class='ocrx_word' id='word_1_63' title='bbox 1625 846 1699 915; x_wconf 83' lang='grc' dir='ltr'>μὴ</span> <span class='ocrx_word' id='word_1_64' title='bbox 1748 848 1838 916; x_wconf 64' lang='grc' dir='ltr'>φεῦ</span> 
     </span>
    </p>
   </div>
   <div class='ocr_carea' id='block_1_11' title="bbox 2031 840 3557 934">
    <p class='ocr_par' dir='ltr' id='par_1_11' title="bbox 2031 851 3557 934">
     <span class='ocr_line' id='line_1_11' title="bbox 2031 851 3557 934; baseline 0.005 -29"><span class='ocrx_word' id='word_1_65' title='bbox 2031 853 2120 906; x_wconf 75' lang='lat' dir='ltr'><strong>int.</strong></span> <span class='ocrx_word' id='word_1_66' title='bbox 2151 851 2490 923; x_wconf 81' lang='lat' dir='ltr'><strong>Thucydides</strong></span> <span class='ocrx_word' id='word_1_67' title='bbox 2531 869 2663 909; x_wconf 89' lang='lat' dir='ltr'><strong>vero</strong></span> <span class='ocrx_word' id='word_1_68' title='bbox 2694 856 2840 911; x_wconf 87' lang='lat' dir='ltr'><strong>clare</strong></span> <span class='ocrx_word' id='word_1_69' title='bbox 2882 857 3177 934; x_wconf 72' lang='lat' dir='ltr'><strong>supplicat,</strong></span> <span class='ocrx_word' id='word_1_70' title='bbox 3208 857 3424 934; x_wconf 81' lang='lat' dir='ltr'><strong>labores</strong></span> <span class='ocrx_word' id='word_1_71' title='bbox 3453 874 3557 912; x_wconf 90' lang='lat' dir='ltr'><strong>non</strong></span> 
     </span>
    </p>
   </div>
   <div class='ocr_carea' id='block_1_12' title="bbox 310 928 1836 1015">
    <p class='ocr_par' dir='ltr' id='par_1_12' title="bbox 310 931 1836 1004">
     <span class='ocr_line' id='line_1_12' title="bbox 310 931 1836 1004; baseline 0.005 -25"><span class='ocrx_word' id='word_1_72' title='bbox 310 944 425 994; x_wconf 83' lang='grc' dir='ltr'>γειν</span> <span class='ocrx_word' id='word_1_73' title='bbox 454 931 578 993; x_wconf 82' lang='grc' dir='ltr'>τοὺς</span> <span class='ocrx_word' id='word_1_74' title='bbox 631 931 851 994; x_wconf 83' lang='grc' dir='ltr'>πόνους,</span> <span class='ocrx_word' id='word_1_75' title='bbox 899 931 1099 1002; x_wconf 77' lang='grc' dir='ltr'>ἢμηδὲ</span> <span class='ocrx_word' id='word_1_76' title='bbox 1129 932 1226 994; x_wconf 79' lang='grc' dir='ltr'>τὰς</span> <span class='ocrx_word' id='word_1_77' title='bbox 1247 931 1411 1001; x_wconf 77' lang='grc' dir='ltr'>τιμὰς</span> <span class='ocrx_word' id='word_1_78' title='bbox 1444 932 1682 987; x_wconf 76' lang='grc' dir='ltr'>διώκειν’</span> <span class='ocrx_word' id='word_1_79' title='bbox 1714 936 1836 1004; x_wconf 64' lang='grc' dir='ltr'>Σοφι</span> 
     </span>
    </p>
   </div>
   <div class='ocr_carea' id='block_1_13' title="bbox 2037 928 3563 1015">
    <p class='ocr_par' dir='ltr' id='par_1_13' title="bbox 2037 928 3563 1015">
     <span class='ocr_line' id='line_1_13' title="bbox 2037 928 3563 1015; baseline 0.004 -20"><span class='ocrx_word' id='word_1_80' title='bbox 2037 957 2198 1012; x_wconf 80' lang='lat' dir='ltr'><strong>Igcrc,</strong></span> <span class='ocrx_word' id='word_1_81' title='bbox 2231 952 2327 996; x_wconf 86' lang='lat' dir='ltr'><strong>aut</strong></span> <span class='ocrx_word' id='word_1_82' title='bbox 2359 958 2534 1010; x_wconf 88' lang='lat' dir='ltr'><strong>neque</strong></span> <span class='ocrx_word' id='word_1_83' title='bbox 2573 944 2810 1000; x_wconf 87' lang='lat' dir='ltr'><strong>honores</strong></span> <span class='ocrx_word' id='word_1_84' title='bbox 2841 947 3063 1001; x_wconf 86' lang='lat' dir='ltr'><strong>sectari.</strong></span> <span class='ocrx_word' id='word_1_85' title='bbox 3100 928 3563 1015; x_wconf 52' lang='lat' dir='ltr'><strong>SdphoclesVero</strong></span> 
     </span>
    </p>
   </div>
   <div class='ocr_carea' id='block_1_14' title="bbox 308 1017 1834 1098">
    <p class='ocr_par' dir='ltr' id='par_1_14' title="bbox 308 1017 1832 1096">
     <span class='ocr_line' id='line_1_14' title="bbox 308 1017 1832 1096; baseline 0.007 -27"><span class='ocrx_word' id='word_1_86' title='bbox 308 1017 441 1086; x_wconf 76' lang='grc' dir='ltr'>κλῆς</span> <span class='ocrx_word' id='word_1_87' title='bbox 477 1017 533 1069; x_wconf 85' lang='grc' dir='ltr'>δὲ</span> <span class='ocrx_word' id='word_1_88' title='bbox 561 1020 782 1088; x_wconf 70' lang='grc' dir='ltr'>φάσκειν</span> <span class='ocrx_word' id='word_1_89' title='bbox 816 1021 986 1073; x_wconf 87' lang='grc' dir='ltr'>Πόνου</span> <span class='ocrx_word' id='word_1_90' title='bbox 1018 1037 1100 1074; x_wconf 86' lang='grc' dir='ltr'><strong>τοι</strong></span> <span class='ocrx_word' id='word_1_91' title='bbox 1123 1023 1289 1092; x_wconf 69' lang='grc' dir='ltr'>χωρὶς</span> <span class='ocrx_word' id='word_1_92' title='bbox 1317 1022 1472 1075; x_wconf 82' lang='grc' dir='ltr'>οὐδὲν</span> <span class='ocrx_word' id='word_1_93' title='bbox 1505 1025 1724 1095; x_wconf 77' lang='grc' dir='ltr'>εὐτυχεῖ</span> <span class='ocrx_word' id='word_1_94' title='bbox 1743 1027 1832 1096; x_wconf 82' lang='grc'><strong>(58</strong></span> 
     </span>
    </p>
   </div>
   <div class='ocr_carea' id='block_1_15' title="bbox 2032 1017 3558 1098">
    <p class='ocr_par' dir='ltr' id='par_1_15' title="bbox 2032 1030 3558 1098">
     <span class='ocr_line' id='line_1_15' title="bbox 2032 1030 3558 1098; baseline 0.004 -14"><span class='ocrx_word' id='word_1_95' title='bbox 2032 1031 2088 1094; x_wconf 92' lang='lat' dir='ltr'><strong>it,</strong></span> <span class='ocrx_word' id='word_1_96' title='bbox 2128 1030 2332 1098; x_wconf 83' lang='lat' dir='ltr'><strong>absque</strong></span> <span class='ocrx_word' id='word_1_97' title='bbox 2377 1031 2564 1086; x_wconf 83' lang='lat' dir='ltr'><strong>labore</strong></span> <span class='ocrx_word' id='word_1_98' title='bbox 2612 1032 2746 1086; x_wconf 87' lang='lat' dir='ltr'><strong>nihil</strong></span> <span class='ocrx_word' id='word_1_99' title='bbox 2795 1043 2941 1088; x_wconf 90' lang='lat' dir='ltr'><strong>recte</strong></span> <span class='ocrx_word' id='word_1_100' title='bbox 2993 1034 3129 1097; x_wconf 84' lang='lat' dir='ltr'><strong>ﬂeri,</strong></span> <span class='ocrx_word' id='word_1_101' title='bbox 3171 1036 3443 1090; x_wconf 88' lang='lat' dir='ltr'><strong>docentes</strong></span> <span class='ocrx_word' id='word_1_102' title='bbox 3490 1038 3558 1090; x_wconf 86' lang='lat' dir='ltr'><strong>ab</strong></span> 
     </span>
    </p>
   </div>
   <div class='ocr_carea' id='block_1_16' title="bbox 305 1107 1831 1195">
    <p class='ocr_par' dir='ltr' id='par_1_16' title="bbox 305 1107 1828 1182">
     <span class='ocr_line' id='line_1_16' title="bbox 305 1107 1828 1182; baseline 0.007 -24"><span class='ocrx_word' id='word_1_103' title='bbox 305 1108 392 1160; x_wconf 74' lang='grc' dir='ltr'>διὰ</span> <span class='ocrx_word' id='word_1_104' title='bbox 427 1107 606 1162; x_wconf 75' lang='grc' dir='ltr'>πόνων</span> <span class='ocrx_word' id='word_1_105' title='bbox 634 1110 734 1179; x_wconf 83' lang='grc' dir='ltr'>τὴν</span> <span class='ocrx_word' id='word_1_106' title='bbox 760 1109 855 1163; x_wconf 88' lang='grc' dir='ltr'><strong>τοῦ</strong></span> <span class='ocrx_word' id='word_1_107' title='bbox 877 1110 998 1181; x_wconf 81' lang='grc'><strong>(59)</strong></span> <span class='ocrx_word' id='word_1_108' title='bbox 1040 1111 1156 1181; x_wconf 85' lang='grc' dir='ltr'>βίου</span> <span class='ocrx_word' id='word_1_109' title='bbox 1190 1112 1520 1182; x_wconf 78' lang='grc' dir='ltr'><strong>ἀείμνηστον</strong></span> <span class='ocrx_word' id='word_1_110' title='bbox 1543 1113 1700 1180; x_wconf 80' lang='grc' dir='ltr'>δόξαν</span> <span class='ocrx_word' id='word_1_111' title='bbox 1725 1116 1828 1169; x_wconf 85' lang='grc' dir='ltr'>ὠνε</span> 
     </span>
    </p>
   </div>
   <div class='ocr_carea' id='block_1_17' title="bbox 2027 1107 3553 1195">
    <p class='ocr_par' dir='ltr' id='par_1_17' title="bbox 2027 1121 3553 1195">
     <span class='ocr_line' id='line_1_17' title="bbox 2027 1121 3553 1195; baseline 0.003 -20"><span class='ocrx_word' id='word_1_112' title='bbox 2027 1135 2073 1182; x_wconf 88' lang='lat' dir='ltr'><strong>s,</strong></span> <span class='ocrx_word' id='word_1_113' title='bbox 2102 1121 2300 1189; x_wconf 82' lang='lat' dir='ltr'><strong>quibus</strong></span> <span class='ocrx_word' id='word_1_114' title='bbox 2349 1121 2400 1174; x_wconf 92' lang='lat' dir='ltr'><strong>id</strong></span> <span class='ocrx_word' id='word_1_115' title='bbox 2443 1131 2854 1189; x_wconf 87' lang='lat' dir='ltr'><strong>persuaserunt,</strong></span> <span class='ocrx_word' id='word_1_116' title='bbox 2908 1134 3222 1192; x_wconf 87' lang='lat' dir='ltr'><strong>perpetuam</strong></span> <span class='ocrx_word' id='word_1_117' title='bbox 3272 1125 3393 1179; x_wconf 69' lang='lat' dir='ltr'><strong>vitae</strong></span> <span class='ocrx_word' id='word_1_118' title='bbox 3437 1125 3553 1195; x_wconf 80' lang='lat' dir='ltr'><strong>glo-</strong></span> 
     </span>
    </p>
   </div>
   <div class='ocr_carea' id='block_1_18' title="bbox 311 1198 1837 1280">
    <p class='ocr_par' dir='ltr' id='par_1_18' title="bbox 311 1198 1837 1278">
     <span class='ocr_line' id='line_1_18' title="bbox 311 1198 1837 1278; baseline 0.007 -29"><span class='ocrx_word' id='word_1_119' title='bbox 311 1198 434 1250; x_wconf 90' lang='grc' dir='ltr'>σθαι</span> <span class='ocrx_word' id='word_1_120' title='bbox 476 1200 603 1262; x_wconf 79' lang='grc' dir='ltr'>τοὺς</span> <span class='ocrx_word' id='word_1_121' title='bbox 662 1200 1022 1270; x_wconf 76' lang='grc' dir='ltr'>πειθομένους</span> <span class='ocrx_word' id='word_1_122' title='bbox 1077 1201 1445 1266; x_wconf 78' lang='grc' dir='ltr'>διδάσκοντες.</span> <span class='ocrx_word' id='word_1_123' title='bbox 1491 1205 1555 1257; x_wconf 88' lang='grc' dir='ltr'><strong>Οί</strong></span> <span class='ocrx_word' id='word_1_124' title='bbox 1602 1205 1660 1257; x_wconf 83' lang='grc' dir='ltr'>δὲ</span> <span class='ocrx_word' id='word_1_125' title='bbox 1718 1206 1837 1278; x_wconf 70' lang='grc' dir='ltr'><strong>δόξῃ</strong></span> 
     </span>
    </p>
   </div>
   <div class='ocr_carea' id='block_1_19' title="bbox 2027 1198 3553 1280">
    <p class='ocr_par' dir='ltr' id='par_1_19' title="bbox 2027 1210 3553 1280">
     <span class='ocr_line' id='line_1_19' title="bbox 2027 1210 3553 1280; baseline 0.007 -19"><span class='ocrx_word' id='word_1_126' title='bbox 2027 1225 2119 1263; x_wconf 84' lang='lat' dir='ltr'><strong>:am</strong></span> <span class='ocrx_word' id='word_1_127' title='bbox 2165 1210 2438 1266; x_wconf 77' lang='lat' dir='ltr'><strong>laboribus</strong></span> <span class='ocrx_word' id='word_1_128' title='bbox 2465 1213 2790 1280; x_wconf 80' lang='lat' dir='ltr'><strong>comparari.</strong></span> <span class='ocrx_word' id='word_1_129' title='bbox 2827 1214 3088 1270; x_wconf 78' lang='lat' dir='ltr'><strong>Oratores</strong></span> <span class='ocrx_word' id='word_1_130' title='bbox 3127 1217 3291 1270; x_wconf 84' lang='lat' dir='ltr'><strong>etiam</strong></span> <span class='ocrx_word' id='word_1_131' title='bbox 3338 1220 3553 1272; x_wconf 87' lang='lat' dir='ltr'><strong>docent.</strong></span> 
     </span>
    </p>
   </div>
   <div class='ocr_carea' id='block_1_20' title="bbox 308 1287 1834 1372">
    <p class='ocr_par' dir='ltr' id='par_1_20' title="bbox 308 1287 1834 1368">
     <span class='ocr_line' id='line_1_20' title="bbox 308 1287 1834 1368; baseline 0.007 -29"><span class='ocrx_word' id='word_1_132' title='bbox 308 1287 626 1358; x_wconf 85' lang='grc' dir='ltr'>ἀμαράντου</span> <span class='ocrx_word' id='word_1_133' title='bbox 671 1293 850 1359; x_wconf 83' lang='grc' dir='ltr'><strong>τυχεῖν</strong></span> <span class='ocrx_word' id='word_1_134' title='bbox 885 1292 1235 1362; x_wconf 79' lang='grc' dir='ltr'>γλιχόμενοι,</span> <span class='ocrx_word' id='word_1_135' title='bbox 1287 1293 1382 1346; x_wconf 76' lang='grc' dir='ltr'>καὶ</span> <span class='ocrx_word' id='word_1_136' title='bbox 1413 1293 1690 1362; x_wconf 81' lang='grc' dir='ltr'><strong>βασιλείας</strong></span> <span class='ocrx_word' id='word_1_137' title='bbox 1716 1297 1834 1368; x_wconf 57' lang='lat' dir='ltr'><strong>cup:</strong></span> 
     </span>
    </p>
   </div>
   <div class='ocr_carea' id='block_1_21' title="bbox 2027 1287 3553 1372">
    <p class='ocr_par' dir='ltr' id='par_1_21' title="bbox 2034 1298 3553 1372">
     <span class='ocr_line' id='line_1_21' title="bbox 2034 1298 3553 1372; baseline 0.005 -21"><span class='ocrx_word' id='word_1_138' title='bbox 2034 1307 2052 1351; x_wconf 92' lang='lat' dir='ltr'><strong>t</strong></span> <span class='ocrx_word' id='word_1_139' title='bbox 2077 1298 2169 1366; x_wconf 89' lang='lat' dir='ltr'><strong>qui</strong></span> <span class='ocrx_word' id='word_1_140' title='bbox 2202 1298 2704 1355; x_wconf 86' lang='lat' dir='ltr'><strong>immarcessibilcm</strong></span> <span class='ocrx_word' id='word_1_141' title='bbox 2742 1311 2994 1370; x_wconf 88' lang='lat' dir='ltr'><strong>appetunt</strong></span> <span class='ocrx_word' id='word_1_142' title='bbox 3024 1304 3276 1372; x_wconf 79' lang='lat' dir='ltr'><strong>gloriam,</strong></span> <span class='ocrx_word' id='word_1_143' title='bbox 3306 1305 3553 1360; x_wconf 62' lang='lat' dir='ltr'><strong>caelesti-</strong></span> 
     </span>
    </p>
   </div>
   <div class='ocr_carea' id='block_1_22' title="bbox 307 1373 1833 1462">
    <p class='ocr_par' dir='ltr' id='par_1_22' title="bbox 307 1373 1833 1458">
     <span class='ocr_line' id='line_1_22' title="bbox 307 1373 1833 1458; baseline 0.009 -29"><span class='ocrx_word' id='word_1_144' title='bbox 307 1378 416 1430; x_wconf 81' lang='grc' dir='ltr'><strong>νῶν</strong></span> <span class='ocrx_word' id='word_1_145' title='bbox 445 1379 783 1450; x_wconf 81' lang='grc' dir='ltr'>ὀρεγόμενοι,</span> <span class='ocrx_word' id='word_1_146' title='bbox 815 1383 914 1435; x_wconf 73' lang='grc' dir='ltr'>οὐκ</span> <span class='ocrx_word' id='word_1_147' title='bbox 945 1379 1214 1446; x_wconf 74' lang='grc' dir='ltr'>οἶδ’-ὃπως</span> <span class='ocrx_word' id='word_1_148' title='bbox 1245 1373 1524 1455; x_wconf 79' lang='grc' dir='ltr'>νομίζουσι</span> <span class='ocrx_word' id='word_1_149' title='bbox 1549 1387 1637 1440; x_wconf 84' lang='grc' dir='ltr'>διὰ</span> <span class='ocrx_word' id='word_1_150' title='bbox 1671 1390 1833 1458; x_wconf 73' lang='grc' dir='ltr'>ρᾳστιί</span> 
     </span>
    </p>
   </div>
   <div class='ocr_carea' id='block_1_23' title="bbox 2025 1373 3551 1462">
    <p class='ocr_par' dir='ltr' id='par_1_23' title="bbox 2025 1388 3551 1462">
     <span class='ocr_line' id='line_1_23' title="bbox 2025 1388 3551 1462; baseline 0.006 -22"><span class='ocrx_word' id='word_1_151' title='bbox 2025 1402 2084 1441; x_wconf 84' lang='lat' dir='ltr'><strong>ne</strong></span> <span class='ocrx_word' id='word_1_152' title='bbox 2130 1388 2345 1442; x_wconf 89' lang='lat' dir='ltr'><strong>inhiant</strong></span> <span class='ocrx_word' id='word_1_153' title='bbox 2384 1401 2573 1459; x_wconf 81' lang='lat' dir='ltr'><strong>regno,</strong></span> <span class='ocrx_word' id='word_1_154' title='bbox 2609 1390 2794 1444; x_wconf 87' lang='lat' dir='ltr'><strong>nescio</strong></span> <span class='ocrx_word' id='word_1_155' title='bbox 2823 1395 3094 1462; x_wconf 91' lang='lat' dir='ltr'><strong>quomodo</strong></span> <span class='ocrx_word' id='word_1_156' title='bbox 3126 1404 3314 1462; x_wconf 80' lang='lat' dir='ltr'><strong>putant</strong></span> <span class='ocrx_word' id='word_1_157' title='bbox 3363 1411 3429 1450; x_wconf 79' lang='lat' dir='ltr'><strong>ex</strong></span> <span class='ocrx_word' id='word_1_158' title='bbox 3465 1395 3551 1449; x_wconf 80' lang='lat' dir='ltr'><strong>fa-</strong></span> 
     </span>
    </p>
   </div>
   <div class='ocr_carea' id='block_1_24' title="bbox 307 1469 1833 1549">
    <p class='ocr_par' dir='ltr' id='par_1_24' title="bbox 307 1469 1833 1547">
     <span class='ocr_line' id='line_1_24' title="bbox 307 1469 1833 1547; baseline 0.008 -25"><span class='ocrx_word' id='word_1_159' title='bbox 307 1486 406 1539; x_wconf 84' lang='grc' dir='ltr'><strong>νης</strong></span> <span class='ocrx_word' id='word_1_160' title='bbox 432 1469 607 1540; x_wconf 80' lang='grc' dir='ltr'>φιλεῖν</span> <span class='ocrx_word' id='word_1_161' title='bbox 636 1473 750 1535; x_wconf 83' lang='grc' dir='ltr'>τοῖς</span> <span class='ocrx_word' id='word_1_162' title='bbox 779 1472 1089 1542; x_wconf 79' lang='grc' dir='ltr'>ἀνθρώποις</span> <span class='ocrx_word' id='word_1_163' title='bbox 1111 1473 1180 1526; x_wconf 84' lang='grc' dir='ltr'>τὰ</span> <span class='ocrx_word' id='word_1_164' title='bbox 1201 1475 1414 1544; x_wconf 76' lang='grc' dir='ltr'>χρηστὰ</span> <span class='ocrx_word' id='word_1_165' title='bbox 1448 1478 1833 1547; x_wconf 51' lang='grc' dir='ltr'>παραγίνεσθαι</span> 
     </span>
    </p>
   </div>
   <div class='ocr_carea' id='block_1_25' title="bbox 2027 1469 3553 1549">
    <p class='ocr_par' dir='ltr' id='par_1_25' title="bbox 2034 1478 3553 1549">
     <span class='ocr_line' id='line_1_25' title="bbox 2034 1478 3553 1549; baseline 0.009 -20"><span class='ocrx_word' id='word_1_166' title='bbox 2034 1478 2184 1531; x_wconf 89' lang='lat' dir='ltr'><strong>litate</strong></span> <span class='ocrx_word' id='word_1_167' title='bbox 2231 1479 2512 1548; x_wconf 76' lang='lat' dir='ltr'><strong>animique</strong></span> <span class='ocrx_word' id='word_1_168' title='bbox 2568 1481 2861 1549; x_wconf 76' lang='lat' dir='ltr'><strong>lasatione,</strong></span> <span class='ocrx_word' id='word_1_169' title='bbox 2921 1483 3060 1538; x_wconf 82' lang='lat' dir='ltr'><strong>velle</strong></span> <span class='ocrx_word' id='word_1_170' title='bbox 3115 1483 3364 1541; x_wconf 79' lang='lat' dir='ltr'><strong>homines</strong></span> <span class='ocrx_word' id='word_1_171' title='bbox 3412 1487 3553 1542; x_wconf 83' lang='lat' dir='ltr'><strong>bona</strong></span> 
     </span>
    </p>
   </div>
   <div class='ocr_carea' id='block_1_26' title="bbox 1977 1567 2222 1637">
    <p class='ocr_par' dir='ltr' id='par_1_26' title="bbox 1977 1567 2222 1637">
     <span class='ocr_line' id='line_1_26' title="bbox 1977 1567 2222 1637; baseline -0.008 -15"><span class='ocrx_word' id='word_1_172' title='bbox 1977 1567 2222 1637; x_wconf 86' lang='lat' dir='ltr'><strong>adipisci.</strong></span> 
     </span>
    </p>
   </div>
   <div class='ocr_carea' id='block_1_27' title="bbox 770 1669 3083 1743">
    <p class='ocr_par' dir='ltr' id='par_1_27' title="bbox 770 1669 3083 1743">
     <span class='ocr_line' id='line_1_27' title="bbox 770 1669 3083 1743; baseline 0.006 -20"><span class='ocrx_word' id='word_1_173' title='bbox 770 1669 947 1724; x_wconf 59' lang='grc' dir='ltr'>ολδερ.</span> <span class='ocrx_word' id='word_1_174' title='bbox 985 1697 1059 1714; x_wconf 85' lang='grc'><strong><em>-</em></strong></span> <span class='ocrx_word' id='word_1_175' title='bbox 1089 1671 1178 1743; x_wconf 63' lang='grc' dir='ltr'>τι)</span> <span class='ocrx_word' id='word_1_176' title='bbox 1205 1671 1409 1743; x_wconf 67' lang='lat' dir='ltr'><strong>arra.</strong></span> <span class='ocrx_word' id='word_1_177' title='bbox 2455 1676 2709 1736; x_wconf 78' lang='lat' dir='ltr'><strong>DXLVII.</strong></span> <span class='ocrx_word' id='word_1_178' title='bbox 2741 1707 2814 1720; x_wconf 92' lang='grc'><strong><em>-</em></strong></span> <span class='ocrx_word' id='word_1_179' title='bbox 2844 1679 3083 1736; x_wconf 66' lang='lat' dir='ltr'><strong>manu.</strong></span> 
     </span>
    </p>
   </div>
   <div class='ocr_carea' id='block_1_28' title="bbox 983 1761 2509 1840">
    <p class='ocr_par' dir='ltr' id='par_1_28' title="bbox 983 1761 2509 1836">
     <span class='ocr_line' id='line_1_28' title="bbox 983 1761 2509 1836; baseline 0.004 -20"><span class='ocrx_word' id='word_1_180' title='bbox 983 1761 1178 1816; x_wconf 85' lang='lat' dir='ltr'><strong>Orator</strong></span> <span class='ocrx_word' id='word_1_181' title='bbox 1210 1778 1538 1834; x_wconf 83' lang='lat' dir='ltr'><strong>non-semper</strong></span> <span class='ocrx_word' id='word_1_182' title='bbox 1573 1766 1874 1834; x_wconf 70' lang='lat' dir='ltr'><strong>persuadet.</strong></span> <span class='ocrx_word' id='word_1_183' title='bbox 1925 1761 2110 1836; x_wconf 66' lang='grc' dir='ltr'>(σοιτί.</span> <span class='ocrx_word' id='word_1_184' title='bbox 2141 1765 2298 1834; x_wconf 88' lang='lat' dir='ltr'><strong>epist.</strong></span> <span class='ocrx_word' id='word_1_185' title='bbox 2331 1766 2459 1834; x_wconf 68' lang='lat' dir='ltr'><strong>M3,</strong></span> <span class='ocrx_word' id='word_1_186' title='bbox 2489 1769 2509 1823; x_wconf 74' lang='grc' dir='ltr'>Ξ</span> 
     </span>
    </p>
   </div>
   <div class='ocr_carea' id='block_1_29' title="bbox 1337 1761 2863 1840">
    <p class='ocr_par' dir='ltr' id='par_1_29' title="bbox 1337 1761 2863 1840">
     <span class='ocr_line' id='line_1_29' title="bbox 1337 1761 2863 1840; baseline 0.004 -24"><span class='ocrx_word' id='word_1_187' title='bbox 1337 1779 1538 1834; x_wconf 77' lang='lat' dir='ltr'><strong>semper</strong></span> <span class='ocrx_word' id='word_1_188' title='bbox 1573 1766 1874 1834; x_wconf 70' lang='lat' dir='ltr'><strong>persuadet.</strong></span> <span class='ocrx_word' id='word_1_189' title='bbox 1925 1761 2110 1836; x_wconf 66' lang='grc' dir='ltr'>(σοιτί.</span> <span class='ocrx_word' id='word_1_190' title='bbox 2141 1765 2298 1834; x_wconf 88' lang='lat' dir='ltr'><strong>epist.</strong></span> <span class='ocrx_word' id='word_1_191' title='bbox 2331 1766 2459 1834; x_wconf 68' lang='lat' dir='ltr'><strong>M3,</strong></span> <span class='ocrx_word' id='word_1_192' title='bbox 2489 1769 2587 1823; x_wconf 72' lang='grc'>521</span> <span class='ocrx_word' id='word_1_193' title='bbox 2625 1778 2676 1822; x_wconf 87' lang='lat' dir='ltr'><strong>et</strong></span> <span class='ocrx_word' id='word_1_194' title='bbox 2714 1769 2863 1840; x_wconf 73' lang='lat'><strong>568.)</strong></span> 
     </span>
    </p>
   </div>
   <div class='ocr_carea' id='block_1_30' title="bbox 395 1865 1921 1948">
    <p class='ocr_par' dir='ltr' id='par_1_30' title="bbox 395 1865 1921 1941">
     <span class='ocr_line' id='line_1_30' title="bbox 395 1865 1921 1941; baseline 0.003 -18"><span class='ocrx_word' id='word_1_195' title='bbox 395 1869 617 1941; x_wconf 82' lang='grc' dir='ltr'>Ἐπειδὴ</span> <span class='ocrx_word' id='word_1_196' title='bbox 641 1870 740 1941; x_wconf 83' lang='grc' dir='ltr'>οὐχ</span> <span class='ocrx_word' id='word_1_197' title='bbox 785 1873 814 1924; x_wconf 81' lang='grc' dir='ltr'>ὁ</span> <span class='ocrx_word' id='word_1_198' title='bbox 851 1870 1024 1941; x_wconf 79' lang='grc' dir='ltr'>λέγων</span> <span class='ocrx_word' id='word_1_199' title='bbox 1053 1872 1327 1935; x_wconf 89' lang='grc' dir='ltr'>τοσοῦτον,</span> <span class='ocrx_word' id='word_1_200' title='bbox 1366 1874 1415 1927; x_wconf 85' lang='grc' dir='ltr'><strong>εί</strong></span> <span class='ocrx_word' id='word_1_201' title='bbox 1445 1875 1542 1928; x_wconf 73' lang='grc' dir='ltr'>καὶ</span> <span class='ocrx_word' id='word_1_202' title='bbox 1577 1874 1757 1928; x_wconf 81' lang='grc' dir='ltr'>πᾶσαν</span> <span class='ocrx_word' id='word_1_203' title='bbox 1784 1893 1872 1928; x_wconf 86' lang='grc' dir='ltr'>κι-</span> <span class='ocrx_word' id='word_1_204' title='bbox 1911 1865 1921 1918; x_wconf 84' lang='grc' dir='ltr'><strong>Ι</strong></span> 
     </span>
    </p>
   </div>
   <div class='ocr_carea' id='block_1_31' title="bbox 2022 1865 3548 1948">
    <p class='ocr_par' dir='ltr' id='par_1_31' title="bbox 2049 1875 3548 1948">
     <span class='ocr_line' id='line_1_31' title="bbox 2049 1875 3548 1948; baseline 0.005 -20"><span class='ocrx_word' id='word_1_205' title='bbox 2049 1875 2497 1946; x_wconf 78' lang='lat' dir='ltr'><strong>Quandoquidem</strong></span> <span class='ocrx_word' id='word_1_206' title='bbox 2538 1890 2744 1945; x_wconf 86' lang='lat' dir='ltr'><strong>orator,</strong></span> <span class='ocrx_word' id='word_1_207' title='bbox 2784 1880 2888 1933; x_wconf 89' lang='lat' dir='ltr'><strong>etsi</strong></span> <span class='ocrx_word' id='word_1_208' title='bbox 2918 1879 3282 1948; x_wconf 84' lang='lat' dir='ltr'><strong>eloquentiam</strong></span> <span class='ocrx_word' id='word_1_209' title='bbox 3308 1893 3548 1944; x_wconf 76' lang='lat' dir='ltr'><strong>omnem,</strong></span> 
     </span>
    </p>
   </div>
   <div class='ocr_carea' id='block_1_32' title="bbox 302 1959 1828 2038">
    <p class='ocr_par' dir='ltr' id='par_1_32' title="bbox 302 1959 1828 2031">
     <span class='ocr_line' id='line_1_32' title="bbox 302 1959 1828 2031; baseline 0.002 -20"><span class='ocrx_word' id='word_1_210' title='bbox 302 1960 441 2030; x_wconf 76' lang='grc' dir='ltr'><strong>νὴσῃ</strong></span> <span class='ocrx_word' id='word_1_211' title='bbox 474 1959 754 2029; x_wconf 82' lang='grc' dir='ltr'>δεινότητα</span> <span class='ocrx_word' id='word_1_212' title='bbox 786 1961 880 2013; x_wconf 81' lang='grc' dir='ltr'>καὶ</span> <span class='ocrx_word' id='word_1_213' title='bbox 905 1960 1100 2029; x_wconf 80' lang='grc' dir='ltr'>τέχνην</span> <span class='ocrx_word' id='word_1_214' title='bbox 1126 1961 1442 2030; x_wconf 80' lang='grc' dir='ltr'>ῥητορικὴν,</span> <span class='ocrx_word' id='word_1_215' title='bbox 1471 1962 1738 2015; x_wconf 86' lang='grc' dir='ltr'>τεκταίνει</span> <span class='ocrx_word' id='word_1_216' title='bbox 1772 1964 1828 2031; x_wconf 63' lang='grc' dir='ltr'><strong>τὲ</strong></span> 
     </span>
    </p>
   </div>
   <div class='ocr_carea' id='block_1_33' title="bbox 2024 1959 3550 2038">
    <p class='ocr_par' dir='ltr' id='par_1_33' title="bbox 2024 1971 3550 2038">
     <span class='ocr_line' id='line_1_33' title="bbox 2024 1971 3550 2038; baseline 0.005 -19"><span class='ocrx_word' id='word_1_217' title='bbox 2024 1975 2262 2036; x_wconf 86' lang='lat' dir='ltr'><strong>rtemquc</strong></span> <span class='ocrx_word' id='word_1_218' title='bbox 2295 1971 2619 2023; x_wconf 86' lang='lat' dir='ltr'><strong>rhetoricam</strong></span> <span class='ocrx_word' id='word_1_219' title='bbox 2649 1972 2902 2035; x_wconf 84' lang='lat' dir='ltr'><strong>concitet,</strong></span> <span class='ocrx_word' id='word_1_220' title='bbox 2940 1987 3045 2024; x_wconf 89' lang='lat' dir='ltr'><strong>non</strong></span> <span class='ocrx_word' id='word_1_221' title='bbox 3095 1980 3300 2023; x_wconf 86' lang='lat' dir='ltr'><strong>tantum</strong></span> <span class='ocrx_word' id='word_1_222' title='bbox 3329 1984 3550 2038; x_wconf 75' lang='lat' dir='ltr'><strong>persua-</strong></span> 
     </span>
    </p>
   </div>
   <div class='ocr_carea' id='block_1_34' title="bbox 298 2045 1824 2132">
    <p class='ocr_par' dir='ltr' id='par_1_34' title="bbox 298 2045 1824 2119">
     <span class='ocr_line' id='line_1_34' title="bbox 298 2045 1824 2119; baseline 0.003 -20"><span class='ocrx_word' id='word_1_223' title='bbox 298 2045 490 2113; x_wconf 85' lang='grc' dir='ltr'>πειθὼ,</span> <span class='ocrx_word' id='word_1_224' title='bbox 526 2048 649 2101; x_wconf 82' lang='grc' dir='ltr'>ὅσον</span> <span class='ocrx_word' id='word_1_225' title='bbox 669 2049 697 2100; x_wconf 86' lang='grc' dir='ltr'>ὁ</span> <span class='ocrx_word' id='word_1_226' title='bbox 722 2048 935 2100; x_wconf 82' lang='grc' dir='ltr'>ἁκούων</span> <span class='ocrx_word' id='word_1_227' title='bbox 958 2063 970 2076; x_wconf 90' lang='grc'><strong>·</strong></span> <span class='ocrx_word' id='word_1_228' title='bbox 1001 2048 1062 2100; x_wconf 75' lang='grc' dir='ltr'>οὐ</span> <span class='ocrx_word' id='word_1_229' title='bbox 1091 2047 1247 2117; x_wconf 82' lang='grc' dir='ltr'>θέμις</span> <span class='ocrx_word' id='word_1_230' title='bbox 1282 2048 1372 2101; x_wconf 80' lang='grc' dir='ltr'>τὸν</span> <span class='ocrx_word' id='word_1_231' title='bbox 1399 2048 1626 2115; x_wconf 83' lang='grc' dir='ltr'>λέγοντα</span> <span class='ocrx_word' id='word_1_232' title='bbox 1655 2051 1760 2119; x_wconf 86' lang='grc' dir='ltr'>μὲν</span> <span class='ocrx_word' id='word_1_233' title='bbox 1798 2070 1824 2103; x_wconf 90' lang='grc' dir='ltr'><strong>τ</strong></span> 
     </span>
    </p>
   </div>
   <div class='ocr_carea' id='block_1_35' title="bbox 2023 2045 3549 2132">
    <p class='ocr_par' dir='ltr' id='par_1_35' title="bbox 2023 2061 3549 2132">
     <span class='ocr_line' id='line_1_35' title="bbox 2023 2061 3549 2132; baseline 0.003 -22"><span class='ocrx_word' id='word_1_234' title='bbox 2023 2067 2120 2123; x_wconf 72' lang='lat' dir='ltr'><strong>eat,</strong></span> <span class='ocrx_word' id='word_1_235' title='bbox 2162 2072 2424 2128; x_wconf 87' lang='lat' dir='ltr'><strong>quantum</strong></span> <span class='ocrx_word' id='word_1_236' title='bbox 2476 2063 2566 2130; x_wconf 87' lang='lat' dir='ltr'><strong>qui</strong></span> <span class='ocrx_word' id='word_1_237' title='bbox 2618 2063 2810 2132; x_wconf 75' lang='lat' dir='ltr'><strong>audit,‘</strong></span> <span class='ocrx_word' id='word_1_238' title='bbox 2868 2078 2972 2116; x_wconf 87' lang='lat' dir='ltr'><strong>non</strong></span> <span class='ocrx_word' id='word_1_239' title='bbox 3018 2069 3232 2129; x_wconf 84' lang='lat' dir='ltr'><strong>oportet</strong></span> <span class='ocrx_word' id='word_1_240' title='bbox 3278 2061 3549 2114; x_wconf 83' lang='lat' dir='ltr'><strong>dicentem</strong></span> 
     </span>
    </p>
   </div>
   <div class='ocr_carea' id='block_1_36' title="bbox 296 2137 1822 2222">
    <p class='ocr_par' dir='ltr' id='par_1_36' title="bbox 296 2137 1822 2208">
     <span class='ocr_line' id='line_1_36' title="bbox 296 2137 1822 2208; baseline 0.003 -19"><span class='ocrx_word' id='word_1_241' title='bbox 296 2138 524 2207; x_wconf 84' lang='grc' dir='ltr'>ἄριστα,</span> <span class='ocrx_word' id='word_1_242' title='bbox 565 2137 641 2208; x_wconf 84' lang='grc' dir='ltr'>μὴ</span> <span class='ocrx_word' id='word_1_243' title='bbox 683 2137 938 2190; x_wconf 80' lang='grc' dir='ltr'>πείθοντα</span> <span class='ocrx_word' id='word_1_244' title='bbox 982 2137 1073 2202; x_wconf 80' lang='grc' dir='ltr'>δὲ,</span> <span class='ocrx_word' id='word_1_245' title='bbox 1119 2138 1309 2206; x_wconf 76' lang='grc' dir='ltr'>ψέγειν</span> <span class='ocrx_word' id='word_1_246' title='bbox 1338 2156 1353 2170; x_wconf 78' lang='grc' dir='ltr'><strong>ο</strong></span> <span class='ocrx_word' id='word_1_247' title='bbox 1393 2140 1506 2192; x_wconf 85' lang='grc' dir='ltr'>ἀλλ’</span> <span class='ocrx_word' id='word_1_248' title='bbox 1533 2141 1744 2196; x_wconf 82' lang='grc' dir='ltr'>ἐκεῖνον</span> <span class='ocrx_word' id='word_1_249' title='bbox 1771 2142 1822 2194; x_wconf 73' lang='grc' dir='ltr'>τὶ</span> 
     </span>
    </p>
   </div>
   <div class='ocr_carea' id='block_1_37' title="bbox 2024 2137 3550 2222">
    <p class='ocr_par' dir='ltr' id='par_1_37' title="bbox 2024 2151 3550 2222">
     <span class='ocr_line' id='line_1_37' title="bbox 2024 2151 3550 2222; baseline 0.002 -19"><span class='ocrx_word' id='word_1_250' title='bbox 2024 2151 2190 2204; x_wconf 72' lang='lat' dir='ltr'><strong>tidem</strong></span> <span class='ocrx_word' id='word_1_251' title='bbox 2219 2153 2442 2221; x_wconf 91' lang='lat' dir='ltr'><strong>optima,</strong></span> <span class='ocrx_word' id='word_1_252' title='bbox 2495 2169 2602 2206; x_wconf 88' lang='lat' dir='ltr'><strong>non</strong></span> <span class='ocrx_word' id='word_1_253' title='bbox 2655 2154 3072 2222; x_wconf 85' lang='lat' dir='ltr'><strong>persuadentem</strong></span> <span class='ocrx_word' id='word_1_254' title='bbox 3122 2163 3297 2206; x_wconf 87' lang='lat' dir='ltr'><strong>tamen</strong></span> <span class='ocrx_word' id='word_1_255' title='bbox 3334 2152 3550 2220; x_wconf 59' lang='lat' dir='ltr'><strong>vitupea,</strong></span> 
     </span>
    </p>
   </div>
   <div class='ocr_carea' id='block_1_38' title="bbox 295 2225 1821 2312">
    <p class='ocr_par' dir='ltr' id='par_1_38' title="bbox 295 2225 1577 2298">
     <span class='ocr_line' id='line_1_38' title="bbox 295 2225 1577 2298; baseline 0.009 -24"><span class='ocrx_word' id='word_1_256' title='bbox 295 2225 406 2286; x_wconf 87' lang='grc' dir='ltr'>τοῖς</span> <span class='ocrx_word' id='word_1_257' title='bbox 439 2225 749 2294; x_wconf 82' lang='grc' dir='ltr'>κρατίστοις</span> <span class='ocrx_word' id='word_1_258' title='bbox 780 2225 1066 2294; x_wconf 82' lang='grc' dir='ltr'>πεισθῆναι</span> <span class='ocrx_word' id='word_1_259' title='bbox 1107 2226 1188 2297; x_wconf 83' lang='grc' dir='ltr'>μὴ</span> <span class='ocrx_word' id='word_1_260' title='bbox 1224 2227 1577 2298; x_wconf 74' lang='grc' dir='ltr'>ἐθελήσαντα.</span> 
     </span>
    </p>
   </div>
   <div class='ocr_carea' id='block_1_39' title="bbox 1945 2225 3471 2312">
    <p class='ocr_par' dir='ltr' id='par_1_39' title="bbox 1974 2241 3471 2312">
     <span class='ocr_line' id='line_1_39' title="bbox 1974 2241 3471 2312; baseline -0.001 -18"><span class='ocrx_word' id='word_1_261' title='bbox 1974 2254 2118 2305; x_wconf 84' lang='lat' dir='ltr'><strong>rare,</strong></span> <span class='ocrx_word' id='word_1_262' title='bbox 2149 2245 2242 2295; x_wconf 89' lang='lat' dir='ltr'><strong>sed</strong></span> <span class='ocrx_word' id='word_1_263' title='bbox 2277 2243 2427 2296; x_wconf 89' lang='lat' dir='ltr'><strong>illum</strong></span> <span class='ocrx_word' id='word_1_264' title='bbox 2454 2245 2544 2310; x_wconf 85' lang='lat' dir='ltr'><strong>qui</strong></span> <span class='ocrx_word' id='word_1_265' title='bbox 2574 2245 2797 2311; x_wconf 84' lang='lat' dir='ltr'><strong>optimis</strong></span> <span class='ocrx_word' id='word_1_266' title='bbox 2831 2243 3146 2312; x_wconf 83' lang='lat' dir='ltr'><strong>persuaderi</strong></span> <span class='ocrx_word' id='word_1_267' title='bbox 3177 2257 3283 2297; x_wconf 89' lang='lat' dir='ltr'><strong>non</strong></span> <span class='ocrx_word' id='word_1_268' title='bbox 3320 2241 3471 2295; x_wconf 88' lang='lat' dir='ltr'><strong>velit.</strong></span> 
     </span>
    </p>
   </div>
   <div class='ocr_carea' id='block_1_40' title="bbox 749 2334 2275 2406">
    <p class='ocr_par' dir='ltr' id='par_1_40' title="bbox 749 2334 1384 2406">
     <span class='ocr_line' id='line_1_40' title="bbox 749 2334 1384 2406; baseline 0.005 -21"><span class='ocrx_word' id='word_1_269' title='bbox 749 2334 933 2388; x_wconf 60' lang='lat' dir='ltr'><strong>mea</strong></span> <span class='ocrx_word' id='word_1_270' title='bbox 961 2363 1032 2374; x_wconf 83' lang='grc'><strong>-</strong></span> <span class='ocrx_word' id='word_1_271' title='bbox 1061 2334 1147 2404; x_wconf 84' lang='grc' dir='ltr'><strong>Τῼ</strong></span> <span class='ocrx_word' id='word_1_272' title='bbox 1179 2335 1384 2406; x_wconf 64' lang='lat' dir='ltr'><strong>arra.</strong></span> 
     </span>
    </p>
   </div>
   <div class='ocr_carea' id='block_1_41' title="bbox 1559 2334 3085 2406">
    <p class='ocr_par' dir='ltr' id='par_1_41' title="bbox 2437 2349 3085 2406">
     <span class='ocr_line' id='line_1_41' title="bbox 2437 2349 3085 2406; baseline 0.003 -2"><span class='ocrx_word' id='word_1_273' title='bbox 2437 2351 2520 2405; x_wconf 73' lang='lat' dir='ltr'><strong>DX</strong></span> <span class='ocrx_word' id='word_1_274' title='bbox 2533 2350 2711 2404; x_wconf 84' lang='lat' dir='ltr'><strong>LVIII.</strong></span> <span class='ocrx_word' id='word_1_275' title='bbox 2746 2381 2816 2392; x_wconf 96' lang='lat'>—</span> <span class='ocrx_word' id='word_1_276' title='bbox 2851 2349 3085 2406; x_wconf 64' lang='lat' dir='ltr'><strong>EIDELI.</strong></span> 
     </span>
    </p>
   </div>
   <div class='ocr_carea' id='block_1_42' title="bbox 787 2439 3045 2528">
    <p class='ocr_par' dir='ltr' id='par_1_42' title="bbox 787 2439 3045 2528">
     <span class='ocr_line' id='line_1_42' title="bbox 787 2439 3045 2528; baseline 0.007 -33"><span class='ocrx_word' id='word_1_277' title='bbox 787 2444 976 2497; x_wconf 77' lang='lat' dir='ltr'><strong>Anima</strong></span> <span class='ocrx_word' id='word_1_278' title='bbox 1008 2446 1197 2500; x_wconf 81' lang='lat' dir='ltr'><strong>virtute</strong></span> <span class='ocrx_word' id='word_1_279' title='bbox 1221 2448 1447 2507; x_wconf 83' lang='lat' dir='ltr'><strong>munita,</strong></span> <span class='ocrx_word' id='word_1_280' title='bbox 1469 2447 1665 2517; x_wconf 84' lang='lat' dir='ltr'><strong>Deique</strong></span> <span class='ocrx_word' id='word_1_281' title='bbox 1693 2454 1826 2516; x_wconf 80' lang='lat' dir='ltr'><strong>freta</strong></span> <span class='ocrx_word' id='word_1_282' title='bbox 1859 2459 2086 2524; x_wconf 63' lang='lat' dir='ltr'><strong>auxilio,</strong></span> <span class='ocrx_word' id='word_1_283' title='bbox 2121 2463 2259 2514; x_wconf 86' lang='lat' dir='ltr'><strong>arcis</strong></span> <span class='ocrx_word' id='word_1_284' title='bbox 2292 2439 2462 2514; x_wconf 80' lang='lat' dir='ltr'><strong>instar</strong></span> <span class='ocrx_word' id='word_1_285' title='bbox 2490 2471 2568 2514; x_wconf 85' lang='lat' dir='ltr'><strong>est</strong></span> <span class='ocrx_word' id='word_1_286' title='bbox 2597 2460 3045 2528; x_wconf 71' lang='lat' dir='ltr'><strong>inexpugnabilis.</strong></span> 
     </span>
    </p>
   </div>
   <div class='ocr_carea' id='block_1_43' title="bbox 359 2551 1885 2638">
    <p class='ocr_par' dir='ltr' id='par_1_43' title="bbox 359 2551 1885 2629">
     <span class='ocr_line' id='line_1_43' title="bbox 359 2551 1885 2629; baseline 0.007 -26"><span class='ocrx_word' id='word_1_287' title='bbox 359 2551 569 2622; x_wconf 84' lang='grc' dir='ltr'>Ὥσπερ</span> <span class='ocrx_word' id='word_1_288' title='bbox 598 2551 892 2622; x_wconf 86' lang='grc' dir='ltr'>ἀκρόπολις</span> <span class='ocrx_word' id='word_1_289' title='bbox 945 2553 1274 2624; x_wconf 88' lang='grc' dir='ltr'>ἀπορθήτοις</span> <span class='ocrx_word' id='word_1_290' title='bbox 1301 2556 1506 2626; x_wconf 84' lang='grc' dir='ltr'>τείχεσι</span> <span class='ocrx_word' id='word_1_291' title='bbox 1557 2575 1885 2629; x_wconf 81' lang='grc' dir='ltr'>πεπυργω-.</span> 
     </span>
    </p>
   </div>
   <div class='ocr_carea' id='block_1_44' title="bbox 2021 2551 3547 2638">
    <p class='ocr_par' dir='ltr' id='par_1_44' title="bbox 2049 2565 3547 2638">
     <span class='ocr_line' id='line_1_44' title="bbox 2049 2565 3547 2638; baseline -0.003 -14"><span class='ocrx_word' id='word_1_292' title='bbox 2049 2569 2114 2624; x_wconf 91' lang='lat' dir='ltr'><strong>Ut</strong></span> <span class='ocrx_word' id='word_1_293' title='bbox 2164 2586 2260 2624; x_wconf 82' lang='lat' dir='ltr'><strong>arx</strong></span> <span class='ocrx_word' id='word_1_294' title='bbox 2298 2567 2806 2638; x_wconf 77' lang='lat' dir='ltr'><strong>inexpugnabilihus</strong></span> <span class='ocrx_word' id='word_1_295' title='bbox 2857 2567 3028 2620; x_wconf 88' lang='lat' dir='ltr'><strong>nmris</strong></span> <span class='ocrx_word' id='word_1_296' title='bbox 3077 2565 3247 2620; x_wconf 84' lang='lat' dir='ltr'><strong>cincta</strong></span> <span class='ocrx_word' id='word_1_297' title='bbox 3298 2579 3358 2619; x_wconf 91' lang='lat' dir='ltr'><strong>se</strong></span> <span class='ocrx_word' id='word_1_298' title='bbox 3403 2565 3547 2620; x_wconf 84' lang='lat' dir='ltr'><strong>ohsi-</strong></span> 
     </span>
    </p>
   </div>
   <div class='ocr_carea' id='block_1_45' title="bbox 303 2644 1829 2723">
    <p class='ocr_par' dir='ltr' id='par_1_45' title="bbox 303 2644 1829 2720">
     <span class='ocr_line' id='line_1_45' title="bbox 303 2644 1829 2720; baseline 0.006 -25"><span class='ocrx_word' id='word_1_299' title='bbox 303 2644 481 2715; x_wconf 80' lang='grc' dir='ltr'>μένη,</span> <span class='ocrx_word' id='word_1_300' title='bbox 541 2645 815 2715; x_wconf 76' lang='grc' dir='ltr'>καταγελᾷ</span> <span class='ocrx_word' id='word_1_301' title='bbox 849 2644 958 2698; x_wconf 83' lang='grc' dir='ltr'><strong>τῶν</strong></span> <span class='ocrx_word' id='word_1_302' title='bbox 1010 2646 1448 2716; x_wconf 82' lang='grc' dir='ltr'>πολιορκούντων</span> <span class='ocrx_word' id='word_1_303' title='bbox 1479 2650 1672 2720; x_wconf 83' lang='grc' dir='ltr'>αὐτὴν,</span> <span class='ocrx_word' id='word_1_304' title='bbox 1720 2651 1829 2705; x_wconf 74' lang='grc' dir='ltr'>οὔτε</span> 
     </span>
    </p>
   </div>
   <div class='ocr_carea' id='block_1_46' title="bbox 2019 2644 3545 2723">
    <p class='ocr_par' dir='ltr' id='par_1_46' title="bbox 2019 2657 3545 2723">
     <span class='ocr_line' id='line_1_46' title="bbox 2019 2657 3545 2723; baseline -0.001 -12"><span class='ocrx_word' id='word_1_305' title='bbox 2019 2669 2163 2712; x_wconf 75' lang='lat' dir='ltr'><strong>entes</strong></span> <span class='ocrx_word' id='word_1_306' title='bbox 2204 2660 2413 2723; x_wconf 87' lang='lat' dir='ltr'><strong>irridet,</strong></span> <span class='ocrx_word' id='word_1_307' title='bbox 2450 2661 2521 2712; x_wconf 89' lang='lat' dir='ltr'><strong>ita</strong></span> <span class='ocrx_word' id='word_1_308' title='bbox 2568 2667 2622 2712; x_wconf 90' lang='lat' dir='ltr'><strong>et</strong></span> <span class='ocrx_word' id='word_1_309' title='bbox 2655 2659 2858 2721; x_wconf 88' lang='lat' dir='ltr'><strong>anima,</strong></span> <span class='ocrx_word' id='word_1_310' title='bbox 2902 2657 3046 2710; x_wconf 84' lang='lat' dir='ltr'><strong>oumi</strong></span> <span class='ocrx_word' id='word_1_311' title='bbox 3080 2657 3335 2709; x_wconf 85' lang='lat' dir='ltr'><strong>virtutum</strong></span> <span class='ocrx_word' id='word_1_312' title='bbox 3367 2657 3545 2709; x_wconf 66' lang='lat' dir='ltr'><strong>cincta</strong></span> 
     </span>
    </p>
   </div>
   <div class='ocr_carea' id='block_1_47' title="bbox 292 2735 1818 2815">
    <p class='ocr_par' dir='ltr' id='par_1_47' title="bbox 292 2735 1818 2813">
     <span class='ocr_line' id='line_1_47' title="bbox 292 2735 1818 2813; baseline 0.005 -25"><span class='ocrx_word' id='word_1_313' title='bbox 292 2736 388 2788; x_wconf 70' lang='grc' dir='ltr'>καὶ</span> <span class='ocrx_word' id='word_1_314' title='bbox 419 2735 590 2805; x_wconf 79' lang='grc' dir='ltr'>ψυχὴ,</span> <span class='ocrx_word' id='word_1_315' title='bbox 617 2737 664 2788; x_wconf 81' lang='grc' dir='ltr'><strong>εί</strong></span> <span class='ocrx_word' id='word_1_316' title='bbox 709 2738 911 2799; x_wconf 86' lang='grc' dir='ltr'>πάσαις</span> <span class='ocrx_word' id='word_1_317' title='bbox 937 2739 1057 2800; x_wconf 86' lang='grc' dir='ltr'>ταῖς</span> <span class='ocrx_word' id='word_1_318' title='bbox 1090 2738 1316 2808; x_wconf 85' lang='grc' dir='ltr'>ἀρεταῖς</span> <span class='ocrx_word' id='word_1_319' title='bbox 1357 2740 1556 2809; x_wconf 78' lang='grc' dir='ltr'>ἑαυτὴν</span> <span class='ocrx_word' id='word_1_320' title='bbox 1597 2759 1818 2813; x_wconf 83' lang='grc' dir='ltr'>περιφρ‹</span> 
     </span>
    </p>
   </div>
   <div class='ocr_carea' id='block_1_48' title="bbox 2019 2735 3545 2815">
    <p class='ocr_par' dir='ltr' id='par_1_48' title="bbox 2019 2746 3545 2815">
     <span class='ocr_line' id='line_1_48' title="bbox 2019 2746 3545 2815; baseline 0.001 -18"><span class='ocrx_word' id='word_1_321' title='bbox 2019 2762 2189 2810; x_wconf 78' lang='lat' dir='ltr'><strong>:nere,</strong></span> <span class='ocrx_word' id='word_1_322' title='bbox 2239 2746 2442 2815; x_wconf 90' lang='lat' dir='ltr'><strong>Deique</strong></span> <span class='ocrx_word' id='word_1_323' title='bbox 2471 2747 2807 2800; x_wconf 86' lang='lat' dir='ltr'><strong>communita</strong></span> <span class='ocrx_word' id='word_1_324' title='bbox 2841 2746 3132 2813; x_wconf 87' lang='lat' dir='ltr'><strong>adjutorio,</strong></span> <span class='ocrx_word' id='word_1_325' title='bbox 3173 2747 3422 2798; x_wconf 76' lang='lat' dir='ltr'><strong>ruborem</strong></span> <span class='ocrx_word' id='word_1_326' title='bbox 3460 2746 3545 2798; x_wconf 86' lang='lat' dir='ltr'><strong>iu-</strong></span> 
     </span>
    </p>
   </div>
   <div class='ocr_carea' id='block_1_49' title="bbox 289 2817 1815 2903">
    <p class='ocr_par' dir='ltr' id='par_1_49' title="bbox 289 2826 1815 2903">
     <span class='ocr_line' id='line_1_49' title="bbox 289 2826 1815 2903; baseline 0.005 -25"><span class='ocrx_word' id='word_1_327' title='bbox 289 2827 425 2893; x_wconf 82' lang='grc' dir='ltr'>ξειε,</span> <span class='ocrx_word' id='word_1_328' title='bbox 461 2828 556 2880; x_wconf 75' lang='grc' dir='ltr'>καὶ</span> <span class='ocrx_word' id='word_1_329' title='bbox 582 2829 649 2897; x_wconf 81' lang='grc' dir='ltr'><strong>τῇ</strong></span> <span class='ocrx_word' id='word_1_330' title='bbox 697 2826 818 2898; x_wconf 80' lang='grc' dir='ltr'>θείᾳ</span> <span class='ocrx_word' id='word_1_331' title='bbox 866 2829 1152 2898; x_wconf 77' lang='grc' dir='ltr'>συμμαχίᾳ</span> <span class='ocrx_word' id='word_1_332' title='bbox 1177 2828 1543 2898; x_wconf 74' lang='grc' dir='ltr'>’πυργώσειε,ν,</span> <span class='ocrx_word' id='word_1_333' title='bbox 1569 2834 1648 2895; x_wconf 83' lang='grc' dir='ltr'><strong>εἰς</strong></span> <span class='ocrx_word' id='word_1_334' title='bbox 1673 2835 1815 2903; x_wconf 76' lang='grc' dir='ltr'>αίσχι</span> 
     </span>
    </p>
   </div>
   <div class='ocr_carea' id='block_1_50' title="bbox 1831 2817 3357 2903">
    <p class='ocr_par' dir='ltr' id='par_1_50' title="bbox 1831 2817 3357 2903">
     <span class='ocr_line' id='line_1_50' title="bbox 1831 2817 3357 2903; baseline 0 -17"><span class='ocrx_word' id='word_1_335' title='bbox 1831 2860 1864 2878; x_wconf 67' lang='grc' dir='ltr'>νο</span> <span class='ocrx_word' id='word_1_336' title='bbox 1969 2834 2138 2888; x_wconf 86' lang='lat' dir='ltr'><strong>cutiet</strong></span> <span class='ocrx_word' id='word_1_337' title='bbox 2174 2835 2478 2903; x_wconf 88' lang='lat' dir='ltr'><strong>ridebitquc</strong></span> <span class='ocrx_word' id='word_1_338' title='bbox 2505 2849 2624 2889; x_wconf 84' lang='lat' dir='ltr'><strong>eam</strong></span> <span class='ocrx_word' id='word_1_339' title='bbox 2650 2817 3078 2902; x_wconf 82' lang='lat' dir='ltr'><strong>oppugnantium</strong></span> <span class='ocrx_word' id='word_1_340' title='bbox 3107 2841 3357 2887; x_wconf 87' lang='lat' dir='ltr'><strong>conatus.</strong></span> 
     </span>
    </p>
   </div>
   <div class='ocr_carea' id='block_1_51' title="bbox 290 2919 1862 2992">
    <p class='ocr_par' dir='ltr' id='par_1_51' title="bbox 290 2919 1862 2992">
     <span class='ocr_line' id='line_1_51' title="bbox 290 2919 1862 2992; baseline 0.007 -23"><span class='ocrx_word' id='word_1_341' title='bbox 290 2935 390 2987; x_wconf 87' lang='grc' dir='ltr'><strong>νην</strong></span> <span class='ocrx_word' id='word_1_342' title='bbox 431 2919 527 2970; x_wconf 73' lang='grc' dir='ltr'>καὶ</span> <span class='ocrx_word' id='word_1_343' title='bbox 574 2919 783 2986; x_wconf 81' lang='grc' dir='ltr'>γέλωτα</span> <span class='ocrx_word' id='word_1_344' title='bbox 818 2920 1225 2990; x_wconf 79' lang='grc' dir='ltr'>παρασκευάζει</span> <span class='ocrx_word' id='word_1_345' title='bbox 1253 2921 1574 2992; x_wconf 76' lang='grc' dir='ltr'>τελευτῆσαι</span> <span class='ocrx_word' id='word_1_346' title='bbox 1609 2928 1724 2988; x_wconf 84' lang='grc' dir='ltr'>τοῖς</span> <span class='ocrx_word' id='word_1_347' title='bbox 1766 2944 1862 2980; x_wconf 64' lang='grc' dir='ltr'><strong>ποθ</strong></span> 
     </span>
    </p>
   </div>
   <div class='ocr_carea' id='block_1_52' title="bbox 291 3007 1316 3083">
    <p class='ocr_par' dir='ltr' id='par_1_52' title="bbox 291 3007 1316 3083">
     <span class='ocr_line' id='line_1_52' title="bbox 291 3007 1316 3083; baseline 0.006 -24"><span class='ocrx_word' id='word_1_348' title='bbox 291 3007 596 3082; x_wconf 81' lang='grc' dir='ltr'>λιορκοῦσιν</span> <span class='ocrx_word' id='word_1_349' title='bbox 626 3011 795 3081; x_wconf 84' lang='grc' dir='ltr'>αὐτὴν</span> <span class='ocrx_word' id='word_1_350' title='bbox 822 3011 891 3063; x_wconf 82' lang='grc' dir='ltr'><strong>τὰ</strong></span> <span class='ocrx_word' id='word_1_351' title='bbox 923 3013 1316 3083; x_wconf 83' lang='grc' dir='ltr'>μηχανήματα.</span> 
     </span>
    </p>
   </div>
   <div class='ocr_carea' id='block_1_53' title="bbox 817 3119 2343 3190">
    <p class='ocr_par' dir='ltr' id='par_1_53' title="bbox 817 3119 1349 3190">
     <span class='ocr_line' id='line_1_53' title="bbox 817 3119 1349 3190; baseline 0.004 -19"><span class='ocrx_word' id='word_1_352' title='bbox 817 3120 994 3173; x_wconf 68' lang='lat' dir='ltr'><strong>me.</strong></span> <span class='ocrx_word' id='word_1_353' title='bbox 1021 3149 1093 3160; x_wconf 85' lang='grc'><strong><em>-</em></strong></span> <span class='ocrx_word' id='word_1_354' title='bbox 1123 3119 1349 3190; x_wconf 81' lang='grc' dir='ltr'><strong>ΗΣΑΙᾼ.</strong></span> 
     </span>
    </p>
   </div>
   <div class='ocr_carea' id='block_1_54' title="bbox 1514 3119 3040 3190">
    <p class='ocr_par' dir='ltr' id='par_1_54' title="bbox 2448 3119 3040 3176">
     <span class='ocr_line' id='line_1_54' title="bbox 2448 3119 3040 3176; baseline 0 0"><span class='ocrx_word' id='word_1_355' title='bbox 2448 3119 2681 3176; x_wconf 73' lang='lat' dir='ltr'><strong>DXLIX.</strong></span> <span class='ocrx_word' id='word_1_356' title='bbox 2710 3150 2782 3161; x_wconf 97' lang='lat'><strong>—</strong></span> <span class='ocrx_word' id='word_1_357' title='bbox 2810 3119 3040 3176; x_wconf 75' lang='lat' dir='ltr'><strong>ISAUE.</strong></span> 
     </span>
    </p>
   </div>
   <div class='ocr_carea' id='block_1_55' title="bbox 843 3232 2974 3316">
    <p class='ocr_par' dir='ltr' id='par_1_55' title="bbox 843 3232 2974 3316">
     <span class='ocr_line' id='line_1_55' title="bbox 843 3232 2974 3316; baseline 0.001 -30"><span class='ocrx_word' id='word_1_358' title='bbox 843 3232 940 3286; x_wconf 85' lang='lat' dir='ltr'><strong>Dei</strong></span> <span class='ocrx_word' id='word_1_359' title='bbox 963 3232 1330 3302; x_wconf 77' lang='lat' dir='ltr'><strong>longanimitas</strong></span> <span class='ocrx_word' id='word_1_360' title='bbox 1357 3234 1426 3286; x_wconf 81' lang='lat' dir='ltr'><strong>ad</strong></span> <span class='ocrx_word' id='word_1_361' title='bbox 1459 3234 1814 3298; x_wconf 75' lang='lat' dir='ltr'><strong>poznitentiam</strong></span> <span class='ocrx_word' id='word_1_362' title='bbox 1840 3234 2046 3288; x_wconf 78' lang='lat' dir='ltr'><strong>inritat.</strong></span> <span class='ocrx_word' id='word_1_363' title='bbox 2081 3232 2254 3304; x_wconf 80' lang='lat' dir='ltr'><strong>(Rom.</strong></span> <span class='ocrx_word' id='word_1_364' title='bbox 2289 3248 2351 3316; x_wconf 82' lang='grc' dir='ltr'><strong>ιι,</strong></span> <span class='ocrx_word' id='word_1_365' title='bbox 2388 3235 2440 3289; x_wconf 74' lang='grc'>4.</span> <span class='ocrx_word' id='word_1_366' title='bbox 2473 3234 2602 3304; x_wconf 83' lang='lat' dir='ltr'><strong>Sup.</strong></span> <span class='ocrx_word' id='word_1_367' title='bbox 2636 3237 2788 3304; x_wconf 81' lang='lat' dir='ltr'><strong>epist.</strong></span> <span class='ocrx_word' id='word_1_368' title='bbox 2823 3233 2974 3304; x_wconf 69' lang='grc'>526.)</span> 
     </span>
    </p>
   </div>
   <div class='ocr_carea' id='block_1_56' title="bbox 361 3332 1887 3415">
    <p class='ocr_par' dir='ltr' id='par_1_56' title="bbox 361 3342 1859 3415">
     <span class='ocr_line' id='line_1_56' title="bbox 361 3342 1859 3415; baseline 0.001 -18"><span class='ocrx_word' id='word_1_369' title='bbox 361 3343 454 3412; x_wconf 70' lang='grc' dir='ltr'><strong>Μὴ</strong></span> <span class='ocrx_word' id='word_1_370' title='bbox 483 3345 517 3414; x_wconf 83' lang='grc' dir='ltr'>ἦ</span> <span class='ocrx_word' id='word_1_371' title='bbox 549 3343 666 3396; x_wconf 85' lang='grc' dir='ltr'>θεία</span> <span class='ocrx_word' id='word_1_372' title='bbox 694 3342 1043 3413; x_wconf 77' lang='grc' dir='ltr'>μακροθυμία</span> <span class='ocrx_word' id='word_1_373' title='bbox 1072 3345 1397 3415; x_wconf 78' lang='grc' dir='ltr'>ἐπιτριϐἐτω</span> <span class='ocrx_word' id='word_1_374' title='bbox 1438 3361 1500 3397; x_wconf 89' lang='grc' dir='ltr'><strong>σε</strong></span> <span class='ocrx_word' id='word_1_375' title='bbox 1522 3347 1602 3408; x_wconf 86' lang='grc' dir='ltr'><strong>εἰς</strong></span> <span class='ocrx_word' id='word_1_376' title='bbox 1635 3347 1859 3410; x_wconf 82' lang='grc' dir='ltr'>κακίαν,</span> 
     </span>
    </p>
   </div>
   <div class='ocr_carea' id='block_1_57' title="bbox 2012 3332 3538 3415">
    <p class='ocr_par' dir='ltr' id='par_1_57' title="bbox 2045 3343 3538 3412">
     <span class='ocr_line' id='line_1_57' title="bbox 2045 3343 3538 3412; baseline 0.003 -16"><span class='ocrx_word' id='word_1_377' title='bbox 2045 3343 2185 3397; x_wconf 83' lang='lat' dir='ltr'><strong>Cave</strong></span> <span class='ocrx_word' id='word_1_378' title='bbox 2219 3359 2286 3398; x_wconf 89' lang='lat' dir='ltr'><strong>ne</strong></span> <span class='ocrx_word' id='word_1_379' title='bbox 2317 3343 2406 3399; x_wconf 89' lang='lat' dir='ltr'><strong>Dei</strong></span> <span class='ocrx_word' id='word_1_380' title='bbox 2438 3343 2818 3411; x_wconf 71' lang='lat' dir='ltr'><strong>longanimitas</strong></span> <span class='ocrx_word' id='word_1_381' title='bbox 2843 3344 2909 3397; x_wconf 86' lang='lat' dir='ltr'><strong>ad</strong></span> <span class='ocrx_word' id='word_1_382' title='bbox 2939 3343 3136 3398; x_wconf 88' lang='lat' dir='ltr'><strong>malum</strong></span> <span class='ocrx_word' id='word_1_383' title='bbox 3179 3353 3231 3398; x_wconf 91' lang='lat' dir='ltr'><strong>te</strong></span> <span class='ocrx_word' id='word_1_384' title='bbox 3260 3357 3538 3412; x_wconf 85' lang='lat' dir='ltr'><strong>provocet,</strong></span> 
     </span>
    </p>
   </div>
   <div class='ocr_carea' id='block_1_58' title="bbox 290 3434 1816 3508">
    <p class='ocr_par' dir='ltr' id='par_1_58' title="bbox 290 3434 1816 3508">
     <span class='ocr_line' id='line_1_58' title="bbox 290 3434 1816 3508; baseline 0.001 -21"><span class='ocrx_word' id='word_1_385' title='bbox 290 3435 408 3488; x_wconf 87' lang='grc' dir='ltr'>ἀλλ’</span> <span class='ocrx_word' id='word_1_386' title='bbox 437 3437 517 3500; x_wconf 81' lang='grc' dir='ltr'><strong>είς</strong></span> <span class='ocrx_word' id='word_1_387' title='bbox 561 3435 763 3504; x_wconf 81' lang='grc' dir='ltr'>ἀρετὴν</span> <span class='ocrx_word' id='word_1_388' title='bbox 793 3434 1202 3503; x_wconf 83' lang='grc' dir='ltr'>παρακαλείτω.</span> <span class='ocrx_word' id='word_1_389' title='bbox 1252 3435 1627 3489; x_wconf 76' lang='grc' dir='ltr'>’Δτοπώτατον</span> <span class='ocrx_word' id='word_1_390' title='bbox 1653 3437 1760 3508; x_wconf 84' lang='grc' dir='ltr'><strong>γὰρ</strong></span> <span class='ocrx_word' id='word_1_391' title='bbox 1797 3455 1816 3489; x_wconf 78' lang='lat'><strong>1</strong></span> 
     </span>
    </p>
   </div>
   <div class='ocr_carea' id='block_1_59' title="bbox 2012 3434 3538 3508">
    <p class='ocr_par' dir='ltr' id='par_1_59' title="bbox 2012 3435 3538 3504">
     <span class='ocr_line' id='line_1_59' title="bbox 2012 3435 3538 3504; baseline 0.004 -19"><span class='ocrx_word' id='word_1_392' title='bbox 2012 3435 2096 3487; x_wconf 80' lang='lat' dir='ltr'><strong>ui’n</strong></span> <span class='ocrx_word' id='word_1_393' title='bbox 2130 3436 2194 3486; x_wconf 83' lang='lat' dir='ltr'><strong>ad</strong></span> <span class='ocrx_word' id='word_1_394' title='bbox 2232 3435 2483 3488; x_wconf 78' lang='lat' dir='ltr'><strong>virtutem</strong></span> <span class='ocrx_word' id='word_1_395' title='bbox 2529 3446 2580 3488; x_wconf 88' lang='lat' dir='ltr'><strong>te</strong></span> <span class='ocrx_word' id='word_1_396' title='bbox 2615 3437 2796 3504; x_wconf 89' lang='lat' dir='ltr'><strong>potius</strong></span> <span class='ocrx_word' id='word_1_397' title='bbox 2830 3436 3037 3490; x_wconf 89' lang='lat' dir='ltr'><strong>invitet.</strong></span> <span class='ocrx_word' id='word_1_398' title='bbox 3075 3436 3538 3491; x_wconf 82' lang='lat' dir='ltr'><strong>Absurdissimum</strong></span> 
     </span>
    </p>
   </div>
   <div class='ocr_carea' id='block_1_60' title="bbox 288 3523 1814 3597">
    <p class='ocr_par' dir='ltr' id='par_1_60' title="bbox 288 3525 1814 3597">
     <span class='ocr_line' id='line_1_60' title="bbox 288 3525 1814 3597; baseline 0 -19"><span class='ocrx_word' id='word_1_399' title='bbox 288 3526 377 3580; x_wconf 82' lang='grc' dir='ltr'>διὰ</span> <span class='ocrx_word' id='word_1_400' title='bbox 401 3526 506 3578; x_wconf 85' lang='grc' dir='ltr'>τῶν</span> <span class='ocrx_word' id='word_1_401' title='bbox 539 3525 762 3594; x_wconf 80' lang='grc' dir='ltr'>ἀγαθῶν</span> <span class='ocrx_word' id='word_1_402' title='bbox 794 3525 1125 3596; x_wconf 84' lang='grc' dir='ltr'>βλάπτεσθαι</span> <span class='ocrx_word' id='word_1_403' title='bbox 1148 3539 1161 3554; x_wconf 88' lang='grc'>⁶</span> <span class='ocrx_word' id='word_1_404' title='bbox 1187 3526 1390 3594; x_wconf 80' lang='grc' dir='ltr'>ἀγαθὸν</span> <span class='ocrx_word' id='word_1_405' title='bbox 1417 3525 1474 3579; x_wconf 83' lang='grc' dir='ltr'>δὲ</span> <span class='ocrx_word' id='word_1_406' title='bbox 1513 3529 1545 3596; x_wconf 80' lang='grc' dir='ltr'>ἡ</span> <span class='ocrx_word' id='word_1_407' title='bbox 1582 3527 1814 3597; x_wconf 76' lang='grc' dir='ltr'>μακροθι</span> 
     </span>
    </p>
   </div>
   <div class='ocr_carea' id='block_1_61' title="bbox 2017 3523 3543 3597">
    <p class='ocr_par' dir='ltr' id='par_1_61' title="bbox 2017 3523 3543 3594">
     <span class='ocr_line' id='line_1_61' title="bbox 2017 3523 3543 3594; baseline 0.003 -20"><span class='ocrx_word' id='word_1_408' title='bbox 2017 3523 2109 3574; x_wconf 72' lang='lat' dir='ltr'><strong>nim</strong></span> <span class='ocrx_word' id='word_1_409' title='bbox 2141 3538 2172 3577; x_wconf 74' lang='grc' dir='ltr'><strong>ιι</strong></span> <span class='ocrx_word' id='word_1_410' title='bbox 2210 3537 2266 3575; x_wconf 89' lang='lat' dir='ltr'><strong>re</strong></span> <span class='ocrx_word' id='word_1_411' title='bbox 2313 3527 2454 3578; x_wconf 87' lang='lat' dir='ltr'><strong>bona</strong></span> <span class='ocrx_word' id='word_1_412' title='bbox 2489 3525 2630 3579; x_wconf 80' lang='lat' dir='ltr'><strong>laedi.</strong></span> <span class='ocrx_word' id='word_1_413' title='bbox 2666 3525 2811 3578; x_wconf 85' lang='lat' dir='ltr'><strong>Bona</strong></span> <span class='ocrx_word' id='word_1_414' title='bbox 2856 3535 3038 3581; x_wconf 88' lang='lat' dir='ltr'><strong>autem</strong></span> <span class='ocrx_word' id='word_1_415' title='bbox 3075 3526 3168 3580; x_wconf 91' lang='lat' dir='ltr'><strong>Dei</strong></span> <span class='ocrx_word' id='word_1_416' title='bbox 3214 3535 3298 3580; x_wconf 89' lang='lat' dir='ltr'><strong>est</strong></span> <span class='ocrx_word' id='word_1_417' title='bbox 3328 3526 3543 3594; x_wconf 75' lang='lat' dir='ltr'><strong>patien-</strong></span> 
     </span>
    </p>
   </div>
   <div class='ocr_carea' id='block_1_62' title="bbox 293 3613 1819 3686">
    <p class='ocr_par' dir='ltr' id='par_1_62' title="bbox 293 3614 1819 3686">
     <span class='ocr_line' id='line_1_62' title="bbox 293 3614 1819 3686; baseline -0.001 -18"><span class='ocrx_word' id='word_1_418' title='bbox 293 3616 394 3684; x_wconf 87' lang='grc' dir='ltr'><strong>μία</strong></span> <span class='ocrx_word' id='word_1_419' title='bbox 415 3615 565 3667; x_wconf 74' lang='grc' dir='ltr'>ἔλεον</span> <span class='ocrx_word' id='word_1_420' title='bbox 600 3615 698 3684; x_wconf 84' lang='grc' dir='ltr'>μὲν</span> <span class='ocrx_word' id='word_1_421' title='bbox 737 3617 850 3678; x_wconf 84' lang='grc' dir='ltr'>τοῖς</span> <span class='ocrx_word' id='word_1_422' title='bbox 882 3614 1238 3684; x_wconf 85' lang='grc' dir='ltr'>μετανοοῦσι,</span> <span class='ocrx_word' id='word_1_423' title='bbox 1280 3615 1460 3686; x_wconf 86' lang='grc' dir='ltr'>κρίσιν</span> <span class='ocrx_word' id='word_1_424' title='bbox 1493 3615 1548 3669; x_wconf 83' lang='grc' dir='ltr'>δὲ</span> <span class='ocrx_word' id='word_1_425' title='bbox 1578 3617 1689 3679; x_wconf 82' lang='grc' dir='ltr'>τοῖς</span> <span class='ocrx_word' id='word_1_426' title='bbox 1721 3618 1819 3685; x_wconf 86' lang='grc' dir='ltr'>ἀμε</span> 
     </span>
    </p>
   </div>
   <div class='ocr_carea' id='block_1_63' title="bbox 2011 3613 3537 3686">
    <p class='ocr_par' dir='ltr' id='par_1_63' title="bbox 2011 3614 3537 3684">
     <span class='ocr_line' id='line_1_63' title="bbox 2011 3614 3537 3684; baseline 0.004 -20"><span class='ocrx_word' id='word_1_427' title='bbox 2011 3628 2060 3677; x_wconf 84' lang='lat' dir='ltr'><strong>a,</strong></span> <span class='ocrx_word' id='word_1_428' title='bbox 2094 3614 2156 3665; x_wconf 85' lang='lat' dir='ltr'><strong>ad</strong></span> <span class='ocrx_word' id='word_1_429' title='bbox 2195 3614 2626 3668; x_wconf 85' lang='lat' dir='ltr'><strong>misericordiam</strong></span> <span class='ocrx_word' id='word_1_430' title='bbox 2659 3615 3030 3682; x_wconf 86' lang='lat' dir='ltr'><strong>resipiseeuti;</strong></span> <span class='ocrx_word' id='word_1_431' title='bbox 3077 3625 3138 3668; x_wconf 91' lang='lat' dir='ltr'><strong>ut</strong></span> <span class='ocrx_word' id='word_1_432' title='bbox 3169 3625 3355 3670; x_wconf 86' lang='lat' dir='ltr'><strong>contra</strong></span> <span class='ocrx_word' id='word_1_433' title='bbox 3394 3615 3537 3684; x_wconf 81' lang='lat' dir='ltr'><strong>judi-</strong></span> 
     </span>
    </p>
   </div>
   <div class='ocr_carea' id='block_1_64' title="bbox 287 3703 1813 3774">
    <p class='ocr_par' dir='ltr' id='par_1_64' title="bbox 287 3703 886 3773">
     <span class='ocr_line' id='line_1_64' title="bbox 287 3703 886 3773; baseline 0.002 -18"><span class='ocrx_word' id='word_1_434' title='bbox 287 3704 570 3773; x_wconf 86' lang='grc' dir='ltr'>τανοήτοις</span> <span class='ocrx_word' id='word_1_435' title='bbox 602 3703 792 3755; x_wconf 85' lang='grc' dir='ltr'>ὠδίνου</span> <span class='ocrx_word' id='word_1_436' title='bbox 801 3720 886 3756; x_wconf 82' lang='grc' dir='ltr'><strong>σα.</strong></span> 
     </span>
    </p>
   </div>
   <div class='ocr_carea' id='block_1_65' title="bbox 1363 3703 2889 3774">
    <p class='ocr_par' dir='ltr' id='par_1_65' title="bbox 1968 3704 2889 3774">
     <span class='ocr_line' id='line_1_65' title="bbox 1968 3704 2889 3774; baseline 0 -16"><span class='ocrx_word' id='word_1_437' title='bbox 1968 3705 2111 3758; x_wconf 89' lang='lat' dir='ltr'><strong>cium</strong></span> <span class='ocrx_word' id='word_1_438' title='bbox 2140 3704 2308 3772; x_wconf 81' lang='lat' dir='ltr'><strong>gignit</strong></span> <span class='ocrx_word' id='word_1_439' title='bbox 2338 3721 2440 3760; x_wconf 90' lang='lat' dir='ltr'><strong>non</strong></span> <span class='ocrx_word' id='word_1_440' title='bbox 2478 3707 2889 3774; x_wconf 72' lang='lat' dir='ltr'><strong>paenitentibus.</strong></span> 
     </span>
    </p>
   </div>
   <div class='ocr_carea' id='block_1_66' title="bbox 596 3809 2122 3881">
    <p class='ocr_par' dir='ltr' id='par_1_66' title="bbox 596 3809 1551 3881">
     <span class='ocr_line' id='line_1_66' title="bbox 596 3809 1551 3881; baseline 0.003 -19"><span class='ocrx_word' id='word_1_441' title='bbox 596 3812 722 3865; x_wconf 72' lang='grc' dir='ltr'><strong>φΝν.</strong></span> <span class='ocrx_word' id='word_1_442' title='bbox 753 3839 824 3853; x_wconf 89' lang='grc'><strong>-</strong></span> <span class='ocrx_word' id='word_1_443' title='bbox 858 3812 1202 3881; x_wconf 81' lang='grc' dir='ltr'><strong>ΠΑΛΛΑΔΙῼ</strong></span> <span class='ocrx_word' id='word_1_444' title='bbox 1228 3809 1551 3880; x_wconf 83' lang='grc' dir='ltr'><strong>ΔΙΑΚΟΝῼ.</strong></span> 
     </span>
    </p>
   </div>
   <div class='ocr_carea' id='block_1_67' title="bbox 1691 3809 3217 3881">
    <p class='ocr_par' dir='ltr' id='par_1_67' title="bbox 2285 3813 3217 3872">
     <span class='ocr_line' id='line_1_67' title="bbox 2285 3813 3217 3872; baseline 0.002 -5"><span class='ocrx_word' id='word_1_445' title='bbox 2285 3813 2394 3868; x_wconf 87' lang='lat' dir='ltr'><strong>DL.</strong></span> <span class='ocrx_word' id='word_1_446' title='bbox 2421 3843 2493 3855; x_wconf 89' lang='lat'><strong>-—</strong></span> <span class='ocrx_word' id='word_1_447' title='bbox 2517 3813 2857 3870; x_wconf 71' lang='lat' dir='ltr'><strong>PALLADIO</strong></span> <span class='ocrx_word' id='word_1_448' title='bbox 2896 3813 3217 3872; x_wconf 53' lang='lat' dir='ltr'><strong>DIACONO’.</strong></span> 
     </span>
    </p>
   </div>
   <div class='ocr_carea' id='block_1_68' title="bbox 1235 3921 2591 3980">
    <p class='ocr_par' dir='ltr' id='par_1_68' title="bbox 1235 3921 2591 3980">
     <span class='ocr_line' id='line_1_68' title="bbox 1235 3921 2591 3980; baseline 0 -3"><span class='ocrx_word' id='word_1_449' title='bbox 1235 3922 1484 3977; x_wconf 85' lang='lat' dir='ltr'><strong>Summus</strong></span> <span class='ocrx_word' id='word_1_450' title='bbox 1519 3921 1819 3976; x_wconf 79' lang='lat' dir='ltr'><strong>morborum</strong></span> <span class='ocrx_word' id='word_1_451' title='bbox 1851 3925 2018 3979; x_wconf 81' lang='lat' dir='ltr'><strong>animi</strong></span> <span class='ocrx_word' id='word_1_452' title='bbox 2057 3927 2288 3980; x_wconf 80' lang='lat' dir='ltr'><strong>medicus</strong></span> <span class='ocrx_word' id='word_1_453' title='bbox 2318 3925 2453 3978; x_wconf 78' lang='lat' dir='ltr'><strong>Dens</strong></span> <span class='ocrx_word' id='word_1_454' title='bbox 2492 3935 2591 3978; x_wconf 86' lang='lat' dir='ltr'><strong>est.</strong></span> 
     </span>
    </p>
   </div>
   <div class='ocr_carea' id='block_1_69' title="bbox 364 4031 1890 4105">
    <p class='ocr_par' dir='ltr' id='par_1_69' title="bbox 364 4031 1859 4102">
     <span class='ocr_line' id='line_1_69' title="bbox 364 4031 1859 4102; baseline -0.003 -13"><span class='ocrx_word' id='word_1_455' title='bbox 364 4032 753 4102; x_wconf 77' lang='grc' dir='ltr'>Πυνθὰνομαι,</span> <span class='ocrx_word' id='word_1_456' title='bbox 783 4033 865 4086; x_wconf 86' lang='grc' dir='ltr'>ὃτι</span> <span class='ocrx_word' id='word_1_457' title='bbox 907 4031 968 4084; x_wconf 80' lang='grc' dir='ltr'>τὸ</span> <span class='ocrx_word' id='word_1_458' title='bbox 997 4031 1211 4101; x_wconf 82' lang='grc' dir='ltr'>νόσημα</span> <span class='ocrx_word' id='word_1_459' title='bbox 1260 4032 1359 4100; x_wconf 84' lang='grc' dir='ltr'>τῆς</span> <span class='ocrx_word' id='word_1_460' title='bbox 1402 4031 1501 4101; x_wconf 82' lang='grc' dir='ltr'>σῆς</span> <span class='ocrx_word' id='word_1_461' title='bbox 1546 4031 1726 4101; x_wconf 74' lang='grc' dir='ltr'>ψυχῆς</span> <span class='ocrx_word' id='word_1_462' title='bbox 1751 4032 1859 4085; x_wconf 83' lang='grc' dir='ltr'><strong>ἀπὸ</strong></span> 
     </span>
    </p>
   </div>
   <div class='ocr_carea' id='block_1_70' title="bbox 2009 4031 3535 4105">
    <p class='ocr_par' dir='ltr' id='par_1_70' title="bbox 2032 4034 3535 4105">
     <span class='ocr_line' id='line_1_70' title="bbox 2032 4034 3535 4105; baseline 0.003 -17"><span class='ocrx_word' id='word_1_463' title='bbox 2032 4035 2205 4089; x_wconf 79' lang='lat' dir='ltr'><strong>Audio</strong></span> <span class='ocrx_word' id='word_1_464' title='bbox 2267 4035 2431 4088; x_wconf 88' lang='lat' dir='ltr'><strong>animi</strong></span> <span class='ocrx_word' id='word_1_465' title='bbox 2484 4035 2561 4088; x_wconf 88' lang='lat' dir='ltr'><strong>tui</strong></span> <span class='ocrx_word' id='word_1_466' title='bbox 2607 4035 2890 4098; x_wconf 88' lang='lat' dir='ltr'><strong>morbum,</strong></span> <span class='ocrx_word' id='word_1_467' title='bbox 2956 4048 2988 4088; x_wconf 90' lang='lat' dir='ltr'><strong>e</strong></span> <span class='ocrx_word' id='word_1_468' title='bbox 3037 4034 3221 4101; x_wconf 85' lang='lat' dir='ltr'><strong>parvis</strong></span> <span class='ocrx_word' id='word_1_469' title='bbox 3271 4036 3535 4105; x_wconf 83' lang='lat' dir='ltr'><strong>malisque</strong></span> 
     </span>
    </p>
   </div>
   <div class='ocr_carea' id='block_1_71' title="bbox 291 4120 1817 4196">
    <p class='ocr_par' dir='ltr' id='par_1_71' title="bbox 291 4120 1817 4196">
     <span class='ocr_line' id='line_1_71' title="bbox 291 4120 1817 4196; baseline -0.004 -18"><span class='ocrx_word' id='word_1_470' title='bbox 291 4124 508 4196; x_wconf 81' lang='grc' dir='ltr'>μικρῶν</span> <span class='ocrx_word' id='word_1_471' title='bbox 561 4125 654 4176; x_wconf 79' lang='grc' dir='ltr'>καὶ</span> <span class='ocrx_word' id='word_1_472' title='bbox 706 4121 925 4190; x_wconf 82' lang='grc' dir='ltr'>φαύλων</span> <span class='ocrx_word' id='word_1_473' title='bbox 961 4121 1204 4191; x_wconf 82' lang='grc' dir='ltr'>ὁρμηθὲν</span> <span class='ocrx_word' id='word_1_474' title='bbox 1259 4121 1403 4174; x_wconf 78' lang='grc' dir='ltr'>κατὰ</span> <span class='ocrx_word' id='word_1_475' title='bbox 1460 4120 1570 4173; x_wconf 84' lang='grc' dir='ltr'><strong>τῶν</strong></span> <span class='ocrx_word' id='word_1_476' title='bbox 1629 4122 1817 4189; x_wconf 68' lang='grc' dir='ltr'>καιρία</span> 
     </span>
    </p>
   </div>
   <div class='ocr_carea' id='block_1_72' title="bbox 2007 4120 3533 4196">
    <p class='ocr_par' dir='ltr' id='par_1_72' title="bbox 2007 4122 3533 4190">
     <span class='ocr_line' id='line_1_72' title="bbox 2007 4122 3533 4190; baseline 0 -12"><span class='ocrx_word' id='word_1_477' title='bbox 2007 4122 2127 4178; x_wconf 79' lang='lat' dir='ltr'><strong>:bus</strong></span> <span class='ocrx_word' id='word_1_478' title='bbox 2149 4132 2354 4186; x_wconf 87' lang='lat' dir='ltr'><strong>ortum,</strong></span> <span class='ocrx_word' id='word_1_479' title='bbox 2384 4122 2642 4190; x_wconf 82' lang='lat' dir='ltr'><strong>temporis</strong></span> <span class='ocrx_word' id='word_1_480' title='bbox 2668 4122 2830 4176; x_wconf 91' lang='lat' dir='ltr'><strong>ductu</strong></span> <span class='ocrx_word' id='word_1_481' title='bbox 2853 4131 3096 4188; x_wconf 87' lang='lat' dir='ltr'><strong>auctum,</strong></span> <span class='ocrx_word' id='word_1_482' title='bbox 3123 4137 3338 4178; x_wconf 89' lang='lat' dir='ltr'><strong>omnem</strong></span> <span class='ocrx_word' id='word_1_483' title='bbox 3371 4139 3533 4179; x_wconf 77' lang='lat' dir='ltr'><strong>exce-</strong></span> 
     </span>
    </p>
   </div>
   <div class='ocr_carea' id='block_1_73' title="bbox 289 4210 1815 4284">
    <p class='ocr_par' dir='ltr' id='par_1_73' title="bbox 289 4210 1815 4284">
     <span class='ocr_line' id='line_1_73' title="bbox 289 4210 1815 4284; baseline -0.003 -17"><span class='ocrx_word' id='word_1_484' title='bbox 289 4215 590 4284; x_wconf 81' lang='grc' dir='ltr'>ἐχώρησεν,</span> <span class='ocrx_word' id='word_1_485' title='bbox 640 4213 888 4281; x_wconf 86' lang='grc' dir='ltr'>ἰατρικῆς</span> <span class='ocrx_word' id='word_1_486' title='bbox 915 4211 1112 4280; x_wconf 86' lang='grc' dir='ltr'>τέχνης</span> <span class='ocrx_word' id='word_1_487' title='bbox 1155 4213 1405 4279; x_wconf 85' lang='grc' dir='ltr'>κρεῖττον</span> <span class='ocrx_word' id='word_1_488' title='bbox 1433 4210 1746 4278; x_wconf 83' lang='grc' dir='ltr'>γενόμενον.</span> <span class='ocrx_word' id='word_1_489' title='bbox 1793 4211 1815 4262; x_wconf 77' lang='grc' dir='ltr'>Ι</span> 
     </span>
    </p>
   </div>
   <div class='ocr_carea' id='block_1_74' title="bbox 2005 4210 3531 4284">
    <p class='ocr_par' dir='ltr' id='par_1_74' title="bbox 2005 4212 3531 4279">
     <span class='ocr_line' id='line_1_74' title="bbox 2005 4212 3531 4279; baseline -0.001 -13"><span class='ocrx_word' id='word_1_490' title='bbox 2005 4228 2090 4267; x_wconf 86' lang='lat' dir='ltr'><strong>ere</strong></span> <span class='ocrx_word' id='word_1_491' title='bbox 2129 4214 2462 4268; x_wconf 76' lang='lat' dir='ltr'><strong>medicorum</strong></span> <span class='ocrx_word' id='word_1_492' title='bbox 2511 4213 2851 4268; x_wconf 86' lang='lat' dir='ltr'><strong>industriam.</strong></span> <span class='ocrx_word' id='word_1_493' title='bbox 2899 4212 3052 4278; x_wconf 82' lang='lat' dir='ltr'><strong>Quod</strong></span> <span class='ocrx_word' id='word_1_494' title='bbox 3098 4214 3142 4266; x_wconf 89' lang='lat' dir='ltr'><strong>si</strong></span> <span class='ocrx_word' id='word_1_495' title='bbox 3191 4227 3376 4268; x_wconf 85' lang='lat' dir='ltr'><strong>verum</strong></span> <span class='ocrx_word' id='word_1_496' title='bbox 3421 4224 3531 4279; x_wconf 90' lang='lat' dir='ltr'><strong>est,</strong></span> 
     </span>
    </p>
   </div>
   <div class='ocr_carea' id='block_1_75' title="bbox 285 4297 1811 4373">
    <p class='ocr_par' dir='ltr' id='par_1_75' title="bbox 285 4297 1808 4367">
     <span class='ocr_line' id='line_1_75' title="bbox 285 4297 1808 4367; baseline -0.005 -11"><span class='ocrx_word' id='word_1_497' title='bbox 285 4303 470 4356; x_wconf 86' lang='grc' dir='ltr'>τοίνυν</span> <span class='ocrx_word' id='word_1_498' title='bbox 498 4299 650 4352; x_wconf 89' lang='grc' dir='ltr'>ταῦθ’</span> <span class='ocrx_word' id='word_1_499' title='bbox 691 4298 865 4361; x_wconf 75' lang='grc' dir='ltr'>οὕτως</span> <span class='ocrx_word' id='word_1_500' title='bbox 893 4299 1028 4367; x_wconf 75' lang='grc' dir='ltr'>ἔχει,</span> <span class='ocrx_word' id='word_1_501' title='bbox 1056 4297 1353 4367; x_wconf 77' lang='grc' dir='ltr'>ἐπίτρεψον</span> <span class='ocrx_word' id='word_1_502' title='bbox 1386 4297 1578 4350; x_wconf 77' lang='grc' dir='ltr'>ἑαυτὸν</span> <span class='ocrx_word' id='word_1_503' title='bbox 1635 4298 1702 4366; x_wconf 82' lang='grc' dir='ltr'>τῇ</span> <span class='ocrx_word' id='word_1_504' title='bbox 1738 4298 1808 4349; x_wconf 78' lang='grc' dir='ltr'>ἐπ</span> 
     </span>
    </p>
   </div>
   <div class='ocr_carea' id='block_1_76' title="bbox 2008 4297 3534 4373">
    <p class='ocr_par' dir='ltr' id='par_1_76' title="bbox 2008 4303 3534 4373">
     <span class='ocr_line' id='line_1_76' title="bbox 2008 4303 3534 4373; baseline 0.002 -18"><span class='ocrx_word' id='word_1_505' title='bbox 2008 4305 2265 4357; x_wconf 73' lang='lat' dir='ltr'><strong>arandum</strong></span> <span class='ocrx_word' id='word_1_506' title='bbox 2299 4303 2392 4357; x_wconf 91' lang='lat' dir='ltr'><strong>tibi</strong></span> <span class='ocrx_word' id='word_1_507' title='bbox 2423 4312 2482 4357; x_wconf 93' lang='lat' dir='ltr'><strong>ut</strong></span> <span class='ocrx_word' id='word_1_508' title='bbox 2508 4304 2789 4373; x_wconf 68' lang='lat' dir='ltr'><strong>sapientiae</strong></span> <span class='ocrx_word' id='word_1_509' title='bbox 2819 4305 3021 4373; x_wconf 88' lang='lat' dir='ltr'><strong>Deique</strong></span> <span class='ocrx_word' id='word_1_510' title='bbox 3049 4305 3285 4359; x_wconf 80' lang='lat' dir='ltr'><strong>dexterae</strong></span> <span class='ocrx_word' id='word_1_511' title='bbox 3306 4313 3359 4358; x_wconf 92' lang='lat' dir='ltr'><strong>te</strong></span> <span class='ocrx_word' id='word_1_512' title='bbox 3383 4321 3534 4358; x_wconf 82' lang='lat' dir='ltr'><strong>com-</strong></span> 
     </span>
    </p>
   </div>
   <div class='ocr_carea' id='block_1_77' title="bbox 288 4383 1814 4463">
    <p class='ocr_par' dir='ltr' id='par_1_77' title="bbox 288 4383 1814 4463">
     <span class='ocr_line' id='line_1_77' title="bbox 288 4383 1814 4463; baseline -0.006 -16"><span class='ocrx_word' id='word_1_513' title='bbox 288 4394 590 4463; x_wconf 83' lang='grc' dir='ltr'>στημονικῇ</span> <span class='ocrx_word' id='word_1_514' title='bbox 621 4391 716 4443; x_wconf 65' lang='grc' dir='ltr'><strong>καὶ⁵</strong></span> <span class='ocrx_word' id='word_1_515' title='bbox 747 4391 865 4462; x_wconf 85' lang='grc' dir='ltr'>θείᾳ</span> <span class='ocrx_word' id='word_1_516' title='bbox 893 4390 1034 4460; x_wconf 86' lang='grc' dir='ltr'>χειρί</span> <span class='ocrx_word' id='word_1_517' title='bbox 1055 4404 1067 4418; x_wconf 84' lang='grc'><em>’</em></span> <span class='ocrx_word' id='word_1_518' title='bbox 1155 4388 1277 4441; x_wconf 73' lang='grc' dir='ltr'>οὔτε</span> <span class='ocrx_word' id='word_1_519' title='bbox 1308 4389 1541 4458; x_wconf 83' lang='grc' dir='ltr'>νόσημα,</span> <span class='ocrx_word' id='word_1_520' title='bbox 1571 4386 1695 4440; x_wconf 71' lang='grc' dir='ltr'>οὔτε</span> <span class='ocrx_word' id='word_1_521' title='bbox 1732 4405 1814 4458; x_wconf 87' lang='grc' dir='ltr'>χρ‹</span> 
     </span>
    </p>
   </div>
   <div class='ocr_carea' id='block_1_78' title="bbox 2007 4383 3533 4463">
    <p class='ocr_par' dir='ltr' id='par_1_78' title="bbox 2007 4392 3533 4462">
     <span class='ocr_line' id='line_1_78' title="bbox 2007 4392 3533 4462; baseline 0.003 -18"><span class='ocrx_word' id='word_1_522' title='bbox 2007 4394 2149 4446; x_wconf 73' lang='lat' dir='ltr'><strong>uittas</strong></span> <span class='ocrx_word' id='word_1_523' title='bbox 2179 4409 2193 4446; x_wconf 91' lang='lat'><strong>:</strong></span> <span class='ocrx_word' id='word_1_524' title='bbox 2223 4392 2302 4446; x_wconf 88' lang='lat' dir='ltr'><strong>sic</strong></span> <span class='ocrx_word' id='word_1_525' title='bbox 2361 4405 2536 4461; x_wconf 87' lang='lat' dir='ltr'><strong>neque</strong></span> <span class='ocrx_word' id='word_1_526' title='bbox 2585 4395 2757 4448; x_wconf 87' lang='lat' dir='ltr'><strong>morbi</strong></span> <span class='ocrx_word' id='word_1_527' title='bbox 2805 4393 2919 4460; x_wconf 85' lang='lat' dir='ltr'><strong>vis,</strong></span> <span class='ocrx_word' id='word_1_528' title='bbox 2975 4408 3148 4462; x_wconf 85' lang='lat' dir='ltr'><strong>neque</strong></span> <span class='ocrx_word' id='word_1_529' title='bbox 3199 4402 3410 4461; x_wconf 87' lang='lat' dir='ltr'><strong>tempus</strong></span> <span class='ocrx_word' id='word_1_530' title='bbox 3466 4408 3533 4448; x_wconf 83' lang='lat' dir='ltr'><strong>ac</strong></span> 
     </span>
    </p>
   </div>
   <div class='ocr_carea' id='block_1_79' title="bbox 291 4476 1817 4554">
    <p class='ocr_par' dir='ltr' id='par_1_79' title="bbox 291 4476 1817 4551">
     <span class='ocr_line' id='line_1_79' title="bbox 291 4476 1817 4551; baseline -0.004 -15"><span class='ocrx_word' id='word_1_531' title='bbox 291 4502 404 4549; x_wconf 78' lang='grc' dir='ltr'>νος,</span> <span class='ocrx_word' id='word_1_532' title='bbox 457 4481 579 4535; x_wconf 68' lang='grc' dir='ltr'>οὒτε</span> <span class='ocrx_word' id='word_1_533' title='bbox 630 4482 790 4551; x_wconf 79' lang='grc' dir='ltr'>φύσις</span> <span class='ocrx_word' id='word_1_534' title='bbox 843 4476 992 4536; x_wconf 62' lang='grc' dir='ltr'>ἐστὶν</span> <span class='ocrx_word' id='word_1_535' title='bbox 1037 4479 1359 4546; x_wconf 73' lang='grc' dir='ltr'>ἀντίπαλος,</span> <span class='ocrx_word' id='word_1_536' title='bbox 1391 4480 1488 4533; x_wconf 65' lang='grc' dir='ltr'><strong>καὶ⁹</strong></span> <span class='ocrx_word' id='word_1_537' title='bbox 1537 4479 1734 4549; x_wconf 74' lang='grc' dir='ltr'>ῥᾳδίως</span> <span class='ocrx_word' id='word_1_538' title='bbox 1779 4482 1817 4531; x_wconf 65' lang='grc' dir='ltr'>εἰ</span> 
     </span>
    </p>
   </div>
   <div class='ocr_carea' id='block_1_80' title="bbox 2004 4476 3530 4554">
    <p class='ocr_par' dir='ltr' id='par_1_80' title="bbox 2005 4482 3530 4554">
     <span class='ocr_line' id='line_1_80' title="bbox 2005 4482 3530 4554; baseline 0.003 -21"><span class='ocrx_word' id='word_1_539' title='bbox 2005 4491 2160 4534; x_wconf 82' lang='lat' dir='ltr'><strong>atura</strong></span> <span class='ocrx_word' id='word_1_540' title='bbox 2192 4482 2590 4547; x_wconf 86' lang='lat' dir='ltr'><strong>adversabitur,</strong></span> <span class='ocrx_word' id='word_1_541' title='bbox 2642 4483 2827 4554; x_wconf 86' lang='lat' dir='ltr'><strong>itaque</strong></span> <span class='ocrx_word' id='word_1_542' title='bbox 2874 4484 3035 4539; x_wconf 78' lang='lat' dir='ltr'><strong>facile</strong></span> <span class='ocrx_word' id='word_1_543' title='bbox 3080 4485 3321 4552; x_wconf 80' lang='lat' dir='ltr'><strong>pristina:</strong></span> <span class='ocrx_word' id='word_1_544' title='bbox 3372 4483 3530 4538; x_wconf 74' lang='lat' dir='ltr'><strong>resti-</strong></span> 
     </span>
    </p>
   </div>
   <div class='ocr_carea' id='block_1_81' title="bbox 287 4561 1813 4644">
    <p class='ocr_par' dir='ltr' id='par_1_81' title="bbox 287 4573 1049 4644">
     <span class='ocr_line' id='line_1_81' title="bbox 287 4573 1049 4644; baseline -0.001 -16"><span class='ocrx_word' id='word_1_545' title='bbox 287 4575 498 4642; x_wconf 77' lang='grc' dir='ltr'>ὑγίειαν</span> <span class='ocrx_word' id='word_1_546' title='bbox 529 4573 1049 4644; x_wconf 72' lang='grc' dir='ltr'>ἀναστοιχειωθήσῃ.</span> 
     </span>
    </p>
   </div>
   <div class='ocr_carea' id='block_1_82' title="bbox 950 4561 2476 4644">
    <p class='ocr_par' dir='ltr' id='par_1_82' title="bbox 950 4561 2476 4644">
     <span class='ocr_line' id='line_1_82' title="bbox 950 4561 2476 4644; baseline -0.002 -17"><span class='ocrx_word' id='word_1_547' title='bbox 950 4591 1049 4644; x_wconf 37' lang='lat' dir='ltr'><strong>ten.</strong></span> <span class='ocrx_word' id='word_1_548' title='bbox 1891 4561 1936 4614; x_wconf 74' lang='grc' dir='ltr'><strong>Ι)</strong></span> <span class='ocrx_word' id='word_1_549' title='bbox 1967 4570 2132 4623; x_wconf 87' lang='lat' dir='ltr'><strong>tueris</strong></span> <span class='ocrx_word' id='word_1_550' title='bbox 2166 4569 2476 4624; x_wconf 85' lang='lat' dir='ltr'><strong>valetudini.</strong></span> 
     </span>
    </p>
   </div>
   <div class='ocr_carea' id='block_1_83' title="bbox 741 4677 2267 4749">
    <p class='ocr_par' dir='ltr' id='par_1_83' title="bbox 741 4680 1438 4749">
     <span class='ocr_line' id='line_1_83' title="bbox 741 4680 1438 4749; baseline 0.003 -18"><span class='ocrx_word' id='word_1_551' title='bbox 741 4681 927 4734; x_wconf 29' lang='lat' dir='ltr'><strong>,‘IINA&#39;.</strong></span> <span class='ocrx_word' id='word_1_552' title='bbox 968 4710 1037 4722; x_wconf 75' lang='grc' dir='ltr'><strong>-ο</strong></span> <span class='ocrx_word' id='word_1_553' title='bbox 1075 4680 1438 4749; x_wconf 77' lang='grc' dir='ltr'><strong>ΘΕΟΦΑΝΙῼ.</strong></span> 
     </span>
    </p>
   </div>
   <div class='ocr_carea' id='block_1_84' title="bbox 1649 4677 3175 4749">
    <p class='ocr_par' dir='ltr' id='par_1_84' title="bbox 2317 4677 3175 4745">
     <span class='ocr_line' id='line_1_84' title="bbox 2317 4677 3175 4745; baseline -0.005 -11"><span class='ocrx_word' id='word_1_554' title='bbox 2317 4677 2478 4745; x_wconf 75' lang='grc'><strong>717</strong></span> <span class='ocrx_word' id='word_1_555' title='bbox 2502 4677 3175 4734; x_wconf 78' lang='lat' dir='ltr'><strong>DLI.—THEOPIIANIO.</strong></span> 
     </span>
    </p>
   </div>
   <div class='ocr_carea' id='block_1_85' title="bbox 880 4780 2949 4858">
    <p class='ocr_par' dir='ltr' id='par_1_85' title="bbox 880 4780 2949 4858">
     <span class='ocr_line' id='line_1_85' title="bbox 880 4780 2949 4858; baseline 0 -16"><span class='ocrx_word' id='word_1_556' title='bbox 880 4792 1096 4844; x_wconf 74' lang='lat' dir='ltr'><strong>Animus</strong></span> <span class='ocrx_word' id='word_1_557' title='bbox 1124 4809 1156 4844; x_wconf 88' lang='lat' dir='ltr'><strong>a</strong></span> <span class='ocrx_word' id='word_1_558' title='bbox 1185 4791 1513 4858; x_wconf 78' lang='lat' dir='ltr'><strong>prtesentium</strong></span> <span class='ocrx_word' id='word_1_559' title='bbox 1540 4789 1800 4841; x_wconf 87' lang='lat' dir='ltr'><strong>malorum</strong></span> <span class='ocrx_word' id='word_1_560' title='bbox 1829 4803 1983 4842; x_wconf 83' lang='lat' dir='ltr'><strong>sensu</strong></span> <span class='ocrx_word' id='word_1_561' title='bbox 2007 4803 2096 4854; x_wconf 87' lang='lat' dir='ltr'><strong>spe</strong></span> <span class='ocrx_word' id='word_1_562' title='bbox 2117 4789 2285 4857; x_wconf 78' lang='lat' dir='ltr'><strong>futuri</strong></span> <span class='ocrx_word' id='word_1_563' title='bbox 2323 4789 2445 4840; x_wconf 81' lang='lat' dir='ltr'><strong>boni</strong></span> <span class='ocrx_word' id='word_1_564' title='bbox 2481 4780 2820 4843; x_wconf 79' lang='lat' dir='ltr'><strong>abducendus</strong></span> <span class='ocrx_word' id='word_1_565' title='bbox 2853 4799 2949 4842; x_wconf 75' lang='lat' dir='ltr'><strong>est.</strong></span> 
     </span>
    </p>
   </div>
   <div class='ocr_carea' id='block_1_86' title="bbox 358 4891 1884 4971">
    <p class='ocr_par' dir='ltr' id='par_1_86' title="bbox 358 4891 1854 4971">
     <span class='ocr_line' id='line_1_86' title="bbox 358 4891 1854 4971; baseline -0.005 -16"><span class='ocrx_word' id='word_1_566' title='bbox 358 4901 464 4955; x_wconf 90' lang='grc' dir='ltr'>Τοῦ</span> <span class='ocrx_word' id='word_1_567' title='bbox 507 4901 821 4971; x_wconf 83' lang='grc' dir='ltr'>παραυτίκα</span> <span class='ocrx_word' id='word_1_568' title='bbox 861 4896 1034 4950; x_wconf 78' lang='grc' dir='ltr'>δεινοῦ</span> <span class='ocrx_word' id='word_1_569' title='bbox 1079 4897 1170 4948; x_wconf 73' lang='grc' dir='ltr'><strong>τὸν</strong></span> <span class='ocrx_word' id='word_1_570' title='bbox 1234 4896 1493 4964; x_wconf 75' lang='grc' dir='ltr'>λογισμὸν</span> <span class='ocrx_word' id='word_1_571' title='bbox 1556 4896 1768 4959; x_wconf 84' lang='grc' dir='ltr'>θᾶττον,</span> <span class='ocrx_word' id='word_1_572' title='bbox 1810 4891 1854 4948; x_wconf 79' lang='grc' dir='ltr'><strong>ὦ</strong></span> 
     </span>
    </p>
   </div>
   <div class='ocr_carea' id='block_1_87' title="bbox 2003 4891 3529 4971">
    <p class='ocr_par' dir='ltr' id='par_1_87' title="bbox 2036 4893 3529 4964">
     <span class='ocr_line' id='line_1_87' title="bbox 2036 4893 3529 4964; baseline 0.001 -18"><span class='ocrx_word' id='word_1_573' title='bbox 2036 4893 2234 4948; x_wconf 75' lang='lat' dir='ltr'><strong>Rerum</strong></span> <span class='ocrx_word' id='word_1_574' title='bbox 2289 4897 2636 4949; x_wconf 87' lang='lat' dir='ltr'><strong>molestarum</strong></span> <span class='ocrx_word' id='word_1_575' title='bbox 2685 4896 2865 4949; x_wconf 90' lang='lat' dir='ltr'><strong>statim</strong></span> <span class='ocrx_word' id='word_1_576' title='bbox 2922 4895 3304 4962; x_wconf 76' lang='lat' dir='ltr'><strong>cogitationem</strong></span> <span class='ocrx_word' id='word_1_577' title='bbox 3361 4895 3529 4964; x_wconf 56' lang='lat' dir='ltr'><strong>depo»</strong></span> 
     </span>
    </p>
   </div>
   <div class='ocr_carea' id='block_1_88' title="bbox 284 4983 1810 5061">
    <p class='ocr_par' dir='ltr' id='par_1_88' title="bbox 284 4983 1810 5061">
     <span class='ocr_line' id='line_1_88' title="bbox 284 4983 1810 5061; baseline -0.005 -18"><span class='ocrx_word' id='word_1_578' title='bbox 284 4992 432 5061; x_wconf 80' lang='grc' dir='ltr'>φίλε,</span> <span class='ocrx_word' id='word_1_579' title='bbox 464 4988 792 5058; x_wconf 80' lang='grc' dir='ltr'>ἀπαγαγὼν,</span> <span class='ocrx_word' id='word_1_580' title='bbox 828 4986 948 5050; x_wconf 83' lang='grc' dir='ltr'>ὅλος</span> <span class='ocrx_word' id='word_1_581' title='bbox 977 4983 1137 5054; x_wconf 75' lang='grc' dir='ltr'>γενοῦ</span> <span class='ocrx_word' id='word_1_582' title='bbox 1161 4985 1260 5054; x_wconf 80' lang='grc' dir='ltr'>τῆς</span> <span class='ocrx_word' id='word_1_583' title='bbox 1288 4984 1584 5054; x_wconf 81' lang='grc' dir='ltr'>μελλούσης</span> <span class='ocrx_word' id='word_1_584' title='bbox 1610 4984 1810 5047; x_wconf 77' lang='grc' dir='ltr'>ἐλπίδος</span> 
     </span>
    </p>
   </div>
   <div class='ocr_carea' id='block_1_89' title="bbox 2007 4983 3533 5061">
    <p class='ocr_par' dir='ltr' id='par_1_89' title="bbox 2007 4985 3533 5053">
     <span class='ocr_line' id='line_1_89' title="bbox 2007 4985 3533 5053; baseline 0.003 -15"><span class='ocrx_word' id='word_1_585' title='bbox 2007 4999 2117 5050; x_wconf 88' lang='lat' dir='ltr'><strong>ens,</strong></span> <span class='ocrx_word' id='word_1_586' title='bbox 2141 5000 2174 5037; x_wconf 94' lang='grc' dir='ltr'><strong>ο</strong></span> <span class='ocrx_word' id='word_1_587' title='bbox 2213 4986 2406 5052; x_wconf 87' lang='lat' dir='ltr'><strong>amice,</strong></span> <span class='ocrx_word' id='word_1_588' title='bbox 2440 4999 2588 5053; x_wconf 89' lang='lat' dir='ltr'><strong>spem</strong></span> <span class='ocrx_word' id='word_1_589' title='bbox 2605 4986 2826 5053; x_wconf 88' lang='lat' dir='ltr'><strong>concipe</strong></span> <span class='ocrx_word' id='word_1_590' title='bbox 2854 4985 3152 5048; x_wconf 80' lang='lat' dir='ltr'><strong>meliorem,</strong></span> <span class='ocrx_word' id='word_1_591' title='bbox 3187 5000 3310 5039; x_wconf 89' lang='lat' dir='ltr'><strong>cum</strong></span> <span class='ocrx_word' id='word_1_592' title='bbox 3341 4995 3397 5042; x_wconf 89' lang='lat' dir='ltr'><strong>et</strong></span> <span class='ocrx_word' id='word_1_593' title='bbox 3429 5001 3533 5042; x_wconf 78' lang='lat' dir='ltr'><strong>nos</strong></span> 
     </span>
    </p>
   </div>
   <div class='ocr_carea' id='block_1_90' title="bbox 1383 5155 2438 5214">
    <p class='ocr_par' dir='ltr' id='par_1_90' title="bbox 1383 5155 2438 5214">
     <span class='ocr_line' id='line_1_90' title="bbox 1383 5155 2438 5214; baseline -0.002 0"><span class='ocrx_word' id='word_1_594' title='bbox 1383 5158 1618 5214; x_wconf 76' lang='lat' dir='ltr'><strong>VARUE</strong></span> <span class='ocrx_word' id='word_1_595' title='bbox 1659 5157 2041 5213; x_wconf 82' lang='lat' dir='ltr'><strong>LECTIONES</strong></span> <span class='ocrx_word' id='word_1_596' title='bbox 2078 5157 2166 5212; x_wconf 87' lang='lat' dir='ltr'><strong>ET</strong></span> <span class='ocrx_word' id='word_1_597' title='bbox 2198 5155 2438 5213; x_wconf 65' lang='lat' dir='ltr'><strong>NOTIE.</strong></span> 
     </span>
    </p>
   </div>
   <div class='ocr_carea' id='block_1_91' title="bbox 358 5309 3532 5389">
    <p class='ocr_par' dir='ltr' id='par_1_91' title="bbox 358 5309 3532 5389">
     <span class='ocr_line' id='line_1_91' title="bbox 358 5309 3532 5389; baseline -0.002 -17"><span class='ocrx_word' id='word_1_598' title='bbox 358 5318 476 5389; x_wconf 78' lang='lat'><strong>(58)</strong></span> <span class='ocrx_word' id='word_1_599' title='bbox 505 5316 787 5386; x_wconf 88' lang='lat' dir='ltr'><strong>Sophoclis</strong></span> <span class='ocrx_word' id='word_1_600' title='bbox 823 5332 1013 5373; x_wconf 86' lang='lat' dir='ltr'><strong>versus</strong></span> <span class='ocrx_word' id='word_1_601' title='bbox 1060 5317 1169 5389; x_wconf 81' lang='lat' dir='ltr'><strong>hic,</strong></span> <span class='ocrx_word' id='word_1_602' title='bbox 1207 5315 1267 5389; x_wconf 67' lang='lat' dir='ltr'><strong>in</strong></span> <span class='ocrx_word' id='word_1_603' title='bbox 1312 5313 1523 5389; x_wconf 70' lang='lat' dir='ltr'><strong>Electra</strong></span> <span class='ocrx_word' id='word_1_604' title='bbox 1556 5324 1639 5389; x_wconf 82' lang='lat' dir='ltr'><strong>est</strong></span> <span class='ocrx_word' id='word_1_605' title='bbox 1674 5331 1688 5369; x_wconf 89' lang='lat'><strong>:</strong></span> <span class='ocrx_word' id='word_1_606' title='bbox 1728 5313 1854 5368; x_wconf 86' lang='lat' dir='ltr'><strong>Sine</strong></span> <span class='ocrx_word' id='word_1_607' title='bbox 1957 5313 2342 5389; x_wconf 73' lang='lat' dir='ltr'><strong>citatioomnia</strong></span> <span class='ocrx_word' id='word_1_608' title='bbox 2373 5320 2560 5389; x_wconf 51' lang='grc' dir='ltr'>ηομερ.</span> <span class='ocrx_word' id='word_1_609' title='bbox 2584 5310 2757 5389; x_wconf 55' lang='lat' dir='ltr'><strong>Locus</strong></span> <span class='ocrx_word' id='word_1_610' title='bbox 2807 5309 3023 5389; x_wconf 64' lang='lat' dir='ltr'><strong>Homeri</strong></span> <span class='ocrx_word' id='word_1_611' title='bbox 3055 5323 3216 5389; x_wconf 70' lang='lat' dir='ltr'><strong>supra</strong></span> <span class='ocrx_word' id='word_1_612' title='bbox 3257 5312 3532 5389; x_wconf 54' lang='lat' dir='ltr'><strong>oscitante»</strong></span> 
     </span>
    </p>
   </div>
   <div class='ocr_carea' id='block_1_92' title="bbox 284 5379 3537 5460">
    <p class='ocr_par' dir='ltr' id='par_1_92' title="bbox 284 5379 3537 5460">
     <span class='ocr_line' id='line_1_92' title="bbox 284 5379 3537 5460; baseline -0.002 -21"><span class='ocrx_word' id='word_1_613' title='bbox 284 5379 468 5460; x_wconf 64' lang='lat' dir='ltr'><strong>latiore</strong></span> <span class='ocrx_word' id='word_1_614' title='bbox 498 5379 745 5460; x_wconf 64' lang='lat' dir='ltr'><strong>magnum</strong></span> <span class='ocrx_word' id='word_1_615' title='bbox 769 5405 829 5439; x_wconf 90' lang='lat' dir='ltr'><strong>ac</strong></span> <span class='ocrx_word' id='word_1_616' title='bbox 861 5389 990 5456; x_wconf 76' lang='lat' dir='ltr'><strong>felix</strong></span> <span class='ocrx_word' id='word_1_617' title='bbox 1028 5379 1179 5440; x_wconf 82' lang='lat' dir='ltr'><strong>nihil.</strong></span> <span class='ocrx_word' id='word_1_618' title='bbox 1213 5385 1418 5440; x_wconf 89' lang='lat' dir='ltr'><strong>Similis</strong></span> <span class='ocrx_word' id='word_1_619' title='bbox 1457 5384 1703 5454; x_wconf 87' lang='lat' dir='ltr'><strong>ejusdem</strong></span> <span class='ocrx_word' id='word_1_620' title='bbox 1745 5394 1854 5437; x_wconf 83' lang='lat' dir='ltr'><strong>tra-</strong></span> <span class='ocrx_word' id='word_1_621' title='bbox 1961 5381 2263 5460; x_wconf 44' lang='lat' dir='ltr'><strong>est-Odyss.</strong></span> <span class='ocrx_word' id='word_1_622' title='bbox 2301 5399 2390 5445; x_wconf 76' lang='lat' dir='ltr'><strong>xv,</strong></span> <span class='ocrx_word' id='word_1_623' title='bbox 2424 5382 2547 5435; x_wconf 78' lang='grc'><strong>597.</strong></span> <span class='ocrx_word' id='word_1_624' title='bbox 2600 5383 2793 5460; x_wconf 81' lang='lat' dir='ltr'><strong>C_ic_cro</strong></span> <span class='ocrx_word' id='word_1_625' title='bbox 2821 5395 2884 5433; x_wconf 71' lang='lat' dir='ltr'><strong>ev</strong></span> <span class='ocrx_word' id='word_1_626' title='bbox 2941 5379 3214 5460; x_wconf 76' lang='lat' dir='ltr'><strong>Euripide,</strong></span> <span class='ocrx_word' id='word_1_627' title='bbox 3256 5383 3346 5435; x_wconf 91' lang='lat' dir='ltr'><strong>lih.</strong></span> <span class='ocrx_word' id='word_1_628' title='bbox 3385 5398 3418 5433; x_wconf 88' lang='grc' dir='ltr'><strong>ιι</strong></span> <span class='ocrx_word' id='word_1_629' title='bbox 3455 5383 3537 5435; x_wconf 73' lang='lat' dir='ltr'><strong>Ile</strong></span> 
     </span>
    </p>
   </div>
   <div class='ocr_carea' id='block_1_93' title="bbox 284 5450 3527 5527">
    <p class='ocr_par' dir='ltr' id='par_1_93' title="bbox 284 5450 3527 5527">
     <span class='ocr_line' id='line_1_93' title="bbox 284 5450 3527 5527; baseline 0.001 -30"><span class='ocrx_word' id='word_1_630' title='bbox 284 5458 392 5527; x_wconf 55' lang='lat' dir='ltr'><strong>sic]</strong></span> <span class='ocrx_word' id='word_1_631' title='bbox 433 5450 889 5524; x_wconf 62' lang='lat' dir='ltr'><strong>apud&#39;slobmum</strong></span> <span class='ocrx_word' id='word_1_632' title='bbox 927 5465 1124 5511; x_wconf 68' lang='grc' dir='ltr'>θιςιειι,</span> <span class='ocrx_word' id='word_1_633' title='bbox 1487 5450 1502 5454; x_wconf 72' lang='grc'>⁷</span> <span class='ocrx_word' id='word_1_634' title='bbox 1962 5450 2171 5527; x_wconf 70' lang='lat' dir='ltr'><strong>ﬁnibus,</strong></span> <span class='ocrx_word' id='word_1_635' title='bbox 2194 5470 2214 5502; x_wconf 73' lang='grc' dir='ltr'><strong>ε</strong></span> <span class='ocrx_word' id='word_1_636' title='bbox 2239 5465 2458 5527; x_wconf 62' lang='lat' dir='ltr'><strong>suavem</strong></span> <span class='ocrx_word' id='word_1_637' title='bbox 2485 5450 2876 5527; x_wconf 41' lang='lat' dir='ltr'><strong>esse-laborum</strong></span> <span class='ocrx_word' id='word_1_638' title='bbox 2905 5451 3527 5527; x_wconf 54' lang='lat' dir='ltr'><strong>prajterilorinn__meuto«</strong></span> 
     </span>
    </p>
   </div>
   <div class='ocr_carea' id='block_1_94' title="bbox 810 5519 3528 5587">
    <p class='ocr_par' dir='ltr' id='par_1_94' title="bbox 810 5519 3528 5587">
     <span class='ocr_line' id='line_1_94' title="bbox 810 5519 3528 5587; baseline -0.001 -10"><span class='ocrx_word' id='word_1_639' title='bbox 810 5572 875 5587; x_wconf 80' lang='lat'><strong>,,,_</strong></span> <span class='ocrx_word' id='word_1_640' title='bbox 1004 5569 1028 5579; x_wconf 79' lang='lat'><strong>-</strong></span> <span class='ocrx_word' id='word_1_641' title='bbox 1108 5570 1130 5587; x_wconf 82' lang='lat'><strong>,,</strong></span> <span class='ocrx_word' id='word_1_642' title='bbox 1513 5583 1546 5587; x_wconf 69' lang='lat'>_</span> <span class='ocrx_word' id='word_1_643' title='bbox 1665 5586 1690 5587; x_wconf 26' lang='grc' dir='ltr'><strong>η</strong></span> <span class='ocrx_word' id='word_1_644' title='bbox 1964 5520 2100 5571; x_wconf 81' lang='lat' dir='ltr'><strong>riam</strong></span> <span class='ocrx_word' id='word_1_645' title='bbox 2140 5537 2158 5568; x_wconf 77' lang='grc' dir='ltr'><strong>ι</strong></span> <span class='ocrx_word' id='word_1_646' title='bbox 2201 5521 2294 5573; x_wconf 82' lang='lat' dir='ltr'><strong>ait.</strong></span> <span class='ocrx_word' id='word_1_647' title='bbox 2323 5519 2654 5587; x_wconf 80' lang='lat' dir='ltr'><strong>Thucydidis</strong></span> <span class='ocrx_word' id='word_1_648' title='bbox 2689 5529 2864 5570; x_wconf 82' lang='lat' dir='ltr'><strong>autem</strong></span> <span class='ocrx_word' id='word_1_649' title='bbox 2902 5521 3059 5570; x_wconf 81' lang='lat' dir='ltr'><strong>verba</strong></span> <span class='ocrx_word' id='word_1_650' title='bbox 3096 5519 3239 5586; x_wconf 83' lang='lat' dir='ltr'><strong>legas</strong></span> <span class='ocrx_word' id='word_1_651' title='bbox 3278 5520 3366 5576; x_wconf 91' lang='lat' dir='ltr'><strong>lib.</strong></span> <span class='ocrx_word' id='word_1_652' title='bbox 3401 5535 3436 5572; x_wconf 86' lang='lat' dir='ltr'><strong>tt</strong></span> <span class='ocrx_word' id='word_1_653' title='bbox 3471 5521 3528 5574; x_wconf 73' lang='lat' dir='ltr'><strong>its</strong></span> 
     </span>
    </p>
   </div>
   <div class='ocr_carea' id='block_1_95' title="bbox 433 5569 1959 5642">
    <p class='ocr_par' dir='ltr' id='par_1_95' title="bbox 433 5569 1714 5639">
     <span class='ocr_line' id='line_1_95' title="bbox 433 5569 1714 5639; baseline -0.001 -17"><span class='ocrx_word' id='word_1_654' title='bbox 433 5570 518 5623; x_wconf 79' lang='grc' dir='ltr'><em>Οὔ</em></span> <span class='ocrx_word' id='word_1_655' title='bbox 556 5571 612 5623; x_wconf 84' lang='grc' dir='ltr'><strong>τί</strong></span> <span class='ocrx_word' id='word_1_656' title='bbox 637 5573 766 5625; x_wconf 77' lang='grc' dir='ltr'>ποθ’</span> <span class='ocrx_word' id='word_1_657' title='bbox 798 5572 927 5639; x_wconf 77' lang='grc' dir='ltr'>ἣξει</span> <span class='ocrx_word' id='word_1_658' title='bbox 957 5569 1072 5623; x_wconf 79' lang='grc' dir='ltr'><strong>τῶν</strong></span> <span class='ocrx_word' id='word_1_659' title='bbox 1093 5570 1290 5637; x_wconf 73' lang='grc' dir='ltr'>ἄκρων</span> <span class='ocrx_word' id='word_1_660' title='bbox 1317 5569 1464 5622; x_wconf 75' lang='grc' dir='ltr'>ἄνευ</span> <span class='ocrx_word' id='word_1_661' title='bbox 1503 5569 1714 5621; x_wconf 78' lang='grc' dir='ltr'>πόνου.</span> 
     </span>
    </p>
   </div>
   <div class='ocr_carea' id='block_1_96' title="bbox 1607 5569 3133 5642">
    <p class='ocr_par' dir='ltr' id='par_1_96' title="bbox 1607 5569 3133 5642">
     <span class='ocr_line' id='line_1_96' title="bbox 1607 5569 3133 5642; baseline -0.003 2"><span class='ocrx_word' id='word_1_662' title='bbox 1607 5584 1714 5621; x_wconf 64' lang='grc' dir='ltr'><strong>ὀυ’</strong></span> <span class='ocrx_word' id='word_1_663' title='bbox 1962 5569 2101 5642; x_wconf 52' lang='lat' dir='ltr'><strong>seu;</strong></span> <span class='ocrx_word' id='word_1_664' title='bbox 2140 5569 2864 5642; x_wconf 52' lang='lat' dir='ltr'><strong>partem;&#39;sii‘ma’.ie..ses.</strong></span> <span class='ocrx_word' id='word_1_665' title='bbox 2895 5587 3133 5639; x_wconf 83' lang='lat' dir='ltr'><strong>Scne&#39;r&#39;r.</strong></span> 
     </span>
    </p>
   </div>
   <div class='ocr_carea' id='block_1_97' title="bbox 291 5656 3406 5730">
    <p class='ocr_par' dir='ltr' id='par_1_97' title="bbox 291 5656 3406 5730">
     <span class='ocr_line' id='line_1_97' title="bbox 291 5656 3406 5730; baseline -0.003 -11"><span class='ocrx_word' id='word_1_666' title='bbox 291 5661 609 5729; x_wconf 75' lang='lat' dir='ltr'><strong>l’hory-lidcs</strong></span> <span class='ocrx_word' id='word_1_667' title='bbox 635 5661 770 5716; x_wconf 87' lang='lat' dir='ltr'><strong>idem</strong></span> <span class='ocrx_word' id='word_1_668' title='bbox 804 5663 979 5730; x_wconf 85' lang='lat' dir='ltr'><strong>prodit</strong></span> <span class='ocrx_word' id='word_1_669' title='bbox 1014 5676 1062 5715; x_wconf 81' lang='grc' dir='ltr'>γ.</span> <span class='ocrx_word' id='word_1_670' title='bbox 1092 5659 1211 5715; x_wconf 79' lang='grc'><strong>15⁵5.</strong></span> <span class='ocrx_word' id='word_1_671' title='bbox 1237 5658 1371 5716; x_wconf 80' lang='lat' dir='ltr'><strong>Vide</strong></span> <span class='ocrx_word' id='word_1_672' title='bbox 1401 5659 1644 5727; x_wconf 84' lang='lat' dir='ltr'><strong>proverb.</strong></span> <span class='ocrx_word' id='word_1_673' title='bbox 1687 5658 1854 5712; x_wconf 74' lang='lat' dir='ltr'><strong>Exer-</strong></span> <span class='ocrx_word' id='word_1_674' title='bbox 2032 5656 2145 5725; x_wconf 66' lang='lat'><strong>(.59)</strong></span> <span class='ocrx_word' id='word_1_675' title='bbox 2167 5657 2330 5712; x_wconf 77' lang='lat' dir='ltr'><strong>Codd.</strong></span> <span class='ocrx_word' id='word_1_676' title='bbox 2365 5657 2535 5712; x_wconf 87' lang='lat' dir='ltr'><strong>Vatic.</strong></span> <span class='ocrx_word' id='word_1_677' title='bbox 2565 5657 2668 5711; x_wconf 76' lang='lat'><strong>(350</strong></span> <span class='ocrx_word' id='word_1_678' title='bbox 2696 5664 2748 5709; x_wconf 88' lang='lat' dir='ltr'><strong>ct</strong></span> <span class='ocrx_word' id='word_1_679' title='bbox 2780 5657 2906 5720; x_wconf 81' lang='lat' dir='ltr'><strong>Alt.,</strong></span> <span class='ocrx_word' id='word_1_680' title='bbox 2940 5657 3153 5711; x_wconf 78' lang='grc' dir='ltr'>τούτου.</span> <span class='ocrx_word' id='word_1_681' title='bbox 3198 5656 3406 5710; x_wconf 70' lang='lat' dir='ltr'><strong>Possm.</strong></span> 
     </span>
    </p>
   </div>
  </div>
