3864 6114
454 305 592 370 1635
1651 301 1708 358 S.
1752 297 2042 358 ISlDOIlI
2080 294 2514 356 PELUSIOTXE
3530 290 3637 351 1636

451 418 527 470 rei
562 415 825 484 gravioris
875 414 1016 467 Γειηιο
1051 412 1235 477 allata,
1277 425 1381 466 non
1410 426 1599 480 parum
1636 412 1876 466 dolentes
1898 424 1977 464 no:

2124 406 2313 475 ἐπειδὴ
2343 407 2436 459 καὶ
2479 406 2642 474 ἡμεῖς
2668 443 2682 467 ,
2718 404 2808 455 ὅτε
2849 404 2882 472 ἡ
2916 402 3072 471 φήμη
3102 401 3164 453 τὸ
3209 399 3373 453 δεινὸν
3414 399 3638 468 ἐπήγγει-

450 506 595 573 ipsos
616 504 1051 558 excitaveritnus.

2122 500 2212 551 λεν
2245 488 2379 566 (60),
2408 496 2467 548 οὐ
2503 494 2712 564 μικρῶς
2743 492 3097 561 λυπηθέντες,
3125 493 3426 560 ἀνενεγκεῖν
3450 491 3642 553 ἑαυτοὺς

2122 588 2487 655 πεπείκαμεν.

831 698 984 755 DLH.
1020 730 1088 738 —-
1111 697 1290 754 ELUE
1320 696 1636 753 DIACONO.

2480 695 2651 749 me:
2682 724 2743 734 —
2782 693 2950 763 ΗΛΙᾼ
2990 692 3306 763 ΔΙΑΚΟΝῼ.

1186 792 1568 860 Ignoscendum
1594 792 1668 845 vel
1706 806 1810 844 non
1846 789 2059 859 petenti,
2095 803 2211 841 cum
2236 788 2434 855 pudore
2468 786 2624 854 culpa
2648 784 2960 839 ostenditur.

520 902 635 956 Etsi
699 902 836 955 nihil
889 902 1021 955 mihi
1072 902 1356 957 confessus
1402 918 1483 969 es,
1522 902 1802 971 ignoscere
1838 912 2013 954 tamen

2191 898 2254 949 Εἰ
2280 897 2372 948 καὶΙ
2403 894 2644 965 μηδεμία
2673 912 2755 947 σοι
2786 894 3080 965 πρόσεστιν
3095 893 3371 963 ὁμολογία,
3396 893 3511 961 ἐμοὶ
3538 891 3649 961 πρέ-

447 995 639 1057 debeo,
670 994 763 1047 sed
810 994 1064 1048 delictum
1121 994 1418 1058 conﬁtenti,
1458 1004 1513 1048 et
1559 995 1765 1063 pudore
1795 993 1973 1061 culpat

2121 1005 2214 1043 πει
2251 986 2579 1055 συγγνώμην
2610 988 2793 1055 νεῖμαι
2822 984 2919 1054 τῷ,
2940 985 3007 1037 δι’
3040 977 3115 1037 ὧν
3144 984 3451 1052 αἰσχύνεται
3477 983 3641 1035 ἀπολο-

446 1082 655 1138 fatenti.
704 1084 846 1137 Cave
893 1085 1071 1153 itaque
1129 1100 1196 1140 ne
1245 1095 1480 1138 mentem
1525 1085 1815 1147 disturbet,
1860 1098 1967 1151 quo

2124 1075 2413 1147 γήσασθαι,
2438 1075 2964 1144 πεπλημμεληκέναι
2990 1072 3361 1143 ὁμολογοῦντι.
3396 1072 3484 1141 Μὴ
3504 1072 3650 1123 τοίνυν

449 1183 595 1226 tuam
648 1189 752 1227 non
790 1177 1149 1243 exspectarim
1184 1177 1613 1236 excusationem,
1643 1176 1772 1243 quin
1832 1174 1975 1244 potiu

2123 1169 2373 1222 ἁπόνοιάν
2427 1184 2508 1220 σοι
2555 1168 2787 1220 τικτέτω
2816 1167 2912 1231 τὸ,
2943 1167 3046 1235 ἐμὲ
3092 1167 3169 1236 μὴ
3210 1163 3649 1234 ἀναμεμενηκέναι

446 1270 513 1321 ad
567 1280 755 1322 mutuo
813 1285 912 1323 nos
960 1270 1222 1323 amandos
1284 1270 1493 1323 incitet.
1524 1267 1684 1321 Tanti
1738 1276 1825 1323 est
1866 1267 1972 1319 eui:

2123 1261 2215 1331 τὴν
2249 1260 2348 1330 σὴν
2380 1260 2700 1327 ἀπολογίαν,
2730 1259 2866 1312 ἀλλὰ
2904 1258 3105 1328 μᾶλλον
3139 1260 3219 1321 είς
3275 1258 3495 1324 ἀγάπην
3526 1270 3649 1323 χειρ-

446 1364 589 1429 apud
657 1377 743 1415 me
818 1364 1074 1417 momenti
1131 1378 1259 1431 pax,
1322 1376 1376 1416 nt
1430 1362 1513 1417 vel
1565 1360 1908 1415 erubescenti
1954 1373 1972 1413 ε

2124 1350 2423 1417 αγωγείτω.
2458 1350 2585 1401 ’Ότι
2615 1348 2852 1418 τοσαύτη
2886 1366 2975 1418 μοι
3011 1346 3146 1417 πρὸς
3162 1347 3383 1416 εἰρήνην
3420 1344 3650 1414 βλέπουσα

447 1450 763 1518 defendere,
794 1453 968 1508 libens
996 1455 1205 1508 veniam
1233 1455 1351 1508 dem
1385 1464 1548 1520 atque
1573 1453 1871 1520 ignoscam.

2125 1442 2385 1511 πρόσεστι
2434 1440 2575 1510 ῥοπὴ
2598 1479 2613 1503 ,
2654 1440 2731 1502 ὡς
2762 1440 2857 1493 καὶ
2897 1442 3012 1503 τοῖς
3058 1435 3387 1508 ἐρυθριῶσιν
3418 1434 3651 1502 ἀπολογή-

2122 1531 2319 1584 σασθαι
2355 1528 2682 1599 συγγνώμην
2709 1530 2914 1598 νέμειν.
3424 1545 3428 1548 ’

940 1643 1123 1700 DLlll.
1144 1674 1215 1686 —
1239 1644 1514 1699 ALYPIO.

2598 1637 2768 1691 φΝιν.
2800 1668 2868 1678 -
2897 1637 3174 1706 suum.

1256 1737 1405 1791 Mens
1436 1752 1595 1805 quam
1620 1736 1803 1803 lingua
1836 1733 2006 1802 potius
2028 1730 2335 1785 excolenda.
2359 1728 2510 1799 (Sup.
2545 1730 2696 1798 epist.
2729 1729 2879 1798 475.)

517 1844 781 1914 Equidem
836 1844 1133 1901 familiares
1185 1859 1354 1908 meos,
1386 1853 1619 1897 mentem
1658 1840 1810 1909 prius
1840 1853 2004 1907 quam
2038 1830 2043 1883 1

2191 1833 2331 1902 Ἐγὼ
2368 1834 2469 1903 τῆς
2499 1833 2721 1903 γνώμης
2763 1833 2867 1903 πρὸ
2892 1834 2991 1903 τῆς
3031 1833 3276 1902 γλώττης
3323 1831 3456 1896 ἀξιῶ
3492 1847 3655 1883 πεπαι-

446 1934 686 2004 liuguam
750 1933 1098 1987 excolendam
1152 1934 1339 1986 doceo.
1405 1930 1559 1996 Quod
1626 1928 1671 1981 si
1725 1937 1972 1994 utrumqu

2125 1924 2345 1977 δεῦσθαι
2385 1925 2511 1986 τοὺς
2552 1924 2675 1993 ἐμοὶ
2706 1922 3139 1991 πλησιάζονταςσ
3174 1925 3221 1975 εί
3271 1923 3331 1975 δὲ
3376 1922 3468 1974 καὶ
3511 1922 3650 1989 ἄμφω

444 2027 725 2089 obveniat,
752 2036 805 2079 et
831 2025 1043 2092 aliquos
1078 2023 1128 2075 id
1165 2021 1421 2085 olleudat,
1457 2020 1660 2077 veritas
1698 2033 1821 2071 cum
1847 2017 1970 2069 libet

2129 2015 2318 2084 ἔχοιεν,
2366 2015 2459 2067 καὶ
2494 2014 2653 2065 λυπεί
2680 2030 2832 2075 τινας
2858 2053 2873 2077 ,
2926 2013 3159 2082 τάληθὲς
3203 2014 3342 2081 μετὰ
3376 2012 3655 2084 παρρησίας

461 2126 570 2170 tate
624 2114 1086 2183 prommtiabitur.
1134 2111 1203 2165 Ut
1249 2121 1493 2175 statuas,
1551 2113 1724 2175 obeo,
1778 2107 1986 2162 cunctis

2128 2106 2411 2169 λελέξεται.
2460 2107 2671 2175 Ὥσπερ
2716 2104 3007 2174 ἀγάλματα
3052 2107 3338 2175 περιέπω,
3381 2107 3472 2157 καὶ
3516 2107 3654 2157 πᾶσιν

446 2220 552 2271 que
594 2222 678 2259 me
712 2204 941 2259 elierens
995 2213 1247 2266 ostento,
1288 2218 1373 2255 me
1418 2202 1553 2255 tales
1602 2211 1819 2256 nactum
1873 2200 1972 2251 ami

2127 2199 2458 2264 ἐπιδείκνυμι
2507 2196 2653 2267 μέγα
2702 2197 2917 2267 φρονῶν
2956 2197 3049 2249 ἐπὶ
3095 2196 3173 2266 τῷ
3229 2196 3501 2261 τοιούτους
3535 2197 3653 2265 ἔχειν

444 2306 538 2344 COS
545 2331 559 2345 .

2117 2290 2325 2358 φίλους.

697 2393 875 2449 οων.
904 2425 974 2436 -
1000 2394 1232 2452 PETRO
1273 2394 1765 2450 SCHOLASTICO.

2399 2398 2653 2449 ΦΝΔ’.-
2689 2396 2915 2465 ΠΕΤΡῼ
2949 2396 3408 2466 ΣΧΟΛΑΣΤΙΚῼ.

1312 2485 1415 2551 Qui
1440 2503 1552 2540 vere
1584 2496 1821 2539 statuant
1852 2497 2072 2552 (rapam.
2103 2488 2283 2560 (Supr.
2313 2489 2465 2558 epist.
2500 2488 2567 2542 l9
2594 2498 2642 2541 et
2672 2487 2820 2557 167.)

514 2589 615 2657 Qui
674 2600 880 2646 rectum
914 2592 979 2647 de
1010 2592 1173 2647 rebus
1218 2604 1437 2648 servant
1483 2593 2006 2663 judicium,ignavia

2183 2601 2245 2651 Οί
2283 2599 2382 2667 μὲν
2408 2597 2505 2667 τὴν
2534 2596 2646 2649 τῶν
2672 2597 3014 2666 πραγμάτων
3035 2597 3217 2665 κρίσιν
3241 2595 3456 2665 ἔχοντες
3492 2592 3648 2665 ὀρθὴν,

444 2680 607 2748 victi,
644 2681 782 2735 forte
823 2682 988 2737 etiam
1041 2685 1446 2753 expugnabnnt,
1490 2693 1543 2738 et
1592 2684 1864 2753 sapientes
1888 2702 1970 2739 ev:

2122 2692 2215 2744 Imb
2248 2691 2517 2762 ῥᾳθυμίας
2542 2690 2598 2742 δὲ
2629 2689 3148 2757 καταπαλαιόμενοι,
3177 2688 3313 2750 ἴσως
3348 2689 3440 2741 καὶ
3470 2689 3648 2755 ἀναμα-

442 2770 592 2835 dent,
622 2782 675 2825 et
708 2772 773 2825 de
798 2772 910 2840 ipsa
937 2775 1098 2827 etiam
1135 2774 1348 2842 ignavia
1386 2786 1626 2830 statuent
1663 2786 1881 2844 tropaea.
1912 2776 1968 2843 Qu

2120 2784 2394 2852 χέσονται,
2434 2781 2528 2834 καὶ
2576 2781 2837 2848 στήσουσι
2871 2781 2994 2833 κατ’
3023 2779 3194 2848 αὐτῆς
3226 2779 3495 2848 τρόπαια’
3528 2778 3570 2830 οἱ
3602 2777 3646 2829 δὲ

443 2875 573 2915 vero
599 2862 649 2916 id
676 2864 949 2931 ignorant,
980 2880 1038 2919 se
1062 2865 1231 2919 victos
1251 2881 1392 2931 esse,
1426 2867 1707 2936 ecquando
1731 2868 1969 2921 victorian

2124 2870 2237 2940 μηδ’
2280 2870 2413 2922 αὐτὸ
2458 2868 2615 2921 τοῦτο
2658 2868 2877 2935 ειδότες,
2912 2869 2993 2921 ὅτι
3035 2868 3329 2939 ἡττῶνται,
3370 2869 3491 2921 πότε
3527 2866 3650 2932 νίκης

441 2956 882 3024 consequentur?

2109 2962 2549 3032 ἀντιποιήσονται
2574 2979 2587 3028 ;

798 3062 952 3119 DLV.
982 3092 1054 3105 ——
1083 3064 1313 3121 PETRO
1342 3065 1652 3121 LECTORI.

2398 3067 2568 3124 ΦΝΕο.
2594 3097 2663 3109 -
2700 3067 2927 3136 nerea
2965 3064 3404 3136 ΔΝΑΓΝΩΣΤῌ.

1551 3154 1773 3208 Virtutis
1802 3164 2076 3219 venustas;
2101 3166 2301 3225 peccati
2341 3157 2573 3224 fa'ditas.

511 3260 645 3314 Cum
679 3276 765 3315 res
785 3263 857 3316 sit
880 3265 1081 3330 gravis,
1105 3273 1161 3317 ct
1184 3265 1382 3318 invicta
1429 3264 1598 3317 animi
1642 3263 2010 3332 pulchritudo,

2198 3262 2415 3333 Ἐπειδὴ
2457 3263 2628 3315 δεινὸν
2665 3256 2896 3333 μὲνκαὶ
2926 3264 3209 3334 ἀμήχανον
3230 3264 3339 3332 τῆς
3365 3262 3529 3331 ψυχῆς
3552 3261 3643 3311 ὲστ.

441 3354 655 3419 quando
688 3368 809 3406 cum
857 3356 1115 3408 virtutum
1160 3356 1523 3423 aequabilitate
1560 3371 1623 3408 ae
1655 3355 1852 3408 decoro
1880 3355 1967 3408 illn

2118 3355 2323 3416 κάλλος,
2342 3355 2466 3406 ὅταν
2497 3357 2563 3425 τῇ
2596 3356 2909 3426 συμμετρίᾳ
2922 3354 3030 3406 τῶν
3047 3353 3260 3424 ἀρετῶν
3276 3353 3345 3406 λα
3352 3351 3644 3423 μπρύνηται·

442 3456 649 3498 stratur
686 3465 699 3499 :
742 3448 883 3501 fmda
941 3449 1007 3503 sit
1068 3460 1278 3515 contra,
1312 3464 1471 3517 atque
1504 3452 1675 3503 instar
1724 3452 1849 3503 ferte
1873 3452 1968 3503 vita

2115 3446 2376 3516 ἀργαλέον
2408 3446 2464 3497 δὲ
2490 3446 2584 3497 καὶ
2620 3446 2989 3515 θηριόμορφον
3020 3446 3270 3513 γίγνεται
3301 3445 3462 3512 αὐτῆς
3495 3443 3549 3494 τὸ
3581 3436 3641 3491 εἶ-

443 3535 741 3601 turpitndo,
763 3532 805 3590 si
839 3538 1203 3605 improbitatis
1230 3538 1345 3604 ejus
1376 3539 1609 3592 dedecus
1634 3554 1697 3591 ac
1732 3539 1969 3607 turpitud

2121 3537 2216 3599 30;,
2245 3537 2380 3589 ὅταν
2404 3538 2465 3588 τὸ
2495 3538 2591 3606 τῆς
2615 3539 2813 3598 κακίας
2839 3533 3028 3605 αἶσχος
3057 3535 3476 3605 ἁπομάττηταιξ·
3510 3548 3647 3585 σπου-

441 3624 801 3689 cxprimatur,
861 3628 1007 3681 velut
1033 3630 1083 3681 in
1147 3629 1323 3682 tabula
1380 3640 1475 3681 aut
1524 3629 1730 3696 pictura
1767 3647 1779 3681 :
1814 3630 1967 3682 demu

2121 3626 2359 3696 Βάσωμεν
2393 3628 2566 3682 έκεῖνο
2601 3628 2699 3698 μὲν
2740 3625 3066 3697 κτήσασθαι,
3116 3625 3281 3680 τοῦτο
3304 3627 3359 3679 δὲ
3384 3623 3647 3692 ἀποτρίψαο

441 3729 658 3783 operam
692 3725 748 3770 nt
785 3718 912 3771 illud
934 3720 1325 3787 possideamus,
1352 3721 1452 3773 hoc
1484 3733 1609 3773 vero
1636 3718 1913 3773 deleamus
2111 3716 2257 3773 σθαι.

878 3827 1053 3881 DLVI.
1074 3858 1145 3868 —
1160 3827 1567 3884 APOLLONIO.

2537 3828 2724 3892 φΝςν.
2763 3853 2832 3864 ——
2857 3827 3275 3897 ΑΠΟΛΛΩΝΙῼ.

1576 3920 1751 3975 Citius
1789 3919 1904 3985 alii,
1936 3918 2030 3970 alii
2065 3918 2255 3970 lentius
2284 3925 2559 3969 curantur.

515 4021 645 4075 Scio
688 4022 849 4076 citius
905 4021 1163 4076 ollensam
1220 4025 1499 4090 quosdam,
1528 4028 1703 4079 serius
1748 4025 1885 4078 alios
1924 4040 2006 4077 re-

2187 4020 2315 4076 Οἷδα
2347 4024 2467 4093 μὲν.
2506 4023 2588 4074 ὅτι
2633 4025 2775 4085 τινὲς
2804 4023 2915 4093 ’μὲν
2956 4025 3017 4075 τὸ
3046 4024 3263 4093 ταχέως
3284 4064 3299 4088 ,
3342 4024 3483 4085 τινὲς
3508 4021 3558 4073 δὲ
3596 4017 3645 4069 τὸ

442 4112 686 4177 missam,
715 4114 925 4179 signum
959 4122 1199 4168 statuere
1229 4116 1423 4169 mentis
1474 4116 1550 4168 nil
1603 4116 1702 4169 sibi
1740 4116 1968 4169 conscia:

2117 4114 2356 4184 βραδέως
2407 4113 2804 4181 θεραπεύεσθαι
2852 4115 2947 4167 ἐπὶ
2990 4117 3110 4178 ταῖς
3140 4115 3339 4184 ὕϐρεσι
3365 4157 3380 4181 ,
3414 4109 3643 4183 σύμϐολον

442 4199 515 4257 {tt
553 4203 696 4254 enim
752 4204 979 4269 quisque
1042 4202 1267 4255 allectus
1325 4212 1427 4266 est,
1460 4203 1538 4257 sic
1587 4215 1645 4258 et
1696 4203 1967 4257 faciendun

2119 4201 2391 4254 ποιοῦνται
2418 4201 2512 4254 τοῦ
2543 4204 2709 4271 μηδὲν
2732 4204 2945 4266 ἑαυτοῖς
2978 4204 3281 4257 συνειδέναι
3305 4206 3411 4257 τῶν
3442 4199 3645 4273 εἰρημέ-

442 4291 744 4343 existimat.
771 4290 872 4353 Qui
905 4290 1049 4342 enim
1090 4288 1345 4345 fortiores
1372 4306 1434 4345 ae
1463 4293 1835 4361 generosiores
1852 4303 1968 4345 sunt

2118 4310 2240 4345 νων.
2274 4292 2462 4353 ’Ὅπως
2491 4292 2601 4361 γὰρ
2631 4292 2695 4345 ἂν
2728 4293 2950 4347 ἕκαστοι
2990 4295 3342 4359 διακέωνται,
3375 4294 3511 4347 τοῦτ’
3533 4291 3644 4344 οἴον-

442 4381 742 4448 prmuptius
774 4380 991 4432 virtutis
1049 4395 1157 4433 sua!
1191 4383 1429 4449 praebent
1459 4395 1859 4453 argumentum,
1902 4399 1968 4437 no

2118 4400 2199 4435 ται
2231 4382 2432 4451 χρῆναι
2461 4385 2652 4435 ποιεῖν.
2681 4385 2744 4435 Οί
2776 4384 2871 4452 μὲν
2906 4386 3014 4456 γὰρ
3045 4386 3416 4457 ἀνδρειότεροι
3443 4385 3527 4437 καὶ
3547 4398 3644 4447 75v-

445 4479 555 4520 tam
592 4467 1001 4521 considerantes
1032 4484 1118 4522 res
1168 4469 1333 4537 ipsas,
1367 4472 1459 4524 sed
1498 4479 1794 4539 praeceptas
1855 4483 1970 4523 rata

2114 4475 2379 4543 ναιότεροι
2423 4475 2482 4527 τὸ
2520 4475 2732 4545 ταχέως
2761 4477 3023 4529 ἐνδιδόναι
3063 4479 3371 4548 τεκμήριον
3403 4475 3640 4530 ποιοῦνται

443 4559 702 4613 habentes
731 4560 1033 4627 opiniones.
1071 4561 1126 4614 Si
1155 4560 1390 4615 dixeris:
1416 4562 1580 4630 718
1606 4562 1807 4631 Ecquid
1842 4562 1969 4629 igitn

2114 4541 2327 4635 ἀρετῆς,
2360 4568 2420 4618 οὐ
2457 4566 2525 4619 τὰ
2554 4541 2853 4637 πράγματα
2888 4541 3267 4633 σκοποῦντες-,ν
3306 4569 3441 4621 ἀλλὰ
3464 4567 3550 4627 τὰς
3583 4564 3640 4614 oi—

443 4650 584 4702 l'acto
615 4660 697 4702 est
723 4649 896 4718 opus?
945 4650 1121 4703 dicam
1160 4668 1173 4703 :
1215 4666 1334 4704 cum
1369 4652 1439 4705 sit
1469 4652 1611 4704 onmi
1659 4653 1866 4705 ratione
1891 4667 1969 4704 me

2110 4657 2261 4720 κείας
2274 4657 2573 4727 προλήψεις
2595 4656 2913 4727 κυροῦντες.
2931 4659 2993 4711 Εἰ
3012 4659 3068 4711 δὲ
3095 4659 3263 4729 ἔροιο,
3278 4660 3344 4711 Τί
3359 4658 3459 4729 χρὴ
3482 4655 3636 4713 misi»;

443 4738 697 4802 dendum,
754 4737 945 4790 melius
1003 4748 1085 4792 est
1141 4740 1251 4791 cito
1308 4739 1444 4792 ﬁeri.
1486 4738 1579 4792 Sin
1635 4754 1812 4802 secus,
1844 4741 1969 4793 etiat

2111 4749 2297 4817 φαίην,
2340 4749 2423 4800 ὅτι
2463 4750 2649 4819 ἐπειδὴ
2677 4750 2840 4802 παντὶ
2879 4750 3066 4820 τρόπῳ
3100 4751 3206 4819 χρὴ
3248 4746 3637 4821 θεραπεύεσθαι,

443 4827 639 4881 lentius
666 4843 727 4879 ac
754 4829 947 4882 serius.
970 4827 1158 4895 Neque
1196 4830 1339 4882 cnim
1363 4830 1597 4883 hominis
1628 4839 1709 4883 est
1733 4829 1920 4884 furore
1947 4847 1969 4883 a

2108 4839 2333 4905 ἄμεινον
2362 4837 2461 4907 μὲν
2498 4839 2709 4907 ταχέως
2735 4854 2749 4869 ·
2784 4841 2832 4892 εί
2864 4840 2921 4892 δὲ
2962 4839 3037 4909 μὴ
3073 4840 3186 4910 (61)
3208 4879 3223 4903 ,
3254 4839 3362 4892 κᾶν
3399 4834 3634 4909 βραδέως·

444 4919 594 4973 rabie
624 4930 884 4989 perpetuo
912 4921 1123 4989 agitari.

2110 4926 2171 4978 τὸ
2200 4926 2309 4995 γὰρ
2337 4926 2601 4980 ἀθάνατον
2624 4928 2822 4998 λυττᾷν
2852 4930 2952 4982 οὐκ
2982 4929 3346 5000 ἀνθρώπινον.

716 5029 916 5084 DLVII.
952 5060 1024 5069 —
1064 5030 1340 5084 [SIDORO
1391 5029 1734 5086 EPISCOPO.

2403 5030 2570 5083 (PNZ'.
2612 5058 2679 5070 —
2706 5033 2971 5103 ΙΣΙΔΩΡῼ
3003 5032 3376 5103 ΕΠΙΣΚΟΠῼ.

1177 5121 1436 5174 Hortatur
1462 5123 1531 5175 ad
1559 5122 1907 5174 constantiam
1930 5121 1985 5173 in
2016 5124 2165 5186 bono,
2192 5138 2253 5174 ne
2274 5120 2470 5188 faniam
2518 5121 2702 5176 bonam
2728 5126 2931 5191 perdat.

507 5227 676 5287 Fama
718 5231 951 5299 undique
974 5231 1249 5300 divulgata
1301 5231 1611 5299 percrebuit
1659 5231 1871 5285 fortiter
1896 5247 1925 5284 a
1957 5240 2007 5285 te

2180 5232 2364 5299 Διήκει
2399 5232 2499 5300 μὲν
2531 5232 2626 5285 καὶ
2653 5232 2901 5302 διαφοιτᾷ
2933 5233 3212 5305 πανταχοῦ
3248 5234 3425 5302 λόγος,
3452 5232 3540 5294 τὰς
3562 5226 3634 5285 σὰς

1523 5382 1757 5438 VARle
1800 5382 2179 5439 LECTIONES
2213 5383 2301 5436 ET
2336 5382 2566 5438 NOTAE.

506 5540 615 5615 (lib)
674 5536 779 5597 Pro
831 5542 1029 5609 ὲπήγγ.
1107 5545 1263 5597 ambo
1311 5543 1463 5597 codd.
1527 5541 1771 5598 scribunt
1825 5540 2003 5609 ἀπήγ-

2187 5535 2407 5607 (lium)
2431 5550 2558 5615 ante
2582 5541 2685 5595 κᾶν
2709 5543 2977 5600 omittitur
3015 5561 3043 5599 a
3068 5548 3275 5605 duobus
3300 5549 3457 5606 codd.
3482 5540 3556 5615 qui
3589 5544 3629 5590 et

438 5610 598 5675 γει).ε.
926 5608 931 5609 ⁷
1928 5608 1935 5609 “

1928 5608 1935 5609 “
2109 5622 2247 5664 vers.
2284 5624 2381 5677 pro
2419 5608 2679 5666 ἀθάνατον
2716 5615 2960 5673 scribunt
2988 5617 3247 5675 ἀθάνατα.
