3864 6114
238 292 289 354 1(
302 295 362 355 37
1073 290 1603 350 EPISTOLARUM
1635 290 1784 350 LIB.
1824 290 1890 349 V.
1916 314 1983 323 —
2011 276 2249 348 EPIST.
2304 291 2542 349 DLXII.
3317 290 3449 355 1638

234 401 504 471 ἀριστείας
545 397 1026 467 εὐαγγελιζόμενος
1052 414 1064 428 ·
1100 400 1158 450 ὃν
1181 399 1390 461 δίκαιος
1428 399 1493 452 ἂν
1518 399 1634 468 εἴης
1665 416 1752 453 νευ

1921 409 2033 452 esta
2065 399 2320 453 nuntians
2347 417 2362 463 ;
2393 414 2554 468 quam
2585 397 2728 452 vires
2785 398 2836 449 in
2872 397 2988 452 dies
3021 413 3211 466 capere
3238 415 3447 468 aequum

236 490 358 559 ροῦν
411 492 522 550 τοῖς
566 487 832 556 ὁσημέραι
879 485 1291 556 κατορθώμασι.
1338 487 1653 556 Φυλλοροεῖν
1682 487 1762 554 γὰλ

1925 500 1971 542 5t
2011 499 2156 542 recte
2207 505 2271 542 ac
2325 489 2584 557 praeclare
2627 488 2802 541 l‘actis.
2843 487 2991 541 Solet
3039 490 3181 542 enim
3209 490 3451 546 dililuere

233 578 382 631 εἴωθε
405 578 509 630 τῶν
537 577 757 647 ὕστερον
792 575 1180 646 ῥᾳθυμούντων
1203 577 1265 628 τὸ
1300 576 1472 638 κλέος.

1916 584 2051 644 tque
2074 578 2358 633 concidere
2381 579 2544 633 decus
2581 591 2770 632 eorum
2805 577 2894 644 qui
2927 586 3112 646 postea
3149 593 3207 631 se
3236 579 3442 632 dedunt

1887 665 1999 720 otio
2029 677 2190 736 atque
2226 669 2470 738 ignaviae.

474 778 649 832 ΦΝΙΓ.
683 809 753 818 —
788 779 1032 848 ΩΦΕΛΙῼ
1065 778 1545 848 ΓΡΑΜΜΑΤΙΚῼ.

2085 773 2313 828 DLVill.
2337 804 2407 814 -—
2437 770 2736 829 OPHELIO
2790 770 3263 827 GRAMMATICO.

903 871 1240 940 PhilosOphia
1273 884 1325 924 ut
1351 872 1670 940 deﬁnienda.
1701 871 2002 942 (Plutarch.
2037 871 2112 926 De
2140 870 2347 940 placitis
2375 869 2562 938 philos.
2595 867 2684 922 lib.
2712 868 2772 935 ι.)

298 985 362 1038 Οἱ
391 986 487 1055 μὲν
517 984 664 1038 ἄλλοι
695 983 972 1052 φιλόσοφοι
1004 983 1198 1052 τέχνην
1255 981 1480 1051 τεχνῶν,
1537 983 1630 1035 καὶ
1662 984 1789 1036 ἐπι-

1961 981 2110 1037 Varii
2162 978 2465 1049 phil050phi
2524 988 2694 1032 artem
2768 978 3002 1042 artium,
3063 977 3454 1047 scientiamque

237 1077 446 1144 στήμην
480 1073 796 1143 ἐπιστημῶν
831 1073 1096 1142 ὡρίσαντο
1145 1069 1282 1125 εἶναι
1310 1072 1409 1140 τὴν
1452 1072 1763 1141 φιλοσοφίαν

1925 1075 2244 1128 cientiarum
2287 1069 2684 1140 philosophiam
2744 1069 3089 1122 deﬁnierunt.
3117 1069 3450 1139 Pythagoras

236 1165 552 1234 Πυθαγόρας
585 1164 661 1226 δέ,
718 1163 878 1233 ζῆλον
929 1163 1140 1231 σοφίας.
1193 1163 1420 1215 Πλάτων
1465 1163 1539 1224 δὲ,
1599 1163 1759 1232 κτῆσι

1933 1166 2107 1218 uident
2137 1162 2414 1231 sapientiae
2448 1161 2681 1215 studium
2727 1160 2886 1224 dixit,
2922 1160 3154 1228 indeque
3212 1162 3451 1228 philoso-

235 1256 586 1326 ἐπιστημῶν,
671 1257 992 1324 Χρύσιππος
1064 1255 1152 1315 δέ,
1223 1255 1560 1324 ἐπιτήδευσιν
1633 1254 1757 1321 λόγο

1926 1257 2059 1306 hum
2120 1251 2580 1306 nominari.Plato
2633 1250 2981 1305 scientiarum
3034 1253 3452 1318 possessionem,

237 1345 544 1413 ὀρθότητος.
604 1345 714 1397 Καὶ
747 1344 926 1396 αὐτῶν
969 1340 1062 1396 οὖν
1107 1344 1214 1397 τῶν
1261 1343 1559 1397 δοκούντων
1596 1344 1763 1414 ,ἄκρω

1929 1342 2248 1413 lhrysippus,
2282 1341 2600 1394 industriam
2666 1355 2760 1394 seu
2821 1339 3109 1392 artificium
3176 1349 3336 1393 rectae
3369 1355 3455 1391 ra-

234 1431 367 1487 εἶναι
396 1434 504 1505 (62)
531 1433 729 1504 ὁμοίως
741 1434 1088 1504 ὁριζομένων,
1109 1435 1265 1503 ἡμεῖς
1284 1435 1457 1505 ἀληθῆ
1481 1434 1760 1503 φιλοσοφία

1925 1431 2060 1486 ionis
2086 1446 2206 1486 esse
2230 1431 2416 1484 voluit.
2449 1431 2583 1484 Cum
2617 1429 2667 1482 hi
2702 1444 2804 1482 non
2827 1431 3012 1481 eodem
3049 1427 3307 1482 deliniant
3334 1442 3451 1480 mo-

232 1523 566 1592 ὀριζόμεθα,
596 1522 696 1592 τὴν
741 1522 908 1590 μηδὲν
953 1521 1062 1574 τῶν
1097 1523 1338 1591 ἡκόντων
1377 1525 1456 1586 είς
1512 1522 1758 1577 εὐσέϐεια

1930 1538 1984 1587 o,
2015 1532 2162 1577 recte
2192 1536 2292 1575 nos
2325 1535 2506 1575 veram
2533 1519 2858 1573 deliniamus
2896 1519 3314 1587 philosophiam,
3340 1532 3456 1586 quae

232 1614 322 1666 καὶ
361 1612 566 1684 ἀρετὴν
600 1612 948 1682 παρορῶσαν.

1820 1609 1856 1684 _'
1892 1611 2278 1682 uibilnegligat
2303 1624 2512 1674 eorum,
2540 1624 2658 1677 qua:
2681 1608 2748 1662 ad
2779 1609 3032 1663 virtutem
3057 1612 3275 1663 ducunt.

537 1720 710 1774 «me.
749 1751 818 1759 —
844 1720 1140 1790 ΕΥΤΟΝΙῼ
1169 1721 1487 1792 ΔΙΑΚΟΝῼ.
1817 1682 1861 1736 Β

1817 1682 1861 1736 Β
2191 1719 2371 1774 nux.
2397 1747 2468 1758 —
2496 1714 2800 1772 EUTONIO
2839 1717 3155 1772 DIACONO.

456 1828 679 1881 Invidia:
710 1829 1018 1881 cedendum.
1049 1827 1269 1882 Invidus
1294 1828 1441 1883 bonis
1473 1830 1660 1882 alienis
1690 1830 1905 1895 acessit;
1938 1840 1985 1884 et
2009 1831 2217 1884 virtutis
2241 1839 2313 1882 est
2350 1810 2712 1896 arguméutum
2739 1826 2933 1879 invidia
2971 1825 3229 1881 laborare.

300 1937 362 1988 Ei
395 1936 488 1988 καὶ
527 1930 690 2003 ἦλθεν
721 1935 812 1987 ἐπί
837 1935 896 1986 σέ
920 1936 948 1986 ὁ
990 1935 1052 2005 δὴ
1083 1937 1177 1988 καὶ
1212 1936 1430 1989 πάντων
1471 1936 1654 2004 σχεδὸν
1686 1935 1794 1988 τῶν

1960 1937 2074 1991 Etsi
2140 1946 2191 1989 te
2231 1947 2446 2002 quoque
2495 1931 2720 1996 invidia,
2757 1944 2877 2000 quae
2935 1933 3105 1986 bonos
3140 1933 3460 2002 plet-umque

234 2026 528 2094 εὐδοκίμων
570 2024 849 2093 ἁψάμενος
893 2024 1120 2092 φθόνος,
1155 2027 1306 2096 παρά
1335 2027 1442 2078 τῶν
1469 2027 1677 2088 οἰκείας
1711 2043 1760 2077 τι

1930 2027 2255 2093 ersequitur,
2299 2023 2610 2085 comitatur,
2639 2024 2778 2089 quod
2804 2023 2990 2075 vitium
3028 2023 3257 2075 aliOruut
3287 2026 3454 2076 virtu—

235 2116 474 2185 θεμένων
519 2115 803 2185 συμφορὰς
843 2117 941 2175 τὰς
974 2115 1176 2184 ἐτέρων
1226 2117 1451 2185 ἀρετὰς,
1488 2114 1761 2184 μᾶλλονιδ

1931 2131 1974 2168 :s
2000 2130 2095 2168 sua
2123 2129 2246 2168 esse
2290 2113 2437 2166 ducit
2483 2112 2846 2176 incommoda,
2877 2111 2958 2164 vel
2997 2113 3175 2178 potius
3227 2113 3457 2167 aliorum

233 2207 390 2261 πλέον
423 2206 737 2277 ἀχθομένων
784 2207 896 2269 τοῖς
926 2205 1125 2276 ἐτέρων
1180 2207 1432 2274 ἀγαθοῖς,
1466 2208 1498 2277 ἢ
1526 2209 1639 2271 τοῖς
1669 2208 1759 2260 ἐαυ

1931 2215 2146 2258 ravatur
2189 2203 2550 2272 bonis,quam
2585 2202 2815 2271 propriis
2848 2201 3024 2264 malis,
3067 2211 3120 2254 ιιι
3163 2203 3272 2255 noli
3335 2213 3453 2255 tur-

233 2296 339 2348 τῶν
388 2297 598 2358 κακοῖς,
633 2294 707 2364 μὴ
731 2295 999 2363 ταράττου
1028 2311 1040 2322 ·
1081 2293 1194 2347 ἀλλ’
1223 2295 1353 2348 αὐτὸ
1377 2295 1532 2348 τοῦτο
1564 2296 1758 2365 μάλιστ

1931 2297 2008 2349 ari
2039 2315 2052 2350 :
2081 2295 2177 2348 sed
2212 2294 2388 2362 potius
2415 2293 2541 2346 illud
2565 2293 2783 2346 virtutis
2824 2301 3031 2345 certum
3079 2306 3200 2345 esse
3237 2293 3453 2362 signum

233 2387 580 2456 ἡγησάμενος
611 2386 818 2454 ἀρετῆς
847 2380 987 2438 εἶναι
1020 2386 1340 2456 τεκμήριον,
1375 2389 1439 2456 τῇ
1469 2386 1664 2440 σαυτοῦ
1691 2404 1759 2441 κα

1929 2388 2232 2450 xistimans,
2269 2397 2411 2438 tuam
2469 2384 2731 2438 accendat
2793 2382 3137 2449 probitatem.
3169 2381 3262 2436 Sic
3309 2384 3455 2438 enim

235 2476 534 2546 λοκάγαθία
573 2477 872 2547 προστίθει.
923 2476 1079 2528 Οὕτω
1129 2479 1237 2548 γάρ
1292 2480 1354 2530 σὺ
1390 2479 1499 2547 ¹μὲν
1551 2479 1761 2547 ἀοίδιμο

1942 2489 1996 2533 et
2044 2487 2104 2530 ut
2145 2476 2473 2539 celebreris,
2524 2474 2598 2528 illi
2654 2484 2844 2528 contra
2914 2487 3102 2542 pccnas
3151 2472 3312 2538 dent,
3365 2487 3463 2527 nec

234 2569 368 2638 ετης,
409 2569 605 2622 ἐκεῖνοι
640 2567 696 2619 δέ
720 2567 874 2628 δίκας
910 2567 1422 2638 είσπραχθήσονται,
1457 2561 1531 2620 ὧν
1574 2567 1759 2637 μείζου

1153 2567 1422 2638 θήσονται,
1457 2561 1531 2620 ὧν
1574 2567 1794 2637 μείζους
1900 2580 2098 2640 queant
2127 2567 2357 2635 majores
2388 2565 2677 2634 suscipere.

234 2660 334 2712 οὐκ
365 2659 430 2712 ἂν
455 2659 725 2726 δυνηθεῖεν
753 2657 953 2708 δοῦναι.

763 2761 880 2815 Φεν.
911 2792 981 2802 --
1013 2763 1256 2833 narro.

2410 2756 2567 2811 DLX.
2601 2786 2672 2796 —
2695 2754 2941 2812 PETRO.

1443 2856 1573 2919 Qun:
1598 2866 1739 2910 certa
1769 2857 2017 2910 amicitia:
2047 2855 2249 2924 regula.

315 2964 458 3033 Ἐγὼ
529 2967 746 3019 κανόνα
800 2965 985 3034 φιλίας
1042 2964 1332 3019 εὐθύτατον
1403 2967 1641 3037 ἠγοῦμαι
1705 2969 1841 3037 τὸν,

1975 2965 2124 3017 Illum
2151 2978 2250 3033 ego
2277 2963 2449 3015 virum
2483 2961 2840 3016 rectissimam
2879 2976 2998 3015 esse
3053 2961 3290 3033 regulam
3321 2965 3461 3017 ami-

232 3030 658 3124 ἀπροφασίστως
685 3054 780 3120 μὲν
803 3030 917 3113 τοῖς
941 3051 1190 3118 ἀδελφοῖς
1236 3030 1580 3120 συμπνέοντα
1606 3095 1620 3119 ,
1656 3055 1758 3123 μήτ

1935 3056 2040 3108 ilia:
2075 3055 2232 3115 duco,
2273 3054 2361 3120 qui
2389 3054 2505 3106 sine
2547 3054 2862 3120 exceptione
2887 3053 3147 3107 fratribus
3174 3057 3461 3120 consentit,

230 3138 288 3189 δὲ
320 3137 580 3206 κολακείᾳ
615 3137 712 3199 τὰς
766 3137 944 3204 φιλίας
974 3138 1406 3205 προσαγόμενον,
1463 3141 1597 3209 μήτε
1622 3141 1756 3211 λάθρ

1929 3161 2075 3212 ιθιμιε
2110 3145 2475 3198 assentatione
2522 3143 2621 3196 iuit
2674 3143 3184 3213 amicitiam,ncque
3233 3145 3455 3199 clande-

236 3224 751 3296 μεταχειριζόμενον
794 3226 889 3286 τάς
949 3223 1181 3292 ἔχθρας·
1221 3225 1356 3278 ἀλλά
1407 3228 1541 3294 πρὸς
1583 3229 1754 3280 suam

1935 3234 2041 3286 tina
2093 3237 2236 3288 l'ovet
2267 3235 2388 3287 odia
2442 3233 2869 3301 simultatesqne,
2895 3235 2991 3287 sed
3045 3236 3107 3287 ad
3139 3235 3317 3288 omnia
3360 3252 3461 3303 pu-

231 3317 331 3385 τὴν
378 3316 557 3384 ψυχὴν
609 3315 852 3382 γυμνὸν,
912 3314 1114 3367 ἁπλοῦν
1168 3317 1265 3385 μὲν
1325 3318 1656 3386 τυγχάνοντα
1700 3319 1757 3388 τὴ

1942 3325 2310 3389 unianimam,
2340 3321 2747 3391 situpltcetuque
2797 3324 3012 3378 exhibet
3036 3335 3290 3388 tuentem,
3335 3327 3464 3377 εἰιιις

232 3406 477 3476 γνώμην,
529 3405 734 3458 ἁπλοῦν
778 3405 833 3456 δέ
874 3405 969 3473 τὴν
1015 3403 1280 3471 γλῶτταν,
1326 3407 1688 3477 ἁπλούστερον
1740 3409 1758 3460 ἓ

1941 3414 2090 3467 licem
2113 3414 2276 3466 etiam
2307 3413 2538 3480 linguam
2561 3429 2574 3478 ;
2601 3422 2656 3463 at
2683 3425 2808 3464 vero
2841 3412 2923 3465 his
2954 3415 3203 3466 omnibus
3249 3414 3463 3482 simpli-

232 3499 313 3550 ἔτι
345 3497 545 3567 μᾶλλον
573 3496 664 3549 τὸν
688 3496 818 3565 βίον.
1597 3561 1600 3564 γ

1597 3561 1600 3564 ,
1905 3506 2106 3558 ciorctu
2145 3505 2329 3567 vitam,
2359 3518 2663 3570 tutoresque.

407 3602 570 3657 ΦΞΝ.
605 3633 676 3643 --
709 3604 1147 3658 ΝΕΙΛΑΜΜΩΝΙ
1175 3605 1624 3676 ΣΧΟΛᾹΣΤΙΚῼ.

2087 3609 2265 3664 DLXI.
2291 3639 2360 3648 —
2378 3608 2760 3665 NILAMMONI
2805 3608 3291 3666 SCHOLASTICO.

1211 3693 1528 3760 Meticulosi,
1567 3695 1767 3765 sibique
1792 3699 1927 3752 male
1950 3699 2142 3751 conscii
2165 3699 2278 3767 quis
2306 3709 2493 3752 status.

308 3803 519 3872 ’Ὠσπερ
563 3805 612 3855 οἱ
643 3803 944 3872 ψοφοδεεῖς,
985 3805 1077 3857 καὶ
1123 3805 1262 3874 πρὸς
1297 3805 1464 3875 μόνην
1498 3807 1595 3874 τὴν
1634 3808 1799 3878 ἀκοὴν

1977 3811 2050 3865 Ut
2105 3811 2300 3876 timidi,
2339 3822 2392 3865 et
2445 3812 2509 3864 ad
2564 3813 2737 3866 solum
2787 3815 3155 3868 molestiarum
3218 3817 3465 3872 auditum

231 3894 342 3948 τῶν
365 3893 552 3946 δεινῶν
579 3895 1070 3965 καταπλήττονται,
1099 3896 1326 3948 καὶοὺδὲ
1355 3896 1551 3965 φύλλου
1579 3899 1757 3966 φέρουι

1936 3901 2291 3966 ercclluntur,
2326 3915 2390 3954 ac
2445 3917 2513 3956 ne
2571 3903 2750 3956 ferunt
2805 3905 3020 3972 quidem
3061 3907 3174 3958 l'olii
3236 3917 3462 3971 motum,

233 3985 483 4053 κίνησιν,
535 3983 628 4036 τοῦ
682 3984 836 4048 δέους
885 3987 1027 4038 κατά
1073 3986 1182 4039 τῶν
1228 3987 1498 4054 τυχόντων
1557 3988 1759 4056 μεγάλα

1940 3992 2048 4056 ιιοι]
2076 3990 2259 4046 folium
2295 4006 2394 4046 suo
2420 3992 2566 4061 lapsu
2599 4009 2850 4061 magnum
2895 4005 3094 4048 metum
3124 4011 3466 4067 auguresque

233 4075 590 4144 ἐμποιοῦντος
620 4076 717 4138 τάς
751 4076 1023 4144 ὑποψίας·
1070 4077 1212 4129 οὕτω
1257 4077 1351 4130 καὶ
1397 4081 1446 4130 oi
1499 4079 1759 4138 πταίοντες

1939 4082 2142 4145 ncutit;
2183 4083 2249 4135 ad
2279 4083 2528 4137 eumdem
2565 4087 2778 4138 modum
2805 4085 2894 4153 qui
2941 4086 3281 4154 deliquerint,
3308 4091 3465 4142 ntuli-

233 4167 483 4234 ἐλέγχοις
527 4167 862 4236 πανταχόθεν
897 4167 1212 4236 βάλλονται,
1242 4167 1337 4220 τοῦ
1366 4169 1663 4231 συνειδότος
1711 4189 1759 4222 κε

1938 4188 2011 4240 ue
2036 4182 2359 4242 appetuntur
2386 4174 2644 4229 conviciis
2668 4176 3032 4241 consciorum,
3057 4178 3172 4230 sive
3228 4178 3464 4232 laudan-

231 4257 298 4308 ἐκ
326 4257 434 4308 τῶν
466 4256 857 4322 ἐπαινούντων,
894 4260 988 4311 καὶ
1039 4259 1102 4311 ἐκ
1139 4258 1244 4311 τῶν
1267 4258 1562 4327 ψεγόντων,
1609 4261 1704 4312 καὶ
1741 4262 1757 4312 ἐ

1941 4264 2040 4316 ium
2071 4264 2184 4317 sive
2215 4264 2655 4332 vituperantium,
2687 4275 2742 4320 et
2765 4275 2871 4320 tam
2902 4282 2969 4321 ex
3018 4269 3276 4336 consciis,
3303 4285 3467 4338 quam

230 4347 342 4398 τῶν
382 4346 724 4413 συνειδότων,
753 4349 846 4400 καὶ
886 4350 948 4399 ἐκ
979 4349 1085 4401 τῶν
1129 4348 1203 4417 μὴ
1235 4349 1547 4402 συνειδότων
1577 4367 1756 4403 κατατ‹

1944 4370 2019 4408 ηοιι
2071 4353 2306 4409 consciis
2339 4355 2504 4409 veluti
2558 4355 2753 4424 jaculis
2800 4358 2865 4412 de
2905 4361 3211 4416 commissis
3263 4360 3470 4416 feriun-

232 4430 291 4496 ξε
301 4430 488 4491 όοντος
525 4431 650 4493 τοὺς
694 4433 1125 4510 ἐργασαμένους.
1915 4453 2017 4497 tur.

497 4537 656 4593 ΦΞΒ’.
687 4571 756 4584 υ-
789 4544 1033 4615 ΖΩΣΙΜῼ
1068 4544 1533 4616 ΠΡΕΣΒΥΤΕΡῼ.

2042 4551 2205 4620 719
2236 4549 2442 4606 DLXlI.
2463 4582 2534 4592 —
2569 4553 2818 4613 ZOSlMO
2855 4556 3330 4614 PRESBYTERO.

227 4703 263 4742 .
1185 4641 1264 4692 Ad
1298 4640 1501 4708 frugem
1533 4642 1718 4694 bonam
1756 4642 1960 4708 invitat,
1991 4654 2044 4696 ut
2071 4655 2117 4698 et
2142 4662 2300 4714 supra
2323 4651 2535 4718 saepius.

306 4744 432 4797 Ὅτι
461 4743 610 4797 οὐδὲν
642 4746 942 4800 ἀκόλαστον
964 4788 978 4811 ,
1010 4749 1127 4800 οὐδὲ
1174 4749 1530 4819 μειρακιῶδες
1567 4751 1669 4820 χρὴ
1698 4752 1811 4806 δια-

1977 4750 2119 4808 Nihil
2151 4756 2431 4824 lascivum,
2468 4769 2561 4813 aut
2608 4759 2811 4828 puerile
2855 4759 3302 4813 committendum
3322 4774 3467 4826 esse,

228 4835 596 4904 πράττεσθαι,
639 4836 777 4889 ἀλλὰ
812 4837 1065 4907 σώφρονα
1099 4839 1192 4891 καὶ
1226 4841 1630 4911 κεκολασμένην
1669 4841 1754 4911 ἔχε

1942 4847 1999 4899 ed
2062 4848 2401 4902 moderatum
2466 4851 2897 4918 castigatumque
2960 4847 3169 4900 vivendi
3253 4850 3468 4902 modum

229 4931 290 4980 ἐν
325 4928 490 4979 παντὶ
528 4927 604 4995 τῷ
653 4927 752 4996 βίῳ
789 4927 889 4996 τὴν
929 4927 1173 4993 δίαιταν,
1205 4931 1365 4982 παντί
1404 4948 1506 4983 που
1536 4932 1693 5000 δῆλον
1735 4950 1755 4984 οι

2055 4936 2317 5003 :rendum,
2375 4945 2563 4991 notum
2599 4947 2684 4989 est
2713 4936 2882 4989 cuivis
2932 4943 3108 4988 mente
3159 4936 3473 5002 prudentia-4
3578 4932 3581 4940 ’

227 5017 328 5071 νοῦ
360 5019 455 5070 καὶ
494 5021 810 5087 φρονήσεως
843 5020 940 5070 οὑκ
970 5019 1307 5087 ὰμοιροῦντι.
1333 5021 1398 5072 Τί
1427 5021 1604 5074 τοίνυν
1634 5041 1751 5075 τοια

1947 5037 2011 5078 ue
2045 5025 2294 5091 prtedito.
2333 5024 2441 5078 Cur
2467 5023 2629 5090 igitur
2659 5023 2820 5077 veluti
2852 5024 2904 5076 in
2935 5023 3220 5088 comoedia,
3255 5025 3473 5077 nomine

224 5121 334 5174 την
371 5106 664 5174 κωμῳδίαν
690 5109 949 5176 περιορᾷς
981 5108 1120 5160 κατὰ
1155 5109 1348 5161 σαυτοῦ
1376 5110 1674 5180 ᾁδομένην,
1714 5112 1750 5164 λι

1951 5113 2080 5166 tiam
2110 5123 2162 5168 te
2205 5114 2522 5184 reprehendi
2555 5114 2893 5169 contemnis?
2933 5113 3235 5167 dicentibus
3262 5115 3472 5182 sapien-

225 5196 441 5262 γόντων
468 5195 575 5248 τῶν
616 5199 815 5264 σοφῶν,
848 5196 983 5250 Οὔτε
1015 5198 1132 5261 νέος
1155 5200 1228 5252 ὢν
1250 5200 1378 5269 περὶ
1398 5201 1493 5263 τὰς
1517 5202 1751 5272 ἐπιθυμίι

1945 5204 2061 5258 ibus
2093 5219 2158 5258 ne
2182 5205 2432 5273 juvenem
2460 5206 2702 5274 quidem,
2731 5205 2782 5259 in
2810 5205 3240 5272 concupiscendo
3289 5205 3471 5263 mode-

227 5288 561 5361 ἐμετρίαξες
595 5289 682 5341 διὰ
710 5289 808 5357 τὴν
841 5290 1030 5342 πενίαν
1048 5329 1061 5353 ,
1091 5289 1214 5342 οὔτε
1242 5291 1566 5358 γεγηρακὼς
1592 5291 1678 5343 διὰ
1709 5291 1753 5342 τί

1945 5305 2087 5347 atum
2119 5298 2188 5350 ob
2217 5297 2448 5366 inOpiam
2472 5297 2657 5362 luisse,
2678 5309 2742 5351 ac
2771 5310 2836 5351 ne
2877 5309 3058 5351 senem
3085 5295 3299 5364 quidem
3331 5310 3471 5348 nune

1321 5467 1557 5522 VARUS
1598 5467 1979 5524 LECTIONES
2018 5471 2120 5541 ΕΤ,
2152 5472 2380 5531 NOTAE.

316 5618 428 5688 (6'2)
470 5619 614 5674 lntcr
643 5615 780 5672 εἶναι
818 5632 870 5674 et
911 5619 1110 5686 ὁμοίως
1154 5623 1310 5675 ambo
1355 5619 1512 5676 codd.
1565 5621 1842 5676 inseruntc

669 5615 780 5672 ἶναι
818 5632 870 5674 et
911 5619 1110 5686 ὁμοίως
1154 5623 1310 5675 ambo
1355 5619 1512 5676 codd.
1565 5621 1805 5676 inserunt
1833 5623 1948 5691 οὐχ.
1982 5623 2191 5679 Possm.
