3864 6114
356 170 501 238 ’1643

583 290 815 349 υιχιχ.
842 326 906 336 -
938 292 1194 351 ZOSIMO
1244 293 1718 351 PRESBYTERO.

1569 184 1631 244 S.
1668 181 1960 242 ISIDORI
2000 180 2438 241 PELUSIOTE

3494 180 3624 249 l6“

2309 294 2470 346 ᾤεθ’.
2505 321 2573 331 --
2614 292 2863 363 ΖΩΣΙΜῼ
2902 292 3373 365 ΠΡΕΣΒΥΤΕΡῼ.

368 421 682 479 Detestanda
715 425 914 479 Zosimi
946 427 1119 495 carpit
1149 426 1345 481 diserte
1373 427 1523 493 vitta,
1555 439 1608 481 ut
1643 430 1898 481 Imcteuus
1927 443 2149 497 semper,
2173 439 2219 480 et
2245 426 2541 479 sacerdotio
2566 424 2839 495 indignum
2862 441 2895 480 α
2934 427 3101 480 sacris
3129 428 3411 480 arcendum
3438 440 3623 484 censet.

434 578 582 634 Multi
612 581 663 633 in
694 578 954 649 dignitate
1005 579 1308 645 constituti,
1370 580 1696 651 egregieque
1745 579 1943 634 divina:

367 672 541 727 allecti
591 671 859 741 religioni,
925 670 1079 725 nobis
1137 670 1384 740 quotidie
1463 671 1689 734 instant,
1772 670 1939 724 vitam

256 756 271 831 Ῐ
366 773 513 819 tuam
558 776 842 830 moresque
892 770 1199 824 narrantes,
1224 761 1279 815 in
1335 776 1568 831 eumque
1596 763 1793 817 invecti
1844 762 1941 831 qui

364 864 418 908 te
484 852 818 908 sacerdotem
879 851 1172 916 ordinavit,
1224 860 1283 908 et
1334 852 1682 908 immaculata
1735 868 1833 923 per
1882 862 1935 909 te

366 944 639 1012 inquinari
696 942 892 1012 templa
915 941 1205 1009 iactantes,
1236 942 1709 1014 sacerdotiumque
1748 943 1947 1014 probro

366 1038 573 1090 aientes
598 1035 757 1100 allici,
780 1045 939 1104 atque
975 1035 1202 1103 impuris
1258 1036 1364 1091 tuis
1398 1036 1647 1091 manibus
1678 1036 1945 1104 baptizari

366 1142 474 1181 non
540 1142 763 1197 paucos.
810 1141 871 1179 ea
924 1141 981 1179 re
1024 1124 1306 1181 salutifera
1352 1136 1694 1181 sacramenta
1744 1126 1941 1196 injuria

366 1220 503 1275 allici
554 1221 858 1290 perhibent.
890 1217 1033 1285 Quos
1062 1236 1166 1272 non
1208 1219 1386 1289 plane,
1421 1220 1515 1273 sed
1567 1220 1720 1274 valde
1772 1219 1938 1273 etiam

366 1312 649 1368 sollicienti
679 1321 959 1382 apparatu,
993 1319 1051 1364 ut
1082 1308 1334 1381 equidem
1399 1310 1674 1373 existimo,
1716 1325 1942 1377 respou-

368 1403 542 1457 dendo
568 1404 757 1471 repuli,
786 1417 891 1457 non
923 1401 1043 1455 vita:
1069 1410 1171 1455 tua:
1199 1402 1409 1467 (verum
1446 1410 1531 1457 est
1564 1401 1710 1455 enim
1764 1400 1943 1455 faten-

367 1492 749 1563 dumlobjecto
811 1491 971 1546 veluti
1027 1492 1216 1563 clypeo
1263 1492 1608 1561 patrocinans
1637 1508 1652 1545 :
1684 1491 1764 1547 sic
1801 1492 1943 1546 enim

368 1588 564 1640 merito
624 1585 858 1650 rcfellar,
899 1599 1085 1639 verum
1145 1585 1272 1639 illud
1326 1583 1709 1639 demonstrans
1761 1582 1944 1638 :nihil

2124 577 2317 633 Πολλοὶ
2344 576 2452 629 τῶν
2479 577 2539 629 ἐν
2562 575 2705 629 τέλει
2735 576 3101 647 διαφερόντως
3126 578 3195 646 τῇ
3225 574 3479 649 θειοτάτῃ
3506 577 3632 648 θρη-

2053 667 2211 739 σκεία
2253 669 2631 739 ἀνακείμενοι,
2686 668 2925 738 συνεχῶς
2968 670 3100 739 ἡμῖν
3150 669 3505 736 ἐπιφύονται.
3546 671 3634 723 τὸν

2053 760 2168 830 βίον
2198 760 2291 813 τὸν
2321 760 2415 813 σὸν
2466 760 2859 830 προφέροντες,
2897 760 2990 812 καὶ
3020 758 3113 811 τοῦ
3155 761 3635 831 χειροτονήσαντός

2056 869 2115 905 σε
2151 852 2522 915 καταϐοῶντες
2545 892 2559 917 ,
2602 853 2695 905 καλ⁵
2736 852 2805 905 τά
2845 851 3094 923 ἀχραντα
3148 853 3425 923 ἀνάκτορα
3476 854 3633 921 μολύ-

2054 942 2243 996 νεσθαι
2300 942 2587 1013 λέγοντες,
2624 944 2717 996 καὶ
2766 943 2863 1014 τὴν
2914 942 3214 1013 ἱερωσύνην
3261 943 3632 1016 παροινεῖσθαι

2056 1039 2387 1109 φράζοντες,
2436 1040 2561 1102 τοὺς
2616 1039 3045 1109 βαπτιζομένους
3109 1038 3196 1091 δια
3249 1037 3359 1090 τῶν
3430 1039 3633 1108 μιαρῶν

2058 1148 2153 1184 σου
2204 1132 2403 1202 χειρῶν
2446 1133 2524 1194 είς
2566 1132 2636 1184 τὰ
2692 1128 3011 1199 σωτηριὼδη
3051 1128 3355 1182 ἀδικεῖσθαι
3399 1128 3633 1197 σύμϐολα

2058 1224 2378 1292 φάσκοντες.
2412 1222 2521 1285 Οὓς
2555 1222 2652 1292 οὐχ
2698 1221 2914 1284 ἁπλῶς,
2952 1220 3089 1274 ἀλλὰ
3122 1221 3216 1273 καὶ
3261 1220 3472 1291 σφόδρα
3507 1222 3635 1288 μετά

2052 1313 2399 1383 κατασκευῆς
2435 1313 2651 1384 ἱκανῆς,
2697 1313 2772 1376 ὡς
2801 1312 2979 1381 ἔγωγε
3010 1312 3252 1381 ἡγοῦμαι
3279 1354 3294 1376 ,
3340 1312 3634 1379 ἀποκρινα·

2054 1420 2211 1473 μενος
2246 1404 2589 1473 ὲτρεψάμην·
2616 1405 2677 1457 ού
2700 1403 2796 1456 τοῦ
2828 1404 2921 1456 σοῦ
2951 1403 3067 1472 βίου
3106 1404 3242 1473 (χρὴ
3280 1403 3395 1472 γὰρ
3435 1402 3631 1470 τάληθῆ

2048 1494 2260 1563 λέγειν)
2295 1492 2686 1564 ύπερασπίζων
2714 1510 2727 1523 °
2752 1492 2787 1565 ἦ
2815 1494 2922 1563 γάρ
2951 1495 3016 1545 ἂν
3043 1493 3438 1563 κατεγνώσθην
3464 1508 3477 1522 ⁸
3508 1490 3635 1545 ἀλλα

2047 1584 2204 1637 τοῦτο
2226 1584 2470 1648 δεικνὺς,
2498 1584 2574 1647 ὡς
2608 1584 2758 1637 οὐδὲν
2788 1585 2818 1636 ὁ
2848 1584 3032 1646 λαῖκὸς
3060 1583 3518 1654 παραϐλάπτεται
3548 1582 3632 1635 τοῦ

372 1678 557 1732 violari
607 1678 774 1733 laicos
828 1678 1107 1748 inquinata
1155 1677 1501 1732 sacerdotum
1553 1676 1685 1730 vita.
1719 1674 1787 1731 Ut
1819 1676 1945 1744 ipsis

2054 1675 2242 1747 ἱερέως
2266 1675 2341 1747 μὴ
2373 1671 2431 1729 εὖ
2462 1676 2725 1745 βιοῦντος.
2763 1676 2848 1739 Ὠς
2868 1674 2924 1728 δὲ
2953 1675 3075 1728 οὐδὲ
3118 1674 3292 1738 οὕτως
3337 1674 3503 1728 αὐτὸν
3545 1676 3633 1727 ἒπ-

368 1785 500 1826 vero
533 1771 767 1824 nondum
808 1772 887 1824 sic
915 1785 977 1825 os
1009 1769 1280 1833 obturavi,
1303 1770 1451 1823 clare
1494 1767 1764 1832 dicebant,
1798 1767 1952 1823 nobis

372 1865 424 1917 id
445 1864 658 1932 quidem
686 1864 817 1917 satis
863 1862 1204 1931 persuasisti,
1236 1861 1359 1915 aliis
1399 1874 1527 1915 vero
1550 1860 1803 1914 omnibus
1825 1874 1948 1913 cum

370 1955 545 2009 doctis
580 1964 691 2006 tum
719 1952 973 2016 indoctis,
1018 1953 1141 2020 quis
1181 1950 1556 2022 persuaserit?
1588 1951 1677 2021 qui
1711 1949 1953 2016 quotidie

369 2046 631 2102 conviciis
658 2061 780 2100 cum
828 2043 1199 2114 proscindunt,
1255 2052 1570 2097 evomentes
1597 2056 1659 2096 ea
1687 2056 1803 2101 ore,
1832 2055 1952 2107 qua:

370 2138 529 2192 silere
586 2138 756 2191 multo
806 2137 877 2189 sit
923 2134 1137 2198 melius,
1173 2143 1232 2187 ut
1263 2144 1318 2189 et
1360 2134 1413 2187 in
1456 2148 1677 2189 scenam
1719 2132 1953 2201 denique

370 2228 717 2297 proferantur
742 2239 828 2281 tua
860 2226 1083 2294 ﬂagitia.
1122 2226 1228 2281 Sed
1268 2226 1357 2279 illa
1416 2224 1579 2279 missa
1622 2224 1853 2289 faciens,
1882 2222 1951 2278 ad

371 2320 639 2381 malorum,
662 2319 903 2374 omnium
932 2318 1167 2372 radicem
1210 2317 1515 2372 veniamus.
1544 2315 1659 2382 Qua
1690 2317 1755 2370 de
1783 2331 1948 2370 causa

372 2427 478 2466 non
520 2410 845 2481 persuadeas
883 2408 1076 2462 borum
1112 2407 1377 2462 malorum
1411 2417 1710 2472 auctorem,
1746 2418 1950 2462 etanta

372 2501 624 2558 suscitari
655 2499 1011 2556 temulentia?
1047 2498 1282 2553 Duorum
1315 2500 1461 2552 enim
1499 2499 1729 2553 alterum
1756 2513 1947 2552 neces-

378 2592 528 2648 sario
595 2591 972 2663 cogitandum.
1000 2590 1085 2645 vel
1140 2589 1285 2645 nolle
1335 2590 1673 2659 persuaderi,
1730 2591 1951 2644 tametsi

360 2684 562 2752 pessit,
592 2674 685 2736 vel
708 2697 813 2736 non
858 2696 1038 2760 posse,
1075 2680 1293 2735 tametsi
1353 2679 1601 2741 velit._At
1647 2694 1777 2734 vero
1824 2693 1947 2733 cum

373 2776 527 2845 prius
587 2775 739 2839 illud,
763 2788 959 2842 nempe
991 2773 1132 2840 quod
1183 2788 1306 2826 cum
1373 2772 1574 2842 possis,
1624 2771 1949 2840 persuadere

372 2865 531 2930 nolis,
575 2866 641 2919 de
697 2873 750 2920 te
800 2864 1006 2919 sentire
1064 2861 1218 2917 nefas
1245 2861 1356 2917 sit:
1387 2870 1557 2917 restat
1585 2862 1635 2916 id
1667 2862 1949 2917 existime-

373 2973 513 3020 mus,
545 2956 686 3025 quod
729 2971 853 3011 eum
905 2965 956 3010 te
1004 2954 1422 3010 iusulilcientem
1481 2953 1791 3010 arbitreris.
1819 2968 1951 3008 con-

373 3050 653 3116 quiescere
701 3046 1009 3102 decreveris
1062 3060 1127 3101 ac
1179 3048 1559 3115 supersedere.
1589 3043 1721 3110 Quae
1739 3044 1841 3098 etsi
1874 3044 1950 3097 ita

371 3139 897 3209 se.habeaut,722
956 3153 1057 3205 ego
1098 3150 1275 3193 tamen
1327 3136 1536 3205 pudore
1588 3138 1783 3190 ductus
1844 3152 1950 3189 non

379 3231 606 3301 perinde
638 3228 881 3294 fatebar;
910 3230 1003 3285 sed
1032 3230 1141 3283 dixi
1171 3247 1185 3283 :
1224 3229 1338 3282 haec
1379 3228 1594 3297 quidem
1625 3241 1722 3281 vos
1770 3225 1949 3295 splen-

371 3324 497 3378 dide
521 3323 723 3386 dicitis,
758 3323 851 3376 sed
872 3323 1188 3390 ignorantes
1234 3319 1375 3374 forte
1401 3322 1681 3373 coactione
1706 3317 1849 3387 adigi
1882 3318 1948 3372 ad

370 3414 570 3469 bonum
598 3427 721 3469 esse
751 3413 1045 3467 neminem.
1074 3412 1184 3483 Ego
1210 3425 1339 3464 Vero
1382 3426 1502 3480 quae
1530 3410 1633 3464 mei
1664 3419 1793 3463 sunt
1823 3408 1943 3463 olli-

372 3504 441 3558 cii
466 3505 695 3557 iterabo.
752 3502 879 3556 llaec
929 3501 1074 3556 fatus
1116 3501 1236 3555 illos
1260 3499 1463 3565 dimisi,
1488 3509 1543 3553 et
1577 3508 1947 3553 atramentum

370 3594 625 3664 lacrymis
655 3593 912 3654 miscens,
938 3592 1078 3645 banc
1110 3592 1287 3645 denuo
1311 3592 1555 3646 scribere
1591 3590 1805 3645 decrevi
1830 3590 1945 3659 epi-

370 3684 586 3739 stolam.
632 3682 745 3737 Etsi
795 3682 930 3737 alias
986 3682 1054 3736 ad
1120 3691 1172 3735 te
1231 3680 1427 3749 scripsi
1467 3680 1804 3750 frequenter,
1826 3695 1948 3749 qua:

370 3775 528 3830 bruta
560 3775 723 3829 etiam
746 3784 801 3830 et
829 3775 882 3829 in
916 3774 1096 3830 anima
1125 3783 1329 3843 queant
1363 3774 1660 3843 percellere
1684 3787 1940 3841 corpora,

370 3861 545 3928 ipsum
583 3871 636 3917 te
674 3870 865 3917 testem
932 3862 1167 3933 appello,
1206 3863 1447 3918 noluisse
1482 3871 1535 3917 te
1568 3879 1597 3916 a
1628 3862 1948 3918 libidinibus

369 3952 466 4006 tibi
514 3960 840 4022 tetnperare,
880 3962 942 4008 ut
990 3957 1157 4018 te,ét
1209 3970 1309 4009 nos
1343 3954 1498 4024 culpa
1556 3954 1838 4019 liberares,
1891 3964 1948 4010 et

367 4040 777 4110 obloquentium
827 4058 923 4097 ora
951 4045 1209 4099 obturare
1258 4058 1469 4113 posses.
1502 4040 1656 4109 Quod
1690 4058 1821 4097 vero
1848 4059 1947 4099 ne-

370 4147 475 4201 que
505 4149 648 4188 nunc
676 4135 726 4188 in
778 4144 832 4189 te
861 4136 1132 4189 monendo
1175 4134 1583 4204 supersedeam,
1620 4135 1714 4189 sed
1748 4136 1943 4190 iterum

371 4238 564 4277 uiantis
594 4223 852 4291 injiciam,
890 4227 994 4279 etsi
1022 4226 1305 4279 incurabili
1340 4226 1576 4290 vulneri,
1608 4236 1665 4280 ut
1694 4228 1936 4291 videtur,

2052 1767 2335 1837 εστόμισα,
2360 1767 2725 1837 γεγωνότερον
2745 1768 2956 1836 ἔφησαν
2974 1782 2989 1798 ο
3022 1766 3109 1819 ὃτι
3128 1767 3275 1836 ἡμᾶς
3305 1766 3409 1834 μὲν
3441 1765 3628 1826 ἱκανῶς

2052 1856 2275 1921 ἔπεισας
2295 1898 2308 1923 ,
2340 1858 2467 1921 τοὺς
2488 1858 2543 1909 δὲ
2575 1858 2769 1921 ἀλλους
2798 1859 3006 1921 πάντας
3023 1896 3037 1920 ,
3063 1858 3190 1922 τούς
3212 1875 3271 1909 τε
3296 1857 3630 1926 ἐλλογίμους,

2050 1948 2182 2011 τούς
2229 1966 2288 2001 τε
2338 1948 2631 2018 ἀγελαίους
2675 1949 2758 2012 τίς
2811 1949 3026 2013 πείσει,
3062 1950 3189 2011 τοὺς
3238 1948 3360 2001 καθ’
3408 1948 3630 2017 ἑκάστην

2050 2040 2223 2094 ταῦτα
2251 2040 2646 2111 κωμῳδοῦντας
2665 2040 2760 2112 τὴν
2783 2041 3034 2113 ἡμέραν;
3060 2038 3327 2094 Τοσοῦτον
3377 2038 3630 2093 ὲκπτύον-

2051 2149 2181 2197 τας,
2235 2132 2271 2186 ἃ
2323 2133 2580 2201 σιγᾶσθαι
2613 2132 2889 2205 ἔπρεπεν,
2936 2134 3013 2198 ὡς
3057 2135 3150 2187 καὶ
3184 2132 3629 2206 σκηνοῆατεῖσθαι

2052 2224 2236 2277 λοιπὸν
2264 2226 2330 2277 τά
2364 2227 2495 2295 παρ’
2521 2224 2687 2278 αὐτοῦ
2718 2224 3010 2297 δρώμενα;
3038 2227 3156 2279 Ἵνα
3180 2226 3239 2279 δὲ
3271 2225 3501 2279 ἐκείνων
3532 2224 3630 2292 ἁφ-

2053 2315 2273 2386 έμενοι,
2323 2318 2401 2380 είς
2449 2316 2548 2387 τὴν
2579 2317 2736 2388 ῥίζαν
2776 2318 2886 2370 τῶν
2940 2318 3128 2371 κακῶν
3177 2317 3629 2388 καταγενοίμεθα,

2051 2411 2120 2464 δι’
2159 2411 2227 2483 ἢν
2264 2411 2443 2464 αἰτίαν
2470 2411 2631 2465 αὐτὸν
2662 2411 2753 2465 τὸν
2792 2412 2978 2466 κακῶν
3015 2412 3379 2484 ἀρχιτέκτονα
3417 2414 3478 2465 ού
3517 2413 3625 2465 πεί-

2053 2502 2164 2567 θεις
2217 2505 2528 2571 ἀνενεγκεῖν
2564 2504 2630 2557 ὲκ
2676 2504 2775 2575 τῆς
2804 2504 3075 2575 τοσαύτης
3114 2506 3317 2576 μέθης;
3350 2507 3506 2558 Δυοῖν
3532 2504 3625 2574 γὰρ

2051 2592 2279 2664 θάτερον
2308 2594 2734 2663 ἀναγκαζόμεθα
2763 2596 2985 2663 ἐννοεῖν,
3019 2596 3053 2668 ἢ
3088 2597 3164 2668 μὴ
3194 2597 3487 2666 βούλεσθαι
3516 2599 3626 2649 πεῖ-

2054 2701 2144 2738 σαι
2177 2685 2273 2739 καὶ
2307 2686 2514 2757 σφόδρα
2542 2685 2870 2758 δυνάμενον,
2910 2688 2945 2759 ἢ
2980 2689 3057 2760 μὴ
3084 2689 3346 2743 δύνασθαι
3380 2690 3474 2743 καὶ
3506 2690 3624 2757 σφό-

2050 2774 2153 2845 δρα
2193 2775 2538 2847 βουλόμενον.
2588 2775 2749 2830 Ἀλλὰ
2786 2777 2893 2848 μὴν
2919 2778 2970 2831 εί
3001 2777 3061 2830 τὺ
3090 2778 3362 2849 πρότερον
3395 2779 3493 2834 οὐκ
3521 2778 3625 2831 ἐστι

2054 2866 2346 2919 πιστεῦσαι
2382 2866 2524 2921 κατά
2556 2866 2681 2931 σοῦ,
2718 2868 2793 2931 ὡς
2817 2868 2936 2933 ὲξδν
2974 2869 3185 2923 ἐκείνου
3217 2868 3387 2924 λῦσαι
3416 2872 3512 2942 τὴν
3538 2887 3626 2925 κα-

2053 2959 2177 3012 κίαν
2196 3000 2211 3024 ,
2247 2960 2306 3013 οὐ
2339 2959 2518 3030 βούλει
2538 2976 2553 2991 ο
2588 2960 2837 3014 λείπεται
2859 2963 2921 3015 τὸ
2941 3000 2957 3027 ,
2992 2961 3068 3025 ὼς
3092 2963 3357 3027 ἀδύνατος
3390 2962 3525 3018 εἶναι
3545 2979 3623 3014 voc

2005 3037 2020 3059 '
2057 3043 2258 3113 μίζων,
2302 3046 2402 3117 τὴν
2432 3048 2664 3118 ἡσυχίαν
2698 3049 2947 3119 ἀγαγεῖν.
2986 3050 3131 3120 Ἐγὼ
3169 3052 3225 3105 δὲ
3263 3053 3314 3105 εί
3347 3054 3445 3107 καὶ
3484 3051 3621 3106 ταῦθ’

2052 3134 2225 3199 οὕτως
2259 3136 2409 3206 ἔχει,
2460 3136 2618 3191 τοῦτο
2671 3139 2769 3209 μὲν
2817 3142 2917 3210 οὐχ
2967 3140 3299 3212 ὡμολόγησα
3345 3142 3620 3215 ἐρυθριῶν.

2052 3225 2316 3280 Τοσοῦτον
2360 3228 2418 3280 δὲ
2456 3228 2614 3300 ἔφην,
2655 3230 2737 3283 ὅτι
2782 3230 2976 3300 Ὑμεῖς
3016 3234 3115 3302 μὲν
3160 3232 3332 3287 ταῦτα
3390 3233 3624 3304 σεμνολο-

2050 3315 2263 3383 γεῖσοε,
2299 3317 2399 3370 ούκ
2441 3319 2641 3384 εἰδότες
2675 3322 2827 3383 ῖσως,
2860 3324 2940 3375 ὅτι
2984 3323 3199 3395 ἀνάγκῃ
3249 3325 3475 3396 ποιῆσαί
3516 3340 3621 3377 τινα

2050 3407 2252 3474 ἀγαθὸν
2296 3410 2395 3462 οὐκ
2442 3409 2609 3464 ἐστιν.
2663 3412 2804 3481 Ἐγὼ
2839 3413 2895 3466 δὲ
2923 3414 2992 3468 τά
3032 3417 3161 3486 παρ’
3195 3415 3439 3487 ἐμαυτοῦ
3473 3416 3620 3469 πάλιν

2050 3500 2281 3567 ποιήσω.
2332 3498 2519 3563 Οῦτως
2560 3502 2894 3573 ἀποπέμψας
2942 3506 3223 3570 ἐκείνους,
3260 3510 3360 3560 καὶ
3406 3509 3617 3578 δάκρυσι

2051 3589 2237 3658 σχεδὸν
2298 3591 2538 3660 κεράσας
2582 3594 2643 3645 τὸ
2688 3594 2894 3663 μέλαν,
2937 3597 3031 3648 καὶ⁵
3076 3597 3232 3651 τοῦτο
3264 3599 3499 3669 χαράξαι
3543 3598 3615 3652 διο

2048 3682 2219 3751 έγνων
2246 3684 2305 3736 τὸ
2339 3685 2592 3755 γράμμα.
2631 3686 2754 3740 Ὀτι
2792 3690 2901 3760 γὰρ
2943 3690 3205 3754 πολλάκις
3249 3710 3331 3745 σοι
3354 3694 3611 3764 γέγραφα.

2046 3775 2083 3830 ἃ
2111 3776 2204 3828 καὶ
2242 3776 2339 3845 τὴν
2371 3777 2577 3847 ἄψυχον
2622 3778 2783 3848 φύσιν
2813 3781 3029 3851 κάμψαι
3054 3783 3297 3853 ἠδύνατο
3317 3825 3331 3848 ,
3376 3785 3530 3838 αὐτόν
3563 3799 3613 3835 σε

2047 3868 2198 3922 καλῶ
2232 3870 2519 3941 μάρτυρα,
2551 3870 2644 3923 τὸν
2689 3872 2764 3942 μὴ
2808 3872 3135 3944 βουλόμενον
3177 3877 3484 3948 ἀποστῆναι
3526 3874 3616 3942 τῆς

2046 3959 2325 4027 λαγνείας,
2351 3961 2439 4015 ἴνα
2459 3962 2555 4014 καὶ
2575 3963 2769 4017 σαυτὸν
2794 3964 2887 4016 καὶ
2910 3966 3059 4035 ἡμᾶς
3082 3968 3448 4039 ἐγκλημάτων
3467 3968 3613 4022 ἀπαλ-

2046 4051 2241 4124 λάξῃς,
2276 4054 2369 4105 καὶ
2414 4055 2543 4117 τοὺς
2572 4056 2938 4123 ἐγκαλοῦντας
2972 4059 3355 4131 ὲπιστομίσῃς.
3405 4062 3520 4115 Ὅτι
3561 4058 3611 4113 et

2046 4142 2166 4195 οὐδὲ
2183 4141 2277 4196 νῦν
2295 4160 2376 4197 σοι
2391 4144 2783 4215 ἀποτάττομαι,
2797 4148 2936 4201 ἀλλά
2952 4166 3195 4222 κεκρατη
3205 4152 3354 4223 μένῳ
3377 4150 3607 4222 ἐγχειρῶ.

2049 4235 2143 4288 καὶ
2186 4234 2247 4287 τὸ
2290 4235 2483 4288 δοκοῦν
2523 4237 2819 4309 άχείρωτον
2851 4236 2994 4294 εἶναι
3030 4224 3221 4307 πάθος,
3261 4243 3609 4316 χειρώσασθαι

370 4316 682 4377 tractando,
716 4315 917 4370 litteras
963 4316 1079 4369 ista:
1122 4315 1465 4371 testabantur
1511 4318 1730 4387 scriptae
1776 4320 1945 4374 velte-

2055 4325 2364 4395 πειρῶμαι,
2395 4326 2570 4380 ταῦτα
2618 4332 2958 4401 μαρτυρήσει
2997 4332 3067 4384 τὰ
3100 4315 3407 4404 γράμματα
3435 4333 3606 4406 δριμύ-

366 4406 627 4468 mentius,
652 4420 814 4474 quam
836 4420 972 4474 quas
996 4420 1167 4473 nuper
1198 4407 1339 4464 misi.
1368 4408 1503 4462 Cum
1551 4410 1697 4463 enim
1723 4412 1947 4466 suavio-

368 4510 484 4550 rem
529 4496 879 4549 directionem
926 4495 1458 4567 admouitionemque
1512 4502 1935 4569 contempseris,

368 4586 673 4655 potentiore
701 4595 786 4640 est
814 4585 1099 4640 utendum.
1126 4585 1243 4640 Cur
1293 4587 1457 4659 igitur
1490 4589 1542 4642 in
1571 4598 1623 4644 te
1665 4591 1781 4658 ipse
1808 4593 1945 4646 adeo

370 4678 579 4734 insanis
600 4680 787 4749 (cogor
806 4679 950 4731 enim
984 4692 1104 4747 quae
1130 4678 1326 4734 nollem
1353 4680 1658 4752 proloqui)?
1682 4680 1794 4737 Cur
1822 4699 1945 4737 ma-

370 4769 422 4823 lo
480 4771 836 4838 pertinaciter
895 4770 1170 4825 inhaeres?
1206 4770 1348 4837 Quid
1390 4783 1655 4843 quantum
1698 4774 1751 4827 in
1782 4784 1833 4828 te
1861 4783 1946 4828 est

367 4860 628 4915 virtutem
660 4861 829 4915 allicis
851 4859 1085 4930 injuria?
1113 4859 1224 4916 Cur
1274 4876 1486 4916 sacrum
1518 4862 1687 4917 violas
1736 4864 1945 4919 altare?

368 4952 508 5019 ,ιιι
552 4968 707 5007 sacra
754 4970 862 5007 non
892 4955 1245 5009 exltorrescis
1299 4954 1593 5023 profanare
1640 4956 1944 5025 mysteria?

369 5045 510 5114 Quid
538 5046 610 5098 ita
636 5055 687 5100 te
709 5047 875 5115 geris.
892 5057 951 5100 ut
982 5047 1229 5102 homines
1250 5053 1399 5101 tuam
1418 5046 1582 5101 vitam
1647 5046 1942 5113 intuentes,

367 5136 683 5191 existiment
709 5137 872 5189 etiam
925 5152 1021 5204 per
1064 5136 1208 5190 illam
1242 5152 1396 5191 sacra
1452 5137 1791 5207 coinquinari
1827 5156 1946 5211 my-

366 5226 575 5282 steria?
612 5227 749 5293 Quid
780 5238 969 5294 gentes
1024 5228 1090 5280 ad
1136 5228 1340 5283 Christi
1405 5227 1709 5283 Ecclesiam
1756 5232 1943 5286 venire

366 5316 738 5385 paratissimas
760 5317 955 5384 injuria
983 5317 1172 5384 allicis,
1193 5322 1390 5373 ostium
1427 5319 1591 5374 etiam
1626 5320 1732 5374 illis
1760 5322 1942 5376 occlu-

367 5408 574 5463 deudo?
610 5410 749 5476 Quid
799 5424 1021 5465 scenam
1065 5412 1218 5466 novis
1274 5412 1465 5483 imples
1526 5413 1831 5469 dramatis?
1871 5413 1944 5470 Ut

366 5497 496 5566 quid
540 5512 707 5553 novas
756 5499 881 5553 vitae
936 5500 1200 5567 importas
1250 5502 1535 5558 actiones?
1567 5502 1679 5559 Cur
1729 5515 1943 5560 veteres

366 5586 630 5642 obscuras
694 5590 1025 5657 tragmdias?
1060 5590 1114 5647 Si
1185 5591 1353 5649 Deum
1422 5613 1526 5650 non
1590 5598 1928 5670 timus,quia

2047 4432 2180 4487 τερα
2194 4414 2324 4469 ὄντα
2350 4416 2458 4469 τῶν
2487 4417 2677 4488 πρώην
2705 4437 2786 4473 σοι
2809 4423 3232 4479 ἐπισταλέντων.
3279 4427 3496 4499 Ἐπειδὴ
3516 4426 3606 4495 γὰρ

2045 4507 2145 4576 τῆς
2188 4509 2501 4581 πραοτέρας
2544 4511 2770 4583 ἀγωγῆς
2808 4516 3246 4586 κατεφρόνησας,
3289 4518 3603 4590 ἀνάγκηκαὶ

2046 4600 2112 4667 τῇ
2159 4598 2572 4672 δραστικωτέρα
2619 4603 2955 4673 χρήσασθαι.
3004 4606 3071 4659 Τί
3101 4609 3393 4678 τοιγαροῦν
3436 4606 3604 4663 τοσού-

2045 4705 2136 4741 τον
2164 4687 2583 4761 (ἀναγκάζομαι
2613 4695 2720 4762 γὰρ
2750 4692 2785 4745 ἃ
2812 4693 2887 4764 μὴ
2919 4694 3180 4767 βούλομαι
3212 4699 3450 4768 φράσαι)
3482 4696 3603 4750 κατα

2049 4779 2247 4834 σαυτοῦ
2273 4783 2513 4853 ὲμάνης;
2558 4783 2622 4835 Τί
2650 4784 2750 4855 τῆς
2780 4787 2981 4850 κακίας
3008 4790 3176 4859 ἀπρὶξ
3206 4790 3337 4862 Exn;
3375 4793 3440 4843 Τί
3476 4787 3605 4858 ὑδρί-

2046 4871 2159 4935 ζεις
2195 4872 2321 4940 τόγε
2350 4872 2550 4926 σαυτοῦ
2582 4873 2749 4946 μέρος
2782 4876 2883 4949 τὴν
2914 4878 3147 4955 ἀρετήνς
3189 4881 3254 4933 Τί
3287 4881 3522 4952 χραίνεις
3547 4876 3604 4929 τὰ

2047 4961 2356 5030 ἀνάκτορα;
2411 4964 2464 5015 τί
2513 4964 2612 5034 τὴν
2651 4966 2802 5020 θείαν
2852 4969 3075 5039 τελετὴν
3125 4971 3510 5041 ἐξορχούμενος
3549 4969 3599 5020 ού

2047 5052 2324 5120 φρίττεις;
2360 5052 2423 5103 Τί
2456 5058 2899 5124 παρασκευάζεις
2930 5062 3057 5125 τοὺς
3085 5063 3405 5134 ἀνθρώπους
3436 5062 3507 5131 τῷ
3537 5060 3601 5128 σῷ

2048 5140 2150 5211 βίῳ
2188 5142 2554 5211 προσέχοντας
2600 5148 3098 5217 παρασλάπτεσθαι
3149 5155 3392 5224 νομίζειν
3420 5157 3506 5209 καὶ
3533 5155 3599 5212 εἰς

2044 5235 2112 5287 τὰ
2144 5235 2459 5306 σωτηριώδη
2489 5237 2766 5307 σύμϐολα;
2798 5243 2862 5293 Τί
2900 5244 2993 5296 καὶ
3020 5247 3147 5307 τοὺς
3180 5247 3289 5300 ἀπὸ
3316 5247 3424 5300 τῶν
3451 5244 3597 5299 ἐθνῶν

2045 5327 2432 5396 ἐτοιμοτάτους
2464 5328 2624 5394 ὄντας
2659 5332 2737 5391 είς
2770 5332 2868 5401 τὴν
2909 5335 3238 5406 Ἐκκλησίαν
3288 5334 3596 5408 μεταφοιτῆσι

2046 5435 2173 5483 σαι,
2218 5419 2424 5483 ἀδικεῖς
2473 5421 2757 5476 ἀποσοϐῶν
2801 5427 2905 5495 τὴν
2932 5424 3139 5496 θύρανς
3176 5430 3243 5482 Τί
3274 5430 3372 5502 τὴν
3417 5427 3593 5512 σκηνὴν

2045 5510 2327 5581 νεωτέρων
2370 5511 2662 5583 δραμάτων
2711 5516 3154 5584 ὲνέπλησας;,Τί
3202 5522 3365 5575 καινά
3406 5510 3480 5588 τῷ
3508 5517 3594 5586 βίῳ

2047 5601 2325 5670 εἰσφέρεις
2368 5602 2432 5654 τὶ
2461 5602 2742 5672 δράματας
2773 5607 2836 5659 Τί
2876 5607 2973 5673 τὰς
3004 5611 3247 5677 παλαιὰς
3292 5608 3591 5683 ἀπέκρυψας
