3864 6114
258 274 400 343 1645

1129 277 1665 340 ἘΡΙΒΞΟΕΑΒΗΜ
1702 279 1851 339 LIB.
1890 278 1959 339 Υ.
1998 306 2066 314 -
2105 278 2336 342 EPIST.
2381 280 2643 348 DLXIX.

3368 283 3504 348 tute

258 390 595 463 τραγῳδίαςς
643 394 707 447 Εἰ
747 393 808 447 τὸ
838 393 979 447 θεῖον
1021 393 1080 446 οὐ
1118 393 1253 462 φοϐῇ
1277 434 1293 457 ,
1343 391 1640 463 ἐπειδήπερ
1689 389 1828 451 τέως

1936 394 2195 446 hactenus
2217 393 2269 445 in
2306 402 2358 446 te
2385 392 2706 461 longanimis
2726 394 2957 458 exstitit,
2991 391 3075 448 vel
3104 394 3362 449 homines
3394 394 3510 450 sal-

263 481 636 552 μακροθυμεῖ,
660 483 763 537 κᾶν
792 484 918 546 τοὺς
948 482 1269 553 ἀνθρώπους
1289 480 1565 550 αἰδέσθητι
1585 496 1599 509 ο
1630 480 1677 532 εἰ
1708 478 1833 549 κρί-

258 586 348 623 σιν
396 571 471 641 μὴ
516 571 720 637 δέδιας,
768 572 870 627 κᾶν
910 572 1152 644 χρηστῆς
1194 570 1517 642 ὑπολήψεως
1556 568 1837 641 ἀντιποίη-

263 678 373 717 σαι.
421 664 481 715 El
513 662 680 733 μηδὲν
723 659 862 717 εἶναι
900 666 1008 735 ἡγῇ
1051 661 1189 733 μετὰ
1221 662 1319 733 τὴν
1353 660 1601 714 ἐντεῦθεν
1628 658 1833 728 ἀποδη-

264 752 394 820 μίαν
432 751 620 824 (τοῦτο
663 753 769 825 γὰρ
813 755 869 807 αἰ
913 752 1104 823 σεμναί
1155 769 1246 806 σου
1291 752 1518 823 πράξεις
1566 750 1835 821 λαμπρῶς

263 840 487 910 βοῶσι),
515 843 629 896 ’κᾶν
658 845 756 911 τὴν
801 843 909 896 τῶν
940 842 1243 915 ἀνθρώπων
1272 841 1562 913 κωμῳδίαν
1604 840 1835 911 εὐλαϐή-

260 933 404 1004 θητι.
442 936 503 987 Ei
530 935 587 989 δὲ
628 936 760 1007 μηδὲ
789 935 989 1006 ταύτης
1017 935 1172 1003 λόγον
1202 936 1366 1005 ποιῇ,
1400 933 1503 987 κάν
1544 934 1605 986 τὸ
1639 932 1832 987 καθαι-

265 1020 486 1091 ρεθῆναι
520 1023 803 1094 φοϐήθητι.
852 1023 1007 1085 Εἰκὸς
1051 1023 1160 1092 γάρ
1210 1039 1267 1075 σε
1311 1021 1466 1076 τοῦτο
1526 1021 1735 1078 παθεῖν.
1770 1022 1833 1075 Ei

265 1109 373 1178 γὰρ
398 1110 493 1163 καὶ
519 1110 615 1163 νῦν
639 1111 811 1164 ταῦτα
838 1111 978 1182 δρῶν
1005 1113 1105 1164 οὐκ
1133 1110 1490 1182 ὲξοστρακίζῃ
1513 1128 1528 1142 ·
1553 1111 1696 1165 ἔοικε
1723 1111 1832 1182 γὰρ

262 1199 292 1248 ό
340 1199 722 1270 χειροτονήσας
764 1217 822 1252 σε
856 1203 923 1271 τῇ
972 1201 1143 1271 κακίᾳ
1190 1200 1434 1270 χαίρειν,
1476 1201 1609 1254 ἀλλὰ
1648 1200 1833 1265 τσωςό

267 1286 387 1356 μετ’
426 1288 586 1341 αὐτὸν
616 1288 770 1342 τοῦτο
805 1292 1040 1360 ποιήσει.
1067 1290 1177 1344 Kal.
1201 1291 1281 1361 τῷ
1316 1290 1463 1361 θείῳ,
1499 1291 1589 1344 καὶ
1619 1291 1696 1361 τῷ
1734 1291 1832 1346 θυ-

266 1378 587 1449 σιαστηρίῳ,
620 1380 709 1432 καὶ
738 1383 850 1443 τοῖς
886 1383 1173 1452 ἀκράντοις
1211 1382 1550 1453 μυστηρίοις,
1590 1382 1684 1435 καὶ
1719 1384 1833 1445 τοῖς

264 1467 570 1538 ἀνθρώποις
621 1469 1100 1542 ἀπολογησάμενος
1143 1472 1277 1543 (64).
1330 1472 1542 1535 Πολλοὶ,
1587 1466 1633 1524 ὦ
1680 1470 1830 1524 ἄθλιε

264 1557 484 1629 Ζώσιμε
518 1560 935 1631 (ἀναγκάζομαι
956 1563 1051 1616 καὶ
1073 1564 1154 1627 είς
1176 1563 1405 1634 θρήνους
1431 1562 1696 1631 ἐξελθεῖν)
1726 1562 1832 1633 πρδ

267 1647 365 1700 σοῦ
410 1649 695 1716 γεγόνασιν
727 1649 943 1712 ἀσεϐεῖς
972 1667 1032 1703 τε
1080 1651 1174 1704 καὶ
1221 1651 1560 1725 ἁμαρτωλοὶ,
1595 1653 1731 1721 μήτε
1769 1650 1831 1703 τῦ

263 1738 409 1790 θεῖον
434 1739 781 1810 φοϐηθέντες,
816 1742 951 1811 μήτε
977 1740 1091 1810 βίου
1120 1720 1357 1812 χρηστοῦ
1376 1720 1793 1812 ἐπιμεληθέντες
1813 1755 1827 1769 ·
1860 1720 1905 1776 Β

262 1828 401 1880 ἀλλά
430 1829 633 1892 πάντας
659 1829 725 1883 σὺ
755 1831 1079 1902 παρήλασας
1097 1846 1114 1863 ο
1145 1831 1362 1885 πάντων
1387 1829 1611 1884 ἐκείνων
1635 1831 1825 1898 ἐγένου

264 1925 557 1992 κορυφαῖος
581 1938 595 1953 °
646 1924 871 1977 ἄπιστον
900 1925 995 1977 καὶ
1028 1924 1306 1995 ἀμίμητον
1345 1923 1693 1995 παράδειγμα
1740 1922 1833 1992 γέ·

263 2029 445 2079 γονας.
479 2013 673 2083 Ἔσχον
690 2015 798 2083 γὰρ
818 2014 1012 2067 ἐκεῖνοί
1039 2031 1190 2077 τινας
1214 2013 1434 2084 ἀρετάς,
1460 2015 1524 2067 σὺ
1550 2013 1607 2066 δέ
1633 2016 1698 2087 τῇ
1733 2014 1831 2084 μὲν

258 2103 435 2174 κακίᾳ
466 2103 563 2155 καὶ
606 2106 727 2168 ταῖς
760 2104 973 2174 ἡδοναῖς
1006 2104 1265 2168 ἐσπείσω,
1299 2104 1435 2175 πρὸς
1466 2103 1523 2157 δὲ
1566 2103 1663 2174 τὴν
1705 2105 1833 2175 ἀρε-

260 2194 363 2264 τὴν
391 2184 698 2263 ἀκήρυκτον
738 2194 1019 2247 ἐπανείλου
1050 2193 1143 2248 τὸν
1170 2194 1410 2264 πόλεμον
1430 2209 1444 2222 ·
1475 2193 1693 2246 πάντων
1736 2192 1830 2262 γέ-

261 2302 429 2352 γονας
462 2284 719 2355 κωμῳδία
758 2283 859 2338 καῖ
883 2283 1057 2352 γέλως
1077 2285 1173 2338 καὶ
1202 2284 1497 2339 σκάνδαλον
1521 2302 1535 2317 ·
1569 2283 1831 2356 θεώμενοι

260 2379 371 2448 γάρ
414 2395 472 2430 σε
517 2378 634 2440 ταῖς
683 2379 905 2448 μιαραίς
960 2376 1116 2448 χερσὶ
1164 2376 1272 2429 τῶν
1304 2376 1473 2447 ἱερῶν
1527 2377 1832 2447 ἀπτόμενον

263 2467 614 2538 μυστηρίων,
666 2467 1049 2538 ἀποπηδῶσιν,
1101 2467 1338 2539 ἀμύητοι
1391 2467 1591 2537 μᾶλλον
1640 2465 1830 2538 αἱρούο

263 2576 417 2628 μενοι
446 2557 606 2621 εἶναι,
634 2557 668 2628 ἢ
712 2559 865 2629 παρὰ
899 2557 1223 2629 ἀκαθάρτων
1256 2556 1352 2610 καὶ
1381 2557 1592 2627 μιαρῶν
1630 2556 1831 2626 χειρῶν

256 2650 328 2702 τά
362 2650 606 2719 ἀχραντα
637 2647 888 2711 δέξασθαι
920 2647 1089 2716 δῶρα,
1128 2648 1305 2700 καίτοι
1355 2646 1527 2699 πολλὰ
1572 2646 1832 2709 πολλάκις

259 2736 391 2808 παρ’
430 2735 561 2807 ἐμοῦ
618 2733 940 2797 ἀκούοντες,
978 2734 1063 2797 ιὼς
1127 2733 1280 2786 οὐδὲν
1326 2726 1500 2805 ταύτῃ
1550 2732 1831 2800 παραὸλά-

258 2845 507 2892 πτονται,
545 2827 688 2890 τινὲς
722 2827 820 2896 μὲν
846 2824 1023 2878 αὐτῶν
1051 2823 1111 2876 οὐ
1137 2821 1437 2887 πείθονται,
1465 2823 1607 2885 τινὲς
1623 2823 1678 2874 δὲ
1708 2820 1829 2874 οὐδὲ

257 2920 357 2982 τὰς
383 2918 551 2980 ἀκοὰς
594 2917 856 2988 ὑπέχουσι
894 2913 1161 2987 ρᾳψωδεῖν
1194 2914 1325 2984 περὶ
1356 2912 1547 2966 τούτου
1581 2912 1830 2981 νομίζον-

1938 490 2044 536 tem
2110 496 2387 536 reverere.
2421 482 2477 537 Si
2505 483 2765 553 judicium
2807 484 2925 553 ejus
2986 499 3090 539 non
3139 485 3503 552 pertimescis.

1935 570 2089 623 home
2122 578 2299 625 tamen
2322 570 2489 627 fama
2514 573 2778 628 rationem
2810 572 2973 628 habe.
3003 572 3059 627 Si
3084 572 3216 628 nihil
3248 583 3371 644 post
3401 575 3504 631 hoc

1934 660 2058 715 vitae
2084 662 2337 715 exsilium
2374 662 2487 716 fore
2517 663 2818 728 existimas,
2849 664 2993 733 quod
3043 666 3227 731 gravia
3282 675 3368 718 tua
3396 666 3505 719 cri-

1935 754 2079 807 mina
2122 754 2262 809 satis
2308 763 2561 822 arguunt,
2592 756 2897 809 mortalium
2957 755 3149 810 saltem
3204 758 3504 824 reprehen-

1933 844 2140 899 sionem
2189 844 2440 899 l‘ormida.
2474 844 2570 899 Sin
2628 845 2821 899 horum
2871 844 3005 899 nihil
3062 860 3243 909 curas,
3268 846 3500 899 rescindi

1933 934 2122 988 saltem
2158 941 2209 987 te
2255 933 2324 987 ah
2358 932 2603 989 Ecclesia
2639 948 2737 1003 par
2761 942 2901 989 erat.
2932 933 3167 1002 Equum
3223 935 3367 987 enim
3392 934 3502 990 hoc

1936 1033 1987 1077 te
2018 1023 2149 1093 pati.
2178 1022 2235 1078 Si
2275 1025 2418 1078 enim
2446 1025 2747 1079 etiamnum
2775 1024 2899 1077 talia
2928 1024 3269 1079 committens
3299 1022 3500 1094 ﬂagitia

1933 1128 2039 1168 non
2097 1113 2381 1183 expelleris
2443 1114 2695 1186 (videtur
2751 1116 2907 1169 ‘enim
2962 1114 3052 1183 qui
3110 1123 3166 1169 te
3223 1114 3499 1167 ordinavit

1931 1205 2632 1274 sacerdotemimprobitate
2662 1208 2953 1276 gaudere),
2982 1215 3171 1259 tamen
3204 1205 3324 1274 ejus
3343 1204 3495 1260 Tort-o

1932 1309 2214 1352 successor
2238 1296 2288 1349 id
2313 1295 2498 1360 faciet,
2537 1305 2591 1350 et
2614 1296 2745 1363 Deo,
2775 1296 3040 1364 altarique
3092 1304 3148 1350 et
3186 1297 3339 1365 puris
3372 1312 3491 1368 my-

1931 1386 2135 1447 steriis,
2163 1386 2581 1455 hominibusque
2607 1401 2719 1440 rem
2752 1395 2962 1454 gratam
3006 1385 3186 1440 faciet.
3206 1386 3486 1456 Plerique,

1930 1490 1964 1530 ο
2017 1476 2181 1530 miser
2226 1476 2490 1541 Zusime(
2507 1477 2561 1530 in
2606 1476 2847 1531 lamenta
2894 1479 3066 1531 etiam
3131 1491 3486 1547 prorumpere

1930 1566 2231 1636 cegimur),
2268 1575 2396 1620 ante
2427 1576 2477 1621 te
2506 1566 2722 1621 luerunt
2756 1567 2906 1637 impii
2950 1568 3190 1636 quidem,
3211 1576 3265 1623 et
3300 1580 3495 1637 pecca-

1934 1664 2100 1720 tores,
2118 1672 2291 1725 neque
2309 1655 2477 1712 Deum
2496 1657 2770 1725 timentes,
2790 1672 2963 1726 neque
2980 1657 3146 1729 t‘rugi,
3170 1658 3491 1713 honestam-

1934 1760 2039 1815 que
2067 1754 2323 1801 curantes
2345 1745 2531 1810 vitam,
2557 1748 2655 1802 sed
2709 1748 2960 1803 omnibus
3013 1762 3044 1802 a
3086 1758 3235 1818 tergo
3270 1747 3497 1812 relictis,

1933 1837 2110 1890 factus
2133 1842 2315 1891 tamen
2352 1850 2412 1890 es
2436 1838 2780 1909 coryphaeus,
2813 1837 3034 1892 inﬁdum
3062 1848 3120 1892 et
3146 1852 3251 1893 non
3281 1837 3499 1893 imitati.

1936 1927 2061 1981 dum
2090 1928 2335 1994 praebens
2366 1927 2694 1996 exemplum.
2718 1926 2959 1982 Habeant
2981 1927 3125 1981 enim
3148 1927 3231 1981 illi
3265 1926 3497 1980 virtutes

1935 2010 2167 2077 aliquas,
2202 2021 2257 2065 tu
2300 2026 2430 2067 vero
2472 2028 2592 2066 cum
2626 2013 2996 2083 improbitate,
3027 2028 3093 2068 ac
3137 2014 3500 2083 voluptatibus

1932 2100 2106 2156 foedus
2137 2102 2358 2165 inivisti,
2392 2112 2554 2170 atque
2598 2103 2939 2170 implacabile
2994 2120 3116 2159 cum
3152 2106 3354 2160 virtute
3387 2105 3499 2159 bel-

1933 2189 2040 2245 lum
2077 2193 2383 2261 suscepisti.
2431 2192 2683 2247 Omnium
2728 2194 2959 2264 denique
2984 2194 3161 2251 factus
3199 2211 3259 2259 es
3292 2195 3496 2259 fabula,

1932 2282 2074 2335 risus
2128 2292 2183 2337 et
2219 2283 2551 2339 scandalum.
2583 2282 2762 2353 7231
2782 2285 3015 2355 Cognito
3063 2285 3208 2340 enim
3240 2294 3300 2340 te
3341 2300 3501 2340 esse-

1931 2371 2147 2427 crandis
2184 2381 2419 2428 tractare
2459 2373 2708 2429 manibus
2729 2389 2885 2430 sacra
2912 2376 3090 2431 missa:
3110 2377 3498 2447 mysteria,re-

1931 2461 2130 2516 cedunt
2149 2461 2425 2527 homines,
2451 2461 2768 2532 maluntque
2790 2477 2897 2517 non
2923 2462 3148 2528 initiari,
3165 2477 3326 2533 quam
3355 2474 3412 2518 ut
3428 2464 3526 2536 ab.

1932 2552 2175 2620 impuris,
2214 2552 2597 2621 sceleratisque
2634 2552 2884 2609 manibus
2919 2568 3053 2623 pura
3076 2563 3134 2609 et
3157 2554 3496 2609 immaculata

1930 2643 2228 2711 suscipiant
2260 2657 2508 2698 munera.
2540 2643 2609 2698 Et
2640 2645 2853 2698 tametsi
2892 2645 3043 2699 multi
3092 2644 3288 2714 saepius
3315 2659 3382 2698 es
3411 2658 3498 2699 tne

1930 2735 2199 2789 audierint
2223 2734 2573 2803 nibil,horum
2602 2736 2815 2799 obesse,
2838 2734 3057 2802 quidam
3084 2743 3262 2789 tamen
3285 2734 3493 2789 assensi

1932 2840 2035 2880 non
2081 2834 2226 2890 sunt,
2258 2825 2477 2894 quidam
2523 2839 2656 2879 vero
2690 2839 2759 2879 ne
2807 2825 3032 2879 auribus
3064 2824 3280 2894 quidem
3328 2824 3497 2893 aequis

1930 2914 2223 2984 accipiunt,
2246 2913 2432 2983 nugari
2469 2927 2555 2967 me
2583 2913 2889 2982 Opinantes.
2917 2912 2985 2967 Et
3031 2911 3270 2977 Balaam,
3291 2923 3345 2967 et
3366 2911 3491 2967 Cai-

256 3027 371 3072 τες.
397 3008 510 3063 Καὶ
534 3008 625 3061 τὸν
654 3006 882 3076 Βαλαὰμ
900 3005 996 3059 καὶ
1024 3004 1117 3058 τὸν
1140 3003 1398 3072 Καϊάφαν
1425 3002 1824 3099 πφεόαλόμην,

1931 3003 2089 3073 pham
2141 3003 2194 3057 in
2247 3004 2483 3058 medium
2543 3003 2719 3071 attuli,
2754 3004 3111 3073 impiissimus
3165 3004 3496 3073 quidemet

257 3097 660 3159 ἀσεϐεστάτους
694 3095 791 3166 μὲν
825 3095 919 3147 καὶ
958 3091 1323 3155 ἀδικωτάτους
1354 3091 1675 3159 γεγονότας,
1710 3085 1829 3143 εἶτα

1931 3094 2331 3163 injustissimos,
2346 3093 2491 3148 illum
2524 3093 2742 3163 quidem
2764 3094 3192 3149 benedictionem
3210 3091 3465 3163 proteron
3478 3118 3499 3133 -

259 3188 353 3243 τὸν
389 3187 490 3259 μὲν
516 3186 613 3250 τὰς
648 3184 896 3253 εὐλογίας
937 3182 1438 3252 ἀποφθεγξάμενον,
1468 3180 1558 3235 τὸν
1597 3179 1654 3233 δέ
1690 3198 1830 3251 ,προ-

260 3278 631 3348 φητεύσαντα.
661 3276 773 3328 Kal.
800 3273 895 3327 τοῦ
928 3274 1159 3344 κόρακος
1184 3272 1241 3326 δὲ
1270 3270 1363 3325 τοῦ
1394 3271 1702 3343 ἀκαθάρτου
1733 3271 1832 3325 καὶ

263 3368 580 3439 μισοτέκνου
609 3363 809 3433 πτηνοῦ
836 3363 945 3435 (65)
977 3364 1378 3434 ἐμνημόνευσα,
1405 3363 1470 3416 δι’
1493 3354 1554 3415 οῦ
1582 3363 1611 3415 ὁ
1644 3362 1828 3426 Ἠλίας

260 3458 494 3527 ἐτράφη.
545 3454 705 3509 Ἀλλά
740 3454 914 3508 καίτοι
945 3456 1003 3509 ἐν
1039 3455 1171 3506 πᾶσι
1205 3455 1317 3517 τοῖς
1358 3452 1538 3516 ἄλλοις
1575 3452 1829 3522 πειθόμε-

264 3565 371 3611 νσι,
396 3549 490 3601 καὶ
513 3546 904 3611 ἐκθειάζοντες,
927 3545 1027 3597 οὐκ
1053 3543 1295 3597 ἐθέλουσι
1326 3544 1607 3597 πείθεσθαι
1638 3546 1696 3597 ἐν
1717 3545 1829 3606 τοῖς

256 3643 392 3712 περὶ
438 3640 531 3693 σοῦ
578 3639 910 3709 λεγομένοις.
963 3637 1059 3690 Ἐκ
1088 3637 1196 3708 γὰρ
1242 3638 1342 3706 τῆς
1386 3635 1690 3705 ὑπερϐολῆς
1721 3633 1828 3687 τῶν

260 3731 809 3801 πεπλημμελημένων
870 3746 954 3782 σοι
1011 3729 1106 3781 καὶ
1167 3725 1671 3797 πλημμελουμένων
1728 3724 1828 3795 τὴν

261 3822 513 3877 ἐναντίαν
568 3822 793 3891 φέρουσι
838 3819 1055 3889 ψῆφον,
1088 3818 1149 3870 οὐ
1183 3820 1295 3880 τοῖς
1343 3816 1656 3887 λεγομένοις
1697 3815 1828 3886 παρ’

260 3912 422 3985 ἐμοῦ,
442 3912 579 3966 ἀλλά
605 3916 715 3975 τοῖς
742 3910 1137 3983 πραττομένοις
1156 3908 1307 3979 παρὰ
1333 3907 1428 3961 σοῦ
1452 3908 1825 3978 προσέχοντες,

261 4004 358 4058 καὶ
380 4005 478 4064 τὰς
509 4001 858 4072 παραινέσεις
888 3999 1283 4067 ἀποσειόμενοι.
1317 3996 1456 4050 Ἀλλ’
1483 3991 1549 4060 ὦ,
1575 3995 1629 4048 τί
1652 4012 1711 4049 σε
1733 4013 1829 4049 κα-

260 4095 425 4155 λέσας
477 4091 841 4162 προσ-ἅψωμαι
875 4090 967 4142 καὶ
1017 4090 1115 4157 τῆς
1146 4087 1432 4157 άληθείας;
1476 4086 1541 4139 Τί
1569 4087 1624 4139 δὲ
1658 4085 1830 4138 είπὼν

259 4183 556 4248 ἀπαλλάξω
599 4199 658 4235 σε
689 4182 789 4251 τῆς
833 4181 1059 4251 μανίας;
1097 4179 1247 4233 Τίδέ
1278 4179 1495 4250 γράψας
1534 4178 1725 4231 παύσω
1766 4194 1825 4230 σε

258 4277 361 4345 τῆς
383 4270 695 4340 ἀσελγείας;
721 4270 754 4341 ἢ
777 4270 1022 4322 πέπαυσο
1048 4267 1273 4321 τοιαῦτα
1302 4267 1464 4340 δρῶν,
1492 4268 1525 4338 ἢ
1551 4267 1648 4337 τῆς
1677 4268 1829 4339 ἱερᾶς

1932 3193 2060 3249 tem,
2091 3184 2233 3239 hunc
2255 3186 2418 3239 etiam
2469 3184 2909 3255 prophetantem.
2939 3184 3231 3239 Mcmoravi
3275 3193 3332 3238 et
3375 3197 3499 3238 cor-

1927 3290 2052 3328 vum
2086 3290 2238 3329 avem
2273 3275 2562 3345 impuram,
2598 3274 2771 3344 pullos
2802 3274 2929 3341 odio
2984 3273 3298 3339 habentem,
3329 3288 3361 3328 a
3389 3290 3498 3344 qua

1931 3364 2075 3419 Elias
2102 3365 2153 3418 in
2183 3363 2402 3418 deserto
2445 3365 2712 3420 alebatur.
2747 3363 2853 3418 Sed
2879 3362 3002 3417 aliis
3038 3362 3298 3418 omnibus
3336 3363 3498 3418 rebus

1928 3454 2156 3522 assensi,
2184 3453 2535 3524 religionique
2574 3454 2851 3519 ducentes,
2879 3454 2931 3508 in
2975 3452 3062 3508 his
3113 3462 3294 3507 tamen
3350 3453 3416 3508 de
3442 3463 3493 3508 te

1927 3545 2181 3600 assentiri
2216 3553 2560 3601 recusarunt.
2589 3544 2635 3598 A
2660 3544 2814 3614 copia
2842 3544 2988 3599 enim
3038 3542 3368 3612 ﬂagitiorum
3393 3542 3494 3598 abs

1930 3646 1984 3692 te
1999 3636 2435 3703 commissorum,
2473 3649 2702 3705 quaeque
2731 3636 2786 3690 in
2841 3635 2959 3690 dies
3001 3634 3195 3690 delicta
3225 3634 3494 3698 admittis,

1929 3728 1980 3782 in
2000 3727 2329 3782 contrarium
2358 3726 2537 3782 ferunt
2580 3726 2931 3792 sententiam,
2960 3741 3068 3781 non
3105 3726 3174 3782 iis
3199 3740 3321 3796 quae
3348 3740 3377 3779 a
3404 3738 3492 3778 me

1930 3818 2201 3883 dicuntur,
2222 3817 2314 3871 sed
2340 3831 2460 3885 quae
2484 3831 2514 3870 a
2540 3826 2598 3871 te
2626 3818 3062 3882 committuntur,
3095 3815 3288 3871 intenti
3313 3815 3496 3870 admo-

1929 3908 2158 3963 nitiones
2182 3908 2343 3963 ctiam
2382 3907 2747 3977 repudiantes.
2776 3906 2884 3962 Sed
2936 3907 3066 3975 quid
3094 3916 3148 3962 te
3193 3921 3416 3970 vocans,
3436 3916 3495 3962 et

1930 3998 2210 4051 adltazrebo
2233 3995 2467 4053 veritati.
2492 3994 2631 4060 Quid
2660 3995 2846 4050 dicens
2878 3995 2946 4048 ab
2969 3995 3208 4049 amentia
3239 3994 3491 4049 liberabo

1929 4089 2013 4143 te?
2039 4086 2175 4152 Quid
2204 4086 2452 4141 scribens
2472 4101 2503 4139 a
2529 4085 2750 4140 libidine
2770 4095 2826 4139 et
2856 4084 3171 4155 impuritate
3207 4093 3259 4140 te
3304 4084 3490 4139 vindi-

1930 4178 2102 4233 cabo?
2135 4177 2215 4232 vel
2239 4177 2364 4231 talia
2394 4177 2731 4232 committere
2748 4177 2957 4241 desine,
2980 4176 3061 4232 vel
3085 4193 3115 4231 a
3143 4190 3303 4231 sacra
3338 4190 3495 4230 men-

1930 4287 1987 4325 sa
2037 4271 2276 4335 discede,
2312 4280 2372 4326 ut
2429 4280 2543 4326 tuto
2576 4271 2812 4342 denique
2865 4271 3121 4326 Ecclesia:
3168 4270 3372 4325 alumni
3425 4270 3494 4324 ad

260 4362 545 4434 τραπέζης
588 4361 782 4414 σαυτὸν
822 4358 1080 4430 χὼρισονο
1111 4358 1177 4412 ἶν’
1218 4358 1390 4421 ἀδεῶς
1432 4357 1617 4411 λοιπὸν
1649 4359 1699 4411 oi
1729 4358 1829 4429 τῆς

1932 4379 2085 4420 sacra
2112 4363 2373 4417 accedant
2400 4366 2680 4435 mysteria,
2711 4366 2831 4425 sine
2875 4366 3071 4435 quibus
3096 4364 3330 4420 salutem
3359 4376 3492 4418 eon-

270 4454 605 4522 ‘Exxlnaia;
633 4451 889 4523 τρόφιμοι
914 4452 1026 4513 τοῖς
1055 4449 1219 4514 θείοις
1263 4448 1673 4520 προσέρχωνται
1720 4467 1828 4521 μυ-

266 4542 534 4613 στηρίοις,
565 4534 639 4593 ὧν
666 4541 791 4594 ἀνευ
825 4538 1060 4609 σωθῆναι
1090 4537 1187 4609 οὐχ
1213 4533 1323 4590 οἶόν
1351 4554 1431 4591 τε.

1933 4456 2084 4527 sequi
2118 4464 2410 4524 nequeant.

1386 4714 1621 4772 VARle
1661 4715 2038 4774 LECTIONES
2078 4716 2163 4772 ET
2204 4715 2434 4773 ΝΟΤᾹΞ.

364 4876 455 4946 64)
499 4871 999 4943 ’Λπολογησάμενος
1029 4870 1187 4946 ambo
1221 4870 1375 4926 codd.
1421 4872 1475 4925 in
1525 4869 1704 4924 futuro
1735 4886 1830 4939 po-

267 4944 734 5023 ttutttdscribetttes
767 4944 1259 5023 ἁπολογησόμιιινοςἶ

339 5019 453 5090 (65)
481 5017 852 5090 Μισοτέκνου
880 5007 1129 5090 acina-05.
1176 5012 1340 5090 Aliter
1366 5007 1827 5090 μισοτέκνουςτιίξ.

267 5076 475 5143 Plinius
500 5089 591 5140 lih.
629 5104 659 5141 ιι
694 5086 889 5139 Natur.
916 5076 1082 5142 Ηίεε..
1108 5096 1227 5149 cap.
1258 5081 1344 5147 12,
1367 5076 1440 5134 de
1459 5079 1634 5135 corvis
1662 5095 1675 5131 :
1708 5076 1827 5131 Pel-

263 5160 386 5214 lam
418 5156 553 5210 nidis
584 5156 779 5225 pullas,
803 5171 865 5209 ac
894 5163 1065 5208 vetare
1096 5162 1324 5221 cogunt;
1372 5152 1461 5217 qui
1499 5158 1547 5202 et
1582 5149 1680 5217 ipsi
1729 5162 1828 5201 non

1934 4887 2089 4925 carne
2115 4880 2311 4924 tantum
2340 4870 2577 4935 aluntur,
2600 4871 2689 4923 sed
2713 4870 2946 4923 robustus
2965 4882 3167 4937 quoque
3186 4862 3353 4936 factos
3371 4882 3495 4923 suos

1934 4941 2119 5009 fugant
2168 4941 2395 5009 longius.
2446 4942 2510 4995 Et
2552 4954 2674 4994 mox
2731 4952 2747 4991 :
2800 4940 2992 5009 singuli
3037 4949 3283 5009 perpetuo
3322 4937 3496 4991 volant

1932 5005 2189 5077 geititores
2240 5005 2405 5061 soboli
2454 5010 2565 5062 loco
2606 5008 2810 5060 cedunt.
2857 5005 3015 5077 Plura
3067 5021 3133 5077 es
3172 5005 3396 5077 Aristot.
3430 5017 3497 5060 ἰιι

1933 5072 2153 5133 ὶΕΙίθιιο
2184 5078 2268 5133 Jo.
2301 5077 2527 5132 Bochius
2554 5078 2622 5131 ad
2649 5076 2785 5145 psal.
2813 5090 2969 5130 εχινι
3001 5076 3054 5132 in
3103 5076 3227 5130 line.
3250 5072 3490 5132 SCIOTI'.
