3864 6114
309 283 434 352 1681

1734 282 2134 356 ALLOQUIA.
2241 303 2251 311 -

3410 271 3546 338 1682

306 417 457 471 ματι*
522 381 976 470 Ἑνανθρωπήσας
1014 399 1042 450 6
1088 397 1182 450 τοῦ
1226 396 1361 452 Θεοῦ
1410 397 1581 464 Λόγος
1634 398 1876 469 μεγάλην

1991 406 2124 451 ctum
2165 395 2325 450 homo
2363 393 2452 450 Dei
2487 393 2741 458 Verbum,
2779 405 3025 460 magnam
3055 389 3283 459 gratiam
3316 390 3537 457 pra-butt

304 493 464 562 χάριν
490 488 730 560 παρέσχε
749 493 864 552 τοῖς
891 487 1372 554 πιστεύσασιν,είς
1391 489 1552 542 αὑτὸν
1584 489 1872 543 πιστεύου-

306 594 411 629 σιν.
427 576 644 642 Ἔξεστι
673 576 781 646 γάρ
803 575 897 630 καὶ
921 575 1017 630 νῦν
1043 576 1354 642 πιστεῦσαι,
1373 577 1466 630 καὶ
1478 576 1745 650 ἄρξασθαι
1766 578 1875 631 ἀπὸ

304 663 404 732 τῆς
422 665 678 734 σήμερον,
705 663 802 716 ἐὰν
824 663 1088 732 θέλωμεν’
1109 664 1303 732 ὄτιτῆς
1327 665 1700 736 προαιρέσεως
1715 666 1874 736 ἡμῶν

304 753 606 822 ποθούσης,
635 758 732 807 καὶ
762 755 860 824 τῆς
891 754 1110 824 χάριτος
1132 755 1474 824 ἐνεργούσης
1502 755 1681 821 ἔξεστι
1712 755 1875 809 παντὶ

304 841 616 912 βουλομένῳ
654 842 799 912 ἔχειν
829 842 901 906 ὡς
940 842 1092 896 οὐδὲν
1122 842 1299 897 πάντα
1343 844 1434 898 τὸν
1486 845 1711 914 κόσμον.
1763 845 1876 898 Καὶ

305 933 609 1002 ἐλάμϐανεν
651 936 704 987 εῐ
728 950 780 986 τι
808 931 1080 1004 εὕρισκεν,
1114 931 1222 986 εἴτε
1251 934 1462 1004 κάρφος
1481 936 1590 989 εἴτε
1624 938 1809 1006 ῥάκος,
1839 937 1873 1008 ἢ

305 1023 431 1077 ἄλλο
452 1041 504 1076 τι
534 1023 748 1087 εὐτελὲς
767 1064 783 1090 ,
813 1025 905 1077 καὶ
929 1023 1111 1093 ἔλεγε⁹
1148 1025 1244 1090 Τίς
1265 1025 1354 1079 διὰ
1379 1025 1536 1080 τοῦτο
1573 1029 1804 1098 μάχεται
1839 1028 1872 1098 ἢ

309 1115 625 1181 φιλονεικεῖ,
658 1114 689 1185 ἢ
725 1118 1074 1184 μνησικακεῖ,
1104 1115 1434 1185 ῆθλίϐεται,
1465 1118 1512 1170 εί
1542 1118 1617 1187 μή
1647 1117 1733 1180 τίς
1759 1120 1878 1170 ἐστι

307 1207 428 1258 κατ’
453 1207 712 1275 ἀλήθειαν
741 1206 1009 1270 ἀπολέσας
1039 1208 1131 1261 τὸν
1150 1208 1304 1273 νοῦν;
1329 1207 1527 1262 οὐκοῦν
1550 1210 1876 1279 προκόπτων

307 1298 402 1350 καὶ⁸
429 1297 740 1368 προϐαίνων
777 1301 806 1351 6
833 1298 928 1352 τοῦ
958 1298 1092 1352 Θεοῦ
1123 1298 1407 1368 ἄνθρωπος
1431 1299 1544 1370 ἔχει
1583 1302 1760 1354 πάντα
1786 1301 1877 1354 τὸν

308 1388 510 1458 κόσμον
551 1389 635 1453 ιὼς
670 1391 731 1444 τὸ
783 1391 993 1461 κάρφος
1021 1389 1211 1455 τοῦτο,
1246 1391 1348 1446 κᾶν
1392 1370 1510 1464 ἔκη’
1533 1393 1654 1446 ὅλον
1691 1393 1873 1446 αὐτόν’

308 1483 402 1534 καὶ
428 1482 556 1552 γάρ,
579 1483 655 1546 ὡς
677 1482 840 1551 λέγω,
867 1485 927 1536 οὐ
956 1485 1014 1536 τὸ
1029 1483 1172 1555 ἔχειν
1190 1484 1436 1554 βλάπτει.
1469 1485 1603 1539 ἀλλὰ
1623 1485 1685 1538 τὺ
1713 1503 1894 1556 προσ-.

312 1572 498 1638 eaeo;
531 1574 693 1644 ἔχειν.
722 1576 817 1639 Τίς
844 1576 944 1629 οὐκ
973 1573 1111 1629 οἶδεν
1137 1577 1219 1630 ὅτι
1271 1577 1600 1647 τιμιώτερόν
1640 1564 1786 1631 ἐστιν
1820 1577 1878 1641 ἐξ

309 1657 385 1718 ὧν
415 1669 636 1720 πάντων
675 1667 916 1737 εἴχομεν,
957 1669 1016 1720 τὸ
1053 1667 1244 1737 σῶμα;
1279 1668 1402 1732 Πῶς
1429 1664 1524 1722 οὖν
1559 1668 1752 1740 καιροῦ
1782 1687 1872 1721 κα⁶

1982 486 2230 542 fidelibus
2257 484 2311 539 in
2351 484 2526 552 ipsum
2557 481 2923 538 credentibus.
2951 479 3102 534 Licet
3131 478 3276 533 enim
3303 485 3358 531 et
3400 493 3541 529 nunc

1975 580 2228 642 credere;
2274 575 2432 629 etab
2472 574 2573 628 hac
2599 573 2686 626 die
2715 571 2974 638 incipere,
3021 569 3065 623 si
3114 568 3360 621 velimus.
3408 566 3542 620 Nam

1977 667 2198 720 arbitrio
2243 672 2432 717 nostro
2483 662 2827 716 desiderante
2874 669 2928 712 et
2971 657 3143 727 gratia
3193 657 3300 710 vim
3356 657 3542 720 dante,

1977 760 2104 814 licet
2138 757 2312 812 cuivis
2337 753 2534 809 volenti
2568 760 2739 806 totum
2791 750 3045 803 nutndum
3087 759 3184 817 pro
3233 746 3404 801 nihilo
3446 747 3545 801 ha-

1976 851 2125 904 bere.
2167 847 2237 902 Et
2267 845 2516 915 capiebat
2541 844 2599 899 in
2645 855 2862 897 manum
2897 840 3157 910 quidquid
3191 839 3422 910 primum
3449 851 3548 892 oc~

1974 947 2244 1006 curreret,
2285 947 2414 1008 puta
2458 937 2748 1008 festucam,
2792 932 3038 988 centenis
3089 930 3398 995 frustulum,
3456 938 3549 984 aut

1975 1029 2081 1086 vile
2104 1006 2377 1100 quidpiam
2409 1006 2711 1084 istiusmodi
2747 1043 2760 1078 :
2791 1032 2846 1080 et
2872 1024 3085 1080 dicebat
3113 1043 3125 1078 :
3157 1021 3289 1089 Quis
3331 1032 3550 1091 propter

1979 1125 2080 1178 hoc
2126 1131 2348 1192 pugnat,
2395 1129 2490 1176 aut
2529 1118 2832 1183 contendit,
2881 1126 2973 1172 aut
3019 1115 3262 1171 infensus
3315 1113 3408 1167 ulli
3445 1122 3547 1175 est,

1977 1223 2071 1268 aut
2099 1213 2333 1283 angitur,
2367 1211 2465 1264 nisi
2511 1211 2601 1278 qui
2634 1224 2759 1264 vere
2807 1223 2964 1263 usum
3000 1205 3228 1261 rationis
3271 1203 3551 1258 amiserit?

1978 1305 2144 1373 Igitur
2168 1303 2518 1374 progrediens
2547 1313 2599 1355 et
2626 1301 2916 1370 proficiens
2941 1300 2991 1352 in
3019 1299 3098 1352 via
3123 1296 3361 1366 Spiritus
3391 1295 3553 1348 homo

1981 1399 2076 1452 Dei
2107 1406 2274 1451 totum
2312 1395 2587 1457 mundum,
2612 1393 2710 1447 etsi
2747 1391 3055 1446 universum
3097 1387 3391 1456 possideat,
3445 1401 3549 1436 non

1981 1489 2172 1559 majori
2202 1485 2434 1542 aestimat
2466 1484 2636 1553 pretio
2670 1496 2832 1552 quam
2875 1480 3135 1536 festucam
3169 1478 3330 1531 hanc.
3365 1475 3553 1528 Enim-

1979 1595 2130 1647 vero,
2159 1579 2311 1646 juxta
2362 1591 2537 1630 meam
2584 1573 2931 1636 sententiam,
2967 1569 3018 1626 id
3059 1569 3200 1638 quod
3236 1565 3552 1638 perfectioni

1983 1671 2078 1727 Dei
2109 1674 2400 1741 [servorum
2469 1674 2643 1727 nocet.
2697 1680 2798 1718 non
2853 1671 2960 1726 est,
3009 1659 3240 1724 habere;
3295 1658 3388 1713 sed
3433 1671 3553 1710 cum

309 1755 525 1819 λοῦντος
553 1759 1008 1836 προστετάγμεθα
1035 1763 1436 1830 καταφρονείν;
1461 1761 1574 1814 Καὶ
1599 1737 1695 1814 ἐάν
1715 1761 1881 1815 αὑτοῦ

1991 1763 2294 1820 adhaesionc
2319 1760 2541 1816 affectus
2585 1757 2806 1812 habere.
2835 1753 2968 1822 Quis
2999 1753 3172 1808 nescit
3213 1765 3392 1805 rerum
3421 1763 3556 1816 quas

309 1847 402 1901 τοῦ
446 1849 726 1917 σώματος,
759 1849 939 1920 πολλῷ
994 1850 1194 1919 μᾶλλον
1245 1852 1341 1904 καὶ
1391 1851 1500 1904 τῶν
1541 1853 1718 1914 ὲκτός.
1772 1852 1885 1906 Καὶ

308 1933 582 2004 ἐμέμνητο
604 1935 699 1988 τοῦ
727 1936 958 2005 ἀδελφοῦ
991 1937 1203 2009 ἔχοντος
1233 1941 1300 1993 τά
1329 1939 1557 2010 λάχανα,
1589 1943 1685 1995 καὶ
1705 1941 1879 2012 ἐλεγεο

307 2021 399 2092 Μὴ
425 2023 533 2093 γὰρ
555 2023 656 2074 οὐκ
676 2024 949 2091 ἔσπειρεν,
977 2027 1077 2079 οὐκ
1101 2027 1420 2092 ἐκοπίασεν,
1445 2028 1546 2081 οὐκ
1568 2029 1880 2097 ἐφύτευσεν,

306 2113 407 2166 οὐκ
429 2114 836 2185 ἐφιλοκάλησεν,
863 2116 935 2186 μὴ
967 2117 1321 2188 ἐξερῤίζωσεν
1353 2119 1488 2172 αὐτὰ
1523 2121 1613 2172 καὶ
1639 2121 1881 2191 ἔρριψεν

306 2205 422 2258 ἀλλ’
450 2207 599 2274 ὅμως
629 2204 774 2278 εἶχεν
800 2208 939 2261 αὑτά
961 2210 1037 2273 ὡς
1065 2211 1139 2280 μὴ
1195 2210 1354 2279 ἔχων·
1397 2211 1589 2282 ἀμέλει
1619 2213 1706 2265 ὅτε
1740 2230 1883 2284 παρ-

307 2296 533 2352 έϐαλλεν
559 2300 588 2352 6
617 2299 795 2370 γέρων
826 2300 1116 2371 δοκιμάσαι
1150 2302 1319 2356 θέλων
1344 2303 1525 2356 αὐτόν’
1557 2306 1652 2358 καὶ
1683 2305 1887 2375 ἤρξατο

311 2387 614 2457 συντρίϐειν
679 2389 839 2451 αὐτὰ,
874 2389 994 2443 οὐδὲ
1027 2389 1280 2461 ἐλογίσθη
1312 2389 1472 2444 αὑτά’
1503 2391 1597 2445 καὶ
1635 2392 1725 2444 ὅτε
1780 2392 1886 2444 άπ-

309 2476 524 2545 ἑμεινεν
544 2478 642 2549 μία
658 2477 804 2549 ῥίζα,
821 2479 940 2533 τότε
961 2476 1115 2534 εἶπεν
1141 2479 1311 2550 αὐτῷ·
1328 2480 1453 2534 Ἐὰν
1470 2480 1649 2552 θέλῃς,
1678 2481 1881 2553 Πάτερ,

311 2567 449 2636 ἄφες
472 2569 623 2633 αὐτὸ,
650 2571 742 2624 καὶ
770 2571 1033 2641 ποιοῦμεν
1063 2574 1143 2635 εἰς
1170 2570 1304 2626 αὐτὸ
1322 2571 1565 2642 ἀγάπην,
1598 2572 1719 2625 τότε
1741 2571 1885 2641 ἔγνω

307 2664 338 2715 6
369 2662 542 2729 ἅγιος·
575 2663 656 2716 ὅτι
688 2663 873 2727 δοῦλος
899 2664 994 2718 τοῦ
1029 2662 1162 2717 Θεοῦ
1197 2665 1315 2717 ἐστι
1333 2707 1350 2730 ,
1375 2664 1469 2718 καὶ
1499 2664 1620 2735 οὐχ).
1649 2664 1758 2718 τῶν
1786 2664 1884 2717 λα-

309 2752 510 2824 χάνων·
540 2754 634 2808 καὶ
654 2754 805 2824 λέγει
828 2754 998 2824 αὐτῷ·
1016 2754 1431 2807 Ἀναπὲπαυται
1458 2754 1520 2807 τὸ
1539 2753 1763 2824 Πνεῦμα
1790 2754 1881 2806 τοῦ

307 2845 443 2900 Θεοῦ
483 2844 575 2899 ἐπὶ
616 2847 674 2900 σὲ
694 2888 708 2912 ,
742 2846 958 2915 ἀδελφέ.
996 2847 1060 2899 El
1090 2845 1148 2899 δὲ
1181 2845 1514 2917 προσπαθῶς
1547 2840 1659 2915 εἶχε
1691 2846 1759 2899 τά
1787 2845 1888 2898 λά-

310 2954 450 3008 χανα
470 2977 484 3002 ,
518 2938 820 2992 ὲδεικνύετο
853 2937 1056 3001 εὐθέως
1096 2937 1186 2992 διὰ
1230 2937 1293 2991 τὸ
1340 2936 1622 2990 θλίϐεσθαι
1655 2937 1751 2988 καὶ
1784 2952 1884 2988 τα-

313 3029 634 3099 ράσσεσθαι·
662 3030 775 3082 ἀλλ’
815 3029 1013 3094 ἔδειξεν
1042 3030 1122 3083 ὅτι
1169 3026 1283 3100 εἷχε
1315 3029 1454 3082 αὐτὰ
1495 3028 1570 3092 ὡς
1603 3029 1676 3098 μὴ
1721 3027 1880 3098 ἔχων.

312 3121 422 3176 Καὶ
455 3120 642 3189 ἔλεγεν
668 3122 748 3174 ὅτι
790 3120 1141 3191 σημειοῦνται
1166 3122 1235 3175 τὰ
1263 3119 1486 3173 τοιαῦτα
1513 3122 1560 3173 οἱ
1594 3119 1845 3190 δαίμονες
1871 3137 1887 3150 ·

313 3211 408 3265 καὶ
446 3212 538 3265 ὲάν
563 3212 713 3266 ἴδωσί
743 3228 865 3265 τινα
892 3211 1264 3282 άπροσπαθῶς
1300 3211 1491 3282 ἔχοντα
1532 3213 1614 3275 είς
1644 3213 1716 3266 τὰ
1741 3214 1884 3284 πρά-

312 3318 500 3372 γματα
537 3302 626 3354 διὰ
650 3303 712 3355 τὸ
746 3302 821 3372 μὴ
858 3301 1246 3373 ταράττεσθαι,
1279 3302 1646 3372 γινώσκουσιν
1678 3303 1762 3356 ὅτι
1793 3297 1887 3358 οῦ-

313 3412 404 3457 τος
437 3395 538 3464 μὲν
581 3395 875 3464 περιπατεῖ
903 3394 961 3447 ἐν
999 3395 1064 3464 τῇ
1094 3397 1164 3465 γῇ
1186 3408 1201 3424 ⁶
1250 3394 1352 3449 οὐκ
1388 3394 1502 3465 ἔχει
1529 3395 1588 3450 δὲ
1631 3395 1890 3466 φρᾷνημα

314 3486 559 3554 ἐπίγειον
592 3487 650 3538 ἐν
681 3486 881 3556 ἐαυτῷ.

1985 1854 2250 1911 habemus
2271 1853 2511 1906 oumium
2543 1846 2994 1918 pretiosissimum
3026 1842 3322 1899 existimari
3357 1854 3554 1908 corpus

1985 1948 2179 2012 cuique
2220 1944 2412 1999 suum?
2435 1945 2513 1997 An
2556 1956 2660 1995 non
2697 1951 2875 1994 tamen
2902 1937 2955 1991 in
2984 1934 3153 1991 certis
3180 1931 3557 1989 occasionibus

1984 2035 2357 2105 prazscribitur
2383 2033 2542 2088 nobis
2571 2031 2702 2086 illud
2732 2026 3120 2084 contemnere?
3149 2024 3304 2092 Quod
3338 2023 3381 2078 si
3413 2021 3556 2091 peri-

1985 2129 2108 2186 culo
2156 2127 2422 2183 interdum
2490 2139 2555 2179 ac
2607 2137 2761 2178 noxae
2818 2119 3162 2192 prmeipimur
3213 2129 3410 2185 corpus
3473 2129 3559 2166 no-

1986 2231 2157 2275 strum
2199 2218 2465 2286 ohjicere,
2519 2223 2726 2283 quanto
2778 2212 2952 2282 magis
2997 2225 3086 2265 res
3136 2203 3434 2263 externas?
3483 2204 3560 2257 Ac

1987 2311 2324 2366 memorabat
2354 2307 2406 2360 in
2457 2306 2508 2360 id
2540 2304 2873 2375 propositum
2907 2299 3212 2369 exemplum
3251 2295 3434 2351 fratris
3466 2309 3560 2348 cu-

1978 2400 2194 2470 jusdam
2230 2399 2308 2455 sic
2348 2398 2600 2454 habentis
2640 2399 2788 2454 olera
2823 2407 2880 2452 ut
2909 2395 3044 2452 liber
3085 2393 3154 2450 ah
3194 2389 3387 2449 affectu
3433 2405 3560 2459 erga

1985 2510 2048 2549 ea
2084 2494 2242 2564 plane
2276 2491 2436 2548 foret.
2485 2491 2696 2547 Habere
2726 2490 2876 2545 illum
2905 2489 3048 2545 olera
3100 2485 3282 2557 negati
3313 2499 3417 2538 non
3462 2498 3560 2553 po-

1989 2595 2160 2651 terat;
2199 2600 2266 2638 an
2300 2599 2404 2638 non
2439 2583 2584 2638 enim
2631 2597 2695 2638 ea
2733 2591 2967 2646 several,
2999 2579 3268 2635 laboriose
3309 2576 3562 2644 irrigare-

1987 2685 2093 2742 rat,
2119 2689 2250 2729 cura
2283 2674 2449 2729 multa
2488 2682 2830 2743 promoverat
2871 2672 2922 2725 in
2955 2670 3188 2725 virorem
3239 2667 3476 2720 adultum
3509 2678 3563 2717 et

1988 2766 2201 2836 plenam
2234 2765 2606 2820 habitudinem
2633 2765 2660 2817 ’ἶ
2682 2772 2937 2818 caeterum
2979 2776 3049 2815 an
3085 2775 3190 2815 non
3227 2757 3368 2814 idem
3411 2759 3563 2811 evul-

1989 2858 2063 2912 sit
2095 2857 2237 2912 ultro
2291 2855 2479 2910 eadem
2523 2869 2588 2910 ac
2632 2852 2880 2925 proiecit,
2915 2851 3146 2908 cumid
3177 2849 3308 2916 fieri
3354 2847 3568 2904 decuit?

1987 2944 2250 2999 Nimirum
2287 2944 2367 2999 sic
2396 2944 2632 3000 habebat
2669 2958 2731 2998 ea
2767 2942 2920 3012 quasi
2967 2957 3072 2998 non
3110 2941 3375 2997 haberet:
3410 2949 3569 3008 prout

1914 3063 1957 3118 ρ
1989 3037 2239 3104 apparuit
2287 3036 2505 3104 quando
2551 3035 2828 3105 ingressus
2869 3037 3081 3089 hortum
3135 3046 3300 3088 senex
3351 3029 3469 3096 ejus
3513 3033 3564 3082 in

1997 3126 2198 3197 Spiritu
2245 3127 2524 3197 magister,
2557 3126 2742 3182 volens
2786 3125 3034 3195 discipuli
3087 3123 3418 3195 propositum
3469 3139 3566 3173 ex-
3655 3143 3660 3146 -

1995 3214 2228 3283 plorare,
2274 3215 2440 3284 erepit
2471 3213 2791 3270 conculcare
2830 3229 2893 3270 ac
2927 3223 3210 3269 conterere
3255 3211 3404 3281 ipsa,
3453 3210 3567 3262 nul-

1993 3305 2103 3360 lum
2143 3305 2347 3360 doloris
2391 3305 2607 3375 signum
2640 3305 2928 3360 hortulano
2967 3305 3202 3368 edente,
3235 3304 3317 3358 sic
3346 3319 3572 3371 prorsus

1997 3408 2252 3467 tanquam
2281 3397 2414 3452 nihil
2445 3397 2512 3452 ad
2545 3397 2720 3467 ipsum
2749 3395 2802 3452 id
2826 3403 3116 3466 spectaret.
3148 3394 3287 3461 Quin
3325 3394 3569 3448 animad-

1995 3498 2214 3547 vertcns
2260 3489 2514 3546 omissam
2566 3504 2596 3543 a
2653 3487 2797 3544 fesso
2842 3487 3091 3542 vastandi
3149 3500 3281 3542 sene
3331 3493 3581 3538 teneram-

317 3596 478 3634 unam
509 3581 679 3635 caulis
704 3581 963 3649 plantam.
997 3581 1111 3644 Vis.
1151 3581 1251 3646 ait,
1277 3580 1457 3647 Pater,
1485 3589 1540 3637 et
1602 3581 1743 3636 hanc
1808 3583 2142 3648 excidamus,
2167 3591 2223 3638 et
2283 3597 2580 3652 coquamus
2621 3595 2741 3636 eam
2812 3580 2868 3634 in
2899 3593 3109 3634 orenam
3155 3575 3393 3646 hospiti?
3421 3571 3573 3628 Tum:

314 3680 538 3726 sanctus
573 3671 661 3725 ille
698 3674 960 3743 magister
1002 3673 1223 3743 agnovit
1249 3673 1501 3743 juvenem
1544 3675 1872 3730 monachum
1916 3675 2005 3731 Dei
2050 3690 2266 3731 servum
2347 3691 2487 3740 esse,
2537 3689 2640 3729 non
2718 3681 2896 3728 autem
2927 3673 3178 3728 olerum:
3225 3680 3280 3724 et
3311 3667 3449 3722 dixit
3481 3666 3570 3722 ei:

319 3762 602 3852 chnievit
633 3763 868 3835 Spiritus
899 3766 994 3820 Dei
1022 3780 1183 3835 super
1247 3776 1322 3832 te,
1363 3765 1552 3833 frater.
1585 3765 1685 3822 Hic
1726 3768 1773 3823 si
1821 3768 2018 3825 affectu
2062 3769 2346 3825 devinctus
2419 3767 2657 3824 oleribus
2706 3766 2915 3832 fuisset,
2985 3767 3037 3820 id
3088 3761 3416 3819 ostendisset
3463 3769 3572 3812 sta-

320 3860 437 3923 tim,
488 3858 830 3915 alIlictionem
886 3869 943 3915 et
999 3862 1488 3917 consternationem
1541 3865 1892 3919 monstrando
1931 3865 2055 3919 dum
2096 3879 2210 3918 rem
2243 3863 2346 3918 sibi
2377 3878 2558 3918 caram
2590 3864 2799 3916 videret
2861 3856 3245 3928 pessumdari;
3302 3867 3444 3909 nunc
3470 3853 3572 3905 ista

319 3953 574 4020 patientia
606 3953 948 4009 manifestum
969 3952 1114 4022 fecit,
1145 3969 1204 4010 se
1235 3954 1488 4011 habuisse
1519 3954 1607 4010 illa
1636 3965 1894 4027 tanquam
1945 3971 2052 4012 non
2099 3958 2348 4012 haberet.
2382 3955 2624 4010 Addebat
2662 3952 2952 4010 ZOsimas;
3018 3947 3196 4004 notari
3231 3947 3345 4000 haec
3384 3961 3414 3999 a
3469 3943 3576 3998 daa-

321 4048 570 4103 monibus
601 4067 615 4105 :
642 4065 844 4119 eosque
875 4050 964 4106 ubi
1008 4051 1245 4107 viderint
1309 4053 1596 4123 quemdam
1649 4053 2013 4110 declarantem
2045 4053 2188 4109 haud
2227 4069 2284 4109 se
2349 4049 2544 4108 affectu
2571 4051 2849 4104 adhaerere
2897 4045 3060 4101 rebus
3129 4055 3265 4111 quas
3315 4029 3583 4108 ροεεὶύειγ

322 4141 448 4194 dum
482 4154 666 4196 earum
693 4143 964 4211 jacturam
999 4157 1192 4198 sereno
1231 4151 1287 4199 et
1325 4144 1718 4214 imperturbato
1763 4145 1962 4214 patitur
2028 4144 2232 4208 animo,
2302 4143 2626 4212 intelligere,
2667 4139 2828 4194 talem
2888 4137 2970 4191 sic
3002 4136 3054 4189 in
3089 4143 3231 4190 terra
3265 4126 3572 4191 ambulare,

322 4244 382 4287 ut
411 4242 585 4286 tamen
623 4242 835 4288 terrena
867 4248 971 4287 non
1001 4235 1195 4304 sapiat.

394 4324 468 4384 B’.
530 4323 727 4390 Ἔλεγε
772 4321 935 4375 πάλιν
982 4323 1064 4376 ὅτι
1110 4325 1280 4394 ὁρμαλ⁵
1328 4323 1704 4398 προαιρέσεὼν
1751 4327 1886 4379 εἱσι·

2068 4320 2130 4375 ιι.
2175 4318 2312 4373 dixit
2357 4333 2547 4372 rursus
2578 4316 2826 4371 Zosimas
2859 4334 2871 4369 :
2901 4313 3308 4383 Propositorum
3344 4311 3585 4382 impetus

323 4416 419 4469 καὶ
452 4415 673 4467 δύναται
700 4415 1017 4485 προαίρεσις
1050 4414 1226 4487 θερμὴ
1252 4418 1308 4470 ὲν
1341 4418 1441 4488 μιᾷ
1467 4418 1588 4487 ὥρα
1630 4415 1890 4488 προσενέ-

322 4523 456 4575 γκαι
487 4503 569 4576 τῷ
594 4503 712 4575 Εζεῷ
739 4504 884 4576 άπερ
910 4507 971 4559 οὺ
1000 4507 1322 4579 προσφέρει·
1354 4508 1468 4561 ἀλλ’
1507 4511 1538 4578 ἡ
1573 4508 1892 4580 προαίρεσις

325 4594 509 4666 νωθρὰ
539 4590 674 4648 οὖσα
702 4594 803 4650 οὐκ
831 4596 1064 4667 ἐνεργεῖ.

1998 4412 2213 4482 quidam
2245 4419 2389 4475 sunt,
2425 4409 2581 4480 queis
2633 4423 2694 4464 ea
2727 4406 3194 4463 discriminantur.
3233 4403 3577 4474 PrOpositum

2002 4503 2282 4558 incitatum
2329 4511 2383 4555 et
2415 4499 2631 4555 fervens
2675 4515 2780 4553 una
2822 4499 2953 4554 hora
2997 4496 3120 4564 plus
3160 4504 3337 4563 potest
3379 4491 3577 4548 oﬂ'erre

2002 4593 2111 4648 Deo
2139 4607 2302 4662 quam
2342 4607 2400 4646 re
2440 4581 2808 4662 ipsaolferat;
2858 4598 2914 4644 et
2961 4602 3072 4643 rem
3106 4587 3370 4642 exhibens
3413 4598 3579 4638 unam

323 4700 380 4744 et
420 4690 708 4752 modicam,
788 4690 1019 4760 plurium
1069 4701 1124 4746 et
1198 4707 1513 4760 magnarum
1590 4693 1839 4746 meritum
1917 4687 2220 4743 lucrari..E
2265 4686 2540 4742 contrario
2589 4684 2922 4754 propositum
3009 4682 3220 4752 pigrum
3271 4687 3326 4732 ct
3365 4674 3574 4746 langui-

327 4785 475 4848 dum,
507 4798 574 4838 ne
597 4784 650 4840 id
689 4785 904 4855 quidem
947 4786 1057 4856 agit
1090 4787 1231 4856 quod
1295 4788 1506 4840 videtur
1541 4800 1722 4856 agere,
1799 4783 2040 4838 invalido.
2101 4791 2157 4837 et
2201 4781 2351 4850 segni
2433 4790 2580 4836 motu
2619 4795 2725 4833 non
2788 4778 3101 4848 pertingens
3145 4785 3316 4842 usque
3360 4770 3430 4824 ad
3462 4769 3586 4840 pla.-

327 4877 553 4930 cendum
587 4876 714 4930 Deo.

402 4967 512 5021 Kal.
552 4969 648 5021 ἐὰν
699 4969 884 5023 ἴδωσιν
931 4969 981 5021 οἱ
1028 4968 1285 5039 δαίμονες
1345 4972 1429 5024 ὅτι
1460 4969 1692 5040 ὑϐρίσθη
1743 4987 1825 5032 τις
1866 4971 1899 5040 ἢ

326 5059 630 5130 ἠτιμάσθη,
661 5060 693 5130 ἢ
719 5059 1088 5131 ἐζημιώθη.ἢ
1118 5063 1226 5114 πᾶν
1247 5062 1425 5114 ὁτιοῦν
1447 5061 1644 5125 ιπαοε,
1673 5063 1766 5115 και
1797 5061 1907 5113 θλί.

329 5152 482 5204 ϐεται
507 5191 522 5214 ,
553 5152 652 5220 οὐχ
695 5137 789 5204 ὅτι
821 5150 992 5204 ἔπαθε
1030 5154 1214 5216 κακῶς
1235 5194 1250 5219 ,
1297 5153 1410 5206 ἀλλ’
1440 5154 1522 5207 ὅτι
1565 5155 1665 5207 οὐκ
1699 5154 1899 5223 ἤνεγκε

330 5242 592 5310 γενναίως
625 5243 721 5311 τὴν
750 5243 1006 5314 τοιαύτην
1047 5245 1247 5315 ὁρμὴν,
1300 5243 1593 5314 φοϐοῦνται
1628 5245 1677 5298 oi
1719 5245 1908 5314 δαίμο-

331 5348 438 5394 νες·
470 5332 795 5400 γινώσκουσι
844 5333 952 5404 γάρ
983 5334 1064 5388 ὅτι
1095 5327 1272 5404 ἥψατο
1313 5335 1413 5404 τῆς
1473 5335 1591 5387 ὁδοῦ
1634 5333 1732 5403 τῆς
1777 5332 1909 5403 άλη-

335 5424 519 5487 θείας,
573 5424 668 5476 καὶ
712 5423 960 5492 βούλεται
1008 5428 1330 5497 περιπατεῖν
1379 5425 1518 5479 κατὰ
1551 5424 1648 5488 τὰς
1692 5423 1910 5487 ἐντολάς

336 5514 430 5568 τοῦ
465 5515 622 5567 Θεοῦ·
669 5516 765 5569 καὶ
806 5517 1082 5587 ἐμέμνητο
1119 5517 1212 5569 τοῦ
1256 5517 1413 5585 ἁγίου
1469 5514 1764 5585 Παχωμίου
1822 5515 1910 5567 ὅτε

338 5604 674 5674 κατέκραζεν
703 5607 731 5657 6
773 5606 998 5675 ἁδελφὸς
1037 5605 1202 5659 αὐτοῦ
1231 5607 1259 5658 6
1295 5605 1492 5676 μείζων
1535 5605 1727 5672 λέγων’
1768 5602 1908 5657 Παῦ-

344 5710 432 5749 σαι
477 5695 749 5767 περπερος
792 5696 864 5750 ὢν
899 5697 1163 5752 πλατῦναι
1211 5697 1380 5750 θέλων
1420 5698 1478 5749 τὸ
1507 5696 1905 5765 Μοναστήριον,

2081 4967 2145 5022 Si
2169 4966 2403 5021 viderint
2432 4965 2703 5020 daemones
2750 4958 3058 5030 quempiam
3101 4966 3193 5011 aut
3225 4955 3445 5025 injuria,
3486 4963 3591 5009 aur-

2009 5056 2359 5121 contumelia,
2401 5063 2492 5108 aut
2521 5053 2741 5117 damno,
2773 5049 3047 5113 allectum,
3079 5047 3158 5102 vel
3196 5047 3342 5101 aliud
3380 5045 3598 5099 malum.

2009 5149 2370 5218 quodcunque
2414 5158 2628 5212 passum
2662 5142 2794 5209 :qui
2837 5142 3101 5204 tristetur,
3147 5154 3278 5204 non,
3309 5140 3434 5208 quia
3482 5138 3581 5192 int~

2009 5237 2204 5292 merito
2232 5236 2285 5292 id
2321 5235 2446 5289 mali
2497 5249 2690 5304 passus
2735 5240 2860 5288 est:
2894 5232 2986 5286 sed
3030 5229 3174 5301 quod
3209 5229 3260 5284 id
3290 5230 3598 5298 qualecun-r

2009 5341 2114 5399 que
2143 5327 2542 5384 incommodum
2571 5340 2674 5379 non
2701 5324 2886 5380 tulerit
2909 5334 3203 5391 generose:
3233 5320 3394 5375 talem
3427 5321 3583 5375 istius

2011 5429 2216 5474 motum
2271 5417 2438 5472 animi
2509 5417 2780 5470 daemones
2845 5412 3220 5469 reformidant.
3275 5409 3600 5480 lntclliguut-

2008 5512 2151 5565 enim
2185 5511 2326 5564 hunc
2357 5519 2542 5563 tenere
2575 5508 2717 5560 viam
2760 5504 3028 5570 veritatis,
3071 5512 3126 5558 et
3161 5501 3296 5557 velle
3331 5501 3584 5556 incedere

2005 5600 2154 5668 juxta
2193 5601 2444 5653 mandata
2481 5597 2613 5651 Dei:
2645 5597 2840 5667 quippe
2879 5594 2969 5665 qui
3009 5593 3312 5648 meminerit
3348 5589 3583 5658 exctnpli

2012 5691 2121 5746 dati
2168 5706 2198 5744 a
2236 5698 2426 5745 sancto
2472 5688 2781 5756 Pachomio,
2821 5686 2873 5743 id
2919 5684 3206 5742 imitando.
3253 5682 3386 5739 Cum
3437 5680 3605 5735 cuiue
