3864 6114
340 196 474 261 1683
1584 226 1593 235 ·
1666 198 1923 259 ΖΟΞΙΜΑ

2027 180 2308 255 LBBATIS
3445 174 3577 239 εδει

327 324 576 371 sanctum
624 315 774 370 illum
821 316 1151 385 inerepasset
1196 315 1363 368 frater
1413 311 1531 381 ejus
1573 309 1765 380 major,
1813 311 1894 366 di-

2027 310 2081 363 ιὰ
2114 309 2206 362 τὸν
2235 307 2419 360 θεόθεν
2473 303 2623 373 αὐτῷ
2656 299 2877 355 δοθέντα
2906 295 3175 369 χρησμὸν·
3210 295 3363 385 ὅστις
3408 293 3578 385 ἁκού-

327 421 460 460 cens
493 423 507 458 :
540 404 732 460 Desine
775 383 1057 475 perperam
1100 419 1262 474 agere
1309 403 1582 458 dilatando
1622 411 1892 457 monaste-

2029 415 2092 461 ας
2113 398 2244 467 φησι
2263 415 2276 428 ο
2305 392 2649 465 Παρεκινήθη
2678 391 2752 454 ὡς
2795 390 2886 443 ἐπὶ
2908 385 3115 456 ἀγαθῷ·
3152 385 3212 436 οὐ
3244 383 3432 475 μέντοι
3461 383 3583 433 άντ-

332 494 492 547 rlum.
519 491 632 549 Iloc
652 471 830 547 autem
856 471 1178 548 [sacltomiuvs
1205 492 1400 560 agebat
1420 491 1725 560 obsequens
1748 493 1894 547 edito

2027 493 2148 543 ῖπεν
2185 488 2358 540 οὐδέν’
2414 485 2528 538 ἀλλ’
2560 481 2832 552 ἐγκρατὴς
2863 479 2964 548 τῆς
3019 477 3250 548 καρδίας
3291 471 3586 539 ὑπάρχων,

332 583 436 636 sibi
466 581 721 636 divinitus
756 581 1000 637 oraculo.
1044 580 1144 636 llis
1184 597 1343 651 porro
1384 581 1464 635 vir
1496 592 1714 637 sanctus
1745 583 1898 636 audi-

2030 584 2064 651 ῇ
2089 579 2316 649 ἐπιούσῃ
2337 576 2492 630 νυκτὶ
2522 573 2764 634 καταϐὰς
2787 573 2867 634 εἰς
2890 571 2952 623 τὸ
2981 566 3328 633 καταγώγιον
3359 563 3583 632 μικρὸν.

337 674 425 735 tis,
465 681 639 725 motus
667 671 890 727 interius
935 681 1019 727 est
1068 672 1436 741 indignatione
1481 686 1644 740 quam
1675 673 1898 741 putabat

338 765 549 826 bonam,
585 761 714 814 nihil
741 771 920 817 tamen
951 773 1140 817 c0ntra
1184 762 1438 830 reposuit.
1477 763 1582 818 Sed
1618 773 1897 831 postquam

335 851 405 904 ab
452 850 540 902 illa
592 851 779 904 intima
811 851 888 904 ira
942 866 1036 906 cor
1079 867 1234 906 suum
1272 862 1620 908 revocasset:
1655 853 1896 920 sequenti

342 951 500 996 nocte
551 942 603 996 in
651 952 917 997 secretum
971 944 1324 997 oratoriolum
1366 943 1722 1008 descendens,
1772 942 1901 996 ﬂere

341 1034 584 1102 empitet
638 1049 802 1088 orans
853 1034 990 1088 dixit
1039 1051 1052 1088 :
1097 1033 1142 1089 Ο
1198 1034 1356 1096 Deus,
1412 1034 1657 1088 carnales
1711 1048 1903 1087 sen~us

341 1125 514 1177 adhuc
547 1125 598 1176 iu
641 1139 724 1177 me
770 1109 934 1177 stitit:
966 1124 1136 1176 adhuc
1167 1125 1459 1177 secundum
1499 1139 1718 1177 carnem
1745 1123 1902 1176 vivo:

343 1231 420 1268 va:
461 1214 617 1278 mihi,
650 1215 850 1267 moriar
889 1215 1054 1276 enim,
1102 1215 1241 1268 sicut
1287 1215 1547 1283 scriptum
1595 1223 1679 1268 est
1704 1215 1742 1265 '.
1780 1212 1908 1268 Post

345 1317 452 1368 nm
505 1307 810 1360 diuturnam
868 1307 1315 1361 exercitationem
1373 1309 1494 1360 vitae
1548 1305 1809 1376 religiosa:
1856 1314 1910 1359 et

345 1395 786 1463 prmparatiouem
839 1395 1042 1456 cordis,
1091 1395 1330 1456 abripior
1380 1394 1556 1447 adhuc
1605 1393 1904 1455 iracundia,

347 1494 615 1550 utcunque
639 1483 689 1536 id
720 1485 789 1537 sit
815 1484 867 1537 in
900 1500 955 1538 re
985 1486 1142 1539 bona.
1170 1483 1426 1538 Miserere
1451 1484 1551 1536 mei
1577 1499 1642 1537 ne
1672 1499 1910 1551 peream,

350 1571 593 1626 Domine.
627 1571 683 1626 Si
713 1572 855 1626 enim
890 1573 1156 1626 invenerit
1190 1574 1242 1625 in
1281 1587 1364 1625 me
1399 1582 1605 1640 partem
1639 1572 1908 1632 inimicus,

350 1679 470 1717 mox
508 1679 654 1730 mox,
711 1664 811 1718 nisi
859 1679 944 1718 me
992 1664 1336 1728 stabiliveris,
1370 1664 1716 1717 succumbam
1771 1664 1900 1730 ipsi,

352 1752 581 1821 fiamque
614 1753 855 1820 captivus
887 1752 1023 1820 ejus.
1057 1753 1169 1806 Etsi
1205 1752 1348 1805 enim
1393 1754 1560 1822 legem
1599 1754 1903 1837 universam

350 1840 716 1895 observaverit
754 1843 1055 1912 quispiam,
1108 1843 1383 1911 delinquat
1428 1854 1606 1897 autem
1662 1843 1712 1895 in
1768 1859 1908 1904 uno,

353 1932 525 1985 lactus
555 1942 636 1986 est
664 1933 905 1988 omnium
935 1936 1124 1988 reus’.
1156 1933 1380 1988 Conﬁdo
1411 1942 1587 1988 autem
1618 1934 1732 1988 fore
1757 1946 1835 1997 ut,
1865 1937 1908 1990 si

353 2035 453 2076 tua:
489 2023 668 2078 multa:
711 2025 1084 2080 miserationes
1129 2024 1434 2093 adjuveriut
1473 2039 1576 2088 mc,
1616 2024 1811 2079 docear
1846 2026 1911 2076 de

351 2121 544 2168 castero
580 2114 827 2170 incedere
871 2131 965 2184 per
994 2117 1134 2170 viam
1170 2126 1499 2180 sanctorum,
1531 2115 1598 2168 ad
1641 2115 1909 2168 anteriora

353 2217 439 2254 tne
468 2203 786 2258 extendens.
821 2203 925 2272 Ipsi
974 2206 1142 2271 enim,
1192 2215 1250 2260 ut
1285 2214 1516 2275 oportet,
1553 2205 1755 2273 pudore
1785 2203 1912 2258 alle-

353 2304 543 2349 ceruut
573 2295 801 2349 hostem.
829 2295 1108 2362 Quomodo
1137 2306 1314 2351 autem
1347 2297 1622 2350 instituam
1657 2312 1752 2351 eos
1781 2313 1913 2366 quos

355 2385 558 2436 vocasti
595 2387 661 2436 ad
711 2384 850 2439 hanc
882 2386 1045 2437 vitam
1097 2401 1307 2439 meemu
1342 2387 1624 2456 agendam,
1670 2387 1770 2441 nisi
1817 2389 1918 2455 pri-

357 2488 499 2524 mum
527 2473 642 2542 ipse
673 2491 756 2527 me
787 2475 959 2542 ipsum
991 2477 1192 2530 vicero.
1230 2480 1294 2531 Et
1328 2480 1437 2531 haec
1480 2494 1638 2532 orare
1672 2494 1925 2547 persevc-

355 2562 496 2614 ravit
525 2573 682 2616 nocte
723 2563 810 2616 illa
841 2574 970 2629 tota,
1005 2566 1190 2620 eadem
1223 2583 1344 2620 eum
1378 2567 1664 2636 gemitibus
1695 2569 1919 2632 iterans,

356 2656 533 2720 quoad
567 2656 722 2710 rediit
770 2656 910 2722 dies;
944 2668 997 2712 et
1029 2673 1092 2710 cx
1129 2658 1296 2711 multo
1345 2659 1542 2712 sudore
1591 2660 1727 2726 ejus,
1761 2659 1925 2713 vesti-

355 2742 440 2812 gia
477 2743 669 2812 pedum
702 2745 870 2813 ipsius
898 2746 1036 2800 facta
1067 2757 1192 2800 sunt
1220 2757 1277 2800 ut
1309 2748 1517 2800 lutum:
1546 2760 1703 2802 :estas
1728 2750 1926 2816 quippe

2009 1761 2170 1816 αὐτὴν
2206 1758 2334 1827 γὰρ,
2371 1755 2446 1818 ὡς
2469 1754 2568 1817 δεῖ,
2597 1751 2909 1820 κατῄσχυνα
2958 1747 3050 1797 τὸν
3107 1741 3322 1812 ἐχθρόν’
3358 1740 3459 1789 καὶ
3489 1740 3608 1797 πῶς

2009 1850 2224 1914 διδάξω,
2255 1846 2445 1916 Κύριε,
2477 1841 2567 1904 οὓς
2595 1841 2846 1900 καλέσεις
2882 1838 2976 1890 σὺν
3009 1833 3130 1903 ἐμοὶ
3159 1831 3354 1884 τοῦτον
3385 1828 3609 1880 ἑλέσθαι

2001 671 2204 742 ἤρξατο
2229 669 2456 731 κλαίειν,
2487 665 2581 719 καὶ
2624 664 2914 733 εὐχόμενος
2950 661 3154 727 ἔλεγεν·
3204 653 3276 709 Ὦ
3323 655 3461 715 Θεὸς
3485 694 3500 716 ,
3529 652 3592 701 τὸ

2002 763 2255 833 φρόνημα
2289 760 2390 828 τῆς
2435 755 2634 826 σαρκὸς
2669 757 2726 806 ἐν
2755 753 2878 823 ἐμοί
2908 753 3077 804 ἐστιν’
3109 748 3188 800 ἔτι
3219 745 3364 800 κατὰ
3404 745 3591 807 σάρκα

2002 851 2098 914 («Ir
2151 848 2269 902 οὐαί
2317 861 2444 916 μοι·
2479 844 2658 914 μέλλω
2699 842 2808 911 γάρ
2851 838 3215 908 ἀποθνήσκειν
3259 834 3338 895 ὡς
3378 833 3595 908 γέγρα-

2006 959 2170 1002 πται,
2235 937 2505 1008 τοσαύτην
2563 935 2795 1004 ἄσκησιν
2846 934 2940 984 καὶ
2983 927 3307 998 ἐτοιμασίαν
3363 923 3597 991 καρδίας

2005 1035 2162 1103 ἔχων,
2196 1032 2357 1085 πάλιν
2405 1027 2596 1098 θυμῷ·
2654 1025 3011 1097 ἀρπάζομαι,
3060 1019 3161 1072 κᾶν
3205 1018 3300 1070 ἐπὶ
3351 1013 3550 1082 ἀγαθῷ
3581 1029 3592 1038 ·

2005 1123 2228 1192 ἐλέησόν
2283 1138 2374 1190 με,
2409 1118 2483 1188 μὴ
2505 1118 2816 1186 ἀπόλωμαι,
2850 1113 3021 1184 Κύριε
3045 1125 3058 1139 ·
3090 1108 3186 1160 ἐὰν
3213 1106 3328 1176 γάρ
3364 1104 3509 1173 εΰρῃ
3536 1105 3599 1154 ὲν

2007 1215 2131 1285 ἐμοὶ
2168 1213 2332 1283 μέρος
2367 1211 2395 1262 ὀ
2419 1208 2610 1278 ἐχθρὸς
2639 1208 2761 1260 ὅσον
2785 1205 2928 1266 ὅσον,
2966 1201 3062 1252 ἐάν
3089 1198 3164 1269 μὴ
3197 1193 3473 1266 στηρίξῃς
3505 1210 3594 1261 με,

2007 1307 2200 1375 ἔσομαι
2230 1301 2539 1371 ὑποχείριος
2581 1296 2767 1352 αὐτοῦ’
2799 1295 2892 1347 ἐὰν
2927 1293 3038 1361 γὰρ
3071 1291 3248 1343 πάντα
3281 1287 3380 1338 τὴν
3432 1285 3601 1353 νόμον

1967 1447 1970 1450 .
2011 1416 2104 1451 σου
2149 1396 2360 1466 τηρήσῃ
2387 1409 2490 1454 τις,
2523 1389 2728 1460 πταίσῃ
2789 1386 2846 1438 δὲ
2887 1386 2945 1436 ἐν
2983 1384 3084 1444 ένὶ,
3126 1380 3323 1447 γέγονε
3377 1375 3603 1428 πάντων

2012 1490 2212 1558 ἔνοχος’
2237 1485 2478 1538 πιστεύω
2499 1482 2554 1533 δὲ
2593 1481 2674 1533 ὅτι
2695 1519 2710 1542 ,
2754 1478 2848 1530 ἐὰν
2884 1475 2934 1528 οἱ
2976 1471 3158 1526 πολλοι
3188 1486 3286 1522 σου
3315 1466 3604 1552 οῖκτιρμοὶ

2018 1556 2326 1649 βοήθήσωσί
2357 1593 2476 1643 μοι,
2511 1570 2905 1640 διδαχθήσομαι
2938 1562 3122 1618 λοιπὸν
3148 1561 3251 1631 τὴν
3277 1559 3397 1612 τῶν
3427 1556 3605 1624 ἁγίων

2019 1688 2112 1724 σου
2139 1668 2256 1722 ὀδὺν
2287 1662 2616 1735 πορεύεσθαι
2637 1661 2752 1721 τοῖς
2775 1655 3085 1727 ἔμπροσθεν
3117 1649 3604 1716 ἐπεκτεινόμενος

2011 1941 2101 1993 τδν
2135 1939 2266 2008 βίον,
2305 1937 2378 2006 μὴ
2406 1933 2621 2004 πρῶτον
2648 1930 2811 1992 αὐτὸς
2849 1929 3108 1996 νικήσας;
3148 1924 3260 1974 Καὶ
3304 1919 3488 1972 ταῦτα
3519 1917 3610 1968 εὖ·

2015 2032 2241 2100 ξάμενος
2267 2027 2540 2095 διέμεινεν
2570 2022 2699 2092 ὃλην
2727 2021 2829 2090 τὴν
2857 2018 3050 2078 νύκτα,
3082 2011 3225 2066 αὐτὰ
3257 2011 3403 2079 μετὰ
3430 2008 3604 2060 κλαυ-

2013 2099 2162 2193 θμῶν
2181 2121 2376 2188 λέγων,
2404 2117 2509 2178 ἓως
2542 2109 2603 2169 οὖ
2629 2113 2861 2182 ἔφθασεν
2884 2112 2917 2178 ή
2943 2108 3142 2176 ἡμέρα’
3174 2104 3276 2193 καὶ
3299 2101 3414 2193 τῶν
3444 2099 3607 2193 ἱδρω-

2010 2187 2119 2263 των
2167 2206 2333 2262 αὐτοῦ
2375 2206 2444 2258 τὰ
2486 2205 2604 2274 ἴχνη
2651 2202 2758 2254 τῶν
2813 2198 2988 2252 ποδῶν
3041 2192 3209 2248 αὑτοῦ
3256 2191 3496 2258 γέγονεν
3541 2187 3615 2248 ὡς

2016 2302 2207 2371 πηλός.
2241 2300 2410 2371 Θέρος
2453 2300 2565 2368 γάρ
2601 2294 2692 2370 ἦν,
2727 2296 2824 2349 καὶ
2849 2299 2878 2349 ὀ
2904 2294 3068 2354 τόπος
3097 2288 3481 2356 κατάθερμοςο
3519 2283 3617 2334 καὶ

2022 2392 2179 2459 ἔλεγε
2226 2391 2522 2462 θαυμάζων
2550 2393 2579 2443 ὁ
2620 2389 2888 2461 μακάριος
2908 2403 2921 2416 ⁶
2969 2384 3062 2453 Μὴ
3093 2382 3203 2450 γάρ
3236 2375 3391 2448 εἶχον
3425 2375 3500 2427 τὰ
3523 2375 3619 2426 δά-

2021 2501 2162 2552 κρυα
2191 2483 2356 2536 αὑτοῦ
2391 2484 2607 2553 μέτρον’
2654 2481 2780 2544 Πῶς
2817 2480 2890 2549 μὴ
2948 2475 3238 2547 χαρίσεται
3283 2472 3312 2522 ὁ
3362 2469 3500 2529 Θεπ
3551 2468 3616 2534 τῇ

2017 2574 2242 2644 τοιαύτῃ
2273 2573 2592 2642 προαιρέσει
2610 2573 2813 2625 ’πάντα
2841 2567 3008 2620 αὑτοῦ
3056 2562 3125 2615 τὰ
3166 2559 3354 2629 ἀγαθά
3398 2559 3436 2610 ἃ.
3482 2555 3617 2625 ᾐτή-

2023 2675 2154 2712 σατο
2199 2659 2329 2730 παρ’
2358 2659 2555 2723 αὑτοῦ,
2583 2659 2676 2712 τοῦ
2709 2656 2849 2711 εἶναι
2894 2654 3056 2708 αὑτὸν
3095 2650 3205 2704 ἀπὸ
3259 2649 3490 2701 πάντων
3527 2659 3617 2694 νε-

2024 2750 2179 2819 κρόν;

355 2841 494 2896 erat,
537 2844 592 2886 et
630 2834 781 2889 locus
831 2835 917 2889 ille
947 2834 1325 2890 calidissimus.
1373 2836 1438 2889 Et
1481 2837 1616 2890 dixit
1647 2837 1920 2890 admirans
1960 2837 2185 2893 beatus:
2220 2854 2324 2894 non
2355 2841 2498 2894 enim
2544 2839 2810 2893 habebant
2865 2836 2984 2904 ejus
3049 2835 3302 2902 lat-rymm
3349 2829 3618 2884 modum:

356 2926 630 2993 quomodo
683 2942 786 2980 non
835 2925 1130 2996 indulgebit
1185 2928 1276 2981 tali
1321 2930 1594 2998 proposito
1648 2929 1788 2984 Deus
1834 2945 1928 2984 sua
1967 2931 2146 2984 oumia
2178 2946 2299 3001 quae
2367 2931 2436 2985 ab
2479 2931 2594 3000 ipso
2622 2930 2775 3000 petiit
2841 2929 3002 2990 bona,
3049 2940 3117 2979 eo
3164 2921 3308 2992 quod
3358 2919 3513 2972 illum
3542 2916 3620 2967 vi-

359 3019 481 3069 deat
516 3017 726 3071 cuni-tis
759 3017 917 3071 rebus
949 3019 1260 3072 mortuum?

428 3106 514 3160 IIl.
564 3107 708 3161 Dixit
752 3122 940 3161 rursus
975 3109 1113 3162 idem
1147 3107 1392 3162 Zosimas
1423 3129 1432 3160 -.
1467 3108 1691 3174 Quando
1725 3109 1923 3178 excipit

2097 3107 2169 3160 I".
2210 3107 2321 3159 Καὶ
2349 3105 2535 3172 έλεγεν
2556 3147 2570 3171 ,
2600 3106 2682 3159 ὅτι
2732 3106 2856 3158 Ἐάν
2891 3103 3033 3174 λάϐῃ
3062 3119 3147 3162 τις
3169 3100 3357 3170 νόημα
3394 3101 3622 3170 Olidae-

360 3197 481 3265 quis
526 3199 706 3250 animo
736 3198 1013 3266 appulsam
1059 3201 1437 3268 cogitationem
1487 3201 1552 3253 de
1605 3200 1785 3268 aliquo
1833 3201 1924 3268 qui

361 3289 533 3355 ipsum
571 3288 802 3351 vexavit,
836 3291 1052 3355 damno,
1083 3291 1427 3354 contumelia,
1460 3290 1539 3343 vel
1572 3292 1817 3345 convicio
1849 3290 1929 3343 al-

362 3377 533 3444 fecit;
589 3388 682 3430 aut
731 3377 835 3431 alia
885 3379 1076 3446 quavis
1125 3379 1320 3448 injuria
1376 3381 1593 3433 violavit
1635 3392 1733 3434 :et
1786 3379 1930 3433 fovet

363 3469 645 3524 adbmrens
694 3470 932 3539 texitque
979 3485 1169 3526 sensus
1195 3477 1383 3526 contra
1429 3472 1707 3527 inimicum
1755 3473 1929 3526 rabio-

365 3575 500 3616 sos:
543 3561 827 3616 insidiatur
875 3561 1103 3630 propriae
1145 3563 1339 3616 anima:
1380 3563 1552 3616 instar
1603 3563 1929 3628 datmonum,

366 3648 564 3705 sulIieit
613 3652 754 3705 enim
791 3651 906 3720 ipse
937 3652 1037 3707 sibi
1088 3652 1205 3708 sine
1245 3669 1410 3724 opera
1445 3654 1655 3708 illorum
1700 3655 1764 3707 ad
1811 3671 1933 3724 per-

368 3741 597 3795 dendum
649 3757 728 3797 se.
792 3742 856 3796 Et
911 3743 1038 3811 quid
1100 3745 1218 3799 dico
1252 3762 1264 3798 :
1297 3745 1512 3814 quando
1582 3745 1935 3814 cogitationes

369 3831 504 3886 tales
553 3835 788 3888 contexit
833 3844 996 3902 atque
1037 3835 1440 3904 implicaHAio
1489 3845 1778 3902 prmterea,
1832 3835 1932 3888 nisi

370 3923 670 3977 adversarii
715 3924 1019 3979 meminerit
1054 3935 1306 3996 tauquam
1345 3925 1706 3981 henel‘aetoris
1741 3935 1796 3980 et
1826 3942 1937 3980 me-

371 4013 498 4077 dici,
535 4024 692 4068 nocet
721 4015 1190 4073 immedicabiliter
1226 4017 1328 4071 sibi
1359 4017 1480 4085 ipsi.
1509 4017 1646 4082 Quid
1676 4019 1819 4071 enim
1853 4019 1936 4072 ais

373 4115 425 4160 te
449 4107 742 4160 vexatum?
774 4107 823 4161 Is
851 4122 879 4159 a
912 4123 1018 4175 quo
1045 4125 1259 4177 passum
1291 4117 1340 4162 te
1366 4109 1633 4176 quereris,
1664 4117 1715 4160 te
1743 4124 1940 4179 purg‘t-

373 4197 468 4259 vit,
505 4207 652 4249 tuum
685 4198 894 4251 curavit
929 4199 1199 4260 morbum,
1231 4211 1287 4250 et
1314 4199 1479 4254 debes
1521 4200 1792 4253 recordari
1826 4201 1940 4269 ejus

374 4297 626 4355 tanquam
687 4286 876 4342 medici
936 4289 1028 4340 tibi
1091 4304 1120 4341 a
1181 4288 1394 4343 Christo
1457 4289 1605 4343 missi
1666 4308 1678 4343 :
1729 4290 1941 4344 debitor

375 4378 587 4433 Christo
624 4393 683 4432 es
722 4379 804 4432 vel
851 4379 919 4432 ob
967 4379 1066 4432 hoc
1107 4381 1282 4433 solum
1320 4379 1638 4434 beneficium
1679 4379 1938 4449 quidlibet

377 4470 612 4537 patiendi
643 4484 738 4538 pro
776 4468 890 4536 ejus
929 4469 1164 4523 nomine.
1199 4468 1503 4524 Ministrqu
1534 4479 1710 4524 autem
1753 4471 1804 4522 in
1839 4471 1940 4524 hoc
1970 4453 2014 4508 θ

376 4561 492 4626 ejus
523 4563 660 4630 grati
701 4561 876 4615 olIicio
921 4560 1082 4614 animi
1128 4561 1444 4629 astringeris
1490 4562 1540 4614 in
1585 4561 1700 4614 loco
1744 4561 1940 4614 habere

380 4651 760 4706 benefactoris.
803 4651 862 4705 Si
900 4658 1080 4705 autem
1123 4666 1152 4704 ιι
1187 4651 1390 4703 malitia
1425 4665 1530 4705 non
1578 4651 1823 4714 ret-edis;
1852 4659 1943 4702 aut

381 4758 486 4795 non
533 4742 690 4810 cupis
731 4741 921 4795 saltem
963 4741 1236 4795 recedere.
1287 4740 1535 4810 Explevit
1578 4751 1759 4809 partes
1814 4757 1943 4796 suas

386 4831 641 4886 Dominus
685 4832 826 4887 Deus
873 4832 962 4901 qui
1008 4840 1058 4886 te
1091 4832 1297 4885 studuit
1343 4847 1566 4886 curare:
1616 4832 1836 4897 frustra,
1875 4833 1942 4883 ob

385 4933 528 4976 tuam
551 4914 913 4977 'retinentiam
946 4940 962 4976 :
993 4923 1146 4992 culpa
1199 4923 1368 4976 solius
1407 4931 1493 4975 tua
1529 4933 1612 4976 est
1641 4924 1729 4991 qui
1769 4936 1944 4976 reme-

385 5015 530 5068 dium
575 5015 802 5081 respuis,
838 5013 982 5082 qnod
1025 5013 1226 5082 pateris
1274 5029 1377 5068 non
1426 5013 1540 5080 ejus
1582 5029 1740 5082 quem
1787 5029 1946 5067 vocas

385 5105 751 5159 adversarium
807 5103 1003 5174 injuria
1059 5114 1177 5170 est,
1223 5104 1314 5156 sed
1370 5112 1471 5156 tum
1529 5104 1696 5171 ipsius
1754 5105 1949 5157 animm

387 5196 693 5263 aegrotantis
737 5206 789 5249 et
825 5194 1068 5248 morbum
1104 5209 1260 5248 suum
1308 5195 1560 5249 amantis.
1613 5195 1668 5248 Si
1721 5211 1824 5249 non
1871 5195 1949 5249 sic

389 5286 698 5351 aagrOtares,
751 5283 880 5338 nihil
930 5283 998 5338 ab
1053 5283 1270 5338 inimico
1318 5286 1603 5349 patereris.
1663 5283 1849 5352 Itaque
1903 5287 1947 5340 si

394 5386 536 5431 recte
564 5391 749 5432 censes
776 5377 1133 5447 obstringeris
1161 5377 1226 5430 ad
1257 5378 1460 5446 gratias
1495 5379 1767 5432 habendas
1799 5378 1949 5434 fratri

466 5529 481 5560 ¹
518 5528 668 5583 Rom.
700 5545 817 5595 vm,
857 5530 944 5584 12.
1018 5534 1037 5563 ³
1068 5530 1183 5586 Jac.
1218 5545 1282 5596 ιι,
1313 5529 1398 5584 I0.

2027 3215 2118 3262 τος
2145 3197 2328 3264 αὐτὸν,
2353 3198 2387 3268 ἢ
2424 3196 2802 3267 ζημιώσαντος
2827 3237 2841 3260 ,
2865 3195 2900 3265 ἢ
2931 3195 3380 3263 λοιδορήσαντος,
3413 3193 3448 3263 ἦ
3483 3194 3624 3244 ovs-.-

2027 3292 2298 3355 δίσαντος,
2339 3291 2372 3359 ἢ
2431 3289 2556 3358 εἱκῆ
2584 3287 2970 3358 διασύραντος,
3006 3286 3040 3356 ἢ
3076 3288 3187 3338 πᾶν
3224 3285 3413 3338 ὁτιοῦν
3447 3286 3624 3339 κακὸν

2031 3385 2378 3455 ποιήσαντος,
2408 3383 2505 3435 καὶ
2536 3383 2727 3435 πλέκει
2757 3381 3051 3450 λογισμοὺς
3088 3380 3210 3432 κατ’
3247 3378 3423 3431 αὑτοῦ
3446 3419 3461 3436 ,
3495 3381 3620 3430 ἐπι·

2030 3475 2274 3528 ϐουλεύει
2307 3478 2372 3546 τῇ
2417 3475 2523 3545 ἰδίᾳ.
2564 3473 2709 3544 ψυχῇ
2762 3473 2836 3535 ὼς
2877 3473 2927 3524 οἱ
2968 3471 3246 3538 δαίμονεςο
3299 3471 3470 3539 ἀρκεῖ
3515 3472 3625 3542 γάρ

2031 3566 2210 3636 ἐαυτῷ
2257 3565 2394 3634 πρὸς
2422 3565 2736 3635 ἐπιϐουλήν·
2775 3564 2870 3616 καὶ
2902 3563 2955 3615 τί
2990 3563 3166 3629 λέγω,
3210 3562 3449 3628 πλέκει;
3495 3563 3625 3616 Ἐὰν

2035 3659 2111 3728 μὴ
2158 3657 2431 3728 μέμνηται
2458 3656 2626 3710 αὑτοῦ
2667 3656 2742 3718 ὠς
2785 3653 3077 3724 εὐεργέτου
3106 3655 3202 3705 καὶ
3241 3654 3440 3722 ἰατροῦ
3467 3694 3482 3716 ,
3507 3655 3625 3706 ἁδι-

2035 3752 2121 3802 κεῖ
2163 3749 2322 3802 αὑτὸν
2349 3750 2416 3801 τὰ
2447 3748 2698 3816 μέγιστα·
2729 3747 2780 3799 τί
2807 3746 2916 3815 γὰρ
2948 3745 3125 3812 λέγεις
3169 3744 3436 3813 πάσχεινς
3466 3740 3624 3805 οὗτος

2035 3840 2309 3910 καθαίρει·
2359 3841 2452 3892 καὶ⁸
2479 3838 2716 3908 ὀφείλεις
2753 3838 3065 3907 μεμνῆσθαι
3107 3835 3280 3888 αὐτοῦ
3315 3835 3394 3896 ὡς
3431 3835 3624 3904 ἱατῳῦ

2037 3933 2378 4001 πεμφθέντος
2427 3948 2507 3983 σοι
2539 3931 2646 3984 ἀπὸ
2685 3929 2778 3982 τοῦ
2829 3928 3088 3999 Χριστοῦο
3131 3933 3438 3998 χρεωστεῖς
3484 3929 3627 3995 ὑπὲρ

2037 4023 2130 4075 τοῦ
2161 4021 2424 4092 ὀνόματος
2449 4019 2615 4074 αὑτοῦ
2643 4019 2858 4081 παθεῖν,
2893 4019 2987 4071 καὶ
3006 4017 3243 4086 ὀφείλεις
3276 4018 3428 4086 ἔχειν
3463 4018 3627 4068 αὑτὸν

2038 4112 2114 4175 ὡς
2159 4110 2474 4181 εὐεργέτην.
2520 4111 2584 4162 El
2619 4109 2676 4161 δὲ
2711 4109 2814 4162 οὐκ
2839 4107 3184 4177 ἀπαλλάσσῃ
3225 4107 3471 4168 κακίας,
3506 4107 3626 4158 οὐδὲ

2039 4187 2335 4270 ἐπιθυμεῖς
2371 4199 2791 4268 ἀπαλλαγῆναι,
2831 4198 3071 4260 ἀναίτιος
3118 4197 3326 4266 Κύριος
3378 4199 3410 4248 ὀ
3463 4197 3621 4257 Θεὸς

2041 4293 2254 4346 αὑτὸδὲ
2283 4291 2343 4344 τὸ
2395 4293 2646 4362 πάσχειν,
2694 4291 2956 4357 νοσούσης
3001 4289 3180 4358 ψυχῆς
3230 4290 3408 4352 ἐστιν,
3451 4288 3502 4339 εἰ
3553 4287 3626 4356 μὴ

2041 4384 2245 4444 ὲνόσεις
2275 4383 2373 4434 οὐκ
2407 4380 2642 4449 ἓπασχες
2671 4419 2689 4445 ,
2715 4381 2810 4432 καὶ
2838 4379 3074 4447 ὀφείλεις
3103 4378 3266 4450 χάριν
3297 4378 3380 4447 τῷ
3414 4377 3626 4446 ἀδελφῷ

2041 4473 2123 4525 ὅτι
2158 4471 2225 4523 δι’
2273 4470 2437 4523 αὑτοῦ
2487 4470 2658 4537 έγνως
2705 4470 2805 4539 τὴν
2855 4470 2971 4523 ὁδὸν
3015 4469 3112 4538 τῆς
3155 4468 3317 4521 νόσου
3361 4486 3481 4521 σου·
3534 4470 3623 4520 καὶ

2040 4562 2278 4631 ὀφείλεις
2303 4562 2554 4632 δέχεσθαι
2581 4561 2650 4613 τὰ
2676 4560 2806 4631 παρ’
2841 4560 3006 4614 αὐτοῦ
3037 4560 3113 4622 ὡς
3147 4560 3430 4628 φάρμακα
3463 4559 3623 4628 θερι-

2043 4653 2272 4706 πευτικὰ
2309 4652 2624 4721 πεμφθέντα
2670 4667 2752 4704 σοι
2789 4651 2943 4721 παρᾶ
2980 4649 3075 4702 τοῦ
3124 4650 3326 4719 Ἰησοῦ.
3366 4651 3431 4703 Εἰ
3463 4650 3517 4701 δὲ
3554 4648 3627 4718 μὴ

2047 4746 2207 4816 μόνον
2236 4745 2334 4797 οὐκ
2369 4745 2708 4813 εὐχαριστεῖς
2728 4782 2742 4806 ,
2772 4742 2912 4795 ἀλλὰ
2960 4742 3053 4795 καὶ
3087 4745 3232 4812 λυπῇ
3254 4781 3268 4801 ,
3306 4741 3405 4792 καὶ
3437 4741 3627 4794 διασύ-

2049 4854 2182 4907 ρεις,
2214 4838 2308 4888 καὶ
2341 4834 2589 4901 ἐγκαλεῖς
2609 4874 2623 4894 ,
2656 4834 2749 4886 καὶ
2784 4832 3004 4896 πλέκεις
3042 4832 3346 4901 λογισμοὺς
3375 4834 3498 4884 κατ’
3526 4832 3626 4883 αὑ-

2051 4927 2145 4980 τοῦ
2164 4968 2177 4992 ,
2205 4925 2428 4994 δυνάμει
2461 4923 2636 4992 λέγεις
2666 4922 2743 4992 τῷ
2784 4923 2958 4992 Ἰησοῦ
2979 4963 2992 4984 ,
3033 4921 3234 4991 μᾶλλον
3262 4921 3322 4973 δὲ
3352 4923 3534 4988 γυμνῇ
3565 4922 3627 4990 τῇ

2055 5017 2283 5086 κεφαλῇε
2317 5017 2390 5068 Οὐ
2423 5015 2560 5068 θέλω
2588 5013 2803 5084 ἰαθῆναι
2830 5013 2934 5066 ὑπὸ
2957 5011 3074 5065 σοῦ·
3107 5014 3168 5065 οὐ
3195 5012 3336 5064 θέλω
3363 5011 3619 5076 δέξασθαι

2048 5109 2116 5162 τὰ
2153 5107 2417 5177 φάρμακά
2465 5123 2580 5159 σου*
2632 5105 2869 5172 σαπῆναι
2912 5105 3051 5156 θέλω
3102 5105 3157 5157 ὲν
3189 5106 3303 5164 τοῖς
3350 5101 3626 5172 τραύμαςί

2053 5216 2170 5268 μου·
2203 5199 2441 5267 ὑπήκοος
2472 5197 2611 5249 θέλω
2643 5195 2894 5263 γενέσθαι
2926 5194 3034 5246 τῶν
3059 5193 3355 5261 δαιμόνωνο
3393 5193 3495 5245 οὐκ
3519 5189 3626 5244 οῖδα

2050 5288 2141 5340 τὸν
2165 5288 2387 5358 Κύριον.
2425 5289 2534 5340 Καὶ
2561 5287 2642 5348 τίς
2671 5288 2816 5338 ἐστιν
2843 5278 2904 5338 οὗ
2949 5285 3351 5351 εἰσακούσομαι
3382 5283 3489 5351 τῆς
3516 5301 3624 5348 ’,τωο

2056 5380 2148 5447 νῆς
2179 5378 2340 5432 αὐτοῦ
2364 5395 2375 5407 ·
2423 5379 2514 5431 καὶ
2544 5378 2592 5431 τί
2611 5377 2792 5432 λοιπὸν
2820 5380 3036 5448 ποιήσει
3063 5378 3090 5429 ὀ
3119 5376 3364 5445 Κύριος;
3401 5372 3625 5442 ’Δγαθός
