3864 6114
243 281 379 347 1685

1676 272 2073 346 ALLOQUIA.

3349 267 3483 330 1686

238 390 316 444 ὢν
362 391 389 443 6
419 387 622 459 Κύριος
660 384 818 457 ἡμῶν
856 382 990 454 πρδς
1017 381 1118 447 τὰς
1150 381 1348 445 κακίας
1398 380 1577 453 ἡμῶν,
1608 379 1799 435 ἔδωκεν

1910 393 2069 448 quem
2107 385 2165 432 ut
2208 376 2528 433 maledicum
2576 384 2670 431 aut
2711 376 3012 433 maleficum
3047 390 3293 443 accusas,
3331 377 3473 445 quod

236 476 462 539 ἐντολάς
506 473 878 543 καθαιρούσας
927 472 1097 535 αὐτὰς
1142 472 1298 541 δίκην
1348 472 1674 541 καυστήρων
1717 471 1813 523 καὶ

238 568 577 640 καθαρσίων*
601 569 630 620 6
658 566 843 620 τοίνυν
874 564 1201 635 βουλόμενος
1227 564 1323 618 καὶ
1345 562 1526 617 ποθῶν
1558 561 1809 630 ἰαθῆναι,

236 658 450 729 ἀνάγκη
489 656 652 710 αὐτὸν
696 657 992 725 ὑπομεῖναι
1035 654 1106 707 τά
1148 655 1518 725 ἐπιφερόμενα
1565 654 1670 708 ὑπὸ
1718 654 1811 708 τοῦ

241 747 450 818 ίατροῦ,
488 748 625 817 μετά
665 746 829 799 πόνου
877 745 973 798 καὶ
1014 745 1248 816 σιωπῆς·
1297 745 1417 798 οὐδὲ
1447 745 1556 816 γὰρ
1585 747 1612 797 6
1641 744 1812 799 νοσῶν

238 837 409 905 ἡδέως
437 836 549 907 ἔχει
575 836 669 890 τοῦ
696 836 989 907 τέμνεσθαι
1019 836 1115 890 καὶ
1142 834 1359 889 καίεθαι
1379 876 1394 901 ,
1421 836 1454 905 ἢ
1491 834 1677 888 λαϐεῖν
1710 852 1809 887 κα·-

237 927 482 998 θάρσιον·
516 928 665 998 ὅμως
694 926 873 980 πείθει
911 927 1095 992 αὑτὸν,
1137 927 1218 980 ὅτι
1248 925 1417 996 χωρὶς
1448 924 1653 977 τούτων
1685 924 1810 979 ἁδύ-

238 1034 403 1071 νατονη
424 1018 811 1087 ἀπαλλαγῆναι
836 1018 935 1087 τῆς
976 1017 1154 1070 νόσουο
1186 1017 1281 1070 καὶ
1319 1015 1506 1069 λοιπὸν
1533 1014 1811 1068 ἐκδίδωσιν

237 1109 433 1162 ἑαυτὸν
456 1109 535 1179 τῷ
566 1110 756 1181 ἰατρῷ,
790 1107 945 1173 εἰδὼς
967 1111 1048 1163 ὅτι
1072 1107 1160 1162 διὰ
1188 1108 1389 1178 μικρᾶς
1414 1106 1609 1177 ἀηδίας
1635 1106 1811 1160 ἀπαλ-

234 1200 500 1253 λάσσεται
521 1199 719 1269 πολλῆς
742 1200 1086 1270 κακοχυμίας
1113 1199 1207 1253 καὶ
1239 1196 1598 1268 πολυχρονίας
1624 1197 1804 1251 νόσου.

235 1292 500 1363 Καυστὴρ
531 1293 589 1346 δὲ
612 1292 706 1346 τοῦ
743 1292 917 1363 Ἰησοῦ
944 1293 1093 1345 ἐστιν
1133 1292 1162 1343 6
1193 1289 1483 1360 ὑποφέρων
1512 1287 1737 1358 ζημίαν.

1910 485 2008 540 per
2038 484 2165 526 eum
2203 468 2498 539 cognovisti
2532 468 2674 522 viam
2714 468 2884 523 morbi
2925 467 3023 533 tui,
3059 483 3187 538 qua,
3220 477 3274 522 et
3300 482 3475 537 quan-

1910 577 2019 620 tam
2046 574 2194 619 tuam
2224 564 2290 618 ad
2326 563 2623 633 perniciem
2648 573 2931 633 grassetur
2961 580 2976 616 :
3002 575 3172 631 quare
3196 556 3337 616 dicta
3361 558 3479 628 ejus

1908 665 1959 710 et
1993 653 2133 708 facta
2162 652 2403 707 insuavia
2431 652 2548 716 tibi,
2578 651 2741 705 debes
2766 652 2834 704 ab
2856 664 2921 705 eo
2949 651 3195 719 accipere
3221 658 3474 716 tanquam

1909 743 2211 799 medicinas
2258 741 2549 805 salutares,
2602 742 2795 796 missas
2833 742 2900 795 ad
2950 749 3001 795 te
3054 756 3083 793 a
3131 737 3285 794 Jesu.
3327 737 3479 804 Quod

1912 836 1957 889 si
1988 848 2093 888 non
2116 834 2291 889 solum
2321 847 2427 887 non
2453 830 2659 900 gratias
2682 832 2798 900 agis
2828 848 2842 885 :
2873 830 2969 886 sed
2998 828 3169 893 doles,
3197 828 3291 881 sed
3316 826 3481 880 vicis-

1914 926 2017 981 sim
2056 923 2401 988 conviciaris,
2427 922 2675 992 [vicissim
2709 935 2953 990 accusas,
2988 931 3041 976 et
3082 919 3253 975 nectis
3292 926 3478 973 contra

1917 1018 2088 1086 ipsum
2147 1015 2581 1071 machinationes
2621 1014 2912 1070 vindictam
2968 1013 3273 1075 meditans,
3318 1009 3480 1064 tacite

1917 1104 2052 1160 dicis
2090 1104 2312 1160 Christo
2332 1101 2483 1170 ἔθευ,
2514 1114 2625 1167 _aut
2663 1107 2840 1174 potius
2886 1111 3073 1159 exerte
3122 1117 3185 1156 ac
3230 1101 3474 1155 diserte:

1905 1193 2039 1251 Nolo
2072 1197 2250 1251 curari
2279 1212 2308 1250 a
2341 1204 2428 1252 te:
2454 1196 2580 1251 nolo
2609 1210 2825 1251 sumere
2851 1193 3143 1250 medicinas
3168 1201 3322 1245 tuas:
3360 1188 3478 1242 volu

1906 1285 2185 1356 putrefieri
2243 1286 2297 1341 in
2363 1288 2500 1343 meis
2550 1286 2861 1342 vulneribus
2904 1302 2919 1338 :
2966 1284 3085 1339 volo
3144 1280 3479 1338 daemonibus

232 1382 476 1436 obedire.
509 1382 702 1437 Nescio
730 1381 1035 1437 Dominum.
1064 1383 1127 1437 Et
1153 1382 1275 1451 quis
1304 1381 1393 1435 ille
1425 1389 1532 1445 est,
1577 1389 1637 1435 ut
1679 1378 1933 1435 ohediam
1978 1379 2095 1433 voci
2136 1378 2332 1447 ejus’?
2398 1377 2537 1445 Quid
2613 1392 2741 1448 ergo
2815 1378 2881 1432 de
2950 1385 3149 1432 caetero
3190 1375 3351 1429 faciet
3382 1373 3479 1426 Do-

236 1474 456 1528 minus?
506 1473 638 1528 Cmu
672 1474 747 1528 sit
776 1475 949 1529 bonus
990 1473 1254 1528 Dominus
1297 1482 1483 1528 noster
1538 1482 1594 1528 et
1664 1471 1947 1542 indulgens
2012 1486 2141 1542 erga
2194 1479 2406 1527 nostras
2448 1470 2811 1540 iniquitates:
2853 1469 3001 1525 dedit
3043 1469 3293 1523 mandata
3336 1485 3461 1522 san-

247 1574 330 1618 cta
362 1567 642 1633 purgantia
684 1565 828 1634 ipsas
858 1566 1033 1619 instar
1063 1565 1427 1620 cauteriorum
1469 1574 1522 1617 et
1550 1565 1986 1634 pharmacorum.
2049 1563 2151 1629 Qui
2181 1577 2317 1632 ergo
2373 1560 2485 1616 vult
2516 1571 2570 1617 et
2631 1561 2907 1617 desiderat
2952 1562 3155 1627 curari,
3221 1562 3472 1615 admittat

231 1665 447 1724 oportet
475 1666 530 1711 et
568 1658 830 1712 sustineat
860 1673 1194 1726 quaecunque
1222 1658 1303 1711 vel
1345 1656 1664 1719 offeruntur,
1718 1655 1800 1708 vel
1841 1654 2149 1710 inferuntur
2170 1654 2220 1709 ei
2252 1670 2280 1707 a
2318 1654 2551 1719 medico,
2623 1655 2905 1721 sustineat,
2942 1656 3182 1726 inquam,
3218 1666 3338 1707 cum
3384 1667 3478 1721 pa-

234 1744 419 1799 tientia
450 1747 651 1803 doloris
707 1760 916 1803 etcum
946 1747 1182 1802 silentio.
1234 1745 1371 1801 Nam
1412 1761 1511 1801 nec
1572 1746 1664 1815 qui
1733 1754 1961 1812 aagrotat
2004 1756 2253 1812 corpore,
2291 1742 2587 1813 jucundum
2647 1744 2944 1813 experitur,
3006 1742 3203 1806 secari,
3258 1741 3361 1806 uri,
3413 1752 3470 1795 et

233 1838 451 1901 sorbere
482 1852 695 1893 amaras
726 1839 1007 1909 potiones;
1045 1848 1225 1894 tamen
1253 1836 1473 1892 cohibet
1502 1849 1581 1900 se,
1612 1850 1678 1889 ac
1705 1835 1805 1889 sibi
1844 1834 2163 1904 persuadet,
2206 1834 2542 1890 tolerantiam
2621 1834 2806 1891 talium
2843 1835 3225 1895 acerbitatum,
3273 1832 3477 1901 absque

232 1925 319 1979 his
347 1928 545 1993 sciens,
583 1928 726 1983 haud
791 1944 849 1984 se
909 1944 1068 1999 posse
1112 1928 1333 1984 liberari
1364 1941 1397 1981 a
1437 1926 1715 1996 languore,
1782 1926 2039 1995 quocirca
2095 1935 2263 1981 totum
2318 1940 2377 1980 se
2434 1925 2699 1995 permittit
2767 1925 3016 1994 medico;
3087 1938 3321 1993 gnarus,
3383 1938 3479 1994 per

233 2017 391 2072 istam
431 2020 695 2075 modicam
740 2021 1039 2075 molestiam
1070 2019 1364 2091 expulsum
1436 2019 1500 2072 iri
1545 2032 1575 2070 a
1640 2031 1705 2072 se
1771 2028 2090 2085 conceptum
2170 2019 2468 2073 visceribus
2510 2032 2616 2087 quo
2659 2018 2800 2073 male
2864 2026 3146 2087 torquetur
3192 2017 3375 2079 virus,
3425 2023 3483 2067 et

230 2112 543 2167 diuturnam
570 2129 675 2183 qua
725 2115 929 2171 sensim
999 2115 1298 2169 absumitur
1374 2112 1747 2183 aegritudinem
1779 2114 2179 2169 excutiendam.
2220 2112 2524 2184 Chirurgus
2565 2120 2741 2170 autem
2810 2127 3002 2169 secans
3066 2125 3335 2180 ureusque
3371 2110 3479 2165 Do»

231 2204 364 2257 mini
393 2201 520 2258 .lesu
550 2211 652 2269 est,
683 2205 787 2260 iste
810 2206 989 2259 damni
1024 2215 1116 2258 aut
1149 2205 1356 2274 injuria:
1382 2204 1594 2279 illatur,‘

303 2299 376 2352 A'.
419 2298 528 2351 Καὶ
578 2297 801 2368 ἔλεγεν·
852 2301 1100 2372 ’Δπαρον
1146 2301 1273 2363 τοὺς
1315 2298 1659 2370 πειρασμοὺς
1708 2296 1799 2351 καὶ

1974 2292 2063 2347 ιν.
2108 2291 2252 2346 Dixit
2297 2292 2517 2363 insuper
2557 2315 2569 2348 :
2606 2294 2755 2349 Tolle
2804 2297 3130 2352 tentationes
3184 2310 3237 2352 et
3282 2303 3456 2371 cogita

231 2388 523 2459 λογισμούς
550 2430 565 2454 ,
615 2391 708 2442 καὶ
751 2390 926 2453 οὐδεὶς
954 2391 1128 2459 ἂγιος⁶
1165 2391 1194 2442 6
1249 2390 1467 2458 φεύγων
1496 2387 1802 2459 πειρασμὸν

230 2477 486 2547 ἐπωφελῆ
510 2517 524 2541 ,
556 2479 746 2548 φεύγει
776 2478 923 2549 ζωὴν
972 2479 1209 2534 αἰώνιον·
1259 2474 1395 2533 Εῐπε
1429 2479 1538 2550 γάρ
1586 2494 1670 2541 τις
1696 2478 1803 2532 τῶν

258 2567 450 2634 ἁγίων·
514 2569 608 2631 Τίς
641 2568 971 2638 προεξένησε
1020 2572 1133 2633 τοῖς
1177 2569 1356 2637 ἁγίοις
1403 2570 1640 2640 μάρτυσι
1674 2571 1802 2630 τοὺς

229 2658 529 2727 στεφάνους
577 2660 849 2725 ἐκείνους,
896 2661 945 2712 εἰ
978 2661 1054 2732 μὴ
1086 2662 1133 2712 οἱ
1179 2660 1534 2730 ἀδικήσαντες
1563 2661 1800 2725 αύτούς;

229 2750 329 2813 Τίς
356 2750 667 2820 ἐδωρήσατο
712 2750 789 2820 τῷ
828 2751 968 2822 ἁγίῳ
1019 2751 1278 2821 Στεφάνῳ
1324 2753 1581 2818 τοιαύτην
1645 2752 1803 2818 δόξαν

230 2841 299 2911 ἢν
320 2841 594 2913 ἐποίησεν,
626 2843 675 2895 εἰ
718 2844 795 2915 μὴ
827 2845 878 2895 oi
913 2843 1234 2906 λιθάσαντες
1264 2843 1467 2911 αύτόν;
1498 2843 1610 2897 Καὶ
1664 2861 1798 2915 προ-

230 2932 428 3003 ἐφερεν
472 2932 559 2986 ἀεὶ
590 2934 688 3004 τὴν
716 2934 911 3004 χρῆσιν
941 2933 1033 2987 τοῦ
1054 2934 1234 3003 ἁγίου,
1258 2935 1341 2988 ὅτι
1378 2933 1519 3002 Ἐγὼ
1543 2934 1670 2997 τοὺς
1703 2934 1803 3003 ἐμὲ

230 3024 671 3097 κατηγοροῦντας
719 3027 820 3079 ούκ
842 3026 1141 3096 αἰτιῶμαι,
1186 3026 1322 3080 ἀλλά
1371 3027 1467 3080 καὶ
1510 3025 1802 3095 εὐεργέτας

227 3119 379 3173 καλῶ
401 3120 497 3173 καὶ
528 3119 638 3189 ἔχω
670 3118 857 3190 ἐμούς·
890 3121 981 3173 καὶ
1009 3120 1109 3172 ούκ
1135 3118 1464 3189 ἀπωθοῦμαι
1498 3119 1590 3171 τὸν
1620 3118 1801 3187 ἰατρὸν

225 3212 336 3264 τῶν
367 3211 553 3281 ψυχῶν
581 3212 870 3281 φάρμακον
903 3210 1127 3281 ἀτιμίας
1155 3212 1499 3280 προσάγοντα
1544 3211 1802 3281 κενοδόξῳ

226 3303 394 3375 ψυχῇ·
424 3303 521 3357 καὶ
541 3302 755 3356 δέδοικα
780 3304 853 3373 μή
884 3319 1016 3355 ποτε
1045 3304 1142 3356 καὶ
1168 3303 1295 3374 περὶ
1317 3303 1417 3373 τῆς
1445 3303 1621 3374 ψυχῆς
1646 3303 1796 3373 εἴπη-

228 3395 653 3462 ἰατρεύσαμεν
692 3393 807 3459 τὴν
846 3391 1198 3459 Βαϐυλῶνα,
1233 3394 1332 3447 καὶ
1365 3396 1478 3447 οὐκ
1509 3393 1663 3460 ίὰθηο
1706 3393 1802 3445 καὶ

226 3484 411 3537 πάλιν·
444 3482 707 3550 ﬂoridam,-
730 3484 1003 3551 ἠθέλησα
1037 3484 1500 3553 ἐπισυναγαγεῖν
1522 3486 1594 3539 τὰ
1618 3485 1803 3539 τέκνα

225 3591 347 3630 σου
377 3576 458 3641 ὡς
497 3575 660 3644 ὄρνις
702 3577 818 3644 τὴν
844 3576 1107 3630 νοσσιὰν
1130 3575 1336 3629 αὐτοῦ’
1390 3576 1488 3629 καὶ
1520 3579 1631 3630 οὐκ
1664 3578 1797 3645 ἠθέ-

225 3669 446 3733 λησας
486 3666 629 3721 Ἰδοὺ
654 3668 885 3737 ἀφίεται
907 3670 940 3721 ὀ
967 3663 1129 3732 οἶκος
1168 3667 1335 3735 ὑμῶν
1360 3667 1595 3738 ἕρημος.

299 3838 377 3892 Ε’.
419 3838 529 3890 Καὶ
550 3838 757 3907 ἐλεγενο
800 3836 1079 3906 Ἐφοϐεἴτο
1103 3840 1130 3890 6
1161 3838 1427 3909 Εύάγριος
1459 3838 1533 3910 μὴ
1561 3840 1801 3911 ὲγκληθῇ

227 3928 337 3982 ὑπὸ
368 3928 462 3982 τοῦ
512 3930 747 4002 Χριστοῦ
783 3931 878 3984 καὶ
908 3932 1040 4005 εἴπῃ
1074 3930 1243 3998 αὐτῷ·
1298 3927 1560 4003 Εύάγριε,
1597 3934 1802 3997 ὲνόσεις

226 4019 557 4087 κενοδοξίαν,
589 4022 681 4074 καὶ
708 4022 986 4091 ἐπήγαγον
1017 4037 1099 4074 σοι
1124 4021 1414 4095 φάρμακον
1437 4021 1681 4094 ἀτιμίας,
1716 4025 1801 4077 ἵνα

224 4111 293 4164 δι’
322 4110 486 4164 αὐτοῦ
517 4111 873 4182 καθαρισθῇς.
900 4113 971 4165 Σὺ
995 4112 1052 4166 δὲ
1074 4113 1172 4166 οὐκ
1197 4113 1570 4185 ὲθεραπεύθης
1593 4132 1606 4144 ·
1644 4115 1802 4168 τοῦτο

225 4202 285 4253 δὲ
315 4202 597 4271 μάθωμεν,
637 4203 718 4255 ὅτι
749 4203 922 4266 οὐδείς
952 4205 1103 4257 ἐστιν
1129 4203 1412 4273 ἀληθεύων
1436 4206 1484 4258 εί
1518 4206 1594 4276 μὴ
1625 4207 1673 4258 οἱ
1703 4206 1799 4275 ψέ-

225 4308 415 4360 γοντες
446 4292 614 4360 ἡμᾶς.
644 4289 836 4357 Ἔλεγε
867 4290 1017 4345 δέ”Ο
1042 4293 1266 4364 Κύριος,
1288 4294 1318 4346 6
1337 4292 1544 4358 ἐτάζων
1574 4295 1799 4365 καρδίας

224 4382 324 4436 :zx‘t
356 4382 617 4450 νεφροὺς,
654 4378 795 4435 οἶδεν
840 4382 919 4435 ὅτι
956 4383 1050 4435 ὲάν
1084 4384 1285 4447 πάντες
1326 4384 1603 4456 ἄνθρωποι
1639 4388 1796 4439 ἐπαι-

222 4474 360 4527 νῶσι
386 4473 481 4524 καὶ
515 4471 859 4542 μακαρίζουσι
891 4472 958 4527 τὰ
993 4474 1102 4544 ὲμά
1132 4476 1328 4540 πάντα,
1354 4475 1477 4539 ἀξια
1504 4476 1675 4544 ψόγου
1704 4478 1799 4530 καὶ

225 4562 487 4634 αἰσχύνης
520 4564 925 4634 ὲμπτυσμάτων
958 4566 1116 4618 εἰσίνο
1151 4566 1245 4618 έάν
1275 4566 1331 4618 δὲ
1371 4568 1585 4619 ein:ch
1627 4568 1797 4621 Τοῦτο

225 4658 322 4709 καὶ
372 4656 546 4707 έκεῖνο
584 4654 842 4723 ἐποίησας
864 4672 878 4685 ο
915 4656 1047 4723 ἐγὼ,
1078 4655 1143 4707 Τί
1188 4655 1297 4725 γὰρ
1323 4656 1386 4708 τὸ
1428 4657 1562 4726 ἐμὸν
1601 4658 1793 4724 καλόν;

223 4746 400 4808 οὐδεὶς
420 4747 527 4816 γὰρ
557 4744 810 4814 ψεύδεται
832 4748 879 4796 εί
901 4746 974 4815 μὴ
993 4747 1044 4797 οἱ
1077 4746 1424 4810 ἐπαινοῦντές
1461 4765 1528 4816 με
1561 4748 1656 4800 καὶ
1689 4765 1793 4818 μα-

224 4836 542 4907 καρίζοντές
562 4852 648 4906 με·
683 4836 777 4889 καὶ⁸
793 4836 967 4899 οὐδεὶς
993 4837 1249 4907 ἀληθεύει
1284 4839 1332 4890 εί
1354 4838 1427 4909 μὴ
1457 4837 1507 4890 οἱ
1535 4838 1793 4907 ψέγοντές

1905 2385 2099 2439 tiones.
2135 2383 2253 2439 lam
2309 2399 2468 2440 nemo
2512 2395 2596 2440 est
2636 2380 2856 2441 sa'nctus
2877 2403 2892 2453 ;
2925 2388 3017 2457 qui
3052 2388 3187 2459 fugit
3221 2393 3472 2447 tentatio-

1902 2492 2025 2530 nem
2085 2491 2181 2546 per
2227 2492 2286 2532 se
2340 2477 2545 2541 utilem,
2597 2475 2732 2547 fugit
2778 2478 2940 2533 vitam
2998 2488 3278 2537 aeternam.
3333 2484 3479 2538 Dixit

1902 2568 2046 2622 enim
2106 2582 2231 2623 vere
2278 2568 2545 2638 quispiam
2600 2579 2910 2625 sanctorum
2943 2574 3106 2641 :quis
3166 2577 3477 2642 procuravit

1904 2658 2236 2729 martyribus
2278 2674 2511 2715 coronans
2542 2660 2737 2728 quibus
2768 2660 2995 2731 fulgent,
3032 2666 3133 2719 nisi
3163 2678 3476 2735 persecuto-

1904 2763 1992 2803 res
2022 2748 2305 2816 ipsorum?
2333 2750 2457 2817 quis
2488 2749 2708 2802 dnuavit
2735 2757 2927 2803 sancto
2954 2751 3230 2820 Stephano
3260 2763 3367 2808 tum
3410 2757 3474 2808 il-

1903 2836 2127 2891 lustrem
2170 2838 2327 2891 istam
2377 2853 2481 2906 qua
2528 2837 2728 2893 fruitur
2771 2838 3018 2909 gloriam,
3067 2842 3168 2895 nisi
3212 2845 3302 2913 qui
3351 2860 3472 2897 eum

1904 2926 2249 2996 Iapidaruut?
2284 2928 2351 2981 Et
2379 2930 2689 2996 proferebat
2734 2946 2949 3002 semper
2993 2937 3315 2990 sententiam
3355 2954 3475 2992 sau-

1901 3020 1976 3072 cti
2017 3018 2296 3087 cujusdam
2345 3020 2539 3073 aientis
2576 3038 2587 3073 :
2620 3020 2731 3089 Ego
2771 3033 3090 3078 accusantes
3129 3041 3213 3080 me
3246 3042 3347 3081 uon
3390 3045 3475 3083 re-

1901 3110 2105 3177 tlurgtto
2136 3125 2149 3160 :
2178 3106 2269 3162 sed
2312 3118 2365 3161 et
2401 3108 2776 3165 hcuefactores
2809 3126 2942 3167 voco
2988 3114 3263 3184 habeoque
3303 3133 3470 3174 meos.

1902 3198 2012 3255 Nec
2043 3199 2244 3269 repello
2270 3200 2536 3255 medicum
2570 3202 2871 3258 animarum
2898 3206 3271 3274 propinantem
3304 3211 3471 3278 phar-

1902 3306 2112 3345 macum
2156 3292 2461 3362 ignominiae
2501 3307 2657 3363 aegra:
2694 3309 2824 3348 meae
2872 3296 3064 3351 anima:
3101 3300 3290 3353 morbo
3318 3316 3468 3356 vana:

1901 3383 2085 3453 gloria:
2119 3383 2381 3437 laboranti
2424 3404 2436 3437 :
2484 3398 2675 3439 verens
2708 3400 2775 3439 ne
2819 3384 2959 3441 forte
2988 3389 3053 3441 de
3085 3388 3171 3441 illa
3200 3391 3417 3446 dicatur
3450 3412 3467 3447 :

1902 3471 2211 3525 Curavimus
2249 3471 2563 3541 Babylonem
2609 3482 2655 3527 et
2694 3490 2795 3526 non
2842 3485 2920 3528 est
2949 3486 3139 3529 sanata
3174 3477 3228 3542 ες
3262 3488 3317 3533 et
3352 3494 3469 3533 rur-

1900 3578 1992 3618 sus
2018 3582 2030 3616 :
2064 3562 2280 3628 Quoties
2315 3564 2454 3615 volui
2478 3580 2793 3634 congregare
2815 3566 2955 3633 ﬁlios
2986 3578 3102 3622 tuo:
3133 3571 3467 3636 quemadmo-

1824 3627 1866 3684 ϐ
1905 3656 2029 3708 dum
2063 3654 2259 3723 gallina
2307 3627 2597 3724 congregat
2616 3627 2786 3723 ptillos
2815 3627 2920 3711 sub
2952 3660 3090 3722 alas,
3129 3627 3177 3714 et
3212 3662 3470 3715 noluisti?

1903 3746 2039 3801 Ecce
2068 3746 2387 3815 relinquetur
2424 3747 2563 3799 vobis
2595 3751 2777 3802 domus
2814 3760 2984 3803 vestra
3020 3752 3225 3805 deserta
3247 3754 3290 3806 ⁵.

1974 3836 2038 3889 ν.
2083 3837 2151 3891 Ει
2180 3838 2314 3890 dixit
2346 3856 2359 3891 :
2391 3838 2641 3894 Timebat
2688 3838 2950 3906 Evagrius
2996 3856 3064 3895 ne
3114 3842 3469 3910 exprobraret

1901 3931 2001 3985 sibi
2027 3928 2277 3985 Christus
2328 3940 2376 3983 et
2414 3928 2617 3985 diceret
2650 3948 2664 3986 :
2694 3929 2913 4000 Evagri,
2952 3932 3233 3989 laborabas
3280 3935 3468 3989 morbo

1900 4038 2051 4076 vanae
2091 4023 2274 4092 gloria:
2308 4039 2321 4075 :
2351 4032 2405 4078 et
2442 4037 2541 4090 ego
2599 4022 2919 4078 medicinam
2958 4023 3051 4078 tibi
3102 4024 3335 4093 applicui
3376 4024 3467 4075 de-

1899 4115 2063 4167 decus
2102 4113 2328 4178 illatum,
2361 4120 2417 4167 ut
2442 4127 2537 4183 per
2561 4110 2690 4166 illud
2723 4114 3015 4169 curareris.
3050 4112 3129 4166 Tu
3164 4123 3341 4167 tamen
3376 4128 3463 4167 sa~

1898 4212 2060 4257 natus
2110 4218 2214 4257 non
2243 4217 2337 4269 es;
2385 4212 2440 4258 et
2483 4218 2580 4270 pro
2625 4213 2774 4258 certo
2805 4213 3107 4267 teneamus,
3162 4219 3230 4259 ex
3276 4202 3341 4256 iis
3370 4203 3459 4271 qui

1898 4296 1964 4349 de
1996 4295 2152 4348 nobis
2188 4295 2499 4363 loquuntur,
2536 4310 2629 4350 eos
2670 4293 2814 4352 solos
2847 4309 2976 4350 vera
3010 4296 3208 4362 dicere,
3240 4294 3331 4364 qui
3365 4308 3463 4350 nos

1897 4388 2223 4457 vituperant.
2260 4388 2515 4441 Dominus
2543 4388 2634 4456 qui
2680 4395 2955 4442 scrutatur
2991 4388 3153 4442 corda
3185 4395 3241 4441 et
3281 4401 3457 4445 renes.

1899 4479 2088 4543 novit,
2115 4492 2232 4531 mea
2275 4476 2478 4543 omnia,
2523 4478 2873 4545 quantumvis
2919 4490 3015 4531 ore
3050 4490 3303 4530 consono.
3329 4490 3460 4529 cum

1897 4578 2105 4622 ctorum
2136 4568 2410 4620 hominum
2440 4566 2754 4633 laudentur,
2788 4576 2843 4624 et
2870 4568 3268 4630 beatificentur,
3297 4567 3461 4621 nihilo

1898 4668 2078 4714 tamen
2133 4659 2309 4713 minus
2351 4658 2527 4727 turpia
2573 4658 2943 4729 desputabilia.
2979 4668 3047 4712 et,
3077 4658 3272 4728 probro
3304 4659 3461 4724 digna

1896 4764 2037 4805 esse.
2071 4749 2125 4803 Si
2156 4759 2333 4803 autem
2382 4748 2665 4804 adulantes
2693 4749 2823 4803 mihi
2850 4748 3073 4802 dicant:
3102 4746 3215 4801 Hoc
3241 4757 3294 4801 et
3332 4746 3459 4799 illud

1898 4845 2093 4900 bonum
2137 4843 2347 4913 fecisti;
2391 4859 2493 4913 ego
2545 4841 3056 4912 respondeo:Quld
3106 4840 3248 4895 enim
3289 4840 3341 4893 iu
3379 4841 3461 4893 his

227 4944 296 4997 με
333 4929 426 4980 καὶ
449 4924 858 4991 ὲξουθενοῦντες
882 4943 895 4955 ο
932 4927 1028 4981 καὶ
1056 4927 1175 4982 οὐδὲ
1203 4930 1385 4982 πᾶσαν
1412 4928 1511 5000 τὴν
1537 4928 1796 4999 ἀλήθειαν

1905 4949 2079 4989 meum
2122 4944 2231 5002 est,
2260 4950 2379 4989 cum
2431 4934 2524 4988 Dei
2564 4934 2673 4988 sint
2715 4933 2769 4986 in
2798 4931 3034 4986 solidum
3071 4930 3210 4987 bona
3243 4931 3462 4985 omnia?
3506 4948 3511 4951 ‘

224 5021 467 5087 λέγουσι’
496 5018 591 5071 καὶ
638 5019 687 5071 εί
714 5016 1045 5088 ἠξιώθησαν,
1072 5020 1133 5071 ού
1162 5018 1306 5087 λέγω
1332 5020 1392 5073 τδ
1422 5020 1659 5088 πέλαγος
1686 5020 1795 5075 τῶν

224 5108 374 5178 ἐμῶν
414 5109 620 5161 κακῶψ
664 5107 801 5161 ἀλλά
852 5124 905 5160 τι
963 5109 1128 5178 μέρος
1177 5109 1324 5162 ίδεῐν⁶
1366 5111 1796 5182 ἀπεστράφησαν

223 5202 309 5253 ἇν·
340 5198 434 5251 καὶ
475 5199 584 5252 ἀπὸ
616 5199 879 5271 βορϐόρου
919 5202 1014 5253 καὶ
1060 5200 1324 5263 δυσωδίας
1354 5202 1446 5254 καὶ
1486 5202 1795 5273 ἀκαθάρτου

225 5290 537 5359 πνεύματος
581 5291 682 5360 τῆς
726 5293 1003 5362 ἡμετέρας
1032 5292 1227 5363 ψυχῆς
1265 5295 1359 5346 καὶ
1393 5294 1488 5349 ἐὰν
1532 5294 1794 5362 γένωνται

222 5383 292 5434 τὰ
316 5381 544 5451 σώματα
586 5381 697 5437 τῶν
725 5382 1031 5453 ἀνθρώπων
1057 5384 1302 5453 γλῶσσαι
1336 5386 1416 5447 είς
1440 5384 1502 5437 τὸ
1532 5386 1790 5456 λοιδορεῖν

222 5474 395 5543 ἡμᾶς,
426 5474 727 5543 πέπεισμαι
756 5474 837 5527 ὃτι
862 5474 1036 5538 οὐδεὶς
1055 5475 1276 5531 δύναται
1300 5475 1464 5541 ἀξίως
1496 5478 1667 5529 εἰπεῖν
1692 5474 1789 5545 τὴν

305 5640 325 5670 ³
353 5638 520 5696 Exod.
554 5657 613 5707 ιι,
640 5642 729 5699 2'2.
809 5645 828 5677 ⁸
852 5643 960 5701 .Ier.
994 5660 1051 5711 ιι,
1085 5656 1135 5699 υ.
1212 5648 1232 5678 δ
1256 5647 1382 5701 Luc.
1420 5662 1538 5713 xm,
1566 5646 1647 5702 34.

1903 5022 2070 5079 Nemo
2110 5023 2353 5094 profecto
2386 5024 2452 5077 de
2498 5037 2585 5077 me
2621 5022 2904 5086 mentitur,
2951 5021 3053 5076 nisi
3099 5021 3190 5090 qui
3225 5036 3311 5077 me
3355 5020 3465 5073 lau.

1903 5115 2052 5177 dant,
2080 5124 2132 5168 et
2159 5115 2373 5169 beatum
2401 5112 2711 5184 praedicant.
2743 5111 2915 5168 Nemo
2943 5113 3008 5167 de
3039 5127 3125 5167 me
3155 5126 3280 5167 vera
3306 5112 3457 5177 dicit,

1904 5205 2004 5259 nisi
2036 5204 2125 5273 qui
2159 5218 2243 5258 me
2275 5204 2486 5273 probris
2516 5211 2763 5268 onerant,
2796 5212 2851 5258 et
2885 5202 3038 5256 nihili
3078 5201 3457 5257 homunculum
3521 5243 3531 5255 .

1903 5295 2053 5348 aiunt
2073 5308 2213 5348 esse.
2240 5294 2392 5359 Quod
2420 5294 2464 5347 si
2487 5292 2618 5361 ipsis
2644 5292 3001 5360 contingeret,
3023 5306 3127 5345 non
3143 5291 3264 5345 dico
3289 5299 3455 5345 totum

1896 5384 2118 5454 pelagus
2165 5384 2426 5438 malorum
2462 5398 2726 5449 meorum,
2770 5383 2863 5437 sed
2898 5381 2981 5436 vel
3009 5390 3215 5451 partem
3266 5383 3455 5437 horum

1896 5474 2132 5545 aliquam
2158 5475 2340 5531 videre
2368 5514 2383 5539 ,
2412 5481 2717 5529 averterent
2752 5471 2935 5544 utique
2986 5484 3045 5527 se
3091 5488 3121 5527 a
3157 5470 3328 5527 fetore
3355 5469 3455 5524 luti
