3864 6114
428 235 565 307 1687

1726 257 2023 317 ZOSIM/E
2060 258 2377 319 ABBATIS

3554 262 3691 323 1688

431 366 537 412 tam
599 356 765 423 foedi,
830 361 1167 427 pestilentem
1226 378 1410 419 auram
1466 364 1625 419 ﬂatus
1690 378 1999 423 nostrarqu

2107 368 2262 438 ἡμῶν
2300 368 2545 439 ἀτιμίαν·
2578 371 2684 433 πᾶς
2707 370 2814 441 γάρ
2841 368 3117 443 λοιδορῶν,
3152 368 3327 439 μέρος
3344 367 3520 437 λέγει·
3546 370 3613 422 τὰ
3632 370 3691 423 δὲ

426 447 731 503 animarum
767 448 907 503 ferre
958 466 1060 505 non
1109 453 1364 513 valentes.
1410 456 1547 522 Quin
1582 459 1662 511 vel
1708 460 1751 515 si
1803 470 1995 515 cuncta

431 540 793 597 humanorum
850 545 1090 598 membra
1141 562 1425 617 corporum
1473 551 1607 604 nihil
1661 552 1764 607 nisi
1805 552 1999 623 lingua:

426 643 610 689 essent
645 633 711 685 ad
761 648 858 691 nos
890 634 1247 702 iucrepandos
1291 649 1345 693 et
1386 641 1646 699 conviciis
1691 643 1998 701 obruendos

428 723 646 783 assidue
689 725 963 790 clamosae,
1021 743 1317 795 persuasus
1366 748 1510 799 sum,
1568 748 1668 797 nec
1717 735 1798 793 sic
1840 749 1999 803 posse

427 814 563 869 satis
594 814 755 885 digne
799 817 1061 879 vilitatem
1113 832 1356 879 nostram
1400 832 1455 881 ει
1498 824 1852 893 ignominiam
1890 836 2000 883 tra-

426 906 569 961 aluei.
603 906 739 962 Nam
784 910 1090 977 quicunque
1138 927 1234 971 nos
1282 915 1575 983 vituperat,
1608 927 1816 985 partem
1862 918 1998 973 dun-

428 1004 575 1051 taxat
624 998 801 1067 carpit
848 1015 1157 1061 tuamoraus
1195 1003 1430 1072 aliquam
1483 1015 1789 1063 nostrorum
1839 1007 1997 1062 vitiu—

428 1102 547 1145 rnm
578 1104 592 1141 :
624 1090 847 1145 multum
892 1102 1071 1151 autem
1103 1095 1280 1161 abest,
1310 1099 1376 1151 ah
1406 1097 1653 1154 clunibus
1690 1100 1995 1155 noscendis.

427 1176 485 1233 Si
509 1179 652 1235 enim
679 1179 860 1247 justus
881 1180 979 1239 Joh
999 1184 1074 1243 ait
1100 1204 1114 1239 :
1141 1182 1337 1243 Plenus
1360 1189 1653 1255 ignominia
1674 1206 1766 1258 ego
1787 1206 1901 1245 sum
1917 1190 1958 1223 ⁸⁸
1982 1208 1995 1245 :

425 1281 479 1325 et
505 1273 647 1338 quod
678 1272 891 1341 plenum
922 1284 1027 1336 est.
1066 1275 1270 1340 nullam
1302 1288 1508 1343 partem
1541 1278 1701 1333 habet
1729 1295 1951 1335 vacanm
1981 1298 1995 1338 :

426 1367 531 1421 nos
559 1365 689 1431 quid
724 1364 985 1425 dicemus,
1036 1367 1125 1433 qui
1173 1382 1322 1420 mare
1367 1368 1632 1425 malorum
1672 1370 1899 1429 stnuus?
1940 1368 1998 1429 lu

427 1457 573 1509 uumi
605 1466 827 1524 peccato
868 1456 1171 1513 humiliavit
1216 1474 1313 1515 nos
1346 1459 1447 1517 sibi
1490 1459 1781 1525 subiiciens
1814 1461 2001 1515 (Ιίηιιος

432 1547 531 1603 lus.
571 1546 760 1603 Nostra
806 1548 1033 1607 interest
1063 1556 1219 1619 grate
1263 1549 1514 1619 accipere
1542 1550 1757 1619 quoties
1803 1551 1871 1606 ab
1904 1552 2000 1613 ho-

428 1637 667 1693 minibus
726 1640 795 1695 ob
844 1639 1073 1707 quodvis
1123 1650 1400 1710 peccatum
1460 1642 1829 1699 Immiliamur.
1896 1644 1997 1709 Qui

2105 461 2282 516 πάντα
2302 463 2364 514 οὐ
2379 461 2602 515 δύναται
2627 462 2846 516 εἰδέναι·
2871 464 2917 521 εί
2938 461 3045 531 γὰρ
3064 462 3095 513 ὁ
3115 459 3325 523 δίκαιος
3359 460 3493 513 Ἰὼϐ
3507 456 3685 523 εἶπεν,

2102 554 2182 605 ὅτι
2208 552 2453 620 Πλήρης
2473 554 2708 622 ἀτιμίας
2735 554 2874 621 εἰμί·
2908 554 2966 605 τὸ
2985 553 3043 609 δὲ
3072 552 3291 623 πλήρης
3320 552 3480 606 οὐδὲν
3506 554 3691 606 ἐπιδέ-

2100 660 2275 712 χεται·
2295 644 2453 713 ἡμεῖς
2477 644 2727 714 εἴπομεν,
2749 644 2983 711 πέλαγος
3010 644 3163 707 ὄντες
3191 644 3402 697 κακῶν·
3421 644 3516 697 Ἔν
3530 647 3696 700 παντὶ

2102 735 2462 804 ἁμαρτήματι
2487 735 2853 789 ἐταπείνωσεν
2877 737 3026 805 ἡμᾶς
3049 736 3079 788 ὁ
3103 735 3351 798 διάϐολος
3368 775 3386 799 ,
3426 738 3526 790 καὶ
3553 737 3701 805 ὀφεξο

2100 825 2269 896 λομεν
2291 826 2637 898 εὐγνώμονες
2662 825 2918 895 γενέσθαι
2942 828 3041 898 τῆς
3087 826 3481 891 ταπεινώσεως
3509 828 3695 897 ἡμῶν·

2100 918 2146 971 οἱ
2174 917 2282 987 γάρ
2305 917 2646 989 εὐγνώμονες
2668 920 2947 989 γενόμενοι
2970 919 3071 987 τῆς
3092 918 3276 975 αὐτῶν
3301 918 3699 983 ταπεινώσεως

2103 1010 2452 1079 συντρίϐουσι
2491 1012 2585 1067 τὸν
2610 1012 2874 1069 διάϐολον.
2916 1014 3026 1066 Καὶ
3061 1011 3242 1074 καθὼς
3272 1008 3433 1065 εἷπον
3468 1013 3523 1067 οἱ
3550 1011 3697 1078 ἅγιοι.

2102 1104 2362 1172 Πατέρες·
2395 1103 2490 1157 ἐὰν
2523 1104 2819 1175 κατενεχθῇ
2848 1106 2882 1174 ἡ
2914 1105 3246 1169 ταπείνωσις
3280 1107 3361 1165 εἰς
3392 1103 3489 1159 τδν
3534 1104 3699 1173 ᾅδην,

2100 1201 2181 1263 εἰς
2207 1201 2299 1252 τὸν
2332 1200 2561 1269 οὐρανὸν
2604 1201 2888 1268 ἀνάγεται·
2927 1200 3023 1254 καὶ
3049 1201 3146 1254 ἐὰν
3174 1199 3366 1269 ὑψωθῇ
3406 1201 3442 1266 ή
3482 1200 3697 1268 {nuptm

2102 1288 2269 1354 φανία
2301 1288 2405 1350 ἓως
2432 1286 2525 1342 τοῦ
2559 1287 2811 1357 οὐρανοῦ,
2842 1289 3145 1357 κατάγεται
3173 1289 3254 1349 είς
3291 1288 3387 1341 τὸν
3422 1286 3589 1358 ᾅδην·
3618 1287 3700 1347 τίς

2102 1380 2279 1433 πείθει
2310 1380 2440 1432 ποτὲ
2468 1380 2937 1449 τεταπεινωμένον
2981 1379 3176 1443 πλέξαι
3208 1379 3520 1448 λογισμοὺς
3561 1379 3701 1433 ιω.τά

2099 1469 2325 1539 τινος,ἢ
2361 1468 2463 1522 κᾶν
2508 1470 2795 1534 ἀνέξεσθαι
2848 1470 3173 1541 μέμψασθαί
3212 1486 3374 1533 τινα,
3408 1468 3443 1537 ἢ
3480 1468 3701 1538 βάλλειν

2102 1562 2287 1615 ἐπάνω
2317 1562 2477 1616 ἀλλου
2514 1563 2724 1627 αἱτίανς
2753 1564 2864 1616 πᾶν
2896 1562 3007 1631 γὰρ
3034 1561 3214 1616 ὁτιοῦν
3249 1561 3404 1631 πάθῃ
3435 1562 3467 1613 ὁ
3499 1577 3700 1615 ταπει-

2104 1653 2252 1723 νὸςῆ
2301 1653 2553 1713 ἀκούσει.
2587 1653 2844 1723 ἀφορμὴν
2882 1652 3151 1721 λαμϐάνει
3182 1653 3264 1713 είς
3296 1651 3359 1705 τὸ
3403 1648 3701 1717 καταμέμ-

427 1730 570 1785 euim
602 1732 681 1789 sic
724 1729 930 1787 faciunt
971 1732 1304 1791 ulciscuntur
1334 1734 1649 1792 diabolum:
1682 1749 1805 1787 enim
1844 1737 1998 1790 vicis-

2107 1713 2299 1808 φεσθαι
2332 1742 2426 1797 καὶ
2462 1713 3075 1811 ὑϐρίζειν-ἑαυτόνδκαὶ
3100 1741 3384 1811 ἐμέμνητο
3410 1739 3509 1797 τοῦ

429 1820 530 1875 sim
582 1821 635 1877 in
691 1823 834 1879 omni
878 1834 1125 1890 peccatu,
1176 1825 1332 1892 (uitis
1362 1840 1594 1893 paruam
1648 1825 1875 1881 libenter
1928 1828 1997 1881 ita

430 1913 665 1980 luimus,
718 1924 1083 1975 contemples.
1142 1915 1455 1984 Siquidem,
1509 1927 1567 1971 ut
1617 1917 1768 1975 aiunt
1822 1917 1999 1973 sancti

428 2002 641 2063 I’aties,
664 2004 709 2061 si
744 2005 1080 2072 deprimatur
1104 2006 1379 2061 humilitas
1405 2024 1571 2076 usque
1602 2009 1667 2061 ad
1693 2008 1999 2071 infernum,

429 2109 599 2163 usque
630 2094 694 2149 ad
731 2096 924 2153 coelum
959 2097 1301 2153 exaltabitur.
1336 2098 1403 2152 Et
1432 2101 1474 2152 si
1517 2098 1783 2154 exaltctur
1812 2115 2000 2168 super-

428 2184 515 2236 hia
546 2201 714 2254 usque
744 2188 809 2239 ad
843 2187 1060 2251 malum,
1091 2204 1259 2254 usque
1291 2191 1356 2242 ad
1393 2190 1663 2244 infernum
1692 2191 1995 2259 dejicietur.

2110 1833 2388 1895 Μωῦσέως
2419 1835 2508 1889 ὅτε
2539 1833 2824 1899 ἐξέϐαλλον
2854 1833 3017 1887 αὐτὸν
3052 1834 3104 1888 οι
3134 1833 3390 1903 κληρικοὶ
3423 1830 3522 1884 τοῦ
3555 1833 3702 1899 ἱερα-

2106 1924 2276 1983 τείου,
2306 1923 2553 1985 εἰπόντες
2584 1922 2753 1993 αὐτῷ·
2781 1924 3003 1991 ’Ὕπαγε
3030 1922 3135 1987 ἔξω
3154 1963 3168 1986 ,
3194 1921 3413 1989 Αἰθίοψ.
3452 1921 3571 1975 Καὶ
3603 1920 3701 1989 ἧρ-

2110 2015 2237 2079 ξατο
2259 2014 2456 2067 ἑαυτὸν
2478 2015 2828 2085 ἐπιπλήττειν
2865 2017 2959 2069 καὶ
2981 2016 3183 2083 λέγειν·
3214 2013 3570 2081 Σποδόδερμε
3605 2028 3698 2079 με·

2108 2104 2255 2167 λανὲ,
2287 2103 2469 2167 καλῶς
2491 2120 2572 2156 σοι
2604 2104 2884 2174 ἐποίησαν·
2922 2113 2998 2176 μὴ
3027 2104 3102 2159 ὣν
3132 2104 3421 2172 ἄνθρωπος
3446 2100 3589 2169 ἔρχῃ
3624 2100 3701 2159 εἰς

2106 2194 2168 2245 τὸ
2196 2193 2359 2263 μέσον
2380 2192 2489 2247 τῶν
2522 2192 2848 2261 ἀνθρώπων·
2883 2196 2978 2247 καὶ
3002 2193 3185 2256 καλῶς
3218 2208 3303 2243 σοι
3327 2188 3627 2258 ἐποίησαν.

427 2274 562 2341 Quis
600 2290 839 2345 unquam
872 2278 1074 2335 homini
1125 2296 1249 2337 vere
1299 2282 1482 2339 humili
1552 2285 1874 2349 persuadeat
1939 2299 2156 2340 versare
2186 2286 2370 2341 animo
2407 2285 2761 2353 cogitationes
2834 2284 3281 2339 murmurationis
3347 2292 3447 2334 aut
3477 2279 3694 2334 machi-

428 2366 676 2421 nationes
716 2370 973 2429 vindicta:
1046 2384 1237 2429 contra
1293 2389 1619 2442 quemquam
1670 2394 1683 2429 :

1764 2385 1858 2431 aut
1904 2376 2301 2444 quantumlibet
2344 2394 2374 2433 a
2413 2377 2605 2445 quovis
2680 2378 2934 2444 patiatur,
2982 2376 3050 2430 de
3080 2383 3338 2428 vexatore
3404 2372 3695 2439 conqueri,

426 2477 490 2516 ac
523 2460 760 2513 vicissim
794 2464 1177 2519 recriminari?
1214 2465 1345 2534 quin
1396 2481 1427 2519 e
1495 2468 1812 2533 contrario,
1855 2466 2111 2531 humilis,
2161 2467 2374 2535 quoties
2429 2466 2507 2520 illi
2598 2467 2852 2535 probrum
2906 2465 3178 2528 inlertur,
3230 2464 3455 2536 quoties
3542 2463 3690 2515 audit

426 2552 529 2607 sibi
572 2552 817 2611 convicia
852 2558 1087 2621 cantari,
1131 2558 1474 2612 occasionem
1522 2557 1648 2613 inde
1728 2559 1885 2615 sumit
1957 2558 2270 2629 increpandi
2316 2560 2585 2627 seipsum,
2650 2568 2705 2612 et
2768 2558 2925 2627 quasi
2970 2557 3252 2627 gratulans
3301 2555 3558 2625 adjuvari
3606 2572 3685 2619 se,

427 2649 624 2706 fortius
680 2651 909 2719 insurgit
966 2652 1337 2721 incumbitque
1386 2652 1675 2709 connitens
1717 2654 1784 2707 ad
1839 2667 1995 2707 suum
2074 2654 2316 2722 iniquum
2359 2652 2558 2711 fastum
2607 2651 2755 2721 justa
2837 2651 3252 2706 eonculcatione
3300 2650 3685 2706 obterendum.

426 2740 675 2799 Addebat
727 2744 813 2800 his
860 2742 1105 2800 Zosimas
1150 2743 1456 2813 exemplum
1502 2745 1719 2801 abbatis
1767 2745 2012 2817 Moysis:
2054 2748 2274 2816 quando
2302 2762 2427 2803 eum
2460 2746 2762 2805 esacrario
2796 2747 3077 2813 eiecerunt
3141 2745 3351 2810 clerici,
3383 2745 3675 2801 dicentes:

426 2833 529 2889 Abi
555 2832 729 2902 foras,
750 2834 1024 2905 Ethiops.
1060 2834 1212 2891 Tune
1253 2838 1398 2891 enim
1429 2836 1537 2891 illis
1606 2838 1861 2893 accinctis
1924 2824 2139 2907 Moyses
2214 2839 2360 2907 cepit
2402 2840 2685 2905 increpare
2726 2841 2969 2905 seipsum
3025 2837 3077 2891 in
3130 2837 3275 2893 hunc
3324 2837 3552 2889 modum
3595 2836 3671 2888 Io-

425 2950 641 3005 quens:
671 2936 825 2991 Cutis
874 2948 1021 3004 atrae,
1064 2938 1302 2994 carbone
1354 2938 1562 3009 nigrior
1630 2941 1945 3008 homuncio,
1999 2944 2156 3012 digna
2192 2953 2244 2997 te
2275 2942 2673 3011 pateriszquid
2715 2940 2860 2992 enim
2946 2934 3183 3000 attinuit,
3214 2942 3267 2988 te
3317 2930 3463 2987 iul'ra
3510 2930 3683 2982 homi-

428 3046 558 3087 nem
590 3040 681 3085 tua
733 3028 999 3098 deiectum
1035 3030 1262 3096 vilitate,
1298 3040 1476 3086 tamen
1520 3033 1723 3087 audere
1771 3040 1825 3087 te
1862 3033 2108 3101 ingerere
2178 3034 2231 3087 in
2274 3043 2476 3086 emtum
2544 3030 2822 3083 hominum
2873 3041 2992 3115 cum
3060 3027 3224 3081 homo
3274 3037 3383 3075 non
3415 3020 3530 3075 sis?
3563 3023 3691 3074 bene

428 3127 616 3195 utique
645 3126 823 3182 fecere
855 3136 909 3181 te
940 3126 1086 3181 illinc
1115 3128 1491 3183 exturbantes.

501 3218 845 3287 Adjungebat
890 3228 1254 3286 opportunum
1287 3218 1416 3273 huic
1462 3219 1581 3275 loco
1613 3223 1877 3273 monitum
1905 3219 1995 3273 ab-

2171 3214 2283 3267 Καὶ
2320 3213 2598 3283 ἐμέμνητο
2636 3210 2730 3266 τοῦ
2762 3210 2908 3267 assa
2942 3207 3184 3278 ’Δμμονᾶ
3206 3206 3492 3272 λέγοντος·
3528 3208 3692 3277 Τήρει

428 3308 571 3363 batis
630 3308 909 3362 Ammona:
952 3326 965 3362 :
1006 3310 1245 3365 Observa
1302 3309 1567 3378 teipsum,
1625 3311 1873 3365 recolens
1919 3320 2003 3363 at-

434 3408 583 3455 tente
608 3399 675 3453 ad
707 3400 835 3468 quid
863 3400 1088 3466 exieris,
1125 3412 1180 3456 et
1209 3416 1315 3469 quo
1361 3403 1572 3456 lendas.
1613 3402 1683 3458 Ut
1716 3402 1759 3455 si
1796 3403 1916 3471 quis
1950 3402 2004 3455 in

428 3492 791 3562 qualicunque
860 3493 953 3547 tibi
1000 3508 1058 3547 re
1114 3493 1411 3556 obstiterit,
1462 3502 1553 3545 aut
1597 3493 1779 3563 gravis
1821 3494 2001 3558 fuerit,

430 3582 593 3637 sileas
641 3585 870 3652 primum
929 3587 1192 3648 omnino,
1246 3600 1346 3637 nec
1404 3599 1587 3638 vocem
1638 3586 1787 3654 prius
1842 3586 2003 3639 ullam

432 3674 671 3739 emittas,
712 3690 873 3744 quam
916 3677 1069 3745 longa
1115 3685 1172 3730 et
1218 3682 1421 3728 attenta
1468 3676 1714 3730 oratione
1747 3692 1839 3729 cor
1873 3678 2008 3730 miti-

432 3765 671 3835 gaveris,
712 3777 767 3822 et
809 3768 1194 3837 tranquillitate
1229 3769 1604 3835 composueris
1653 3783 1864 3823 serena.
1915 3770 2005 3824 Sic

430 3858 647 3912 domum
683 3859 977 3913 convenire
1022 3859 1241 3913 fratrem
1275 3859 1368 3912 tibi
1407 3860 1751 3913 adversatum
1782 3862 2003 3928 poteris,

432 3960 489 4002 et
515 3964 637 4002 eum
680 3960 839 4018 prout
877 3959 1241 4019 opportunum
1280 3950 1627 4018 iudicaveris,
1671 3954 2003 4005 admonere:

433 4053 567 4095 sane
589 4040 733 4093 enim
770 4041 858 4107 qui
903 4042 1050 4109 cupit
1089 4056 1153 4093 ex
1188 4042 1370 4093 animo
1402 4051 1602 4094 rectam
1633 4042 1770 4094 inire
1808 4044 2006 4095 verita-

434 4130 505 4183 tis
545 4130 684 4182 viam
732 4132 783 4183 in
830 4130 1076 4198 flagranti
1131 4148 1292 4186 sensu
1344 4133 1549 4199 injuria:
1600 4137 1900 4200 praasentis,
1955 4144 2007 4188 et

434 4218 746 4273 turbatione
801 4220 964 4271 animi
1028 4232 1269 4273 motuum
1326 4220 1448 4274 inde
1506 4231 1653 4287 nata,
1716 4233 1844 4276 tunc
1884 4239 2003 4277 cum

434 4309 671 4362 maxime
713 4320 839 4361 ante
879 4311 1058 4362 omnia
1094 4311 1341 4377 obiurgat
1378 4313 1616 4380 seipsum
1653 4312 2005 4383 increpatque

433 4400 1008 4462 vehementer,dicens
1040 4420 1053 4455 :
1080 4403 1348 4468 Quorsum
1368 4404 1391 4455 ?
1411 4404 1542 4458 furis
1573 4420 1745 4475 quare
1776 4406 2005 4472 insanis,

433 4490 614 4544 anima
666 4490 824 4544 mea?
870 4507 966 4545 cur
1016 4493 1188 4546 instar
1240 4494 1575 4548 rabiosartnn
1625 4498 2004 4560 animantium,

2109 3305 2335 3361 σεαυτὸν
2364 3304 2611 3375 ἀκριϐῶς
2635 3302 2702 3357 δι’
2728 3302 2757 3353 ὃ
2797 3301 3019 3370 ἐξῆλθες
3045 3300 3140 3352 καὶ
3173 3301 3259 3365 ἐφ’
3293 3292 3340 3365 ᾧ
3376 3299 3575 3370 πάρει,
3613 3300 3694 3353 ἕνα

2106 3399 2202 3450 ἐάν
2232 3396 2317 3459 τίς
2362 3412 2423 3449 σε
2455 3396 2515 3447 ὲν
2544 3394 2842 3464 οεῳδήποτε
2882 3390 3170 3462 πράγματι
3212 3388 3377 3460 θλίψῃ
3398 3430 3414 3451 ,
3460 3390 3692 3460 σιωπᾷν,

2106 3490 2167 3543 τὸ
2196 3488 2426 3542 καθόλου
2465 3486 2539 3557 μὴ
2587 3483 2957 3554 φθέγγεσθαι,
3000 3482 3106 3544 ἓως
3148 3474 3212 3533 οὗ
3253 3483 3323 3550 τῇ
3354 3481 3693 3550 ἀδιαλείπτῳ

2108 3581 2384 3650 προσευχῇ
2428 3577 2677 3648 πραΰνθῇ
2720 3592 2819 3628 σου
2868 3576 2900 3644 ἡ
2946 3572 3163 3643 καρδία·
3197 3573 3293 3624 καὶ
3326 3571 3477 3624 οὕτω
3508 3572 3693 3625 λοιπὸν

2110 3671 2417 3739 παρακάλει
2448 3670 2539 3721 τὸν
2568 3666 2813 3735 ἀδελφόν·
2850 3666 2944 3718 καὶ
2966 3664 3075 3733 γὰρ
3104 3664 3137 3715 ὁ
3158 3662 3347 3717 ποθῶν
3373 3654 3479 3732 τὴν
3506 3662 3691 3734 ἀληθι-

2109 3764 2205 3833 νὴν
2250 3761 2464 3813 εὐθεῖαν
2512 3758 2649 3819 ὁδὸν,
2698 3759 2754 3809 ὲν
2818 3754 2893 3824 τῷ
2940 3753 3308 3822 ταράττεσθαι
3366 3754 3691 3823 ἐπιπλήττει

2111 3853 2334 3905 σεαυτὸν
2358 3849 2604 3919 σφοδρῶς
2636 3849 2730 3902 καὶ
2759 3848 2846 3899 ἀεὶ
2880 3844 3093 3914 ἐλέγχει
3123 3844 3349 3897 σεαυτὸν
3379 3844 3479 3897 καὶ
3506 3844 3655 3911 λέγει
3676 3858 3689 3871 ·

2110 3946 2174 3996 Τί
2198 3945 2386 4014 μαίνῃ,
2404 3943 2549 4012 ψυχή
2571 3958 2674 4008 μου
2694 3956 2708 4005 ;
2730 3937 3125 4009 τίταράττῃὼς
3145 3935 3511 4005 ἀφρίζοντεςς
3536 3933 3691 4002 Αὐτῷ

2108 4038 2282 4106 τούτῳ
2330 4036 2594 4096 δεικνύεις
2640 4033 2722 4084 ὅτι
2750 4034 2945 4091 νοσεῖς·
2997 4031 3045 4080 εἰ
3096 4030 3171 4098 μὴ
3205 4027 3588 4090 ὲνόσεις,οὐκ
3630 4027 3692 4079 ἀν

2109 4130 2365 4198 ἔπασχες.
2405 4127 2469 4178 Τί
2499 4125 2659 4191 ἀφεὶς
2704 4123 2765 4175 τὸ
2800 4120 3001 4191 ἑαυτὴν
3037 4118 3387 4189 μέμφεσθαι,
3442 4116 3692 4186 uulsi;

2107 4220 2187 4290 τῷ
2216 4217 2427 4286 ἀδελφῷ
2453 4218 2535 4269 ὅτι
2563 4214 2731 4281 ἕδειξέ
2765 4231 2847 4266 σοι
2885 4214 2985 4281 τὴν
3018 4212 3173 4265 νόσον
3201 4227 3294 4263 σου
3318 4226 3333 4273 ;
3370 4210 3489 4262 Καὶ
3516 4210 3691 4278 πράγ-

2112 4326 2242 4381 ματι
2286 4310 2380 4362 καὶ
2426 4306 2655 4376 ἀληθεία
2706 4305 2844 4376 μάθε
2879 4304 2979 4367 τάς
3011 4302 3233 4364 ἐντολὰς
3284 4300 3382 4354 τοῦ
3426 4297 3685 4370 Χριστοῦ·

2109 4403 2167 4465 ὃς
2210 4398 2644 4472 λοιδορούμενος,
2699 4398 2800 4450 οὐκ
2850 4395 3242 4464 ἀντελοιδόρει,
3283 4392 3690 4461 κατηγορούμε-

2112 4511 2199 4557 νος
2244 4490 2486 4553 ὲσιὼπα,
2518 4488 2950 4561 χλευαζόμενος,
2996 4483 3419 4556 ὲμακροθύμει,
3470 4483 3686 4549 πάσχω

433 4596 605 4650 usque
648 4582 715 4635 ad
749 4596 969 4651 spumas
1010 4598 1106 4645 ore
1163 4585 1453 4640 mittendas
1485 4588 1864 4654 perturbaris?
1896 4588 2002 4643 lluc

2116 4586 2215 4638 οὐκ
2278 4582 2515 4652 ἠπείλει.
2576 4578 2820 4641 Ἀκούεις
2866 4576 3035 4631 αὑτοῦ
3090 4576 3347 4641 λέγοντος
3395 4574 3498 4627 καὶ
3551 4572 3685 4640 πρά-

434 4675 556 4743 ipso
609 4684 1193 4745 monstrasmgrotare
1236 4686 1309 4731 te.
1350 4675 1484 4731 Nam
1535 4678 1636 4732 nisi
1673 4690 1724 4732 te
1757 4682 1892 4732 mala
1939 4680 2011 4733 fe-

2111 4693 2281 4745 γματι
2329 4671 2619 4737 δείξαντος·
2674 4670 2785 4727 Τὸν
2821 4668 3017 4723 νῶτόν
3043 4684 3160 4735 μου
3201 4664 3400 4718 ἔδωκα
3450 4666 3539 4731 εις
3587 4662 3688 4731 pd-

435 4768 547 4822 bris
586 4778 787 4831 ureret,
816 4767 954 4822 haud
974 4768 1054 4823 sic
1087 4769 1484 4824 aceeudereris.
1521 4770 1720 4836 Quare,
1755 4773 2002 4825 omittens

2110 4785 2343 4835 στιγας,
2371 4766 2476 4830 τὰς
2492 4764 2558 4816 δὲ
2582 4762 2873 4831 σιαγόνας
2891 4778 3013 4830 μου
3040 4762 3126 4823 εις
3129 4758 3507 4826 ῥαπίσματα·
3535 4754 3602 4809 τὸ
3628 4752 3690 4806 δὲ

435 4858 758 4927 vituperare,
801 4859 877 4911 uti
924 4858 1212 4924 debueras,
1244 4869 1297 4913 te
1336 4861 1529 4927 ipsam,
1573 4876 1865 4915 succenses
1901 4862 2010 4915 frao

437 4951 528 5013 tri,
576 4965 639 5004 eo
663 4950 802 5018 quod
830 4950 874 5005 is
914 4950 1159 5005 morbum
1194 4951 1288 5005 tibi
1326 4962 1474 5005 tuum
1503 4952 1843 5006 ostenderit?
1865 4951 2003 5021 Age-

436 5044 559 5096 dum
589 5041 684 5107 sis,
716 5041 867 5096 disce
910 5057 1015 5095 non
1058 5040 1444 5110 perfunctorie,
1486 5042 1580 5095 sed
1612 5043 1755 5096 serio
1796 5052 1850 5096 et
1884 5058 2010 5096 vere

435 5133 689 5185 mandata
720 5133 920 5186 Christi
962 5133 1078 5201 ejus
1109 5132 1371 5202 exemplis
1404 5133 1612 5187 sancita
1649 5135 1777 5201 :qui
1810 5137 2015 5203 appeti-

437 5234 522 5277 tus
542 5223 798 5277 conviciis
825 5238 930 5277 non
956 5223 1194 5277 vicissim
1226 5225 1666 5289 conviciabatur;
1696 5237 2004 5289 accusatus,

438 5314 677 5381 tacebat;
708 5314 914 5379 illusus,
962 5314 1342 5383 longanimiter
1386 5315 1622 5381 ferebat;
1656 5318 1861 5384 patiens
1902 5333 2005 5368 non

437 5403 761 5457 minabatur.
791 5405 959 5459 Audis
981 5420 1101 5474 quae
1131 5404 1262 5459 dicit
1290 5406 1593 5469 iubentem,
1626 5417 1680 5458 et
1710 5422 1831 5475 qua!
1854 5406 2006 5473 jubet

437 5494 683 5561 exemplo
717 5496 935 5563 proprio
969 5505 1359 5551 monstrantem
1388 5496 1643 5551 :Dorsum
1685 5513 1853 5549 meum
1886 5497 2003 5549 dedi

507 5645 547 5677 "
582 5644 681 5701 Job
710 5660 759 5701 v1
811 5647 867 5701 ἓ.

2110 4858 2434 4925 πρόσωπόν
2490 4873 2608 4925 μου
2659 4857 2774 4908 οὐκ
2817 4852 3172 4920 ἁπέστρεψα
3216 4849 3337 4903 ἀπὸ
3390 4849 3689 4917 αἰσχύνης

2104 4949 2562 5020 ἐμπτυσμάτων.
2583 4949 2692 5000 Καὶ
2718 4948 2805 5010 σὺ,
2830 4946 2989 4999 ἀθλία
3004 4945 3171 5013 ψυχὴ,
3196 4945 3287 4996 ἐπὶ
3308 4942 3517 5014 μικρὰν
3540 4942 3689 5011 ὓϐριν

2112 5042 2205 5093 καὶ
2240 5038 2489 5108 ἀτιμίαν,
2510 5036 3045 5107 καταφρόνησιν,καὶ
3059 5034 3439 5104 ἀποστροφὴν,
3466 5032 3686 5084 ὀνειδισ-

2116 5133 2215 5202 μὸν
2230 5132 2261 5201 ἢ
2281 5130 2644 5199 συκοφαντίαν
2659 5130 2834 5181 κεῖσαι
2846 5127 3121 5180 πλέκουσα
3138 5118 3684 5196 μυρίουςλογισμοὺς,

2119 5222 2545 5278 ἐπιϐουλεύουσα
2586 5222 2751 5289 ἑαυτῇ
2787 5220 2863 5282 ὡς
2904 5221 2954 5271 οἱ
2996 5218 3275 5286 δαίμονες.
3305 5217 3374 5269 Τί
3418 5217 3583 5269 πλέον
3608 5214 3688 5267 δύ-

2114 5331 2271 5368 ναται
2315 5315 2537 5382 ποιῆσαι
2575 5311 2784 5381 δαίμων
2811 5312 2879 5380 τῇ
2917 5308 3141 5378 τοιαύτῃ
3172 5308 3347 5378 ψυχῇ,
3389 5303 3511 5361 οἷον
3557 5305 3686 5359 ποιεῖ

2112 5404 2251 5474 αὐτὴ
2278 5405 2511 5473 έαυτήν;
2542 5403 2645 5455 Τὸν
2670 5402 2901 5469 σταυρὸν
2925 5399 3021 5452 τοῦ
3056 5399 3298 5468 Χριστοῦ
3331 5398 3557 5467 βλέπεις
3579 5414 3593 5425 ·
3626 5398 3683 5447 τὰ

2118 5495 2264 5562 πάθη
2299 5491 2746 5560 ἀναγινώσκομεν
2775 5489 2896 5544 καθ’
2926 5490 3165 5561 ἑκάστην
3196 5488 3440 5559 ἡμέραν,
3468 5493 3505 5542 ἀ
3529 5484 3681 5541 ἔπαθε
