3864 6114
271 288 408 350 r689
1717 299 2114 368 ALLOQUIA.
3385 279 3518 365 1690

266 405 338 458 δι’
359 405 526 476 ἡμᾶς·
554 406 647 456 καὶ
679 405 838 474 ἡμεῖς
873 406 1130 477 οὐδεμίαν
1159 407 1317 481 ὓϐριν
1342 409 1603 481 φέρομεν.
1637 410 1840 475 Ὄντως

1953 415 2005 465 in
2035 414 2264 482 ﬂagella,
2303 425 2350 466 el
2395 431 2550 482 genus
2594 431 2730 465 meus
2784 416 2834 464 iu
2867 413 3049 489 alapas
3078 429 3095 466 :
3126 414 3311 478 [aciem
3343 427 3515 468 autem

267 495 647 565 ὲξετράπημεν
669 498 770 565 τῆς
796 495 1011 560 εὐθείας
1033 498 1175 552 ὁδοῦ.

1946 519 2046 555 non
2075 504 2238 556 averti
2264 521 2294 556 a
2327 505 2641 557 contumelia
2681 505 3010 572 sputorum‘.
3043 501 3123 555 'l‘u
3165 519 3310 569 vero,
3337 505 3522 558 anima-

269 587 490 651 misera,
523 589 594 641 ob
630 599 633 601 '
664 588 929 642 modicam
992 589 1266 659 iniuriam,
1315 595 1686 665 ignominiam,
1755 596 2091 663 despectum,
2145 594 2732 663 exprobratiuncnlam,
2777 604 2832 648 et
2887 594 3314 646 critttinat-iouettl
3356 611 3514 662 quam

267 689 424 747 putas
464 679 675 748 falsam,
710 682 882 736 instas
913 686 1193 740 nectendis
1251 687 1622 757 plieandisque
1689 689 2108 757 cogitationibus
2191 689 2488 743 innumeris
2521 709 2534 746 :
2567 700 2622 742 at
2687 688 3005 743 machinans
3056 687 3205 750 talia,
3241 688 3516 752 insidiaris

271 769 364 822 tibi
401 769 521 838 ipsi,
555 785 776 839 operam
804 770 1136 842 coniungens
1163 791 1287 830 cum
1317 780 1749 847 oppugnantibus
1779 790 1829 832 te
1869 781 2226 835 (temonibus.
2258 779 2410 834 "and
2447 783 2599 834 enim
2659 796 2853 834 nocere
2915 796 3148 848 unquam
3185 780 3358 834 malus
3400 780 3524 834 daz‘

268 875 393 914 mou
428 862 623 917 anima:
672 864 763 918 tali
796 873 1000 933 posset,
1040 877 1299 935 quantum
1340 871 1455 938 ipsa
1499 880 1658 925 nocet
1702 872 1826 926 sibi.
1887 870 2046 926 Vides
2091 874 2308 927 crucem
2341 873 2578 938 Christi;
2629 872 2788 937 mala,
2861 872 3109 934 verbera,
3143 872 3389 932 vulnera,
3419 886 3516 936 0p-

265 952 485 1021 probria
514 967 632 1022 quas
662 968 759 1022 pro
780 955 934 1012 nobis
962 973 1149 1027 passus
1182 969 1285 1024 est,
1311 962 1554 1030 quotidie
1582 963 1810 1032 legimus
1849 980 1863 1018 :
1904 974 1958 1017 et
1989 965 2243 1020 inducere
2284 966 2542 1020 nolumus
2573 966 2649 1020 in-
2671 964 2933 1027 animum,
3012 965 3308 1033 quidquam
3357 962 3524 1016 nobis

268 1041 542 1112 ingratum
581 1044 724 1100 ferre
766 1048 1059 1116 patienter.
1103 1049 1240 1108 Vere
1282 1053 1651 1109 aberravimus
1683 1069 1712 1106 a
1751 1055 1837 1110 via
1877 1063 2048 1109 recta.

341 1155 535 1224 Ἔλεγε
562 1156 618 1210 δὲ
649 1157 752 1222 ὅτι,
790 1159 913 1214 Ἐὰν
935 1161 1075 1233 ζήσῃ
1111 1180 1194 1226 τις
1223 1164 1316 1229 ἔτη
1343 1165 1435 1221 τοῦ
1468 1165 1798 1220 Μαθουσάλα
1821 1206 1840 1230 ,

266 1247 364 1297 καὶ
390 1246 467 1314 μὴ
493 1246 690 1320 όδεύσῃ
723 1248 927 1319 ταύτην
958 1252 1060 1320 τὴν
1093 1252 1308 1306 εὐθεῖαν
1333 1254 1455 1309 ὁδὸν
1499 1255 1564 1324 ἢν
1589 1253 1838 1311 ὥδευσαν

266 1335 471 1398 πάντες
512 1337 562 1388 οἱ
596 1336 770 1404 ἅγιοι·
801 1338 945 1408 λέγω
983 1341 1049 1413 δὴ
1087 1343 1186 1411 τὴν
1215 1344 1312 1396 τοῦ
1347 1345 1712 1416 ἀτιμάζεσθαι
1747 1348 1840 1404 καὶ

267 1427 456 1496 φέρειν
484 1428 768 1494 γενναίως
805 1430 866 1482 οὑ
903 1431 978 1502 μὴ
1006 1433 1204 1504 προϐῇ,
1233 1436 1291 1488 οὔ
1327 1436 1544 1505 μικρὸν,
1576 1436 1637 1488 οὑ
1675 1436 1836 1506 μέγαο

265 1509 388 1568 οὐδὲ
417 1517 641 1585 εὑρήσει
669 1519 760 1570 τὸν
799 1521 856 1571 ἐν
891 1523 1010 1583 ταῖς
1048 1523 1288 1586 ἐντολαῖς
1324 1527 1701 1596 κρυπτόμενον
1745 1526 1841 1594 θη-

270 1608 495 1676 σαυρόν·
525 1608 660 1662 ἀλλὰ
692 1609 852 1678 μόνον
873 1610 943 1664 τά
971 1612 1066 1684 ἔτη
1092 1614 1254 1668 αὐτοῦ
1279 1617 1556 1674 ἀναλίσκει
1577 1617 1837 1688 διηνεκῶς

2014 1167 2157 1221 Dixit
2181 1167 2339 1222 etiam
2377 1166 2624 1222 Zosimas
2656 1184 2670 1218 :
2702 1165 2747 1219 si
2790 1167 2910 1232 quis
2948 1165 3142 1220 vixerit
3192 1179 3363 1218 annos
3401 1161 3515 1217 Ma-

1945 1258 2189 1322 thusalae,
2231 1267 2286 1312 et
2315 1272 2417 1310 non
2470 1256 2797 1323 processerit
2833 1271 2928 1324 per
2967 1256 3101 1309 hanc
3138 1264 3338 1309 rectam
3372 1253 3517 1306 viam

1940 1365 2042 1417 qua
2089 1349 2426 1404 incesserunt
2469 1363 2659 1401 omnes
2706 1347 2877 1400 sancti
2920 1349 3133 1407 :viam,
3163 1346 3405 1413 inquam,
3431 1342 3514 1397 fe-

1939 1437 2092 1489 rendi
2125 1435 2334 1490 fortiter
2366 1436 2718 1489 contumelias
2762 1445 2816 1488 et
2845 1435 3065 1497 damna,
3113 1450 3217 1487 non
3249 1433 3513 1501 proficiet,

1941 1545 2009 1583 ne
2039 1546 2228 1599 parum
2262 1531 2499 1597 quidem,
2527 1529 2719 1582 nedum
2762 1530 2984 1582 nmltum
3012 1545 3028 1595 ;
3067 1543 3239 1597 neque
3270 1527 3502 1580 inveniet

1943 1621 2317 1675 absconditum
2365 1621 2415 1673 in
2455 1612 2731 1674 mandatis
2774 1620 3106 1680 thesaurum,
3158 1621 3251 1674 sed
3306 1627 3511 1678 tantum

265 1696 545 1767 διακενῆς.
577 1701 734 1753 Ἔστι
765 1701 873 1773 γὰρ
899 1704 987 1756 ὅτε
1015 1710 1344 1775 καταφρονεῖ
1376 1705 1459 1771 τις
1489 1707 1697 1761 πολλῶν
1719 1725 1840 1761 κεν-

1946 1726 2066 1763 suos
2093 1723 2264 1763 annos
2293 1718 2580 1778 consumet
2606 1708 2863 1762 continue
2897 1707 2948 1760 in
2989 1722 3183 1759 Vallum
3219 1721 3234 1758 :
3260 1715 3342 1760 est
3370 1706 3520 1760 enim

263 1789 560 1859 τηναρίων,
605 1793 700 1845 καὶ
726 1791 944 1863 ἔρχεται
982 1796 1062 1856 εἰς
1107 1798 1371 1868 ῥαφίδιον·
1401 1800 1546 1869 καὶὴ
1590 1799 1840 1870 προσπά-

267 1879 387 1931 θεια
429 1880 594 1934 αὐτοῦ
641 1885 785 1937 ποιεῖ
827 1887 990 1940 αὑτὸν
1015 1889 1404 1956 ταράττεσθαι,
1449 1892 1542 1944 καὶ
1590 1894 1736 1944 ποιεῖ
1781 1893 1841 1945 τὸ

267 1973 513 2040 ραφξδιον
551 1976 725 2029 ἐκεῖνο
765 1979 927 2032 τόπον
957 1983 1334 2052 κεντηναρὶου,
1379 1983 1474 2037 καὶ
1514 1983 1720 2051 γίνεταί
1757 2001 1841 2046 τις

263 2063 360 2114 τοῦ
406 2066 656 2134 ραφιδίου
687 2068 870 2132 δοῦλος
895 2109 910 2134 ,
941 2071 974 2140 ἢ
1003 2071 1097 2124 τοῦ
1129 2075 1446 2128 κουκουλίου
1465 2117 1479 2141 ,
1509 2074 1541 2146 ἣ
1585 2075 1678 2127 τοῦ
1711 2092 1842 2144 μανι

262 2153 470 2217 δυλίου,
498 2157 532 2226 ἥ
567 2157 662 2211 τοῦ
693 2160 922 2227 βιϐλίον
959 2162 1052 2214 καὶ
1090 2163 1189 2216 οὐκ
1219 2163 1334 2216 ἔστι
1358 2163 1540 2230 δοῦλος
1563 2166 1656 2218 τοῦ
1681 2165 1837 2218 Θεοῦ⁶

263 2247 360 2296 καὶ
392 2247 573 2311 καλῶς
601 2246 720 2302 εἷπέ
754 2269 837 2314 τις
862 2251 970 2308 τῶν
1007 2254 1185 2321 σοφῶν
1211 2255 1292 2307 ότι
1319 2257 1423 2308 ὅσα
1453 2256 1600 2327 πάθη
1628 2256 1807 2328 ψυχῆς
1821 2299 1835 2324 .

262 2336 509 2390 τοσοῦτοι
551 2341 644 2392 καὶ
669 2341 946 2398 δεσπόται.
981 2345 1091 2397 Καὶ
1116 2345 1144 2396 6
1183 2345 1406 2417 Κύριος·
1441 2348 1626 2401 Ὅπου
1669 2353 1702 2402 ὁ
1733 2353 1838 2416 θη-

264 2427 491 2492 σαιφός
511 2443 648 2491 σου,
677 2430 807 2482 ἐκεῖ
831 2432 1001 2484 ἐσται
1033 2434 1070 2500 ἡ
1100 2435 1314 2501 καρδία
1346 2450 1488 2492 σου.
1530 2437 1639 2488 Καὶ
1677 2437 1839 2491 πάλιν

263 2519 295 2570 6
330 2517 674 2585 Ἀπόστολος·
705 2517 779 2592 ⁷ῼ
818 2540 905 2588 τις
947 2522 1222 2592 ἥττηται,
1265 2528 1454 2593 τούτῳ
1493 2529 1588 2582 καὶ
1631 2528 1836 2583 δεδού-

262 2610 465 2664 λωται.

338 2909 413 2978 ς’.
454 2913 565 2966 Kal
605 2913 759 2984 ἔλεγε
805 2916 968 2970 πάλιν
992 2919 1020 2971 ὁ
1052 2917 1342 2988 μακάριος·
1399 2919 1687 2989 Ὠδεύομεν
1727 2920 1837 2987 ἐγὼ

1943 1801 2157 1870 (plaudo
2183 1816 2408 1855 exorsus
2433 1799 2629 1869 aliquis
2660 1814 2688 1851 a
2731 1813 2997 1868 generoso
3026 1805 3332 1864 contemptu
3377 1793 3515 1849 mul-

1944 1901 2120 1945 torum
2151 1891 2612 1955 centenariorum,
2661 1890 3038 1959 progrediatur
3062 1888 3184 1941 inde
3221 1889 3286 1940 ad
3315 1886 3516 1954 amplc-

1898 2045 1904 2053 ι
1941 1980 2192 2036 ctendam
2223 1996 2407 2034 amore
2449 1980 2619 2032 nimio
2645 1979 2910 2032 aciculam
2943 1995 2956 2030 :
2984 1987 3037 2030 et
3069 1977 3112 2030 is
3147 1975 3366 2029 allectus
3396 1989 3513 2043 pcr-

1943 2071 2269 2125 tnrbationis
2315 2086 2418 2123 non
2477 2071 2704 2124 modicae
2757 2085 2919 2124 causa
2981 2068 3073 2135 fit;
3131 2075 3185 2120 et
3238 2065 3514 2119 substituit

1943 2162 2086 2214 illam
2127 2161 2390 2216 acienlam
2438 2160 2489 2212 in
2523 2163 2702 2212 locum
2731 2159 3029 2213 centenarii
3059 2158 3186 2209 olint
3231 2155 3416 2224 sprcti.
3450 2153 3515 2206 Et

1943 2254 2002 2305 fit
2051 2252 2268 2321 aliquis,
2315 2269 2419 2305 non
2447 2252 2560 2318 jam
2613 2251 2705 2305 Dei
2750 2265 2957 2312 servus,
3015 2259 3071 2301 nt
3115 2247 3510 2315 spoponderat:

1940 2346 2033 2400 sed
2081 2359 2270 2398 servus
2332 2344 2576 2406 acicula-,
2625 2341 2870 2404 cucullm,
2928 2339 3198 2403 mantilis,
3253 2337 3373 2391 libri
3405 2353 3421 2390 :
3452 2337 3517 2392 iis

1940 2439 2226 2490 adha'rens
2276 2434 2472 2488 allect‘u
2521 2434 2739 2486 vitioso.
2793 2430 2927 2483 Nam
2962 2430 3098 2483 bene
3145 2427 3280 2480 dixit
3325 2427 3520 2494 aliquis

1939 2528 2265 2598 sapientum,
2299 2536 2374 2579 tot
2414 2525 2653 2577 animam
2685 2523 2906 2575 subesse
2949 2516 3184 2571 dominis
3213 2525 3340 2584 quot
3370 2514 3516 2568 fovet

1940 2622 1991 2674 in
2043 2635 2099 2673 se
2149 2617 2374 2672 allectus
2422 2618 2796 2670 vehementes.
2844 2610 2907 2666 Et
2945 2608 3207 2663 Dominus
3260 2605 3379 2659 ait:
3412 2601 3516 2658 Ubi

1938 2720 2012 2764 est
2063 2711 2339 2763 thesaurus
2382 2720 2525 2771 tuus,
2571 2707 2646 2759 ibi
2669 2705 2764 2757 erit
2811 2717 2904 2754 cor
2951 2699 3161 2752 tuum".
3217 2697 3281 2749 Et
3331 2713 3518 2752 rursus

1939 2799 2229 2869 Apostolus
2261 2815 2277 2851 :
2313 2799 2354 2850 A
2381 2814 2482 2866 quo
2504 2796 2619 2866 quis
2649 2793 2808 2845 victus
2840 2799 2936 2852 est,
2963 2790 3010 2841 ei
3037 2798 3085 2840 et
3111 2788 3261 2840 servit
3285 2787 3327 2840 ⁸.

2020 2927 2106 2985 Vl.
2161 2929 2304 2983 Dixit
2363 2943 2548 2982 rursus
2603 2929 2744 2982 idem
2789 2924 2978 2977 beatus
3023 2920 3174 2975 :lter
3203 2911 3520 2988 ‘agebamus

261 3003 446 3057 τεκαὶ
499 3001 578 3069 εἷς
625 3005 852 3081 ἁδελφὸς
899 3007 1039 3078 μετὰ
1089 3009 1183 3062 καὶ
1224 3009 1529 3081 κοσμικῶν,
1578 3011 1677 3080 τὴν
1720 3011 1837 3064 ὁδὸν

1946 3036 2039 3089 ego
2085 3030 2140 3074 et
2172 3019 2339 3073 frater
2395 3033 2532 3072 unus
2571 3018 2654 3070 via
2703 3011 3079 3080 Neapolitana,
3123 3024 3247 3064 cum
3296 3009 3519 3077 quibus—

262 3093 614 3160 Νεαπόλεως,
637 3098 732 3151 καὶ
758 3097 990 3170 ἤλθομεν
1013 3101 1095 3163 εἰς
1118 3099 1280 3153 τόπον
1305 3100 1437 3152 ὅπου
1456 3099 1732 3152 τελὼνειον
1751 3095 1837 3172 ἦν·

263 3187 360 3238 καὶ
395 3188 444 3238 οἱ
479 3187 576 3256 μὲν
602 3189 852 3257 κοσμικοὶ
880 3190 1112 3254 εἰδόντες
1171 3191 1269 3263 τὴν
1300 3191 1586 3260 συνήθειαν
1636 3192 1843 3244 ἔδωκαν

262 3275 328 3328 τὸ
346 3276 520 3340 τέλος
557 3280 584 3330 ὁ
614 3277 671 3330 δὲ
703 3277 930 3347 ἀδελφὸς
958 3282 986 3333 ὁ
1031 3280 1106 3333 ὢν
1142 3281 1257 3351 μετ’
1288 3281 1422 3352 ἐμοῦ
1465 3282 1668 3352 ἤρξατο
1697 3283 1844 3334 ἀντι-

261 3367 460 3419 τείνειν
501 3367 594 3419 καὶ
625 3367 805 3434 λέγειν
843 3369 1045 3432 αὐτοῖς·
1082 3370 1330 3441 Τολμᾶτε
1379 3374 1632 3426 ἀπαιτεῖν
1679 3388 1843 3443 μονα-

265 3456 433 3527 χούςς
494 3455 636 3524 Ἐγὼ
683 3458 740 3509 δὲ
789 3457 1028 3521 ἀκούσας
1087 3454 1240 3515 εἷπον
1285 3461 1452 3532 αὐτῷ’
1516 3465 1581 3516 Τί
1643 3467 1838 3530 ποιεῖς,

264 3546 499 3615 ἀδελφές
537 3547 690 3601 οὐδὲν
719 3547 847 3601 ἄλλο
893 3548 1070 3616 λέγεις
1117 3550 1264 3622 αὑτῷ
1319 3551 1374 3624 ἢ,
1410 3553 1589 3607 Θέλων
1633 3555 1726 3608 καὶ
1767 3557 1840 3626 μὴ

266 3639 439 3691 θέλων
459 3639 686 3711 τίμησόν
715 3659 784 3711 με
816 3642 990 3709 ἆγιον;
1013 3642 1222 3710 μᾶλλον
1247 3645 1406 3707 αὐτὸς
1434 3644 1682 3715 ὤφειλεν,
1718 3647 1841 3701 ἰδὼν

265 3730 368 3799 τὴν
401 3729 717 3783 καλοθελίαν
750 3748 843 3782 σου
874 3731 970 3784 καὶ
1006 3735 1358 3800 ταπείνωσιν,
1395 3736 1710 3807 αἰδεσθῆναι
1748 3739 1841 3791 καὶ

267 3822 463 3873 εἰπεῖν·
499 3820 877 3892 Συγχώρησον.
915 3824 1124 3876 Οὐκοῦν
1155 3825 1229 3887 ὡς
1261 3827 1509 3898 μαθητὴς
1538 3830 1631 3882 τοῦ
1665 3831 1839 3900 πράου

267 3911 366 3964 καὶ
410 3912 666 3966 ταπεινοῦ
721 3913 831 3978 δὸς,
890 3915 982 3968 καὶ
1037 3914 1394 3987 παρέλθωμεν
1431 3919 1549 3986 μετ’
1593 3921 1836 3991 εἰρήνης.

271 4002 501 4056 ’Ἁλλοτε
531 4004 827 4074 γενομένου
866 4021 968 4074 μου
1001 4006 1079 4067 εἰς
1113 4007 1212 4075 τὴν
1241 4007 1403 4074 ἁγίαν
1441 4009 1593 4061 πόλιν
1622 4011 1840 4081 ἔρχεταί

266 4111 353 4157 τις
379 4093 735 4164 φιλοχρίστων
781 4097 875 4151 καὶ
914 4096 1058 4164 λέγει
1111 4115 1221 4166 μοι·
1261 4098 1478 4169 Ἐπειδὴ
1510 4101 1712 4172 μικράν
1741 4104 1843 4173 άηο

266 4183 388 4238 δίαν
418 4184 610 4254 ἔχομεν
643 4185 762 4254 μετ’
783 4186 1023 4258 ἀλλήλων
1057 4186 1168 4256 ἐγὼ
1194 4205 1252 4240 τε
1281 4189 1376 4242 καὶ
1404 4191 1432 4242 ὁ
1457 4190 1683 4260 ἀδελφός
1715 4211 1838 4264 μου,

267 4274 352 4348 μὴ
396 4273 539 4327 θέλει
589 4274 942 4344 διαλλαγῆναί
979 4293 1087 4348 μοι’
1130 4277 1266 4330 ἀλλά
1315 4280 1696 4352 παρακλήθητι
1747 4285 1840 4338 καὶ

1947 3111 2069 3164 dam
2118 3110 2487 3174 saecularibus,
2539 3109 2896 3172 venimusque
2934 3105 3000 3157 ad
3043 3101 3216 3156 locum
3271 3102 3359 3154 ubi
3401 3110 3519 3154 erat

1949 3203 2226 3264 telonium.
2279 3213 2334 3255 et
2379 3200 2668 3256 saeculares
2700 3196 2920 3269 quidem
2959 3197 3195 3248 scientes
3242 3201 3521 3247 consuetu-

1942 3295 2126 3348 dinem
2171 3294 2313 3348 ultro
2367 3293 2643 3348 solverunt
2671 3302 2922 3346 censum.
2975 3285 3166 3340 Frater
3215 3294 3397 3339 autem
3432 3298 3517 3336 re-

1943 3385 2184 3454 quisitus
2240 3401 2271 3438 a
2320 3384 2630 3454 publicano,
2680 3386 3003 3451 repugnavit
3042 3385 3520 3441 dicenszAudetts

1943 3476 2159 3544 exige're
2200 3491 2230 3529 a
2287 3472 2740 3541 monachis?Ego
2782 3485 2962 3529 autem
3008 3476 3232 3530 audiens
3257 3475 3306 3529 ei
3355 3474 3463 3529 dixi
3499 3491 3515 3528 :

1943 3566 2080 3632 Quid
2111 3567 2248 3634 agis,
2298 3564 2500 3618 frater?
2527 3562 2676 3628 Quod
2726 3567 2810 3619 ais
2851 3566 3182 3618 tantumdem
3231 3572 3316 3618 est
3359 3578 3423 3618 ac
3471 3563 3517 3617 si

1943 3659 2151 3712 diceres
2181 3674 2194 3709 :
2232 3654 2371 3709 V'elis
2395 3655 2554 3720 nolis,
2580 3655 2783 3710 honora
2809 3672 2893 3711 me
2926 3667 2984 3710 ut
3011 3665 3280 3710 sanctum.
3313 3655 3517 3709 Decue-

1944 3755 2028 3801 rat
2063 3746 2226 3798 istum
2260 3744 2420 3807 forte,
2468 3745 2583 3798 visa
2644 3745 2903 3812 religione
2946 3755 3003 3801 et
3057 3747 3356 3800 humilitate
3401 3755 3518 3808 tua,

1942 3837 2272 3890 verecundia
2305 3833 2541 3888 suffundi
2573 3838 2828 3904 quadam,
2855 3847 2909 3890 et
2939 3835 3151 3888 veniam
3189 3850 3346 3888 orare
3375 3835 3520 3900 quod

1941 3943 2008 3988 ex
2041 3934 2093 3979 te
2137 3927 2460 3995 poposrerit.
2517 3924 2672 3980 Nunc
2718 3928 2933 3996 quando
2965 3926 3015 3979 id
3047 3926 3248 3989 omisit,
3299 3940 3415 3994 age,
3459 3932 3519 3978 ut

1943 4018 2240 4086 discipulus
2275 4016 2420 4070 mitis
2450 4026 2502 4069 et
2546 4018 2766 4070 humilis
2799 4016 3032 4080 Domini,
3061 4017 3125 4070 da
3171 4014 3314 4084 quod
3347 4014 3519 4083 posci-

1944 4119 2030 4164 tur
2078 4117 2134 4163 et
2181 4109 2234 4162 in
2267 4123 2400 4174 pace
2446 4108 2826 4178 procedamus.
2878 4107 3028 4160 Alias
3061 4121 3180 4160 cum
3235 4120 3409 4160 essein
3461 4104 3519 4157 in

1939 4208 2126 4254 sancta
2157 4197 2400 4262 civitate,
2427 4197 2578 4252 venit
2598 4198 2664 4250 ad
2700 4211 2787 4252 me
2817 4197 2990 4251 bonus
3023 4194 3288 4265 quispiam
3313 4192 3515 4247 Christi

1943 4297 2175 4352 amator,
2216 4288 2403 4344 dicens
2433 4307 2448 4343 :
2476 4288 2740 4354 Quoniam
2769 4287 2840 4342 ob
2879 4301 3100 4357 parvam
3145 4283 3511 4340 offensiuncu-

267 4365 503 4432 λάλησον
534 4363 702 4432 αὐτῷ.
744 4365 884 4433 Ἐγὼ
917 4366 972 4418 δὲ
1031 4367 1166 4435 μετὰ
1212 4371 1385 4440 χαρᾶς
1435 4371 1724 4444 δεξάμενος
1768 4375 1840 4428 τὸπ

1961 4381 2065 4437 lam
2102 4394 2202 4448 ego
2235 4388 2292 4434 et
2331 4378 2456 4433 talis
2501 4377 2671 4432 frater
2706 4393 2858 4432 meus
2903 4376 3130 4431 invicem
3175 4372 3515 4435 dissidemus,

265 4454 452 4522 λόγον,
479 4453 570 4506 καὶ
593 4454 827 4518 καλέσας
847 4455 937 4509 τὸν
961 4457 1187 4526 ἀδελφὸν
1209 4459 1396 4526 αὑτοῦ,
1426 4461 1660 4531 ἐλάλησα
1689 4465 1837 4535 αὐτῷ

268 4544 732 4607 συντείνονταείς
773 4546 1010 4618 ἀγάπην·
1053 4550 1146 4602 καὶ
1188 4549 1331 4613 ἔδοξε
1384 4551 1483 4620 μὲν
1527 4553 1827 4610 πείθεσθαν

267 4635 496 4706 ὕστερον
533 4635 589 4691 δὲ
622 4635 768 4704 λέγει
805 4655 913 4706 μοι·
943 4639 1017 4692 Οὐ
1043 4640 1277 4710 δύναμαι
1305 4640 1655 4712 διαλλαγῆναι
1688 4645 1859 4716 αὐτῷ·

265 4723 352 4775 ὄτι
387 4722 577 4792 ὤμοσα
608 4725 687 4787 εἰς
730 4725 820 4778 τὸν
850 4728 1104 4797 σταυρόν.
1165 4729 1306 4797 Ἐγὼ
1347 4731 1403 4783 δὲ
1451 4731 1839 4802 ὑπομειδιάσας

266 4807 424 4864 εἷπον
459 4813 630 4883 αὐτῷ’
667 4814 726 4865 'O
773 4815 936 4884 ὅρκος
983 4833 1077 4868 σου
1121 4819 1376 4890 τοιαύτην
1421 4819 1648 4891 δύναμιν
1700 4823 1836 4893 ἔχει,

266 4901 350 4952 ὃτι
375 4902 464 4953 Μὰ
487 4902 576 4954 τὸν
603 4901 782 4972 τίμιον
808 4905 1038 4973 σταυρὸν
1069 4907 1126 4958 οὐ
1149 4908 1222 4977 μὴ
1255 4908 1475 4976 φυλάξω
1499 4910 1596 4975 τὰς
1628 4913 1846 4978 ἐντολάς

267 5008 387 5044 σου·
413 4993 546 5046 ἀλλὰ
567 4995 630 5046 τὸ
651 4995 862 5066 θέλημα
883 4997 976 5050 τοῦ
1002 4998 1200 5068 ἐχθροῦ
1221 5001 1312 5054 τοῦ
1337 5001 1582 5056 διαϐόλου
1611 5007 1842 5075 ποιήσω.

265 5084 382 5138 Καὶ
405 5085 513 5156 γάρ
543 5087 603 5138 οὐ
644 5087 803 5158 μόνον
836 5089 935 5144 οὐκ
965 5087 1160 5161 ὤφειλε
1193 5095 1386 5165 στῆσαι
1413 5095 1472 5148 τὸ
1507 5096 1694 5161 κακῶς
1732 5099 1846 5167 ὀρι-

268 5176 399 5228 σθὲν
424 5177 514 5246 ὑφ’
541 5179 721 5249 ἡμῶν,
763 5180 898 5236 ἀλλὰ
932 5183 1028 5234 καὶ
1054 5183 1256 5253 μᾶλλον
1288 5189 1569 5257 μετανοεῖν
1600 5189 1695 5241 καὶ
1728 5189 1843 5242 θλί-

269 5265 460 5320 ϐεσθαι
509 5269 593 5336 ἐφ’
639 5263 720 5332 οἷς
775 5272 958 5336 κακῶς
1011 5273 1306 5345 όριζόμεθα
1349 5276 1610 5340 ἑαυτοὺς,
1663 5279 1844 5343 καθώς

276 5371 443 5424 φησιν
472 5358 500 5409 ό
530 5358 785 5428 θεοφόρος
814 5361 1112 5427 Βασίλειοςο
1160 5382 1178 5414 ι
1212 5363 1322 5416 Καὶ
1356 5364 1464 5434 γὰρ
1511 5365 1754 5436 Ἡρώδης
1795 5369 1844 5420 εί

291 5445 581 5516 μετενόησε
612 5448 705 5500 καὶ
743 5448 821 5519 μὴ
857 5448 1052 5520 ἔστησε
1077 5451 1168 5507 τὸν
1209 5452 1369 5523 ὅρκον
1401 5452 1566 5506 αὐτοῦ
1591 5492 1605 5518 ,
1635 5455 1735 5508 οὐκ
1777 5456 1842 5511 ἂν

346 5636 367 5664 ⁶
393 5635 497 5694 lsa.
531 5655 569 5704 ι,
601 5641 654 5694 6.
730 5642 749 5671 ⁷
776 5640 965 5698 Matth.
999 5659 1073 5711 vt,
1103 5646 1192 5700 2|.
1268 5645 1289 5677 ⁸
1322 5644 1538 5717 ll_Petr.
1567 5661 1630 5714 ιι,
1656 5647 1743 5714 19.

1942 4469 2026 4536 egi
2059 4475 2115 4522 ut
2155 4467 2629 4522 reconciliaremnr
2656 4484 2669 4521 :
2699 4468 2794 4522 sed
2829 4468 2918 4521 ille
2950 4467 3250 4531 recusavit;
3291 4478 3399 4531 prae
3429 4476 3518 4514 se-

1938 4575 2044 4629 que
2086 4560 2208 4624 fert,
2261 4558 2401 4612 nolle
2445 4558 2512 4612 de
2560 4570 2757 4612 cmtcro
2811 4560 2988 4612 redire
3040 4572 3249 4611 mecum
3301 4555 3354 4607 in
3401 4568 3519 4622 επις

1942 4649 2072 4703 tiam
2107 4665 2121 4704 :
2153 4663 2250 4704 oro
2278 4657 2350 4713 te,
2384 4645 2564 4711 Pater,
2607 4657 2666 4701 ut
2698 4662 2818 4703 eum
2849 4647 3150 4715 alloquens,
3179 4645 3413 4698 adducas
3442 4643 3510 4694 ad

1948 4739 2085 4793 iram
2143 4738 2544 4808 deponendam.
2597 4738 2824 4808 Suscepi
2875 4738 3047 4791 libens
3103 4733 3411 4802 negotium,
3463 4741 3520 4785 ct

1950 4836 2142 4882 vocato
2173 4826 2342 4882 fratre
2378 4827 2490 4890 illo,
2532 4827 2643 4881 dixi
2693 4842 2814 4895 quae
2857 4835 3155 4893 opportuna
3207 4822 3518 4875 viderentur

1946 4918 2012 4972 ad
2049 4918 2097 4973 ei
2147 4917 2580 4986 persuadendam
2617 4931 2801 4984 pacem
2846 4924 2902 4970 et
2943 4915 3261 4968 charitatem
3308 4921 3404 4966 :et
3439 4913 3518 4964 vi-

1946 5006 2179 5062 debatur
2207 5011 2570 5076 acquiescere.
2614 5009 2881 5063 Caeterum
2928 5005 3141 5074 excepit
3171 5021 3186 5057 :
3215 5003 3359 5057 haud
3396 5016 3517 5059 esse

1944 5098 2048 5153 sibi
2082 5099 2289 5152 licitum
2328 5100 2662 5156 reconciliari
2711 5100 2885 5162 fratri,
2921 5097 3045 5166 quia
3076 5111 3172 5165 per
3201 5109 3416 5150 crucem
3438 5093 3518 5162 ju-

1946 5197 2143 5252 rasset,
2192 5202 2251 5242 se
2297 5203 2570 5256 nunquam
2616 5188 2670 5242 in
2719 5189 2773 5241 id
2829 5200 3238 5242 consensurum.
3288 5185 3369 5239 Ad
3415 5184 3518 5238 hoc

1945 5293 2046 5347 ego
2088 5277 2380 5333 subridens
2406 5278 2518 5332 dixi
2557 5297 2571 5332 :
2606 5279 2778 5336 Tuum
2801 5279 3161 5346 juramcntum
3214 5273 3370 5327 talem
3405 5273 3518 5327 vim

1945 5369 2106 5425 habet
2132 5384 2196 5424 ac
2236 5372 2281 5425 si
2321 5370 2570 5428 diceres:
2601 5371 2703 5427 Per
2728 5369 3108 5438 crucemjuro,
3153 5365 3386 5430 Christe,
3429 5379 3522 5420 me

1946 5472 2224 5528 nunquam
2271 5458 2685 5516 observaturum
2732 5461 2980 5516 mandata
3033 5468 3121 5512 tua
3155 5473 3172 5512 :
3205 5456 3298 5513 sed
3329 5454 3515 5511 volun-
