3864 6114
328 222 452 289 1691
1630 215 1927 278 ΖΟΞΙΜιΈ

2046 213 2279 274 ιΒΑΤῐε
3463 192 3598 258 1692

328 346 490 388 tatem
527 330 698 386 hostis
730 328 807 384 tui
838 324 1036 383 diaboli
1084 324 1373 380 facturum.
1405 322 1696 380 Enimvero
1723 324 1897 394 jusju-
1924 367 1934 393 λ

2048 325 2293 397 ργάσατο
2321 320 2382 376 τδ
2415 320 2562 393 μέγα
2591 318 2752 372 τοῦτο
2777 314 3107 388 ἁμάρτημα,
3140 311 3202 365 τδ
3244 309 3603 377 ἀποκειραῆ-

330 424 556 478 randum
580 420 841 491 ejusmodi
890 418 1024 472 adeo
1073 431 1179 471 non
1226 416 1387 471 debet
1440 416 1607 470 videri
1652 416 1893 471 stabilire

2046 433 2093 470 ιι
2118 416 2209 469 τὸν
2233 411 2467 485 Χριστοῦ
2492 411 2822 483 πρόδρομον.
2859 426 2877 458 ι

328 514 469 582 quod
512 488 648 565 male
694 510 1066 574 decrevimus;
1118 516 1177 560 ut
1252 507 1433 577 potius
1487 521 1589 562 nos
1638 505 1836 576 obliget
1871 507 1937 561 ad
2012 507 2157 562 serio
2202 503 2616 574 concipiendam
2680 500 2798 569 ejus
2847 495 3228 568 paenitentiam
3264 510 3282 546 ι
3316 488 3609 582 άξαίιιεειιέ

329 580 564 676 dumque
600 615 761 679 atque
812 605 865 658 in
901 602 1236 659 contrarium
1288 602 1601 655 mutandum
1632 600 1895 671 quidquid
1936 610 2140 656 temere
2200 614 2296 669 per
2326 597 2456 653 illud
2518 603 2910 651 statueramus.
2940 588 3096 644 Sicut
3137 587 3217 640 ait
3252 582 3475 679 Spiritu
3508 580 3610 634 Dei

331 702 519 768 plenus
570 676 845 753 Basilius:
880 715 897 748 ι
927 698 1161 764 Etenim,
1212 697 1483 766 inquiens,
1534 694 1797 760 Herodes,
1849 696 1895 751 si
1927 694 2221 763 juramenti
2254 704 2458 749 temere
2502 690 2638 755 dati,
2704 696 2863 757 prout
2928 682 3161 738 debebat
3200 676 3610 768 ptenituisset:

332 767 433 848 nec
471 802 616 847 stare
649 790 719 845 illi
759 790 1034 855 voluisset,
1064 805 1169 843 non
1208 799 1487 859 peccasset
1514 804 1738 844 enorme
1766 789 1895 844 illud
1936 798 2238 859 peccatum,
2282 784 2611 854 amputanda
2681 787 2844 850 caput
2917 772 3278 847 pnecursoris
3306 767 3554 825 Christi.
3590 782 3613 815 ι

404 924 515 979 VII.
559 922 927 991 Interrogatus
958 920 1098 975 idem
1124 920 1418 989 aliquando
1448 929 1533 973 cst
1563 937 1577 973 :
1611 918 1892 984 Quomodo

337 1019 423 1072 liet
475 1024 533 1068 ut
577 1014 771 1081 aliquis
826 1020 1038 1079 spretus
1076 1018 1131 1065 et
1192 1010 1452 1064 conviciis
1500 1010 1807 1079 proscissus
1856 1024 1886 1062 a

334 1095 678 1177 quibusdam,
720 1090 833 1158 non
883 1102 1189 1156 irascatur?
1220 1102 1518 1171 Respondit
1551 1122 1562 1155 :
1595 1101 1652 1156 Sl
1700 1102 1905 1155 habue-

340 1200 410 1253 rit
448 1198 538 1252 ille
588 1198 825 1265 seipsum
864 1209 959 1264 pro
992 1193 1180 1253 nihilo.
1220 1209 1324 1247 non
1361 1193 1668 1247 turbabitur
1696 1212 1710 1248 :
1743 1203 1903 1262 prout

338 1288 477 1341 dixit
518 1288 685 1341 abbas
716 1285 931 1340 Pmmeu
960 1301 972 1337 :
1005 1301 1024 1334 ι
1057 1282 1114 1336 Si
1172 1292 1223 1339 te
1270 1284 1443 1351 ipsum
1478 1298 1575 1352 pro
1615 1283 1782 1337 nihilo
1817 1284 1915 1337 ba-

341 1380 543 1444 bueris,
576 1380 799 1431 habebis
830 1377 1095 1445 requiem.
1135 1394 1153 1427 ι

413 1511 546 1566 VIII.
616 1511 763 1564 Dixit
824 1520 1081 1580 prmterea
1121 1509 1289 1563 :Fuit
1338 1508 1628 1578 aliquando
1688 1509 1913 1563 fratrum

2074 925 2149 978 Z'.
2193 920 2484 992 Ἦρωτήθη
2508 918 2695 981 πάλιν,
2719 916 2849 977 Πῶς
2875 911 3081 982 ὀφείλει
3111 926 3199 972 τις
3230 907 3621 975 ὲξουδενωμέ-

2005 1018 2154 1088 νοςῆ
2202 1012 2671 1082 κακολογούμενος
2715 1007 2868 1078 παρά
2912 1022 3094 1066 τινων,
3131 1002 3209 1073 μὴ
3244 998 3613 1071 θυμοῦσθαις

2007 1108 2342 1179 ἁπεκρίνατο
2360 1104 2511 1174 γοῦψ
2540 1104 2668 1157 Ἐάν
2690 1118 2773 1163 τις
2793 1141 2808 1165 ,
2837 1094 3014 1159 εἶπεν,
3040 1096 3139 1169 ἔχῃ
3158 1092 3361 1147 ἑαυτὸν
3384 1091 3583 1159 εὐτελῆ
3599 1131 3615 1153 ,

2014 1201 2089 1272 μὴ
2119 1198 2475 1269 ταράσσεται·
2501 1194 2687 1257 καθὼς
2711 1186 2916 1246 εἶπενὸ
2944 1188 3118 1249 assa;
3143 1185 3388 1256 Ποιμήν·
3424 1201 3451 1234 ε
3491 1182 3621 1233 Ἐὰν

2020 1291 2182 1345 αὐτὸν
2215 1289 2514 1361 εύτελίσῃς,
2549 1288 2691 1354 ἔξεις
2712 1285 3038 1339 ἀνάπαυσιν.
3072 1299 3091 1332 ι

2094 1511 2174 1564 Η¹.
2211 1509 2321 1564 Καὶ
2368 1509 2575 1577 ἔλεγεν,
2622 1505 2863 1561 ὃτιΠοτέ
2910 1522 2995 1567 τις
3038 1502 3149 1555 τῶν
3194 1497 3460 1566 ἀδελφῶν
3515 1497 3628 1549 τῶν

342 1604 633 1675 quispiam,
672 1618 737 1657 ex
763 1603 830 1656 iis
877 1604 965 1670 qui
1001 1617 1207 1656 mecum
1256 1602 1568 1665 manebant,
1602 1609 1657 1654 et
1687 1614 1913 1669 accepe-

2046 1601 2317 1655 ιεινάντων
2371 1599 2488 1670 μετ’
2528 1596 2667 1669 ἐμοῦ
2720 1596 2817 1650 καὶ
2859 1594 3135 1647 λαϐόντων
3184 1588 3318 1660 παρ’
3374 1586 3523 1658 ἐμοῦ
3568 1586 3629 1639 τὺ

347 1705 467 1751 rant
498 1711 527 1747 a
564 1710 649 1747 me
695 1710 910 1747 sacrum
947 1693 1214 1756 habitum,
1259 1692 1423 1745 nutlta
1460 1708 1488 1745 a
1537 1709 1622 1746 me
1659 1701 1918 1746 tractatus

349 1784 699 1853 indulgentia.
739 1782 867 1836 Erat
902 1782 1045 1837 enim
1086 1780 1242 1835 ﬂuxa:
1274 1782 1603 1835 valetudinis
1638 1797 1699 1835 ac
1731 1790 1915 1847 tener;

348 1886 401 1929 et
459 1873 959 1931 coudesceudebam
1009 1874 1107 1941 ipsi
1176 1875 1245 1927 oh
1304 1873 1727 1928 imbecillitatem
1780 1872 1917 1941 ejus.

349 1965 588 2032 Quadam
642 1965 804 2034 igitur
838 1963 883 2017 is
930 1963 1016 2016 die
1051 1962 1181 2016 mihi
1235 1962 1370 2015 dixit
1403 1981 1416 2016 :
1453 1964 1598 2015 Abba
1652 1964 1744 2028 mi,
1778 1963 1921 2017 tnul-

354 2069 465 2111 tum
502 2073 625 2110 amo
658 2067 730 2111 lc.
778 2053 878 2109 Aio
900 2069 1000 2123 cgo
1048 2054 1120 2107 illi
1154 2072 1168 2109 :
1206 2053 1490 2122 Nunquam
1526 2055 1703 2108 adhuc
1735 2070 1923 2121 quem-

354 2163 516 2216 quam
554 2146 753 2215 reperi,
795 2146 884 2214 qui
920 2161 1005 2199 me
1040 2154 1247 2199 tantum
1283 2155 1492 2199 amaret
1532 2158 1790 2214 quantum
1825 2161 1925 2217 ego

354 2255 475 2292 amo
528 2239 725 2307 ipsum.
780 2238 921 2292 Ecce
975 2252 1117 2293 nunc
1158 2238 1288 2292 mihi
1335 2237 1515 2292 dicis:
1552 2238 1688 2291 Amo
1738 2251 1823 2302 te;
1873 2247 1927 2291 et

355 2331 539 2386 credo.
593 2330 647 2383 Si
705 2339 886 2383 autem
925 2330 1019 2382 tibi
1065 2330 1194 2397 quid
1237 2346 1266 2383 a
1318 2346 1403 2384 me
1446 2330 1733 2399 contigerit
1784 2329 1927 2384 haud

355 2428 588 2487 gratum,
627 2433 733 2470 non
776 2432 961 2470 manes
991 2420 1165 2485 qualis
1200 2434 1320 2473 eras
1360 2435 1485 2489 erga
1536 2435 1640 2473 me.
1689 2420 1769 2473 Me
1802 2436 1928 2474 vero

356 2504 617 2576 quidquid
658 2520 687 2558 a
716 2514 767 2559 te
791 2504 964 2573 patiar
1000 2506 1141 2559 haud
1174 2506 1372 2573 poterit
1402 2517 1649 2561 avertere
1681 2523 1709 2561 a
1742 2508 1927 2561 chari-

361 2606 468 2651 tate
499 2597 597 2651 tui.
632 2596 746 2650 Non
769 2597 985 2667 longum
1013 2596 1142 2650 hinc
1173 2608 1382 2665 tempus
1415 2598 1567 2662 abiit,
1601 2613 1720 2650 cum
1746 2599 1930 2654 nescio

362 2690 489 2761 quid
524 2691 770 2745 accidita
802 2706 888 2745 me
916 2706 1105 2759 parum
1136 2691 1233 2759 ipsi
1267 2690 1507 2758 placens,
1535 2700 1590 2745 et
1616 2692 1758 2760 cepit
1786 2706 1934 2745 mur-

362 2800 580 2838 murare
636 2795 825 2839 contra
875 2799 960 2839 me
1011 2784 1211 2847 multa.
1274 2799 1443 2852 usque
1496 2786 1561 2836 ad
1607 2783 1747 2840 foeda
1796 2798 1933 2839 con-

359 2876 519 2930 vicia.
543 2874 685 2929 Nihil
714 2878 904 2931 horum
938 2892 1023 2932 tne
1072 2876 1249 2931 latuit.
1292 2876 1504 2931 Auditis
1542 2889 1720 2930 tamen
1756 2877 1933 2930 omni-

361 2960 483 3023 bus,
507 2962 634 3015 mihi
669 2962 781 3018 haec
813 2962 1008 3018 tacitus
1035 2962 1278 3031 subieci:
1312 2963 1617 3033 Chirurgus
1650 2963 1738 3019 hic
1773 2963 1935 3019 Chri-

363 3052 429 3107 sti
460 3050 585 3109 Jesu
635 3064 738 3119 est,
773 3055 973 3110 missus
1018 3054 1086 3107 ad
1129 3068 1213 3108 me
1256 3070 1377 3108 cum
1412 3056 1535 3124 igne
1572 3069 1633 3108 ac
1676 3054 1821 3109 ferro
1871 3056 1936 3109 ad

364 3160 539 3199 meam
592 3149 883 3200 curandam
939 3162 1087 3202 vana:
1130 3148 1314 3218 gloria:
1355 3149 1533 3202 studio
1576 3158 1935 3218 aegrotantem

364 3236 620 3290 animam.
667 3236 707 3290 E
740 3237 938 3291 talibus
980 3246 1157 3303 potest
1192 3237 1386 3306 aliquis
1428 3237 1647 3302 lucrari,
1680 3239 1723 3292 si
1763 3246 1939 3291 atten-

366 3336 453 3379 tus
483 3328 548 3379 ad
577 3329 657 3380 sui
692 3328 986 3394 profectum
1021 3327 1203 3382 fuerit.
1237 3329 1393 3383 Sicut
1433 3330 1672 3384 vicissim
1702 3330 1841 3384 idem
1874 3331 1941 3385 ab

365 3417 432 3471 iis
454 3417 543 3484 qui
566 3417 614 3471 ei
636 3416 924 3472 adulantur
941 3429 996 3473 et
1018 3419 1373 3489 applaudunt,
1395 3418 1714 3489 plerumque
1742 3422 1941 3475 damno

366 3508 614 3565 adicitur.
649 3510 750 3575 Qui
814 3527 935 3565 cum
982 3512 1187 3581 pungit,
1246 3528 1429 3567 revera
1478 3512 1792 3567 benefactor
1834 3520 1939 3567 est.

369 3597 433 3651 Et
472 3600 799 3653 recordabar
834 3599 951 3667 ejus
985 3616 1040 3654 ut
1078 3602 1270 3655 medici
1306 3618 1367 3655 ac
1397 3601 1758 3656 bent-factoris
1794 3600 1936 3657 mei:

368 3687 720 3757 dicebantque
780 3690 1063 3745 maledicta
1120 3690 1240 3761 ejus
1288 3692 1340 3745 in
1395 3707 1481 3747 me
1525 3692 1887 3748 referentibus
1928 3716 1940 3748 :

366 3776 526 3833 Novit
555 3779 642 3833 hic
676 3779 961 3836 manifesta
1002 3797 1117 3836 mea
1168 3782 1325 3846 mala,
1361 3799 1460 3837 nec
1510 3794 1686 3837 tamen
1728 3785 1939 3850 omnia;

366 3868 461 3923 sed
497 3878 698 3937 partem
731 3881 932 3925 tantum
967 3873 1160 3927 horum
1210 3874 1504 3942 quamdam
1540 3892 1554 3928 :
1589 3874 1798 3930 occulta
1848 3891 1946 3928 au-

369 3966 477 4013 tem
528 3960 945 4015 innumerabilia
996 3974 1144 4017 sunt.
1176 3961 1359 4033 Longo
1396 3973 1517 4033 post
1553 3964 1657 4019 hoc
1706 3974 1945 4034 tempore

370 4052 607 4106 occurrit
652 4052 698 4106 is
749 4054 879 4107 mihi
931 4053 1230 4121 Cursarem;
1286 4064 1340 4109 et
1396 4054 1629 4109 accessit
1682 4068 1750 4108 ex
1796 4070 1945 4110 more

371 4142 687 4211 amplexans
716 4152 771 4197 et
800 4144 1052 4199 osculans
1095 4161 1216 4212 me,
1267 4160 1474 4214 egoque
1520 4145 1759 4200 vicissim
1795 4147 1944 4216 paria

2019 1698 2203 1765 σχῆμα
2224 1732 2237 1757 ,
2263 1692 2433 1745 πολλὰ
2464 1689 2856 1761 συγκρυτηθεὶς
2886 1689 3014 1756 παρ’
3046 1682 3202 1755 ἐμοῦ·
3231 1683 3330 1736 καὶ
3357 1682 3479 1751 γάρ
3510 1680 3623 1733 τῶν

2017 1782 2307 1855 τρυφερῶν
2338 1778 2426 1854 ἦν’
2459 1779 2889 1849 συγκατέϐαινον
2910 1776 3059 1846 αύτῷ
3078 1775 3166 1827 διὰ
3190 1773 3292 1843 τὴν
3325 1771 3627 1825 ἀσθένειαν

2021 1874 2207 1929 αὐτοῦ.
2252 1874 2339 1926 Ἐν
2375 1874 2473 1943 μιᾷ
2499 1872 2683 1944 ἡμέρᾳ.
2710 1870 2861 1938 λέγει
2899 1885 3031 1943 μοι’·
3076 1864 3246 1920 Ἀϐϐἄ
3280 1881 3415 1934 μου,
3453 1860 3629 1913 πολλὰ

2022 1967 2220 2035 ἀγαπῶ
2256 1982 2338 2017 σε.
2369 1966 2473 2017 Καὶ
2501 1964 2645 2031 λέγω
2692 1960 2870 2031 αὐτῷ’
2912 1958 3053 2027 Ἐγὼ
3095 1956 3285 2026 ἀκμὴν
3327 1956 3435 2022 οὐχ
3467 1946 3630 2020 εὗρόν

2022 2075 2144 2111 τινα
2172 2055 2473 2125 ἀγαπῶντά
2505 2072 2594 2125 με,
2632 2053 2709 2115 ὼς
2758 2050 2960 2120 ἀγαπῶ
2987 2049 3176 2104 αὐτόν.
3237 2046 3376 2099 Ἰδοὺ
3409 2043 3510 2096 νῦν
3544 2042 3629 2094 λέ-

2027 2166 2164 2217 γεις,
2191 2149 2272 2201 ὅτι
2311 2146 2534 2214 ’Δγαπῶ
2558 2159 2637 2198 σε·
2672 2145 2767 2197 καὶ
2792 2141 3076 2210 πείθομαι.
3103 2139 3235 2191 Ἐάν
3262 2137 3319 2190 δὲ
3354 2133 3549 2205 συμϐῇ
3580 2151 3628 2185 τι

2032 2240 2108 2310 μὴ
2138 2239 2370 2310 ἀρέσκον
2399 2255 2503 2303 σοι,
2527 2238 2588 2289 ού
2616 2237 2798 2307 μένεις
2822 2236 2850 2287 ὁ
2866 2234 3047 2296 αὑτός·
3072 2231 3182 2299 ἐγὼ
3199 2230 3280 2296 δὲ,
3303 2230 3421 2281 πᾶν
3449 2225 3627 2280 ὁτιοῦν

2030 2330 2189 2384 πάθω
2223 2330 2373 2400 παρὰ
2399 2328 2517 2393 σοῦ,
2560 2328 2620 2381 ού
2655 2327 2876 2381 δύναται
2913 2322 3225 2392 άποστῆσαί
3256 2339 3325 2391 με
3356 2325 3460 2391 τῆς
3492 2320 3631 2385 ἀγά-

2031 2438 2141 2492 πης
2186 2438 2301 2474 σου,
2353 2420 2564 2490 Μικρὸς
2599 2420 2789 2490 χρόνος
2824 2418 3093 2489 παρῆλθε,
3126 2417 3221 2469 καὶ
3262 2417 3368 2468 οὐκ
3411 2411 3535 2466 οἶδα
3579 2412 3627 2463 τί

2033 2513 2232 2583 συνέϐη
2266 2512 2435 2583 αὐτῷ.
2467 2513 2577 2566 Καὶ
2611 2513 2816 2583 ήρξατο
2851 2510 3031 2578 λέγειν
3076 2509 3198 2561 κατ’
3230 2506 3377 2577 ἐμοῦ
3424 2506 3629 2565 πολλὰ,

2032 2604 2136 2667 ἕως
2171 2604 2264 2655 καὶ
2289 2602 2533 2672 αἰσχρῶν
2560 2602 2845 2673 ῥημάτων·
2890 2600 2985 2655 καὶ
3012 2600 3232 2653 πάντων
3277 2598 3510 2667 ἤκουον·
3541 2594 3632 2647 καὶ

2034 2693 2220 2762 ἔλεγον
2239 2695 2297 2746 ὲν
2310 2692 2486 2763 έαυτῴ
2508 2692 2699 2754 οὓτως·
2732 2691 2997 2761 Καυστήρ
3027 2690 3146 2742 ἐστι
3165 2688 3262 2740 τοῦ
3304 2686 3517 2758 Ἰησοῦ,
3542 2685 3635 2738 καὶ

2035 2784 2317 2855 ἀπεστάλη
2352 2782 2635 2855 ἰατρεῦσαι
2673 2782 2772 2854 τὴν
2804 2779 3081 2844 κενόδοξόν
3117 2795 3218 2850 μου
3243 2779 3457 2849 ψυχήν.
3505 2776 3636 2829 Ἀπὸ

2036 2876 2144 2929 τῶν
2179 2875 2437 2928 τοιούτων
2466 2872 2687 2928 δύναταί
2715 2890 2800 2937 τις
2818 2873 3083 2943 κερδῆσαι
3112 2871 3209 2923 ἐὰν
3235 2870 3412 2942 νήψῃ,
3443 2868 3636 2937 ὥσπερ

2037 2969 2149 3021 ἀπὸ
2194 2967 2302 3021 τῶν
2362 2965 2783 3037 μακαριζὸντων
2822 2962 3142 3035 ζημιοῦται.
3190 2955 3367 3020 Θῦτος
3416 2960 3634 3029 ἀληθῶς

2036 3060 2114 3123 ὡς
2148 3059 2446 3129 εὐεργέτης
2475 3059 2612 3113 ὲστί.
2638 3058 2747 3111 Καὶ
2773 3056 3104 3128 ἐμεμνήμην
3128 3053 3299 3107 αὑτοῦ
3334 3053 3419 3116 ὡς
3446 3050 3637 3121 ἰατροῦ

2037 3154 2133 3208 καὶ
2158 3154 2470 3224 εὐεργέτου·
2496 3151 2591 3206 καὶ
2609 3150 2795 3219 ἔλεγον
2825 3152 2938 3213 τοῖς
2969 3148 3378 3217 άναγγέλλουσί
3416 3164 3535 3217 μοι·
3558 3148 3637 3198 Ti

2040 3243 2248 3313 φανερά
2295 3259 2396 3313 μου
2436 3241 2582 3296 κακὰ
2623 3242 2782 3312 μόνον
2826 3236 2955 3303 οἶδε,
3002 3241 3098 3292 καὶ
3141 3238 3269 3293 οὐδὲ
3324 3239 3452 3302 ὅλα,
3502 3239 3639 3292 ἀλλὰ

2042 3334 2207 3405 μέρος
2228 3349 2299 3386 τι·
2332 3333 2400 3386 τὰ
2424 3334 2482 3386 δὲ
2510 3332 2867 3403 κεκρυμμένα
2892 3330 3250 3400 άναρίθμητά
3274 3332 3445 3385 εἰσιν.
3476 3333 3638 3384 Μετὰ

2040 3423 2233 3493 καιρὸν
2275 3419 2369 3477 οῦν
2400 3424 2616 3493 ἀπαντᾷ
2645 3439 2735 3493 μοι
2770 3424 2850 3485 si;
2878 3421 3247 3495 Καισάρειαν·
3276 3422 3375 3473 καὶ
3412 3422 3638 3493 ἔρχεται

2040 3513 2184 3568 κατὰ
2217 3514 2277 3567 τὸ
2310 3514 2430 3577 ἔθος
2468 3513 2562 3566 καὶ
2597 3511 3027 3583 περιπτύσσεται
3074 3511 3169 3564 καὶ
3201 3512 3507 3579 καταφιλεῖ
3548 3530 3635 3582 με·

2041 3604 2198 3673 κάγὼ
2227 3605 2407 3670 αὐτὸν,
2430 3604 2504 3667 ὡς
2534 3603 2762 3675 μηδενὸς
2784 3604 3098 3674 γενομένουο
3122 3602 3219 3656 καὶ
3249 3604 3309 3655 ἐν
3342 3602 3641 3673 τῷ·).ἐγειν

2040 3696 2214 3750 ταῦτα
2250 3698 2340 3750 ὅτε
2381 3696 2630 3766 συνήντει
2675 3714 2764 3767 μοι
2804 3694 3238 3766 περιεπτύσσετό
3288 3713 3383 3765 μοι
3432 3696 3636 3749 πολλά·

2042 3786 2176 3855 ἐμοῦ
2209 3785 2543 3847 δεικνύοντος
2570 3784 2715 3854 αὐτῷ
2747 3784 3019 3855 μηδεμίαν
3049 3784 3311 3853 ὑποψίαν,
3343 3784 3471 3855 μηδ’
3499 3785 3635 3847 ὅλως

2041 3875 2292 3944 λείψανον
2369 3874 2583 3945 λύπης,
2634 3875 2838 3946 καίπερ
2901 3875 3079 3929 πάντα
3135 3874 3377 3931 ἀκούων.
3444 3874 3637 3945 Ὅμως

2044 3964 2377 4035 προσπίπτει
2411 3982 2500 4035 μοι
2531 3964 2627 4017 καὶ
2654 3964 2903 4034 κατέχων
2949 3966 3078 4028 τοὺς
3122 3964 3289 4029 πόδας
3335 3982 3444 4035 μου
3492 3965 3637 4031 λέγει

2048 4072 2159 4126 μοι’
2188 4054 2550 4125 Συγχὼρησόν
2581 4071 2670 4123 μοι
2696 4054 2843 4108 assa
2874 4072 2976 4125 μου
2997 4093 3012 4113 .
3050 4054 3141 4109 διὰ
3170 4054 3260 4107 τὸν
3293 4054 3525 4125 Κύριον,
3557 4057 3637 4107 ὅτι

2044 4144 2216 4199 πολλὰ
2247 4146 2343 4198 καὶ
2375 4144 2527 4198 δεινὰ
2572 4144 2809 4215 ἐλάλησα
2850 4145 2991 4199 κατὰ
3026 4145 3145 4199 σοῦ.
3190 4144 3337 4215 Ἐγὼ
3369 4147 3429 4199 δὲ
3465 4164 3635 4199 κατα-

374 4232 499 4294 feci,
546 4240 803 4302 tanquam
845 4234 978 4289 nihil
1011 4235 1257 4289 omnin'
1288 4235 1446 4289 modo
1491 4235 1762 4291 dictorum
1810 4253 1934 4307 prae-

2051 4237 2282 4307 φιλήσας
2328 4237 2490 4290 αὐτὸν
2516 4236 2660 4305 λέγω
2689 4235 2837 4307 αὐτῷ
2872 4237 3012 4307 μετὰ
3039 4238 3439 4307 χαριεντισμοῦ
3466 4254 3480 4265 ·
3524 4238 3630 4291 Μέ-

373 4324 652 4380 cessisset.
703 4325 1108 4381 Recordabatur
1161 4327 1252 4382 ille
1310 4336 1534 4393 tamen,
1590 4338 1648 4385 et
1702 4328 1940 4386 oliiciosa

373 4415 537 4469 verba
564 4415 866 4481 cumulans,
902 4420 1056 4487 quasi
1091 4419 1250 4472 tacite
1289 4428 1538 4473 retexere
1568 4431 1663 4474 aut
1692 4435 1947 4491 compen-

374 4519 500 4560 sare
539 4507 668 4561 olim
713 4506 974 4562 blaterata
1024 4510 1316 4575 nitebatur,
1353 4511 1596 4567 inserens
1637 4513 1801 4567 etiam
1852 4527 1948 4567 oc-

376 4611 539 4653 cursu
589 4598 696 4654 alio
753 4615 918 4654 novos
974 4601 1254 4669 amplexus
1304 4617 1439 4657 :me
1493 4602 1849 4659 nihilominus
1892 4605 1946 4659 in

378 4687 766 4743 dissimulando
800 4698 993 4744 cuncta
1045 4700 1314 4744 transacta
1370 4701 1796 4761 perseverante;
1846 4707 1947 4749 nec

377 4779 668 4849 quidquam
703 4790 897 4850 agente
927 4790 1020 4835 aut
1062 4783 1278 4837 dicente
1305 4783 1444 4852 quod
1485 4783 1650 4837 ullum
1680 4784 1949 4854 suspicio-

379 4869 466 4922 nis
494 4871 780 4938 vestigium
817 4881 911 4924 aut
942 4872 1146 4927 doloris
1188 4873 1442 4943 reliquias
1491 4874 1751 4944 signaret.
1789 4874 1947 4929 Scie-

379 4958 470 5013 bat
527 4968 705 5015 tamen
763 4962 851 5016 ille
907 4963 1206 5019 innotuisse
1259 4964 1390 5018 mihi
1459 4979 1795 5034 quaecunque
1850 4964 1947 5019 irae

378 5053 684 5120 obsequens
734 5053 974 5121 dixerat;
1024 5071 1196 5124 quare
1249 5057 1461 5111 tandem
1490 5056 1721 5124 procidit
1764 5072 1949 5113 coram

382 5156 487 5205 me,
531 5144 800 5213 pedesque
847 5146 1128 5216 amplexus
1174 5161 1323 5202 meos
1367 5148 1443 5201 ait
1473 5168 1486 5203 :
1515 5146 1742 5216 Ignosce
1798 5148 1953 5214 mihi,

382 5234 538 5299 abba,
576 5249 673 5304 per
708 5235 1023 5305 Dominum;
1064 5239 1230 5293 multa
1273 5250 1329 5293 et
1377 5240 1561 5308 gravia
1605 5240 1713 5294 dixi
1763 5248 1954 5294 contra

383 5334 457 5380 te.
499 5327 609 5397 Ego
638 5327 812 5396 ipsum
841 5330 1118 5385 osculatus
1147 5332 1234 5386 aio
1266 5331 1340 5385 illi
1373 5348 1387 5386 :
1416 5329 1751 5385 Recordatur
1775 5330 1957 5385 chari-

384 5425 468 5472 tas
494 5426 606 5484 tua,
633 5416 812 5483 Pater,
852 5420 1055 5476 dixisse
1098 5430 1149 5475 te
1194 5420 1321 5475 olim
1371 5421 1499 5475 mihi
1528 5437 1543 5475 :
1577 5420 1799 5475 Multum
1832 5436 1957 5475 amo

387 5517 483 5574 te;
537 5522 731 5577 tneque
772 5511 866 5565 tibi
916 5514 1303 5581 respondisse:
1338 5510 1584 5568 Nondum
1641 5512 1817 5568 inveni
1865 5513 1954 5581 qui

397 5613 482 5655 tne
511 5607 716 5657 tantum
750 5614 956 5660 amaret
984 5614 1238 5671 quantum
1275 5620 1375 5675 ego
1420 5606 1589 5666 ipsum
1648 5603 1783 5661 Ecce
1811 5618 1956 5661 sunc

2056 4345 2254 4400 μνηται
2286 4329 2321 4399 ἡ
2350 4327 2594 4398 θεοφιλία
2629 4345 2747 4393 σου,
2767 4329 2973 4399 Πάτερ,
3012 4328 3093 4381 δτι
3128 4324 3282 4391 εἶπές
3320 4343 3438 4399 μοι·
3466 4328 3635 4382 Πολλά

2054 4417 2256 4487 ἀγαπῶ
2289 4430 2379 4470 σε’
2432 4417 2526 4471 καὶ
2569 4412 2722 4471 εἶπόν
2751 4431 2853 4470 σοι·
2900 4415 3066 4470 Οῦπω
3119 4410 3282 4487 εῦρόν
3330 4434 3459 4471 τινα
3504 4419 3633 4485 ἁγα-

2055 4511 2244 4565 πῶντά
2291 4528 2359 4583 με
2404 4512 2480 4575 ὠς
2522 4511 2722 4579 ἀγαπῶ
2762 4510 2948 4565 αὐτόν.
2994 4510 3126 4565 Ἰδοὺ
3165 4510 3263 4565 νῦν
3310 4512 3519 4580 λέγεις,
3553 4514 3630 4565 ὅτι

2066 4601 2286 4671 Ἀγαπῶ
2324 4618 2404 4653 σε’
2434 4602 2530 4655 καὶ
2560 4600 2846 4671 πείθομαι’
2881 4602 2974 4655 ἐὰν
3003 4601 3059 4654 δὲ
3088 4601 3268 4673 συμϐῇ
3302 4619 3356 4655 τι
3395 4602 3476 4672 μὴ
3516 4602 3636 4671 ἀρέ-

2058 4708 2187 4747 σκον
2224 4710 2340 4758 σοι,
2382 4694 2443 4746 οὐ
2481 4693 2659 4763 μένεις
2702 4695 2731 4745 ὁ
2771 4693 2952 4755 αὐτός.
3001 4691 3142 4760 Ἐγὼ
3171 4693 3228 4745 δὲ
3251 4733 3266 4757 ,
3301 4694 3360 4746 εἴ
3389 4711 3443 4746 τι
3483 4693 3635 4745 πάθω

2057 4780 2212 4853 παρὰ
2245 4781 2360 4847 σοῦ,
2382 4782 2443 4833 οὐ
2470 4779 2692 4833 δύναται
2718 4779 3027 4849 ἀποστῆσαι
3055 4796 3122 4848 με
3146 4779 3247 4847 τῆς
3268 4780 3499 4850 ἀγάπης
3523 4796 3633 4832 σου.

2056 4872 2505 4944 Πληροφορηθείη
2529 4874 2564 4943 ἡ
2596 4872 2791 4943 καρδία
2827 4888 2943 4934 σου,
2972 4872 3056 4923 ὅτι
3084 4869 3239 4923 οὐδὲν
3267 4870 3430 4923 ἔλαθέ
3467 4888 3537 4940 με
3564 4864 3633 4922 ὧν

2055 4964 2374 5036 λελάληκας*
2400 4963 2535 5016 ἀλλὰ
2554 4963 2650 5017 καὶ
2669 4960 2773 5017 ποῦ
2802 4963 2895 5015 καὶ
2918 4961 3055 5027 τίσι,
3076 4961 3257 5015 πάντα
3279 4962 3518 5032 ἥκουσαν
3550 4963 3635 5014 καὶ

2058 5056 2311 5110 οὐδέποτε
2335 5050 2509 5120 εἷπον,
2537 5055 2619 5108 ὅτι
2646 5055 2761 5107 Οὐκ
2788 5052 2933 5105 ἐστιν
2954 5050 3130 5115 οὓτως
3148 5070 3162 5085 ο
3186 5052 3298 5106 οὐδ’
3328 5051 3523 5105 ἔπεισέ
3555 5052 3634 5121 μοί

2052 5166 2137 5214 τις
2173 5150 2345 5203 εἰπεῖν
2390 5146 2531 5200 κατὰ
2576 5144 2694 5199 σοῦ·
2732 5144 2850 5198 ἀλλ’
2882 5142 3088 5211 ἔλεγον,
3119 5144 3203 5196 ὅτι
3249 5142 3439 5213 Ἀπερ
3469 5142 3633 5210 λέγει,

2054 5240 2228 5312 άληθῆ
2272 5239 2450 5308 λέγει,
2498 5238 2593 5292 καὶ
2637 5237 2745 5291 ἀπὸ
2779 5235 2881 5305 τῆς
2921 5233 3165 5304 ἀγάπηςο
3212 5232 3635 5303 ἰδιοποιούμενός

2056 5349 2170 5402 μοι,
2214 5330 2306 5384 καὶ
2339 5330 2400 5382 ού
2424 5327 2661 5381 διέλιπον
2703 5325 3050 5397 μεμνημένος
3084 5339 3180 5377 σου
3213 5324 3273 5376 ἐν
3298 5327 3420 5388 ταῖς
3454 5326 3635 5394 εὐχαῖς

2057 5437 2182 5490 μου.
2239 5420 2348 5473 Καὶ
2392 5419 2479 5473 ἵνα
2518 5416 2676 5483 δείξω
2724 5431 2803 5468 σοι
2853 5414 3155 5485 τεκμήριον
3197 5414 3461 5487 ἀγάπης·

2065 5513 2308 5579 ἐπόνησα
2352 5515 2443 5564 τὸν
2482 5508 2758 5579 ὀφθαλμὸν
2799 5506 3081 5577 σφοδρῶς,
3119 5506 3217 5561 καὶ
3248 5506 3519 5577 μνησθείς·
3550 5522 3633 5557 σου

2063 5603 2295 5673 ἐποίησα
2314 5603 2403 5655 τὸν
2427 5601 2677 5673 σταυρὸν,
2698 5597 2792 5651 καὶ
2808 5592 2982 5650 εἶπον·
3005 5595 3180 5673 Κύριε
3213 5596 3396 5666 Ἰησοῦ
3415 5594 3635 5666 Χρισεὲ,
3732 5584 3733 5591 “
