3864 6114
197 292 329 360 1693
1634 302 2032 374 ALLOQUIA.
3301 301 3436 367 1694

190 408 279 460 διὰ
305 407 414 461 τῶν
458 406 634 478 εὐχῶν
664 404 826 461 αὐτοῦ
877 404 1028 460 ῐασαί
1078 421 1165 477 με’
1205 403 1408 468 εὐθέως
1454 406 1645 479 ἰάθηνο
1675 410 1768 463 καὶ

1897 409 2009 463 licis
2037 427 2050 462 :
2078 399 2234 462 Amo"
2265 419 2336 471 te,
2378 418 2430 463 et
2468 409 2668 474 credo;
2719 410 2863 477 quod
2903 411 2950 464 si
2985 411 3256 480 quidpiam
3291 411 3436 464 acci-

191 497 358 551 ταῦτα
390 498 488 568 μὲν
520 499 656 569 πρὸς
679 497 772 550 τὸν
801 497 1046 566 ἀδελφόν.

1897 501 2008 553 lerit
2059 499 2152 554 tibi
2199 500 2511 567 displicens,
2546 515 2647 553 non
2680 502 3076 568 perseverabis.
3109 503 3220 571 Ego
3255 511 3432 556 autem

192 588 449 656 quidquid
489 603 520 641 a
562 597 614 642 te
649 587 845 656 patiar,
873 602 978 642 non
1019 597 1209 656 potero
1247 587 1425 640 divelli
1459 587 1526 640 ab
1570 601 1755 642 arnore
1818 589 1916 642 tui.
1963 589 2124 644 Plena
2167 591 2315 643 cordi
2407 599 2499 643 tuo
2545 588 2685 658 facta
2730 591 2861 645 lides
2899 602 3008 655 est,
3051 593 3189 646 nihil
3228 608 3312 646 me
3359 593 3434 646 Ia—

195 679 363 734 tuisse
383 693 570 733 eorum
599 693 718 746 quae
741 687 930 732 contra
962 693 1047 732 me
1069 679 1272 734 dixisti.
1301 678 1440 745 Quin
1481 685 1536 732 et
1609 679 1862 733 distincte
1928 681 2178 748 cognovi,
2212 696 2352 750 qua},
2426 681 2538 745 ubi,
2577 681 2792 749 quibus,
2837 681 3128 735 effutiveris
3178 697 3433 750 quaecun—

195 787 300 842 que
344 773 398 826 in
445 785 531 824 me
571 770 879 835 blaterasti;
933 783 1204 837 nunquam
1280 777 1461 822 tamen
1536 767 1828 837 quidquam
1869 771 2114 838 opposui,
2147 781 2238 823 aut
2268 771 2401 824 falsa
2453 785 2574 824 esse
2609 785 2730 838 qua:
2766 769 2979 825 diceres
3009 769 3288 823 aflirmavi.
3327 769 3436 822 Ne-

195 875 299 928 que
356 861 496 915 ullus
551 861 681 914 mihi
741 860 1067 928 persuadere
1123 860 1425 929 quantaevis
1483 860 1762 930 gravitatis
1831 872 2022 916 auctor
2071 864 2265 930 potuit,
2317 874 2374 917 ut
2409 863 2494 916 vel
2551 863 2772 916 verbum
2841 862 3129 916 adversmn
3177 872 3230 916 te
3263 861 3438 917 hisce-

199 971 333 1010 rem.
365 956 407 1008 E
440 955 718 1009 contrario
741 954 848 1008 dixi
879 953 1130 1008 omnibus
1153 956 1219 1007 de
1259 965 1313 1008 te
1343 973 1357 1008 :
1389 955 1519 1020 Quae
1558 955 1686 1008 dicit
1713 969 1839 1008 vera
1878 962 2023 1010 sunt.
2056 955 2218 1026 quue
2245 956 2345 1012 feci
2387 972 2452 1011 ex
2479 971 2606 1010 vera
2634 955 2708 1008 tui
2748 955 3013 1010 charitate
3041 965 3098 1009 ut
3141 955 3234 1009 tibi
3269 957 3438 1022 grati-

203 1053 410 1113 ﬁcarer,
449 1062 605 1119 teque
640 1057 698 1102 ut
748 1051 981 1104 amicmn
1050 1064 1228 1103 meum
1316 1049 1556 1117 mihique
1595 1049 1976 1104 charissimum
2008 1051 2187 1105 colere
2219 1061 2273 1105 ut
2315 1065 2562 1120 ceperam
2639 1064 2940 1120 pergerem.
2977 1046 3161 1116 Neque
3203 1063 3440 1117 unquam

201 1144 401 1199 cessavi
459 1142 726 1196 recordari
777 1142 852 1196 tui
902 1143 953 1195 in
1037 1143 1173 1196 meis
1218 1142 1595 1208 orationibus,
1648 1152 1702 1198 et
1747 1153 1805 1197 ut
1879 1145 2110 1200 indicem
2179 1145 2608 1215 experimentum
2672 1159 2929 1198 arcanum
2990 1131 3149 1196 istius
3202 1155 3330 1209 erga
3391 1149 3443 1193 te

199 1232 596 1299 perseverantis
639 1232 690 1284 in
730 1247 815 1284 me
845 1232 1126 1285 charitatis
1170 1250 1184 1284 :
1220 1247 1342 1285 cmn
1385 1232 1675 1302 aliquando
1707 1234 2008 1289 w-hementi
2055 1236 2240 1290 dolore
2281 1250 2506 1290 vexarer
2572 1235 2736 1294 oculi,
2810 1247 3016 1287 memor
3065 1233 3140 1286 tui
3210 1230 3439 1284 formavi

200 1327 375 1379 erucis
415 1327 627 1394 signum
671 1341 834 1395 super
875 1334 1080 1392 partem
1125 1325 1487 1388 laborantem,
1513 1339 1566 1380 et
1600 1328 1709 1381 dixi
1748 1351 1758 1383 :
1809 1330 2031 1384 Domine
2071 1329 2196 1385 Jesu
2267 1332 2501 1394 Christe,
2546 1345 2638 1401 per
2678 1344 2865 1398 preces
2937 1327 3106 1397 ipsius
3154 1341 3284 1380 sana
3315 1341 3440 1388 me;

200 1425 255 1472 et
287 1417 468 1470 statim
519 1425 742 1471 sanatus
789 1432 927 1471 smn.
978 1418 1043 1472 Et
1084 1419 1196 1471 lucc
1242 1419 1457 1485 quidem
1502 1421 1572 1472 illi
1615 1421 1762 1473 fratri
1809 1432 1933 1476 tunc
1965 1423 2096 1477 dixi.

271 1510 348 1562 ϐ’.
401 1508 706 1579 Ἰεἶμέμνητο
732 1509 787 1561 δέ
811 1511 839 1561 6
869 1511 1137 1580 μακάριος
1167 1513 1310 1575 τινὸς
1340 1513 1767 1582 ἀπαγγείλαντος

203 1599 364 1652 αὐτὸν
401 1599 483 1652 ὅτι
524 1595 669 1667 εἶχεν
697 1598 874 1653 ἀὸὃᾶν
901 1601 1042 1653 πάνυ
1089 1601 1411 1671 πραότατου.
1448 1604 1555 1678 Καὶ
1587 1603 1772 1669 ἔλεγεν

202 1692 284 1744 ὅτι
322 1689 410 1743 διὰ
446 1689 544 1760 τὴν
581 1691 824 1760 μεγάλην
854 1691 1020 1744 αὑτοῦ
1051 1692 1252 1762 ἀρετὴν
1283 1695 1378 1745 καὶ
1405 1693 1473 1745 τὰ
1511 1697 1711 1764 σημεῖα
1739 1692 1776 1746 ἃ.

1897 1696 2391 1750 nansnetissimum.
2453 1693 2799 1761 Addebatque
2847 1709 2861 1744 :

205 1784 364 1844 ποιεῖ,
391 1778 536 1851 εῖχεν
559 1783 718 1835 αὐτὴν
738 1783 835 1850 ὅλη
860 1785 891 1852 ἡ
925 1781 1075 1852 χώρα
1100 1784 1174 1845 ὡς
1196 1784 1424 1851 ἄγγελον
1447 1785 1514 1836 Θε
1525 1783 1607 1836 οὗ.
1638 1785 1775 1836 Ποτέ

203 1870 296 1926 οὖν
321 1872 636 1943 ἐνεργηθείς
675 1890 760 1935 τις
798 1874 903 1927 ὑπὸ
928 1875 1023 1927 τοῦ
1057 1875 1251 1944 ἐχθροῦ
1282 1875 1452 1927 ἐλθὼν
1490 1874 1775 1944 ἐξύϐρισεν

203 1961 366 2016 αὑτὸν
395 1964 660 2032 ἐσχάτως,
683 1963 902 2016 πάντων
933 1964 1260 2032 ἱσταμένων,
1289 1965 1495 2018 καὶτοῦ
1526 1967 1778 2036 γέροντος

206 2054 517 2122 στήκοντος,
545 2055 638 2106 καὶ
667 2055 1024 2124 προσέχοντος
1051 2057 1128 2117 είς
1159 2056 1218 2107 τὸ
1244 2055 1417 2125 στόμα
1453 2057 1616 2108 αὐτοῦ
1641 2096 1655 2118 ,
1687 2059 1780 2108 καὶ

204 2145 488 2211 λέγοντοςο
538 2146 713 2215 Χάρις
747 2146 881 2197 Θεοῦ
934 2147 1012 2208 εἰς
1052 2146 1110 2198 τὸ
1166 2146 1339 2215 στόμα
1385 2164 1507 2210 σου,
1545 2148 1777 2215 ἀδελφέ.

218 2237 452 2290 Ἐκείνου
495 2236 551 2290 δέ
604 2238 929 2306 μαινομένου
973 2239 1066 2289 καὶ
1118 2238 1385 2304 λέγοντος·
1426 2238 1552 2297 Ναὶ.
1608 2238 1778 2306 φαῦλε

206 2328 523 2396 φαγοπόλιε,
543 2326 712 2380 ταῦτα
740 2327 918 2394 λέγεις
949 2327 1035 2380 ἵνα
1063 2328 1221 2398 δόξῃς
1263 2330 1436 2398 πρᾶος
1466 2328 1774 2395 φαίνεσθαι·

207 2420 352 2486 λέγει
382 2421 409 2472 ὁ
449 2419 649 2489 γέρων·
687 2420 893 2482 Ὄντως
923 2419 951 2471 ὃ
991 2419 1190 2486 λέγεις,
1220 2420 1416 2488 ἁδελφέ
1451 2437 1574 2488 μου,
1607 2419 1780 2489 ἀληθῆ

205 2510 405 2578 λέγεις.
427 2509 582 2563 Μετὰ
607 2507 779 2563 ταῦτα
799 2526 880 2570 τις
901 2500 1187 2580 ἠρώτησεν
1210 2510 1372 2562 αὑτὸν
1393 2511 1588 2578 λέγων’
1622 2511 1781 2580 Ἀρτι

205 2603 308 2654 οὐκ
353 2601 694 2670 ἐταράχθης,
747 2600 1050 2668 καλόγερε;
1105 2601 1214 2653 Καὶ
1250 2601 1426 2668 λέγει·
1481 2602 1595 2655 Οὓκ
1620 2642 1634 2661 .
1668 2601 1782 2654 ἀλλ’

205 2692 382 2754 οὕτως
413 2691 660 2763 ᾐσθόμην
695 2693 794 2760 τὴν
841 2692 1018 2762 ψυχήν
1052 2710 1152 2760 μου
1181 2731 1196 2754 ,
1224 2692 1300 2754 ὡς
1351 2694 1454 2746 ὑπὸ
1479 2693 1614 2746 Θεοῦ
1660 2710 1784 2745 σκε-

208 2783 472 2851 πομένην.
509 2784 618 2835 Καὶ
660 2783 845 2851 ἔλεγεν
885 2786 914 2835 6
953 2784 1241 2853 μακάριος·
1283 2784 1530 2854 Ἀληθῶς
1575 2784 1780 2852 ὀφείλει

205 2892 290 2938 τις
312 2875 656 2944 εὐχαριστεῖν
687 2877 796 2935 τοῖς
827 2873 1114 2937 τοιούτοις.

283 3135 341 3192 ι’.
395 3137 582 3205 Ἔλεγε
632 3138 796 3190 πάλιν
836 3139 865 3190 6
913 3139 1211 3208 μακάροος,
1239 3137 1320 3188 ὃτι
1367 3137 1559 3198 Ὅντος
1599 3153 1701 3205 μου
1732 3139 1790 3188 ἐν

211 3230 562 3302 μοναστηρίῳ
592 3232 650 3282 ἐν
671 3230 834 3301 Τύρῳ
867 3231 973 3299 πρὸ
1015 3229 1108 3281 τοῦ
1144 3227 1378 3294 ἐξελθεῖν
1410 3245 1497 3297 με,
1549 3227 1792 3298 παρέὸαο

209 3323 302 3373 λεν
332 3322 463 3390 ἡμῖν
509 3337 594 3383 τις
633 3321 811 3389 γέρων
851 3320 1139 3389 ἐνάρετοςο
1169 3320 1262 3371 καὶ
1307 3317 1793 3386 ἀναγινωσκόντων

215 3409 374 3480 ἡμῶν
423 3412 503 3472 είς
548 3409 617 3461 τὰ
669 3408 1071 3478 ἀποφθέγματα
1121 3407 1228 3460 τῶν
1275 3407 1451 3474 ἁγίων
1494 3407 1788 3476 γερόντων·

212 3500 406 3570 ἠγάπα
437 3501 494 3552 δέ
518 3503 546 3554 6
590 3501 862 3570 μακάριος
892 3499 1122 3551 πάντοτε
1149 3498 1461 3570 διέρχεσθαι
1491 3496 1652 3558 αὐτὰ,
1695 3497 1789 3549 καὶ

215 3588 405 3659 σχεδὸν
436 3587 648 3640 ἐπνεεν·
692 3587 814 3640 ὅθεν
853 3587 948 3638 καὶ
986 3586 1045 3651 ἐξ
1079 3586 1255 3639 αὐτῶν
1296 3585 1658 3653 ἐκαρπώσατο
1688 3586 1793 3637 πᾶ-

214 3695 316 3730 σαν
348 3678 568 3747 ἀρετήν.
619 3676 748 3728 Ὅτε
779 3675 1014 3746 ἤλθομεν
1053 3678 1133 3737 είς
1176 3675 1268 3727 τὸν
1317 3675 1548 3744 γέροντα
1587 3676 1795 3726 ἐκεῖνον

214 3769 359 3839 πρὸς
401 3767 459 3819 ὃν
510 3766 756 3836 ἀπῆλθον
789 3768 839 3819 οἱ
873 3766 1102 3837 λῃσταὶ,
1160 3767 1258 3818 καὶ
1298 3763 1454 3818 εἷπον
1509 3765 1680 3835 αὐτῷ,
1714 3766 1794 3817 ὅτι

218 3859 404 3912 Πάντα
430 3859 498 3912 τὰ
521 3859 578 3911 ἐν
599 3861 666 3929 τῇ
691 3858 860 3928 κέλλῃ
891 3873 990 3909 σου
1014 3856 1199 3908 λαϐεῖν
1227 3840 1474 3926 θέλομεν·
1509 3858 1603 3910 καὶ
1628 3856 1795 3910 αὐτοῦ

216 3950 490 4012 εἰπόντος’
527 3951 671 4002 ὐσα
700 3949 765 4001 ἂν
798 3948 929 4017 δοκῇ
963 3947 1110 4016 ὑμῖν,
1135 3946 1321 4010 τέκνα,
1357 3945 1574 3998 λάσετε·
1605 3945 1797 3999 ἔλαϐον

215 4040 277 4093 δέ
319 4039 499 4091 πάντα
537 4040 631 4090 καὶ
661 4037 920 4107 ἀπῆλθον’
955 4035 1050 4088 καὶ
1078 4034 1374 4086 κατέλιπον
1405 4033 1462 4086 ἒν
1502 4025 1793 4088 σκαλίδιον.

223 4129 292 4182 Ὀ
321 4125 416 4181 οὖν
451 4127 631 4197 γέρων
659 4125 838 4178 λαϐὼν
872 4126 1005 4177 αὐτὸ
1043 4125 1346 4188 ὑπεδίωξεν
1398 4125 1574 4177 ὀπίσω
1621 4125 1798 4176 αὐτῶν

220 4217 362 4288 βοῶν
400 4219 495 4271 καὶ
523 4217 717 4282 λέγων’
751 4216 951 4279 Τέκνα,
983 4215 1180 4268 λὰὅετε
1208 4215 1236 4267 ὂ
1259 4214 1612 4268 ἐπελάθεσθε.
1645 4216 1708 4267 Οί
1741 4215 1797 4266 δὲ

216 4311 602 4378 θαυμάσαντες
625 4307 717 4358 ἐπὶ
740 4306 1063 4376 ἀνεξικακίᾳ
1093 4307 1187 4359 τοῦ
1250 4306 1524 4375 γέροντος,
1554 4307 1800 4358 ἀποκατ-

1949 1514 2040 1567 IX.
2083 1513 2414 1569 Memorabat
2454 1514 2594 1567 idem
2623 1511 2814 1565 beatus
2838 1513 3122 1580 quemdam
3151 1510 3252 1565 sibi
3292 1522 3444 1564 retu-

1881 1607 2027 1672 lisse,
2063 1606 2316 1660 habuisse
2354 1620 2414 1660 se
2453 1604 2699 1658 abbatem
2730 1618 2888 1671 supra
2923 1606 3136 1655 modum
3171 1601 3357 1654 mitem
3391 1610 3447 1657 et

2918 1700 3138 1760 propter
3189 1691 3444 1744 eximiam

1879 1787 1994 1855 ejus
2037 1787 2290 1839 virtutem
2350 1795 2402 1839 et
2444 1787 2595 1853 signa
2642 1797 2760 1852 qua:
2801 1781 3074 1847 faciebat,
3125 1781 3369 1835 habitum
3415 1797 3443 1832 a

1881 1879 2088 1932 cunctis
2130 1892 2227 1944 per
2261 1885 2425 1930 totam
2465 1877 2608 1928 illam
2640 1873 2913 1942 regionem
2962 1881 3020 1925 ut
3052 1871 3298 1952 angelum
3331 1872 3443 1925 Dei.

1880 1968 2186 2038 Aliquando
2231 1969 2392 2036 igitur
2442 1967 2731 2020 instinctus
2773 1965 3041 2034 quispiam
3089 1979 3118 2016 a
3165 1963 3303 2017 malo
3337 1964 3446 2016 dae-

1883 2074 2041 2112 mone
2069 2057 2256 2111 adiens
2285 2072 2405 2110 emn
2435 2054 2746 2110 fwdissimis
2777 2051 3078 2107 maledictis
3107 2061 3163 2106 et
3189 2051 3450 2106 conviciis
3517 2058 3522 2060 ’

1883 2150 2160 2218 proscidit,
2215 2147 2397 2201 multis
2457 2145 2780 2210 astantibus,
2834 2158 2964 2198 sene
3017 2144 3134 2209 ipso
3179 2151 3353 2196 stante
3398 2153 3452 2196 et

1886 2242 2020 2294 liXtts
2063 2239 2115 2292 in
2149 2254 2244 2292 ore
2275 2237 2520 2291 maledici
2565 2234 2752 2290 oculos
2801 2241 3023 2288 tenente
3046 2272 3061 2296 ,
3091 2233 3447 2301 dicenteque:

1883 2330 2066 2385 Gratia
2102 2329 2194 2383 Dei
2232 2329 2356 2382 beet
2399 2342 2460 2381 os
2519 2337 2664 2379 tuum
2721 2325 2904 2378 frater.
2949 2323 3045 2376 Illo
3076 2331 3255 2377 autem
3301 2332 3453 2377 tanto

1885 2422 2056 2490 magis
2103 2420 2282 2474 furere
2339 2427 2614 2488 pergente,
2668 2430 2731 2468 ac
2783 2411 3312 2467 dicentezProfecto
3362 2429 3455 2467 ne-

1884 2529 2042 2582 quam
2075 2519 2128 2565 et
2159 2525 2322 2564 vorax
2358 2507 2612 2572 senicule,
2655 2507 2757 2560 hoc
2795 2504 2934 2557 dicis
2973 2512 3032 2556 ut
3077 2503 3310 2558 videaris
3357 2503 3457 2555 mi-

1887 2605 1976 2656 tis.
2018 2599 2316 2668 Respondit
2363 2613 2528 2651 scnex
2565 2614 2578 2650 :
2616 2595 2686 2649 Ita
2737 2604 2821 2649 est
2860 2602 2918 2646 ut
2963 2592 3065 2654 ais,
3099 2592 3286 2644 frater.
3329 2591 3456 2645 Post

1888 2693 2001 2746 h:rc
2030 2688 2380 2758 interrogavit
2418 2686 2682 2753 quispiam
2721 2685 2891 2752 ipsmn
2926 2701 2939 2735 :
2969 2681 3082 2734 Non
3126 2696 3186 2735 es
3213 2681 3456 2735 turbatus

1887 2781 2002 2834 brcc
2046 2779 2290 2843 amliens,
2333 2778 2474 2832 b0ue
2516 2775 2720 2830 senex?
2751 2784 2806 2828 et
2837 2774 3148 2843 respondit:
3177 2773 3314 2837 Non,
3362 2774 3457 2826 sed

1889 2871 2192 2926 Sentieham
2226 2885 2346 2922 cum
2385 2878 2544 2935 gusttt
2588 2867 2778 2920 intimo
2809 2866 3043 2919 animam
3086 2880 3258 2918 meam
3297 2863 3453 2930 quasi

1891 2961 2001 3016 Deo
2024 2961 2192 3030 ipsam
2219 2960 2430 3012 fovente
2460 2966 2782 3026 pretectam.
2810 2956 2875 3008 Et
2904 2956 3038 3008 dixit
3062 2956 3250 3009 beatus
3275 2973 3290 3008 ε
3321 2954 3460 3009 Vere

1814 3032 1856 3089 (ἶ
1891 3051 2049 3105 debet
2078 3047 2198 3117 quis
2233 3047 2436 3116 gratias
2459 3063 2619 3115 agere
2649 3060 2744 3113 pro
2777 3045 2997 3099 talibus.

1963 3139 2028 3193 Χ.
2075 3139 2216 3193 Dixit
2247 3152 2431 3190 rursus
2469 3137 2694 3190 beatus:
2729 3135 2862 3188 Cum
2892 3150 3064 3188 essem
3101 3135 3151 3186 in
3189 3142 3462 3186 monaste-

1895 3235 1973 3286 rio
2006 3231 2147 3302 quod
2198 3239 2282 3284 est
2335 3229 2472 3296 apud
2505 3227 2730 3297 Tyrum,
2780 3235 3063 3294 antequam
3105 3226 3332 3290 exirem,
3370 3239 3463 3278 su-

1893 3323 2136 3394 pervenit
2166 3322 2320 3375 nobis
2360 3335 2524 3373 senex
2578 3317 2756 3370 multa:
2802 3318 3013 3373 virtutis
3050 3317 3189 3371 forte
3236 3315 3461 3386 legenti-

1895 3415 1994 3468 bus
2041 3411 2355 3466 Sententias
2411 3409 2656 3472 Patrum,
2688 3425 2792 3478 qua
2851 3409 2940 3463 ille
2997 3412 3185 3462 beatus
3233 3407 3462 3462 lectione

1895 3502 2182 3571 plurimum
2217 3499 2606 3562 delectabatur,
2633 3499 2920 3552 identidem
2962 3498 3078 3551 illas
3111 3511 3460 3564 percurrens;

1895 3593 2136 3660 adeoque
2180 3590 2292 3644 fere
2326 3590 2458 3643 nihil
2504 3577 2604 3642 nisi
2657 3590 2954 3643 doctrinam
3001 3604 3067 3643 ex
3117 3588 3185 3640 iis
3217 3587 3482 3642 haustam.

1894 3683 2106 3751 Spirans
2139 3697 2154 3733 :
2193 3679 2332 3733 unde
2382 3679 2714 3733 uberrimum
2760 3677 2990 3731 fructmn
3037 3677 3252 3740 tulerat,
3294 3676 3466 3745 plena:

1898 3771 2099 3825 notitia:
2149 3769 2484 3840 perfectique
2554 3770 2798 3823 exercitii
2872 3768 3129 3821 virtutum
3201 3768 3462 3821 omnium.

1896 3859 2122 3926 Quando
2155 3867 2334 3912 autem
2364 3858 2416 3911 in
2451 3857 2542 3911 illo
2567 3857 2755 3912 codice
2779 3854 3122 3926 pervenimus
3149 3857 3375 3925 legendo
3397 3858 3463 3908 ad

1899 3950 2070 4004 locum
2101 3949 2187 4002 ubi
2223 3957 2551 4001 memoratur
2593 3961 2754 4001 senex
2803 3946 2889 4000 ille
2922 3947 2987 4000 ad
3023 3962 3182 4015 quem
3226 3945 3465 3998 latrones

1897 4050 2161 4096 venerunt
2195 4047 2247 4094 et
2271 4040 2524 4093 dixerunt
2554 4038 2652 4107 ipsi
2687 4053 2702 4090 :
2738 4037 2931 4092 Omnia
2974 4053 3091 4106 qua:
3124 4037 3176 4090 in
3215 4036 3347 4090 cella
3379 4044 3464 4089 tua

1899 4142 2021 4185 sunt
2047 4132 2294 4184 volumus
2335 4127 2569 4183 auferre.
2625 4127 2741 4194 Quo
2771 4139 3018 4196 prompte
3061 4128 3462 4196 respondente:

1898 4222 2072 4287 Agite,
2117 4235 2210 4288 per
2243 4233 2326 4272 me
2358 4219 2502 4282 licet,
2543 4219 2686 4286 quod
2714 4218 2893 4281 vultis,
2947 4217 3079 4282 filii;
3134 4217 3206 4270 illi
3251 4225 3468 4270 strenue

1901 4313 2135 4365 corrasis
2192 4310 2458 4363 universis
2516 4309 2788 4362 abierunt.
2852 4307 3032 4362 Latuit
3087 4317 3263 4362 autem
3321 4309 3468 4375 ipsos

220 4403 468 4468 ἐστησαν
498 4398 676 4450 πάντα
698 4398 756 4448 ἐν
781 4395 858 4465 τῷ
884 4396 1078 4465 κελλίῳ
1106 4396 1292 4448 αὐτοῦ’
1309 4397 1403 4449 καὶ
1434 4401 1791 4466 μετανοήσαν-

1905 4416 2067 4454 unum
2100 4402 2510 4454 instrumentum
2555 4400 2813 4452 rusticum
2856 4399 3121 4463 sarculus,
3155 4413 3262 4468 quo
3301 4411 3466 4452 senex

217 4509 314 4555 τες
342 4487 499 4543 εἷπον
525 4489 662 4559 πρὸς
689 4487 972 4557 ἀλλήλους’
1013 4487 1250 4556 Ἀληθῶς
1271 4490 1299 4540 ὀ
1330 4487 1617 4557 ἄνθρωπος
1646 4481 1805 4552 οὗτος

219 4581 322 4635 τοῦ
363 4579 501 4633 Θεοῦ
535 4581 707 4632 ἐστιν.
765 4579 850 4641 Ὠς
883 4577 1200 4647 ἀνέγνωμεν
1239 4578 1426 4641 τοῦτο,
1470 4577 1621 4646 λέγει
1652 4581 1680 4630 6
1706 4579 1803 4643 γέ-

225 4687 361 4742 ρων·
396 4667 580 4737 Οἶδας,
611 4670 756 4723 ἀ66ἄ
783 4688 911 4739 μου·
943 4669 1100 4723 τοῦτο
1129 4670 1189 4722 τὸ
1205 4669 1535 4738 ἀπόφθεγμα
1567 4669 1708 4722 πάνυ
1737 4685 1804 4738 με

216 4762 496 4832 ὠρέλησε.
525 4763 681 4829 Λέγω
709 4761 877 4831 αὐτῷ’
923 4763 1068 4824 Πῶς,
1114 4761 1325 4831 Πάτερ;
1364 4762 1474 4813 Καὶ
1507 4759 1654 4826 λέγει
1693 4777 1803 4829 μοι.

227 4852 370 4906 ιΙοτέ
403 4852 554 4915 ὄντος
587 4869 689 4921 μου
717 4854 774 4903 ἐν
804 4854 915 4913 τοῖς
956 4851 1142 4913 τόποις
1180 4851 1322 4904 κατὰ
1359 4852 1451 4904 τὸν
1501 4851 1798 4920 Ἰορδάνην,

225 4945 472 5012 ἀνέγνων
500 4943 678 5014 “route:
708 4942 804 4996 καὶ
828 4941 1136 5011 ἐθαύμαζον
1157 4942 1246 4994 τὸν
1278 4943 1533 5012 γέρονταο
1565 4943 1662 4994 καὶ
1687 4941 1802 4992 ἔλε-

225 5054 349 5108 γον*
383 5038 556 5108 Κύριε
581 5077 598 5101 ,
629 5036 862 5100 ἀξίωσόν
901 5053 969 5106 με
1009 5037 1130 5088 κατ’
1161 5036 1308 5105 ἴχνος
1337 5037 1544 5091 τούτων
1577 5037 1805 5091 ἀκολου-

228 5131 369 5194 θεῖν,
394 5131 423 5182 6
451 5126 797 5194 καταξιώσας
832 5144 898 5197 με
929 5129 1008 5190 είς
1043 5127 1230 5196 σχῆμα
1257 5128 1436 5181 αὐτῶν
1467 5128 1663 5182 ἐλθεῖν.
1715 5129 1804 5191 Ὦς

227 5222 327 5279 οὖν
359 5220 505 5294 εἶχον
533 5222 624 5276 τὸν
653 5222 816 5276 πόθον
843 5220 1055 5284 τοῦτον,
1087 5221 1226 5289 μετὰ
1253 5218 1347 5274 δύο
1373 5223 1587 5291 ἡμέρας
1610 5221 1805 5294 λῃσταὶ

229 5313 619 5384 ’παρεγένοντο⁹
665 5312 762 5363 καὶ
807 5310 931 5362 ἐπεὶ⁹
985 5307 1255 5380 ἔκρουσαν
1309 5309 1410 5378 τὴν
1468 5309 1660 5380 θύραν,
1712 5310 1807 5362 καὶ

229 5406 407 5473 ἔγνων
454 5404 536 5456 ὅτι
577 5399 773 5472 λῃσταί
808 5401 970 5462 εἰσιν,
1018 5393 1174 5450 εἶπον
1217 5398 1465 5468 ἐμαυτιῖν
1510 5401 1684 5470 Χάρις
1731 5399 1807 5466 τῷ

230 5492 372 5563 (θεῷ,
414 5493 524 5547 ἰδοὺ
555 5491 745 5560 καιρὸς
773 5488 1114 5554 ἐνδείξασθαι
1137 5489 1228 5542 τὸν
1248 5489 1461 5558 καρπὸν
1489 5488 1580 5540 τοῦ
1615 5489 1804 5543 πόθου.

247 5585 490 5652 Ἀνοιξας
511 5583 778 5653 ἐδεξάμην
802 5585 996 5646 αὐτοὺς
1026 5581 1164 5652 μετὰ
1194 5581 1524 5651 ἱλαρότητος⁸
1551 5580 1641 5631 καὶ
1667 5579 1808 5648 ἆψας

237 5677 428 5750 λύχνον
471 5675 724 5747 ἠρξάμην
755 5673 1021 5727 δεικνύειν
1045 5673 1224 5735 αὐτοῖς
1262 5672 1330 5724 τὰ
1361 5670 1684 5739 πράγματα,
1719 5669 1805 5722 λέ-

1905 4490 1957 4544 in
2015 4504 2230 4553 manus,
2289 4496 2572 4557 postquam
2635 4489 2889 4554 advertit,
2939 4497 3174 4554 sumpto,
3229 4487 3470 4540 cucurrit

1905 4588 2026 4648 post
2064 4579 2299 4632 latrones
2333 4579 2571 4632 clamans
2613 4587 2668 4631 et
2717 4578 2940 4634 dicens:
2971 4579 3142 4631 Etiam
3187 4579 3286 4631 hoc
3327 4577 3467 4644 quod

1867 4681 2000 4725 'vos
2037 4670 2210 4733 latuit,
2257 4670 2445 4723 tollite.
2499 4668 2579 4721 Illi
2625 4678 2805 4744 autem
2856 4668 3106 4722 admirati
3155 4667 3466 4736 patientiam

1904 4764 2069 4827 senis,
2098 4762 2386 4816 redeuntes
2434 4770 2788 4830 reposuerunt
2825 4761 2876 4814 in
2911 4760 3098 4815 cellula
3129 4772 3469 4828 quaecunque

1903 4853 2274 4916 abstulerant;
2315 4861 2367 4906 et
2398 4852 2522 4904 tacti
2560 4851 2878 4919 pmnitentia
2918 4849 3146 4902 invicem
3176 4848 3466 4902 dicebant:

1908 4941 2046 4998 Vere
2097 4944 2185 4997 hic
2220 4945 2379 4997 homo
2415 4943 2508 4997 Dei
2559 4951 2664 4994 est.
2703 4940 2816 4994 Hoc
2862 4955 2984 4993 cum
3019 4941 3353 5008 legissemus,
3393 4940 3470 4993 ait

1905 5049 2069 5089 senex
2099 5033 2218 5087 ille:
2249 5031 2416 5098 Scito,
2454 5032 2522 5084 mi
2549 5031 2706 5094 abba,
2736 5032 2836 5084 hoc
2870 5031 2998 5084 mihi
3036 5031 3157 5084 boni
3185 5029 3359 5084 Patris
3387 5031 3470 5084 di-

1905 5137 2048 5183 ctum
2075 5138 2129 5183 et
2162 5127 2360 5182 factum
2406 5125 2689 5194 insigniter
2718 5124 3008 5193 profuisse.
3039 5124 3345 5191 Quomodo,
3391 5125 3474 5178 in-

1905 5232 2088 5286 quam,
2148 5215 2348 5269 Pater?
2402 5215 2467 5269 Et
2513 5214 2602 5268 ille
2649 5215 2879 5282 subjecit
2909 5232 2923 5268 :
2953 5215 3088 5269 Cum
3142 5229 3318 5270 essem
3369 5214 3472 5268 ali-

1907 5309 2121 5376 quando
2161 5305 2213 5358 iu
2243 5305 2376 5359 locis
2407 5305 2474 5358 ad
2496 5302 2786 5359 Jordanem
2835 5317 3022 5357 recens
3049 5320 3077 5356 a
3111 5301 3339 5357 lectione
3370 5304 3473 5356 hu~

1902 5397 1992 5466 jus
2026 5396 2280 5464 exempli,
2323 5405 2379 5450 et
2422 5395 2610 5463 plenus
2653 5393 3011 5448 admiratione
3039 5391 3258 5447 virtutis
3303 5392 3468 5456 senis,

1907 5487 2038 5549 dixi,
2068 5486 2232 5541 Deum
2255 5500 2418 5539 orans
2449 5503 2461 5538 :
2495 5485 2721 5555 Dignare
2752 5497 2856 5549 me,
2894 5482 3136 5547 Domine,
3173 5483 3474 5538 imitatione

1913 5575 2099 5628 talium
2125 5573 2374 5641 Patrum,
2396 5587 2624 5640 quorum
2661 5571 2789 5625 mihi
2819 5569 3135 5625 concessisti
3169 5567 3471 5623 institutmn

1910 5663 2149 5733 prolitcri
2193 5678 2259 5718 ac
2294 5671 2493 5718 vestem
2543 5661 2785 5716 induere.
2839 5656 2964 5714 Post
2991 5658 3126 5716 duos
3159 5658 3274 5714 dies
3312 5671 3472 5730 quam
