3864 6114
416 201 436 261 1
447 202 550 261 695

1734 210 1891 268 ZOSI
1903 208 2025 267 ME
2063 208 2375 267 ABBATIS

3539 204 3669 268 1696

414 310 561 369 in'eo
598 314 865 371 desiderio
897 317 1124 383 fueram,
1173 330 1437 372 venerunt
1482 319 1550 373 ad
1598 334 1682 375 me
1720 323 1980 375 latrones.

2111 337 2196 373 ’ων
2222 321 2426 383 αὐτοῖς’
2452 320 2552 391 Μὴ
2590 320 2927 390 θορυϐεῖσθε
2967 320 3206 372 πιστεύω
3234 322 3289 371 ὲν
3317 317 3551 390 Κυρίῳ,
3590 323 3671 373 ὅτι

412 406 555 470 Quos
582 406 854 475 pulsantes
888 406 1133 475 j‘lllllaln,
1180 422 1299 459 cum
1340 409 1429 475 qui
1474 419 1656 463 essent
1698 414 1980 478 cognovis-

412 512 549 560 sem,
580 497 688 550 dixi
720 498 846 551 mihi
885 498 983 564 ipsi
1016 518 1027 549 :
1063 498 1170 551 Deo
1207 500 1410 567 gratias
1439 518 1451 553 :
1487 516 1553 553 cn
1589 510 1799 567 tempus
1832 516 1982 553 mon-

412 588 620 641 strandi
652 587 883 641 fructum
918 589 1192 644 desiderii.
1246 591 1446 655 Aperte
1488 592 1650 659 igitur
1698 592 1839 645 ostio
1885 608 1979 645 cx-

414 678 531 745 cepi
561 693 653 731 eos
678 678 833 731 hilari
870 678 1041 743 vultu,
1084 688 1139 733 et
1171 694 1395 733 accensa
1435 682 1655 734 candela
1691 683 1803 747 cepi
1833 698 1983 734 inun-

415 780 589 823 strare
631 769 760 839 ipsis
787 785 871 823 res
901 784 1089 824 omnes
1120 786 1284 835 meas,
1313 772 1497 825 dicens
1529 791 1541 825 :
1571 772 1643 826 Ne
1673 772 1930 826 dubitetis
1966 790 1978 825 :

415 857 625 911 confido
668 858 719 911 in
770 860 1016 925 Domino,
1070 876 1155 914 me
1198 861 1327 913 nihil
1370 863 1516 916 vobis
1567 864 1979 918 absconsurum.

419 948 609 1003 Dicunt
657 950 727 1003 illi
782 950 912 1005 mihi
975 970 989 1005 :
1046 953 1296 1005 Habesne
1343 953 1565 1004 aurum?
1605 952 1701 1018 Ita,
1741 954 1985 1021 inquam.

423 1039 593 1094 habeo
625 1056 871 1095 nununos
907 1054 1037 1097 tres.
1072 1043 1135 1096 Et
1169 1045 1353 1111 aperui
1382 1058 1565 1095 coram
1603 1043 1680 1096 eis
1715 1044 1987 1112 capsulam

422 1128 473 1181 in
518 1144 621 1197 qua
653 1139 810 1183 erant
841 1132 1065 1185 nummi.
1095 1122 1165 1185 Iis
1216 1132 1288 1185 illi
1315 1133 1551 1199 arcentis
1594 1132 1647 1184 in
1676 1148 1805 1201 pace
1844 1133 1991 1187 abic-

422 1228 567 1273 runt.
601 1220 672 1273 Ea
706 1235 826 1273 cum
860 1236 1021 1275 senex
1054 1224 1301 1285 dixisset,
1328 1223 1528 1291 subjeci
1569 1239 1667 1290 ego
1698 1224 1943 1277 arridens
1973 1241 1987 1276 :

2078 416 2139 467 οὐ
2174 415 2247 484 μὴ
2282 413 2475 485 κρύψω
2508 413 2601 482 ἀφ’
2636 414 2788 482 ύμῶν
2816 432 2890 466 τι.
2930 412 3040 465 Καὶ
3069 412 3289 479 λέγουσι
3317 428 3446 481 μοι’
3484 413 3668 481 Ἔχεις

2078 504 2323 573 χρυσίον;
2355 504 2514 571 Λέγω
2539 503 2742 565 αὐτοῖς·
2766 504 2894 566 Ναὶ,
2921 502 3028 571 ἔχω
3052 502 3181 571 τρία
3203 502 3553 569 νομίσματα.
3570 502 3674 553 Καὶ

2080 594 2267 663 ἧνοιξα
2307 594 2499 656 σκεῦος
2529 593 2843 663 ἔμπροσθεν
2868 592 3067 651 αὐτῶν.
3104 593 3199 644 καὶ
3234 591 3509 653 λαϐόντες
3540 590 3678 644 αὐτὰ

2079 686 2321 755 ἀπῆλθον
2373 688 2487 754 μετ’
2535 686 2779 754 εἰρήνης.
2843 684 2985 751 Ἐγὼ
3035 684 3092 736 δὲ
3138 684 3674 754 χαριεντισάμενος,

2089 770 2239 826 εἷπον
2280 775 2419 843 πρὸς
2456 772 2637 827 αὐτόν’
2697 773 3097 842 Ὑπέστρεψαν,
3140 773 3216 835 ὠς
3245 774 3340 824 καὶ
3383 773 3441 823 οἱ
3481 771 3577 823 ἐπὶ
3604 770 3675 838 τῷ

2084 864 2333 933 γέροντι;
2364 866 2513 932 λέγει
2543 882 2631 933 μοι
2662 864 2882 926 εὐθέως⁸
2917 865 2992 916 Οὐ
3032 863 3107 934 μὴ
3136 864 3336 933 ποιήσῃ
3365 864 3401 914 ὁ
3426 862 3589 922 856;.-
3618 862 3675 912 οὐ

2086 957 2197 1025 γὰρ
2222 956 2381 1010 τοῦτο
2399 956 2589 1026 ἡθελον
2622 956 2709 1008 ἴνα
2732 954 3138 1025 ὑποστρέψωσιο
3170 955 3263 1006 καὶ
3288 953 3509 1020 ἔλεγεν
3551 951 3672 1005 Ἰδοὺ

2086 1047 2114 1098 6
2164 1046 2329 1109 πόθος
2378 1047 2472 1099 τοῦ
2518 1047 2772 1116 γέροντος
2811 1047 2843 1113 ἠ
2901 1046 3192 1113 ἐτοιμασία
3226 1043 3399 1096 αὐτοῦ
3436 1044 3496 1095 τι
3536 1041 3679 1109 αὐτῷ

2088 1136 2381 1205 παρέσχεν·
2405 1137 2490 1188 ὅτι
2512 1138 2572 1188 οὐ
2597 1137 2757 1207 μόνον
2775 1138 2875 1189 οὐκ
2896 1135 3164 1205 ἐλυπήθη,
3189 1135 3329 1188 ἀλλὰ
3357 1135 3463 1187 καὶ
3484 1133 3669 1202 ἐχάρη,

2088 1222 2165 1287 ὼς
2192 1224 2435 1277 τοιούτου
2466 1225 2673 1293 ἀγαθοῦ
2706 1226 3085 1290 καταξιωθείς.

423 1314 788 1369 Itedieruntne
840 1318 1161 1384 patuitentes
1196 1318 1429 1373 latrones
1460 1329 1517 1371 ut
1556 1320 1606 1371 in
1670 1300 1836 1387 priori
1878 1318 2007 1370 seni:

2111 1333 2222 1372 item
2294 1319 2595 1373 imitabaris
2642 1320 2807 1374 casu?
2853 1318 3116 1373 Celeriter
3160 1319 3407 1387 reposuit
3442 1335 3458 1371 :
3492 1316 3571 1371 Ne
3611 1317 3673 1369 si-

422 1405 555 1457 verit
607 1404 707 1458 hoc
757 1406 893 1459 Deus
920 1425 933 1461 :
963 1422 1061 1461 nec
1106 1409 1248 1460 enim
1303 1409 1441 1462 volui
1492 1411 1668 1464 redire
1714 1409 1876 1475 ipsos.
1918 1406 1987 1461 Et
2024 1409 2230 1463 addidit
2287 1409 2676 1465 ZosimaszEn
2737 1410 3063 1465 desiderium
3087 1411 3235 1465 senis
3263 1410 3436 1479 hujus
3461 1420 3518 1463 et
3550 1424 3673 1477 pra:-

422 1498 631 1562 paratio
675 1497 840 1551 animi
886 1508 1142 1565 quantum
1195 1498 1265 1550 illi
1326 1501 1548 1568 profuit,
1597 1500 1833 1554 eﬂiciens
1876 1514 1978 1553 non
2019 1500 2190 1553 solum
2232 1516 2299 1553 ne
2360 1502 2666 1556 tristaretur
2698 1502 2754 1555 in
2789 1510 2896 1553 tam
2932 1500 3084 1569 gravi
3146 1512 3300 1563 casu,
3332 1500 3437 1555 sed
3471 1499 3675 1553 lauare-

425 1599 513 1642 tur
533 1590 714 1653 etiam,
760 1592 959 1661 ingenti
1004 1608 1060 1646 se
1091 1593 1240 1646 lucro
1281 1605 1497 1648 auctum
1542 1596 1860 1648 existimans
1896 1610 1991 1663 per
2025 1596 2291 1664 iacturam
2322 1594 2505 1648 talem.

493 1683 585 1737 XI.
627 1683 875 1740 Narravit
919 1686 1046 1739 mihi
1082 1688 1266 1741 beatus
1316 1688 1538 1756 Sergius
1584 1689 1636 1742 in
1687 1690 1832 1745 hunc
1880 1705 1993 1743 mo-

2169 1689 2271 1741 IA'.
2316 1686 2623 1759 Διηγήσατό
2662 1704 2754 1755 μοι
2788 1686 3063 1758 μακάριος
3092 1686 3326 1757 Σέργιος
3354 1685 3541 1747 οὕτως
3563 1723 3579 1747 ,
3604 1685 3677 1737 ὅτι

426 1777 549 1828 dum
582 1793 595 1828 :
628 1776 929 1843 Aliquando
954 1779 1056 1831 iter
1081 1778 1366 1847 agentibus
1393 1779 1568 1842 nobis,
1595 1781 1818 1849 contigit
1854 1798 1882 1834 a
1912 1782 1997 1835 via

426 1866 681 1920 aberrare
712 1866 783 1919 ita
810 1875 866 1918 ut
894 1876 1097 1921 temere
1130 1881 1388 1935 vagantes
1420 1869 1596 1937 ignari
1621 1869 1998 1925 deveniremus

429 1956 480 2009 in
524 1971 714 2025 agrum
766 1959 1056 2023 consitum,
1107 1968 1162 2013 et
1200 1968 1314 2013 sata
1352 1962 1594 2027 qunedain
1649 1962 1998 2014 conculcare-

430 2062 570 2112 mus,
598 2062 703 2115 quo
732 2048 1109 2102 animadverso
1139 2050 1282 2117 cepit
1308 2050 1543 2117 agricola
1579 2053 1696 2120 cuja
1746 2068 1830 2105 res
1862 2063 1999 2115 erat,

431 2139 836 2193 vehementibus
872 2155 969 2194 nos
1000 2140 1296 2195 maledictis
1326 2142 1401 2194 ira
1431 2141 1645 2196 fervens
1676 2144 1948 2197 incessere
1986 2161 2000 2196 :

430 2227 561 2293 Vos,
597 2231 863 2299 inquiens,
909 2232 1181 2298 monachi,
1209 2233 1252 2286 si
1292 2233 1457 2287 Deum
1486 2235 1772 2298 timeretis,
1803 2244 2002 2289 etcum

432 2320 703 2374 haberetis
756 2331 883 2375 ante
930 2322 1136 2387 oculos,
1188 2339 1292 2375 non
1343 2324 1456 2378 haec
1497 2325 1680 2393 utique
1732 2326 2003 2380 faceretis.

433 2412 672 2465 Audiens
712 2412 861 2474 talia,
909 2414 1092 2465 statim
1128 2414 1203 2466 ait
1231 2416 1384 2468 nobis
1409 2426 1626 2469 sanctus
1653 2433 1665 2469 :
1697 2416 1797 2469 Per
1831 2415 2008 2468 Domi-

435 2517 561 2555 num
601 2516 760 2555 nemo
809 2502 1075 2571 loquatur.
1128 2501 1246 2573 Ipse
1283 2519 1442 2571 porro
1492 2494 1765 2572 respondit
1806 2506 2009 2558 rustico

435 2608 559 2647 cum
587 2594 999 2646 mansuetudine
1028 2592 1201 2648 :Verc
1236 2595 1392 2660 dicis,
1425 2596 1520 2649 fili.
1551 2596 1605 2649 Si
1637 2597 1778 2649 enim
1816 2595 1907 2658 Dei
1941 2598 2007 2647 Ii-

436 2699 553 2738 mor
598 2694 742 2738 esset
788 2686 838 2735 in
893 2684 1069 2748 nobis,
1118 2685 1258 2738 haud
1302 2700 1583 2755 ageremus
1613 2702 1730 2754 quae
1767 2686 1857 2739 tibi
1890 2686 2011 2754 jure

436 2776 737 2845 displicent.
784 2776 961 2829 Nihilo
1000 2777 1087 2829 ille
1135 2778 1313 2832 secius
1356 2795 1543 2833 rursus
1574 2794 1693 2832 cum
1733 2779 2011 2831 stomacho

437 2869 795 2922 contumelias
821 2869 1068 2938 ingessit,
1102 2869 1404 2938 iterumque
1437 2870 1581 2923 mitis
1610 2885 1769 2923 senex
1805 2886 1819 2921 :
1849 2866 2010 2932 Vera,

440 2959 631 3029 inquit,
668 2959 937 3029 loqueris;
978 2961 1022 3015 si
1058 2961 1305 3013 monachi
1346 2975 1608 3023 essemus,
1645 2960 1838 3013 talibus
1867 2961 1993 3012 abs-

442 3051 760 3104 tinereinus.
811 3050 1036 3114 Tamen,
1062 3065 1179 3116 oro,
1220 3066 1315 3118 per
1343 3050 1650 3115 Dominum,
1671 3050 1889 3118 ignosce
1920 3063 2011 3102 no-
2040 3035 2082 3091 (ἶ

440 3138 524 3194 bis
550 3141 692 3209 quod
735 3141 1102 3207 imprudentes
1134 3143 1495 3208 peccavimus.
1539 3140 1611 3193 Ea
1651 3140 1862 3194 tandem
1892 3155 2004 3194 mo-

439 3231 609 3283 destia
646 3230 900 3284 delinitus
943 3232 1200 3298 agricola,
1237 3231 1464 3300 projecit
1502 3247 1561 3286 se
1596 3232 1661 3283 ad
1708 3232 1869 3300 pedes
1899 3230 2015 3298 ejus

440 3320 624 3375 dicens
655 3338 668 3373 :
698 3319 865 3373 Parce
894 3321 1024 3373 mihi
1066 3328 1266 3375 temere
1297 3323 1495 3387 locuto,
1523 3323 1685 3387 abba,
1713 3336 1807 3388 per
1832 3320 2016 3375 Domi-

442 3426 593 3477 num,
639 3426 831 3480 meque
872 3413 982 3466 tuis
1033 3411 1303 3467 volentem
1356 3428 1607 3481 aggrega.
1660 3412 2015 3481 Addebatque

443 3502 637 3557 beatus
668 3502 930 3574 Sergius:
968 3501 1173 3556 Revera
1212 3505 1298 3557 hic
1338 3504 1499 3557 homo
1535 3518 1632 3557 nos
1670 3512 1888 3556 secutus
1930 3518 2019 3557 sa-

443 3608 593 3646 crum
626 3593 866 3646 habitum
896 3593 1147 3661 sumpsit.
1184 3592 1341 3649 Unde
1387 3592 1747 3662 subjungebat
1791 3592 1905 3645 haec
1937 3606 2021 3645 re-

446 3679 625 3737 ferens
653 3681 931 3737 Zosimas:
966 3683 1041 3735 En
1075 3684 1430 3737 mansuetudo
1474 3693 1526 3737 et
1583 3684 1821 3750 probitas
1846 3682 2022 3737 sancti

2100 1778 2238 1831 Ποτὲ
2286 1778 2578 1831 ὁδευόντων
2625 1776 2785 1847 ἡμῶν
2822 1778 2961 1846 μετά
2996 1794 3144 1840 τινος
3188 1777 3352 1845 ἁγίου
3405 1776 3675 1847 γέροντος,

2100 1869 2485 1940 ὲπλανήθημεν
2514 1870 2612 1936 τῆς
2638 1867 2782 1921 ὁδοῦ·
2815 1868 2910 1921 καὶ
2939 1867 3076 1938 μηδὲ
3114 1868 3509 1935 γινωσκόντων
3536 1866 3681 1935 ἡμῶν

2101 1958 2204 2013 ποῦ
2230 1958 2590 2035 πορευόμεθα,
2620 1957 3037 2029 ληύρέθημενγείς
3061 1958 3132 2025 τὰ
3158 1959 3433 2028 σπόριμα·
3453 1959 3549 2012 καὶ
3562 1974 3675 2009 κατ-

2102 2055 2459 2122 επατήσαμεν
2505 2052 2663 2119 ὀλίγα
2703 2052 2811 2105 τῶν
2844 2051 3151 2120 σπορίμων.
3196 2050 3543 2119 Αἰσθόμενος
3568 2050 3622 2103 δὲ
3646 2050 3673 2100 6

2103 2143 2370 2213 γεωργὸς,
2397 2142 2601 2212 ἡρξατο
2629 2142 2878 2213 ὑϐρίζειν
2907 2142 3080 2194 πολλὰ
3112 2142 3230 2212 μετ’
3263 2142 3671 2212 ὀργῆςσ⁹1’μεῐς,

2109 2236 2352 2306 μοναχοὶ,
2388 2237 2435 2287 εἰ
2468 2233 2713 2304 ἑφοϐεἶτε
2746 2234 2837 2288 τὸν
2868 2234 3023 2298 Θεὸν,
3052 2235 3146 2286 καὶ
3172 2234 3355 2303 εἴχετε
3388 2234 3553 2287 αὐτὸν
3584 2230 3676 2301 πρὸ

2105 2326 2419 2396 ὀφθαλμῶν,
2448 2326 2549 2377 οὐκ
2580 2324 2646 2378 ἂν
2678 2326 2912 2377 ἐποιεῖτε
2946 2322 3126 2377 τοῦτο.
3168 2322 3394 2387 Εὐθέως
3423 2318 3516 2375 οὖν
3542 2321 3674 2387 λέγει

2106 2422 2239 2489 ἡμῖν
2266 2420 2295 2470 6
2328 2420 2499 2485 ἆγιος·
2548 2416 2646 2468 Διὰ
2684 2415 2775 2469 τον
2822 2413 3027 2484 Κύριον
3065 2413 3258 2484 μηδεὶς
3291 2412 3543 2483 λαλήσῃ,
3581 2412 3675 2465 Καὶ

2108 2512 2293 2580 ἔλεγεν
2316 2510 2464 2579 αὐτῷ
2497 2508 2635 2578 μετὰ
2659 2506 2986 2577 πραότητος·
3018 2506 3215 2568 Καλῶς
3241 2504 3453 2572 λέγεις,
3484 2504 3672 2557 τέκνον·

2110 2605 2157 2656 εἰ
2184 2601 2293 2672 γὰρ
2323 2602 2542 2670 εἴχομεν
2576 2600 2666 2651 τὸν
2699 2597 2863 2667 φόϐον
2895 2596 2990 2650 τοῦ
3026 2596 3185 2658 θεοῦ,
3220 2596 3327 2649 οὐκ
3361 2596 3431 2649 ἂν
3481 2590 3675 2648 ἑποιοῦ-

2115 2709 2212 2763 μεν
2240 2690 2434 2744 ταῦτα.
2471 2689 2638 2741 Πάλιν
2678 2690 2887 2749 ἐκεῖνος
2926 2686 3114 2757 ὕϐριζε
3159 2686 3301 2756 μετὰ
3351 2684 3548 2756 θυμοῦ·
3589 2682 3670 2735 καὶ

2112 2782 2274 2836 πάλιν
2296 2783 2323 2834 6
2351 2782 2530 2853 γέρων
2560 2781 2764 2848 ἔλεγεν’
2810 2779 2899 2831 Ἑν
2924 2778 3151 2849 ἀληθείᾳ
3176 2778 3364 2846 λέγεις
3401 2795 3417 2808 ·
3442 2774 3689 2849 εἱνίῇμεθα,
3720 2834 3727 2837 _

2117 2873 2359 2945 μοναχοὶ,
2394 2871 2553 2925 τοῦτο
2582 2871 2683 2922 οὐκ
2711 2868 3033 2938 ἐποιοῦμεν·
3069 2868 3206 2921 ἀλλὰ
3236 2868 3328 2920 διὰ
3349 2869 3443 2921 τὸν
3473 2866 3670 2937 Κύριον,

2117 2963 2470 3033 συγχώρησον
2519 2962 2652 3030 ἡμῖν
2707 2960 2789 3011 ὅτι
2838 2957 3180 3028 ἡμάρτομεν.
3254 2957 3581 3023 Ἐκπλαγεὶς
3635 2951 3673 3003 δ’

2116 3050 2464 3112 ἐκεῖνοςοκαὶ
2514 3049 2685 3102 ἐλθὼν
2722 3048 2948 3117 ἔρριψεν
2995 3046 3187 3099 ἑαυτὸν
3231 3048 3312 3109 εἰς
3353 3048 3484 3108 τοὺς
3532 3041 3673 3101 πόδας

2120 3140 2306 3205 αὐτοῦ,
2337 3140 2529 3208 λέγων·
2560 3138 2887 3209 Συχώρησόν
2913 3154 3024 3207 μοι,
3050 3137 3216 3201 ἁϐϐᾶ,
3244 3136 3337 3189 διὰ
3356 3138 3453 3190 τὸν
3474 3134 3673 3203 Κύριον,

2122 3232 2215 3284 καὶ
2243 3229 2374 3283 λάϐε
2398 3230 2514 3298 μεθ’
2544 3228 2721 3299 ὑμῶν.
2753 3227 2862 3281 Καὶ
2884 3226 3069 3295 ἔλεγεν
3094 3227 3121 3278 6
3154 3226 3432 3295 μακάριος
3456 3224 3674 3292 Σέργιος,

2121 3321 2204 3373 ὅτι
2231 3321 2319 3373 Ἐν
2349 3319 2579 3389 ἀληθείᾳ
2624 3320 2744 3389 μεθ’
2791 3321 2951 3390 ἡμῶν
2995 3319 3334 3388 ἠκολούθησε
3363 3358 3380 3380 ,
3414 3319 3505 3371 καὶ
3532 3313 3671 3368 ἐλθὼν

2122 3409 2283 3463 ἔλαϐε
2327 3409 2388 3461 τὸ
2434 3409 2644 3478 σχῆμα.
2692 3409 2804 3462 Καὶ
2840 3408 3029 3476 ἔλεγεν
3067 3411 3097 3461 6
3147 3410 3446 3479 μακάριος·
3503 3403 3668 3469 Ἰδοὺὴ

2122 3501 2368 3572 πραότης
2400 3502 2493 3553 καὶ
2535 3500 2596 3552 τὸ
2620 3500 2823 3569 ἀληθὲς
2860 3500 2957 3553 τοῦ
2986 3501 3142 3568 άγίου
3186 3500 3238 3552 τι
3278 3500 3517 3567 ἠδυνήθη
3556 3491 3673 3564 μετὰ

2121 3590 2255 3644 Θεὸν
2297 3590 2542 3659 ποιῆσαι·
2596 3590 2692 3642 καὶ
2741 3588 2915 3642 σῶσαι
2944 3588 3120 3659 ψυχὴν
3164 3589 3288 3641 κατ’
3334 3588 3520 3641 εἰκόνα
3560 3580 3673 3635 Θεοῦ

2125 3681 2467 3752 ποιηθεῖσαν,
2500 3680 2567 3750 ἣν
2609 3680 2756 3733 θέλει
2783 3681 2810 3733 6
2848 3680 2982 3743 Θεὸς
3012 3679 3214 3747 μᾶλλον
3256 3679 3292 3749 ἦ
3340 3680 3563 3751 μυρίους
3600 3671 3671 3725 x6-

445 3774 545 3827 viri
575 3783 852 3842 quantum,
886 3773 993 3829 Deo
1015 3772 1257 3841 iuvante,
1287 3775 1922 3844 potuerit,.convertens,
1973 3787 2007 3828 θ

2131 3787 2301 3841 σμους
2336 3769 2477 3840 μετὰ
2497 3768 2607 3821 τῶν
2639 3768 2940 3838 χρημάτων
2969 3766 3173 3821 αὐτῶν.

450 3869 505 3924 in
536 3868 724 3925 salutis
758 3870 899 3923 viam
932 3869 1193 3925 inducens
1222 3870 1459 3924 animam
1503 3872 1571 3925 ad
1603 3870 1694 3925 Dei
1766 3869 2051 3939 imaginem
2092 3876 2354 3928 creatam,
2417 3878 2577 3934 quam
2634 3863 2854 3931 pra-fert
2930 3862 3074 3917 Deus
3124 3861 3427 3915 innumeris
3469 3852 3669 3913 rutundis,

447 3980 570 4021 cum
601 3966 811 4020 cunctis
837 3965 1041 4021 divitiis
1068 3966 1332 4035 ipsorum.

517 4055 634 4111 XII.
670 4057 815 4112 Dixit
860 4067 1114 4125 praeterea
1142 4069 1158 4110 :
1182 4054 1439 4111 Commisi
1482 4057 1769 4127 aliquando
1802 4057 2012 4113 libellos

450 4148 834 4204 describendos
883 4151 1091 4203 cuidam
1144 4151 1455 4205 amanuensi
1499 4150 1551 4203 in
1610 4150 1799 4220 primis
1843 4150 2014 4220 perito

452 4238 849 4310 ealligraphica:
895 4244 1049 4297 artis.
1104 4242 1171 4295 Et
1219 4242 1307 4296 ille
1348 4240 1589 4296 absoluta
1629 4241 2016 4309 descriptione,
2054 4229 2064 4237 ⁷’

2186 4055 2287 4109 IB‘.
2327 4052 2439 4106 Καὶ
2486 4050 2692 4117 ἔλεγεν,
2744 4048 2843 4123 ὅτι,
2875 4044 3015 4123 [Io-:6
3064 4042 3306 4123 ὑπέταξα
3352 4042 3525 4112 βιϐλία
3572 4038 3669 4091 τινὰ

2102 4141 2747 4225 λιαηιγράιρῳωεύφυεῖῆ
2772 4120 2875 4203 ,καὶ
2906 4118 3046 4207 μετά
3091 4118 3153 4190 τὸ
3194 4136 3415 4190 τελέσαι
3457 4134 3522 4186 τὰ
3556 4130 3670 4225 γρᾶῖ

2068 4226 2075 4230 ’
2102 4219 2291 4307 λιμμα,
2326 4236 2537 4304 πέμπει
2563 4231 2661 4286 καὶ
2682 4230 2830 4299 λέγει
2864 4244 2977 4300 μοι’
3002 4227 3140 4281 Ἰδοὺ
3168 4227 3414 4280 ἐτέλεσασ
3444 4226 3526 4278 ὅτε
3545 4219 3669 4274 δοκεῖ

453 4328 600 4384 misit
657 4331 722 4383 ad
767 4346 851 4385 me
900 4333 993 4401 qui
1053 4332 1348 4397 nuntiaret,
1393 4332 1687 4401 perfectum
1734 4332 1844 4399 jam
1889 4346 2007 4400 opus

2127 4346 2208 4382 σοι
2245 4326 2462 4397 πέμψον
2498 4326 2593 4379 καί
2620 4323 2750 4377 λάϐε
2777 4321 2939 4375 αὑτά.
2973 4318 3234 4387 Ἀδελφος
3266 4318 3327 4371 δέ
3352 4335 3440 4381 τις
3460 4313 3666 4372 ἀκούσας

451 4433 573 4475 esse
602 4438 616 4475 :
649 4423 938 4486 mitterem,
980 4424 1026 4479 si
1069 4424 1362 4489 videretur,
1405 4424 1493 4491 qui
1542 4424 1741 4492 scripta
1786 4423 2018 4478 tolleret.

457 4512 555 4568 llis
593 4514 763 4568 frater
793 4515 1011 4583 quidam
1046 4516 1265 4578 auditis,
1313 4514 1445 4569 adiit
1495 4513 1731 4582 iniussus
1768 4514 2021 4580 calligra-

455 4605 643 4674 phum,
686 4608 924 4669 nomine,
954 4618 1013 4660 ut
1065 4606 1200 4660 falso
1238 4606 1438 4669 aiebat,
1485 4606 1852 4673 mandataque
1880 4620 2017 4678 meo,

455 4707 867 4768 numeratoque,
898 4700 1040 4767 quod
1092 4708 1441 4763 convenerat,
1495 4712 1687 4751 manus
1716 4698 1913 4765 pretio,
1962 4697 2023 4749 li-

454 4788 623 4857 belles
664 4789 904 4845 abstulit.
954 4789 1063 4859 Ego
1093 4788 1313 4859 ignarus
1345 4788 1463 4856 ejus
1506 4789 1605 4849 rei.
1639 4788 1757 4841 misi
1799 4787 2022 4842 fratrem

456 4891 719 4947 nostrum,
745 4883 869 4937 dato
899 4881 972 4937 illi
1004 4881 1272 4950 epistolio,
1308 4896 1431 4935 cum
1474 4866 1723 4934 mercede
1760 4888 1918 4948 pacta
1968 4889 2025 4933 ut

455 4972 652 5041 scripta
670 4972 942 5040 acciperet
972 4972 1247 5040 ferretque
1275 4973 1341 5026 ad
1375 4986 1478 5027 me.
1506 4971 1811 5039 [intelligens
1834 4986 1899 5025 ex
1925 4971 2026 5025 hoc

456 5062 823 5132 calligraphus
854 5063 1065 5116 illusum
1112 5063 1217 5117 sibi
1262 5062 1430 5117 fuisse
1464 5079 1493 5115 a
1528 5062 1691 5129 priori
1739 5062 2023 5124 monacho,

458 5152 631 5207 iratus
671 5153 806 5206 dixit
834 5170 845 5205 :
874 5152 965 5208 Ibo
988 5153 1227 5221 profecto
1250 5164 1303 5208 et
1331 5153 1601 5208 infamabo
1624 5154 1797 5222 ipsum
1827 5154 1896 5207 ob
1921 5153 2027 5209 duo

458 5243 659 5297 nefaria
688 5260 807 5313 quae
848 5244 1063 5299 admisit
1088 5263 1100 5299 :
1125 5245 1355 5313 primum
1402 5246 1632 5300 irridens
1690 5260 1806 5311 me;
1835 5244 2027 5298 deinde

457 5348 577 5401 qua:
628 5335 696 5387 ad
745 5334 893 5388 illum
945 5350 1048 5389 non
1097 5336 1441 5403 pertinebant
1484 5335 1756 5391 auferens.
1801 5335 1869 5387 At
1926 5349 2027 5403 ego

461 5421 645 5474 audito
679 5422 804 5488 quid
852 5431 1093 5491 pararet,
1138 5423 1256 5476 misi
1305 5423 1394 5491 qui
1434 5438 1462 5477 a
1512 5439 1596 5477 me
1635 5423 1734 5490 ipsi
1781 5423 2025 5477 diceret:

462 5508 603 5573 Scis,
650 5510 815 5566 frater
861 5513 954 5578 mi,
991 5529 1088 5568 nos
1126 5528 1191 5567 co
1227 5514 1331 5567 fine
1376 5528 1692 5581 comparare
1735 5529 1799 5567 ac
1846 5523 2029 5568 tenere

464 5598 692 5665 libellos,
736 5611 793 5654 ut
827 5618 893 5657 ex
945 5605 1012 5659 iis
1063 5603 1339 5664 discamus
1390 5618 1646 5660 exercere
1678 5604 2025 5669 cbaritatcm,

2120 4417 2329 4483 ταῦτα,
2358 4415 2609 4470 ἀπελθὼν
2655 4413 2718 4478 ἐξ
2754 4410 3019 4483 ὀνόματός
3057 4426 3161 4480 μου
3210 4408 3349 4478 πρὸς
3379 4410 3470 4463 τὸν
3512 4401 3665 4457 καλλι-

2122 4510 2353 4581 γράφον,
2376 4508 2470 4562 καὶ
2497 4508 2619 4569 δοὺς
2645 4506 2705 4557 τὸ
2733 4500 3095 4575 συμφωνηθὲν
3124 4500 3323 4571 ἐλαϐεν
3347 4500 3507 4567 αὑτά.
3548 4488 3665 4581 Ἐγῷ

2125 4578 2182 4653 δὲ
2323 4600 2485 4668 γνοὺς
2530 4597 2691 4649 τοῦτο
2736 4594 2961 4664 ἔπεμψα
2992 4592 3222 4660 ἀδελφὸν
3255 4592 3523 4663 ἡμέτερον
3550 4578 3664 4653 μετά

2124 4691 2470 4762 γραμμάτων
2510 4689 2629 4751 σὺν
2652 4687 2745 4758 ,τῷ
2784 4686 2971 4757 κόπῳο,
2999 4685 3141 4739 ὥστε
3169 4684 3365 4737 λαϐεῖν
3410 4680 3552 4736 αὐτὰ.
3594 4672 3667 4729 Ὦς

2123 4778 2216 4836 οὖν
2248 4781 2391 4850 ἔγνω
2423 4782 2451 4834 6
2489 4779 2862 4850 καλλιγράφος
2892 4780 2975 4831 ὅτι
3012 4774 3313 4846 ἐνεπαίχθη
3339 4774 3451 4827 ἀπὸ
3472 4767 3558 4822 τῸῦ
3588 4764 3659 4813 λα’

2125 4874 2312 4937 ϐόντος
2333 4873 2491 4938 αὐτὰ,
2517 4872 2816 4944 ταραχθεὶς
2844 4868 3018 4925 εἶπεν
3045 4871 3254 4932 Ὄντως
3275 4868 3570 4938 ἀπέρχομαι
3585 4854 3660 4909 καὶ

2125 4963 2333 5033 ἁηδίσω
2362 4962 2523 5016 αὐτὸν
2548 4964 2692 5015 κατὰ
2722 4960 2815 5014 δύο
2844 4960 3082 5029 τρόπους
3104 4996 3119 5021 ,
3152 4958 3236 5011 ὅτι
3284 4950 3532 5026 ἐχλεύασέ
3574 4958 3656 5014 με.

2126 5057 2222 5110 καὶ
2250 5058 2333 5110 ὅτι
2360 5055 2520 5108 ἔλαϐε
2563 5054 2634 5107 τὰ
2677 5054 2752 5125 μὴ
2780 5054 2908 5106 ὄντα
2946 5051 3134 5105 αὑτοῦ.
3181 5050 3333 5118 Ἐγὼ
3370 5048 3429 5102 δὲ
3453 5039 3652 5099 ἁκυῦσας

2125 5147 2301 5211 τοῦτο,
2346 5146 2567 5215 πέμψας
2603 5141 2757 5197 εἷπον
2786 5143 2958 5211 αὐτῷ’
2985 5138 3168 5207 οἶδας,
3203 5140 3403 5208 ἀδελφέ
3445 5150 3567 5225 μ’ουῖ
3583 5128 3631 5225 δῖ

2126 5239 2217 5292 διὰ
2259 5239 2435 5302 τοῦτο,
2471 5236 2729 5307 κτώμεθα
2770 5234 2985 5303 βιϐλία.
3017 5233 3105 5287 ινα
3139 5230 3402 5301 μάθωμεν
3428 5227 3482 5293 ἐξ
3517 5221 3657 5307 αὐτῶν

2130 5330 2372 5399 ἀγάπην,
2400 5304 2744 5390 ταπείνωσιν,
2768 5326 3069 5397 πραότητα,
3092 5326 3339 5394 εἰρήνην·
3369 5323 3414 5375 εἰ
3431 5319 3483 5373 δὲ
3506 5304 3655 5399 ἡάρχὴ

2130 5395 2230 5490 τῆς
2260 5395 2507 5490 κέήσεως
2534 5416 2647 5469 τῶν
2675 5395 2897 5487 βιϐλίων
2929 5416 3077 5486 μάχη
3107 5417 3281 5479 εστιν,
3305 5414 3371 5467 οὐ
3408 5407 3529 5464 θέλω
3552 5395 3653 5490 agt-

2133 5485 2614 5577 cdeﬂatvﬂtmfow
2658 5485 2751 5559 τιαὶ
2787 5485 2949 5575 μόνον
2998 5504 3073 5573 μὴ
3117 5503 3465 5572 μαχήσομαι·
3510 5485 3653 5545 δοῦλον

2132 5601 2241 5673 γὰρ
2272 5598 2559 5671 Κυρίου,οὐ
2583 5598 2663 5651 δεῖ
2686 5594 2973 5667 μάχεσθαι.
3009 5592 3140 5647 Ἰδοὺ
3161 5588 3256 5648 οὖν
3288 5581 3652 5658 καταφρονήσας
