3864 6114
268 203 403 273 1691

261 319 358 372 τοῦ
400 320 642 390 βιϐλίου,
687 315 916 394 ἐποίησα
959 323 1035 395 μὴ
1083 325 1362 389 παντελῶς
1407 327 1700 400 ὀχληθῆναι

260 411 509 480 ἀδελφόν.

1702 172 2114 298 ALLOQUIA.

1744 333 1904 406 r6vA
1940 335 2334 398 humilitatem,
2401 340 2903 407 mansuetudinem,
2959 358 3166 415 pacem.
3220 345 3276 402 Si
3327 313 3504 407 auteiu

3373 238 3507 306 1698

1937 425 2149 478 initium
2200 429 2560 496 possessionis
2603 430 2906 487 libellorum
2939 435 3058 490 rixa
3107 445 3190 492 est
3219 437 3363 509 :jam
3410 455 3507 497 eos

259 503 385 558 nolo
427 504 664 560 habere:
700 521 810 573 quo
835 506 916 561 sic
963 508 1124 561 vilem
1156 509 1368 563 rixandi
1419 513 1826 568 necessitatem.
1907 517 2136 571 Servum
2205 523 2402 592 quippe
2435 525 2642 578 Domini
2678 526 2842 584 rixari
2894 542 2998 584 non
3051 534 3323 589 convenit.
3363 535 3506 590 Con-

259 607 455 666 templa
482 600 662 667 igitur,
694 610 750 654 et
785 601 1003 670 insuper
1038 603 1219 656 habita
1258 603 1380 658 libri
1403 605 1637 674 jactura,
1671 607 1828 662 effeci.
1867 627 1930 665 ne
1962 614 2219 670 molestiae
2248 619 2539 687 quidquam
2569 619 2928 677 facesseretur
2957 624 3030 678 illi
3066 626 3242 681 fratri.
3321 609 3324 612 6

327 690 429 742 Il".
494 689 603 742 Kal
646 689 832 759 ἔλεγεν
875 693 906 744 6
959 693 1156 758 αὐτὸς,
1206 695 1289 747 ὅτι
1355 695 1633 765 Ἀκηκοὼς
1683 699 1837 770 παρᾶ

255 791 401 840 τινος
425 778 710 848 ἀγαπητοῦ
742 797 832 848 μοι
867 782 1123 850 μοναχοῦ,
1155 783 1236 835 ὅτι
1269 783 1392 852 ἔσχε
1424 784 1545 837 τινὰ
1588 785 1836 840 διάκονον

255 869 540 940 ἀγαπητὸν
578 869 680 940 τῆς
722 870 928 940 λαύρας
975 871 1071 924 τού
1117 872 1266 925 ἀὸϐᾶ
1328 873 1636 945 Γερασίμου
1675 893 1692 908 ο
1739 878 1834 930 καὶ

254 960 355 1012 οὐκ
376 955 493 1014 οῖδα
523 959 684 1013 πόθεν
712 960 868 1030 ἔσχεν
900 963 978 1024 είς
1004 962 1106 1032 ἐμὲ
1132 963 1386 1016 ὑπόνοιαν
1413 965 1540 1032 περὶ
1577 967 1832 1036 πράγμα·

253 1071 347 1116 τος
360 1055 616 1122 φέροντος
638 1055 785 1123 αύτῷ
797 1054 994 1123 λύπην,
1023 1056 1116 1108 καὶ
1137 1055 1338 1126 ἤρξατο
1367 1057 1684 1125 στυγνάζειν
1712 1077 1825 1128 μοι.

265 1142 410 1196 Ἰδὼν
426 1143 585 1198 αὐτὸν
611 1143 720 1212 ἐγὼ
749 1146 992 1209 στυγνὸν,
1017 1145 1276 1215 ἠρώτησα
1297 1145 1488 1214 μαθεῖν
1509 1146 1608 1215 τὴν
1627 1147 1826 1200 αἰτίανο

255 1236 346 1288 καὶ
374 1234 521 1302 λέγει
557 1251 667 1304 μοι,
697 1235 777 1286 ὅτι
807 1234 1021 1296 Τόδε,τὸ
1048 1226 1278 1304 πρᾶγμα
1317 1235 1600 1306 ἐποίησας·
1634 1235 1744 1304 ἐγὼ
1771 1237 1826 1288 δὲ

257 1325 332 1394 μὴ
389 1323 645 1387 συνειδὼς
698 1325 938 1394 ἐμαυτὸν
984 1326 1224 1378 τοιοῦτον
1293 1329 1524 1397 πρᾶγμα
1571 1328 1825 1396 ποιῆσαι,

254 1413 506 1486 ἠρξάμην
538 1418 900 1487 πληροφορεῖν
924 1417 1106 1470 αὐτόν.
1133 1417 1238 1470 Καὶ
1272 1418 1420 1483 λέγει
1456 1432 1569 1488 μοι’
1604 1418 1830 1489 Συγχώ-

256 1506 422 1576 ρησόν
449 1523 558 1576 μοι’
583 1507 642 1559 ού
669 1507 1136 1578 πληροφορΟὗμαι.
1179 1509 1567 1579 Ἀναχωρήσας
1595 1507 1688 1563 οὖν
1713 1508 1826 1577 ὲγὼ

251 1600 333 1661 είς
380 1597 441 1650 τὸ
481 1599 694 1652 κελλίον
741 1615 839 1668 μου
862 1639 876 1661 ,
922 1599 1178 1668 ἠρξάμην
1207 1601 1434 1670 ὲρευνᾷν
1465 1601 1562 1669 τὴν
1597 1601 1823 1671 καρδίαν

242 1707 392 1758 μου,
426 1691 475 1748 εί
522 1689 762 1742 τοιοῦτον
808 1690 1067 1760 πέπραχα
1101 1691 1353 1760 πρᾶγμα·
1390 1690 1484 1742 καὶ
1533 1690 1630 1760 οὐχ
1677 1691 1826 1760 εὔρι-

251 1796 399 1834 σκον.
427 1781 618 1833 Βλέπω
648 1777 740 1834 οὖν
781 1781 946 1834 αύτὸν
982 1782 1281 1851 κατέχοντα
1319 1781 1579 1850 ποτήριον
1621 1781 1715 1833 καὶ
1743 1781 1825 1833 δι-

244 1871 446 1924 δόντα’
497 1873 589 1924 καὶ
638 1870 852 1941 ὤμνυον
887 1871 1036 1940 αὐτῷ
1081 1873 1138 1922 ὲν
1185 1870 1336 1940 αύτῷ
1373 1871 1456 1924 ὅτι
1496 1871 1558 1922 ού
1608 1872 1824 1925 σύνοιδα

247 1959 488 2029 ἐμαυτὸν
520 1959 733 2013 τοιοῦτο
773 1961 1017 2029 ποιῆσαι.
1051 1961 1163 2013 Οὐκ
1209 1959 1457 2028 ἐπείσθη.
1500 1959 1702 2012 Ἐλθὼν
1729 1955 1822 2014 οὖν

247 2050 413 2112 πάλιν
445 2053 524 2112 είς
553 2050 807 2119 ὲμαυτὸν,
845 2051 937 2102 καὶ
971 2051 1230 2120 μνησθεὶς
1277 2049 1385 2102 τῶν
1416 2050 1587 2118 λόγων
1619 2050 1823 2105 τούτων

243 2141 351 2194 τῶν
369 2140 560 2209 ἁγίων,
598 2142 689 2214 ml
714 2141 1008 2204 πιστεύσας
1033 2143 1232 2203 αὐτοῖς.
1265 2141 1479 2210 στρέφω
1511 2142 1705 2210 μικρὸν
1731 2141 1822 2196 τὸν

243 2231 504 2301 λογισμόν
537 2249 661 2300 μου,
697 2233 789 2284 καὶ
808 2232 950 2298 λέγω
975 2231 1214 2302 ἐμαυτῷ·
1232 2233 1291 2285 '0
1315 2233 1555 2295 διάκονος
1585 2233 1822 2300 γνησίως

244 2324 435 2394 ἀγαπᾷ
476 2339 565 2393 με·
599 2323 692 2375 καὶ
723 2323 780 2387 ἐξ
823 2324 1042 2392 ἀγάπης
1072 2325 1383 2394 κινούμενος
1410 2324 1690 2395 ἐθάρρησέ
1729 2341 1818 2394 μοι

242 2413 274 2465 ὃ
300 2413 444 2484 εἶχεν
473 2416 506 2481 ἡ
537 2413 732 2483 καρδία
765 2413 928 2465 αὐτοῦ
960 2417 1086 2482 περὶ
1113 2415 1247 2484 ἐμοῦ
1272 2454 1287 2478 ,
1317 2415 1402 2468 ἵνα
1430 2416 1584 2485 νήψω
1609 2417 1701 2469 καὶ
1723 2416 1820 2468 τοῦ

244 2503 436 2558 λοιποῦ
480 2502 735 2572 φυλάξω,
774 2500 865 2555 καὶ
914 2504 988 2572 μὴ
1038 2505 1248 2574 ποιήσω
1292 2506 1443 2558 αύτὸ·
1494 2507 1635 2577 πλὴν
1673 2506 1819 2578 ψυχὴ

245 2593 407 2647 ἀθλία
428 2633 442 2658 ,
468 2593 653 2663 ἐπειδὴ
679 2592 877 2661 λέγεις,
935 2595 1016 2646 ὃτι
1052 2595 1163 2646 Οὐκ
1206 2596 1437 2666 ἐποίησα
1501 2597 1562 2648 τὸ
1590 2598 1820 2667 πρᾶγμα

241 2685 424 2738 τοῦτο·
473 2685 837 2754 μυρία.κακὰ
892 2686 1207 2756 πέπρακταί
1258 2704 1378 2750 σοι,
1423 2689 1516 2740 καὶ
1553 2688 1817 2741 ἐπελάθου

244 2778 446 2831 αὐτῶν·
487 2776 589 2829 ποῦ
632 2779 770 2831 εἰσιν
802 2776 837 2830 ἃ.
865 2776 1130 2846 ἐποίησας
1162 2777 1289 2846 χθὲς
1317 2778 1349 2848 ἦ
1378 2779 1485 2850 πρὸ
1519 2779 1652 2832 δέκα
1681 2782 1818 2850 ἡμε-

247 2865 390 2935 ρῶν;
431 2865 698 2936 μέμνησαι
734 2865 946 2932 αύτῶν;
979 2865 1185 2918 Οὐκοῦν
1213 2869 1307 2919 καὶ
1335 2868 1492 2919 τοῦτο
1532 2868 1814 2937 ἐποίησας,

2012 705 2144 761 XIII.
2193 708 2481 764 Referebat
2522 722 2576 765 et
2610 713 2710 766 hoc
2746 712 2884 767 idem
2915 715 3156 771 Zosimas
3191 738 3204 772 :
3236 719 3428 775 Audivi
3473 735 3506 776 e

1937 788 2168 864 quodam
2212 801 2341 852 mihi
2375 801 2572 855 dilecto
2609 802 2896 870 monacho,
2948 820 3068 860 cum
3103 809 3306 864 diceret
3335 826 3349 863 :
3381 810 3504 865 Fuit

1938 888 2066 940 tnihi
2096 905 2220 943 usus
2245 890 2525 946 familiaris
2556 893 2808 948 amicitia:
2841 913 2964 949 cum
2993 899 3219 952 diacono
3249 901 3502 969 quopiam

1935 977 2099 1032 laura:
2132 981 2344 1035 abbatis
2377 984 2643 1037 Gerasimi
2677 1000 2690 1038 :
2725 986 2810 1038 cui
2869 989 3079 1053 oborta,
3117 991 3299 1043 nescio
3339 991 3500 1055 unde,

1935 1072 2168 1135 suspicio
2193 1083 2380 1126 contra
2417 1089 2501 1128 me
2535 1083 2638 1140 est,
2673 1078 2825 1144 quasi
2851 1078 3102 1146 quiddam
3135 1082 3361 1149 egissem
3395 1083 3497 1152 ipsi

1937 1158 2216 1214 molestum
2248 1179 2260 1214 :
2288 1165 2426 1216 umle
2470 1165 2636 1231 coepit
2672 1168 2992 1221 contrahere
3026 1169 3077 1222 in
3125 1172 3227 1224 mei
3273 1187 3500 1229 occursu

1931 1248 2182 1314 frontem,
2237 1251 2437 1305 vultum
2483 1255 2744 1309 exhibens
2797 1257 2992 1313 minaci
3051 1260 3269 1315 tristitia
3327 1265 3500 1319 turbi-

1923 1338 2070 1392 dum.
2101 1341 2155 1393 Id
2185 1341 2618 1398 animadvertens
2656 1345 2797 1399 ultro
2828 1347 3153 1420 interrogavi
3189 1351 3486 1416 hominem.

1925 1443 2019 1482 cur
2055 1445 2138 1482 me
2165 1429 2236 1483 ita
2275 1441 2424 1485 torve
2468 1433 2808 1489 intueretur?
2835 1435 3031 1492 Fassus
3053 1442 3237 1494 Statim
3269 1458 3487 1498 causam

1924 1528 2029 1584 est,
2065 1521 2215 1574 aiens
2247 1523 2518 1590 quidpiam
2556 1539 2584 1576 a
2632 1540 2715 1579 me
2747 1537 2934 1581 contra
2987 1543 3046 1583 se
3081 1529 3306 1598 factum,
3349 1533 3500 1602 cujus

1927 1610 2069 1664 nulla
2115 1613 2244 1665 mihi
2293 1629 2423 1666 sane
2456 1616 2711 1670 metuoria
2746 1619 2828 1672 vel
2863 1620 3193 1675 conscientia
3238 1630 3493 1680 restaret.

1926 1701 2108 1768 Itaque
2153 1703 2334 1757 nutltis
2378 1705 2557 1760 verbis
2611 1707 2829 1762 incubui
2876 1710 2941 1762 ad
2991 1725 3164 1765 meam
3206 1712 3280 1767 illi
3328 1730 3356 1767 a
3406 1716 3497 1769 tali

1925 1792 2141 1859 quidem
2166 1792 2319 1862 culpa
2340 1795 2704 1850 innocentiam
2731 1801 3179 1866 persuadendum.
3208 1801 3311 1857 Sed
3335 1807 3499 1859 surdo

1924 1882 2131 1945 cecini;
2185 1899 2306 1936 nam
2354 1899 2448 1937 sua
2499 1899 2558 1939 se
2610 1886 2888 1942 involvens
2949 1891 3212 1945 tristitia:
3243 1892 3492 1962 Ignosce,

1926 1971 2185 2038 reposuit,
2225 1971 2379 2027 fidem
2409 1987 2513 2028 non
2547 1973 2701 2030 facis.
2733 1975 3033 2046 Regressus
3059 1979 3185 2035 hinc
3231 1983 3286 2035 in
3318 1999 3493 2036 meant

1925 2058 2170 2112 cellulam
2220 2060 2339 2114 dedi
2393 2076 2477 2115 me
2507 2061 2573 2115 ad
2621 2063 3100 2133 introspicieudutn
3146 2070 3358 2137 penitus
3402 2085 3496 2125 cor

1925 2161 2124 2213 meum,
2156 2159 2211 2203 et
2255 2151 2402 2206 nullo
2432 2153 2500 2206 ibi
2532 2153 2759 2221 vesdgio
2792 2156 2915 2210 talis
2956 2172 2984 2209 a
3028 2173 3112 2211 me
3153 2159 3380 2214 consciti
3411 2176 3497 2215 re-

1925 2244 2076 2303 perto
2107 2234 2384 2302 facinoris,
2424 2239 2597 2295 factus
2635 2244 2896 2307 securior,
2947 2260 3069 2299 cum
3115 2247 3274 2300 istum
3310 2250 3496 2305 diaco-
3572 2312 3585 2318 ,

1924 2338 2052 2376 num
2081 2325 2316 2379 viderem
2351 2335 2622 2382 tenentem
2661 2331 2880 2385 calicem
2915 2347 3072 2400 quem
3123 2335 3490 2400 ministrabat,

1915 2411 2092 2480 jnravi
2121 2431 2215 2483 per
2242 2416 2388 2469 illum
2435 2419 2576 2471 haud
2604 2434 2724 2474 esse
2765 2423 2893 2476 mihi
2927 2438 3012 2477 me
3059 2428 3334 2481 conscium
3378 2430 3496 2497 ejus

1921 2505 2064 2571 quod
2117 2504 2420 2573 objectabat
2465 2507 2613 2561 facti.
2659 2506 2736 2562 Ne
2777 2518 2887 2563 tum
2928 2512 3146 2581 quidem
3191 2517 3493 2584 acquievit,

1924 2605 2102 2648 motus
2126 2611 2256 2665 ergo
2285 2608 2529 2652 revertor
2553 2598 2619 2653 ad
2655 2616 2738 2655 nte
2775 2601 2968 2668 ipsum,
2995 2617 3203 2658 memor
3232 2611 3484 2678 praecepti

1914 2684 2155 2752 juhentis
2209 2689 2546 2742 reconciliari
2609 2690 2762 2744 fratri
2815 2693 3032 2746 babenti
3077 2694 3279 2764 aliquid
3309 2699 3496 2752 adver-

1921 2788 2039 2827 sum
2079 2791 2176 2828 nos
2219 2777 2422 2829 :aliant
2457 2779 2586 2832 inivi
2634 2779 2708 2834 rei
2735 2780 2854 2848 ejus
2885 2784 3151 2838 tentanda:
3196 2786 3486 2853 rationem,
3587 2845 3590 2847 ς

1922 2877 2103 2936 partes
2130 2867 2321 2921 offensi
2358 2877 2542 2923 contra
2577 2871 2839 2941 meipsum
2871 2889 3090 2930 sumens
3113 2915 3129 2941 ,
3164 2877 3351 2947 sicque
3389 2895 3495 2932 tne-
3522 2942 3529 2947 _

243 2956 319 3020 ὡς
343 2958 546 3020 ἐκεῖνα,
576 2959 669 3010 καὶ
696 2957 886 3019 ἔλαθες
926 2957 1003 3019 ὡς
1035 2959 1128 3011 καὶ
1163 2958 1232 3011 τὰ
1256 2958 1475 3027 πρῶτα·
1520 2959 1616 3012 καὶ
1647 2959 1818 3030 ὴρξάο

1923 2973 2044 3011 cum
2090 2967 2385 3026 reputans:
2423 2959 2690 3016 Diaconos
2733 2962 2836 3017 iSle
2883 2975 3029 3020 amat
3067 2981 3172 3030 me,
3214 2977 3268 3020 et
3312 2979 3494 3023 motus

247 3067 358 3118 μην
381 3049 723 3118 εὐχαριστεῖν
765 3047 843 3118 τῷ
879 3048 998 3118 Θεῷ
1022 3089 1036 3113 ,
1087 3049 1181 3101 καὶ
1227 3048 1305 3119 τῷ
1338 3049 1570 3118 διακόνῳ
1590 3089 1605 3114 ,
1635 3051 1716 3102 ὅτι
1745 3050 1812 3102 δι’

246 3141 415 3194 αὐτοῦ
433 3140 634 3209 ἠξίωσέ
670 3158 735 3210 με
758 3141 889 3204 Θεὸς
913 3141 1210 3208 ἐπιγνῶναι
1241 3141 1305 3194 τὸ
1337 3141 1558 3211 σφάλμα
1590 3158 1691 3211 μου
1722 3141 1815 3194 καὶ¹

248 3230 577 3298 μετανοῆσαι
624 3231 754 3299 περὶ
790 3228 978 3281 αὐτού.
1013 3228 1274 3290 Ἀναστὰς
1317 3224 1412 3281 οὖν
1459 3230 1517 3282 ὲν
1555 3228 1812 3292 τοιούτοις

244 3321 550 3389 λογισμοῖς,
579 3316 741 3390 ἦλθον
778 3321 1108 3388 μετανοῆσαι
1145 3318 1221 3389 τῷ
1252 3319 1503 3388 διακόνῳ,
1533 3319 1628 3372 καὶ
1652 3321 1819 3390 εὐχα-

247 3413 505 3484 ριστῆσαι
534 3413 701 3483 αύτῷ·
728 3414 820 3466 καὶ
840 3413 1076 3482 ἔκρουσα
1105 3413 1189 3475 είς
1211 3413 1308 3482 τὴν
1339 3413 1530 3483 θύραν·
1562 3413 1660 3465 καὶ
1681 3412 1819 3466 ἀνοίο

247 3503 344 3567 ξας
375 3502 559 3572 βάλλει
605 3520 694 3572 μοι
726 3503 1016 3572 μετάνοιαν
1040 3503 1252 3572 πρῶτος
1292 3501 1483 3570 λέγων⁹
1509 3503 1819 3573 ,Συγχώρη-

246 3596 340 3648 σόν
370 3611 458 3664 μοι
483 3596 563 3649 ὅτι
586 3595 689 3647 ὑπὸ
703 3595 972 3664 δαιμόνων
1002 3594 1333 3664 ὲχλευάσθην
1354 3595 1657 3664 ὑπονοήσας
1683 3595 1818 3664 περὶ

249 3682 346 3736 σοῦ
376 3683 456 3745 είς
481 3682 542 3736 τὸ
573 3685 803 3752 πρᾶγμα
865 3683 1068 3735 ὲκεῖνω
1111 3684 1168 3734 ὲν
1196 3681 1424 3752 ἀληθείᾳ
1450 3682 1557 3750 γὰρ
1583 3682 1817 3752 ἐπληρο-

245 3772 454 3843 φόρησέ
494 3787 585 3841 μοι
627 3774 656 3825 6
691 3771 842 3837 Θεὸς,
874 3772 954 3824 ὅτι
985 3772 1083 3824 οὐκ
1109 3771 1250 3840 ἔχεις
1284 3775 1536 3842 πρᾶγμα’
1569 3773 1664 3825 καὶ
1696 3771 1818 3824 οὐδὲ

243 3864 426 3932 ἀφῆκέ
477 3879 546 3932 με
587 3862 998 3934 πληροφορῆσαι
1055 3862 1237 3925 αὑτὸν,
1290 3861 1484 3929 λέγων’
1535 3862 1647 3914 Οὐκ
1697 3861 1813 3914 ἔστι

246 3955 425 4025 χρεία.
466 3954 573 4010 Καὶ
605 3953 790 4021 ἔλεγεν
825 3954 854 4004 6
907 3952 1196 4024 μακάριος·
1253 3952 1386 4006 Ἰδοὺ
1422 3954 1455 4022 ἡ
1488 3953 1686 4022 γνησία
1718 3969 1814 4005 τα-

245 4046 506 4108 πείνωσις
550 4045 667 4108 πῶς
713 4045 929 4114 διέθηκε
965 4044 1062 4116 τὴν
1106 4043 1334 4115 καρδίαν
1387 4044 1484 4097 τοῦ
1527 4043 1818 4105 ποθοῦντος

243 4135 437 4203 αὑτήν.
469 4134 574 4186 Σὺν
605 4131 778 4203 τούτῳ
801 4133 859 4186 δὲ
885 4134 1160 4204 ἐμέμνητο
1192 4133 1286 4185 καὶ
1316 4131 1410 4185 τοῦ
1442 4134 1694 4203 γέροντος
1720 4131 1817 4185 τοῦ

245 4226 616 4294 κλεπτομένου
664 4223 772 4276 ὑπὸ
799 4224 892 4275 τοῦ
923 4223 1264 4291 γειτνιῶντος
1298 4222 1479 4285 αὑτὸν,
1533 4223 1616 4274 ὅτι
1661 4221 1816 4284 εἰδὼς

1922 3049 2186 3102 charitate
2218 3049 2466 3102 fiduciam
2494 3054 2724 3119 sumpsit
2745 3053 3049 3110 elfuudendi
3090 3072 3184 3110 cor
3209 3072 3364 3113 suum
3396 3077 3490 3114 ac-

1916 3140 2156 3192 cusando
2187 3143 2329 3208 quod
2365 3155 2394 3193 a
2443 3157 2526 3195 me
2562 3156 2840 3210 perperam
2884 3155 3061 3198 actum
3112 3147 3379 3215 queritur.
3433 3149 3488 3203 Si

1917 3227 2146 3293 sapiam,
2195 3228 2398 3282 cavebo
2448 3243 2514 3282 ne
2549 3229 2786 3286 ulteriori
2817 3235 3214 3300 perseverantia
3259 3241 3486 3304 negandi

1917 3315 2104 3372 offensi
2137 3317 2488 3387 pertinaciam
2524 3320 2754 3376 irritetn.
2799 3323 2990 3377 Vitabo
3027 3324 3078 3378 id
3117 3338 3378 3394 quantum
3432 3329 3482 3382 in

1919 3421 2004 3459 me
2032 3397 2168 3472 erit;
2195 3415 2269 3469 et,
2297 3407 2340 3462 si
2365 3421 2608 3476 possum,
2636 3409 2691 3463 in
2720 3409 2839 3477 ejus
2868 3413 3192 3467 sententiam
3223 3418 3483 3473 transibo.

1918 3496 2055 3562 Quid
2088 3497 2365 3551 enimvero
2395 3507 2600 3553 tantum
2637 3500 2829 3555 niteris
2859 3503 3164 3557 testimonio
3202 3508 3490 3561 conscien-

1921 3588 2008 3641 tite
2052 3587 2232 3642 anima
2289 3605 2406 3643 mea
2445 3593 2642 3645 misera
2671 3628 2688 3655 ,
2735 3595 2878 3661 quod
2916 3594 3096 3662 lapsus
3141 3594 3278 3649 forte
3315 3597 3493 3665 potius

1918 3689 2001 3731 est
2050 3680 2362 3733 tnetnoriaz?
2392 3680 2673 3736 Innumera
2704 3686 3023 3753 perpetrasti
3069 3688 3208 3740 mala
3251 3703 3486 3756 quorum

1918 3782 1976 3820 es
2017 3768 2257 3822 funditus
2299 3769 2502 3822 oblita.
2562 3769 2811 3825 Fortasse
2843 3775 2987 3827 istud
3029 3789 3243 3843 quoque
3272 3777 3486 3841 feceris,

1919 3857 2011 3912 sed
2052 3867 2103 3910 te
2149 3857 2264 3924 ejus
2307 3861 2609 3914 recordatio
2655 3862 2872 3930 fugerit.
2907 3865 2983 3916 Ac
3033 3866 3319 3931 quiescens
3361 3868 3487 3922 huic

1917 3949 2097 4004 sensui
2127 3949 2244 4016 cepi
2289 3957 2343 4000 et
2376 3948 2486 4002 Deo
2528 3960 2584 4003 et
2633 3952 2878 4006 ministro
2907 3955 3109 4022 gratias
3139 3945 3320 4025 agere,
3353 3973 3489 4026 quo-

1921 4039 2060 4091 uiam
2101 4048 2228 4092 nutu
2263 4038 2422 4104 illius,
2463 4038 2622 4106 hujus
2651 4055 2833 4108 opera,
2869 4045 3013 4097 velut
3053 4049 3480 4114 supplementum

1919 4132 2274 4184 adhibebatur
2300 4132 2480 4186 oblita!
2507 4133 2855 4188 conscientiae
2891 4137 2959 4190 ad
3001 4137 3212 4206 culpam
3247 4139 3484 4208 ignotam

1919 4222 2141 4276 salutari
2173 4221 2456 4275 eluendum
2500 4224 2844 4289 poenitentia.
2883 4225 3076 4280 Plenus
3102 4241 3166 4280 eo
3199 4243 3360 4283 sensu
3398 4246 3488 4282 ac-

243 4317 344 4370 οὐκ
372 4315 601 4386 ῆλεγξεν
626 4313 786 4367 αὐτόν
815 4329 946 4365 ποτε
972 4329 986 4342 ·
1013 4313 1148 4367 ἀλλὰ
1174 4313 1269 4366 καὶ
1302 4313 1687 4384 περισσότερον
1711 4313 1819 4384 εἰρ-

1929 4313 2067 4366 cessi
2105 4315 2171 4363 ad
2209 4312 2401 4365 cellam
2432 4313 2659 4378 famuli;
2697 4323 2752 4366 at
2778 4315 2986 4382 pulsato
3026 4318 3186 4383 ostio,
3233 4333 3356 4372 cum
3399 4319 3488 4373 ille

244 4407 483 4473 γάζετο,
523 4401 617 4455 καί
663 4417 814 4471 φησι·
867 4403 1020 4471 Τάχα
1065 4403 1255 4472 χρείαν
1303 4402 1415 4470 ἔχει
1465 4404 1493 4454 6
1540 4402 1806 4470 ἀδελφὸςο

255 4494 564 4566 Ἐθαύμαζε
598 4493 667 4545 τὰ
697 4493 978 4562 σπλάγχνα
1010 4493 1118 4545 τῶν
1151 4492 1322 4559 ἁγίων
1364 4492 1459 4544 καὶ
1517 4491 1814 4560 διηγήσατο

244 4589 438 4656 λέγων,
467 4587 549 4638 ὃτι
580 4585 715 4638 Ποτὲ
747 4586 1036 4652 γενόμενος
1069 4585 1126 4636 ὲν
1175 4586 1240 4654 τῇ
1279 4582 1486 4634 πεδιάδι
1518 4582 1816 4651 διηγήσατό

247 4679 339 4748 μοί
370 4696 453 4740 τις
480 4676 588 4729 τῶν
620 4675 957 4744 ἡγουμένων,
989 4675 1072 4726 ὅτι
1109 4675 1338 4744 Ἔμενεν
1371 4673 1536 4741 ἐγγὺς
1567 4673 1662 4724 τοῦ
1697 4689 1813 4724 κοι-

245 4771 425 4824 νοϐίου
451 4769 607 4837 ἡμῶν
637 4767 816 4837 γέρων
860 4782 963 4828 τις·
1009 4761 1077 4834 ἦν
1129 4765 1186 4818 δὲ
1222 4766 1580 4834 ἁγαθωτατης
1615 4762 1813 4832 ψυχῆς

245 4859 547 4928 ὲγειτνίαζε
600 4860 656 4911 δὲ
705 4857 951 4926 ἀδελφός·
998 4856 1094 4908 καὶ
1143 4857 1376 4918 ἀπόντος
1417 4855 1510 4907 τού
1565 4854 1818 4922 γέροντος

244 4951 492 5020 ἐγερθεὶς
533 4953 562 5003 ὁ
593 4950 818 5018 ἁδελφὸς
864 4949 1042 5020 ἤνοιξε
1099 4948 1196 5019 τὴν
1225 4948 1419 5000 κὲλλαν
1469 4945 1634 4998 αὐτοῦ
1661 4984 1676 5006 ,
1721 4944 1818 4996 καὶ

244 5042 502 5096 είσελθὼν
544 5041 701 5109 ἓλαῦε
727 5041 797 5093 τὰ
847 5041 1014 5109 σκεύη
1060 5038 1224 5092 αὑτοῦ
1264 5037 1452 5090 καὶτὰ
1484 5036 1683 5106 βιϐλία.
1729 5035 1817 5095 Ὠς

243 5131 338 5189 οὖν
362 5131 527 5202 ἦλθεν
550 5105 788 5202 ίγέρων
819 5105 1030 5194 ἀνοίξας
1058 5130 1118 5182 τὸ
1152 5129 1378 5193 κελλίον,
1406 5105 1499 5180 καί
1533 5127 1607 5197 μὴ
1640 5124 1816 5195 εὑρὼν

244 5230 312 5281 τὰ
345 5227 515 5295 σκεύη
546 5226 736 5286 αὑτοῦ,
776 5221 906 5295 ἦλθε
940 5227 1075 5296 πρὸς
1120 5227 1208 5278 τὸν
1245 5224 1470 5291 ἀδελφὸν
1500 5222 1810 5290 ἀναγγεῖλαι

245 5317 415 5388 αὐτῷ·
451 5312 608 5387 εὗρεν
638 5318 820 5386 ἀκμὴν
847 5317 937 5370 οὖν
967 5317 1034 5368 τὰ
1064 5316 1229 5384 σκεύη
1264 5314 1425 5367 αὐτοῦ
1450 5316 1505 5365 ἐν
1534 5314 1610 5381 τῷ
1643 5312 1810 5379 μέσῳ

243 5407 398 5461 οὔπω
425 5407 530 5477 γὰρ
567 5402 633 5476 ἦν
686 5408 714 5458 6
760 5406 985 5477 ἀδελφὸς
1034 5405 1318 5466 συστείλας
1369 5403 1542 5455 αὐτὰ·
1590 5402 1682 5452 καὶ
1739 5400 1814 5468 μὴ

245 5500 413 5553 θέλων
470 5499 500 5549 ὁ
537 5497 713 5567 γέρων
765 5492 1124 5562 καταισχῦναι
1171 5492 1330 5545 αὑτὸν
1382 5491 1515 5560 μηδὲ
1563 5488 1813 5555 ἐλέγξαι,

246 5589 683 5661 προσεποιήσατο
737 5586 819 5637 ὅτι
878 5584 1059 5647 ἔνυξεν
1107 5582 1295 5634 ἑαυτὸν
1353 5583 1385 5650 ἠ
1434 5580 1662 5648 γαστήρο
1720 5579 1812 5630 καὶ

1927 4405 2225 4471 aperuisset
2257 4441 2272 4466 ,
2307 4403 2455 4472 prior
2485 4406 2773 4472 prostravit
2807 4423 2867 4460 se
2891 4421 3072 4462 coram
3103 4424 3188 4464 me
3216 4410 3485 4480 pteuiten-

1916 4492 2044 4543 tiam
2073 4491 2370 4559 postulans,
2395 4499 2450 4545 et
2476 4493 2659 4548 dicens
2687 4512 2701 4548 :
2741 4493 2963 4563 Ignosce
2991 4497 3145 4561 mihi,
3175 4500 3426 4565 quoniam
3452 4515 3482 4552 a

1915 4580 2250 4633 daeutonihus
2283 4580 2470 4634 illusus
2499 4595 2616 4633 sum
2655 4581 2794 4636 male
2825 4583 3106 4652 suspicans
3131 4583 3196 4636 de
3221 4594 3293 4636 te.
3320 4583 3485 4638 Plane

1917 4671 2208 4737 siquidem,
2259 4670 2594 4725 illuminatns
2617 4671 2726 4738 jam
2775 4688 2807 4725 a
2854 4674 2982 4739 Deo,
3019 4683 3351 4741 perspectam
3389 4675 3482 4728 ha—

1917 4761 2018 4813 beo
2059 4760 2425 4814 innocentiam
2463 4761 2605 4814 circa
2653 4762 2756 4814 hoc
2801 4772 2968 4815 tuam.
3003 4762 3093 4816 Sic
3130 4762 3218 4816 ille
3269 4777 3356 4817 me
3382 4778 3484 4816 vo-

1917 4851 2120 4904 lentem
2184 4868 2471 4914 excursare,
2519 4862 2674 4921 prout
2725 4861 2944 4920 paratus
3003 4868 3254 4906 veneram
3305 4856 3485 4908 renuit

1918 4943 2124 5004 audire,
2155 4943 2308 4995 aiens
2336 4958 2468 5010 Opus
2496 4957 2598 4996 nou
2629 4958 2768 4996 esse.
2800 4943 2976 5009 Super
3005 4943 3090 4996 his
3121 4945 3484 5012 pronuntians

1917 5033 2108 5086 beatus
2154 5031 2397 5086 Zosimas
2433 5033 2566 5084 dixit
2595 5051 2609 5085 :
2639 5032 2712 5085 Eu
2753 5047 3031 5101 quousque
3082 5032 3312 5101 perpulit
3356 5047 3479 5088 vera

1899 5124 2191 5177 humilitas
2240 5137 2333 5176 cor
2374 5122 2731 5176 desiderantis
2774 5123 2968 5190 ipsam.
3007 5122 3137 5175 Cum
3187 5121 3288 5174 hoc
3331 5137 3484 5176 men-

1919 5215 2121 5268 .ionem
2169 5213 2454 5281 conjunxit
2492 5214 2638 5266 senis
2681 5213 2948 5280 compilali
3005 5229 3036 5266 a
3089 5212 3307 5277 vicino,
3369 5213 3484 5281 ipso

1916 5307 2150 5372 sciente,
2181 5314 2234 5356 et
2277 5320 2381 5358 tton
2428 5306 2583 5358 tuodo
2613 5319 2718 5356 non
2756 5315 3020 5371 querente
3047 5313 3141 5356 aut
3170 5312 3480 5365 accusante,

1917 5397 2011 5449 sed
2053 5407 2106 5449 et
2141 5398 2394 5463 impense
2442 5393 2653 5446 favente
2700 5411 2762 5448 ac
2813 5393 3182 5448 benefaciente
3226 5409 3324 5449 suo
3377 5393 3481 5448 sibi

1920 5484 2202 5538 notissimo
2227 5481 2511 5550 expilatori
2541 5497 2556 5545 ;
2589 5495 2652 5534 eo
2671 5483 2812 5551 quod
2850 5482 3023 5548 ipsum
3053 5496 3317 5536 excusans
3341 5483 3479 5549 apud

1918 5590 1974 5630 se
2013 5575 2372 5644 persuasisset
2403 5572 2526 5636 sibi,
2565 5573 2700 5626 citra
2746 5572 2954 5640 culpam
3005 5571 3054 5623 id
3089 5571 3154 5625 ab
3186 5585 3250 5624 eo
3279 5571 3476 5645 factum
