3864 6114
476 187 614 254 1699
1592 175 1889 236 ZOSIM/E
1911 172 2231 233 QBBATIS
2264 168 2659 241 ALLOQUIA.
3514 154 3607 223 1700

474 300 664 353 ultima
690 295 901 353 scilicet
934 292 1003 347 ad
1042 292 1095 345 id
1128 290 1374 359 adigente
1407 286 1833 341 necessariorum
1859 284 1926 337 ad
1957 282 2037 335 vi-

2150 278 2388 332 άπελθὼν
2426 279 2639 348 ἔμεινεν
2673 276 2751 337 εἰς
2783 272 2851 328 τὰ
2877 272 3152 341 ἀναγκαῖα
3183 270 3361 338 ἱκανὴν
3382 268 3610 339 rimamini;

474 400 586 440 tam
626 394 884 453 egestate.
937 382 991 436 lu
1030 394 1136 449 quo
1187 356 1460 433 admirans
1502 374 1744 428 Zosimas
1792 370 2039 439 exempla

2150 362 2202 419 οὗ
2242 366 2493 436 συπεξλῃ
2527 366 2557 416 ό
2587 362 2811 430 ἀδελφὸς
2854 362 2917 414 ἐκ
2944 361 3040 413 τοῦ
3086 360 3247 431 μέσον
3275 359 3339 411 τὰ
3372 356 3611 424 καὶ

470 486 595 539 quae
623 445 799 523 sancti
837 445 1113 521 dedissent
1139 463 1417 519 visceralis
1464 463 1518 516 iii
1550 474 1903 529 quoscunque
1939 459 2043 511 mi-

2150 456 2364 510 ἐλοὼνό
2388 455 2564 524 γέρων
2586 452 2789 523 ἤρξατο
2815 450 2994 503 λαλεῖν
3023 448 3176 518 αὐτῴ
3198 449 3319 516 περὶ
3338 446 3475 499 ἄλλον
3495 445 3615 512 πρᾶτ’

476 558 800 621 sericordize,
829 571 1055 610 narrans
1074 556 1343 610 referebat
1368 554 1420 608 in
1449 552 1593 606 hunc
1623 552 1837 603 modum
1862 566 1877 603 :
1906 547 2040 604 Cum

2150 563 2331 619 ματος·
2374 547 2502 615 περὶ
2540 544 2597 596 δὲ
2628 542 2736 595 τῶν
2768 541 2975 593 σκευῶν
3006 541 3108 592 οὐκ
3135 536 3369 607 ἤλεγξεν.
3390 533 3499 587 Μεθ’
3523 534 3615 601 ἡμέ-

3725 58 3727 105 i

3718 126 3728 178 l

474 666 649 703 essem
705 651 755 701 iii
804 648 1202 716 campestribus
1258 645 1499 698 narravit
1556 644 1685 697 mihi
1735 641 1954 711 quidam
2010 655 2042 694 e

474 740 798 809 praepositis,
833 739 1111 793 habitasse
1162 752 1327 805 prope
1384 736 1690 790 coenobium
1742 734 1913 801 ipsius
1950 746 2043 786 se-

477 846 600 882 nem
646 829 933 897 quemdam
986 828 1387 895 benignissima
1434 826 1669 879 animm:
1702 824 1788 877 cui
1832 824 2043 878 vicinus

478 919 706 987 degebat
733 918 874 972 alius
909 916 1098 971 frater.
1138 915 1236 969 llic
1268 916 1555 970 instinctus
1582 928 1612 966 a
1644 913 1785 965 malo
1826 911 2041 980 spiritu,

476 1018 689 1076 i-aptato
722 1019 985 1075 tempore,
1011 1024 1132 1063 cum
1180 1010 1372 1062 aberat
1405 1022 1434 1059 a
1475 1007 1609 1059 cella
1644 1019 1827 1067 senex,
1869 1004 2041 1070 ipsam

479 1102 754 1167 ingressus
802 1110 996 1152 ciiiicta
1050 1097 1169 1166 ejus
1222 1112 1345 1149 vasa
1392 1109 1447 1149 et
1501 1095 1673 1157 libros
1715 1091 2041 1161 exportavit.

481 1189 748 1243 lteversus
797 1190 969 1241 bonus
1004 1203 1190 1251 senex,
1225 1198 1279 1240 et
1315 1188 1590 1240 admirans
1631 1198 1750 1237 eam
1789 1182 2044 1236 exinani-

479 1293 611 1348 tam,
656 1281 894 1334 cucurrit
935 1279 999 1331 ad
1060 1279 1317 1340 vicinum,
1371 1292 1483 1330 rem
1542 1275 1615 1329 illi
1660 1289 1760 1343 pro
1804 1273 2042 1326 amicitia

476 1375 938 1429 comunicaturus.
972 1374 1039 1424 At
1066 1385 1193 1424 ecce
1226 1369 1534 1437 ingrediens
1570 1367 1717 1420 videt
1766 1366 1817 1418 in
1865 1364 2040 1418 medio

481 1480 566 1520 res
614 1480 763 1527 suas,
812 1464 1048 1517 nondum
1083 1462 1226 1515 enim
1262 1460 1381 1514 illas
1425 1459 1508 1511 fiir
1536 1467 1781 1525 potuerat
1816 1458 1867 1510 in
1917 1470 2045 1524 apo-

480 1556 666 1608 thecas
709 1552 1034 1615 recondere;
1068 1560 1231 1618 atque
1276 1548 1411 1603 adeo
1448 1549 1499 1600 iii
1549 1548 1649 1601 hoc
1683 1547 1799 1613 ipso
1839 1545 2047 1599 labora-

2144 650 2244 710 ρας
2267 638 2322 691 δὲ
2349 635 2762 707 ἐγνωρίσθησαν
2788 634 2857 686 τὰ
2892 631 3062 699 σκεύη
3086 630 3179 682 τοῦ
3199 629 3445 699 γέροντος,
3466 625 3539 677 καὶ
3555 624 3617 675 λα-

2142 732 2327 793 ϐόντες
2353 728 2497 793 τινὲς
2525 727 2688 780 αὐτὸν
2717 725 2906 778 ἔϐαλον
2945 726 3024 786 εἰς
3049 722 3159 791 {xliv
3184 719 3431 789 φυλακὴν,
3463 716 3536 769 τοῦ
3556 715 3617 782 γέ-

2146 836 2330 890 ροντος
2362 820 2438 888 μὴ
2476 815 2759 887 μαθόντος.
2799 813 3065 874 ’Δκούσας
3098 810 3157 862 δὲ
3197 810 3318 879 περὶ
3345 807 3428 859 τοῦ
3453 804 3618 890 ἁδελοοῦ

2143 911 2226 963 ὅτι
2263 911 2320 971 ἐς
2346 909 2607 980 εφυλακήν
2632 909 2800 969 ἐστιν,
2831 906 2929 957 οὐκ
2948 903 3067 973 ᾔδει
3109 903 3206 971 τὴν
3242 898 3405 951 αἰτίαν
3432 896 3484 947 δε
3507 895 3555 963 ἣν
3574 889 3617 961 ἦν

2145 1004 2222 1065 εἰς
2243 1003 2341 1071 τὴν
2363 1000 2627 1070 φυλακήν·
2654 998 2767 1051 ἀλλ’
2789 996 2958 1049 ἐλθὼν
2980 993 3149 1063 φησὶν
3167 995 3195 1045 ό
3218 990 3500 1059 ἡγούμενος.
3522 988 3618 1053 Πρός

2148 1109 2216 1162 με
2277 1090 2614 1154 ἐπυκνάζετο
2636 1091 2745 1160 γάρ
2771 1089 2904 1160 πρὸς
2926 1084 3134 1156 ἡμᾶς),
3161 1082 3301 1149 λέγει
3326 1092 3425 1150 μοι·
3456 1077 3617 1162 Ποὲηςον

2145 1160 2387 1251 άγάττην·
2432 1180 2523 1241 δός
2574 1196 2665 1247 μοι
2696 1178 2854 1244 ὀλίγα
2890 1175 2972 1227 ὠά
3002 1174 3096 1225 καὶ
3136 1171 3284 1236 ὀλίγα
3328 1160 3619 1233 καθαράΛὶοὶ

2143 1272 2289 1339 λέγω
2321 1269 2488 1339 αὐτῷ·
2522 1270 2746 1330 Πάντως
2774 1268 2917 1337 ἔχεις
2942 1262 3065 1316 τινά
3094 1262 3350 1330 σήμερονς
3381 1256 3513 1321 Λέγει
3536 1267 3616 1321 μοι·

2144 1364 2274 1417 Ναί·
2300 1358 2369 1432 ἦν
2396 1362 2454 1414 δὲ
2486 1360 2665 1414 λαϐὼν
2700 1358 2841 1413 αὐτὰ
2883 1358 2912 1409 ὁ
2954 1356 3135 1424 γέρων
3174 1352 3256 1403 ἵνα
3284 1348 3432 1402 ἐλθὼν
3466 1346 3527 1406 εἰς
3556 1342 3619 1432 τὴν

2146 1431 2415 1524 φυλακὴν,
2464 1454 2671 1523 ποιήσῃ
2704 1450 3056 1521 παράκλησιν
3097 1444 3175 1514 τῷ
3217 1439 3427 1509 ἀδελφῷ.
3475 1438 3540 1496 Ὧς
3562 1431 3620 1485 οὖν

2146 1546 2393 1617 εἰσῆλθεν
2418 1547 2496 1606 εἰς
2523 1545 2619 1615 τὴν
2641 1543 2910 1613 φυλακὴν,
2942 1541 3137 1593 πίπτει
3166 1541 3193 1591 ὁ
3220 1536 3422 1604 ἁδελφὸς
3450 1535 3513 1593 εἰς
3536 1531 3619 1586 τοῦς

480 1647 590 1697 bat.
637 1642 848 1697 Veritus
892 1642 1128 1696 clemens
1180 1655 1344 1694 senex
1388 1654 1510 1693 eum
1561 1638 1763 1706 pudore
1806 1637 2041 1699 allicere,

2150 1638 2314 1701 πόδας
2350 1637 2515 1690 αὑτοῦ
2543 1638 2635 1688 καὶ
2665 1636 2810 1703 λέγει
2835 1632 3007 1703 αὐτῷ·
3037 1634 3135 1683 Διὰ
3166 1631 3224 1682 σέ
3254 1631 3357 1697 εἰμι
3381 1620 3483 1687 ὦδε,
3509 1620 3618 1674 ἀὸὁᾶ·

483 1733 635 1787 tinxit
666 1733 881 1802 egregie
909 1730 1261 1786 dissimulans
1304 1730 1466 1798 pungi
1519 1727 1787 1782 desiderio
1830 1724 2043 1780 levandi

2150 1728 2262 1797 ἐγὼ
2293 1729 2401 1798 γάρ
2435 1731 2552 1799 εἰμι
2576 1729 2605 1780 ὁ
2648 1726 2852 1794 κλέψας
2881 1726 2952 1777 τὰ
2999 1723 3168 1792 σκεύη
3214 1736 3318 1774 σου⁸
3350 1718 3449 1772 ἀλλ’
3483 1715 3561 1767 ἰδοὺ
3582 1710 3620 1762 τὸ

482 1826 705 1890 ventris,
744 1833 793 1878 et
842 1823 1014 1878 locum
1042 1822 1089 1875 ei
1133 1822 1209 1875 rei
1242 1820 1533 1889 sepositum
1581 1820 1877 1887 ingressus,
1921 1826 2044 1870 tati-

2153 1820 2359 1891 βιϐλίον
2383 1836 2477 1872 σου
2504 1820 2658 1889 παρὰ
2677 1817 2812 1888 τῷδέ
2846 1819 2987 1881 ἐστι,
3024 1819 3120 1869 καὶ
3141 1815 3200 1867 τὸ
3223 1812 3411 1883 ἱμάτιόν
3431 1826 3505 1860 σου
3522 1803 3621 1871 παρὰ

480 1917 569 1968 diu
605 1915 712 1969 illic
732 1914 887 1968 haesit
921 1914 1095 1982 quoad
1130 1912 1300 1966 sensit
1325 1910 1526 1964 furtum
1555 1925 1714 1964 omne
1734 1909 1844 1977 jam
1873 1924 1901 1961 a
1934 1908 2045 1962 fra-

2152 1908 2310 1978 τῷδε.
2335 1909 2497 1975 Λέγει
2522 1907 2672 1976 αὑτῷ
2702 1909 2731 1959 ὁ
2751 1908 2952 1977 γέρων.
2992 1902 3412 1986 Πληροςρρρηθείη
3438 1901 3464 1968 ἡ
3487 1894 3620 1986 καρδία

482 2015 562 2059 tre
589 2004 756 2059 fuisse
792 2004 844 2057 iii
873 2003 1106 2057 latebras
1148 2002 1446 2056 Conditum.
1477 1998 1631 2054 Tunc
1676 2016 1926 2053 reversus
1958 2014 2046 2053 se-

2154 2015 2270 2064 σου,
2294 2000 2502 2062 τέκνον,
2533 1999 2594 2050 οὐ
2628 1998 2716 2051 διὰ
2743 1998 2901 2050 τοῦτο
2922 1996 3191 2067 εἰσῆλθον.
3222 1985 3322 2046 οὐδ’
3350 1992 3462 2051 ὅλως
3484 1985 3619 2055 ἔμαθον

482 2110 584 2147 nex
617 2096 682 2146 de
715 2093 823 2145 alio
864 2092 1077 2162 negotio
1113 2090 1272 2145 solita
1313 2089 1685 2144 familiaritate
1723 2104 1843 2143 cum
1873 2089 2049 2142 vicino

2150 2089 2227 2143 ὄτι
2251 2090 2321 2143 δι’
2356 2090 2457 2160 ἐμὲ
2483 2085 2585 2143 ὧδε
2644 2089 2758 2142 ἀλλ’
2785 2088 3028 2151 ἀκούσας
3064 2088 3146 2141 ὅτι
3173 2082 3271 2139 ὧδε
3302 2077 3366 2146 εἴ,
3406 2081 3482 2133 καὶ
3512 2078 3621 2162 λυτη-

480 2186 611 2253 egit.
654 2182 766 2237 Non
811 2182 959 2236 multi
1008 2182 1131 2237 inde
1178 2182 1293 2236 dies
1322 2179 1641 2235 ellluxerant
1676 2196 1795 2233 cum
1828 2180 1894 2233 ab
1927 2178 2049 2234 aliis

2150 2177 2283 2241 θεὶς,
2315 2157 2569 2248 εἰαῆλθον
2591 2178 2815 2247 ποιῆσαι
2848 2194 2934 2229 σοι
2968 2176 3323 2247 παράκλησιν·
3356 2171 3437 2224 καὶ
3458 2157 3619 2219 ἰδοὺῶὅε

482 2274 708 2342 aliisque
734 2273 878 2326 clare
924 2273 1103 2341 agnita
1132 2272 1185 2325 in
1222 2271 1383 2326 vieini
1422 2270 1556 2326 cella
1591 2271 1739 2323 senis
1765 2284 1892 2323 vasa
1935 2282 2041 2321 nio-

2150 2269 2215 2322 τά
2250 2269 2334 2322 ὠά
2363 2270 2457 2321 καὶ
2503 2270 2572 2323 τὰ
2613 2268 2850 2338 καθαρά·
2895 2267 2995 2320 νῦν
3042 2266 3137 2319 οὖν
3182 2265 3346 2317 πάντα
3371 2259 3533 2327 ποιήςω
3552 2254 3620 2313 ἕως

483 2366 674 2409 verunt
723 2357 981 2425 quosdam
1047 2357 1414 2426 indignatione
1452 2357 1749 2425 justissima
1809 2357 1876 2409 ad
1922 2370 2042 2409 scc-

484 2446 564 2498 liis
592 2445 933 2499 iudicandum
960 2445 1163 2513 judici;
1196 2448 1288 2515 qui
1325 2446 1498 2501 furem
1529 2446 1869 2499 manifestum
1900 2463 2048 2501 como

2166 2450 2395 2503 εκάλεσέ
2433 2468 2584 2514 τινας
2613 2450 2719 2504 τῶν
2748 2450 3026 2520 μεγάλων·
3053 2445 3120 2519 ἦν
3146 2447 3247 2517 γὰρ
3279 2441 3476 2513 γνωστὸς
3498 2436 3617 2494 αὑτάς

483 2536 738 2602 prehendi
788 2552 852 2591 ac
891 2537 1068 2591 claudi
1100 2551 1319 2592 carcere
1368 2538 1601 2602 curavit,
1648 2553 1778 2591 sene
1828 2552 2049 2606 prorsus

2151 2540 2237 2592 διὰ·
2258 2541 2356 2610 τὴν
2378 2541 2577 2611 ἀρετὴν
2604 2542 2789 2595 αὑτοῦ·
2817 2541 2914 2595 καὶ
2942 2541 3250 2611 πέμψαντες
3272 2532 3482 2602 ἐξέϐαλον
3504 2524 3610 2581 αὐτὸν

483 2626 672 2681 inscio.
708 2626 886 2680 Famae
929 2637 1107 2681 autem
1144 2627 1345 2682 indicio
1390 2627 1622 2696 vulgaris
1664 2627 1889 2681 audietis
1925 2628 2049 2681 atti-

2155 2631 2263 2684 ἀπὸ
2292 2631 2393 2701 τῆς
2422 2631 2691 2700 φυλακῆς.

484 2720 597 2772 neri
643 2719 888 2774 custodia
970 2721 1232 2785 fratrem,
1278 2721 1347 2776 ob
1392 2735 1614 2776 causam
1659 2721 1897 2789 ignotam
1951 2722 2091 2791 sibi,
2130 2726 2279 2778 venit
2316 2727 2379 2779 ad
2452 2738 2764 2781 narrantem
2812 2726 2927 2779 Iitec
2974 2727 3089 2795 ipsa
3139 2720 3351 2775 cmnohii
3393 2711 3615 2785 praefectum

483 2816 700 2883 quicum
744 2817 1041 2885 provicinia
1086 2831 1243 2871 usum
1296 2817 1522 2871 multum
1574 2818 1810 2873 habebat
1886 2820 2093 2874 crebrae
2131 2821 2541 2887 veiititationis,
2590 2832 2645 2876 et
2693 2823 2829 2876 dixit
2876 2841 2890 2876 :
2948 2821 3060 2876 Fac
3112 2817 3431 2874 cbaritetem.
3484 2806 3612 2861 Ρθῐεΐί

482 2908 761 2960 commoda
820 2907 950 2960 mihi
999 2921 1097 2959 uva
1157 2922 1324 2975 pauca
1367 2917 1417 2961 et
1461 2908 1702 2962 cathara.
1758 2906 2026 2977 Respondi
2090 2925 2191 2979 ego
2250 2911 2485 2980 (dicebat
2538 2913 2913 2966 coenobiarcha
2961 2926 3181 2966 narrare
3233 2896 3615 2977 pergens):llalxs

486 3012 677 3065 nempe
700 2998 986 3064 quemdam
1012 2997 1170 3051 hodie
1198 2999 1336 3067 apud
1359 2997 1444 3051 te?
1466 2998 1559 3051 Sic
1591 3010 1696 3064 eat,
1722 2998 1821 3060 ait,
1854 3008 1911 3053 et
1961 3015 2082 3068 qua:
2117 3001 2372 3070 poscebat
2404 3001 2661 3057 auferens
2726 3002 2858 3055 abin
2895 3004 2965 3056 ad
3012 3014 3271 3056 carcerem
3297 3004 3416 3049 τειιιιι
3443 2986 3614 3044 consola-

486 3097 638 3143 turus
677 3089 897 3141 fratrem
927 3103 992 3141 eo
1031 3090 1331 3153 detentum,
1405 3088 1654 3158 Ingresso
1693 3088 1821 3143 illuc
1879 3104 1965 3155 eo,
2004 3092 2235 3158 procidit
2298 3093 2385 3146 fur
2423 3095 2489 3146 ad
2521 3091 2637 3160 ejus
2680 3094 2865 3162 pedes,
2929 3095 3086 3148 aiens
3131 3093 3244 3160 ipsi,
3274 3091 3462 3155 Propter
3490 3092 3529 3135 te
3559 3077 3612 3130 hic

494 3199 638 3251 sum,
676 3185 837 3248 abba,
861 3184 930 3237 ob
968 3182 1167 3235 furtum
1200 3198 1228 3233 a
1260 3199 1343 3235 me
1379 3183 1575 3236 factum
1604 3198 1783 3237 rerum
1819 3193 2055 3237 tuarum.
2095 3184 2294 3240 Verum
2364 3195 2421 3241 ut
2442 3202 2535 3243 eas
2565 3188 2742 3255 possis
2804 3202 3147 3255 recuperare,
3178 3200 3239 3240 en
3270 3183 3386 3237 liber
3414 3190 3508 3232 tuus
3522 3167 3613 3238 apud

486 3277 633 3331 illum
664 3285 769 3342 est,
800 3276 965 3329 vestis
993 3276 1133 3342 apud
1166 3273 1357 3339 alium,
1390 3290 1525 3344 quos
1590 3277 1923 3331 nominabat.
1968 3276 2093 3331 Ilaec
2163 3277 2466 3346 loquentem
2522 3276 2885 3347 interpellavit
2921 3293 3113 3341 senex,
3158 3277 3364 3331 dicens:
3398 3263 3613 3325 PersuasiS‘

486 3370 683 3426 simum
731 3371 946 3436 habeto,
979 3369 1074 3431 fili,
1105 3387 1190 3427 me
1221 3371 1360 3426 haud
1390 3385 1454 3424 ea
1502 3384 1663 3423 causa
1739 3371 1843 3424 huc
1888 3371 2187 3441 ingressum
2217 3389 2231 3426 :
2304 3388 2403 3427 nec
2434 3389 2658 3443 prorsus
2694 3375 2942 3441 scivisse,
3029 3386 3081 3429 te
3137 3376 3203 3428 ob
3242 3386 3319 3425 res
3343 3379 3459 3423 ineas
3482 3354 3615 3425 compi-

487 3465 626 3519 latas
654 3464 741 3518 hic
775 3463 966 3519 teneri.
1006 3463 1141 3518 Veni
1176 3474 1357 3518 autem
1418 3472 1476 3516 ut
1507 3460 1818 3516 consolarer
1845 3470 1898 3515 te
1932 3462 1986 3516 in
2050 3464 2339 3520 afflictione
2373 3477 2486 3521 tua.
2553 3468 2732 3535 Quare
2766 3469 2871 3523 hoc
2941 3468 3038 3523 tibi
3084 3484 3114 3522 a
3154 3481 3235 3520 me
3268 3462 3386 3517 habe
3409 3465 3616 3510 ιιιυηιιεαιο

488 3556 618 3617 lum,
660 3564 759 3608 ova
796 3563 850 3609 et
901 3556 1159 3620 cathara;
1210 3556 1275 3609 de
1318 3564 1515 3609 caetero
1564 3568 1779 3608 omnem
1828 3556 2055 3611 movebo
2094 3555 2323 3625 lapidem
2361 3573 2469 3627 quo
2496 3568 2547 3613 te
2578 3560 2707 3614 hinc
2772 3560 3077 3615 extraham.
3115 3559 3205 3613 llis
3255 3545 3616 3615 dictis.a"ii‘|""

489 3657 662 3702 mates
692 3647 833 3703 illius
858 3649 1113 3717 regionis,
1140 3648 1279 3718 apud
1318 3663 1454 3719 quos
1489 3646 1651 3702 multa
1675 3648 1886 3703 valebat
1922 3651 2114 3718 gratia,
2147 3653 2340 3705 merito
2403 3652 2571 3721 ipsius
2633 3654 2846 3709 cunctis
2916 3653 3210 3708 notissimae
3263 3643 3454 3700 virtutis.
3495 3638 3614 3700 Itaque

488 3743 556 3797 ab
585 3742 671 3798 his
708 3742 866 3798 facile
894 3743 1146 3808 obtinuit.
1201 3753 1259 3798 ut
1298 3743 1478 3798 missis
1516 3757 1748 3811 propere
1796 3744 2058 3799 ministris
2098 3746 2321 3801 fratrem
2352 3747 2584 3802 vinculis
2612 3748 2848 3802 solutum
2874 3760 2905 3800 e
2926 3746 3169 3802 custodia
3192 3741 3471 3796 emitterent.

570 3832 715 3892 XIV.
754 3834 859 3888 Alii
891 3836 957 3889 de
1005 3835 1107 3890 hoc
1158 3836 1346 3890 eodem
1388 3849 1516 3889 sene
1556 3833 1700 3888 aliud
1749 3838 2051 3904 narrabant.

2240 3838 2338 3891 1Δ’.
2380 3838 2673 3907 Διηγοῦντο
2692 3836 2749 3889 δὲ
2778 3837 2938 3890 πάλιν
2973 3836 3101 3907 περὶ
3124 3834 3212 3887 τοῦ
3238 3831 3450 3901 γέροντος
3470 3816 3614 3871 τούτου.

2147 2354 2210 2413 οὗ
2238 2360 2454 2413 ἐκϐάλω
2501 2377 2560 2412 σε
2606 2361 2670 2412 ἐκ
2706 2360 2806 2428 τῆς
2831 2359 3101 2428 φυλακῆς.
3152 2358 3256 2409 Καὶ
3304 2349 3506 2406 ἀπελθὼν
3528 2359 3618 2409 παρ¹
3726 2349 3727 2415 Ῑ

489 3923 693 3994 Nempe
717 3925 891 3994 ipsum
917 3923 1218 3994 profectum
1246 3926 1541 3994 aliquando
1568 3923 1634 3977 ad
1671 3934 1966 3978 mercatum
1998 3934 2059 3981 ut

491 4017 708 4088 pallium
751 4028 976 4081 emeret,
1018 4033 1115 4087 pro
1159 4019 1316 4073 modo
1359 4016 1500 4086 pacti
1551 4014 1710 4084 pretii
1753 4030 1917 4069 unum
1960 4032 2060 4070 au-

494 4124 642 4163 reum
661 4109 909 4164 vendenti
933 4107 1291 4177 expendisse:
1319 4109 1443 4175 quia
1467 4121 1615 4170 vero,
1639 4105 1707 4159 ad
1730 4106 2054 4175 explendum

491 4201 634 4267 quod
663 4210 945 4267 supererat
970 4199 1306 4264 ratiunculae,
1326 4213 1461 4266 opus
1489 4208 1606 4254 erat
1634 4199 1814 4269 aliquo
1834 4213 2061 4254 numero

494 4289 730 4355 pecunia:
758 4289 997 4354 minutae,
1031 4287 1301 4342 assedisse
1325 4288 1472 4342 illum
1490 4290 1557 4343 ad
1585 4290 1902 4345 mercatoris
1927 4290 2059 4344 aba-

491 4393 637 4443 cum,
678 4376 955 4445 supposito
988 4377 1089 4431 sibi
1130 4376 1288 4445 pallio
1324 4378 1437 4445 jam
1479 4388 1681 4448 empto,
1720 4388 1775 4432 et
1810 4379 1889 4433 sic
1936 4394 2060 4434 cru-

494 4481 649 4520 mena
684 4466 921 4521 resoluta
958 4465 1145 4522 obolos
1179 4475 1231 4521 et
1260 4468 1587 4536 quadrantes
1611 4468 1888 4524 eduxisse.
1924 4468 2056 4522 Dum

498 4558 549 4611 in
583 4572 649 4612 co
694 4568 797 4623 est,
831 4557 967 4612 forte
999 4573 1294 4613 conversus
1336 4559 1479 4615 videt
1509 4575 1537 4613 a
1587 4569 1738 4631 tergo
1774 4575 1834 4615 se
1874 4561 2062 4614 admo~

497 4646 709 4704 ventem
768 4648 1036 4704 hominem
1089 4648 1181 4717 qui
1227 4649 1514 4704 videbatur
1559 4649 1823 4720 adjecisse
1874 4650 2059 4704 oculos

495 4739 801 4809 cupiditatis
823 4742 889 4794 ad
915 4738 1156 4809 pallium,
1183 4754 1329 4804 mox,
1352 4748 1409 4794 ut
1437 4741 2060 4809 apparebat,conaturus

494 4830 669 4898 ipsum
695 4832 1036 4885 subtrahere.
1071 4830 1251 4885 Subiit
1289 4831 1527 4884 animum
1571 4832 1716 4886 senis
1752 4830 2062 4885 misericor-

494 4923 579 4977 dis
614 4924 1001 4993 lienignissinia
1041 4925 1319 4992 cogitatio,
1356 4922 1541 4993 Forte,
1588 4938 1769 4979 secum
1803 4923 2054 4989 dicentis,

495 5016 584 5070 hic
628 5015 795 5069 miser
821 5015 938 5082 plus
978 5025 1101 5084 eget
1133 5014 1294 5083 pallio
1336 5028 1496 5082 quam
1547 5028 1676 5083 ego;
1723 5014 1840 5068 sine
1883 5017 2057 5083 Ipsum

495 5108 599 5163 sibi
629 5106 932 5161 consulere.
964 5106 1045 5159 Ab
1078 5106 1177 5159 hoc
1202 5106 1343 5173 apud
1372 5118 1429 5158 se
1464 5112 1692 5170 statuto,
1728 5105 1974 5159 extendit
1998 5119 2059 5159 se

2165 3926 2246 3979 ὅτι
2300 3927 2625 3991 ἀπελθόντος
2674 3928 2807 3980 ποτὲ
2840 3929 2919 3990 εὶς
2971 3926 3171 3997 ἀγορὰν
3200 3920 3429 3992 ἀγοράσαι
3456 3909 3615 3980 ἱμάτιονν

2163 4019 2423 4088 ἠγόρασε·
2459 4019 2555 4071 καὶ⁸
2588 4018 2713 4082 δοὺς
2740 4020 2803 4072 τὸ
2841 4018 2900 4071 ἓν
2926 4020 3169 4090 χρυσίον,
3209 4014 3370 4067 ἔλιπεν
3394 4002 3507 4070 αὐτῷ
3528 3999 3614 4049 ἀνί·
3662 4032 3667 4039 '

2166 4108 2453 4179 πληρῶδαι
2497 4109 2712 4180 νουμξα.
2762 4111 2871 4163 Καὶ
2914 4109 3094 4162 λαϐὼν
3140 4108 3199 4160 τὸ
3242 4104 3447 4174 ἱμάτιον,
3482 4092 3615 4180 έθηξιεν

2165 4177 2421 4253 ὑποιεάτω
2452 4177 2637 4253 αὑτοῧο
2670 4202 2764 4253 καὶ
2791 4201 2867 4263 ὡς
2922 4202 3140 4272 ἐμέτρει
3172 4198 3333 4268 κέρμα
3369 4191 3432 4249 εἷς
3464 4182 3509 4235 τδ
3530 4177 3615 4273 πλ²ξ

2164 4288 2305 4354 κίον,
2357 4288 2466 4342 ἰδού
2494 4304 2576 4353 τις
2597 4290 2816 4360 ἔρχεται
2846 4290 3014 4344 θέλων
3044 4291 3237 4359 ἐπᾶραι
3263 4285 3318 4337 τὸ
3358 4276 3534 4348 ἱμάτιον·
3555 4277 3613 4363 zu“

2165 4379 2239 4441 ὡς
2265 4380 2461 4450 ᾔσθετο
2481 4383 2509 4434 ὁ
2555 4382 2733 4452 γέρων
2765 4382 3053 4452 σπλάγχνα
3090 4381 3221 4450 ἔχων
3247 4366 3506 4440 οἰκτιρμῶν,
3526 4366 3612 4452 tm?

2169 4440 2363 4542 μικρὸν
2387 4440 2673 4542 ἐκούφίζεν
2698 4475 2879 4527 αὐτόν·
3002 4440 3157 4545 δῆθέζρ
3179 4465 3455 4524 ἐπεκτεὶνων
3474 4440 3613 4545 πρδςτξ

2168 4560 2449 4633 διάστημα
2469 4564 2564 4618 τοῦ
2594 4566 2887 4636 κέρματος,
2913 4568 3017 4630 ἕως
3039 4562 3099 4621 οὗ
3120 4564 3285 4632 ἀπῆρε
3309 4558 3360 4610 τδ
3381 4550 3537 4636 limi?"
3555 4550 3612 4588 ﬂ"

2168 4656 2403 4727 ἀπῆλθε·
2434 4659 2527 4711 καὶ
2567 4633 2673 4712 οὐχ’
2697 4633 2925 4729 ἤλεγξεν
2948 4659 3112 4712 αὐτὸν
3134 4654 3362 4724 ἀγέρων·
3398 4640 3474 4729 καὲ
3492 4633 3613 4727 έλετῗν

2166 4745 2194 4796 ὁ
2226 4745 2516 4816 μακάριοςο
2549 4728 2727 4801 Πόσον
2762 4743 2831 4819 ἦν
2862 4750 3010 4815 ἄξιον
3040 4748 3100 4801 τὸ
3147 4743 3339 4815 ἱμάτιον
3371 4728 3611 4819 ﬁxaque-9".

2166 4832 2202 4886 ἃ
2230 4834 2545 4903 άπώλεσεν;
2574 4838 2685 4890 ἀλλ’
2712 4816 2864 4909 δμὼς
2889 4842 2921 4912 ἡ
2963 4839 3269 4909 προαίρεσις
3298 4826 3370 4899 ἦν·
3395 4816 3539 4912 ἀμέλει
3557 4816 3611 4912 oti

2168 4924 2494 4996 ἀπήρθησαν
2522 4928 2613 4980 καὶ
2634 4906 2852 4997 ἐμεένεν
2880 4906 2921 4984 ὁ.
2944 4906 3103 4991 αὐτὸς
3184 4925 3308 4996 μήτε
3346 4906 3609 4997 λυπούμὶν⁰ί’

2329 4989 2748 5087 ταραστόμενος’
2770 5022 2867 5074 καὶ
2889 5021 3015 5091 γάρ.
3039 4989 3217 5081 tibist-‘15“
3239 4989 3380 5077 λέγω*
3399 5002 3449 5091 0‘?
3462 4996 3504 5048 τὸ

2172 5078 2419 5175 ῥλάπτει,
2452 5078 2590 5161 ἀλλά
2615 5110 2677 5163 τὸ
2712 5078 3035 5181 τεροσπαθίῦς
3059 5078 3217 5178 ἔγειν.
3245 5094 3391 5158 Οὗτος
3408 5086 3518 5181 εῖχεν
3535 5078 3610 5181 ὅξω

498 5212 738 5252 mensam
771 5212 957 5251 versus
985 5195 1137 5266 quasi
1183 5197 1251 5249 ad
1299 5194 1671 5264 explicandam
1705 5202 1932 5249 moneta:
1977 5207 2051 5249 se-

2169 5166 2260 5250 τὺν
2294 5166 2517 5268 κόσμον,
2549 5200 2722 5266 οὕτως
2744 5166 2812 5274 ἦν
2836 5205 2910 5267 ὡς
2946 5166 3195 5273 μὴϋὲὶῇυν·
3222 5195 3277 5258 ἐξ
3299 5185 3362 5245 ὧν
3386 5185 3469 5252 γὰρ
3490 5166 3610 5229 ἑποίη’

497 5290 653 5356 riem,
700 5286 1109 5355 sublevavitque
1155 5301 1281 5340 suos
1305 5286 1455 5353 prius
1486 5285 1727 5340 sedentis
1770 5295 1918 5341 artus
1955 5300 2051 5355 quc

2173 5305 2264 5342 σεν
2288 5288 2491 5354 ἔδειξεν
2514 5294 2677 5347 αὑτὸν
2701 5294 2980 5366 ἐλεύθερον
3006 5292 3112 5346 ἀπὸ
3140 5289 3355 5342 πάντων.

496 5380 707 5435 facilius
747 5379 955 5433 detrahi
1026 5377 1242 5447 pallium
1290 5386 1513 5444 posset:
1574 5391 1678 5445 qua
1745 5386 1964 5433 strenue
2039 5380 2422 5436 commoditate
2452 5382 2537 5437 fur
2578 5400 2725 5451 usus,
2795 5356 2970 5442 ablato
3009 5385 3136 5439 abiit
3169 5356 3538 5449 ρειιίωεεηεδο

3564 5345 3609 5396 ἰιι·

499 5470 706 5524 dustria
754 5471 806 5524 in
838 5469 1225 5526 dissimulando
1286 5478 1683 5537 perseverante,
1748 5468 1925 5537 quoad
1964 5471 2197 5526 nummis
2262 5473 2550 5540 persolutis
2594 5433 2725 5531 tam,
2766 5478 2884 5533 sine
2926 5474 3141 5546 pecunia
3169 5433 3347 5539 'quain
3387 5457 3479 5513 sine
3507 5436 3608 5546 Mf

500 5562 711 5616 domum
751 5562 924 5617 rediit.
959 5562 1038 5617 Ad
1072 5561 1171 5616 hoc
1235 5533 1303 5616 Β..
1332 5558 1581 5617 Zosimas
1619 5533 1820 5615 addidit
1852 5578 1864 5614 :
1897 5559 2096 5627 Quanti
2150 5572 2203 5620 et
2237 5533 2365 5620 vasa
2426 5575 2479 5622 et
2523 5567 2740 5640 pallium
2778 5584 2898 5639 quae
2926 5533 3183 5636 'ncglexit,
3218 5533 3387 5615 erant?
3411 5553 3455 5616 ,at
3477 5533 3607 5609 tim”
