3972 6454
1743 630 1831 687 DE

803 821 1530 977 lSlDORI
1642 815 2314 977 PELUS]
2334 814 2778 970 ΟΤᾸΕ

1611 1129 1973 1249 VITA

1347 1355 1691 1417 SCRIPTIS
1732 1355 1828 1416 ET
1870 1353 2257 1416 DOCTRINA

540 1533 1436 1631 COMMENTATIO
1508 1531 2168 1627 HISTORICA
2240 1529 3058 1627 THEOLOGICA.

1684 1766 1929 1808 SCRIPSIT

1039 1931 1572 1998 HERMANNUS
1613 1930 1965 2006 AGAIHO
2006 1932 2570 1997 NIEMEYERUS

1143 2132 1316 2170 τιιοι.
1353 2128 1540 2166 ulcus.
1578 2129 1702 2166 πω..
1737 2127 1878 2166 οοστ.
1913 2130 2022 2167 ιιι.
2059 2131 2232 2168 τιιοι.
2265 2131 2452 2170 mm

1105 2291 1283 2356 (Halat,
1331 2288 1380 2339 in
1423 2287 1624 2339 libraris
1674 2287 2126 2352 Orphsnolrophel.
2167 2287 2540 2348 IDCCCXIV.)

1469 2606 2158 2698 PRIEFATIO.

233 2959 712 3016 Commentationis
750 2959 815 3013 de
852 2957 1056 3013 Isidoro
1088 2956 1353 3012 Pelusiota
1385 2958 1527 3026 parti
1551 2958 1740 3028 prima!
1772 2968 1821 3013 et
1841 2957 2100 3020 secundis,
2142 2969 2258 3026 qua
2288 2961 2413 3007 ante
2458 2952 2589 3006 duas
2641 2967 2840 3008 menses
2866 2953 2923 3007 in
2951 2951 3119 3008 lucem
3147 2953 3305 3010 edita
3331 2963 3456 3010 sunt

176 3052 395 3116 idcirco.
423 3063 484 3108 ut
518 3054 646 3107 mihi
681 3053 735 3105 in
762 3051 1038 3105 academia
1073 3049 1440 3105 Fridericiana
1493 3050 1811 3124 theologiam
1839 3050 2058 3105 docendi
2092 3057 2326 3120 potestas
2359 3046 2746 3112 concederetur,
2780 3049 2995 3102 tertiam
3027 3055 3233 3116 partem
3264 3056 3459 3116 preter

161 3159 275 3217 app
295 3147 482 3200 'ndices
513 3148 762 3216 adjnnxi.
791 3145 922 3202 Cum
949 3145 1114 3214 igitur
1143 3145 1311 3198 omnis
1339 3145 1554 3213 scriptio
1581 3160 1720 3198 nunc
1766 3144 1978 3198 demum
2005 3140 2247 3196 absoluta
2271 3140 2478 3210 judicio
2515 3139 2844 3193 eruditorum
2869 3139 3200 3209 subjicienda
3226 3141 3459 3211 mihique

161 3238 450 3293 urendum
478 3238 571 3300 sit,
599 3251 662 3290 ne
696 3235 850 3290 multi
882 3235 1156 3289 mirantes.
1181 3234 1319 3303 quod
1342 3249 1434 3304 ego
1463 3235 1527 3288 de
1564 3234 1780 3288 obscura
1803 3231 1984 3288 saeculi
2021 3231 2192 3302 quinti
2222 3230 2475 3283 monacho
2514 3231 2628 3300 fuse
2667 3239 2717 3284 et
2750 3230 2956 3300 copiose
2985 3232 3244 3298 disserui,
3278 3232 3461 3305 iniqua

162 3330 232 3384 de
269 3346 352 3383 me
379 3329 726 3399 prtrjudt'cent
749 3369 762 3390 .
798 3328 982 3396 paucis
1004 3367 1017 3389 ,
1043 3327 1132 3394 qui
1153 3328 1354 3398 factum
1378 3327 1444 3379 sit
1471 3367 1486 3392 ,
1516 3335 1571 3380 ut
1596 3327 1692 3380 hoc
1727 3341 1838 3396 prce
1861 3324 2064 3379 caeteris
2093 3322 2342 3394 elegerim
2367 3333 2736 3394 argumentum
2759 3364 2775 3389 ,
2808 3332 2934 3377 ante
2961 3324 3229 3394 explicare
3259 3324 3457 3395 placet,

164 3436 340 3489 quam
362 3421 594 3474 instituti
620 3421 881 3473 rationem
905 3434 1184 3487 exponam.

237 3511 382 3569 Nam
411 3512 548 3577 quod
580 3508 846 3564 Sertlerus
871 3550 883 3574 ,
918 3526 1070 3580 quem
1098 3511 1254 3564 nimis
1278 3527 1516 3564 seueram
1551 3510 1614 3563 de
1648 3509 1898 3563 Patribus
1944 3507 2309 3563 ecclesiasticis
2346 3522 2706 3574 swpenumero
2761 3507 2943 3561 tulisse
2983 3507 3302 3562 sententiam
3334 3524 3456 3563 catl-

166 3612 277 3658 ssat
299 3644 313 3666 ,
342 3604 396 3654 in
428 3601 661 3656 Seiectis
693 3601 935 3656 historia:
961 3601 1349 3657 ecclesiastica:
1377 3601 1664 3671 Capitibus
1685 3643 1698 3666 ,
1734 3601 1836 3656 υοι.
1868 3605 1920 3664 1,
1947 3614 2000 3670 ρ.
2024 3599 2130 3655 284
2150 3638 2164 3662 ,
2194 3599 2459 3659 Isidorum
2486 3598 2816 3652 Pelusiotam
2857 3599 3137 3667 Theophila
3167 3615 3232 3652 ac
3261 3597 3462 3670 Cyrillo

168 3711 527 3765 "pugnasse,
572 3694 790 3763 ejusque
835 3695 1082 3763 epistolas
1134 3695 1380 3764 ingenua
1425 3695 1747 3764 plerumque
1793 3694 1991 3749 indolis
2021 3693 2192 3748 vastis
2243 3691 2542 3745 multorum
2601 3693 2928 3762 corporibus
2985 3694 3146 3776 longe
3210 3695 3462 3750 uliiiOns

169 3800 320 3850 esse.
349 3786 592 3849 tradidit,
627 3786 680 3838 id
703 3786 964 3854 imprimis
997 3803 1080 3838 me
1103 3787 1337 3854 impulit,
1360 3796 1416 3840 ut
1454 3787 1511 3838 in
1539 3786 1696 3854 hujus
1730 3787 1830 3840 viri
1856 3787 2043 3852 vitam,
2073 3788 2270 3856 scripta
2301 3796 2350 3839 et
2388 3785 2686 3838 doctrinam
2713 3785 2976 3855 singulari
3003 3785 3178 3840 studio
3219 3787 3462 3853 inquire-

171 3897 307 3935 rem.
333 3879 512 3949 Neque
539 3889 793 3946 susceptis
825 3896 904 3932 me
931 3879 1141 3948 paenitet
1170 3894 1362 3946 operae.
1399 3875 1544 3931 Nam
1581 3893 1697 3930 cum
1729 3876 1965 3932 Isidorus
1986 3919 2000 3940 .
2028 3881 2110 3934 vir
2136 3889 2184 3933 et
2213 3879 2468 3933 doctrina:
2510 3879 2684 3946 copia,
2727 3887 2776 3932 et
2809 3880 2930 3934 vita:
2957 3881 3263 3952 integritate
3287 3881 3462 3936 excel-

173 3969 285 4025 lens
309 4012 323 4034 ,
350 3973 529 4025 eodeni
557 3982 788 4040 tempore
827 3987 929 4041 quo
971 3970 1457 4040 potentissimarum
1489 3968 1848 4024 Ecclesiarum
1877 3973 2143 4026 antistites
2173 3973 2312 4026 inter
2335 3987 2444 4025 sese
2482 3979 2788 4038 certarunt,
2814 3973 3028 4043 ﬂoreret
3053 4016 3066 4038 ,
3098 3975 3331 4044 primum
3351 3973 3462 4027 ille

172 4064 315 4117 inter
343 4064 577 4133 ejusdem
596 4062 862 4123 epistolas.
882 4079 945 4118 ex
961 4062 1149 4132 quibus
1177 4073 1287 4117 tum
1311 4064 1437 4134 quid
1457 4063 1586 4132 ipse,
1603 4072 1716 4116 tum
1733 4063 1860 4134 quid
1886 4064 2066 4118 aliide
2084 4065 2448 4134 episcoporum
2478 4063 2708 4122 dissidiis
2734 4066 3040 4129 statuerint,
3056 4065 3462 4136 apparet,haud

168 4159 330 4224 parvi
361 4159 610 4211 momenti
632 4169 773 4211 sunt.
805 4156 957 4222 Quod
982 4166 1039 4210 ut
1065 4157 1360 4227 probemus,
1386 4157 1732 4225 testi/icamur
1760 4175 1891 4228 quas
1921 4158 2062 4212 dedit
2093 4157 2183 4212 ille
2210 4161 2280 4212 ad
2313 4155 2657 4211 Theodosium
2695 4158 3072 4226 imperatorem
3101 4159 3307 4212 litteras
3333 4161 3465 4230 περὶ

167 4251 267 4306 τοῦ
321 4249 651 4318 ποιήσασθαι
693 4249 993 4317 ἀσφάλειαν
1020 4249 1122 4319 τῆς
1177 4249 1420 4311 συνόδου,
1466 4250 1530 4303 de
1581 4266 1732 4304 secur

1913 4251 2131 4317 synodo.
2163 4252 2466 4314 prwstanda
2513 4249 2626 4316 (lib.
2680 4263 2716 4313 I,
2781 4264 2863 4316 ep.
2899 4248 3023 4314 3H,
3060 4248 3132 4303 cl.
3167 4249 3457 4305 Comment.

171 4362 225 4414 p.
251 4343 370 4403 ΞΟ).
402 4344 711 4413 quibuscum
753 4357 915 4409 quam
960 4343 1234 4409 aptissime
1260 4357 1528 4405 connexio,
1549 4357 1667 4411 qua:
1697 4342 1768 4394 ad
1792 4339 2074 4409 Cyrillum,
2104 4357 2182 4405 eo,
2217 4357 2320 4411 quo
2348 4342 2430 4394 hic
2455 4339 2722 4410 Ephesum
2756 4342 2951 4409 adiret,
2987 4352 3219 4412 tempore
3251 4346 3468 4415 scripta

174 4448 319 4499 sunt.
354 4439 408 4490 in
440 4436 624 4505 quibus
650 4435 965 4506 gravissima
986 4435 1097 4486 ha'c
1127 4441 1336 4487 exstant
1371 4435 1525 4487 verba
1556 4451 1574 4487 :
1609 4436 1742 4488 Πολλ

1897 4452 1942 4504 ιρ
1966 4451 2026 4486 σε
2055 4434 2381 4505 κωμῳδοῦσι
2402 4433 2508 4486 τῶν
2531 4433 2962 4502 συνειλεγμένων
2986 4436 3066 4497 εις
3101 4434 3356 4502 Ἔφεσον,
3388 4436 3465 4500 ὡς

175 4533 389 4586 οἰκείαν
415 4531 754 4601 ἀμυνόμενον
781 4527 1004 4599 ἔχθραν,
1034 4528 1151 4582 ἀλλ’
1179 4529 1241 4581 οὺ
1266 4528 1336 4582 τὰ
1371 4527 1548 4599 Ἰησσῦ
1581 4529 1822 4598 Χριστοῦ
1871 4526 2168 4600 ὀρθοδὸξως
2208 4529 2496 4600 ζητοῦντα.
2533 4525 2872 4596 Ἀδελφιδοῦς
2897 4529 3046 4592 ἐστι,
3081 4527 3238 4596 φασὶ,
3270 4528 3464 4599 Θιοφιε-

179 4625 296 4688 luo.
329 4624 666 4696 μιμούμενος
695 4622 909 4675 ἐκείνου
944 4623 1041 4693 τὴν
1070 4625 1316 4694 γνώμην.
1352 4624 1562 4695 Ὠσπερ
1596 4623 1706 4694 γὰρ
1731 4625 1938 4687 ἐκεῖνος
1969 4623 2166 4694 μανίαν
2202 4627 2347 4694 σαφῆ
2377 4623 2750 4678 κατεσκέδασε
2781 4624 2877 4678 τοῦ
2909 4623 3174 4696 θεοφόρου
3215 4626 3313 4679 καὶ
3345 4627 3466 4682 Oso-

180 4722 371 4793 φιλοῦς
408 4723 655 4775 Ἰωάννου
675 4761 690 4783 .
721 4717 894 4784 οὕτως
919 4718 1182 4791 ἐπιθυμεῖ
1211 4719 1597 4790 καυχήσασθαι
1635 4717 1781 4791 [‹·οι1.
1828 4719 1956 4773 Bav.
1993 4717 2326 4790 καυχᾶσθαι]
2353 4720 2446 4773 καὶ
2478 4711 2632 4780 οὗτος
2652 4759 2667 4782 ,
2692 4720 2741 4772 el
2773 4719 2868 4772 καὶ
2899 4718 3034 4772 πολὺ
3063 4719 3175 4772 τῶν
3203 4724 3466 4794 κρινομέ-

181 4831 289 4868 νων
317 4814 436 4866 ἐστὶ
467 4812 530 4864 τὸ
561 4810 841 4880 διάφορον.
865 4838 936 4848 -
965 4808 1079 4862 Lib.
1117 4825 1155 4875 ι,
1185 4827 1264 4880 ep.
1307 4807 1431 4865 510.
1469 4808 1553 4879 Cf.
1587 4807 1749 4864 Camn

1911 4825 1966 4878 p.
1996 4807 2086 4863 20.
2111 4839 2180 4850 —
2211 4809 2295 4864 Ex
2327 4811 2406 4864 his
2437 4813 2577 4865 enim
2612 4810 2870 4880 quomodo
2898 4809 3072 4874 multi,
3108 4814 3206 4867 etsi
3233 4813 3467 4870 Nestorii

182 4906 481 4961 doctrinam
507 4903 819 4972 rejecerunt,
852 4899 1228 4972 Egyptiorum
1257 4901 1486 4972 episcopi
1516 4919 1641 4972 erga
1672 4901 2008 4974 Theophilum
2031 4903 2152 4973 jam
2179 4904 2480 4974 defunctum
2518 4913 2565 4958 et
2606 4903 2862 4975 Cyrillum
2895 4904 3124 4959 animati
3151 4907 3366 4977 fuerint,
3398 4909 3468 4962 li-

185 5011 259 5055 cet
285 4998 549 5067 colligere.
577 4994 759 5065 Neque
789 4993 884 5046 hoc
913 4992 1024 5047 loco
1055 4996 1506 5064 pra'termittenda
1535 5006 1656 5049 sunt
1675 4996 1884 5050 silentio
1910 5036 1923 5059 .
1956 5011 2074 5065 quia
2102 4995 2337 5050 Isidorus
2380 4997 2450 5050 ad
2492 4996 2760 5052 Simonem
2803 4997 3118 5052 monachum
3158 5000 3222 5053 de
3259 4999 3469 5054 Joanne

185 5093 552 5166 Chrysostomo
591 5093 799 5161 seripsit
838 5105 886 5150 et
918 5091 1224 5160 Theophila,
1261 5107 1416 5160 quem
1456 5090 1725 5160 λιοομανῆ

1897 5090 2274 5160 χρυσολάτρην
2313 5090 2408 5158 (sic
2446 5093 2584 5146 enim
2609 5110 2706 5162 pro
2737 5092 3104 5164 χρυσολάτριν
3135 5095 3465 5151 scribendum

184 5191 305 5250 est).
337 5187 596 5255 appellat,
627 5187 761 5239 nihil
787 5187 940 5240 aliud
968 5185 1046 5238 his
1079 5183 1244 5237 verbis
1269 5181 1690 5252 signiﬁcaturus.
1723 5199 1885 5252 quam
1919 5183 2268 5253 Theophilum
2289 5184 2455 5237 nimia
2482 5184 2715 5252 edi/icia
2749 5186 3054 5240 exstruendi
3085 5187 3350 5254 cupidine,
3387 5189 3468 5241 ni-

183 5282 393 5349 mioque
421 5280 544 5333 auri
579 5296 760 5333 amore
791 5281 1108 5350 ﬂagrantem
1139 5277 1300 5330 etiam
1331 5277 1530 5345 injusto
1569 5275 1722 5328 modo
1763 5273 1866 5328 sibi
1909 5291 2246 5344 comparasse
2282 5276 2515 5330 divitias.
2546 5274 2658 5340 Quo
2692 5275 2890 5331 lsidori
2931 5279 3140 5347 judicio
3172 5278 3368 5332 mirum
3413 5279 3468 5332 in

189 5375 401 5427 modum
435 5370 799 5439 conﬁrmatur.
831 5372 972 5440 quod
995 5369 1294 5428 Palladius.
1330 5383 1483 5438 quem
1514 5367 1666 5421 multi
1693 5383 1814 5421 cum
1840 5368 1924 5421 ira
1969 5378 2017 5421 et
2051 5369 2225 5422 studia
2253 5369 2521 5436 scripsisse
2568 5369 2901 5440 aﬁirmarunt
2923 5408 2937 5431 ,
2970 5371 3222 5436 tradidit,
3254 5374 3470 5427 antisti-

188 5479 293 5520 um
323 5463 739 5517 Alexandrinum
773 5463 997 5516 nimiam
1026 5461 1323 5515 adhibuisse
1373 5461 1428 5513 in
1479 5460 1706 5515 ecclesiis
1762 5461 2089 5531 azdi/icandis
2138 5461 2586 5533 magniﬁcentiam
2608 5505 2621 5529 ,
2651 5479 2874 5534 eumque
2905 5465 3196 5520 vendidisse
3223 5468 3469 5522 sacerdo-

193 5553 345 5606 tium.
379 5550 568 5620 [Dia|..
598 5552 667 5605 de
699 5551 806 5606 vita
838 5549 897 5604 S.
926 5549 1154 5606 Joannis
1182 5550 1552 5621 Chrysostomi
1580 5549 1705 5622 (a).]
1729 5549 1951 5621 Reliqua
1982 5567 2098 5622 quae
2131 5552 2231 5606 huc
2265 5562 2505 5622 spectant
2531 5555 2588 5609 in
2625 5556 2799 5624 prima
2834 5559 3290 5614 cammentationis
3319 5569 3474 5629 parte

193 5653 288 5697 aut
309 5643 614 5715 perstrinxi,
646 5654 740 5698 aut
772 5644 1003 5714 exposui.

261 5784 330 5847 ta)
355 5783 480 5848 Opp.
509 5784 744 5844 Chrysost
789 5789 970 5834 ucstra
994 5783 1117 5833 adit.
1155 5790 1270 5834 tom.
1308 5785 1348 5843 i.
1383 5785 1483 5836 col.
1513 5785 1592 5838 τι.
1628 5786 1764 5837 Eon.
1795 5785 1950 5836 l'sn.

507 5870 782 5932 ΡΑτιοι.
826 5869 941 5930 Gn.
987 5871 1298 5934 LXXVIII.

1547 6151 2151 6258 l1588’70
