  <div class='ocr_page' id='page_1' title='image "/cluster/home/n/w/nwhite01/storage/ocr_20150623/78/ien.35556001661065/015.png"; bbox 0 0 3972 6406; ppageno 0'>
   <div class='ocr_carea' id='block_1_1' title="bbox 574 394 3813 469">
    <p class='ocr_par' dir='ltr' id='par_1_1' title="bbox 574 394 3813 469">
     <span class='ocr_line' id='line_1_1' title="bbox 574 394 3813 469; baseline -0.001 -4"><span class='ocrx_word' id='word_1_1' title='bbox 574 406 626 469; x_wconf 75' lang='lat'><strong><em>11</em></strong></span> <span class='ocrx_word' id='word_1_2' title='bbox 1435 398 1530 458; x_wconf 88' lang='lat' dir='ltr'><strong><em>DE</em></strong></span> <span class='ocrx_word' id='word_1_3' title='bbox 1570 395 1878 457; x_wconf 86' lang='lat' dir='ltr'><strong><em>lSIDORO</em></strong></span> <span class='ocrx_word' id='word_1_4' title='bbox 1918 394 2329 457; x_wconf 77' lang='lat' dir='ltr'><strong><em>PELUSIOTA</em></strong></span> <span class='ocrx_word' id='word_1_5' title='bbox 2366 396 2920 457; x_wconf 77' lang='lat' dir='ltr'><strong><em>COMMENTATIO.</em></strong></span> <span class='ocrx_word' id='word_1_6' title='bbox 3752 398 3813 462; x_wconf 64' lang='grc' dir='ltr'><strong><em>ΓΞ</em></strong></span> 
     </span>
    </p>
   </div>
   <div class='ocr_carea' id='block_1_2' title="bbox 643 502 3815 577">
    <p class='ocr_par' dir='ltr' id='par_1_2' title="bbox 643 502 3815 577">
     <span class='ocr_line' id='line_1_2' title="bbox 643 502 3815 577; baseline -0.002 -11"><span class='ocrx_word' id='word_1_7' title='bbox 643 514 837 566; x_wconf 71' lang='grc' dir='ltr'><strong><em>υιιίηςίιο</em></strong></span> <span class='ocrx_word' id='word_1_8' title='bbox 866 526 977 563; x_wconf 87' lang='lat' dir='ltr'><strong><em>rero</em></strong></span> <span class='ocrx_word' id='word_1_9' title='bbox 1008 507 1248 575; x_wconf 67' lang='lat' dir='ltr'><strong><em>epistolis,</em></strong></span> <span class='ocrx_word' id='word_1_10' title='bbox 1281 507 1336 559; x_wconf 88' lang='lat' dir='ltr'><strong><em>in</em></strong></span> <span class='ocrx_word' id='word_1_11' title='bbox 1365 506 1547 575; x_wconf 91' lang='lat' dir='ltr'><strong><em>quibus</em></strong></span> <span class='ocrx_word' id='word_1_12' title='bbox 1580 502 1844 557; x_wconf 78' lang='lat' dir='ltr'><strong><em>Pelusiota</em></strong></span> <span class='ocrx_word' id='word_1_13' title='bbox 1877 502 2011 556; x_wconf 87' lang='lat' dir='ltr'><strong><em>locos</em></strong></span> <span class='ocrx_word' id='word_1_14' title='bbox 2030 520 2093 556; x_wconf 79' lang='lat' dir='ltr'><strong><em>ea:</em></strong></span> <span class='ocrx_word' id='word_1_15' title='bbox 2133 504 2535 573; x_wconf 68' lang='lat' dir='ltr'><strong><em>antiquitatibus</em></strong></span> <span class='ocrx_word' id='word_1_16' title='bbox 2560 506 2878 559; x_wconf 88' lang='lat' dir='ltr'><strong><em>Christianis</em></strong></span> <span class='ocrx_word' id='word_1_17' title='bbox 2901 508 3042 573; x_wconf 78' lang='lat' dir='ltr'><strong><em>petiit</em></strong></span> <span class='ocrx_word' id='word_1_18' title='bbox 3074 546 3086 567; x_wconf 90' lang='lat'><strong><em>,</em></strong></span> <span class='ocrx_word' id='word_1_19' title='bbox 3119 517 3409 560; x_wconf 82' lang='lat' dir='ltr'><strong><em>memoratu</em></strong></span> <span class='ocrx_word' id='word_1_20' title='bbox 3444 524 3551 561; x_wconf 79' lang='lat' dir='ltr'><strong><em>non</em></strong></span> <span class='ocrx_word' id='word_1_21' title='bbox 3580 508 3815 577; x_wconf 71' lang='lat' dir='ltr'><strong><em>indigna:</em></strong></span> 
     </span>
    </p>
   </div>
   <div class='ocr_carea' id='block_1_3' title="bbox 571 595 3818 669">
    <p class='ocr_par' dir='ltr' id='par_1_3' title="bbox 571 595 3818 669">
     <span class='ocr_line' id='line_1_3' title="bbox 571 595 3818 669; baseline -0.001 -13"><span class='ocrx_word' id='word_1_22' title='bbox 571 613 709 656; x_wconf 83' lang='lat' dir='ltr'><strong><em>sunt.</em></strong></span> <span class='ocrx_word' id='word_1_23' title='bbox 743 601 1087 669; x_wconf 87' lang='lat' dir='ltr'><strong><em>Conferantur</em></strong></span> <span class='ocrx_word' id='word_1_24' title='bbox 1129 613 1236 666; x_wconf 77' lang='lat' dir='ltr'><strong><em>pra:</em></strong></span> <span class='ocrx_word' id='word_1_25' title='bbox 1268 598 1466 651; x_wconf 85' lang='lat' dir='ltr'><strong><em>ctrteris</em></strong></span> <span class='ocrx_word' id='word_1_26' title='bbox 1497 612 1612 665; x_wconf 75' lang='lat' dir='ltr'><strong><em>qua:</em></strong></span> <span class='ocrx_word' id='word_1_27' title='bbox 1634 596 1763 649; x_wconf 74' lang='lat' dir='ltr'><strong><em>dixit</em></strong></span> <span class='ocrx_word' id='word_1_28' title='bbox 1802 595 1888 647; x_wconf 89' lang='lat' dir='ltr'><strong><em>ille</em></strong></span> <span class='ocrx_word' id='word_1_29' title='bbox 1945 597 2008 648; x_wconf 89' lang='lat' dir='ltr'><strong><em>de</em></strong></span> <span class='ocrx_word' id='word_1_30' title='bbox 2058 596 2398 649; x_wconf 86' lang='lat' dir='ltr'><strong><em>diaconorum</em></strong></span> <span class='ocrx_word' id='word_1_31' title='bbox 2445 600 2704 665; x_wconf 81' lang='lat' dir='ltr'><strong><em>gravitate</em></strong></span> <span class='ocrx_word' id='word_1_32' title='bbox 2747 598 2855 667; x_wconf 87' lang='lat' dir='ltr'><strong><em>(lib.</em></strong></span> <span class='ocrx_word' id='word_1_33' title='bbox 2893 616 2934 661; x_wconf 89' lang='lat' dir='ltr'><strong><em>I,</em></strong></span> <span class='ocrx_word' id='word_1_34' title='bbox 2970 616 3050 667; x_wconf 88' lang='lat' dir='ltr'><strong><em>ep.</em></strong></span> <span class='ocrx_word' id='word_1_35' title='bbox 3082 600 3173 667; x_wconf 75' lang='lat'><strong><em>29)</em></strong></span> <span class='ocrx_word' id='word_1_36' title='bbox 3196 641 3209 663; x_wconf 91' lang='lat'><strong><em>,</em></strong></span> <span class='ocrx_word' id='word_1_37' title='bbox 3239 603 3302 653; x_wconf 89' lang='lat' dir='ltr'><strong><em>de</em></strong></span> <span class='ocrx_word' id='word_1_38' title='bbox 3342 612 3660 655; x_wconf 81' lang='lat' dir='ltr'><strong><em>sanctorum</em></strong></span> <span class='ocrx_word' id='word_1_39' title='bbox 3694 601 3818 653; x_wconf 81' lang='lat' dir='ltr'><strong><em>reli-</em></strong></span> 
     </span>
    </p>
   </div>
   <div class='ocr_carea' id='block_1_4' title="bbox 572 687 3821 765">
    <p class='ocr_par' dir='ltr' id='par_1_4' title="bbox 572 687 3821 765">
     <span class='ocr_line' id='line_1_4' title="bbox 572 687 3821 765; baseline 0.001 -21"><span class='ocrx_word' id='word_1_40' title='bbox 572 693 706 764; x_wconf 89' lang='lat' dir='ltr'><strong><em>quiis</em></strong></span> <span class='ocrx_word' id='word_1_41' title='bbox 754 690 883 759; x_wconf 80' lang='lat' dir='ltr'><strong><em>(lib.</em></strong></span> <span class='ocrx_word' id='word_1_42' title='bbox 916 707 968 753; x_wconf 87' lang='grc' dir='ltr'><strong><em>ι,</em></strong></span> <span class='ocrx_word' id='word_1_43' title='bbox 1002 706 1083 755; x_wconf 87' lang='lat' dir='ltr'><strong><em>ep.</em></strong></span> <span class='ocrx_word' id='word_1_44' title='bbox 1118 689 1213 752; x_wconf 81' lang='lat'><strong><em>55;</em></strong></span> <span class='ocrx_word' id='word_1_45' title='bbox 1249 690 1314 756; x_wconf 89' lang='lat' dir='ltr'><strong><em>cf.</em></strong></span> <span class='ocrx_word' id='word_1_46' title='bbox 1344 688 1431 740; x_wconf 89' lang='lat' dir='ltr'><strong><em>lib.</em></strong></span> <span class='ocrx_word' id='word_1_47' title='bbox 1460 703 1495 740; x_wconf 89' lang='lat' dir='ltr'><strong><em>Il</em></strong></span> <span class='ocrx_word' id='word_1_48' title='bbox 1518 728 1532 751; x_wconf 96' lang='lat'><strong><em>,</em></strong></span> <span class='ocrx_word' id='word_1_49' title='bbox 1561 704 1643 756; x_wconf 89' lang='lat' dir='ltr'><strong><em>ep.</em></strong></span> <span class='ocrx_word' id='word_1_50' title='bbox 1677 687 1779 753; x_wconf 85' lang='lat'><strong><em>5),</em></strong></span> <span class='ocrx_word' id='word_1_51' title='bbox 1818 688 1881 739; x_wconf 85' lang='lat' dir='ltr'><strong><em>de</em></strong></span> <span class='ocrx_word' id='word_1_52' title='bbox 1921 698 2077 739; x_wconf 88' lang='lat' dir='ltr'><strong><em>cantu</em></strong></span> <span class='ocrx_word' id='word_1_53' title='bbox 2110 688 2387 741; x_wconf 84' lang='lat' dir='ltr'><strong><em>mulierum</em></strong></span> <span class='ocrx_word' id='word_1_54' title='bbox 2414 690 2467 739; x_wconf 91' lang='lat' dir='ltr'><strong><em>in</em></strong></span> <span class='ocrx_word' id='word_1_55' title='bbox 2490 690 2713 743; x_wconf 87' lang='lat' dir='ltr'><strong><em>ecclesiis</em></strong></span> <span class='ocrx_word' id='word_1_56' title='bbox 2738 690 2847 755; x_wconf 82' lang='lat' dir='ltr'><strong><em>(lib.</em></strong></span> <span class='ocrx_word' id='word_1_57' title='bbox 2878 705 2913 752; x_wconf 87' lang='grc' dir='ltr'><strong><em>ι,</em></strong></span> <span class='ocrx_word' id='word_1_58' title='bbox 2941 707 3021 758; x_wconf 88' lang='lat' dir='ltr'><strong><em>ep.</em></strong></span> <span class='ocrx_word' id='word_1_59' title='bbox 3054 690 3165 759; x_wconf 85' lang='lat'><strong><em>90),</em></strong></span> <span class='ocrx_word' id='word_1_60' title='bbox 3199 693 3261 744; x_wconf 89' lang='lat' dir='ltr'><strong><em>de</em></strong></span> <span class='ocrx_word' id='word_1_61' title='bbox 3283 694 3514 760; x_wconf 77' lang='lat' dir='ltr'><strong><em>formula</em></strong></span> <span class='ocrx_word' id='word_1_62' title='bbox 3551 710 3569 746; x_wconf 83' lang='lat'><strong><em>.&#39;</em></strong></span> <span class='ocrx_word' id='word_1_63' title='bbox 3611 696 3821 765; x_wconf 76' lang='grc' dir='ltr'>Εἰρήνη</span> 
     </span>
    </p>
   </div>
   <div class='ocr_carea' id='block_1_5' title="bbox 574 783 3821 857">
    <p class='ocr_par' dir='ltr' id='par_1_5' title="bbox 574 783 3821 857">
     <span class='ocr_line' id='line_1_5' title="bbox 574 783 3821 857; baseline 0.001 -18"><span class='ocrx_word' id='word_1_64' title='bbox 574 788 720 855; x_wconf 76' lang='grc' dir='ltr'><strong><em>ὑμῖν,</em></strong></span> <span class='ocrx_word' id='word_1_65' title='bbox 756 803 859 857; x_wconf 90' lang='lat' dir='ltr'><strong><em>qua</em></strong></span> <span class='ocrx_word' id='word_1_66' title='bbox 906 786 1198 839; x_wconf 86' lang='lat' dir='ltr'><strong><em>sacerdotes</em></strong></span> <span class='ocrx_word' id='word_1_67' title='bbox 1235 784 1325 835; x_wconf 93' lang='lat' dir='ltr'><strong><em>illo</em></strong></span> <span class='ocrx_word' id='word_1_68' title='bbox 1368 791 1595 850; x_wconf 84' lang='lat' dir='ltr'><strong><em>tempore</em></strong></span> <span class='ocrx_word' id='word_1_69' title='bbox 1637 783 1999 835; x_wconf 78' lang='lat' dir='ltr'><strong><em>concionantes</em></strong></span> <span class='ocrx_word' id='word_1_70' title='bbox 2043 784 2120 835; x_wconf 90' lang='lat' dir='ltr'><strong><em>uti</em></strong></span> <span class='ocrx_word' id='word_1_71' title='bbox 2161 795 2551 843; x_wconf 79' lang='lat' dir='ltr'><strong><em>consueverunt,</em></strong></span> <span class='ocrx_word' id='word_1_72' title='bbox 2581 786 2983 854; x_wconf 83' lang='lat' dir='ltr'><strong><em>auditorumque</em></strong></span> <span class='ocrx_word' id='word_1_73' title='bbox 3010 788 3079 839; x_wconf 92' lang='lat' dir='ltr'><strong><em>ad</em></strong></span> <span class='ocrx_word' id='word_1_74' title='bbox 3108 787 3225 840; x_wconf 89' lang='lat' dir='ltr'><strong><em>illos</em></strong></span> <span class='ocrx_word' id='word_1_75' title='bbox 3255 791 3599 856; x_wconf 70' lang='lat' dir='ltr'><strong><em>responsione</em></strong></span> <span class='ocrx_word' id='word_1_76' title='bbox 3634 790 3751 857; x_wconf 88' lang='lat' dir='ltr'><strong><em>(lib.</em></strong></span> <span class='ocrx_word' id='word_1_77' title='bbox 3783 806 3821 855; x_wconf 81' lang='lat' dir='ltr'><strong><em>I,</em></strong></span> 
     </span>
    </p>
   </div>
   <div class='ocr_carea' id='block_1_6' title="bbox 581 876 3827 951">
    <p class='ocr_par' dir='ltr' id='par_1_6' title="bbox 581 876 3827 951">
     <span class='ocr_line' id='line_1_6' title="bbox 581 876 3827 951; baseline 0.001 -19"><span class='ocrx_word' id='word_1_78' title='bbox 581 896 663 945; x_wconf 78' lang='lat' dir='ltr'><strong><em>cp.</em></strong></span> <span class='ocrx_word' id='word_1_79' title='bbox 696 879 818 947; x_wconf 71' lang='grc'><strong><em>122)</em></strong></span> <span class='ocrx_word' id='word_1_80' title='bbox 840 921 852 944; x_wconf 87' lang='grc'>,</span> <span class='ocrx_word' id='word_1_81' title='bbox 879 880 940 933; x_wconf 89' lang='lat' dir='ltr'><strong><em>de</em></strong></span> <span class='ocrx_word' id='word_1_82' title='bbox 976 879 1132 931; x_wconf 89' lang='lat' dir='ltr'><strong><em>linteo</em></strong></span> <span class='ocrx_word' id='word_1_83' title='bbox 1161 876 1297 946; x_wconf 83' lang='lat' dir='ltr'><strong><em>quod</em></strong></span> <span class='ocrx_word' id='word_1_84' title='bbox 1327 877 1539 930; x_wconf 89' lang='lat' dir='ltr'><strong><em>diaconi</em></strong></span> <span class='ocrx_word' id='word_1_85' title='bbox 1577 892 1783 929; x_wconf 89' lang='lat' dir='ltr'><strong><em>sacram</em></strong></span> <span class='ocrx_word' id='word_1_86' title='bbox 1814 876 2128 929; x_wconf 86' lang='lat' dir='ltr'><strong><em>celebrantes</em></strong></span> <span class='ocrx_word' id='word_1_87' title='bbox 2150 892 2347 929; x_wconf 74' lang='lat' dir='ltr'><strong><em>caenam</em></strong></span> <span class='ocrx_word' id='word_1_88' title='bbox 2374 877 2713 930; x_wconf 83' lang='lat' dir='ltr'><strong><em>adhibuerunt</em></strong></span> <span class='ocrx_word' id='word_1_89' title='bbox 2747 878 2858 947; x_wconf 80' lang='lat' dir='ltr'><strong><em>(lib.</em></strong></span> <span class='ocrx_word' id='word_1_90' title='bbox 2894 895 2941 942; x_wconf 82' lang='grc' dir='ltr'><strong><em>ι,</em></strong></span> <span class='ocrx_word' id='word_1_91' title='bbox 2976 895 3055 947; x_wconf 88' lang='lat' dir='ltr'><strong><em>ep.</em></strong></span> <span class='ocrx_word' id='word_1_92' title='bbox 3099 879 3242 949; x_wconf 69' lang='grc'><strong><em>136),</em></strong></span> <span class='ocrx_word' id='word_1_93' title='bbox 3272 890 3319 933; x_wconf 92' lang='lat' dir='ltr'><strong><em>et</em></strong></span> <span class='ocrx_word' id='word_1_94' title='bbox 3342 882 3404 933; x_wconf 91' lang='lat' dir='ltr'><strong><em>de</em></strong></span> <span class='ocrx_word' id='word_1_95' title='bbox 3433 884 3626 949; x_wconf 76' lang='lat' dir='ltr'><strong><em>parvis</em></strong></span> <span class='ocrx_word' id='word_1_96' title='bbox 3649 924 3663 943; x_wconf 88' lang='lat'><strong><em>,</em></strong></span> <span class='ocrx_word' id='word_1_97' title='bbox 3710 900 3827 951; x_wconf 83' lang='lat' dir='ltr'><strong><em>qua:</em></strong></span> 
     </span>
    </p>
   </div>
   <div class='ocr_carea' id='block_1_7' title="bbox 576 970 3829 1045">
    <p class='ocr_par' dir='ltr' id='par_1_7' title="bbox 576 970 3829 1045">
     <span class='ocr_line' id='line_1_7' title="bbox 576 970 3829 1045; baseline 0.001 -17"><span class='ocrx_word' id='word_1_98' title='bbox 576 976 816 1029; x_wconf 76' lang='lat' dir='ltr'><strong><em>mulieres</em></strong></span> <span class='ocrx_word' id='word_1_99' title='bbox 838 984 1122 1045; x_wconf 71' lang='lat' dir='ltr'><strong><em>gestarant,</em></strong></span> <span class='ocrx_word' id='word_1_100' title='bbox 1158 974 1435 1042; x_wconf 83' lang='lat' dir='ltr'><strong><em>evangeliis</em></strong></span> <span class='ocrx_word' id='word_1_101' title='bbox 1457 972 1565 1039; x_wconf 90' lang='lat' dir='ltr'><strong><em>(lib.</em></strong></span> <span class='ocrx_word' id='word_1_102' title='bbox 1592 987 1649 1035; x_wconf 86' lang='lat' dir='ltr'><strong><em>tl,</em></strong></span> <span class='ocrx_word' id='word_1_103' title='bbox 1679 987 1758 1036; x_wconf 89' lang='lat' dir='ltr'><strong><em>ep.</em></strong></span> <span class='ocrx_word' id='word_1_104' title='bbox 1800 972 1931 1034; x_wconf 71' lang='lat'><strong><em>150;</em></strong></span> <span class='ocrx_word' id='word_1_105' title='bbox 1957 975 2051 1040; x_wconf 88' lang='lat' dir='ltr'><strong><em>cfr.</em></strong></span> <span class='ocrx_word' id='word_1_106' title='bbox 2084 970 2370 1025; x_wconf 81' lang='lat' dir='ltr'><strong><em>Comment.</em></strong></span> <span class='ocrx_word' id='word_1_107' title='bbox 2401 971 2526 1041; x_wconf 74' lang='lat' dir='ltr'><strong><em>[eo].</em></strong></span> <span class='ocrx_word' id='word_1_108' title='bbox 2547 973 2613 1026; x_wconf 83' lang='lat'><strong>97</strong></span> <span class='ocrx_word' id='word_1_109' title='bbox 2640 972 2704 1043; x_wconf 85' lang='lat' dir='ltr'><strong><em>A]</em></strong></span> <span class='ocrx_word' id='word_1_110' title='bbox 2728 976 2762 1041; x_wconf 94' lang='lat'><strong><em>).</em></strong></span> <span class='ocrx_word' id='word_1_111' title='bbox 2790 974 2967 1042; x_wconf 78' lang='lat' dir='ltr'><strong><em>Neque</em></strong></span> <span class='ocrx_word' id='word_1_112' title='bbox 2998 979 3411 1041; x_wconf 79' lang='lat' dir='ltr'><strong><em>prtetereundum</em></strong></span> <span class='ocrx_word' id='word_1_113' title='bbox 3434 988 3509 1031; x_wconf 88' lang='lat' dir='ltr'><strong><em>est</em></strong></span> <span class='ocrx_word' id='word_1_114' title='bbox 3537 986 3689 1045; x_wconf 76' lang='lat' dir='ltr'><strong><em>quod</em></strong></span> <span class='ocrx_word' id='word_1_115' title='bbox 3718 990 3829 1031; x_wconf 90' lang='lat' dir='ltr'><strong><em>tum</em></strong></span> 
     </span>
    </p>
   </div>
   <div class='ocr_carea' id='block_1_8' title="bbox 578 1062 3833 1136">
    <p class='ocr_par' dir='ltr' id='par_1_8' title="bbox 578 1062 3833 1136">
     <span class='ocr_line' id='line_1_8' title="bbox 578 1062 3833 1136; baseline 0 -15"><span class='ocrx_word' id='word_1_116' title='bbox 578 1065 697 1121; x_wconf 88' lang='lat' dir='ltr'><strong><em>aliis</em></strong></span> <span class='ocrx_word' id='word_1_117' title='bbox 728 1067 1061 1127; x_wconf 85' lang='lat' dir='ltr'><strong><em>testimoniis,</em></strong></span> <span class='ocrx_word' id='word_1_118' title='bbox 1101 1074 1207 1117; x_wconf 91' lang='lat' dir='ltr'><strong><em>tum</em></strong></span> <span class='ocrx_word' id='word_1_119' title='bbox 1245 1064 1431 1118; x_wconf 85' lang='lat' dir='ltr'><strong><em>Isidori</em></strong></span> <span class='ocrx_word' id='word_1_120' title='bbox 1459 1064 1779 1131; x_wconf 88' lang='lat' dir='ltr'><strong><em>potissimum</em></strong></span> <span class='ocrx_word' id='word_1_121' title='bbox 1822 1062 2037 1128; x_wconf 83' lang='lat' dir='ltr'><strong><em>epistola</em></strong></span> <span class='ocrx_word' id='word_1_122' title='bbox 2081 1065 2149 1115; x_wconf 91' lang='lat' dir='ltr'><strong><em>ad</em></strong></span> <span class='ocrx_word' id='word_1_123' title='bbox 2194 1064 2447 1131; x_wconf 80' lang='lat' dir='ltr'><strong><em>Cyrillum</em></strong></span> <span class='ocrx_word' id='word_1_124' title='bbox 2492 1067 2616 1116; x_wconf 86' lang='lat' dir='ltr'><strong><em>data</em></strong></span> <span class='ocrx_word' id='word_1_125' title='bbox 2651 1065 2761 1127; x_wconf 86' lang='lat' dir='ltr'><strong><em>(lib.</em></strong></span> <span class='ocrx_word' id='word_1_126' title='bbox 2800 1082 2870 1127; x_wconf 84' lang='lat' dir='ltr'><strong><em>tl,</em></strong></span> <span class='ocrx_word' id='word_1_127' title='bbox 2910 1083 2989 1133; x_wconf 89' lang='lat' dir='ltr'><strong><em>ep.</em></strong></span> <span class='ocrx_word' id='word_1_128' title='bbox 3026 1067 3148 1136; x_wconf 72' lang='lat'><strong><em>127)</em></strong></span> <span class='ocrx_word' id='word_1_129' title='bbox 3172 1108 3187 1133; x_wconf 89' lang='lat'><strong><em>,</em></strong></span> <span class='ocrx_word' id='word_1_130' title='bbox 3220 1068 3538 1122; x_wconf 87' lang='lat' dir='ltr'><strong><em>Emmanuel</em></strong></span> <span class='ocrx_word' id='word_1_131' title='bbox 3578 1088 3612 1122; x_wconf 87' lang='lat' dir='ltr'><strong><em>a</em></strong></span> <span class='ocrx_word' id='word_1_132' title='bbox 3650 1066 3833 1123; x_wconf 82' lang='lat' dir='ltr'><strong><em>Schel-</em></strong></span> 
     </span>
    </p>
   </div>
   <div class='ocr_carea' id='block_1_9' title="bbox 571 1151 3827 1229">
    <p class='ocr_par' dir='ltr' id='par_1_9' title="bbox 571 1151 3827 1229">
     <span class='ocr_line' id='line_1_9' title="bbox 571 1151 3827 1229; baseline 0.001 -19"><span class='ocrx_word' id='word_1_133' title='bbox 571 1165 733 1211; x_wconf 89' lang='lat' dir='ltr'><strong><em>strate</em></strong></span> <span class='ocrx_word' id='word_1_134' title='bbox 756 1156 809 1207; x_wconf 91' lang='lat' dir='ltr'><strong><em>in</em></strong></span> <span class='ocrx_word' id='word_1_135' title='bbox 836 1155 1169 1224; x_wconf 65' lang='lat' dir='ltr'><strong><em>Antiquitate</em></strong></span> <span class='ocrx_word' id='word_1_136' title='bbox 1211 1152 1463 1206; x_wconf 71' lang='lat' dir='ltr'><strong><em>Ecclesia.-</em></strong></span> <span class='ocrx_word' id='word_1_137' title='bbox 1494 1151 1962 1205; x_wconf 76' lang='lat' dir='ltr'><strong><em>dissertationibus</em></strong></span> <span class='ocrx_word' id='word_1_138' title='bbox 1994 1161 2048 1205; x_wconf 88' lang='lat' dir='ltr'><strong><em>et</em></strong></span> <span class='ocrx_word' id='word_1_139' title='bbox 2078 1153 2441 1205; x_wconf 79' lang='lat' dir='ltr'><strong><em>monumentis</em></strong></span> <span class='ocrx_word' id='word_1_140' title='bbox 2472 1154 2756 1220; x_wconf 76' lang='lat' dir='ltr'><strong><em>illustrata,</em></strong></span> <span class='ocrx_word' id='word_1_141' title='bbox 2782 1156 2963 1219; x_wconf 89' lang='lat' dir='ltr'><strong><em>vol.ll,</em></strong></span> <span class='ocrx_word' id='word_1_142' title='bbox 2983 1158 3108 1209; x_wconf 86' lang='lat' dir='ltr'><strong><em>diss.</em></strong></span> <span class='ocrx_word' id='word_1_143' title='bbox 3144 1175 3195 1219; x_wconf 86' lang='lat' dir='ltr'><strong><em>v,</em></strong></span> <span class='ocrx_word' id='word_1_144' title='bbox 3225 1175 3343 1226; x_wconf 87' lang='lat' dir='ltr'><strong><em>cap.</em></strong></span> <span class='ocrx_word' id='word_1_145' title='bbox 3372 1161 3425 1223; x_wconf 79' lang='lat'><strong><em>5,</em></strong></span> <span class='ocrx_word' id='word_1_146' title='bbox 3462 1158 3487 1229; x_wconf 63' lang='grc' dir='ltr'>δ</span> <span class='ocrx_word' id='word_1_147' title='bbox 3526 1161 3576 1225; x_wconf 83' lang='grc' dir='ltr'><strong><em>Ι,</em></strong></span> <span class='ocrx_word' id='word_1_148' title='bbox 3614 1178 3674 1228; x_wconf 85' lang='grc' dir='ltr'>ρ.</span> <span class='ocrx_word' id='word_1_149' title='bbox 3702 1161 3827 1225; x_wconf 77' lang='lat'><strong><em>368,</em></strong></span> 
     </span>
    </p>
   </div>
   <div class='ocr_carea' id='block_1_10' title="bbox 571 1246 3831 1324">
    <p class='ocr_par' dir='ltr' id='par_1_10' title="bbox 571 1246 3831 1324">
     <span class='ocr_line' id='line_1_10' title="bbox 571 1246 3831 1324; baseline 0.002 -21"><span class='ocrx_word' id='word_1_150' title='bbox 571 1252 693 1317; x_wconf 73' lang='lat'><strong><em>369,</em></strong></span> <span class='ocrx_word' id='word_1_151' title='bbox 734 1252 984 1311; x_wconf 88' lang='lat' dir='ltr'><strong><em>ostendit,</em></strong></span> <span class='ocrx_word' id='word_1_152' title='bbox 1021 1248 1361 1317; x_wconf 75' lang='lat' dir='ltr'><strong><em>metropolita:</em></strong></span> <span class='ocrx_word' id='word_1_153' title='bbox 1389 1246 1745 1300; x_wconf 67' lang='lat' dir='ltr'><strong><em>Alexandrino</em></strong></span> <span class='ocrx_word' id='word_1_154' title='bbox 1783 1248 1837 1300; x_wconf 88' lang='lat' dir='ltr'><strong><em>in</em></strong></span> <span class='ocrx_word' id='word_1_155' title='bbox 1880 1249 2114 1302; x_wconf 86' lang='lat' dir='ltr'><strong><em>omnibus</em></strong></span> <span class='ocrx_word' id='word_1_156' title='bbox 2143 1249 2358 1320; x_wconf 64' lang='lat' dir='ltr'><strong><em>ngypti</em></strong></span> <span class='ocrx_word' id='word_1_157' title='bbox 2387 1252 2659 1319; x_wconf 83' lang='lat' dir='ltr'><strong><em>provinciis</em></strong></span> <span class='ocrx_word' id='word_1_158' title='bbox 2702 1257 3023 1321; x_wconf 81' lang='lat' dir='ltr'><strong><em>presbyteros</em></strong></span> <span class='ocrx_word' id='word_1_159' title='bbox 3060 1255 3360 1319; x_wconf 88' lang='lat' dir='ltr'><strong><em>ordinandi,</em></strong></span> <span class='ocrx_word' id='word_1_160' title='bbox 3382 1258 3759 1324; x_wconf 81' lang='lat' dir='ltr'><strong><em>proscribendi</em></strong></span> <span class='ocrx_word' id='word_1_161' title='bbox 3785 1268 3831 1311; x_wconf 91' lang='lat' dir='ltr'><strong><em>et</em></strong></span> 
     </span>
    </p>
   </div>
   <div class='ocr_carea' id='block_1_11' title="bbox 574 1342 1581 1412">
    <p class='ocr_par' dir='ltr' id='par_1_11' title="bbox 574 1342 1581 1412">
     <span class='ocr_line' id='line_1_11' title="bbox 574 1342 1581 1412; baseline -0.005 -14"><span class='ocrx_word' id='word_1_162' title='bbox 574 1344 851 1398; x_wconf 82' lang='lat' dir='ltr'><strong><em>abdicandi</em></strong></span> <span class='ocrx_word' id='word_1_163' title='bbox 878 1342 967 1411; x_wconf 83' lang='lat' dir='ltr'><strong><em>jus</em></strong></span> <span class='ocrx_word' id='word_1_164' title='bbox 1002 1344 1157 1412; x_wconf 87' lang='lat' dir='ltr'><strong><em>fuisse</em></strong></span> <span class='ocrx_word' id='word_1_165' title='bbox 1190 1351 1237 1393; x_wconf 89' lang='lat' dir='ltr'><strong><em>et</em></strong></span> <span class='ocrx_word' id='word_1_166' title='bbox 1262 1348 1581 1410; x_wconf 87' lang='lat' dir='ltr'><strong><em>potestatem.</em></strong></span> 
     </span>
    </p>
   </div>
   <div class='ocr_carea' id='block_1_12' title="bbox 645 1432 3836 1507">
    <p class='ocr_par' dir='ltr' id='par_1_12' title="bbox 645 1432 3836 1507">
     <span class='ocr_line' id='line_1_12' title="bbox 645 1432 3836 1507; baseline 0.002 -18"><span class='ocrx_word' id='word_1_167' title='bbox 645 1435 839 1501; x_wconf 79' lang='lat' dir='ltr'><strong><em>Quibus</em></strong></span> <span class='ocrx_word' id='word_1_168' title='bbox 866 1434 1111 1503; x_wconf 74' lang='lat' dir='ltr'><strong><em>exemplis</em></strong></span> <span class='ocrx_word' id='word_1_169' title='bbox 1130 1474 1143 1497; x_wconf 98' lang='lat'><strong><em>,</em></strong></span> <span class='ocrx_word' id='word_1_170' title='bbox 1178 1443 1231 1485; x_wconf 91' lang='lat' dir='ltr'><strong><em>ut</em></strong></span> <span class='ocrx_word' id='word_1_171' title='bbox 1260 1432 1493 1501; x_wconf 82' lang='lat' dir='ltr'><strong><em>equidem</em></strong></span> <span class='ocrx_word' id='word_1_172' title='bbox 1520 1432 1764 1495; x_wconf 85' lang='lat' dir='ltr'><strong><em>arbitror,</em></strong></span> <span class='ocrx_word' id='word_1_173' title='bbox 1794 1434 1921 1486; x_wconf 90' lang='lat' dir='ltr'><strong><em>satis</em></strong></span> <span class='ocrx_word' id='word_1_174' title='bbox 1954 1449 2205 1502; x_wconf 87' lang='lat' dir='ltr'><strong><em>superque</em></strong></span> <span class='ocrx_word' id='word_1_175' title='bbox 2239 1435 2510 1503; x_wconf 81' lang='lat' dir='ltr'><strong><em>probatum</em></strong></span> <span class='ocrx_word' id='word_1_176' title='bbox 2548 1445 2640 1498; x_wconf 88' lang='lat' dir='ltr'><strong><em>est,</em></strong></span> <span class='ocrx_word' id='word_1_177' title='bbox 2672 1434 2863 1488; x_wconf 84' lang='lat' dir='ltr'><strong><em>Isidori</em></strong></span> <span class='ocrx_word' id='word_1_178' title='bbox 2888 1434 3167 1489; x_wconf 73' lang='lat' dir='ltr'><strong><em>Pelusiota:</em></strong></span> <span class='ocrx_word' id='word_1_179' title='bbox 3194 1439 3441 1507; x_wconf 79' lang='lat' dir='ltr'><strong><em>epistolas</em></strong></span> <span class='ocrx_word' id='word_1_180' title='bbox 3472 1441 3726 1495; x_wconf 74' lang='lat' dir='ltr'><strong><em>historice</em></strong></span> <span class='ocrx_word' id='word_1_181' title='bbox 3750 1459 3836 1495; x_wconf 84' lang='lat' dir='ltr'><strong><em>ec-</em></strong></span> 
     </span>
    </p>
   </div>
   <div class='ocr_carea' id='block_1_13' title="bbox 574 1526 3827 1599">
    <p class='ocr_par' dir='ltr' id='par_1_13' title="bbox 574 1526 3827 1599">
     <span class='ocr_line' id='line_1_13' title="bbox 574 1526 3827 1599; baseline 0 -15"><span class='ocrx_word' id='word_1_182' title='bbox 574 1530 876 1585; x_wconf 70' lang='lat' dir='ltr'><strong><em>clesiastica!</em></strong></span> <span class='ocrx_word' id='word_1_183' title='bbox 907 1527 1047 1578; x_wconf 83' lang='lat' dir='ltr'><strong><em>illius</em></strong></span> <span class='ocrx_word' id='word_1_184' title='bbox 1074 1526 1170 1580; x_wconf 79' lang='lat' dir='ltr'><strong><em>tevi</em></strong></span> <span class='ocrx_word' id='word_1_185' title='bbox 1203 1527 1526 1580; x_wconf 86' lang='lat' dir='ltr'><strong><em>studentibus</em></strong></span> <span class='ocrx_word' id='word_1_186' title='bbox 1566 1541 1755 1593; x_wconf 84' lang='lat' dir='ltr'><strong><em>magno</em></strong></span> <span class='ocrx_word' id='word_1_187' title='bbox 1784 1542 1890 1577; x_wconf 88' lang='lat' dir='ltr'><strong><em>esse</em></strong></span> <span class='ocrx_word' id='word_1_188' title='bbox 1913 1542 2057 1591; x_wconf 90' lang='lat' dir='ltr'><strong><em>posse</em></strong></span> <span class='ocrx_word' id='word_1_189' title='bbox 2088 1527 2237 1591; x_wconf 91' lang='lat' dir='ltr'><strong><em>usui,</em></strong></span> <span class='ocrx_word' id='word_1_190' title='bbox 2268 1545 2455 1598; x_wconf 88' lang='lat' dir='ltr'><strong><em>easque</em></strong></span> <span class='ocrx_word' id='word_1_191' title='bbox 2487 1529 2748 1597; x_wconf 79' lang='lat' dir='ltr'><strong><em>singulari</em></strong></span> <span class='ocrx_word' id='word_1_192' title='bbox 2785 1545 2885 1581; x_wconf 90' lang='lat' dir='ltr'><strong><em>non</em></strong></span> <span class='ocrx_word' id='word_1_193' title='bbox 2918 1530 3159 1599; x_wconf 85' lang='lat' dir='ltr'><strong><em>indignas</em></strong></span> <span class='ocrx_word' id='word_1_194' title='bbox 3184 1532 3357 1584; x_wconf 86' lang='lat' dir='ltr'><strong><em>studio</em></strong></span> <span class='ocrx_word' id='word_1_195' title='bbox 3378 1534 3659 1585; x_wconf 82' lang='lat' dir='ltr'><strong><em>habendas</em></strong></span> <span class='ocrx_word' id='word_1_196' title='bbox 3691 1547 3827 1585; x_wconf 89' lang='lat' dir='ltr'><strong><em>esse.</em></strong></span> 
     </span>
    </p>
   </div>
   <div class='ocr_carea' id='block_1_14' title="bbox 580 1614 3837 1689">
    <p class='ocr_par' dir='ltr' id='par_1_14' title="bbox 580 1614 3837 1689">
     <span class='ocr_line' id='line_1_14' title="bbox 580 1614 3837 1689; baseline 0.001 -17"><span class='ocrx_word' id='word_1_197' title='bbox 580 1619 692 1673; x_wconf 84' lang='lat' dir='ltr'><strong><em>Huc</em></strong></span> <span class='ocrx_word' id='word_1_198' title='bbox 736 1617 970 1677; x_wconf 89' lang='lat' dir='ltr'><strong><em>accedit,</em></strong></span> <span class='ocrx_word' id='word_1_199' title='bbox 1008 1616 1143 1682; x_wconf 89' lang='lat' dir='ltr'><strong><em>quod</em></strong></span> <span class='ocrx_word' id='word_1_200' title='bbox 1183 1631 1331 1668; x_wconf 91' lang='lat' dir='ltr'><strong><em>nemo</em></strong></span> <span class='ocrx_word' id='word_1_201' title='bbox 1361 1631 1538 1667; x_wconf 87' lang='lat' dir='ltr'><strong><em>eorum</em></strong></span> <span class='ocrx_word' id='word_1_202' title='bbox 1581 1615 1668 1684; x_wconf 87' lang='lat' dir='ltr'><strong><em>qui</em></strong></span> <span class='ocrx_word' id='word_1_203' title='bbox 1716 1614 1973 1683; x_wconf 79' lang='lat' dir='ltr'><strong><em>hucusque</em></strong></span> <span class='ocrx_word' id='word_1_204' title='bbox 2002 1616 2063 1666; x_wconf 90' lang='lat' dir='ltr'><strong><em>de</em></strong></span> <span class='ocrx_word' id='word_1_205' title='bbox 2092 1614 2292 1668; x_wconf 85' lang='lat' dir='ltr'><strong><em>Isidoro</em></strong></span> <span class='ocrx_word' id='word_1_206' title='bbox 2334 1620 2646 1686; x_wconf 82' lang='lat' dir='ltr'><strong><em>scripserunt</em></strong></span> <span class='ocrx_word' id='word_1_207' title='bbox 2678 1620 2774 1671; x_wconf 89' lang='lat' dir='ltr'><strong><em>viri</em></strong></span> <span class='ocrx_word' id='word_1_208' title='bbox 2807 1622 2961 1682; x_wconf 87' lang='lat' dir='ltr'><strong><em>docti,</em></strong></span> <span class='ocrx_word' id='word_1_209' title='bbox 2991 1621 3068 1672; x_wconf 87' lang='lat' dir='ltr'><strong><em>vel</em></strong></span> <span class='ocrx_word' id='word_1_210' title='bbox 3106 1623 3227 1689; x_wconf 85' lang='lat' dir='ltr'><strong><em>quia</em></strong></span> <span class='ocrx_word' id='word_1_211' title='bbox 3258 1622 3324 1673; x_wconf 88' lang='lat' dir='ltr'><strong><em>ab</em></strong></span> <span class='ocrx_word' id='word_1_212' title='bbox 3357 1639 3533 1676; x_wconf 89' lang='lat' dir='ltr'><strong><em>eorum</em></strong></span> <span class='ocrx_word' id='word_1_213' title='bbox 3571 1625 3837 1676; x_wconf 84' lang='lat' dir='ltr'><strong><em>instituto</em></strong></span> 
     </span>
    </p>
   </div>
   <div class='ocr_carea' id='block_1_15' title="bbox 576 1704 3838 1782">
    <p class='ocr_par' dir='ltr' id='par_1_15' title="bbox 576 1704 3838 1782">
     <span class='ocr_line' id='line_1_15' title="bbox 576 1704 3838 1782; baseline 0 -17"><span class='ocrx_word' id='word_1_214' title='bbox 576 1714 678 1782; x_wconf 85' lang='lat' dir='ltr'><strong><em>fuit</em></strong></span> <span class='ocrx_word' id='word_1_215' title='bbox 705 1712 958 1771; x_wconf 88' lang='lat' dir='ltr'><strong><em>alienum,</em></strong></span> <span class='ocrx_word' id='word_1_216' title='bbox 992 1709 1073 1760; x_wconf 87' lang='lat' dir='ltr'><strong><em>vel</em></strong></span> <span class='ocrx_word' id='word_1_217' title='bbox 1101 1706 1267 1759; x_wconf 88' lang='lat' dir='ltr'><strong><em>aliam</em></strong></span> <span class='ocrx_word' id='word_1_218' title='bbox 1291 1706 1353 1759; x_wconf 89' lang='lat' dir='ltr'><strong><em>ob</em></strong></span> <span class='ocrx_word' id='word_1_219' title='bbox 1388 1721 1601 1758; x_wconf 85' lang='lat' dir='ltr'><strong><em>causam</em></strong></span> <span class='ocrx_word' id='word_1_220' title='bbox 1635 1714 1780 1756; x_wconf 87' lang='lat' dir='ltr'><strong><em>tanta</em></strong></span> <span class='ocrx_word' id='word_1_221' title='bbox 1811 1704 2081 1772; x_wconf 86' lang='lat' dir='ltr'><strong><em>diligentia</em></strong></span> <span class='ocrx_word' id='word_1_222' title='bbox 2105 1746 2117 1765; x_wconf 90' lang='lat'><strong><em>,</em></strong></span> <span class='ocrx_word' id='word_1_223' title='bbox 2143 1717 2397 1773; x_wconf 90' lang='lat' dir='ltr'><strong><em>quantam</em></strong></span> <span class='ocrx_word' id='word_1_224' title='bbox 2434 1725 2513 1761; x_wconf 83' lang='lat' dir='ltr'><strong><em>res</em></strong></span> <span class='ocrx_word' id='word_1_225' title='bbox 2546 1710 2793 1776; x_wconf 85' lang='lat' dir='ltr'><strong><em>postulat,</em></strong></span> <span class='ocrx_word' id='word_1_226' title='bbox 2824 1715 2887 1763; x_wconf 88' lang='lat' dir='ltr'><strong><em>de</em></strong></span> <span class='ocrx_word' id='word_1_227' title='bbox 2912 1712 3022 1779; x_wconf 84' lang='lat' dir='ltr'><strong><em>ejus</em></strong></span> <span class='ocrx_word' id='word_1_228' title='bbox 3053 1713 3181 1773; x_wconf 85' lang='lat' dir='ltr'><strong><em>vita,</em></strong></span> <span class='ocrx_word' id='word_1_229' title='bbox 3220 1715 3426 1779; x_wconf 88' lang='lat' dir='ltr'><strong><em>scriptis</em></strong></span> <span class='ocrx_word' id='word_1_230' title='bbox 3471 1724 3519 1767; x_wconf 92' lang='lat' dir='ltr'><strong><em>et</em></strong></span> <span class='ocrx_word' id='word_1_231' title='bbox 3570 1715 3838 1766; x_wconf 80' lang='lat' dir='ltr'><strong><em>doctrina</em></strong></span> 
     </span>
    </p>
   </div>
   <div class='ocr_carea' id='block_1_16' title="bbox 574 1795 3837 1875">
    <p class='ocr_par' dir='ltr' id='par_1_16' title="bbox 574 1795 3837 1875">
     <span class='ocr_line' id='line_1_16' title="bbox 574 1795 3837 1875; baseline 0.001 -19"><span class='ocrx_word' id='word_1_232' title='bbox 574 1804 753 1875; x_wconf 79' lang='lat' dir='ltr'><strong><em>egerit.</em></strong></span> <span class='ocrx_word' id='word_1_233' title='bbox 810 1800 1103 1856; x_wconf 87' lang='lat' dir='ltr'><strong><em>Consentiet</em></strong></span> <span class='ocrx_word' id='word_1_234' title='bbox 1154 1814 1351 1852; x_wconf 89' lang='lat' dir='ltr'><strong><em>mecum</em></strong></span> <span class='ocrx_word' id='word_1_235' title='bbox 1384 1797 1471 1867; x_wconf 87' lang='lat' dir='ltr'><strong><em>qui</em></strong></span> <span class='ocrx_word' id='word_1_236' title='bbox 1502 1805 1858 1866; x_wconf 88' lang='lat' dir='ltr'><strong><em>perscrutatur</em></strong></span> <span class='ocrx_word' id='word_1_237' title='bbox 1899 1813 2014 1865; x_wconf 80' lang='lat' dir='ltr'><strong><em>qua:</em></strong></span> <span class='ocrx_word' id='word_1_238' title='bbox 2048 1795 2427 1863; x_wconf 85' lang='lat' dir='ltr'><strong><em>Tillemontius,</em></strong></span> <span class='ocrx_word' id='word_1_239' title='bbox 2462 1800 2595 1855; x_wconf 80' lang='lat' dir='ltr'><strong><em>Hist.</em></strong></span> <span class='ocrx_word' id='word_1_240' title='bbox 2630 1804 2790 1865; x_wconf 81' lang='lat' dir='ltr'><strong><em>ecc|.,</em></strong></span> <span class='ocrx_word' id='word_1_241' title='bbox 2822 1804 2921 1857; x_wconf 92' lang='lat' dir='ltr'><strong><em>vol.</em></strong></span> <span class='ocrx_word' id='word_1_242' title='bbox 2954 1804 3058 1863; x_wconf 78' lang='lat' dir='ltr'><strong><em>XV,</em></strong></span> <span class='ocrx_word' id='word_1_243' title='bbox 3088 1822 3139 1872; x_wconf 90' lang='lat' dir='ltr'><strong><em>p.</em></strong></span> <span class='ocrx_word' id='word_1_244' title='bbox 3173 1806 3237 1860; x_wconf 86' lang='lat'><strong><em>97</em></strong></span> <span class='ocrx_word' id='word_1_245' title='bbox 3272 1816 3320 1859; x_wconf 88' lang='lat' dir='ltr'><strong><em>et</em></strong></span> <span class='ocrx_word' id='word_1_246' title='bbox 3364 1808 3495 1873; x_wconf 68' lang='grc' dir='ltr'><strong><em>Μῦς</em></strong></span> <span class='ocrx_word' id='word_1_247' title='bbox 3529 1807 3837 1873; x_wconf 87' lang='lat' dir='ltr'><strong><em>Dupinius.</em></strong></span> 
     </span>
    </p>
   </div>
   <div class='ocr_carea' id='block_1_17' title="bbox 574 1886 3836 1960">
    <p class='ocr_par' dir='ltr' id='par_1_17' title="bbox 574 1886 3836 1960">
     <span class='ocr_line' id='line_1_17' title="bbox 574 1886 3836 1960; baseline 0.002 -12"><span class='ocrx_word' id='word_1_248' title='bbox 574 1900 709 1953; x_wconf 79' lang='lat' dir='ltr'><strong><em>Nov.</em></strong></span> <span class='ocrx_word' id='word_1_249' title='bbox 744 1904 885 1950; x_wconf 75' lang='lat' dir='ltr'><strong><em>auct.</em></strong></span> <span class='ocrx_word' id='word_1_250' title='bbox 917 1894 1052 1948; x_wconf 80' lang='lat' dir='ltr'><strong><em>ecel.</em></strong></span> <span class='ocrx_word' id='word_1_251' title='bbox 1089 1890 1383 1954; x_wconf 82' lang='lat' dir='ltr'><strong><em>Bibl.,&#39;vol.</em></strong></span> <span class='ocrx_word' id='word_1_252' title='bbox 1434 1886 1541 1952; x_wconf 88' lang='lat' dir='ltr'><strong><em>III,</em></strong></span> <span class='ocrx_word' id='word_1_253' title='bbox 1574 1896 1724 1955; x_wconf 88' lang='lat' dir='ltr'><strong><em>parte</em></strong></span> <span class='ocrx_word' id='word_1_254' title='bbox 1766 1902 1827 1949; x_wconf 82' lang='lat' dir='ltr'><strong><em>ll,</em></strong></span> <span class='ocrx_word' id='word_1_255' title='bbox 1859 1902 1911 1954; x_wconf 87' lang='lat' dir='ltr'><strong><em>p.</em></strong></span> <span class='ocrx_word' id='word_1_256' title='bbox 1963 1886 2131 1951; x_wconf 59' lang='lat' dir='ltr'><strong><em>4-H;</em></strong></span> <span class='ocrx_word' id='word_1_257' title='bbox 2180 1887 2467 1953; x_wconf 77' lang='lat' dir='ltr'><strong><em>Fabricius,</em></strong></span> <span class='ocrx_word' id='word_1_258' title='bbox 2501 1892 2601 1944; x_wconf 88' lang='lat' dir='ltr'><strong><em>vol.</em></strong></span> <span class='ocrx_word' id='word_1_259' title='bbox 2628 1891 2690 1953; x_wconf 78' lang='grc' dir='ltr'><strong><em>Χ,</em></strong></span> <span class='ocrx_word' id='word_1_260' title='bbox 2718 1909 2766 1960; x_wconf 92' lang='lat' dir='ltr'><strong><em>p.</em></strong></span> <span class='ocrx_word' id='word_1_261' title='bbox 2795 1893 2923 1957; x_wconf 61' lang='lat'><strong>478;</strong></span> <span class='ocrx_word' id='word_1_262' title='bbox 2971 1894 3284 1953; x_wconf 85' lang='lat' dir='ltr'><strong><em>Ceillierius.</em></strong></span> <span class='ocrx_word' id='word_1_263' title='bbox 3316 1897 3459 1954; x_wconf 77' lang='lat' dir='ltr'><strong><em>Hist.</em></strong></span> <span class='ocrx_word' id='word_1_264' title='bbox 3490 1908 3643 1952; x_wconf 79' lang='lat' dir='ltr'><strong><em>auct.</em></strong></span> <span class='ocrx_word' id='word_1_265' title='bbox 3682 1914 3836 1954; x_wconf 73' lang='lat' dir='ltr'><strong><em>sacr.</em></strong></span> 
     </span>
    </p>
   </div>
   <div class='ocr_carea' id='block_1_18' title="bbox 577 1981 3833 2058">
    <p class='ocr_par' dir='ltr' id='par_1_18' title="bbox 577 1981 3833 2058">
     <span class='ocr_line' id='line_1_18' title="bbox 577 1981 3833 2058; baseline -0.001 -11"><span class='ocrx_word' id='word_1_266' title='bbox 577 2002 633 2049; x_wconf 86' lang='lat' dir='ltr'><strong><em>et</em></strong></span> <span class='ocrx_word' id='word_1_267' title='bbox 661 1992 817 2055; x_wconf 82' lang='lat' dir='ltr'><strong><em>eccl.,</em></strong></span> <span class='ocrx_word' id='word_1_268' title='bbox 850 1988 947 2043; x_wconf 86' lang='lat' dir='ltr'><strong><em>vol.</em></strong></span> <span class='ocrx_word' id='word_1_269' title='bbox 981 1987 1133 2050; x_wconf 81' lang='lat' dir='ltr'><strong><em>XIII,</em></strong></span> <span class='ocrx_word' id='word_1_270' title='bbox 1168 2003 1221 2054; x_wconf 88' lang='lat' dir='ltr'><strong><em>p.</em></strong></span> <span class='ocrx_word' id='word_1_271' title='bbox 1261 1981 1557 2047; x_wconf 64' lang='lat'><strong><em>600-650;</em></strong></span> <span class='ocrx_word' id='word_1_272' title='bbox 1612 1981 2000 2045; x_wconf 69' lang='lat' dir='ltr'><strong><em>Schraeclslnus,</em></strong></span> <span class='ocrx_word' id='word_1_273' title='bbox 2046 1982 2182 2035; x_wconf 81' lang='lat' dir='ltr'><strong><em>Ilist.</em></strong></span> <span class='ocrx_word' id='word_1_274' title='bbox 2236 1984 2390 2043; x_wconf 83' lang='lat' dir='ltr'><strong><em>eccl..</em></strong></span> <span class='ocrx_word' id='word_1_275' title='bbox 2438 1986 2538 2038; x_wconf 79' lang='lat' dir='ltr'><strong><em>vol.</em></strong></span> <span class='ocrx_word' id='word_1_276' title='bbox 2588 1985 2758 2048; x_wconf 67' lang='lat' dir='ltr'><strong><em>XVII,</em></strong></span> <span class='ocrx_word' id='word_1_277' title='bbox 2815 2004 2867 2055; x_wconf 93' lang='lat' dir='ltr'><strong><em>p.</em></strong></span> <span class='ocrx_word' id='word_1_278' title='bbox 2925 1988 3017 2041; x_wconf 71' lang='grc'><strong><em>521</em></strong></span> <span class='ocrx_word' id='word_1_279' title='bbox 3055 1989 3223 2056; x_wconf 70' lang='lat' dir='ltr'><strong><em>-5&#39;2‘J;</em></strong></span> <span class='ocrx_word' id='word_1_280' title='bbox 3272 1989 3563 2044; x_wconf 83' lang='lat' dir='ltr'><strong><em>Richardus</em></strong></span> <span class='ocrx_word' id='word_1_281' title='bbox 3614 1991 3833 2058; x_wconf 84' lang='lat' dir='ltr'><strong><em>Simon,</em></strong></span> 
     </span>
    </p>
   </div>
   <div class='ocr_carea' id='block_1_19' title="bbox 577 2071 3836 2149">
    <p class='ocr_par' dir='ltr' id='par_1_19' title="bbox 577 2071 3836 2149">
     <span class='ocr_line' id='line_1_19' title="bbox 577 2071 3836 2149; baseline 0 -15"><span class='ocrx_word' id='word_1_282' title='bbox 577 2081 711 2135; x_wconf 86' lang='lat' dir='ltr'><strong><em>Crit.</em></strong></span> <span class='ocrx_word' id='word_1_283' title='bbox 747 2086 1100 2134; x_wconf 86' lang='lat' dir='ltr'><strong><em>commentat.</em></strong></span> <span class='ocrx_word' id='word_1_284' title='bbox 1136 2074 1201 2128; x_wconf 85' lang='lat' dir='ltr'><strong><em>N.</em></strong></span> <span class='ocrx_word' id='word_1_285' title='bbox 1236 2073 1297 2127; x_wconf 86' lang='grc' dir='ltr'><strong><em>Τ.</em></strong></span> <span class='ocrx_word' id='word_1_286' title='bbox 1335 2073 1489 2134; x_wconf 89' lang='lat' dir='ltr'><strong><em>hist.,</em></strong></span> <span class='ocrx_word' id='word_1_287' title='bbox 1540 2088 1655 2139; x_wconf 91' lang='lat' dir='ltr'><strong><em>cap.</em></strong></span> <span class='ocrx_word' id='word_1_288' title='bbox 1714 2071 1803 2133; x_wconf 67' lang='lat'><strong><em>‘21,</em></strong></span> <span class='ocrx_word' id='word_1_289' title='bbox 1862 2089 1913 2139; x_wconf 90' lang='lat' dir='ltr'><strong><em>p.</em></strong></span> <span class='ocrx_word' id='word_1_290' title='bbox 1946 2073 2242 2139; x_wconf 72' lang='lat'><strong><em>507-5“;</em></strong></span> <span class='ocrx_word' id='word_1_291' title='bbox 2285 2074 2775 2141; x_wconf 66' lang='lat' dir='ltr'><strong><em>Rosenmuellerus,</em></strong></span> <span class='ocrx_word' id='word_1_292' title='bbox 2832 2078 2968 2131; x_wconf 81' lang='lat' dir='ltr'><strong><em>Hist.</em></strong></span> <span class='ocrx_word' id='word_1_293' title='bbox 3037 2081 3266 2149; x_wconf 80' lang='lat' dir='ltr'><strong><em>interpr.</em></strong></span> <span class='ocrx_word' id='word_1_294' title='bbox 3315 2082 3420 2136; x_wconf 87' lang='lat' dir='ltr'><strong><em>LL.</em></strong></span> <span class='ocrx_word' id='word_1_295' title='bbox 3463 2082 3562 2138; x_wconf 78' lang='lat' dir='ltr'><strong><em>SS.</em></strong></span> <span class='ocrx_word' id='word_1_296' title='bbox 3618 2083 3687 2136; x_wconf 89' lang='lat' dir='ltr'><strong><em>P.</em></strong></span> <span class='ocrx_word' id='word_1_297' title='bbox 3759 2098 3836 2147; x_wconf 82' lang='lat' dir='ltr'><strong><em>Iv,</em></strong></span> 
     </span>
    </p>
   </div>
   <div class='ocr_carea' id='block_1_20' title="bbox 576 2161 3838 2244">
    <p class='ocr_par' dir='ltr' id='par_1_20' title="bbox 576 2161 3838 2244">
     <span class='ocr_line' id='line_1_20' title="bbox 576 2161 3838 2244; baseline 0.002 -22"><span class='ocrx_word' id='word_1_298' title='bbox 576 2185 630 2239; x_wconf 88' lang='lat' dir='ltr'><strong><em>p.</em></strong></span> <span class='ocrx_word' id='word_1_299' title='bbox 656 2168 906 2231; x_wconf 68' lang='grc'><strong><em>180-215,</em></strong></span> <span class='ocrx_word' id='word_1_300' title='bbox 940 2177 987 2221; x_wconf 89' lang='lat' dir='ltr'><strong><em>et</em></strong></span> <span class='ocrx_word' id='word_1_301' title='bbox 1019 2166 1377 2226; x_wconf 86' lang='lat' dir='ltr'><strong><em>Heumannus,</em></strong></span> <span class='ocrx_word' id='word_1_302' title='bbox 1412 2162 1550 2215; x_wconf 88' lang='lat' dir='ltr'><strong><em>Diss.</em></strong></span> <span class='ocrx_word' id='word_1_303' title='bbox 1584 2163 1648 2215; x_wconf 82' lang='lat' dir='ltr'><strong><em>de</em></strong></span> <span class='ocrx_word' id='word_1_304' title='bbox 1681 2161 1806 2213; x_wconf 87' lang='lat' dir='ltr'><strong><em>Isid.</em></strong></span> <span class='ocrx_word' id='word_1_305' title='bbox 1841 2161 1951 2215; x_wconf 82' lang='lat' dir='ltr'><strong><em>Pel.</em></strong></span> <span class='ocrx_word' id='word_1_306' title='bbox 1982 2162 2209 2233; x_wconf 80' lang='lat' dir='ltr'><strong><em>ejusque</em></strong></span> <span class='ocrx_word' id='word_1_307' title='bbox 2238 2180 2386 2234; x_wconf 85' lang='lat' dir='ltr'><strong><em>epp.,</em></strong></span> <span class='ocrx_word' id='word_1_308' title='bbox 2419 2169 2679 2233; x_wconf 71' lang='lat' dir='ltr'><strong><em>dixerunt,</em></strong></span> <span class='ocrx_word' id='word_1_309' title='bbox 2715 2185 2927 2239; x_wconf 65' lang='lat' dir='ltr'><strong><em>qua’que</em></strong></span> <span class='ocrx_word' id='word_1_310' title='bbox 2952 2171 3045 2223; x_wconf 89' lang='lat' dir='ltr'><strong><em>alii</em></strong></span> <span class='ocrx_word' id='word_1_311' title='bbox 3076 2184 3166 2224; x_wconf 88' lang='lat' dir='ltr'><strong><em>aut</em></strong></span> <span class='ocrx_word' id='word_1_312' title='bbox 3192 2176 3373 2239; x_wconf 84' lang='lat' dir='ltr'><strong><em>paucis</em></strong></span> <span class='ocrx_word' id='word_1_313' title='bbox 3397 2191 3597 2227; x_wconf 86' lang='lat' dir='ltr'><strong><em>omnem</em></strong></span> <span class='ocrx_word' id='word_1_314' title='bbox 3624 2176 3697 2228; x_wconf 84' lang='lat' dir='ltr'><strong><em>de</em></strong></span> <span class='ocrx_word' id='word_1_315' title='bbox 3718 2176 3838 2244; x_wconf 79' lang='lat' dir='ltr'><strong><em>ejus</em></strong></span> 
     </span>
    </p>
   </div>
   <div class='ocr_carea' id='block_1_21' title="bbox 577 2252 3399 2331">
    <p class='ocr_par' dir='ltr' id='par_1_21' title="bbox 577 2252 3399 2331">
     <span class='ocr_line' id='line_1_21' title="bbox 577 2252 3399 2331; baseline 0 -12"><span class='ocrx_word' id='word_1_316' title='bbox 577 2267 705 2329; x_wconf 88' lang='lat' dir='ltr'><strong><em>vita,</em></strong></span> <span class='ocrx_word' id='word_1_317' title='bbox 739 2263 945 2329; x_wconf 87' lang='lat' dir='ltr'><strong><em>scriptis</em></strong></span> <span class='ocrx_word' id='word_1_318' title='bbox 970 2269 1016 2313; x_wconf 89' lang='lat' dir='ltr'><strong><em>et</em></strong></span> <span class='ocrx_word' id='word_1_319' title='bbox 1047 2258 1282 2312; x_wconf 85' lang='lat' dir='ltr'><strong><em>doctrina</em></strong></span> <span class='ocrx_word' id='word_1_320' title='bbox 1309 2254 1725 2323; x_wconf 84' lang='lat' dir='ltr'><strong><em>disquisitionem</em></strong></span> <span class='ocrx_word' id='word_1_321' title='bbox 1751 2252 2087 2317; x_wconf 80' lang='lat' dir='ltr'><strong><em>absolventes,</em></strong></span> <span class='ocrx_word' id='word_1_322' title='bbox 2116 2265 2209 2308; x_wconf 91' lang='lat' dir='ltr'><strong><em>aut</em></strong></span> <span class='ocrx_word' id='word_1_323' title='bbox 2235 2258 2296 2310; x_wconf 89' lang='lat' dir='ltr'><strong><em>de</em></strong></span> <span class='ocrx_word' id='word_1_324' title='bbox 2319 2259 2395 2310; x_wconf 85' lang='lat' dir='ltr'><strong><em>his</em></strong></span> <span class='ocrx_word' id='word_1_325' title='bbox 2425 2259 2573 2311; x_wconf 87' lang='lat' dir='ltr'><strong><em>rebus</em></strong></span> <span class='ocrx_word' id='word_1_326' title='bbox 2599 2262 2819 2313; x_wconf 74' lang='lat' dir='ltr'><strong><em>strictim</em></strong></span> <span class='ocrx_word' id='word_1_327' title='bbox 2849 2273 3059 2331; x_wconf 85' lang='lat' dir='ltr'><strong><em>agentes</em></strong></span> <span class='ocrx_word' id='word_1_328' title='bbox 3088 2265 3399 2319; x_wconf 88' lang='lat' dir='ltr'><strong><em>attulerunt.</em></strong></span> 
     </span>
    </p>
   </div>
   <div class='ocr_carea' id='block_1_22' title="bbox 646 2348 3837 2429">
    <p class='ocr_par' dir='ltr' id='par_1_22' title="bbox 646 2348 3837 2429">
     <span class='ocr_line' id='line_1_22' title="bbox 646 2348 3837 2429; baseline 0 -15"><span class='ocrx_word' id='word_1_329' title='bbox 646 2358 747 2414; x_wconf 86' lang='lat' dir='ltr'><strong><em>Sed</em></strong></span> <span class='ocrx_word' id='word_1_330' title='bbox 777 2374 838 2411; x_wconf 91' lang='lat' dir='ltr'><strong><em>ne</em></strong></span> <span class='ocrx_word' id='word_1_331' title='bbox 867 2356 980 2426; x_wconf 89' lang='lat' dir='ltr'><strong><em>quis</em></strong></span> <span class='ocrx_word' id='word_1_332' title='bbox 1007 2355 1061 2406; x_wconf 92' lang='lat' dir='ltr'><strong><em>in</em></strong></span> <span class='ocrx_word' id='word_1_333' title='bbox 1085 2354 1182 2404; x_wconf 82' lang='lat' dir='ltr'><strong><em>hac</em></strong></span> <span class='ocrx_word' id='word_1_334' title='bbox 1214 2350 1643 2403; x_wconf 89' lang='lat' dir='ltr'><strong><em>commentatione</em></strong></span> <span class='ocrx_word' id='word_1_335' title='bbox 1677 2348 1841 2417; x_wconf 89' lang='lat' dir='ltr'><strong><em>magis</em></strong></span> <span class='ocrx_word' id='word_1_336' title='bbox 1869 2348 2139 2417; x_wconf 87' lang='lat' dir='ltr'><strong><em>quidpiam</em></strong></span> <span class='ocrx_word' id='word_1_337' title='bbox 2172 2352 2400 2420; x_wconf 87' lang='lat' dir='ltr'><strong><em>requirat</em></strong></span> <span class='ocrx_word' id='word_1_338' title='bbox 2424 2370 2583 2421; x_wconf 89' lang='lat' dir='ltr'><strong><em>quam</em></strong></span> <span class='ocrx_word' id='word_1_339' title='bbox 2613 2356 2721 2421; x_wconf 89' lang='lat' dir='ltr'><strong><em>ipse</em></strong></span> <span class='ocrx_word' id='word_1_340' title='bbox 2750 2364 2841 2407; x_wconf 90' lang='lat' dir='ltr'><strong><em>aut</em></strong></span> <span class='ocrx_word' id='word_1_341' title='bbox 2867 2356 3004 2408; x_wconf 81' lang='lat' dir='ltr'><strong><em>volui</em></strong></span> <span class='ocrx_word' id='word_1_342' title='bbox 3033 2366 3286 2425; x_wconf 70' lang='lat' dir='ltr'><strong><em>prwstare</em></strong></span> <span class='ocrx_word' id='word_1_343' title='bbox 3314 2370 3406 2411; x_wconf 90' lang='lat' dir='ltr'><strong><em>aut</em></strong></span> <span class='ocrx_word' id='word_1_344' title='bbox 3441 2361 3616 2429; x_wconf 86' lang='lat' dir='ltr'><strong><em>potui,</em></strong></span> <span class='ocrx_word' id='word_1_345' title='bbox 3662 2368 3837 2414; x_wconf 78' lang='lat' dir='ltr'><strong><em>restat</em></strong></span> 
     </span>
    </p>
   </div>
   <div class='ocr_carea' id='block_1_23' title="bbox 578 2444 1758 2505">
    <p class='ocr_par' dir='ltr' id='par_1_23' title="bbox 578 2444 1758 2505">
     <span class='ocr_line' id='line_1_23' title="bbox 578 2444 1758 2505; baseline -0.009 0"><span class='ocrx_word' id='word_1_346' title='bbox 578 2461 636 2505; x_wconf 86' lang='lat' dir='ltr'><strong><em>ut</em></strong></span> <span class='ocrx_word' id='word_1_347' title='bbox 665 2455 727 2504; x_wconf 90' lang='lat' dir='ltr'><strong><em>de</em></strong></span> <span class='ocrx_word' id='word_1_348' title='bbox 753 2449 982 2503; x_wconf 86' lang='lat' dir='ltr'><strong><em>instituti</em></strong></span> <span class='ocrx_word' id='word_1_349' title='bbox 1012 2448 1215 2499; x_wconf 89' lang='lat' dir='ltr'><strong><em>ratione</em></strong></span> <span class='ocrx_word' id='word_1_350' title='bbox 1242 2444 1461 2497; x_wconf 85' lang='lat' dir='ltr'><strong><em>breviter</em></strong></span> <span class='ocrx_word' id='word_1_351' title='bbox 1486 2444 1758 2496; x_wconf 86' lang='lat' dir='ltr'><strong><em>disseram.</em></strong></span> 
     </span>
    </p>
   </div>
   <div class='ocr_carea' id='block_1_24' title="bbox 648 2534 3834 2617">
    <p class='ocr_par' dir='ltr' id='par_1_24' title="bbox 648 2534 3834 2617">
     <span class='ocr_line' id='line_1_24' title="bbox 648 2534 3834 2617; baseline 0.002 -20"><span class='ocrx_word' id='word_1_352' title='bbox 648 2542 775 2607; x_wconf 78' lang='lat' dir='ltr'><strong><em>Qua:</em></strong></span> <span class='ocrx_word' id='word_1_353' title='bbox 796 2542 922 2595; x_wconf 86' lang='lat' dir='ltr'><strong><em>mihi</em></strong></span> <span class='ocrx_word' id='word_1_354' title='bbox 953 2550 1062 2592; x_wconf 89' lang='lat' dir='ltr'><strong><em>tum</em></strong></span> <span class='ocrx_word' id='word_1_355' title='bbox 1091 2554 1153 2592; x_wconf 76' lang='lat' dir='ltr'><strong><em>ex</em></strong></span> <span class='ocrx_word' id='word_1_356' title='bbox 1185 2538 1349 2604; x_wconf 89' lang='lat' dir='ltr'><strong><em>ipsius</em></strong></span> <span class='ocrx_word' id='word_1_357' title='bbox 1384 2534 1598 2598; x_wconf 90' lang='lat' dir='ltr'><strong><em>lsidori,</em></strong></span> <span class='ocrx_word' id='word_1_358' title='bbox 1632 2545 1738 2587; x_wconf 88' lang='lat' dir='ltr'><strong><em>tum</em></strong></span> <span class='ocrx_word' id='word_1_359' title='bbox 1770 2552 1831 2589; x_wconf 72' lang='lat' dir='ltr'><strong><em>ex</em></strong></span> <span class='ocrx_word' id='word_1_360' title='bbox 1858 2535 2083 2589; x_wconf 84' lang='lat' dir='ltr'><strong><em>aliorum</em></strong></span> <span class='ocrx_word' id='word_1_361' title='bbox 2116 2536 2339 2591; x_wconf 84' lang='lat' dir='ltr'><strong><em>Patrum</em></strong></span> <span class='ocrx_word' id='word_1_362' title='bbox 2373 2542 2577 2611; x_wconf 88' lang='lat' dir='ltr'><strong><em>scriptis</em></strong></span> <span class='ocrx_word' id='word_1_363' title='bbox 2609 2543 2671 2595; x_wconf 90' lang='lat' dir='ltr'><strong><em>de</em></strong></span> <span class='ocrx_word' id='word_1_364' title='bbox 2692 2543 2835 2596; x_wconf 87' lang='lat' dir='ltr'><strong><em>illius</em></strong></span> <span class='ocrx_word' id='word_1_365' title='bbox 2855 2545 2963 2596; x_wconf 88' lang='lat' dir='ltr'><strong><em>vita</em></strong></span> <span class='ocrx_word' id='word_1_366' title='bbox 2989 2547 3347 2611; x_wconf 83' lang='lat' dir='ltr'><strong><em>innatuerunt,</em></strong></span> <span class='ocrx_word' id='word_1_367' title='bbox 3376 2548 3428 2600; x_wconf 90' lang='lat' dir='ltr'><strong><em>in</em></strong></span> <span class='ocrx_word' id='word_1_368' title='bbox 3457 2550 3627 2616; x_wconf 88' lang='lat' dir='ltr'><strong><em>prima</em></strong></span> <span class='ocrx_word' id='word_1_369' title='bbox 3662 2565 3834 2617; x_wconf 68' lang='lat' dir='ltr'><strong><em>expo—</em></strong></span> 
     </span>
    </p>
   </div>
   <div class='ocr_carea' id='block_1_25' title="bbox 577 2628 3098 2698">
    <p class='ocr_par' dir='ltr' id='par_1_25' title="bbox 577 2628 3098 2698">
     <span class='ocr_line' id='line_1_25' title="bbox 577 2628 3098 2698; baseline -0.001 -7"><span class='ocrx_word' id='word_1_370' title='bbox 577 2638 661 2691; x_wconf 81' lang='lat' dir='ltr'><strong><em>sui</em></strong></span> <span class='ocrx_word' id='word_1_371' title='bbox 683 2632 1131 2689; x_wconf 85' lang='lat' dir='ltr'><strong><em>commentationis</em></strong></span> <span class='ocrx_word' id='word_1_372' title='bbox 1162 2638 1331 2697; x_wconf 88' lang='lat' dir='ltr'><strong><em>parte,</em></strong></span> <span class='ocrx_word' id='word_1_373' title='bbox 1365 2644 1525 2698; x_wconf 87' lang='lat' dir='ltr'><strong><em>neque</em></strong></span> <span class='ocrx_word' id='word_1_374' title='bbox 1553 2629 1645 2680; x_wconf 86' lang='lat' dir='ltr'><strong><em>hoc</em></strong></span> <span class='ocrx_word' id='word_1_375' title='bbox 1674 2628 1782 2679; x_wconf 90' lang='lat' dir='ltr'><strong><em>loco</em></strong></span> <span class='ocrx_word' id='word_1_376' title='bbox 1806 2628 2089 2696; x_wconf 84' lang='lat' dir='ltr'><strong><em>quidquam</em></strong></span> <span class='ocrx_word' id='word_1_377' title='bbox 2119 2630 2417 2682; x_wconf 84' lang='lat' dir='ltr'><strong><em>addendum</em></strong></span> <span class='ocrx_word' id='word_1_378' title='bbox 2448 2643 2540 2685; x_wconf 89' lang='lat' dir='ltr'><strong><em>aut</em></strong></span> <span class='ocrx_word' id='word_1_379' title='bbox 2578 2637 2969 2687; x_wconf 83' lang='lat' dir='ltr'><strong><em>retractandum</em></strong></span> <span class='ocrx_word' id='word_1_380' title='bbox 3002 2648 3098 2689; x_wconf 89' lang='lat' dir='ltr'><strong><em>est.</em></strong></span> 
     </span>
    </p>
   </div>
   <div class='ocr_carea' id='block_1_26' title="bbox 648 2718 3833 2800">
    <p class='ocr_par' dir='ltr' id='par_1_26' title="bbox 648 2718 3833 2800">
     <span class='ocr_line' id='line_1_26' title="bbox 648 2718 3833 2800; baseline 0 -19"><span class='ocrx_word' id='word_1_381' title='bbox 648 2725 887 2781; x_wconf 85' lang='lat' dir='ltr'><strong><em>Secunda</em></strong></span> <span class='ocrx_word' id='word_1_382' title='bbox 918 2739 1034 2778; x_wconf 87' lang='lat' dir='ltr'><strong><em>vero</em></strong></span> <span class='ocrx_word' id='word_1_383' title='bbox 1059 2724 1113 2775; x_wconf 91' lang='lat' dir='ltr'><strong><em>in</em></strong></span> <span class='ocrx_word' id='word_1_384' title='bbox 1145 2730 1293 2789; x_wconf 89' lang='lat' dir='ltr'><strong><em>parte</em></strong></span> <span class='ocrx_word' id='word_1_385' title='bbox 1310 2721 1372 2773; x_wconf 90' lang='lat' dir='ltr'><strong><em>de</em></strong></span> <span class='ocrx_word' id='word_1_386' title='bbox 1395 2718 1585 2772; x_wconf 88' lang='lat' dir='ltr'><strong><em>Isidori</em></strong></span> <span class='ocrx_word' id='word_1_387' title='bbox 1614 2718 1819 2786; x_wconf 86' lang='lat' dir='ltr'><strong><em>scriptis</em></strong></span> <span class='ocrx_word' id='word_1_388' title='bbox 1848 2720 2089 2771; x_wconf 77' lang='lat' dir='ltr'><strong><em>disserui.</em></strong></span> <span class='ocrx_word' id='word_1_389' title='bbox 2110 2718 2297 2788; x_wconf 89' lang='lat' dir='ltr'><strong><em>Itaque</em></strong></span> <span class='ocrx_word' id='word_1_390' title='bbox 2325 2722 2573 2789; x_wconf 88' lang='lat' dir='ltr'><strong><em>primum,</em></strong></span> <span class='ocrx_word' id='word_1_391' title='bbox 2598 2725 2874 2790; x_wconf 78' lang='lat' dir='ltr'><strong><em>deperditis</em></strong></span> <span class='ocrx_word' id='word_1_392' title='bbox 2892 2727 3119 2794; x_wconf 79' lang='lat' dir='ltr'><strong><em>ejusdem</em></strong></span> <span class='ocrx_word' id='word_1_393' title='bbox 3153 2730 3388 2795; x_wconf 82' lang='lat' dir='ltr'><strong><em>operibus</em></strong></span> <span class='ocrx_word' id='word_1_394' title='bbox 3420 2742 3668 2800; x_wconf 69' lang='lat' dir='ltr'><strong><em>accurate</em></strong></span> <span class='ocrx_word' id='word_1_395' title='bbox 3693 2747 3833 2785; x_wconf 81' lang='lat' dir='ltr'><strong><em>enu-</em></strong></span> 
     </span>
    </p>
   </div>
   <div class='ocr_carea' id='block_1_27' title="bbox 581 2813 3827 2887">
    <p class='ocr_par' dir='ltr' id='par_1_27' title="bbox 581 2813 3827 2887">
     <span class='ocr_line' id='line_1_27' title="bbox 581 2813 3827 2887; baseline -0.001 -10"><span class='ocrx_word' id='word_1_396' title='bbox 581 2822 813 2883; x_wconf 88' lang='lat' dir='ltr'><strong><em>meratis,</em></strong></span> <span class='ocrx_word' id='word_1_397' title='bbox 845 2820 908 2872; x_wconf 89' lang='lat' dir='ltr'><strong><em>de</em></strong></span> <span class='ocrx_word' id='word_1_398' title='bbox 932 2816 1269 2885; x_wconf 87' lang='lat' dir='ltr'><strong><em>epistolarum</em></strong></span> <span class='ocrx_word' id='word_1_399' title='bbox 1299 2830 1413 2884; x_wconf 71' lang='lat' dir='ltr'><strong><em>qua:</em></strong></span> <span class='ocrx_word' id='word_1_400' title='bbox 1438 2814 1733 2881; x_wconf 90' lang='lat' dir='ltr'><strong><em>superstites</em></strong></span> <span class='ocrx_word' id='word_1_401' title='bbox 1755 2822 1869 2864; x_wconf 84' lang='lat' dir='ltr'><strong><em>sunt</em></strong></span> <span class='ocrx_word' id='word_1_402' title='bbox 1902 2813 2010 2865; x_wconf 76' lang='lat' dir='ltr'><strong><em>dixi</em></strong></span> <span class='ocrx_word' id='word_1_403' title='bbox 2041 2814 2352 2867; x_wconf 86' lang='lat' dir='ltr'><strong><em>editionibas</em></strong></span> <span class='ocrx_word' id='word_1_404' title='bbox 2386 2816 2701 2887; x_wconf 79' lang='lat' dir='ltr'><strong><em>illarumque</em></strong></span> <span class='ocrx_word' id='word_1_405' title='bbox 2724 2836 2954 2871; x_wconf 86' lang='lat' dir='ltr'><strong><em>numero.</em></strong></span> <span class='ocrx_word' id='word_1_406' title='bbox 2991 2821 3181 2873; x_wconf 75' lang='lat' dir='ltr'><strong><em>Deinde</em></strong></span> <span class='ocrx_word' id='word_1_407' title='bbox 3214 2821 3512 2875; x_wconf 82' lang='lat' dir='ltr'><strong><em>Heumanni</em></strong></span> <span class='ocrx_word' id='word_1_408' title='bbox 3538 2822 3827 2883; x_wconf 86' lang='lat' dir='ltr'><strong><em>sententia,</em></strong></span> 
     </span>
    </p>
   </div>
   <div class='ocr_carea' id='block_1_28' title="bbox 581 2906 3832 2987">
    <p class='ocr_par' dir='ltr' id='par_1_28' title="bbox 581 2906 3832 2987">
     <span class='ocr_line' id='line_1_28' title="bbox 581 2906 3832 2987; baseline -0.002 -14"><span class='ocrx_word' id='word_1_409' title='bbox 581 2919 851 2987; x_wconf 76' lang='lat' dir='ltr'><strong><em>plerasque</em></strong></span> <span class='ocrx_word' id='word_1_410' title='bbox 879 2911 1162 2981; x_wconf 85' lang='lat' dir='ltr'><strong><em>specimina</em></strong></span> <span class='ocrx_word' id='word_1_411' title='bbox 1193 2924 1299 2961; x_wconf 86' lang='lat' dir='ltr'><strong><em>esse</em></strong></span> <span class='ocrx_word' id='word_1_412' title='bbox 1324 2907 1649 2975; x_wconf 64' lang='lat' dir='ltr'><strong><em>eloquentia,</em></strong></span> <span class='ocrx_word' id='word_1_413' title='bbox 1680 2907 1742 2959; x_wconf 88' lang='lat' dir='ltr'><strong><em>iis</em></strong></span> <span class='ocrx_word' id='word_1_414' title='bbox 1774 2906 2030 2959; x_wconf 87' lang='lat' dir='ltr'><strong><em>imitanda</em></strong></span> <span class='ocrx_word' id='word_1_415' title='bbox 2052 2948 2064 2970; x_wconf 91' lang='lat'><strong><em>,</em></strong></span> <span class='ocrx_word' id='word_1_416' title='bbox 2096 2924 2219 2976; x_wconf 90' lang='lat' dir='ltr'><strong><em>quos</em></strong></span> <span class='ocrx_word' id='word_1_417' title='bbox 2245 2907 2453 2961; x_wconf 84' lang='lat' dir='ltr'><strong><em>haberet</em></strong></span> <span class='ocrx_word' id='word_1_418' title='bbox 2485 2926 2664 2961; x_wconf 88' lang='lat' dir='ltr'><strong><em>earum</em></strong></span> <span class='ocrx_word' id='word_1_419' title='bbox 2702 2921 2885 2963; x_wconf 83' lang='lat' dir='ltr'><strong><em>auctor</em></strong></span> <span class='ocrx_word' id='word_1_420' title='bbox 2921 2912 3051 2963; x_wconf 87' lang='lat' dir='ltr'><strong><em>artis</em></strong></span> <span class='ocrx_word' id='word_1_421' title='bbox 3080 2913 3283 2965; x_wconf 87' lang='lat' dir='ltr'><strong><em>dicendi</em></strong></span> <span class='ocrx_word' id='word_1_422' title='bbox 3315 2915 3597 2982; x_wconf 83' lang='lat' dir='ltr'><strong><em>discipulos</em></strong></span> <span class='ocrx_word' id='word_1_423' title='bbox 3621 2958 3634 2975; x_wconf 93' lang='lat'><strong><em>,</em></strong></span> <span class='ocrx_word' id='word_1_424' title='bbox 3668 2917 3750 2969; x_wconf 88' lang='lat' dir='ltr'><strong><em>ita</em></strong></span> <span class='ocrx_word' id='word_1_425' title='bbox 3798 2933 3832 2968; x_wconf 77' lang='grc' dir='ltr'><strong><em>α</em></strong></span> 
     </span>
    </p>
   </div>
   <div class='ocr_carea' id='block_1_29' title="bbox 580 3002 3831 3079">
    <p class='ocr_par' dir='ltr' id='par_1_29' title="bbox 580 3002 3831 3079">
     <span class='ocr_line' id='line_1_29' title="bbox 580 3002 3831 3079; baseline -0.002 -12"><span class='ocrx_word' id='word_1_426' title='bbox 580 3030 679 3073; x_wconf 85' lang='lat' dir='ltr'><strong><em>me,</em></strong></span> <span class='ocrx_word' id='word_1_427' title='bbox 706 3016 965 3079; x_wconf 67' lang='lat' dir='ltr'><strong><em>praeunte</em></strong></span> <span class='ocrx_word' id='word_1_428' title='bbox 985 3004 1343 3065; x_wconf 70' lang='lat' dir='ltr'><strong><em>Schra’ckhio,</em></strong></span> <span class='ocrx_word' id='word_1_429' title='bbox 1368 3003 1592 3071; x_wconf 79' lang='lat' dir='ltr'><strong><em>refutatu</em></strong></span> <span class='ocrx_word' id='word_1_430' title='bbox 1615 3010 1711 3063; x_wconf 88' lang='lat' dir='ltr'><strong><em>est,</em></strong></span> <span class='ocrx_word' id='word_1_431' title='bbox 1734 3011 1789 3053; x_wconf 87' lang='lat' dir='ltr'><strong><em>ut</em></strong></span> <span class='ocrx_word' id='word_1_432' title='bbox 1821 3002 2061 3054; x_wconf 85' lang='lat' dir='ltr'><strong><em>lectorem</em></strong></span> <span class='ocrx_word' id='word_1_433' title='bbox 2091 3020 2342 3070; x_wconf 87' lang='lat' dir='ltr'><strong><em>quemque</em></strong></span> <span class='ocrx_word' id='word_1_434' title='bbox 2366 3004 2491 3055; x_wconf 89' lang='lat' dir='ltr'><strong><em>meis</em></strong></span> <span class='ocrx_word' id='word_1_435' title='bbox 2512 3005 2779 3073; x_wconf 89' lang='lat' dir='ltr'><strong><em>fauturum</em></strong></span> <span class='ocrx_word' id='word_1_436' title='bbox 2805 3022 2911 3057; x_wconf 87' lang='lat' dir='ltr'><strong><em>esse</em></strong></span> <span class='ocrx_word' id='word_1_437' title='bbox 2937 3007 3172 3072; x_wconf 86' lang='lat' dir='ltr'><strong><em>partibus</em></strong></span> <span class='ocrx_word' id='word_1_438' title='bbox 3199 3008 3469 3075; x_wconf 81' lang='lat' dir='ltr'><strong><em>conﬁtear.</em></strong></span> <span class='ocrx_word' id='word_1_439' title='bbox 3496 3010 3623 3073; x_wconf 80' lang='lat' dir='ltr'><strong><em>Qnte</em></strong></span> <span class='ocrx_word' id='word_1_440' title='bbox 3646 3020 3831 3064; x_wconf 84' lang='lat' dir='ltr'><strong><em>tamen</em></strong></span> 
     </span>
    </p>
   </div>
   <div class='ocr_carea' id='block_1_30' title="bbox 583 3091 3833 3174">
    <p class='ocr_par' dir='ltr' id='par_1_30' title="bbox 583 3091 3833 3174">
     <span class='ocr_line' id='line_1_30' title="bbox 583 3091 3833 3174; baseline 0 -19"><span class='ocrx_word' id='word_1_441' title='bbox 583 3102 847 3174; x_wconf 76' lang='lat' dir='ltr'><strong><em>refutatio,</em></strong></span> <span class='ocrx_word' id='word_1_442' title='bbox 881 3113 997 3151; x_wconf 89' lang='lat' dir='ltr'><strong><em>cum</em></strong></span> <span class='ocrx_word' id='word_1_443' title='bbox 1029 3110 1111 3148; x_wconf 86' lang='lat' dir='ltr'><strong><em>res</em></strong></span> <span class='ocrx_word' id='word_1_444' title='bbox 1143 3091 1399 3164; x_wconf 86' lang='lat' dir='ltr'><strong><em>facillima</em></strong></span> <span class='ocrx_word' id='word_1_445' title='bbox 1426 3100 1551 3144; x_wconf 84' lang='lat' dir='ltr'><strong><em>esset</em></strong></span> <span class='ocrx_word' id='word_1_446' title='bbox 1579 3091 1892 3159; x_wconf 77' lang='lat' dir='ltr'><strong><em>dijudicatu,</em></strong></span> <span class='ocrx_word' id='word_1_447' title='bbox 1928 3106 2029 3142; x_wconf 91' lang='lat' dir='ltr'><strong><em>non</em></strong></span> <span class='ocrx_word' id='word_1_448' title='bbox 2058 3092 2278 3144; x_wconf 87' lang='lat' dir='ltr'><strong><em>multum</em></strong></span> <span class='ocrx_word' id='word_1_449' title='bbox 2312 3093 2502 3146; x_wconf 88' lang='lat' dir='ltr'><strong><em>laboris</em></strong></span> <span class='ocrx_word' id='word_1_450' title='bbox 2531 3095 2710 3146; x_wconf 82' lang='lat' dir='ltr'><strong><em>habuit</em></strong></span> <span class='ocrx_word' id='word_1_451' title='bbox 2740 3104 2786 3146; x_wconf 91' lang='lat' dir='ltr'><strong><em>et</em></strong></span> <span class='ocrx_word' id='word_1_452' title='bbox 2815 3096 3154 3163; x_wconf 76' lang='lat' dir='ltr'><strong><em>difﬁcultatis.</em></strong></span> <span class='ocrx_word' id='word_1_453' title='bbox 3189 3096 3303 3161; x_wconf 84' lang='lat' dir='ltr'><strong><em>Quo</em></strong></span> <span class='ocrx_word' id='word_1_454' title='bbox 3326 3101 3491 3168; x_wconf 87' lang='lat' dir='ltr'><strong><em>magis</em></strong></span> <span class='ocrx_word' id='word_1_455' title='bbox 3522 3103 3833 3154; x_wconf 79' lang='lat' dir='ltr'><strong><em>mirandum</em></strong></span> 
     </span>
    </p>
   </div>
   <div class='ocr_carea' id='block_1_31' title="bbox 582 3185 3833 3267">
    <p class='ocr_par' dir='ltr' id='par_1_31' title="bbox 582 3185 3833 3267">
     <span class='ocr_line' id='line_1_31' title="bbox 582 3185 3833 3267; baseline 0 -17"><span class='ocrx_word' id='word_1_456' title='bbox 582 3207 675 3260; x_wconf 88' lang='lat' dir='ltr'><strong><em>est,</em></strong></span> <span class='ocrx_word' id='word_1_457' title='bbox 704 3196 839 3266; x_wconf 88' lang='lat' dir='ltr'><strong><em>quod</em></strong></span> <span class='ocrx_word' id='word_1_458' title='bbox 870 3192 1202 3247; x_wconf 85' lang='lat' dir='ltr'><strong><em>Christianus</em></strong></span> <span class='ocrx_word' id='word_1_459' title='bbox 1234 3187 1536 3247; x_wconf 78' lang='lat' dir='ltr'><strong><em>Fredericus</em></strong></span> <span class='ocrx_word' id='word_1_460' title='bbox 1566 3188 1627 3238; x_wconf 87' lang='lat' dir='ltr'><strong><em>de</em></strong></span> <span class='ocrx_word' id='word_1_461' title='bbox 1656 3185 1894 3238; x_wconf 68' lang='lat' dir='ltr'><strong><em>Mattha&#39;i</em></strong></span> <span class='ocrx_word' id='word_1_462' title='bbox 1924 3186 1977 3237; x_wconf 92' lang='lat' dir='ltr'><strong><em>in</em></strong></span> <span class='ocrx_word' id='word_1_463' title='bbox 2004 3188 2358 3240; x_wconf 85' lang='lat' dir='ltr'><strong><em>admonitione</em></strong></span> <span class='ocrx_word' id='word_1_464' title='bbox 2397 3191 2460 3244; x_wconf 86' lang='lat' dir='ltr'><strong><em>de</em></strong></span> <span class='ocrx_word' id='word_1_465' title='bbox 2507 3189 2707 3242; x_wconf 85' lang='lat' dir='ltr'><strong><em>Isidoro</em></strong></span> <span class='ocrx_word' id='word_1_466' title='bbox 2754 3190 3018 3244; x_wconf 83' lang='lat' dir='ltr'><strong><em>Pelusiota</em></strong></span> <span class='ocrx_word' id='word_1_467' title='bbox 3053 3195 3139 3261; x_wconf 82' lang='lat' dir='ltr'><strong><em>(cf.</em></strong></span> <span class='ocrx_word' id='word_1_468' title='bbox 3168 3192 3302 3247; x_wconf 87' lang='lat' dir='ltr'><strong><em>Nov.</em></strong></span> <span class='ocrx_word' id='word_1_469' title='bbox 3337 3210 3400 3248; x_wconf 79' lang='lat' dir='ltr'><strong><em>ex</em></strong></span> <span class='ocrx_word' id='word_1_470' title='bbox 3456 3195 3616 3251; x_wconf 85' lang='lat' dir='ltr'><strong><em>Joan.</em></strong></span> <span class='ocrx_word' id='word_1_471' title='bbox 3647 3197 3833 3267; x_wconf 79' lang='lat' dir='ltr'><strong><em>Chry-</em></strong></span> 
     </span>
    </p>
   </div>
   <div class='ocr_carea' id='block_1_32' title="bbox 582 3278 3830 3355">
    <p class='ocr_par' dir='ltr' id='par_1_32' title="bbox 582 3278 3830 3355">
     <span class='ocr_line' id='line_1_32' title="bbox 582 3278 3830 3355; baseline -0.004 -10"><span class='ocrx_word' id='word_1_472' title='bbox 582 3298 713 3345; x_wconf 86' lang='lat' dir='ltr'><strong><em>sost.</em></strong></span> <span class='ocrx_word' id='word_1_473' title='bbox 737 3286 903 3355; x_wconf 75' lang='lat' dir='ltr'><strong><em>cclog.</em></strong></span> <span class='ocrx_word' id='word_1_474' title='bbox 929 3283 1035 3345; x_wconf 87' lang='lat' dir='ltr'><strong><em>LII,</em></strong></span> <span class='ocrx_word' id='word_1_475' title='bbox 1064 3279 1369 3351; x_wconf 77' lang='lat' dir='ltr'><strong><em>p.xv),ha:c</em></strong></span> <span class='ocrx_word' id='word_1_476' title='bbox 1387 3279 1588 3346; x_wconf 87' lang='lat' dir='ltr'><strong><em>scripsit</em></strong></span> <span class='ocrx_word' id='word_1_477' title='bbox 1618 3278 1768 3331; x_wconf 87' lang='lat' dir='ltr'><strong><em>verba</em></strong></span> <span class='ocrx_word' id='word_1_478' title='bbox 1803 3295 1819 3330; x_wconf 89' lang='lat'><strong><em>:</em></strong></span> <span class='ocrx_word' id='word_1_479' title='bbox 1852 3278 2137 3348; x_wconf 68' lang='lat' dir='ltr'><strong><em>Plerosque</em></strong></span> <span class='ocrx_word' id='word_1_480' title='bbox 2167 3282 2391 3334; x_wconf 80' lang='lat' dir='ltr'><strong><em>istarum</em></strong></span> <span class='ocrx_word' id='word_1_481' title='bbox 2421 3284 2765 3351; x_wconf 73' lang='lat' dir='ltr'><strong><em>epistularum</em></strong></span> <span class='ocrx_word' id='word_1_482' title='bbox 2800 3286 2950 3337; x_wconf 80' lang='lat' dir='ltr'><strong><em>ﬁctas</em></strong></span> <span class='ocrx_word' id='word_1_483' title='bbox 2980 3300 3119 3347; x_wconf 78' lang='lat' dir='ltr'><strong><em>esse,</em></strong></span> <span class='ocrx_word' id='word_1_484' title='bbox 3154 3286 3357 3341; x_wconf 85' lang='lat' dir='ltr'><strong><em>dudum</em></strong></span> <span class='ocrx_word' id='word_1_485' title='bbox 3388 3290 3695 3344; x_wconf 66' lang='lat' dir='ltr'><strong><em>docuerunt</em></strong></span> <span class='ocrx_word' id='word_1_486' title='bbox 3725 3292 3830 3347; x_wconf 68' lang='lat' dir='ltr'><strong><em>vir;</em></strong></span> 
     </span>
    </p>
   </div>
   <div class='ocr_carea' id='block_1_33' title="bbox 584 3368 3829 3441">
    <p class='ocr_par' dir='ltr' id='par_1_33' title="bbox 584 3368 3829 3441">
     <span class='ocr_line' id='line_1_33' title="bbox 584 3368 3829 3441; baseline -0.001 -6"><span class='ocrx_word' id='word_1_487' title='bbox 584 3380 748 3435; x_wconf 75' lang='lat' dir='ltr'><strong><em>docti.</em></strong></span> <span class='ocrx_word' id='word_1_488' title='bbox 780 3378 894 3441; x_wconf 84' lang='lat' dir='ltr'><strong><em>Qua</em></strong></span> <span class='ocrx_word' id='word_1_489' title='bbox 939 3377 1001 3427; x_wconf 91' lang='lat' dir='ltr'><strong><em>de</em></strong></span> <span class='ocrx_word' id='word_1_490' title='bbox 1040 3388 1094 3425; x_wconf 90' lang='lat' dir='ltr'><strong><em>re</em></strong></span> <span class='ocrx_word' id='word_1_491' title='bbox 1140 3380 1292 3424; x_wconf 86' lang='lat' dir='ltr'><strong><em>caute</em></strong></span> <span class='ocrx_word' id='word_1_492' title='bbox 1348 3370 1610 3438; x_wconf 89' lang='lat' dir='ltr'><strong><em>multoque</em></strong></span> <span class='ocrx_word' id='word_1_493' title='bbox 1652 3368 1836 3421; x_wconf 84' lang='lat' dir='ltr'><strong><em>melius</em></strong></span> <span class='ocrx_word' id='word_1_494' title='bbox 1866 3368 2119 3434; x_wconf 78' lang='lat' dir='ltr'><strong><em>iudicavit</em></strong></span> <span class='ocrx_word' id='word_1_495' title='bbox 2148 3372 2199 3422; x_wconf 89' lang='lat' dir='ltr'><strong><em>in</em></strong></span> <span class='ocrx_word' id='word_1_496' title='bbox 2239 3370 2471 3424; x_wconf 81' lang='lat' dir='ltr'><strong><em>Historia</em></strong></span> <span class='ocrx_word' id='word_1_497' title='bbox 2515 3389 2609 3425; x_wconf 89' lang='lat' dir='ltr'><strong><em>sua</em></strong></span> <span class='ocrx_word' id='word_1_498' title='bbox 2664 3375 3011 3428; x_wconf 87' lang='lat' dir='ltr'><strong><em>ecclesiastica</em></strong></span> <span class='ocrx_word' id='word_1_499' title='bbox 3048 3376 3412 3432; x_wconf 87' lang='lat' dir='ltr'><strong><em>Weismannus</em></strong></span> <span class='ocrx_word' id='word_1_500' title='bbox 3441 3382 3578 3432; x_wconf 88' lang='lat' dir='ltr'><strong><em>hisce</em></strong></span> <span class='ocrx_word' id='word_1_501' title='bbox 3608 3382 3781 3434; x_wconf 86' lang='lat' dir='ltr'><strong><em>verbis</em></strong></span> <span class='ocrx_word' id='word_1_502' title='bbox 3812 3396 3829 3432; x_wconf 89' lang='lat'><em>:</em></span> 
     </span>
    </p>
   </div>
   <div class='ocr_carea' id='block_1_34' title="bbox 584 3462 3832 3543">
    <p class='ocr_par' dir='ltr' id='par_1_34' title="bbox 584 3462 3832 3543">
     <span class='ocr_line' id='line_1_34' title="bbox 584 3462 3832 3543; baseline -0.001 -13"><span class='ocrx_word' id='word_1_503' title='bbox 584 3475 738 3543; x_wconf 78' lang='lat' dir='ltr'><strong><em>Quod</em></strong></span> <span class='ocrx_word' id='word_1_504' title='bbox 759 3475 802 3529; x_wconf 88' lang='lat' dir='ltr'><strong><em>si</em></strong></span> <span class='ocrx_word' id='word_1_505' title='bbox 837 3481 1013 3527; x_wconf 87' lang='lat' dir='ltr'><strong><em>tamen</em></strong></span> <span class='ocrx_word' id='word_1_506' title='bbox 1062 3483 1248 3524; x_wconf 77' lang='lat' dir='ltr'><strong><em>verum</em></strong></span> <span class='ocrx_word' id='word_1_507' title='bbox 1279 3475 1457 3530; x_wconf 89' lang='lat' dir='ltr'><strong><em>esset,</em></strong></span> <span class='ocrx_word' id='word_1_508' title='bbox 1488 3463 1632 3533; x_wconf 88' lang='lat' dir='ltr'><strong><em>quod</em></strong></span> <span class='ocrx_word' id='word_1_509' title='bbox 1660 3478 1785 3517; x_wconf 82' lang='lat' dir='ltr'><strong><em>ven.</em></strong></span> <span class='ocrx_word' id='word_1_510' title='bbox 1818 3462 2165 3521; x_wconf 84' lang='lat' dir='ltr'><strong><em>Heumannus</em></strong></span> <span class='ocrx_word' id='word_1_511' title='bbox 2195 3467 2496 3528; x_wconf 75' lang='lat' dir='ltr'><strong><em>existimat,</em></strong></span> <span class='ocrx_word' id='word_1_512' title='bbox 2529 3468 2808 3536; x_wconf 81' lang='lat' dir='ltr'><strong><em>scripsisse</em></strong></span> <span class='ocrx_word' id='word_1_513' title='bbox 2850 3470 3067 3538; x_wconf 89' lang='lat' dir='ltr'><strong><em>quidem</em></strong></span> <span class='ocrx_word' id='word_1_514' title='bbox 3104 3471 3408 3538; x_wconf 71' lang='lat' dir='ltr'><strong><em>huiusmodi</em></strong></span> <span class='ocrx_word' id='word_1_515' title='bbox 3438 3474 3693 3541; x_wconf 81' lang='lat' dir='ltr'><strong><em>epistolas</em></strong></span> <span class='ocrx_word' id='word_1_516' title='bbox 3728 3474 3832 3527; x_wconf 87' lang='lat' dir='ltr'><strong><em>lsi-</em></strong></span> 
     </span>
    </p>
   </div>
   <div class='ocr_carea' id='block_1_35' title="bbox 583 3557 3828 3636">
    <p class='ocr_par' dir='ltr' id='par_1_35' title="bbox 583 3557 3828 3636">
     <span class='ocr_line' id='line_1_35' title="bbox 583 3557 3828 3636; baseline -0.002 -10"><span class='ocrx_word' id='word_1_517' title='bbox 583 3574 798 3633; x_wconf 88' lang='lat' dir='ltr'><strong><em>dorum,</em></strong></span> <span class='ocrx_word' id='word_1_518' title='bbox 833 3567 925 3622; x_wconf 88' lang='lat' dir='ltr'><strong><em>sed</em></strong></span> <span class='ocrx_word' id='word_1_519' title='bbox 956 3581 1046 3620; x_wconf 83' lang='lat' dir='ltr'><strong><em>eas</em></strong></span> <span class='ocrx_word' id='word_1_520' title='bbox 1074 3580 1133 3619; x_wconf 88' lang='lat' dir='ltr'><strong><em>re</em></strong></span> <span class='ocrx_word' id='word_1_521' title='bbox 1163 3563 1278 3632; x_wconf 84' lang='lat' dir='ltr'><strong><em>ipsa</em></strong></span> <span class='ocrx_word' id='word_1_522' title='bbox 1308 3576 1417 3615; x_wconf 87' lang='lat' dir='ltr'><strong><em>non</em></strong></span> <span class='ocrx_word' id='word_1_523' title='bbox 1447 3558 1661 3613; x_wconf 88' lang='lat' dir='ltr'><strong><em>misisse</em></strong></span> <span class='ocrx_word' id='word_1_524' title='bbox 1689 3557 1755 3611; x_wconf 88' lang='lat' dir='ltr'><strong><em>ad</em></strong></span> <span class='ocrx_word' id='word_1_525' title='bbox 1786 3573 2047 3627; x_wconf 88' lang='lat' dir='ltr'><strong><em>personas</em></strong></span> <span class='ocrx_word' id='word_1_526' title='bbox 2076 3560 2272 3629; x_wconf 87' lang='lat' dir='ltr'><strong><em>quibus</em></strong></span> <span class='ocrx_word' id='word_1_527' title='bbox 2304 3560 2577 3630; x_wconf 72' lang='lat' dir='ltr'><strong><em>inscriplze</em></strong></span> <span class='ocrx_word' id='word_1_528' title='bbox 2606 3572 2752 3626; x_wconf 91' lang='lat' dir='ltr'><strong><em>sunt,</em></strong></span> <span class='ocrx_word' id='word_1_529' title='bbox 2786 3578 2980 3633; x_wconf 78' lang='lat' dir='ltr'><strong><em>magno</em></strong></span> <span class='ocrx_word' id='word_1_530' title='bbox 3009 3566 3074 3618; x_wconf 85' lang='lat' dir='ltr'><strong><em>ad</em></strong></span> <span class='ocrx_word' id='word_1_531' title='bbox 3108 3566 3222 3619; x_wconf 67' lang='lat' dir='ltr'><strong><em>hmc</em></strong></span> <span class='ocrx_word' id='word_1_532' title='bbox 3252 3566 3539 3620; x_wconf 81' lang='lat' dir='ltr'><strong><em>scribenda</em></strong></span> <span class='ocrx_word' id='word_1_533' title='bbox 3570 3568 3828 3636; x_wconf 79' lang='lat' dir='ltr'><strong><em>privatim</em></strong></span> 
     </span>
    </p>
   </div>
   <div class='ocr_carea' id='block_1_36' title="bbox 584 3651 3829 3731">
    <p class='ocr_par' dir='ltr' id='par_1_36' title="bbox 584 3651 3829 3731">
     <span class='ocr_line' id='line_1_36' title="bbox 584 3651 3829 3731; baseline -0.003 -11"><span class='ocrx_word' id='word_1_534' title='bbox 584 3665 770 3720; x_wconf 70' lang='lat' dir='ltr'><strong><em>animo</em></strong></span> <span class='ocrx_word' id='word_1_535' title='bbox 800 3675 934 3731; x_wconf 80' lang='lat' dir='ltr'><strong><em>opus</em></strong></span> <span class='ocrx_word' id='word_1_536' title='bbox 968 3674 1077 3713; x_wconf 85' lang='lat' dir='ltr'><strong><em>non</em></strong></span> <span class='ocrx_word' id='word_1_537' title='bbox 1107 3656 1315 3711; x_wconf 74' lang='lat' dir='ltr'><strong><em>fuisset.</em></strong></span> <span class='ocrx_word' id='word_1_538' title='bbox 1348 3654 1492 3725; x_wconf 85' lang='lat' dir='ltr'><strong><em>(Vid.</em></strong></span> <span class='ocrx_word' id='word_1_539' title='bbox 1528 3652 1619 3706; x_wconf 88' lang='lat' dir='ltr'><strong><em>cit.</em></strong></span> <span class='ocrx_word' id='word_1_540' title='bbox 1650 3651 1782 3705; x_wconf 87' lang='lat' dir='ltr'><strong><em>diss.</em></strong></span> <span class='ocrx_word' id='word_1_541' title='bbox 1817 3651 1909 3705; x_wconf 87' lang='lat' dir='ltr'><strong><em>ubi</em></strong></span> <span class='ocrx_word' id='word_1_542' title='bbox 1940 3652 2125 3707; x_wconf 87' lang='lat' dir='ltr'><strong><em>multis</em></strong></span> <span class='ocrx_word' id='word_1_543' title='bbox 2154 3662 2209 3707; x_wconf 89' lang='lat' dir='ltr'><strong><em>et</em></strong></span> <span class='ocrx_word' id='word_1_544' title='bbox 2250 3654 2475 3707; x_wconf 84' lang='lat' dir='ltr'><strong><em>eruditis</em></strong></span> <span class='ocrx_word' id='word_1_545' title='bbox 2504 3655 2803 3709; x_wconf 86' lang='lat' dir='ltr'><strong><em>rationibus</em></strong></span> <span class='ocrx_word' id='word_1_546' title='bbox 2832 3673 2929 3725; x_wconf 89' lang='lat' dir='ltr'><strong><em>pro</em></strong></span> <span class='ocrx_word' id='word_1_547' title='bbox 2958 3673 3107 3711; x_wconf 90' lang='lat' dir='ltr'><strong><em>more</em></strong></span> <span class='ocrx_word' id='word_1_548' title='bbox 3139 3659 3279 3712; x_wconf 82' lang='lat' dir='ltr'><strong><em>hanc</em></strong></span> <span class='ocrx_word' id='word_1_549' title='bbox 3309 3659 3633 3728; x_wconf 81' lang='lat' dir='ltr'><strong><em>hyputhesin</em></strong></span> <span class='ocrx_word' id='word_1_550' title='bbox 3663 3674 3829 3714; x_wconf 79' lang='lat' dir='ltr'><strong><em>exor-</em></strong></span> 
     </span>
    </p>
   </div>
   <div class='ocr_carea' id='block_1_37' title="bbox 586 3746 3831 3826">
    <p class='ocr_par' dir='ltr' id='par_1_37' title="bbox 586 3746 3831 3826">
     <span class='ocr_line' id='line_1_37' title="bbox 586 3746 3831 3826; baseline -0.002 -13"><span class='ocrx_word' id='word_1_551' title='bbox 586 3768 698 3815; x_wconf 86' lang='lat' dir='ltr'><strong><em>nat.</em></strong></span> <span class='ocrx_word' id='word_1_552' title='bbox 729 3788 797 3798; x_wconf 97' lang='lat'><strong>—</strong></span> <span class='ocrx_word' id='word_1_553' title='bbox 827 3755 911 3826; x_wconf 91' lang='lat' dir='ltr'><strong><em>Cf.</em></strong></span> <span class='ocrx_word' id='word_1_554' title='bbox 947 3753 1157 3809; x_wconf 87' lang='lat' dir='ltr'><strong><em>Weism.</em></strong></span> <span class='ocrx_word' id='word_1_555' title='bbox 1190 3751 1329 3805; x_wconf 81' lang='lat' dir='ltr'><strong><em>Hist.</em></strong></span> <span class='ocrx_word' id='word_1_556' title='bbox 1362 3750 1521 3812; x_wconf 86' lang='lat' dir='ltr'><strong><em>cccl.,</em></strong></span> <span class='ocrx_word' id='word_1_557' title='bbox 1552 3747 1653 3802; x_wconf 90' lang='lat' dir='ltr'><strong><em>vol.</em></strong></span> <span class='ocrx_word' id='word_1_558' title='bbox 1685 3746 1733 3813; x_wconf 92' lang='lat' dir='ltr'><strong><em>I,</em></strong></span> <span class='ocrx_word' id='word_1_559' title='bbox 1766 3763 1817 3815; x_wconf 92' lang='lat' dir='ltr'><strong><em>p.</em></strong></span> <span class='ocrx_word' id='word_1_560' title='bbox 1850 3746 1973 3811; x_wconf 70' lang='grc'><strong><em>671,</em></strong></span> <span class='ocrx_word' id='word_1_561' title='bbox 1998 3750 2079 3801; x_wconf 88' lang='lat' dir='ltr'><strong><em>ed.</em></strong></span> <span class='ocrx_word' id='word_1_562' title='bbox 2112 3748 2240 3819; x_wconf 91' lang='lat' dir='ltr'><strong><em>alt.)</em></strong></span> <span class='ocrx_word' id='word_1_563' title='bbox 2269 3777 2337 3788; x_wconf 93' lang='lat'><strong><em>—</em></strong></span> <span class='ocrx_word' id='word_1_564' title='bbox 2366 3749 2601 3819; x_wconf 88' lang='lat' dir='ltr'><strong><em>Denique</em></strong></span> <span class='ocrx_word' id='word_1_565' title='bbox 2621 3751 2877 3818; x_wconf 88' lang='lat' dir='ltr'><strong><em>plurimas</em></strong></span> <span class='ocrx_word' id='word_1_566' title='bbox 2919 3752 3108 3806; x_wconf 88' lang='lat' dir='ltr'><strong><em>Isidori</em></strong></span> <span class='ocrx_word' id='word_1_567' title='bbox 3136 3754 3526 3823; x_wconf 73' lang='lat' dir='ltr'><strong><em>epistolasmon</em></strong></span> <span class='ocrx_word' id='word_1_568' title='bbox 3557 3773 3617 3809; x_wconf 90' lang='lat' dir='ltr'><strong><em>ea</em></strong></span> <span class='ocrx_word' id='word_1_569' title='bbox 3654 3758 3831 3825; x_wconf 90' lang='lat' dir='ltr'><strong><em>forma</em></strong></span> 
     </span>
    </p>
   </div>
   <div class='ocr_carea' id='block_1_38' title="bbox 586 3837 3831 3921">
    <p class='ocr_par' dir='ltr' id='par_1_38' title="bbox 586 3837 3831 3921">
     <span class='ocr_line' id='line_1_38' title="bbox 586 3837 3831 3921; baseline -0.002 -17"><span class='ocrx_word' id='word_1_570' title='bbox 586 3865 689 3921; x_wconf 88' lang='lat' dir='ltr'><strong><em>qua</em></strong></span> <span class='ocrx_word' id='word_1_571' title='bbox 714 3851 771 3903; x_wconf 89' lang='lat' dir='ltr'><strong><em>in</em></strong></span> <span class='ocrx_word' id='word_1_572' title='bbox 798 3847 946 3901; x_wconf 87' lang='lat' dir='ltr'><strong><em>editis</em></strong></span> <span class='ocrx_word' id='word_1_573' title='bbox 977 3860 1175 3899; x_wconf 69' lang='lat' dir='ltr'><strong><em>excusis</em></strong></span> <span class='ocrx_word' id='word_1_574' title='bbox 1204 3844 1307 3897; x_wconf 89' lang='lat' dir='ltr'><strong><em>sint</em></strong></span> <span class='ocrx_word' id='word_1_575' title='bbox 1332 3839 1733 3909; x_wconf 68' lang='lat' dir='ltr'><strong><em>exemplaribus,</em></strong></span> <span class='ocrx_word' id='word_1_576' title='bbox 1767 3837 1833 3891; x_wconf 89' lang='lat' dir='ltr'><strong><em>ab</em></strong></span> <span class='ocrx_word' id='word_1_577' title='bbox 1865 3847 2077 3891; x_wconf 90' lang='lat' dir='ltr'><strong><em>auctore</em></strong></span> <span class='ocrx_word' id='word_1_578' title='bbox 2097 3841 2317 3906; x_wconf 86' lang='lat' dir='ltr'><strong><em>scriptas</em></strong></span> <span class='ocrx_word' id='word_1_579' title='bbox 2342 3856 2468 3902; x_wconf 86' lang='lat' dir='ltr'><strong><em>esse,</em></strong></span> <span class='ocrx_word' id='word_1_580' title='bbox 2499 3842 2587 3893; x_wconf 89' lang='lat' dir='ltr'><strong><em>sed</em></strong></span> <span class='ocrx_word' id='word_1_581' title='bbox 2622 3859 2653 3894; x_wconf 92' lang='lat' dir='ltr'><strong><em>a</em></strong></span> <span class='ocrx_word' id='word_1_582' title='bbox 2697 3844 2962 3895; x_wconf 83' lang='lat' dir='ltr'><strong><em>monachis</em></strong></span> <span class='ocrx_word' id='word_1_583' title='bbox 2986 3854 3253 3913; x_wconf 67' lang='lat' dir='ltr'><strong><em>excerptas</em></strong></span> <span class='ocrx_word' id='word_1_584' title='bbox 3284 3845 3355 3897; x_wconf 90' lang='lat' dir='ltr'><strong><em>ad</em></strong></span> <span class='ocrx_word' id='word_1_585' title='bbox 3385 3858 3617 3899; x_wconf 87' lang='lat' dir='ltr'><strong><em>nostram</em></strong></span> <span class='ocrx_word' id='word_1_586' title='bbox 3663 3861 3831 3915; x_wconf 85' lang='lat' dir='ltr'><strong><em>usque</em></strong></span> 
     </span>
    </p>
   </div>
   <div class='ocr_carea' id='block_1_39' title="bbox 588 3934 3827 4010">
    <p class='ocr_par' dir='ltr' id='par_1_39' title="bbox 588 3934 3827 4010">
     <span class='ocr_line' id='line_1_39' title="bbox 588 3934 3827 4010; baseline -0.002 -12"><span class='ocrx_word' id='word_1_587' title='bbox 588 3954 795 3999; x_wconf 66' lang='lat' dir='ltr'><strong><em>aetatem</em></strong></span> <span class='ocrx_word' id='word_1_588' title='bbox 822 3941 1108 4010; x_wconf 84' lang='lat' dir='ltr'><strong><em>pervenisse</em></strong></span> <span class='ocrx_word' id='word_1_589' title='bbox 1131 3980 1145 4002; x_wconf 92' lang='lat'><strong><em>,</em></strong></span> <span class='ocrx_word' id='word_1_590' title='bbox 1176 3937 1395 4007; x_wconf 90' lang='lat' dir='ltr'><strong><em>probare</em></strong></span> <span class='ocrx_word' id='word_1_591' title='bbox 1444 3936 1616 3988; x_wconf 91' lang='lat' dir='ltr'><strong><em>conati</em></strong></span> <span class='ocrx_word' id='word_1_592' title='bbox 1652 3950 1851 3987; x_wconf 90' lang='lat' dir='ltr'><strong><em>sumus.</em></strong></span> <span class='ocrx_word' id='word_1_593' title='bbox 1886 3934 2001 3997; x_wconf 82' lang='lat' dir='ltr'><strong><em>Qua</em></strong></span> <span class='ocrx_word' id='word_1_594' title='bbox 2033 3942 2205 3985; x_wconf 89' lang='lat' dir='ltr'><strong><em>tamen</em></strong></span> <span class='ocrx_word' id='word_1_595' title='bbox 2235 3935 2290 3986; x_wconf 91' lang='lat' dir='ltr'><strong><em>in</em></strong></span> <span class='ocrx_word' id='word_1_596' title='bbox 2321 3951 2373 3987; x_wconf 90' lang='lat' dir='ltr'><strong><em>re</em></strong></span> <span class='ocrx_word' id='word_1_597' title='bbox 2404 3952 2505 3987; x_wconf 90' lang='lat' dir='ltr'><strong><em>non</em></strong></span> <span class='ocrx_word' id='word_1_598' title='bbox 2538 3938 2747 3989; x_wconf 88' lang='lat' dir='ltr'><strong><em>omnino</em></strong></span> <span class='ocrx_word' id='word_1_599' title='bbox 2791 3954 2967 3990; x_wconf 90' lang='lat' dir='ltr'><strong><em>verum</em></strong></span> <span class='ocrx_word' id='word_1_600' title='bbox 3006 3940 3249 3992; x_wconf 88' lang='lat' dir='ltr'><strong><em>vidimus.</em></strong></span> <span class='ocrx_word' id='word_1_601' title='bbox 3282 3939 3631 4009; x_wconf 86' lang='lat' dir='ltr'><strong><em>Reperiuntur</em></strong></span> <span class='ocrx_word' id='word_1_602' title='bbox 3664 3944 3827 4005; x_wconf 89' lang='lat' dir='ltr'><strong><em>enim,</em></strong></span> 
     </span>
    </p>
   </div>
   <div class='ocr_carea' id='block_1_40' title="bbox 587 4026 3831 4105">
    <p class='ocr_par' dir='ltr' id='par_1_40' title="bbox 587 4026 3831 4105">
     <span class='ocr_line' id='line_1_40' title="bbox 587 4026 3831 4105; baseline -0.002 -12"><span class='ocrx_word' id='word_1_603' title='bbox 587 4048 643 4093; x_wconf 87' lang='lat' dir='ltr'><strong><em>ut</em></strong></span> <span class='ocrx_word' id='word_1_604' title='bbox 666 4037 922 4105; x_wconf 87' lang='lat' dir='ltr'><strong><em>Reisigius</em></strong></span> <span class='ocrx_word' id='word_1_605' title='bbox 958 4048 1097 4087; x_wconf 88' lang='lat' dir='ltr'><strong><em>meus</em></strong></span> <span class='ocrx_word' id='word_1_606' title='bbox 1137 4047 1215 4085; x_wconf 91' lang='lat' dir='ltr'><strong><em>me</em></strong></span> <span class='ocrx_word' id='word_1_607' title='bbox 1244 4031 1439 4089; x_wconf 89' lang='lat' dir='ltr'><strong><em>docuit,</em></strong></span> <span class='ocrx_word' id='word_1_608' title='bbox 1469 4029 1605 4080; x_wconf 89' lang='lat' dir='ltr'><strong><em>inter</em></strong></span> <span class='ocrx_word' id='word_1_609' title='bbox 1634 4027 1819 4080; x_wconf 85' lang='lat' dir='ltr'><strong><em>Isidori</em></strong></span> <span class='ocrx_word' id='word_1_610' title='bbox 1851 4026 2097 4094; x_wconf 86' lang='lat' dir='ltr'><strong><em>epistolas</em></strong></span> <span class='ocrx_word' id='word_1_611' title='bbox 2130 4042 2231 4078; x_wconf 92' lang='lat' dir='ltr'><strong><em>non</em></strong></span> <span class='ocrx_word' id='word_1_612' title='bbox 2259 4027 2427 4079; x_wconf 88' lang='lat' dir='ltr'><strong><em>solum</em></strong></span> <span class='ocrx_word' id='word_1_613' title='bbox 2458 4044 2572 4095; x_wconf 73' lang='lat' dir='ltr'><strong><em>qua:</em></strong></span> <span class='ocrx_word' id='word_1_614' title='bbox 2620 4046 2651 4079; x_wconf 93' lang='lat' dir='ltr'><strong><em>a</em></strong></span> <span class='ocrx_word' id='word_1_615' title='bbox 2700 4030 2963 4083; x_wconf 84' lang='lat' dir='ltr'><strong><em>monachis</em></strong></span> <span class='ocrx_word' id='word_1_616' title='bbox 2994 4041 3267 4099; x_wconf 75' lang='lat' dir='ltr'><strong><em>excerptte,</em></strong></span> <span class='ocrx_word' id='word_1_617' title='bbox 3301 4048 3475 4086; x_wconf 83' lang='lat' dir='ltr'><strong><em>verum</em></strong></span> <span class='ocrx_word' id='word_1_618' title='bbox 3504 4034 3663 4086; x_wconf 90' lang='lat' dir='ltr'><strong><em>etiam</em></strong></span> <span class='ocrx_word' id='word_1_619' title='bbox 3711 4049 3831 4104; x_wconf 68' lang='lat' dir='ltr'><strong><em>qua!</em></strong></span> 
     </span>
    </p>
   </div>
   <div class='ocr_carea' id='block_1_41' title="bbox 586 4118 3830 4194">
    <p class='ocr_par' dir='ltr' id='par_1_41' title="bbox 586 4118 3830 4194">
     <span class='ocr_line' id='line_1_41' title="bbox 586 4118 3830 4194; baseline 0 -14"><span class='ocrx_word' id='word_1_620' title='bbox 586 4129 653 4182; x_wconf 88' lang='lat' dir='ltr'><strong><em>ab</em></strong></span> <span class='ocrx_word' id='word_1_621' title='bbox 699 4128 889 4180; x_wconf 87' lang='lat' dir='ltr'><strong><em>eisdem</em></strong></span> <span class='ocrx_word' id='word_1_622' title='bbox 935 4123 1267 4190; x_wconf 76' lang='lat' dir='ltr'><strong><em>interpolata:</em></strong></span> <span class='ocrx_word' id='word_1_623' title='bbox 1306 4129 1445 4174; x_wconf 91' lang='lat' dir='ltr'><strong><em>sunt.</em></strong></span> <span class='ocrx_word' id='word_1_624' title='bbox 1478 4118 1822 4183; x_wconf 86' lang='lat' dir='ltr'><strong><em>Quamobrem</em></strong></span> <span class='ocrx_word' id='word_1_625' title='bbox 1861 4133 1978 4187; x_wconf 82' lang='lat' dir='ltr'><strong><em>quce</em></strong></span> <span class='ocrx_word' id='word_1_626' title='bbox 2023 4119 2159 4171; x_wconf 89' lang='lat' dir='ltr'><strong><em>inter</em></strong></span> <span class='ocrx_word' id='word_1_627' title='bbox 2200 4120 2465 4186; x_wconf 87' lang='lat' dir='ltr'><strong><em>epistolas,</em></strong></span> <span class='ocrx_word' id='word_1_628' title='bbox 2499 4136 2614 4188; x_wconf 77' lang='lat' dir='ltr'><strong><em>qua:</em></strong></span> <span class='ocrx_word' id='word_1_629' title='bbox 2642 4121 2717 4173; x_wconf 89' lang='lat' dir='ltr'><strong><em>bis</em></strong></span> <span class='ocrx_word' id='word_1_630' title='bbox 2741 4123 2794 4173; x_wconf 90' lang='lat' dir='ltr'><strong><em>in</em></strong></span> <span class='ocrx_word' id='word_1_631' title='bbox 2822 4123 3200 4189; x_wconf 63' lang='lat' dir='ltr'><strong><em>exemplaribus</em></strong></span> <span class='ocrx_word' id='word_1_632' title='bbox 3233 4126 3367 4193; x_wconf 79' lang='lat' dir='ltr'><strong><em>typis</em></strong></span> <span class='ocrx_word' id='word_1_633' title='bbox 3399 4143 3652 4194; x_wconf 75' lang='lat' dir='ltr'><strong><em>expressa:</em></strong></span> <span class='ocrx_word' id='word_1_634' title='bbox 3682 4130 3830 4181; x_wconf 78' lang='lat' dir='ltr'><strong><em>inre-</em></strong></span> 
     </span>
    </p>
   </div>
   <div class='ocr_carea' id='block_1_42' title="bbox 589 4207 3833 4280">
    <p class='ocr_par' dir='ltr' id='par_1_42' title="bbox 589 4207 3833 4280">
     <span class='ocr_line' id='line_1_42' title="bbox 589 4207 3833 4280; baseline -0.001 -8"><span class='ocrx_word' id='word_1_635' title='bbox 589 4220 825 4280; x_wconf 86' lang='lat' dir='ltr'><strong><em>niuntur,</em></strong></span> <span class='ocrx_word' id='word_1_636' title='bbox 859 4217 922 4268; x_wconf 91' lang='lat' dir='ltr'><strong><em>ab</em></strong></span> <span class='ocrx_word' id='word_1_637' title='bbox 953 4215 1153 4269; x_wconf 84' lang='lat' dir='ltr'><strong><em>Isidoro</em></strong></span> <span class='ocrx_word' id='word_1_638' title='bbox 1185 4212 1414 4279; x_wconf 86' lang='lat' dir='ltr'><strong><em>profecta</em></strong></span> <span class='ocrx_word' id='word_1_639' title='bbox 1447 4212 1510 4261; x_wconf 92' lang='lat' dir='ltr'><strong><em>sit</em></strong></span> <span class='ocrx_word' id='word_1_640' title='bbox 1540 4207 1903 4276; x_wconf 87' lang='lat' dir='ltr'><strong><em>dijudicaturi,</em></strong></span> <span class='ocrx_word' id='word_1_641' title='bbox 1938 4223 2213 4259; x_wconf 87' lang='lat' dir='ltr'><strong><em>caveamus</em></strong></span> <span class='ocrx_word' id='word_1_642' title='bbox 2244 4225 2441 4260; x_wconf 88' lang='lat' dir='ltr'><strong><em>necesse</em></strong></span> <span class='ocrx_word' id='word_1_643' title='bbox 2470 4218 2563 4268; x_wconf 87' lang='lat' dir='ltr'><strong><em>est,</em></strong></span> <span class='ocrx_word' id='word_1_644' title='bbox 2598 4218 2652 4260; x_wconf 90' lang='lat' dir='ltr'><strong><em>ut</em></strong></span> <span class='ocrx_word' id='word_1_645' title='bbox 2681 4210 2843 4261; x_wconf 86' lang='lat' dir='ltr'><strong><em>ullam</em></strong></span> <span class='ocrx_word' id='word_1_646' title='bbox 2876 4222 3147 4279; x_wconf 88' lang='lat' dir='ltr'><strong><em>propterea</em></strong></span> <span class='ocrx_word' id='word_1_647' title='bbox 3178 4214 3457 4280; x_wconf 88' lang='lat' dir='ltr'><strong><em>genuinam</em></strong></span> <span class='ocrx_word' id='word_1_648' title='bbox 3487 4232 3594 4268; x_wconf 88' lang='lat' dir='ltr'><strong><em>esse</em></strong></span> <span class='ocrx_word' id='word_1_649' title='bbox 3622 4226 3833 4269; x_wconf 84' lang='lat' dir='ltr'><strong><em>statua-</em></strong></span> 
     </span>
    </p>
   </div>
   <div class='ocr_carea' id='block_1_43' title="bbox 588 4300 3831 4381">
    <p class='ocr_par' dir='ltr' id='par_1_43' title="bbox 588 4300 3831 4381">
     <span class='ocr_line' id='line_1_43' title="bbox 588 4300 3831 4381; baseline -0 -15"><span class='ocrx_word' id='word_1_650' title='bbox 588 4329 705 4366; x_wconf 86' lang='lat' dir='ltr'><strong><em>mus</em></strong></span> <span class='ocrx_word' id='word_1_651' title='bbox 726 4352 739 4373; x_wconf 92' lang='lat'><strong><em>,</em></strong></span> <span class='ocrx_word' id='word_1_652' title='bbox 773 4310 1018 4378; x_wconf 88' lang='lat' dir='ltr'><strong><em>quoniam</em></strong></span> <span class='ocrx_word' id='word_1_653' title='bbox 1064 4306 1298 4373; x_wconf 88' lang='lat' dir='ltr'><strong><em>pluribus</em></strong></span> <span class='ocrx_word' id='word_1_654' title='bbox 1341 4301 1666 4354; x_wconf 85' lang='lat' dir='ltr'><strong><em>contineatur</em></strong></span> <span class='ocrx_word' id='word_1_655' title='bbox 1708 4301 1893 4352; x_wconf 89' lang='lat' dir='ltr'><strong><em>verbis.</em></strong></span> <span class='ocrx_word' id='word_1_656' title='bbox 1925 4300 2048 4351; x_wconf 82' lang='lat' dir='ltr'><strong><em>Hcec</em></strong></span> <span class='ocrx_word' id='word_1_657' title='bbox 2078 4302 2215 4353; x_wconf 89' lang='lat' dir='ltr'><strong><em>enim</em></strong></span> <span class='ocrx_word' id='word_1_658' title='bbox 2245 4302 2309 4353; x_wconf 90' lang='lat' dir='ltr'><strong><em>ab</em></strong></span> <span class='ocrx_word' id='word_1_659' title='bbox 2341 4303 2709 4367; x_wconf 82' lang='lat' dir='ltr'><strong><em>interpolatore</em></strong></span> <span class='ocrx_word' id='word_1_660' title='bbox 2740 4313 2833 4355; x_wconf 88' lang='lat' dir='ltr'><strong><em>aut</em></strong></span> <span class='ocrx_word' id='word_1_661' title='bbox 2863 4304 3146 4373; x_wconf 86' lang='lat' dir='ltr'><strong><em>glossatore</em></strong></span> <span class='ocrx_word' id='word_1_662' title='bbox 3174 4318 3386 4373; x_wconf 88' lang='lat' dir='ltr'><strong><em>possunt</em></strong></span> <span class='ocrx_word' id='word_1_663' title='bbox 3423 4326 3529 4362; x_wconf 88' lang='lat' dir='ltr'><strong><em>esse</em></strong></span> <span class='ocrx_word' id='word_1_664' title='bbox 3572 4314 3831 4381; x_wconf 85' lang='lat' dir='ltr'><strong><em>profecta.</em></strong></span> 
     </span>
    </p>
   </div>
   <div class='ocr_carea' id='block_1_44' title="bbox 589 4392 3834 4470">
    <p class='ocr_par' dir='ltr' id='par_1_44' title="bbox 589 4392 3834 4470">
     <span class='ocr_line' id='line_1_44' title="bbox 589 4392 3834 4470; baseline 0.002 -18"><span class='ocrx_word' id='word_1_665' title='bbox 589 4402 749 4470; x_wconf 79' lang='lat' dir='ltr'><strong><em>Cujus</em></strong></span> <span class='ocrx_word' id='word_1_666' title='bbox 778 4400 1047 4454; x_wconf 72' lang='lat' dir='ltr'><strong><em>sententiae</em></strong></span> <span class='ocrx_word' id='word_1_667' title='bbox 1074 4397 1341 4451; x_wconf 84' lang='lat' dir='ltr'><strong><em>veritatem</em></strong></span> <span class='ocrx_word' id='word_1_668' title='bbox 1389 4393 1658 4462; x_wconf 84' lang='lat' dir='ltr'><strong><em>perspiciet</em></strong></span> <span class='ocrx_word' id='word_1_669' title='bbox 1700 4392 1841 4444; x_wconf 86' lang='lat' dir='ltr'><strong><em>haud</em></strong></span> <span class='ocrx_word' id='word_1_670' title='bbox 1888 4392 2061 4456; x_wconf 88' lang='lat' dir='ltr'><strong><em>dubie,</em></strong></span> <span class='ocrx_word' id='word_1_671' title='bbox 2094 4393 2183 4459; x_wconf 88' lang='lat' dir='ltr'><strong><em>qui</em></strong></span> <span class='ocrx_word' id='word_1_672' title='bbox 2210 4392 2401 4445; x_wconf 88' lang='lat' dir='ltr'><strong><em>Isidori</em></strong></span> <span class='ocrx_word' id='word_1_673' title='bbox 2435 4394 2637 4446; x_wconf 86' lang='lat' dir='ltr'><strong><em>litteras</em></strong></span> <span class='ocrx_word' id='word_1_674' title='bbox 2686 4394 2821 4447; x_wconf 84' lang='lat' dir='ltr'><strong><em>infra</em></strong></span> <span class='ocrx_word' id='word_1_675' title='bbox 2847 4413 2877 4447; x_wconf 91' lang='lat' dir='ltr'><strong><em>a</em></strong></span> <span class='ocrx_word' id='word_1_676' title='bbox 2914 4414 2993 4449; x_wconf 90' lang='lat' dir='ltr'><strong><em>me</em></strong></span> <span class='ocrx_word' id='word_1_677' title='bbox 3025 4399 3076 4449; x_wconf 89' lang='lat' dir='ltr'><strong><em>in</em></strong></span> <span class='ocrx_word' id='word_1_678' title='bbox 3110 4402 3333 4453; x_wconf 83' lang='lat' dir='ltr'><strong><em>medium</em></strong></span> <span class='ocrx_word' id='word_1_679' title='bbox 3363 4404 3599 4469; x_wconf 87' lang='lat' dir='ltr'><strong><em>prolatas</em></strong></span> <span class='ocrx_word' id='word_1_680' title='bbox 3630 4415 3834 4458; x_wconf 77' lang='lat' dir='ltr'><strong><em>attento</em></strong></span> 
     </span>
    </p>
   </div>
   <div class='ocr_carea' id='block_1_45' title="bbox 590 4483 3831 4566">
    <p class='ocr_par' dir='ltr' id='par_1_45' title="bbox 590 4483 3831 4566">
     <span class='ocr_line' id='line_1_45' title="bbox 590 4483 3831 4566; baseline 0.001 -18"><span class='ocrx_word' id='word_1_681' title='bbox 590 4493 864 4566; x_wconf 72' lang='lat' dir='ltr'><strong><em>pet-legerit</em></strong></span> <span class='ocrx_word' id='word_1_682' title='bbox 895 4491 1091 4543; x_wconf 91' lang='lat' dir='ltr'><strong><em>animo.</em></strong></span> <span class='ocrx_word' id='word_1_683' title='bbox 1124 4488 1351 4548; x_wconf 87' lang='lat' dir='ltr'><strong><em>Etenim,</em></strong></span> <span class='ocrx_word' id='word_1_684' title='bbox 1384 4495 1438 4539; x_wconf 92' lang='lat' dir='ltr'><strong><em>ut</em></strong></span> <span class='ocrx_word' id='word_1_685' title='bbox 1464 4486 1597 4537; x_wconf 88' lang='lat' dir='ltr'><strong><em>idem</em></strong></span> <span class='ocrx_word' id='word_1_686' title='bbox 1629 4484 1715 4537; x_wconf 91' lang='lat' dir='ltr'><strong><em>ille</em></strong></span> <span class='ocrx_word' id='word_1_687' title='bbox 1745 4483 2001 4553; x_wconf 86' lang='lat' dir='ltr'><strong><em>Reisigius</em></strong></span> <span class='ocrx_word' id='word_1_688' title='bbox 2032 4484 2322 4550; x_wconf 75' lang='lat' dir='ltr'><strong><em>intellexit,</em></strong></span> <span class='ocrx_word' id='word_1_689' title='bbox 2355 4488 2409 4539; x_wconf 89' lang='lat' dir='ltr'><strong><em>in</em></strong></span> <span class='ocrx_word' id='word_1_690' title='bbox 2434 4487 2526 4539; x_wconf 89' lang='lat' dir='ltr'><strong><em>illa</em></strong></span> <span class='ocrx_word' id='word_1_691' title='bbox 2558 4505 2673 4557; x_wconf 76' lang='lat' dir='ltr'><strong><em>qute</em></strong></span> <span class='ocrx_word' id='word_1_692' title='bbox 2702 4500 2775 4541; x_wconf 89' lang='lat' dir='ltr'><strong><em>est</em></strong></span> <span class='ocrx_word' id='word_1_693' title='bbox 2808 4491 2928 4543; x_wconf 88' lang='lat' dir='ltr'><strong><em>libri</em></strong></span> <span class='ocrx_word' id='word_1_694' title='bbox 2956 4495 3166 4546; x_wconf 85' lang='lat' dir='ltr'><strong><em>secundi</em></strong></span> <span class='ocrx_word' id='word_1_695' title='bbox 3195 4496 3413 4562; x_wconf 87' lang='lat' dir='ltr'><strong><em>epistola</em></strong></span> <span class='ocrx_word' id='word_1_696' title='bbox 3443 4498 3701 4565; x_wconf 86' lang='lat' dir='ltr'><strong><em>glossator</em></strong></span> <span class='ocrx_word' id='word_1_697' title='bbox 3730 4503 3831 4553; x_wconf 82' lang='lat' dir='ltr'><strong><em>atl-</em></strong></span> 
     </span>
    </p>
   </div>
   <div class='ocr_carea' id='block_1_46' title="bbox 591 4578 2159 4659">
    <p class='ocr_par' dir='ltr' id='par_1_46' title="bbox 591 4578 2157 4656">
     <span class='ocr_line' id='line_1_46' title="bbox 591 4578 2157 4656; baseline -0.008 -12"><span class='ocrx_word' id='word_1_698' title='bbox 591 4591 721 4644; x_wconf 86' lang='lat' dir='ltr'><strong><em>didit</em></strong></span> <span class='ocrx_word' id='word_1_699' title='bbox 764 4588 993 4656; x_wconf 88' lang='lat' dir='ltr'><strong><em>primum</em></strong></span> <span class='ocrx_word' id='word_1_700' title='bbox 1026 4593 1079 4636; x_wconf 90' lang='lat' dir='ltr'><strong><em>ut</em></strong></span> <span class='ocrx_word' id='word_1_701' title='bbox 1108 4583 1167 4635; x_wconf 80' lang='grc' dir='ltr'><strong><em>τὸ</em></strong></span> <span class='ocrx_word' id='word_1_702' title='bbox 1192 4580 1437 4652; x_wconf 73' lang='grc' dir='ltr'><strong><em>ἱερᾶσθαι</em></strong></span> <span class='ocrx_word' id='word_1_703' title='bbox 1484 4579 1766 4648; x_wconf 76' lang='lat' dir='ltr'><strong><em>explicaret</em></strong></span> <span class='ocrx_word' id='word_1_704' title='bbox 1792 4620 1805 4643; x_wconf 94' lang='lat'><strong><em>,</em></strong></span> <span class='ocrx_word' id='word_1_705' title='bbox 1834 4578 1988 4631; x_wconf 82' lang='lat' dir='ltr'><strong><em>verba</em></strong></span> <span class='ocrx_word' id='word_1_706' title='bbox 2015 4579 2105 4631; x_wconf 83' lang='grc' dir='ltr'>τὸν</span> <span class='ocrx_word' id='word_1_707' title='bbox 2130 4580 2157 4632; x_wconf 84' lang='grc' dir='ltr'>δ</span> 
     </span>
    </p>
   </div>
   <div class='ocr_carea' id='block_1_47' title="bbox 2262 4578 3830 4659">
    <p class='ocr_par' dir='ltr' id='par_1_47' title="bbox 2262 4578 3830 4659">
     <span class='ocr_line' id='line_1_47' title="bbox 2262 4578 3830 4659; baseline 0.008 -27"><span class='ocrx_word' id='word_1_708' title='bbox 2262 4580 2389 4634; x_wconf 79' lang='grc' dir='ltr'><strong><em>ὖντα</em></strong></span> <span class='ocrx_word' id='word_1_709' title='bbox 2420 4578 2555 4635; x_wconf 73' lang='grc' dir='ltr'>εἶναι</span> <span class='ocrx_word' id='word_1_710' title='bbox 2592 4584 2957 4655; x_wconf 75' lang='grc' dir='ltr'><strong><em>πρεσϐύτερον</em></strong></span> <span class='ocrx_word' id='word_1_711' title='bbox 2978 4603 2989 4615; x_wconf 93' lang='grc'><strong>·</strong></span> <span class='ocrx_word' id='word_1_712' title='bbox 3023 4588 3207 4641; x_wconf 88' lang='lat' dir='ltr'><strong><em>deinde</em></strong></span> <span class='ocrx_word' id='word_1_713' title='bbox 3236 4592 3624 4659; x_wconf 86' lang='lat' dir='ltr'><strong><em>perspicuitatis</em></strong></span> <span class='ocrx_word' id='word_1_714' title='bbox 3666 4608 3830 4646; x_wconf 83' lang='lat' dir='ltr'><strong><em>causa</em></strong></span> 
     </span>
    </p>
   </div>
   <div class='ocr_carea' id='block_1_48' title="bbox 591 4670 2159 4755">
    <p class='ocr_par' dir='ltr' id='par_1_48' title="bbox 591 4670 2159 4748">
     <span class='ocr_line' id='line_1_48' title="bbox 591 4670 2159 4748; baseline -0.006 -16"><span class='ocrx_word' id='word_1_715' title='bbox 591 4693 877 4748; x_wconf 84' lang='lat' dir='ltr'><strong><em>pronomen</em></strong></span> <span class='ocrx_word' id='word_1_716' title='bbox 919 4675 1082 4727; x_wconf 72' lang='grc' dir='ltr'>αὐτόν</span> <span class='ocrx_word' id='word_1_717' title='bbox 1108 4673 1370 4741; x_wconf 87' lang='lat' dir='ltr'><strong><em>ascripsit,</em></strong></span> <span class='ocrx_word' id='word_1_718' title='bbox 1402 4672 1637 4739; x_wconf 89' lang='lat' dir='ltr'><strong><em>idemque</em></strong></span> <span class='ocrx_word' id='word_1_719' title='bbox 1666 4687 1759 4737; x_wconf 90' lang='lat' dir='ltr'><strong><em>pro</em></strong></span> <span class='ocrx_word' id='word_1_720' title='bbox 1788 4670 2159 4724; x_wconf 70' lang='grc' dir='ltr'><strong><em>ἀντεπιστέλλο</em></strong></span> 
     </span>
    </p>
   </div>
   <div class='ocr_carea' id='block_1_49' title="bbox 2265 4670 3833 4755">
    <p class='ocr_par' dir='ltr' id='par_1_49' title="bbox 2265 4675 3833 4755">
     <span class='ocr_line' id='line_1_49' title="bbox 2265 4675 3833 4755; baseline 0.008 -30"><span class='ocrx_word' id='word_1_721' title='bbox 2265 4675 2385 4726; x_wconf 75' lang='grc' dir='ltr'><strong><em>›διιίι</em></strong></span> <span class='ocrx_word' id='word_1_722' title='bbox 2426 4676 2715 4743; x_wconf 85' lang='lat' dir='ltr'><strong><em>simplicius</em></strong></span> <span class='ocrx_word' id='word_1_723' title='bbox 2745 4679 3072 4749; x_wconf 86' lang='lat' dir='ltr'><strong><em>deteriusque</em></strong></span> <span class='ocrx_word' id='word_1_724' title='bbox 3101 4682 3332 4751; x_wconf 72' lang='grc' dir='ltr'><strong><em>φήσαιμι</em></strong></span> <span class='ocrx_word' id='word_1_725' title='bbox 3356 4699 3371 4713; x_wconf 77' lang='grc' dir='ltr'><strong><em>ο</em></strong></span> <span class='ocrx_word' id='word_1_726' title='bbox 3406 4684 3646 4752; x_wconf 88' lang='lat' dir='ltr'><strong><em>deinceps</em></strong></span> <span class='ocrx_word' id='word_1_727' title='bbox 3678 4702 3833 4755; x_wconf 69' lang='grc' dir='ltr'>μισο-</span> 
     </span>
    </p>
   </div>
   <div class='ocr_carea' id='block_1_50' title="bbox 592 4762 2160 4841">
    <p class='ocr_par' dir='ltr' id='par_1_50' title="bbox 592 4762 2160 4841">
     <span class='ocr_line' id='line_1_50' title="bbox 592 4762 2160 4841; baseline -0.006 -16"><span class='ocrx_word' id='word_1_728' title='bbox 592 4774 830 4841; x_wconf 76' lang='grc' dir='ltr'>πονήρου</span> <span class='ocrx_word' id='word_1_729' title='bbox 858 4764 1238 4835; x_wconf 87' lang='lat' dir='ltr'><strong><em>interpretandi</em></strong></span> <span class='ocrx_word' id='word_1_730' title='bbox 1270 4780 1431 4817; x_wconf 89' lang='lat' dir='ltr'><strong><em>causa</em></strong></span> <span class='ocrx_word' id='word_1_731' title='bbox 1461 4762 1861 4816; x_wconf 87' lang='lat' dir='ltr'><strong><em>scholiastarum</em></strong></span> <span class='ocrx_word' id='word_1_732' title='bbox 1892 4779 2033 4815; x_wconf 88' lang='lat' dir='ltr'><strong><em>more</em></strong></span> <span class='ocrx_word' id='word_1_733' title='bbox 2058 4764 2160 4816; x_wconf 86' lang='lat' dir='ltr'><strong><em>add</em></strong></span> 
     </span>
    </p>
   </div>
   <div class='ocr_carea' id='block_1_51' title="bbox 2263 4762 3831 4841">
    <p class='ocr_par' dir='ltr' id='par_1_51' title="bbox 2293 4766 3831 4837">
     <span class='ocr_line' id='line_1_51' title="bbox 2293 4766 3831 4837; baseline 0.011 -21"><span class='ocrx_word' id='word_1_734' title='bbox 2293 4766 2385 4816; x_wconf 71' lang='lat' dir='ltr'><strong><em>xui.</em></strong></span> <span class='ocrx_word' id='word_1_735' title='bbox 2413 4767 2738 4834; x_wconf 80' lang='grc' dir='ltr'>φιλαγάθου,</span> <span class='ocrx_word' id='word_1_736' title='bbox 2768 4779 2925 4837; x_wconf 86' lang='lat' dir='ltr'><strong><em>atque</em></strong></span> <span class='ocrx_word' id='word_1_737' title='bbox 2965 4774 3189 4835; x_wconf 62' lang='grc' dir='ltr'><strong><em>εἰκότως</em></strong></span> <span class='ocrx_word' id='word_1_738' title='bbox 3230 4778 3565 4828; x_wconf 85' lang='lat' dir='ltr'><strong><em>commutavit</em></strong></span> <span class='ocrx_word' id='word_1_739' title='bbox 3596 4795 3713 4831; x_wconf 84' lang='lat' dir='ltr'><strong><em>cum</em></strong></span> <span class='ocrx_word' id='word_1_740' title='bbox 3750 4780 3831 4834; x_wconf 78' lang='grc' dir='ltr'><strong><em>δι-</em></strong></span> 
     </span>
    </p>
   </div>
   <div class='ocr_carea' id='block_1_52' title="bbox 591 4854 2159 4933">
    <p class='ocr_par' dir='ltr' id='par_1_52' title="bbox 591 4854 2159 4927">
     <span class='ocr_line' id='line_1_52' title="bbox 591 4854 2159 4927; baseline -0.01 -7"><span class='ocrx_word' id='word_1_741' title='bbox 591 4865 783 4926; x_wconf 81' lang='grc' dir='ltr'><strong><em>καίως.</em></strong></span> <span class='ocrx_word' id='word_1_742' title='bbox 838 4861 1018 4917; x_wconf 85' lang='lat' dir='ltr'><strong><em>Glossa</em></strong></span> <span class='ocrx_word' id='word_1_743' title='bbox 1076 4860 1211 4911; x_wconf 89' lang='lat' dir='ltr'><strong><em>enim</em></strong></span> <span class='ocrx_word' id='word_1_744' title='bbox 1254 4858 1396 4927; x_wconf 90' lang='lat' dir='ltr'><strong><em>apud</em></strong></span> <span class='ocrx_word' id='word_1_745' title='bbox 1427 4856 1733 4925; x_wconf 81' lang='lat' dir='ltr'><strong><em>Hesychium</em></strong></span> <span class='ocrx_word' id='word_1_746' title='bbox 1763 4866 1809 4907; x_wconf 92' lang='lat' dir='ltr'><strong><em>et</em></strong></span> <span class='ocrx_word' id='word_1_747' title='bbox 1840 4854 2061 4909; x_wconf 89' lang='lat' dir='ltr'><strong><em>Suidam</em></strong></span> <span class='ocrx_word' id='word_1_748' title='bbox 2091 4872 2159 4908; x_wconf 72' lang='lat' dir='ltr'><strong><em>ex.</em></strong></span> 
     </span>
    </p>
   </div>
   <div class='ocr_carea' id='block_1_53' title="bbox 2264 4854 3832 4933">
    <p class='ocr_par' dir='ltr' id='par_1_53' title="bbox 2291 4858 3832 4933">
     <span class='ocr_line' id='line_1_53' title="bbox 2291 4858 3832 4933; baseline 0.009 -23"><span class='ocrx_word' id='word_1_749' title='bbox 2291 4872 2309 4910; x_wconf 93' lang='lat'><strong><em>:</em></strong></span> <span class='ocrx_word' id='word_1_750' title='bbox 2340 4858 2567 4921; x_wconf 80' lang='grc' dir='ltr'><strong><em>εἰκότως</em></strong></span> <span class='ocrx_word' id='word_1_751' title='bbox 2593 4880 2667 4911; x_wconf 85' lang='lat'><em>=</em></span> <span class='ocrx_word' id='word_1_752' title='bbox 2688 4861 2926 4925; x_wconf 79' lang='grc' dir='ltr'><strong><em>δικαίως.</em></strong></span> <span class='ocrx_word' id='word_1_753' title='bbox 2953 4863 3097 4916; x_wconf 89' lang='lat' dir='ltr'><strong><em>Idem</em></strong></span> <span class='ocrx_word' id='word_1_754' title='bbox 3153 4866 3496 4933; x_wconf 88' lang='lat' dir='ltr'><strong><em>interpolator</em></strong></span> <span class='ocrx_word' id='word_1_755' title='bbox 3549 4868 3832 4925; x_wconf 82' lang='lat' dir='ltr'><strong><em>inculcavit</em></strong></span> 
     </span>
    </p>
   </div>
   <div class='ocr_carea' id='block_1_54' title="bbox 593 4950 2161 5030">
    <p class='ocr_par' dir='ltr' id='par_1_54' title="bbox 593 4951 2161 5021">
     <span class='ocr_line' id='line_1_54' title="bbox 593 4951 2161 5021; baseline -0.006 -9"><span class='ocrx_word' id='word_1_756' title='bbox 593 4958 739 5013; x_wconf 66' lang='grc' dir='ltr'>ἐστίν</span> <span class='ocrx_word' id='word_1_757' title='bbox 785 4965 907 5009; x_wconf 92' lang='lat' dir='ltr'><strong><em>ante</em></strong></span> <span class='ocrx_word' id='word_1_758' title='bbox 934 4955 1099 5021; x_wconf 81' lang='grc' dir='ltr'><strong><em>ἄξιος.</em></strong></span> <span class='ocrx_word' id='word_1_759' title='bbox 1130 4952 1268 5007; x_wconf 85' lang='lat' dir='ltr'><strong><em>Nam</em></strong></span> <span class='ocrx_word' id='word_1_760' title='bbox 1297 4953 1433 5021; x_wconf 88' lang='lat' dir='ltr'><strong><em>quod</em></strong></span> <span class='ocrx_word' id='word_1_761' title='bbox 1462 4953 1531 5003; x_wconf 89' lang='lat' dir='ltr'><strong><em>ad</em></strong></span> <span class='ocrx_word' id='word_1_762' title='bbox 1560 4961 1847 5004; x_wconf 74' lang='lat' dir='ltr'><strong><em>extremum</em></strong></span> <span class='ocrx_word' id='word_1_763' title='bbox 1877 4966 1969 5017; x_wconf 88' lang='lat' dir='ltr'><strong><em>pro</em></strong></span> <span class='ocrx_word' id='word_1_764' title='bbox 2000 4951 2161 5019; x_wconf 84' lang='grc' dir='ltr'>ὲκτρα</span> 
     </span>
    </p>
   </div>
   <div class='ocr_carea' id='block_1_55' title="bbox 2265 4950 3833 5030">
    <p class='ocr_par' dir='ltr' id='par_1_55' title="bbox 2265 4951 3833 5030">
     <span class='ocr_line' id='line_1_55' title="bbox 2265 4951 3833 5030; baseline 0.008 -26"><span class='ocrx_word' id='word_1_765' title='bbox 2265 4951 2355 5004; x_wconf 77' lang='grc' dir='ltr'><strong><em>Ξῶν</em></strong></span> <span class='ocrx_word' id='word_1_766' title='bbox 2384 4955 2609 5021; x_wconf 87' lang='lat' dir='ltr'><strong><em>positum</em></strong></span> <span class='ocrx_word' id='word_1_767' title='bbox 2668 4965 2740 5008; x_wconf 88' lang='lat' dir='ltr'><strong><em>est</em></strong></span> <span class='ocrx_word' id='word_1_768' title='bbox 2788 4958 3156 5027; x_wconf 82' lang='grc' dir='ltr'><strong><em>ὲκκωμῳδῶν,</em></strong></span> <span class='ocrx_word' id='word_1_769' title='bbox 3197 4960 3402 5012; x_wconf 83' lang='lat' dir='ltr'><strong><em>videtur</em></strong></span> <span class='ocrx_word' id='word_1_770' title='bbox 3443 4976 3505 5014; x_wconf 76' lang='lat' dir='ltr'><strong><em>ex</em></strong></span> <span class='ocrx_word' id='word_1_771' title='bbox 3558 4965 3833 5030; x_wconf 70' lang='lat' dir='ltr'><strong><em>scriptura!</em></strong></span> 
     </span>
    </p>
   </div>
   <div class='ocr_carea' id='block_1_56' title="bbox 592 5042 3833 5122">
    <p class='ocr_par' dir='ltr' id='par_1_56' title="bbox 592 5042 3833 5122">
     <span class='ocr_line' id='line_1_56' title="bbox 592 5042 3833 5122; baseline 0.002 -18"><span class='ocrx_word' id='word_1_772' title='bbox 592 5050 896 5105; x_wconf 83' lang='lat' dir='ltr'><strong><em>diversitate</em></strong></span> <span class='ocrx_word' id='word_1_773' title='bbox 938 5046 1226 5115; x_wconf 88' lang='lat' dir='ltr'><strong><em>profectum</em></strong></span> <span class='ocrx_word' id='word_1_774' title='bbox 1256 5058 1396 5107; x_wconf 88' lang='lat' dir='ltr'><strong><em>esse;</em></strong></span> <span class='ocrx_word' id='word_1_775' title='bbox 1434 5058 1552 5106; x_wconf 77' lang='lat' dir='ltr'><strong><em>aute</em></strong></span> <span class='ocrx_word' id='word_1_776' title='bbox 1592 5050 1769 5093; x_wconf 87' lang='lat' dir='ltr'><strong><em>autem</em></strong></span> <span class='ocrx_word' id='word_1_777' title='bbox 1800 5042 2027 5094; x_wconf 89' lang='lat' dir='ltr'><strong><em>admista</em></strong></span> <span class='ocrx_word' id='word_1_778' title='bbox 2059 5042 2139 5094; x_wconf 76' lang='grc' dir='ltr'><strong><em>διὸ</em></strong></span> <span class='ocrx_word' id='word_1_779' title='bbox 2170 5042 2265 5095; x_wconf 76' lang='grc' dir='ltr'><strong><em>καὶ</em></strong></span> <span class='ocrx_word' id='word_1_780' title='bbox 2292 5072 2361 5083; x_wconf 89' lang='grc'><strong><em>-</em></strong></span> <span class='ocrx_word' id='word_1_781' title='bbox 2390 5045 2519 5107; x_wconf 69' lang='grc' dir='ltr'><strong><em>Θεὸς</em></strong></span> <span class='ocrx_word' id='word_1_782' title='bbox 2546 5062 2666 5098; x_wconf 88' lang='lat' dir='ltr'><strong><em>acer</em></strong></span> <span class='ocrx_word' id='word_1_783' title='bbox 2695 5050 2915 5117; x_wconf 80' lang='lat' dir='ltr'><strong><em>forsitan</em></strong></span> <span class='ocrx_word' id='word_1_784' title='bbox 2944 5049 3333 5118; x_wconf 85' lang='lat' dir='ltr'><strong><em>interpolatoris</em></strong></span> <span class='ocrx_word' id='word_1_785' title='bbox 3383 5053 3591 5105; x_wconf 82' lang='lat' dir='ltr'><strong><em>animus</em></strong></span> <span class='ocrx_word' id='word_1_786' title='bbox 3644 5067 3833 5122; x_wconf 74' lang='lat' dir='ltr'><strong><em>suapte</em></strong></span> 
     </span>
    </p>
   </div>
   <div class='ocr_carea' id='block_1_57' title="bbox 595 5130 3826 5212">
    <p class='ocr_par' dir='ltr' id='par_1_57' title="bbox 595 5130 3826 5212">
     <span class='ocr_line' id='line_1_57' title="bbox 595 5130 3826 5212; baseline -0 -19"><span class='ocrx_word' id='word_1_787' title='bbox 595 5148 776 5209; x_wconf 91' lang='lat' dir='ltr'><strong><em>sponte</em></strong></span> <span class='ocrx_word' id='word_1_788' title='bbox 831 5139 1071 5190; x_wconf 87' lang='lat' dir='ltr'><strong><em>videatur</em></strong></span> <span class='ocrx_word' id='word_1_789' title='bbox 1126 5134 1378 5203; x_wconf 70' lang='lat' dir='ltr'><strong><em>effudisse.</em></strong></span> <span class='ocrx_word' id='word_1_790' title='bbox 1419 5130 1481 5184; x_wconf 91' lang='lat' dir='ltr'><strong><em>In</em></strong></span> <span class='ocrx_word' id='word_1_791' title='bbox 1537 5132 1787 5197; x_wconf 75' lang='lat' dir='ltr'><strong><em>proximis</em></strong></span> <span class='ocrx_word' id='word_1_792' title='bbox 1845 5130 2074 5198; x_wconf 89' lang='lat' dir='ltr'><strong><em>epistolis</em></strong></span> <span class='ocrx_word' id='word_1_793' title='bbox 2131 5141 2305 5185; x_wconf 90' lang='lat' dir='ltr'><strong><em>autem</em></strong></span> <span class='ocrx_word' id='word_1_794' title='bbox 2349 5150 2381 5185; x_wconf 92' lang='lat' dir='ltr'><strong><em>a</em></strong></span> <span class='ocrx_word' id='word_1_795' title='bbox 2426 5150 2506 5187; x_wconf 90' lang='lat' dir='ltr'><strong><em>me</em></strong></span> <span class='ocrx_word' id='word_1_796' title='bbox 2535 5136 2713 5189; x_wconf 89' lang='lat' dir='ltr'><strong><em>allatis</em></strong></span> <span class='ocrx_word' id='word_1_797' title='bbox 2745 5154 2805 5190; x_wconf 77' lang='lat' dir='ltr'><strong><em>ex</em></strong></span> <span class='ocrx_word' id='word_1_798' title='bbox 2834 5138 2964 5190; x_wconf 89' lang='lat' dir='ltr'><strong><em>libro</em></strong></span> <span class='ocrx_word' id='word_1_799' title='bbox 2994 5156 3046 5202; x_wconf 89' lang='lat' dir='ltr'><strong><em>v,</em></strong></span> <span class='ocrx_word' id='word_1_800' title='bbox 3080 5155 3159 5208; x_wconf 89' lang='lat' dir='ltr'><strong><em>ep.</em></strong></span> <span class='ocrx_word' id='word_1_801' title='bbox 3192 5140 3315 5203; x_wconf 67' lang='lat'><strong><em>9.39,</em></strong></span> <span class='ocrx_word' id='word_1_802' title='bbox 3350 5150 3396 5193; x_wconf 90' lang='lat' dir='ltr'><strong><em>et</em></strong></span> <span class='ocrx_word' id='word_1_803' title='bbox 3427 5157 3489 5193; x_wconf 76' lang='lat' dir='ltr'><strong><em>ex</em></strong></span> <span class='ocrx_word' id='word_1_804' title='bbox 3518 5157 3591 5203; x_wconf 81' lang='lat' dir='ltr'><strong><em>Iv,</em></strong></span> <span class='ocrx_word' id='word_1_805' title='bbox 3625 5160 3704 5212; x_wconf 89' lang='lat' dir='ltr'><strong><em>ep.</em></strong></span> <span class='ocrx_word' id='word_1_806' title='bbox 3739 5144 3826 5204; x_wconf 79' lang='lat'><strong><em>56,</em></strong></span> 
     </span>
    </p>
   </div>
   <div class='ocr_carea' id='block_1_58' title="bbox 594 5224 2162 5301">
    <p class='ocr_par' dir='ltr' id='par_1_58' title="bbox 594 5224 2157 5301">
     <span class='ocr_line' id='line_1_58' title="bbox 594 5224 2157 5301; baseline -0.006 -16"><span class='ocrx_word' id='word_1_807' title='bbox 594 5232 915 5301; x_wconf 88' lang='lat' dir='ltr'><strong><em>interpolata</em></strong></span> <span class='ocrx_word' id='word_1_808' title='bbox 977 5237 1051 5284; x_wconf 90' lang='lat' dir='ltr'><strong><em>est</em></strong></span> <span class='ocrx_word' id='word_1_809' title='bbox 1105 5229 1250 5298; x_wconf 86' lang='lat' dir='ltr'><strong><em>prior</em></strong></span> <span class='ocrx_word' id='word_1_810' title='bbox 1279 5226 1636 5279; x_wconf 84' lang='lat' dir='ltr'><strong><em>additamenta</em></strong></span> <span class='ocrx_word' id='word_1_811' title='bbox 1660 5224 1928 5278; x_wconf 88' lang='lat' dir='ltr'><strong><em>verborum</em></strong></span> <span class='ocrx_word' id='word_1_812' title='bbox 1962 5226 2097 5294; x_wconf 78' lang='grc' dir='ltr'>μετὰ</span> <span class='ocrx_word' id='word_1_813' title='bbox 2128 5244 2157 5277; x_wconf 84' lang='grc' dir='ltr'>τ</span> 
     </span>
    </p>
   </div>
   <div class='ocr_carea' id='block_1_59' title="bbox 2262 5224 3830 5301">
    <p class='ocr_par' dir='ltr' id='par_1_59' title="bbox 2265 5226 3830 5297">
     <span class='ocr_line' id='line_1_59' title="bbox 2265 5226 3830 5297; baseline 0.007 -19"><span class='ocrx_word' id='word_1_814' title='bbox 2265 5226 2631 5297; x_wconf 73' lang='grc' dir='ltr'>ρόληφοῆναι·</span> <span class='ocrx_word' id='word_1_815' title='bbox 2684 5232 2984 5283; x_wconf 88' lang='lat' dir='ltr'><strong><em>mutilatam</em></strong></span> <span class='ocrx_word' id='word_1_816' title='bbox 3030 5232 3253 5285; x_wconf 86' lang='lat' dir='ltr'><strong><em>alteram</em></strong></span> <span class='ocrx_word' id='word_1_817' title='bbox 3304 5232 3515 5285; x_wconf 87' lang='lat' dir='ltr'><strong><em>librarii</em></strong></span> <span class='ocrx_word' id='word_1_818' title='bbox 3552 5250 3725 5287; x_wconf 83' lang='lat' dir='ltr'><strong><em>errore</em></strong></span> <span class='ocrx_word' id='word_1_819' title='bbox 3770 5238 3830 5289; x_wconf 85' lang='lat' dir='ltr'><strong><em>in</em></strong></span> 
     </span>
    </p>
   </div>
   <div class='ocr_carea' id='block_1_60' title="bbox 607 5314 2175 5393">
    <p class='ocr_par' dir='ltr' id='par_1_60' title="bbox 607 5314 2175 5393">
     <span class='ocr_line' id='line_1_60' title="bbox 607 5314 2175 5393; baseline -0.004 -19"><span class='ocrx_word' id='word_1_820' title='bbox 607 5322 738 5393; x_wconf 74' lang='grc' dir='ltr'><strong><em>μηδὲ</em></strong></span> <span class='ocrx_word' id='word_1_821' title='bbox 774 5320 1203 5387; x_wconf 77' lang='grc' dir='ltr'><strong><em>καταδεξάμενος</em></strong></span> <span class='ocrx_word' id='word_1_822' title='bbox 1231 5317 1405 5386; x_wconf 89' lang='lat' dir='ltr'><strong><em>arguit</em></strong></span> <span class='ocrx_word' id='word_1_823' title='bbox 1434 5314 1809 5367; x_wconf 88' lang='lat' dir='ltr'><strong><em>sententiarum</em></strong></span> <span class='ocrx_word' id='word_1_824' title='bbox 1837 5315 1990 5366; x_wconf 90' lang='lat' dir='ltr'><strong><em>ratio.</em></strong></span> <span class='ocrx_word' id='word_1_825' title='bbox 2023 5314 2175 5367; x_wconf 83' lang='lat' dir='ltr'><strong><em>Antec</em></strong></span> 
     </span>
    </p>
   </div>
   <div class='ocr_carea' id='block_1_61' title="bbox 2261 5314 3829 5393">
    <p class='ocr_par' dir='ltr' id='par_1_61' title="bbox 2261 5316 3829 5389">
     <span class='ocr_line' id='line_1_61' title="bbox 2261 5316 3829 5389; baseline 0.005 -22"><span class='ocrx_word' id='word_1_826' title='bbox 2261 5318 2351 5368; x_wconf 82' lang='lat' dir='ltr'><strong><em>tim</em></strong></span> <span class='ocrx_word' id='word_1_827' title='bbox 2384 5316 2591 5368; x_wconf 90' lang='lat' dir='ltr'><strong><em>videtur</em></strong></span> <span class='ocrx_word' id='word_1_828' title='bbox 2621 5320 2845 5386; x_wconf 86' lang='lat' dir='ltr'><strong><em>positum</em></strong></span> <span class='ocrx_word' id='word_1_829' title='bbox 2878 5319 3035 5386; x_wconf 87' lang='lat' dir='ltr'><strong><em>fuisse</em></strong></span> <span class='ocrx_word' id='word_1_830' title='bbox 3065 5320 3111 5371; x_wconf 77' lang='lat' dir='ltr'><strong><em>oi</em></strong></span> <span class='ocrx_word' id='word_1_831' title='bbox 3144 5320 3198 5370; x_wconf 81' lang='grc' dir='ltr'><strong><em>δὲ</em></strong></span> <span class='ocrx_word' id='word_1_832' title='bbox 3228 5321 3301 5389; x_wconf 81' lang='grc' dir='ltr'><strong><em>μὴ</em></strong></span> <span class='ocrx_word' id='word_1_833' title='bbox 3329 5320 3643 5387; x_wconf 74' lang='grc' dir='ltr'>διδαχθῆναι</span> <span class='ocrx_word' id='word_1_834' title='bbox 3664 5338 3829 5375; x_wconf 81' lang='grc' dir='ltr'>κατα-</span> 
     </span>
    </p>
   </div>
   <div class='ocr_carea' id='block_1_62' title="bbox 605 5406 3828 5482">
    <p class='ocr_par' dir='ltr' id='par_1_62' title="bbox 605 5406 3828 5482">
     <span class='ocr_line' id='line_1_62' title="bbox 605 5406 3828 5482; baseline 0.001 -17"><span class='ocrx_word' id='word_1_835' title='bbox 605 5412 901 5482; x_wconf 80' lang='grc' dir='ltr'><strong><em>δεξάμενοι.</em></strong></span> <span class='ocrx_word' id='word_1_836' title='bbox 937 5410 1169 5480; x_wconf 89' lang='lat' dir='ltr'><strong><em>Denique</em></strong></span> <span class='ocrx_word' id='word_1_837' title='bbox 1196 5425 1356 5478; x_wconf 90' lang='lat' dir='ltr'><strong><em>quam</em></strong></span> <span class='ocrx_word' id='word_1_838' title='bbox 1386 5407 1784 5461; x_wconf 90' lang='lat' dir='ltr'><strong><em>commemoravi</em></strong></span> <span class='ocrx_word' id='word_1_839' title='bbox 1810 5406 1997 5460; x_wconf 68' lang='lat'><strong><em>€01.49</em></strong></span> <span class='ocrx_word' id='word_1_840' title='bbox 2027 5408 2303 5475; x_wconf 87' lang='lat' dir='ltr'><strong><em>epistolam</em></strong></span> <span class='ocrx_word' id='word_1_841' title='bbox 2333 5409 2438 5462; x_wconf 71' lang='grc'><strong><em>272</em></strong></span> <span class='ocrx_word' id='word_1_842' title='bbox 2470 5409 2588 5462; x_wconf 86' lang='lat' dir='ltr'><strong><em>libri</em></strong></span> <span class='ocrx_word' id='word_1_843' title='bbox 2620 5427 2656 5473; x_wconf 85' lang='grc' dir='ltr'><strong><em>ι,</em></strong></span> <span class='ocrx_word' id='word_1_844' title='bbox 2690 5428 2805 5464; x_wconf 89' lang='lat' dir='ltr'><strong><em>eam</em></strong></span> <span class='ocrx_word' id='word_1_845' title='bbox 2836 5421 2985 5478; x_wconf 87' lang='lat' dir='ltr'><strong><em>putat</em></strong></span> <span class='ocrx_word' id='word_1_846' title='bbox 3021 5410 3273 5482; x_wconf 81' lang='lat' dir='ltr'><strong><em>Ileisiqius</em></strong></span> <span class='ocrx_word' id='word_1_847' title='bbox 3303 5424 3413 5479; x_wconf 89' lang='lat' dir='ltr'><strong><em>post</em></strong></span> <span class='ocrx_word' id='word_1_848' title='bbox 3445 5412 3593 5465; x_wconf 86' lang='lat' dir='ltr'><strong><em>illam</em></strong></span> <span class='ocrx_word' id='word_1_849' title='bbox 3622 5428 3828 5482; x_wconf 65' lang='lat' dir='ltr'><strong><em>qua&#39;est</em></strong></span> 
     </span>
    </p>
   </div>
   <div class='ocr_carea' id='block_1_63' title="bbox 600 5499 2168 5571">
    <p class='ocr_par' dir='ltr' id='par_1_63' title="bbox 600 5499 2168 5571">
     <span class='ocr_line' id='line_1_63' title="bbox 600 5499 2168 5571; baseline -0.001 -15"><span class='ocrx_word' id='word_1_850' title='bbox 600 5503 720 5556; x_wconf 85' lang='lat' dir='ltr'><strong><em>libri</em></strong></span> <span class='ocrx_word' id='word_1_851' title='bbox 754 5519 791 5567; x_wconf 88' lang='grc' dir='ltr'><strong><em>ι,</em></strong></span> <span class='ocrx_word' id='word_1_852' title='bbox 820 5502 941 5563; x_wconf 76' lang='grc'><strong><em>505,</em></strong></span> <span class='ocrx_word' id='word_1_853' title='bbox 974 5504 1221 5569; x_wconf 88' lang='lat' dir='ltr'><strong><em>scriptam</em></strong></span> <span class='ocrx_word' id='word_1_854' title='bbox 1247 5517 1382 5564; x_wconf 87' lang='lat' dir='ltr'><strong><em>esse;</em></strong></span> <span class='ocrx_word' id='word_1_855' title='bbox 1410 5516 1573 5569; x_wconf 89' lang='lat' dir='ltr'><strong><em>quare</em></strong></span> <span class='ocrx_word' id='word_1_856' title='bbox 1604 5499 1851 5571; x_wconf 79' lang='grc' dir='ltr'>γέγραφα</span> <span class='ocrx_word' id='word_1_857' title='bbox 1882 5516 1975 5567; x_wconf 89' lang='lat' dir='ltr'><strong><em>pro</em></strong></span> <span class='ocrx_word' id='word_1_858' title='bbox 2003 5500 2168 5571; x_wconf 79' lang='grc' dir='ltr'>γέγρα</span> 
     </span>
    </p>
   </div>
   <div class='ocr_carea' id='block_1_64' title="bbox 1523 5499 3091 5571">
    <p class='ocr_par' dir='ltr' id='par_1_64' title="bbox 1523 5499 3091 5571">
     <span class='ocr_line' id='line_1_64' title="bbox 1523 5499 3091 5571; baseline 0.004 -20"><span class='ocrx_word' id='word_1_859' title='bbox 1523 5516 1573 5553; x_wconf 89' lang='lat' dir='ltr'><strong><em>re</em></strong></span> <span class='ocrx_word' id='word_1_860' title='bbox 1604 5499 1851 5571; x_wconf 80' lang='grc' dir='ltr'>γέγραφα</span> <span class='ocrx_word' id='word_1_861' title='bbox 1882 5516 1975 5567; x_wconf 89' lang='lat' dir='ltr'><strong><em>pro</em></strong></span> <span class='ocrx_word' id='word_1_862' title='bbox 2003 5500 2283 5571; x_wconf 80' lang='grc' dir='ltr'><strong><em>γέγραφας</em></strong></span> <span class='ocrx_word' id='word_1_863' title='bbox 2308 5520 2369 5556; x_wconf 75' lang='lat' dir='ltr'><strong><em>ex</em></strong></span> <span class='ocrx_word' id='word_1_864' title='bbox 2404 5520 2525 5556; x_wconf 86' lang='lat' dir='ltr'><strong><em>mss.</em></strong></span> <span class='ocrx_word' id='word_1_865' title='bbox 2556 5507 2899 5557; x_wconf 78' lang='lat' dir='ltr'><strong><em>revocandum</em></strong></span> <span class='ocrx_word' id='word_1_866' title='bbox 2931 5505 3091 5557; x_wconf 76' lang='lat' dir='ltr'><strong><em>ducit.</em></strong></span> 
     </span>
    </p>
   </div>
   <div class='ocr_carea' id='block_1_65' title="bbox 665 5594 3822 5668">
    <p class='ocr_par' dir='ltr' id='par_1_65' title="bbox 665 5594 3822 5668">
     <span class='ocr_line' id='line_1_65' title="bbox 665 5594 3822 5668; baseline 0.001 -19"><span class='ocrx_word' id='word_1_867' title='bbox 665 5596 802 5649; x_wconf 80' lang='lat' dir='ltr'><strong><em>Huic</em></strong></span> <span class='ocrx_word' id='word_1_868' title='bbox 830 5604 1005 5649; x_wconf 90' lang='lat' dir='ltr'><strong><em>autem</em></strong></span> <span class='ocrx_word' id='word_1_869' title='bbox 1035 5596 1173 5663; x_wconf 85' lang='lat' dir='ltr'><strong><em>parti</em></strong></span> <span class='ocrx_word' id='word_1_870' title='bbox 1202 5596 1435 5651; x_wconf 77' lang='lat' dir='ltr'><strong><em>secundw</em></strong></span> <span class='ocrx_word' id='word_1_871' title='bbox 1472 5605 1572 5647; x_wconf 89' lang='lat' dir='ltr'><strong><em>tres</em></strong></span> <span class='ocrx_word' id='word_1_872' title='bbox 1604 5594 1783 5647; x_wconf 89' lang='lat' dir='ltr'><strong><em>addidi</em></strong></span> <span class='ocrx_word' id='word_1_873' title='bbox 1813 5596 2117 5662; x_wconf 88' lang='lat' dir='ltr'><strong><em>appendices</em></strong></span> <span class='ocrx_word' id='word_1_874' title='bbox 2149 5598 2257 5667; x_wconf 90' lang='lat' dir='ltr'><strong><em>(a);</em></strong></span> <span class='ocrx_word' id='word_1_875' title='bbox 2296 5615 2519 5666; x_wconf 90' lang='lat' dir='ltr'><strong><em>quarum</em></strong></span> <span class='ocrx_word' id='word_1_876' title='bbox 2548 5600 2599 5650; x_wconf 89' lang='lat' dir='ltr'><strong><em>in</em></strong></span> <span class='ocrx_word' id='word_1_877' title='bbox 2644 5600 2813 5665; x_wconf 84' lang='lat' dir='ltr'><strong><em>prima</em></strong></span> <span class='ocrx_word' id='word_1_878' title='bbox 2855 5600 2987 5649; x_wconf 84' lang='lat' dir='ltr'><strong><em>inter</em></strong></span> <span class='ocrx_word' id='word_1_879' title='bbox 3023 5598 3309 5661; x_wconf 85' lang='lat' dir='ltr'><strong><em>complures</em></strong></span> <span class='ocrx_word' id='word_1_880' title='bbox 3339 5597 3529 5650; x_wconf 79' lang='lat' dir='ltr'><strong><em>[sideri</em></strong></span> <span class='ocrx_word' id='word_1_881' title='bbox 3560 5602 3822 5668; x_wconf 87' lang='lat' dir='ltr'><strong><em>epistolas,</em></strong></span> 
     </span>
    </p>
   </div>
   <div class='ocr_carea' id='block_1_66' title="bbox 664 5722 3825 5837">
    <p class='ocr_par' dir='ltr' id='par_1_66' title="bbox 664 5722 3825 5837">
     <span class='ocr_line' id='line_1_66' title="bbox 664 5722 3825 5837; baseline 0.003 -65"><span class='ocrx_word' id='word_1_882' title='bbox 664 5722 850 5835; x_wconf 36' lang='lat' dir='ltr'><strong><em>(a)dEx.</em></strong></span> <span class='ocrx_word' id='word_1_883' title='bbox 883 5724 957 5773; x_wconf 84' lang='lat' dir='ltr'><strong><em>his</em></strong></span> <span class='ocrx_word' id='word_1_884' title='bbox 982 5729 1261 5837; x_wconf 52' lang='lat' dir='ltr'><strong><em>péimampel</em></strong></span> <span class='ocrx_word' id='word_1_885' title='bbox 1307 5729 1591 5789; x_wconf 82' lang='lat' dir='ltr'><strong><em>secundam,</em></strong></span> <span class='ocrx_word' id='word_1_886' title='bbox 1625 5728 1739 5791; x_wconf 83' lang='lat' dir='ltr'><strong><em>quia</em></strong></span> <span class='ocrx_word' id='word_1_887' title='bbox 1760 5727 1980 5779; x_wconf 72' lang='lat' dir='ltr'><strong><em>addentia</em></strong></span> <span class='ocrx_word' id='word_1_888' title='bbox 2024 5736 2131 5780; x_wconf 80' lang='lat' dir='ltr'><strong><em>erat</em></strong></span> <span class='ocrx_word' id='word_1_889' title='bbox 2162 5738 2446 5783; x_wconf 83' lang='lat' dir='ltr'><strong><em>catenarum</em></strong></span> <span class='ocrx_word' id='word_1_890' title='bbox 2484 5746 2661 5782; x_wconf 83' lang='lat' dir='ltr'><strong><em>recens</em></strong></span> <span class='ocrx_word' id='word_1_891' title='bbox 2701 5732 2939 5781; x_wconf 83' lang='lat' dir='ltr'><strong><em>edilarum</em></strong></span> <span class='ocrx_word' id='word_1_892' title='bbox 2974 5732 3190 5788; x_wconf 68' lang='lat' dir='ltr'><strong><em>collatio,</em></strong></span> <span class='ocrx_word' id='word_1_893' title='bbox 3214 5730 3272 5780; x_wconf 81' lang='lat' dir='ltr'><strong><em>ad</em></strong></span> <span class='ocrx_word' id='word_1_894' title='bbox 3305 5733 3485 5780; x_wconf 71' lang='lat' dir='ltr'><strong><em>calcem</em></strong></span> <span class='ocrx_word' id='word_1_895' title='bbox 3511 5730 3825 5792; x_wconf 69' lang='lat' dir='ltr'><strong><em>epistularum</em></strong></span> 
     </span>
     <span class='ocr_line' id='line_1_67' title="bbox 668 5799 1325 5837; baseline 0.005 -3"><span class='ocrx_word' id='word_1_896' title='bbox 668 5799 742 5835; x_wconf 62' lang='lat' dir='ltr'><strong><em>ian</em></strong></span> <span class='ocrx_word' id='word_1_897' title='bbox 780 5801 978 5836; x_wconf 78' lang='lat' dir='ltr'><strong><em>avnnus.</em></strong></span> <span class='ocrx_word' id='word_1_898' title='bbox 1050 5802 1139 5837; x_wconf 79' lang='lat' dir='ltr'><strong><em>vir.</em></strong></span> <span class='ocrx_word' id='word_1_899' title='bbox 1218 5804 1325 5837; x_wconf 76' lang='lat' dir='ltr'><strong><em>nn.</em></strong></span> 
     </span>
    </p>
   </div>
   <div class='ocr_carea' id='block_1_67' title="bbox 602 5801 1325 5839">
    <p class='ocr_par' dir='ltr' id='par_1_67' title="bbox 602 5801 1325 5839">
     <span class='ocr_line' id='line_1_68' title="bbox 602 5801 1325 5839; baseline -0.003 0"><span class='ocrx_word' id='word_1_900' title='bbox 602 5801 978 5839; x_wconf 71' lang='lat' dir='ltr'><strong><em>amanaavunus.</em></strong></span> <span class='ocrx_word' id='word_1_901' title='bbox 1012 5801 1139 5837; x_wconf 65' lang='lat' dir='ltr'><strong><em>non.</em></strong></span> <span class='ocrx_word' id='word_1_902' title='bbox 1182 5801 1325 5837; x_wconf 75' lang='lat' dir='ltr'><strong><em>t&#39;nn.</em></strong></span> 
     </span>
    </p>
   </div>
  </div>
