3972 6422
124 394 188 459 13
1535 378 1947 448 ῙἪΕΡΑΤΙΟ.
3325 364 3393 429 11

117 528 235 583 qua
265 522 318 567 et
350 510 405 565 in
436 510 665 566 editione
698 506 988 561 Parisiensi
1014 518 1240 567 ‘excusw,
1264 508 1312 555 et
1342 517 1373 553 a
1406 510 1713 553 catenarum
1769 496 2068 551 auctoribus
2121 494 2343 563 prolata:
2384 498 2527 555 sunt,
2569 505 2628 543 eo
2657 485 2876 542 consilio
2904 485 3147 540 instituta
3180 491 3257 535 est
3288 480 3391 533 col-

118 602 273 663 tatio,
308 612 362 654 ut
414 602 612 654 multas
658 598 893 667 ejusdem
930 594 1177 664 epistolas
1234 608 1265 644 α
1321 589 1727 658 descriptoribus
1756 588 1827 640 ad
1854 587 2066 641 verbum
2098 601 2200 638 non
2229 600 2337 638 esse
2363 583 2654 650 descriptas
2684 578 3015 650 probaretur.
3048 572 3184 629 Sunt
3214 586 3391 626 auLem

117 695 349 755 collatas.
382 709 501 765 qua:
520 693 590 746 ad
620 708 807 745 manus
838 694 1000 759 fuere,
1033 688 1114 741 lue
1141 686 1366 741 Patrum
1395 684 1696 741 Graecorum
1726 690 1927 737 catena:
1954 699 1974 733 :
2834 746 2839 749 Ἴ

188 787 245 841 1.
277 759 455 854 sapa
493 785 633 850 ἐνὸς
671 784 769 836 καὶ
818 782 1197 849 πεντήκοντα
1221 775 1769 848 ὐπομτηιματιστών
1811 778 1900 842 εἰς
1937 775 2053 842 τὴν
2086 772 2484 843 Ὀκτάτευχον
2507 771 2605 825 καὶ
2632 770 2705 824 τὰ
2730 766 2850 823 τῶν
2880 760 3234 826 Βασιλειῶν,
3274 759 3394 831 ἤδη

115 880 362 951 ,πρῶτον
417 882 629 945 τύποις
688 878 1039 941 ἐκδοθεῖσα,
1091 875 1333 941 ἀξιώσει
1372 884 1491 944 μεν
1541 873 1874 942 Γρηγορὶου
1937 870 2338 940 Ἀλεξάνδρου
2390 871 2622 935 ι’κίκα,
2664 865 2973 937 ἐπιμελείᾳ
3015 861 3085 916 δὲ
3129 859 3394 929 Νικηφό-

110 990 245 1041 pou.
284 971 405 1026 Vol.
441 973 485 1035 1,
516 973 581 1026 ll.
616 972 815 1041 Lipsiae
847 970 1005 1025 i772.

180 1065 241 1120 2.
278 1066 561 1135 Expositio
590 1065 692 1118 PP.
725 1063 1033 1119 Grmcorum
1064 1063 1117 1118 in
1147 1059 1392 1116 Psalmos
1420 1075 1450 1113 a
1483 1058 1794 1113 Balthasare
1818 1057 2084 1114 Corderio
2114 1055 2463 1111 concinnata.
2496 1054 2765 1121 Antuerp.
2805 1048 2962 1103 1615.

181 1159 241 1211 5.
273 1158 478 1211 Catena
508 1157 820 1212 Grmcorum
850 1155 956 1210 PP.
988 1155 1043 1210 iu
1074 1156 1295 1210 beatum
1324 1151 1426 1207 Job
1456 1150 1745 1206 collectore
1774 1149 1962 1205 hiceta
1998 1150 2072 1203 .in
2104 1149 2280 1203 lucem
2310 1146 2454 1201 edita
2483 1159 2647 1215 opera
2679 1152 2734 1197 et
2763 1140 2944 1195 studio
2974 1135 3193 1192 Patricii
3222 1132 3393 1189 Junii.

115 1244 291 1300 Lond.
326 1245 485 1299 1557.

152 1336 237 1391 ’4.
274 1336 545 1408 Symbola:
573 1335 887 1393 Graecorum
920 1334 1021 1388 PP.
1054 1335 1109 1389 iu
1158 1335 1475 1390 Manlianum
1506 1333 1718 1388 collatae
1747 1348 1777 1387 ει
1809 1331 2131 1386 Baltliasare
2159 1329 2424 1386 Corderio
2453 1337 2510 1383 et
2536 1324 2983 1383 Petro'Possino.
3016 1323 3197 1377 Tolos.
3237 1318 3393 1375 1646.

118 1426 237 1483 Vol.
274 1428 313 1491 Ι,
346 1426 414 1481 Il.

177 1523 239 1578 5.
271 1522 476 1577 Catena
507 1521 613 1577 PP.
648 1522 956 1578 Graecorum
990 1523 1042 1575 in
1075 1521 1132 1577 S.
1163 1522 1430 1578 Joannem
1463 1523 1518 1577 in
1548 1523 1727 1578 lucem
1757 1521 1901 1577 edita
1933 1535 1962 1575 a
1994 1519 2173 1576 Balth.
2207 1518 2499 1575 Cordcrio.
2531 1516 2802 1586 Antuerp.
2837 1513 2998 1568 1650.

175 1612 234 1668 6.
269 1614 529 1671 Cotelerii
559 1614 909 1669 Monumenta
942 1614 1197 1669 Ecclesiae
1228 1614 1447 1669 Grzccat.

180 1701 585 1775 Conferentibus
615 1718 793 1761 autent
825 1709 969 1761 nobis
998 1723 1130 1777 quas
1165 1709 1339 1774 primo
1356 1717 1403 1762 et
1434 1717 1623 1777 quarto
1655 1707 1764 1761 loco
1795 1707 2189 1762 numeravimus
2218 1706 2439 1761 Patrum
2473 1713 2707 1769 catenas,
2728 1698 3067 1755 occurrebant
3100 1697 3399 1767 fragmenta

112 1794 176 1847 ab
210 1795 430 1851 illarum
461 1799 768 1851 auctoribus
796 1798 1001 1851 Isidoro
1032 1808 1206 1851 nostro
1236 1801 1489 1868 ascripta,
1524 1816 1638 1869 qua:
1660 1840 1676 1866 ,
1699 1817 1815 1854 cum
1847 1788 1939 1853 diu
1967 1799 2294 1869 multumque
2319 1799 2375 1853 in
2400 1796 2743 1869 epistolarum
2772 1793 2930 1861 hujus
2957 1790 3057 1844 viri
3086 1784 3401 1842 editionibus

114 1889 317 1957 [rustra
348 1892 696 1961 quarsicerim,
730 1893 865 1961 typis
894 1891 1233 1958 exprimenda
1265 1894 1587 1945 curavimus.
1624 1892 1736 1946 Etsi
1765 1893 2007 1962 equidem
2038 1908 2140 1946 non
2169 1892 2541 1961 aﬂirmaverim
2572 1906 2635 1944 ne
2665 1904 2830 1943 unum
2861 1886 3071 1956 quidem
3100 1884 3240 1935 inter
3286 1896 3399 1933 om-

111 1985 202 2036 nia
235 1983 348 2037 haec
375 1986 672 2055 fragmenta
704 2002 865 2055 neque
895 1986 948 2037 in
981 1984 1170 2039 Isidori
1200 1978 1453 2055 epistolis.
1488 2002 1653 2055 neque
1681 1987 1825 2054 apud
1853 1986 2023 2040 alium
2051 1986 2356 2054 scriptorem
2386 1984 2637 2059 reperiri,
2670 1992 2851 2037 tamen
2880 1996 2999 2035 cum
3028 1978 3173 2032 illius
3201 1976 3399 2045 scripta

114 2086 322 2129 attento
373 2078 685 2147 perlegerim
737 2079 914 2131 animo
954 2077 1259 2137 identidem.
1294 2093 1459 2147 neque
1484 2078 1537 2131 in
1569 2079 1695 2148 ipsis
1727 2078 2037 2149 fragmentis
2066 2080 2205 2149 quod
2232 2078 2468 2148 ejusdem
2498 2076 2764 2149 cogitandi
2795 2083 2887 2130 aut
2915 2072 3174 2130 scribendi
3204 2070 3401 2124 rationi

114 2179 367 2238 repugnet
396 2172 704 2234 invenerim,
758 2169 908 2221 liceat
966 2169 1093 2221 mihi
1125 2169 1302 2221 omnia
1334 2185 1395 2221 ea
1428 2169 1491 2221 ab
1521 2167 1726 2223 Isidoro
1752 2172 1985 2242 profecta
2017 2188 2126 2225 esse
2155 2158 2702 2232 tandiucoutendere,
2734 2168 2861 2221 dum
2890 2165 3110 2219 meliora
3142 2178 3246 2220 non
3274 2162 3401 2216 edo«

113 2273 226 2318 ctus
257 2280 374 2318 sum
405 2282 437 2317 a
466 2281 755 2334 quoquam.
785 2295 852 2305 —
880 2263 941 2317 In
967 2264 1191 2317 secunda
1222 2279 1341 2316 vero
1370 2264 1528 2332 hujus
1558 2265 1727 2333 partis
1757 2266 2043 2335 appendice
2072 2267 2378 2321 enumeravi
2410 2275 2623 2329 catenas
2646 2261 2973 2331 Petrumque
2997 2260 3258 2315 dictorum
3291 2255 3403 2333 syl-

116 2357 267 2427 lagas
293 2358 402 2411 sive
432 2357 661 2439 eclogas,
697 2373 811 2426 qua!
844 2357 1076 2407 nondum
1130 2355 1282 2409 (diue
1311 2356 1365 2407 in
1394 2355 1714 2410 bibliothecis
1745 2367 2102 2423 asservantur,
2136 2358 2193 2410 in
2240 2356 2526 2427 quibusque
2560 2354 2753 2409 Isidori
2782 2361 2992 2408 exstant
3020 2360 3114 2405 aut
3146 2349 3397 2420 epistolw,

116 2463 205 2505 aut
240 2452 590 2521 epistolarum
622 2452 939 2520 fragmenta.
966 2477 1031 2487 —
1060 2446 1123 2500 In
1156 2451 1310 2500 tertia
1343 2449 1585 2519 denique,
1617 2466 1735 2519 qua:
1765 2450 1894 2503 mihi
1932 2450 1996 2503 de
2024 2449 2367 2517 epistolarum
2396 2448 2740 2511 innatuerunt
2781 2447 3044 2502 codicibus
3084 2444 3322 2514 exposui,
3351 2451 3403 2497 et

115 2544 392 2598 occasione
430 2544 556 2595 data
593 2559 647 2612 p.
682 2540 782 2595 113
812 2542 1086 2609 scripturae
1116 2539 1471 2595 diversitatem
1505 2559 1530 2594 e
1560 2542 1734 2596 codice
1759 2541 2028 2609 Cudiano,
2054 2558 2207 2611 quem
2228 2556 2435 2595 summa
2466 2540 2756 2595 doctissimi
2782 2539 2968 2595 Eberti
2996 2538 3125 2593 mihi
3154 2535 3405 2592 concessit

120 2642 433 2706 liberalitas,
464 2642 744 2711 diligenter
771 2642 1038 2694 adnotavi.

188 2734 371 2789 Tertia
398 2743 576 2787 autem
610 2732 1064 2785 commentationis
1082 2747 1226 2800 pars,
1264 2732 1321 2783 in
1345 2747 1449 2799 qua
1492 2730 1555 2782 de
1596 2727 1785 2781 Isidori
1816 2729 1995 2798 agitur
2024 2729 2263 2782 doctrina
2286 2768 2299 2793 ,
2332 2729 2390 2781 in
2425 2730 2529 2783 tria
2558 2736 2681 2798 apte
2707 2727 2871 2782 dividi
2900 2729 3069 2796 potuit
3096 2729 3296 2798 capita.
3338 2728 3408 2784 In

120 2828 293 2895 primo
322 2826 481 2889 enim,
514 2824 642 2892 quid
669 2823 756 2876 ille
779 2824 840 2875 de
870 2822 1196 2892 gravissimis
1220 2819 1549 2890 dogmatibus
1572 2821 1815 2883 senserit,
1850 2818 2181 2874 declaratum
2216 2828 2310 2883 est,
2341 2820 2415 2874 ita
2441 2821 2669 2889 quidem,
2709 2829 2766 2872 ut
2794 2819 3027 2889 primum
3054 2820 3182 2891 quid
3205 2820 3269 2874 de
3290 2822 3406 2890 fon-

120 2920 260 2970 tibus
284 2914 550 2985 religionis
580 2914 914 2977 Christiania,
949 2912 1074 2982 quid
1102 2910 1289 2963 deinde
1312 2912 1376 2964 de
1399 2909 1530 2973 Deo,
1556 2918 1666 2961 tum
1692 2910 1819 2977 quid
1839 2911 1903 2963 de
1932 2910 2162 2963 consiliis
2186 2920 2234 2964 et
2265 2910 2519 2984 institutis
2540 2910 2729 2963 divinis
2749 2950 2762 2975 ,
2782 2926 2901 2979 quia
2929 2910 3001 2964 ad
3021 2912 3292 2967 hominum
3313 2929 3406 2967 sa-

124 3012 287 3064 lutem
330 3024 424 3075 per
454 3006 637 3060 Iesum
677 3004 941 3059 Christum
984 3004 1341 3071 reparandum
1386 3008 1622 3068 spectant
1646 3038 1661 3062 ,
1697 3000 1824 3068 quid
1855 3000 2079 3071 denique
2112 3002 2176 3054 de
2205 3001 2354 3054 rebus
2389 3001 2585 3070 futuris
2608 3001 2855 3055 statuerit
2884 3000 2994 3069 ille,
3026 3004 3284 3059 traditum
3313 3007 3401 3063 sit.

126 3104 202 3158 De
229 3102 419 3173 quibus
452 3098 689 3152 omnibus
718 3097 832 3165 ejus
859 3098 1173 3150 sententiam
1200 3103 1448 3148 accurate
1475 3092 1684 3162 quidem
1715 3093 2067 3161 exposuimus,
2084 3102 2241 3165 atque
2262 3093 2575 3163 gravissima
2606 3095 2839 3163 ejusdem
2869 3096 2934 3149 de
2953 3098 3133 3167 quovis
3162 3097 3415 3169 dogmate

136 3196 268 3249 iicta
315 3192 373 3243 in
398 3191 533 3243 notis
564 3189 700 3259 typis
742 3188 1080 3256 exprimenda
1128 3185 1464 3247 curavimus;
1505 3183 1596 3236 sed
1627 3199 1691 3235 ne
1721 3183 1881 3237 nimis
1911 3182 2067 3254 longa
2097 3184 2266 3237 omnis
2287 3183 2394 3236 haec
2413 3184 2561 3252 ﬁeret
2589 3184 2888 3254 disquisitio
2908 3227 2922 3251 ,
2954 3203 3119 3257 neque
3138 3187 3407 3255 judicium

127 3288 427 3351 adjectum,
460 3300 625 3353 neque
666 3282 908 3335 instituta
952 3288 1025 3333 est
1056 3295 1173 3332 cum
1215 3276 1445 3347 placitis,
1477 3292 1594 3345 quce
1624 3275 1744 3328 aliis
1783 3275 2019 3344 ejusdem
2039 3278 2135 3330 (cui
2165 3275 2418 3330 Patribus
2448 3286 2662 3347 accepta
2692 3278 2925 3347 fuerunt,
2960 3278 3310 3348 comparatio.
3337 3308 3391 3325 ν

127 3378 189 3436 In
218 3379 447 3433 secundo
472 3392 591 3431 vero
619 3375 775 3443 hujus
803 3372 970 3443 partis
1001 3370 1171 3439 capite
1198 3369 1429 3422 diximus
1456 3368 1519 3421 de
1566 3365 1771 3436 Isidoro
1801 3365 2118 3437 apologeta;
2148 3366 2329 3435 itaque
2356 3367 2591 3436 ejusdem
2620 3376 2804 3422 contra
2834 3368 3083 3433 ethnicos,
3114 3368 3329 3424 Judteos
3358 3380 3408 3425 et

125 3470 394 3526 hereticos
439 3466 745 3537 disputandi
803 3464 939 3518 ratio
988 3463 1171 3532 paucis
1232 3461 1506 3514 declarata
1553 3468 1647 3514 est.
1669 3489 1737 3501 --
1768 3458 1830 3513 In
1860 3460 2016 3514 tertio
2041 3460 2265 3531 denique
2292 3461 2354 3514 de
2378 3460 2586 3515 Isidoro
2619 3461 2821 3531 egimus
2850 3460 3104 3518 librorum
3131 3479 3408 3518 sacrorum

126 3566 443 3633 interprete,
492 3572 652 3632 atque
703 3560 938 3631 pluribus
986 3561 1208 3629 probare
1261 3558 1434 3611 conati
1492 3573 1673 3612 sumus
1729 3558 2003 3628 exemplis,
2051 3573 2170 3611 cum
2228 3572 2392 3627 neque
2438 3559 2651 3611 omnino
2695 3560 3071 3626 spernendum,
3115 3556 3408 3614 utiCroius

128 3662 442 3713 censuerunt
483 3662 532 3706 et
579 3654 925 3706 Heumannus
945 3689 962 3717 ,
986 3664 1152 3717 neque
1195 3647 1415 3717 dignum
1447 3661 1554 3699 esse
1600 3644 1843 3702 laudibus
1873 3647 2059 3717 quibus
2090 3662 2125 3701 a
2164 3645 2396 3715 Dupiuio
2418 3686 2433 3711 ,
2467 3643 2679 3701 Simone
2709 3653 2759 3700 et
2797 3644 3222 3702 Rosenmuellero
3252 3662 3408 3703 exor-

130 3763 310 3811 natur.

198 3853 305 3909 Sed
331 3857 377 3909 si
405 3856 523 3927 quis
552 3855 687 3925 forte
716 3866 798 3905 me
822 3847 1187 3917 reprehendat,
1218 3844 1356 3907 quod
1386 3842 1576 3906 ethica,
1610 3854 1727 3911 qua:
1754 3835 1895 3891 dedit
1915 3834 2007 3889 ille
2035 3844 2320 3905 pracepta,
2353 3836 2567 3888 omnino
2595 3832 2933 3904 neglexerim,
2963 3834 3009 3888 is
3035 3826 3299 3906 intelligat
3318 3852 3409 3890 ve-

133 3948 225 4003 lint
258 3965 339 4001 me
367 3926 659 4016 separatim
707 3941 914 4011 quidem
958 3938 1020 3992 de
1055 3938 1133 3992 his
1163 3952 1267 3991 non
1296 3937 1459 4007 egisse
1485 3974 1500 3997 ,
1529 3932 1618 3986 sed
1647 3931 1703 3983 in
1731 3942 2046 3998 unaquaque
2074 3927 2530 3981 commentationis
2560 3936 2730 3995 parte,
2764 3942 2881 3996 qute
2910 3926 2980 3980 ad
3012 3943 3218 3982 morum
3245 3927 3410 3998 perti-

134 4048 291 4094 neant
316 4037 615 4091 doctrinam
636 4074 653 4100 ,
685 4043 953 4086 recurrere
977 4027 1171 4083 Isidori
1193 4028 1417 4098 placita.
1442 4024 1554 4089 Quo
1572 4021 1795 4087 accedit,
1823 4027 1880 4072 ut
1909 4019 1998 4090 qui
2018 4018 2128 4072 hcec
2143 4018 2197 4071 in
2214 4026 2443 4088 systema
2476 4018 2597 4072 velit
2618 4020 2852 4091 redigere
2869 4061 2886 4085 ,
2916 4036 3121 4074 omnem
3141 4020 3286 4075 haud
3310 4023 3409 4075 du-

124 4129 208 4183 bie
237 4127 541 4199 perditurus
574 4124 641 4177 sit
670 4137 905 4191 operam,
936 4136 1053 4172 cum
1077 4118 1334 4181 Isidorus,
1364 4132 1460 4184 pro
1489 4112 1694 4168 consilii
1724 4110 1932 4164 ratione
1966 4125 2089 4162 mox
2114 4109 2251 4162 hanc
2277 4110 2558 4174 virtutem,
2592 4125 2713 4163 mox
2741 4110 2923 4175 illaut,
2953 4127 3074 4165 mox
3115 4112 3406 4181 complures

132 4221 423 4291 primarius
471 4234 580 4271 esse
621 4215 877 4269 docuerit.
906 4211 1166 4267 Caeterum
1197 4209 1366 4264 multa
1396 4223 1513 4278 qua!
1556 4207 1654 4259 huc
1683 4210 1920 4272 spectant
1963 4202 2144 4255 attulit
2168 4200 2418 4255 Neander
2450 4201 2506 4257 V.
2536 4201 2593 4257 γ.
2628 4203 2686 4256 in
2707 4201 2839 4255 libro
2864 4203 2928 4255 de
2954 4202 3158 4257 Joanne
3179 4202 3405 4273 Chryso-

133 4321 316 4375 stomo,
354 4324 507 4379 opere
535 4323 640 4360 non
666 4305 838 4357 minus
868 4320 1027 4372 quam
1055 4301 1241 4355 veteris
1265 4298 1408 4351 illius
1430 4298 1529 4350 viri
1559 4294 1878 4365 cognominis
1906 4309 2088 4345 aureo.

202 4406 429 4461 Tantum
459 4402 627 4471 igitur
650 4403 851 4460 restat,
883 4403 939 4448 ut
974 4398 1037 4447 de
1060 4392 1335 4459 scriptura:
1364 4389 1697 4451 diversitate,
1728 4399 1876 4454 quae,
1912 4384 2000 4436 ubi
2030 4383 2212 4439 erca
2252 4382 2443 4437 Isidori
2468 4383 2624 4439 verba
2654 4401 2689 4438 a
2718 4385 2863 4439 nobis
2890 4385 3063 4440 allata
3094 4397 3216 4442 sunt
3237 4426 3251 4451 ,
3276 4390 3404 4443 dili-

135 4504 309 4567 genter
342 4495 606 4545 adnotata
654 4498 751 4550 est,
774 4500 945 4554 pauca
973 4485 1231 4535 dicamus.
1266 4479 1441 4543 Quam
1477 4480 1590 4531 cod.
1621 4475 1756 4530 Bav.
1778 4476 2100 4542 scripturam
2140 4474 2437 4528 notavimus
2459 4515 2474 4541 ,
2512 4491 2576 4529 ea
2619 4492 2685 4529 ea:
2722 4476 2948 4531 editione
2980 4477 3401 4536 Βειιεηιωείαηα

139 4564 224 4657 lcf.
256 4602 312 4655 p.
344 4583 436 4653 37)
474 4580 697 4651 repetita
748 4586 845 4632 est.
888 4575 1111 4645 Reliqua
1150 4589 1217 4627 ea:
1264 4570 1413 4625 Petri
1466 4568 1675 4623 Possini
1739 4564 2119 4623 Collationibus
2147 4565 2462 4620 Isidorianis
2508 4567 2599 4638 (cf.
2632 4583 2687 4635 p.
2719 4567 2787 4622 39
2816 4578 2939 4637 etp.
2967 4569 3057 4640 40)
3091 4572 3403 4644 deprompta

132 4690 282 4742 sunt;
306 4691 639 4746 quamam
664 4675 855 4727 harum
879 4668 1223 4737 epistolarum
1253 4665 1534 4719 editionem
1563 4662 1771 4716 curanti
1800 4660 2049 4714 maxime:
2079 4659 2221 4713 haud
2248 4660 2402 4713 dubie
2421 4670 2573 4714 erunt
2596 4661 2838 4715 utilitati.
2868 4662 3028 4719 Recte
3056 4668 3196 4721 enim
3230 4669 3321 4725 ille
3350 4671 3407 4723 in

138 4771 463 4841 preratione,
496 4765 876 4837 Corriguntur,
906 4761 1113 4831 inquit,
1145 4773 1209 4814 ex
1238 4757 1327 4811 his
1354 4755 1552 4811 menda
1597 4753 2045 4814 innumerabilia,
2077 4751 2192 4807 veri
2221 4766 2332 4807 non
2361 4762 2523 4809 antea
2564 4753 2882 4826 introspecti
2925 4759 3249 4828 aperiuntur
3276 4778 3406 4819 sen-

138 4879 226 4919 sus
251 4860 495 4918 auctoris
514 4899 530 4925 ,
562 4857 689 4914 nodi
719 4849 1119 4930 perplexissimi
1147 4849 1505 4912 extricantur,
1537 4846 1706 4900 multa
1747 4859 1878 4900 casu
1908 4843 2109 4898 omissa
2152 4853 2209 4898 ct
2255 4843 2324 4898 ad
2354 4845 2686 4900 sententiam
2715 4850 3027 4905 necessaria
3057 4855 3401 4924 supplentur.

140 4959 259 5025 Qui:
285 4977 405 5015 cum
432 4960 511 5013 ita
540 4956 668 5021 sint,
703 4962 760 5008 ut
784 4951 978 5023 aliquis
1005 4948 1199 5005 Isidori
1227 4944 1478 5016 epistolas
1501 4945 1670 4999 denuo
1703 4941 1889 4997 edendi
1927 4941 2181 5009 suscipiat
2230 4957 2440 5009 munus,
2472 4944 2763 5011 optandum
2791 4953 2891 5014 est,
2920 4963 3041 5015 quo,
3075 4950 3122 5002 si
3147 4948 3258 5005 hcec
3285 4967 3402 5007 mea

139 5050 343 5117 scriptio
375 5044 583 5117 aliquid
612 5040 789 5098 laudis
817 5044 1176 5110 consequetur,
1204 5036 1314 5104 ipse
1342 5034 1535 5104 fungar
1562 5030 1934 5085 lubentissime.

203 5184 471 5257 Scriptum
496 5177 649 5236 ﬂetis
678 5190 853 5233 mense
876 5170 1166 5231 Februario
1195 5162 1588 5225 MDCCCXXV.
