3972 6410
641 413 706 479 19
1765 404 2203 469 COMMENTA']

2309 397 2428 459 ms
2461 391 2652 457 PARS
2688 389 2736 454 Ι.
3813 371 3875 436 ευ

634 523 887 580 facillime
905 519 1108 592 possim
1137 518 1422 590 colligere;
1449 518 1539 573 sed
1563 532 1672 571 rem
1695 517 1881 588 paucis
1902 515 2198 570 absolvisse
2227 518 2270 571 Α
2303 507 2357 564 Si
2392 507 2711 575 imperator.
2743 495 2945 592 inquit,
2974 501 3026 549 te
3053 491 3251 564 oppido
3277 491 3346 547 ab
3375 487 3645 592 hostibus
3677 502 3877 592 summa

638 613 807 666 satius
833 611 997 675 duco,-
1014 609 1194 679 itaque
1215 608 1428 680 Evagrii
1457 608 1532 678 (a)
1559 616 1679 661 utar
1694 608 1894 671 verbis,
1913 606 2003 675 qui
2029 617 2198 672 usque

637 704 794 766 adeo,
843 701 1036 770 inquit,
1080 715 1278 770 corpus
1307 713 1462 753 suum
1505 698 1784 753 laboribus
1833 701 2200 751 maceraverat

643 792 951 862 (Isidorus),
979 799 1035 846 et
1059 791 1298 845 animum
1329 787 1738 843 sublimioribus
1773 783 2032 841 doctrinis
2058 783 2199 851 sagi-

639 890 887 948 naverat,
939 892 998 937 ut
1048 881 1344 953 angelicam
1398 880 1564 934 vitam
1627 885 1827 949 ageret,
1883 883 1939 930 et
1986 873 2199 944 spirans

640 977 885 1044 quaedam
939 975 1113 1044 imago
1154 981 1298 1027 esset
1345 980 1451 1026 tam
1501 971 1625 1026 vita
1655 967 1988 1032 monasticae,
2036 978 2197 1036 quam

640 1065 836 1121 divinae
867 1063 1358 1134 contemplationis.
1387 1089 1450 1101 --

708 1155 896 1224 Neque
944 1154 1118 1208 solum
1163 1160 1382 1224 propter
1430 1149 1553 1204 vitae
1589 1147 1951 1210 sanctitatem,
2009 1159 2198 1200 verum

641 1219 1045 1316 etiam—promer
1076 1219 1334 1298 doctrina:
1365 1241 1574 1310 copiam
1613 1239 1680 1292 ab
1705 1238 2000 1308 aequalibus
2038 1235 2202 1291 hono-

641 1345 791 1387 ratus
821 1341 919 1395 est,
957 1331 1240 1399 magnique
1282 1327 1598 1382 aestimatus.
1631 1325 1842 1380 Etenim
1885 1323 2198 1393 Gregorium

640 1419 941 1489 Nyssenum
987 1417 1192 1470 litteras
1240 1414 1342 1484 ipsi
1384 1414 1594 1470 misisse
1623 1429 1686 1468 ex
1709 1428 1881 1482 eoque
1911 1412 2198 1481 quamdam

642 1501 856 1556 Veteris
932 1500 1264 1556 Testamenti
1331 1501 1831 1572 interpretationem
1887 1500 2199 1569 quaasivisse

643 1595 1017 1647 'l'illemontius
1047 1594 1116 1662 (ὁ)
1144 1609 1208 1648 ex
1235 1593 1479 1663 epistola,
1501 1608 1620 1661 quae
1649 1592 1768 1646 data
1798 1599 1882 1645 est
1907 1591 1972 1645 ad
1995 1589 2198 1660 Grego-

643 1685 781 1738 rium
811 1684 1120 1753 episc0pum
1152 1682 1243 1753 (ι),
1269 1683 1497 1753 collegit.
1525 1681 1680 1748 Quod
1709 1682 1916 1736 etiamsi
1954 1681 2197 1735 luculen-

644 1787 726 1828 ter
758 1774 1113 1828 demonstrari
1144 1774 1350 1844 nequit,
1394 1782 1573 1827 tamen
1607 1788 1703 1827 cur
1730 1782 1956 1842 negetur
1981 1786 2196 1825 causam

643 1880 753 1918 non
783 1865 976 1930 video;
999 1865 1298 1934 praesertim
1322 1879 1443 1919 cum
1469 1865 1557 1935 qui
1580 1864 1866 1919 maximam
1898 1864 1951 1917 in
1966 1862 2199 1918 Ecclesia
2231 1851 2274 1905 Β

648 1956 886 2010 habuere
932 1957 1328 2019 auctoritatem,
1359 1955 1508 2009 velut
1550 1955 1901 2024 Theophilus,
1948 1953 2195 2023 Cyrinus,

645 2045 1013 2116 Hermogenes
1059 2046 1255 2115 aliique
1284 2061 1406 2100 cum
1450 2061 1515 2100 eo
1543 2061 1642 2116 per
1697 2045 1904 2099 litteras
1948 2045 2196 2099 collocuti

643 2136 753 2190 sint
798 2137 895 2205 (ά).
938 2136 1162 2191 Constat
1199 2136 1333 2191 adeo
1375 2135 1632 2206 Cyrillum
1689 2136 1987 2192 honoriﬁco
2034 2136 2200 2204 patris

642 2227 861 2282 nomine
894 2227 1152 2283 lsidorum
1176 2241 1398 2282 ornasse
1420 2227 1514 2298 (ε).
1538 2225 1699 2290 Quid,
1717 2225 1860 2294 quod
1883 2241 1945 2280 ex
1974 2225 2199 2295 epistola

642 2317 709 2371 ad
746 2316 1042 2383 Zenonem,
1083 2334 1241 2387 quam
1280 2317 1381 2372 alia
1419 2317 1701 2371 occasione
1726 2317 1835 2386 jam
1886 2316 2196 2379 attulimus,

644 2408 936 2464 familiares
979 2410 1096 2476 eius
1120 2424 1203 2470 eo,
1245 2423 1352 2478 quo
1381 2408 1558 2462 adhuc
1588 2407 1729 2460 inter
1758 2408 1909 2460 viros
1936 2406 2035 2460 l'uit
2062 2417 2199 2460 tem-

644 2513 795 2568 pore,
828 2514 934 2560 res,
974 2500 1171 2568 quibus
1207 2513 1336 2551 usus
1369 2506 1511 2562 erat,
1547 2493 1800 2551 habuisse
1835 2506 2203 2550 sacrosanctas

644 2591 860 2660 probari
894 2598 1068 2659 potest
1095 2591 1181 2657 (ι’).
1228 2619 1295 2629 —-
1315 2587 1445 2652 Quae
1466 2588 1666 2648 omnia,
1700 2594 1758 2639 ut
1787 2586 2034 2651 equidem
2059 2584 2203 2639 arbi-

645 2692 779 2746 tror,
805 2679 1144 2750 perpendens
1160 2678 1479 2746 Ephremus
1498 2677 1662 2747 Syrus
1686 2675 1784 2745 (g),
1809 2674 2197 2745 Περίὸλεπτος,

645 2773 740 2830 ait.
777 2771 948 2824 factus
980 2778 1081 2832 est,
1105 2770 1197 2822 καὶ
1228 2771 1338 2831 τοῖς
1368 2766 1711 2838 ἀρχιερεῦσιν
1739 2763 2036 2835 αἰδέσιμος.
2071 2765 2202 2831 Quae

641 2863 807 2915 Verba
828 2861 1084 2915 Schottus
1111 2860 1349 2928 quidem,
1382 2859 1456 2912 uti
1478 2860 1586 2928 jam
1614 2873 1642 2910 a
1675 2856 1933 2927 Basnagio
1958 2866 2203 2910 notatum

646 2963 726 3007 est
757 2954 852 3023 (Ii),
886 2967 1164 3022 perperam
1205 2951 1284 3003 sic
1313 2950 1512 3003 vertit:
1546 2958 1594 3000 et
1624 2951 1759 3000 inter
1793 2946 2041 3015 prmities
2081 2947 2205 2999 illu-

646 3046 792 3107 stris,
826 3045 977 3111 quasi
1019 3058 1158 3095 unus
1185 3041 1559 3110 episcoporum
1585 3039 1650 3093 de
1677 3053 1834 3108 grege
1883 3036 2073 3090 fuisset
2103 3035 2202 3089 lsi-

646 3133 830 3186 dorus.
857 3129 965 3196 Sic,
997 3130 1167 3199 inquit
1201 3130 1308 3192 ille,
1343 3129 1526 3184 Greca
1555 3127 1702 3181 reddi
1739 3128 1974 3181 debent:
2005 3135 2052 3177 et
2078 3126 2188 3194 epi-

644 3225 812 3293 scopis
848 3224 1186 3278 venerandus.
1223 3251 1292 3263 —-
1317 3220 1616 3291 Episcopali
1641 3219 1800 3290 igitur
1827 3218 2090 3287 dignitate
2134 3217 2193 3286 (ἱ)

647 3333 756 3371 non
789 3326 1010 3370 ornatus
1042 3315 1170 3379 fuit;
1223 3322 1458 3368 attamen
1513 3327 1636 3366 eum
1689 3325 1913 3364 munere
1965 3308 2198 3376 quodam

648 3407 844 3462 illustri
874 3406 1117 3461 functum
1141 3405 1329 3466 fuisse,
1354 3413 1406 3457 et
1436 3387 1604 3473 ipsius
1627 3402 1869 3471 epistolis
1885 3411 1937 3453 et
1957 3409 2199 3453 veterum

649 3494 969 3562 scriptorum
1013 3493 1333 3546 testimoniis
1370 3492 1424 3545 in
1470 3500 1720 3560 promptu
1766 3500 1848 3544 est
1889 3489 2200 3543 ostendere.

649 3585 722 3637 Ex
757 3584 860 3636 illis
894 3582 1037 3635 enim
1063 3590 1285 3650 apparet
1309 3596 1429 3634 eum
1462 3580 1848 3633 monachorum
1897 3577 2044 3646 gregi
2088 3592 2199 3631 non

649 3674 814 3729 fuisse
841 3674 1152 3744 ascriptum.
1172 3673 1305 3725 Nam
1328 3671 1381 3724 in
1403 3670 1627 3740 epistola
1648 3670 1713 3724 ad
1743 3669 2060 3723 Therasium
2101 3668 2168 3737 (j)
2185 3709 2202 3733 ,

719 3834 794 3903 (a)
834 3831 1043 3903 Evagrii
1081 3833 1263 3903 verba,
1287 3861 1359 3903 τ-
1395 3827 1862 3903 cl'_._eiusd.__l_list._
1884 3828 2004 3880 εδει.
2043 3827 2133 3903 li_b.
2159 3842 2202 3903 _r,

648 3896 881 3972 cap/is,
910 3896 1390 3972 altranscripsisse
1411 3899 1622 3972 videtur
1679 3896 2171 3972 Niccpliorrrs._Scri
2191 3926 2203 3935 -

651 3967 728 4028 bit
763 3973 905 4025 enim
939 3971 990 4023 in
1039 3970 1174 4023 Hist.
1206 3967 1302 4021 sua
1333 3969 1455 4022 ccci.
1498 3968 1587 4020 lib.
1625 3983 1730 4030 xlv,
1763 3982 1878 4035 cap.
1909 3969 1994 4029 55,
2039 3967 2150 4018 haec
2188 3983 2200 4017 :

660 4042 719 4094 Ὀ
753 4041 848 4106 μὲν
873 4035 963 4092 οὖν
999 4040 1136 4099 Θείος
1184 4039 1468 4105 Ἰσίδωρος,
1518 4037 1574 4100 ἐξ
1626 4036 1703 4086 ἔτι
1737 4038 1853 4106 νέου
1890 4039 1999 4106 τοῖς
2028 4035 2200 4102 ἀσκη-

649 4105 818 4172 cruci;
857 4109 1001 4160 ὀὕτω
1059 4109 1238 4166 πόνοις
1282 4107 1554 4172 ἑνίδρωσε,
1585 4106 1678 4155 καὶ
1707 4105 1804 4173 τὴν
1856 4105 2031 4170 σάρκα
2071 4120 2201 4154 κατ-

653 4179 829 4249 έτηξε,
849 4177 944 4248 τὴν
967 4175 1142 4249 ψυχὴν
1161 4177 1268 4237 τοῖς
1286 4175 1641 4249 ἁναγωγξξοξς
1665 4176 1856 4249 sativa;
1873 4174 1978 4223 τῶν
2005 4173 2198 4249 λόγων,

651 4241 1334 4315 ὡς’ἆγγελικδῖἄγτιᾼκρυς
1379 4241 1652 4315 μετελθεῖν
1683 4242 1792 4310 βίον
1814 4257 1826 4269 ·
1862 4244 1953 4315 ica).
1999 4241 2201 4315 στήλην

651 4281 722 4302 ur-
759 4281 817 4315 υιι
842 4281 1041 4313 ιςηυνιν
1078 4281 1330 4313 uva-"ru.
1379 4281 1442 4310 τι...
1460 4281 1648 4294 ..νυνι-υ
1683 4281 1789 4310 ειη-,ι
1864 4281 1953 4293 ην..
2003 4281 2082 4290 --ι

651 4318 831 4381 ζῶσάν
875 4334 933 4370 τε
969 4317 1061 4368 καὶ
1104 4313 1342 4382 ἔμψυχον
1375 4312 1472 4377 τῆς
1497 4327 1593 4382 frs_
1622 4311 1946 4382 μοναστικῆς
1994 4281 2100 4382 orni

652 4379 743 4440 atati.
766 4387 864 4451 τῆς
894 4389 972 4448 εἰς
996 4379 1410 4451 Oebreus—pix.
1443 4381 1523 4434 (If.
1557 4379 1767 4434 Tillem.
1803 4382 1837 4433 Ι.
1869 4396 1918 4436 c.
1954 4396 2006 4449 p.
2039 4380 2125 4434 98.

727 4403 795 4440 ιτ
839 4404 864 4439 ε
894 4403 972 4448 εις
996 4403 1126 4436 δεον
1161 4403 1371 4451 υεωριας

725 4403 1033 4524 (b)qfillem.
1065 4453 1099 4506 ι.
1135 4469 1183 4524 ι,Δ
1202 4468 1262 4524 p.
1284 4453 1371 4506 97.

728 4519 794 4588 (ε)
832 4525 948 4578 Lib.
981 4541 1018 4588 ι,
1047 4537 1133 4590 cp.
1165 4519 1284 4574 125.

729 4596 804 4662 (ά)
838 4595 954 4647 Lib.
994 4587 1030 4655 ι,
1082 4587 1174 4662 ep.
1231 4591 1352 4653 510,
1381 4588 1775 4662 iep._3‘i5_;__lib.
1812 4604 1877 4662 ll,_
1930 4603 2013 4656 ep.
2039 4657 2050 4662 _

655 4657 745 4733 ep.
763 4657 886 4723 209,
909 4678 997 4731 ep.
1028 4657 1153 4723 210,
1168 4657 1575 4733 _ep.__218.4—l£_x
1601 4658 1716 4711 aliis
1731 4659 1968 4726 ejusdem
2002 4657 2101 4733 viri
2129 4659 2208 4710 lit-

656 4727 786 4787 teris
851 4727 1117 4798 videmus
1157 4729 1447 4798 Cyrillum,
1510 4728 1896 4798 Hermogenem
1945 4727 2207 4794 -aliosque

656 4743 786 4787 teris
851 4743 1093 4786 Videmus
1157 4743 1447 4798 uyrurum,
1512 4743 1706 4780 nermo
1743 4743 1896 4780 enem
1945 4743 2205 4794 .auosque

656 4803 1021 4868 rescripsisse.
1055 4797 1136 4853 Cf.
1167 4800 1255 4854 lib.
1291 4816 1327 4864 ι,
1363 4815 1448 4869 cp.
1487 4797 1610 4862 570,
1670 4743 1762 4851 ιίῖ.
1824 4813 1881 4862 ιι,
1939 4811 2026 4866 ep.
2088 4799 2205 4862 I59,

658 4887 744 4941 ep.
776 4873 900 4932 262.
940 4881 1044 4924 etc.
1075 4898 1139 4908 -—-
1463 4922 1466 4924 .

731 4942 797 5008 (ε)
833 4942 946 4994 Lib.
991 4957 1028 4998 I,
1077 4954 1162 5008 ep.
1196 4938 1318 4992 ⁸5⁸70.
1350 4967 1418 5008 -τ
1447 4935 1555 4989 εἴτε
1592 4937 1720 5008 γὰρ-
1744 4936 1924 5008 πατήρ
1971 4936 2209 5008 εἰμιὶῴς

657 5005 792 5078 ἔφης
820 5039 887 5050 -
932 5009 1064 5063 Cod.
1097 5005 1221 5078 Bav.
1255 5008 1330 5070 ὡς
1361 5007 1463 5078 φὴς
1502 5005 1967 5078 -Αᾳῦτρςνῃδέδξια
1999 5023 2048 5057 τ.

657 5073 917 5133 -Ᾰ-ἰάθῐη
958 5078 1119 5132 tradit
1158 5073 1463 5139 Facundus,
1503 5075 1592 5144 qui
1629 5075 1681 5126 in
1707 5073 2011 5144 Defensioue
2055 5077 2210 5126 trium

660 5147 1037 5213 Capimlorum,
1069 5147 1322 5212 Isidorus,
1357 5143 1633 5212 inquil’,—
1657 5143 1745 5212 qui
1777 5144 1935 5196 ctiam
1966 5160 2062 5212 pro
2092 5144 2211 5198 vitae

660 5233 724 5270 ac
755 5217 1030 5285 sapientia:
1063 5232 1173 5270 sua:
1203 5217 1427 5279 meritis,
1481 5222 1539 5267 ut
1569 5220 1720 5285 pater
1749 5213 1816 5285 ab
1860 5213 2212 5285 ipsoACyrjllo

662 5296 716 5339 et
747 5281 1040 5340 honoratus
1070 5294 1151 5339 est
1202 5295 1256 5338 et
1275 5297 1516 5339 vocatus.
1551 5281 1618 5321 -ἑ-
1651 5281 1884 5335 Cl‘.hlax.
1912 5281 2072 5336 Bibl.‘
2096 5282 2209 5335 νγ.

663 5355 925 5409 ΡΡ.ῑοιτι.
951 5354 1015 5418 x,
1044 5371 1097 5423 ρ.
1131 5355 1216 5408 18.

738 5424 801 5493 (Γ)
821 5425 938 5478 Lib.
970 5441 1006 5486 l,
1038 5420 1124 5493 ep.
1147 5422 1270 5488 216,
1295 5452 1346 5493 -ς
1387 5424 1435 5475 ει
1456 5423 1511 5476 δὲ
1540 5421 1632 5493 καὶ
1657 5420 1968 5493 τοῦτον-(50.
1996 5421 2212 5493 χιτῷνα)

663 5490 886 5548 --Ἰίἱιῐ.
919 5490 1138 5548 τούτων.
1165 5493 1297 5548 Cod.
1317 5492 1444 5546 Dav.
1470 5492 1628 5544 τοῦτο
1653 5520 1720 5530 -
1750 5490 1961 5556 μέλλοις
1990 5521 2058 5528 —
2081 5490 2211 5546 Cod.

665 5566 773 5620 Alt.
811 5565 1018 5632 μέλλεις
1041 5595 1106 5602 -
1133 5563 1204 5626 ὡς
1238 5563 1304 5622 τὰ
1322 5561 1430 5614 τῶν
1453 5592 1522 5602 ——
1546 5561 1634 5614 Sic
1667 5561 1821 5632 codd.
1856 5558 1968 5612 Val.
2002 5561 2122 5632 649,
2163 5571 2216 5615 et

667 5636 774 5687 Mt.
809 5630 968 5701 rulgo
988 5634 1145 5684 τινῶν
1172 5664 1238 5674 -
1261 5633 1429 5697 ἁγίων
1467 5632 1673 5701 τηρεῖν.
1703 5630 1950 5701 ὲμὲνλνμὲν
1985 5632 2062 5691 εἰς
2084 5630 2216 5683 ἀπό-

666 5720 864 5772 γιιιιισιν
881 5699 1464 5772 ςῦοήσειςί-τβοόεᾼμ.
1484 5699 1694 5772 (Longa;
1720 5729 1786 5772 —-_
1809 5699 2024 5772 ἔλεγχον
2052 5702 2217 5772 ἐμαυ-

667 5768 744 5843 ὺῷ
781 5801 844 5813 -ο
873 5771 963 5825 Sic
981 5768 1150 5825 'codd.
1182 5771 1297 5824 \‘at.
1330 5770 1451 5839 549,
1481 5778 1534 5824 et
1567 5768 1669 5822 Alt.
1701 5769 1842 5837 vulg.
1881 5769 2116 5837 ἐμαυτοῦ
2151 5800 2216 5808 -—

2105 4327 2201 4379 της
2307 4325 2340 4379 Ι)

2302 598 2353 651 vi
2382 599 2692 665 oppugnato
2722 587 3079 659 praefecisset,
3110 598 3292 637 nonne
3324 591 3379 636 tu
3426 579 3686 636 hostium
3713 576 3878 645 impe-

2301 698 2414 744 tum
2459 685 2604 741 omni
2663 681 2824 737 modo
2877 678 3175 747 reprimere
3231 673 3518 730 tentares?
3561 671 3660 723 Sic
3715 682 3815 736 ego
3854 681 3882 720 a

2301 791 2513 833 summo
2561 774 2670 827 Deo
2701 769 2952 824 Ecclesia:
3006 775 3307 837 praeceptor
3355 764 3708 818 constitutus
3760 757 3883 810 Aria

2299 867 2524 934 ejusque
2540 863 2802 917 doctrin:
2822 857 3183 912 resistendum
3207 863 3262 908 ct
3288 852 3602 924 periculum
3632 847 3886 916 quodque

2300 951 2760 1009 contemnendum
2792 963 2913 1002 esse
2944 946 3200 999 arbitror.
3238 973 3307 983 —
3350 943 3519 995 Porro
3567 938 3786 992 Heroni
3817 935 3884 1002 (ι)

2301 1042 2624 1098 scholastica
2654 1040 2865 1102 scribit,
2912 1036 3171 1090 famulum
3220 1034 3340 1102 ejus
3380 1047 3564 1102 nuper
3587 1045 3622 1082 a
3647 1028 3890 1098 ianitore

2300 1133 2367 1188 ad
2399 1147 2456 1186 se
2479 1131 2725 1195 ductum,
2756 1137 2812 1182 et
2842 1128 3099 1188 humano,
3124 1139 3232 1193 quo
3263 1124 3481 1186 soleret,
3513 1133 3686 1174 more
3732 1130 3891 1171 exce-

2301 1235 2448 1296 ptum
2475 1223 2656 1277 multis
2685 1236 2807 1275 cum
2839 1219 3090 1289 lacrymis
3123 1216 3457 1286 genibusque
3490 1212 3682 1271 ﬂexis,
3729 1221 3891 1262 suum

2301 1315 2604 1369 confessum
2626 1327 2745 1366 esse
2762 1319 3071 1379 peccatum;
3096 1305 3448 1376 quamobrem
3471 1318 3531 1356 se
3554 1316 3677 1354 non
3707 1311 3887 1368 posse,

2300 1408 2430 1477 quin
2455 1406 2601 1460 hisce
2617 1402 2811 1456 litteris
2828 1414 2923 1470 pro
2943 1413 3008 1453 eo
3032 1413 3219 1467 preces
3243 1397 3424 1450 faciat.
3439 1423 3506 1434 —
3529 1393 3892 1458 Quibuscum

2301 1498 2638 1556 conferendae
2693 1503 2819 1549 sunt
2864 1494 3054 1546 littera:
3102 1491 3167 1543 ad
3215 1490 3412 1543 Lucam
3463 1481 3894 1541 Archimandri—

2301 1601 2410 1646 tam
2441 1590 2527 1657 (Ι).
2573 1587 2656 1641 cui
2685 1584 3007 1639 monachum
3039 1597 3104 1634 ex
3134 1580 3253 1648 ejus
3281 1577 3618 1632 monasterio
3647 1577 3706 1628 in
3728 1585 3892 1626 suum

2301 1682 2514 1735 venisse
2540 1677 2776 1735 nuntiat.
2807 1675 3065 1742 illumque
3104 1671 3399 1740 supplicem
3426 1683 3454 1721 a
3493 1683 3551 1721 se
3592 1665 3889 1736 petivisse,

2305 1782 2364 1826 ut
2396 1771 2558 1824 verba
2606 1783 2704 1838 pro
2752 1780 2829 1828 se,
2881 1764 2971 1833 qui
3022 1763 3140 1816 leve
3183 1760 3452 1831 quoddam
3505 1755 3892 1813 commisisset

2300 1873 2600 1933 peccatum,
2632 1859 2851 1913 laceret.
2894 1857 3257 1926 Quapropter,
3287 1854 3360 1907 ita
3406 1853 3551 1906 enim
3592 1850 3810 1919 pergit.
3846 1845 3889 1899 si

2300 1954 2352 2007 in
2374 1950 2628 2021 peccandi
2661 1948 3108 2003 consuetudinem
3143 1946 3384 1999 nondum
3417 1942 3586 2004 venit,
3623 1941 3890 2008 ignoscas

2298 2044 2368 2096 ei.
2394 2071 2463 2081 —
2502 2041 2741 2110 Apparet
2769 2048 2949 2093 autem
2983 2053 3050 2092 ex
3083 2047 3309 2104 utraque
3340 2033 3592 2103 epistola,
3621 2031 3723 2101 qui
3756 2043 3888 2098 pre-

2300 2133 2456 2188 cibus
2483 2133 2669 2186 lsiilori
2703 2129 3088 2185 monasterium
3117 2128 3350 2188 adirent,
3375 2139 3468 2178 eos
3495 2123 3559 2176 ad
3584 2123 3746 2176 hunc
3765 2131 3888 2172 esse

2301 2225 2578 2278 adductos.
2622 2222 2752 2275 Nam
2778 2222 2820 2273 si
2853 2220 2974 2288 quis
3007 2218 3276 2285 conjicere
3327 2214 3456 2267 velit
3508 2212 3802 2266 Heronem
3832 2217 3887 2262 et

2301 2314 2499 2368 Lucam
2533 2312 2787 2365 habuisse
2812 2325 2932 2362 eum
2966 2308 3171 2362 Isidoro
3199 2303 3490 2358 amicitiam
3512 2342 3526 2364 ,
3549 2300 3727 2369 quod,
3757 2311 3884 2351 cum

2302 2405 2586 2460 scivissent
2616 2401 2825 2470 fugitivi
2871 2400 2966 2459 illi.
3014 2413 3043 2451 a
3083 2397 3335 2465 janitore.
3371 2403 3429 2447 ut
3478 2392 3546 2447 ad
3599 2391 3883 2445 lsidorum

2303 2495 2701 2549 adducerentur
2732 2491 3079 2559 petivissent;
3120 2487 3209 2540 hic
3251 2487 3372 2552 jure
3412 2484 3465 2537 in
3502 2481 3883 2551 suspicionem

2300 2585 2528 2650 nimium
2560 2582 2861 2636 dubitantis
2893 2581 3216 2638 incurreret,
3253 2575 3553 2645 praesertim
3588 2587 3719 2626 cum
3753 2567 3885 2624 huic

2303 2671 2584 2742 hypothesi
2625 2670 2844 2726 obstent
2875 2669 3036 2721 verba
3067 2667 3120 2718 in
3167 2664 3392 2733 epistola
3424 2663 3490 2716 ad
3538 2662 3822 2715 Heronem
3865 2673 3878 2709 :

2313 2764 2397 2826 Ὠς
2426 2765 2480 2816 δὲ
2498 2762 2686 2830 tum
2711 2764 2743 2829 ἡ
2763 2759 3001 2830 ἡμετέρα
3026 2757 3280 2826 συνήθεια
3305 2757 3511 2816 πάντας
3530 2753 3673 2806 οἶκοι
3708 2764 3880 2821 προσ-

2307 2854 2497 2917 ίεσθαι,
2530 2871 2583 2906 κ.
2613 2869 2665 2904 τ.
2690 2851 2740 2904 λ.

2373 2942 2502 3010 Qum
2543 2945 2724 2997 omnia
2778 2942 2821 2995 si
2868 2940 2961 2995 tibi
3025 2954 3133 2992 non
3177 2943 3565 3006 persuaserunt
3603 2933 3877 2988 lsidorum

2304 3037 2484 3104 aliquo
2520 3035 2763 3088 functum
2797 3033 2962 3085 fuisse
3009 3045 3256 3092 munere,
3293 3030 3438 3098 legas
3469 3043 3602 3096 quas
3650 3023 3879 3092 scripsit

2307 3127 2393 3180 ille
2425 3127 2492 3182 ad
2538 3125 2898 3192 Lampetium,
2932 3122 2998 3175 ad
3036 3121 3235 3174 Pelusii
3267 3120 3565 3173 monachos
3604 3128 3659 3172 et
3679 3117 3751 3170 ad
3783 3114 3878 3166 Di-

2297 3217 2514 3286 dymum
2552 3216 2925 3285 presbyterum
2957 3212 3234 3282 epistolas.
3261 3209 3470 3276 Quibus
3504 3209 3769 3279 perlectis
3810 3206 3878 3260 de

2301 3305 2401 3358 hac
2457 3320 2514 3356 rc
2561 3305 2764 3357 diutius
2800 3304 2853 3356 in
2887 3303 3050 3356 dubio
3084 3317 3192 3354 non
3230 3300 3559 3353 versaberis.
3591 3295 3879 3366 Lampetio

2303 3394 2449 3447 enim
2487 3395 2786 3455 neminem,
2814 3393 2903 3460 qui
2932 3393 2983 3445 in
3017 3407 3115 3445 suo
3161 3390 3230 3443 sit
3273 3391 3624 3453 monasterio,
3647 3403 3777 3444 cum
3810 3401 3879 3440 eo

2311 3485 2355 3538 si
2388 3485 2556 3538 Manis
2589 3494 2642 3537 et
2676 3484 2964 3537 Marcionis
2994 3497 3200 3536 morem
3243 3490 3500 3550 sequatur
3525 3481 3709 3534 cibum
3756 3490 3880 3534 esse

2311 3585 2673 3643 sumpturum,
2716 3574 3002 3627 annuntiat
3051 3573 3256 3642 (m).—
3291 3572 3580 3626 Monachus
3612 3587 3760 3637 vero,
3811 3567 3879 3622 de

2307 3668 2503 3736 quibus
2550 3666 2704 3720 multi
2771 3667 2939 3720 multa
2983 3664 3170 3735 questi
3218 3664 3438 3719 fuerunt
3499 3660 3874 3734 reprehendit,

2305 3826 2404 3894 τὴν
2445 3826 2766 3894 ’συνείδησιν
2807 3824 3036 3893 ἔχοντα·
3089 3825 3248 3880 πάλιν
3299 3823 3355 3876 δὲ
3405 3823 3664 3892 πέμψας,
3716 3821 3878 3876 πάλιν

2309 3897 2546 3961 αἰτήσεις
2565 3911 2576 3922 ·
2604 3898 2763 3964 ἡμεῖς
2795 3894 2848 3945 δὲ
2871 3896 2928 3945 οὐ
2953 3895 3213 3961 δώσομεν.
3247 3926 3316 3936 —-

2379 3962 2639 4017 Przeterca
2692 3966 2987 4016 notandum
3039 3975 3121 4016 est
3161 3964 3422 4017 lsidorum
3475 3962 3805 4032 Pelusiotam
3847 3974 3876 4013 a

2307 4033 2490 4087 Grzeca
2515 4043 2569 4085 et
2595 4035 2780 4086 Latina
2813 4034 3048 4086 Ecclesia
3084 4035 3222 4086 inter
3250 4043 3465 4086 sanctos
3493 4034 3739 4094 relatum,
3773 4046 3874 4084 ne-

2305 4117 2409 4170 que
2442 4105 2508 4156 ab
2540 4103 2783 4155 Usuardo
2838 4104 2890 4154 in
2941 4115 3241 4155 sanctorum
3300 4102 3553 4169 Catalogo
3605 4103 3872 4155 omissum

2307 4187 2445 4224 esse.
2485 4202 2550 4210 —
2579 4171 2789 4239 Scripta
2820 4187 2969 4230 vero.
3000 4189 3117 4239 quze
3155 4174 3255 4225 huc
3287 4173 3580 4239 pertinent,
3623 4179 3874 4225 acr-uratc

2309 4241 2529 4363 colliga
2596 4250 2722 4292 sunt
2779 4241 2832 4292 in
2890 4240 3029 4292 Actis
3075 4241 3387 4294 Sanctorum
3457 4256 3634 4294 mens.
3687 4240 3872 4304 Febr.,

2310 4325 2359 4363 ι).
2507 4351 2518 4360 .

2381 4379 2451 4446 (g)
2480 4378 2650 4431 Photii
2688 4377 2824 4431 Bibl.
2857 4379 2977 4432 cod.
3011 4377 3335 4432 CCXXVHL

2240 4435 2284 4489 Ῑ)
2386 4435 2708 4517 ΠίΠῖιιεηθς.
2743 4450 2877 4502 Αηη.
2914 4448 3058 4516 polit.
3094 4448 3238 4511 eccl.,
3285 4459 3416 4502 tom.
3446 4447 3534 4515 111,
3566 4464 3620 4518 p.
3654 4450 3777 4504 519.
3812 4477 3880 4490 --

2315 4519 2618 4573 Heumann.
2657 4520 2708 4571 d.
2743 4533 2813 4574 c..
2844 4533 2896 4584 p.
2923 4521 2976 4580 5,
3012 4528 3120 4572 not.
3155 4535 3202 4571 c.
3237 4549 3302 4559 —

2383 4590 2444 4654 (i)
2479 4589 2533 4640 ln
2579 4588 3496 4657 catalogolibrorumimpressorum
3528 4589 3876 4643 Bibliotheca:

2311 4659 2470 4725 regiae
2499 4658 2834 4720 Parisiensis,
2881 4674 2930 4726 p.
2971 4676 3006 4712 r.
3045 4659 3104 4710 Ο.
3142 4673 3194 4709 ιι.
3226 4660 3348 4721 929,
3392 4675 3512 4726 pag.
3541 4661 3663 4720 393,
3703 4667 3878 4713 exstat

2312 4727 2432 4780 libri
2470 4727 2676 4790 titulus,
2718 4743 2780 4780 ex
2831 4744 2955 4795 quo,
3004 4736 3275 4780 auctorem
3333 4737 3572 4796 putasse.
3615 4731 3873 4783 lsidorum

2315 4807 2557 4850 nostrum
2593 4796 2785 4850 Pelusii
2821 4797 2986 4850 fuisse
3006 4798 3335 4865 episcopum,
3371 4799 3741 4866 consequitur.
3783 4801 3877 4852 Est

2315 4876 2494 4919 autem
2543 4866 2630 4919 hic
2665 4885 2677 4918 :
2717 4867 2786 4920 Le
2822 4867 3022 4919 combat
3056 4868 3141 4918 des
3173 4868 3455 4928 (,hrétiens,
3491 4885 3556 4919 ou
3591 4868 3650 4937 la
3693 4884 3877 4937 guerrc

2316 4937 2386 4988 du
2411 4937 2516 4988 vice
2547 4945 2593 4988 et
2622 4938 2683 4990 de
2715 4938 2764 4988 la
2796 4947 2960 4997 verm,
2992 4937 3188 4989 traduit
3214 4937 3283 4988 (lu
3314 4937 3465 4991 Latin
3492 4938 3557 4990 dc
3583 4936 3639 4989 S.
3673 4936 3876 4991 lSidore

2317 5006 2667 5072 Archevéque
2687 5007 2754 5060 de
2783 5006 3001 5061 Séville.
3043 5014 3096 5058 et
3127 5005 3174 5059 la
3203 5005 3297 5059 Vie
3327 5007 3396 5058 du
3431 5008 3604 5059 méme
3631 5008 3785 5061 Saint
3810 5037 3877 5048 —-

2318 5091 2448 5128 avec
2478 5076 2554 5127 les
2583 5078 2766 5129 lettres
2810 5077 2876 5129 de
2907 5075 2961 5128 S.
2994 5075 3197 5128 Isidore
3252 5075 3460 5144 évéque.
3499 5078 3564 5130 de
3614 5077 3873 5142 llamiéte,

2319 5145 2580 5198 traduites
2607 5161 2670 5199 eu
2704 5147 2954 5210 francais.
2986 5144 3153 5208 Paris,
3187 5145 3342 5208 1676,
3376 5149 3431 5198 in
3458 5146 3544 5198 12.
3577 5145 3758 5215 Ipsum
3781 5163 3876 5201 au-

2322 5224 2425 5268 tem
2467 5215 2659 5268 librum
2691 5216 3010 5284 inspiciendi
3036 5215 3218 5270 deerat
3245 5217 3476 5272 occasio.
3518 5245 3586 5256 —-

2391 5284 2452 5353 (Jul
2497 5285 2608 5337 Lib.
2643 5304 2681 5347 ι,
2713 5301 2796 5353 ep.
2826 5287 2945 5338 389.

2394 5355 2462 5414 (Β)
2497 5355 2608 5407 Lib.
2640 5371 2676 5419 l,
2710 5371 2794 5423 cp.
2831 5357 2949 5409 “‘2.

2393 5425 2450 5490 (ι)
2487 5423 2600 5477 Lib.
2631 5441 2665 5489 ι,
2700 5440 2785 5492 ep.
2813 5426 2934 5478 ⁸518.
3819 5487 3822 5490 ι

2392 5495 2483 5560 (ml
2518 5494 2630 5546 Lib.
2691 5510 2726 5558 ι,
2772 5510 2856 5562 ep.
2901 5495 2988 5547 52.
3019 5494 3220 5558 Grmca,
3282 5511 3400 5563 qum.
3452 5496 3558 5549 huc
3606 5497 3875 5564 pertinent

2320 5565 2508 5634 verba,
2539 5564 2653 5634 inec
2693 5574 2818 5617 sunt
2851 5583 2862 5616 :
2903 5593 2963 5603 —
3001 5567 3048 5615 el
3084 5565 3135 5616 δὲ
3163 5566 3260 5630 τῆς
3305 5565 3597 5634 βδελυκτῆς
3637 5593 3705 5603 -—
3738 5567 3871 5619 Cod.

2324 5635 2429 5687 Alt.
2463 5633 2718 5704 βδελορᾶς
2759 5665 2826 5674 -
2855 5635 3150 5703 Μανεχαίου
3183 5636 3275 5686 καὶ
3307 5633 3645 5704 Μαρκίωνος
3675 5636 3871 5704 τυγχά-

2324 5721 2433 5755 νεις
2469 5703 2704 5769 μερίδος,
2747 5705 2917 5766 οὐδείς
2954 5721 3032 5755 σοι
3071 5704 3169 5771 τῆς
3216 5703 3486 5772 ἡμετέροις
3549 5703 3868 5772 συστήσεται

2329 5773 2561 5840 μέιυδρας
2591 5802 2657 5812 -—
2688 5772 2933 5827 Profecto
2961 5783 3136 5826 autem
3163 5789 3256 5841 pro
3291 5777 3610 5838 συστήσεται
3638 5774 3720 5826 vel
3749 5790 3868 5828 συσ-
