3972 6406
597 381 664 446 27
1715 373 2376 440 COMMENTATIONIS
2411 374 2604 436 PARS
2635 374 2686 437 Ι.
3757 347 3826 413 58

593 508 703 550 sua!
737 492 1015 549 sententia:
1049 489 1225 545 favere
1256 488 1581 554 arbitratur;
1612 487 1664 542 in
1696 504 1802 558 qua
1839 489 1903 542 de
1933 485 2139 541 duabus
2169 491 2209 546 Α
2241 483 2497 549 montius,
2535 484 2658 538 data
2697 490 2780 536 est
2827 478 2891 534 ad
2941 475 3195 549 Cyrillum
3243 471 3676 529 Alexandrinum
3726 468 3817 539 qui

594 586 648 641 in
696 583 912 639 Christo
943 581 1151 635 naturis
1183 580 1260 634 sic
1303 578 1537 648 loquitur
1566 577 1840 654 Isidorus:
1901 597 1919 630 r
1968 577 2144 643 Quare

592 676 712 729 vide
744 689 810 727 ne
840 687 1001 726 unam
1028 681 1232 726 tantum
1258 680 1380 740 post
1405 669 1825 723 incarnationem
1859 670 1910 722 in
1933 667 2144 722 Christo

591 771 839 817 naturam
875 761 1123 828 accipias.
1151 760 1478 812 Alterutram
1505 758 1648 810 enim
1681 757 1834 820 tollit,
1862 755 1949 824 qui
1983 769 2140 807 unam

594 861 796 906 tantum
819 849 1121 914 confitetur,
1152 847 1331 901 divina
1363 848 1564 902 scilicet
1585 856 1816 908 mutata,
1852 846 1932 898 vel
1962 855 2140 899 nostra

591 943 890 996 imminuta.
931 960 950 992 ι
1001 968 1070 980 --
1109 939 1252 994 Idem
1300 949 1492 1009 qurto
1528 938 1646 992 loco
1693 936 1895 1007 profert
1941 936 2140 1004 episto-

591 1032 692 1085 lam
723 1032 797 1101 (a)
844 1031 908 1084 ad
939 1029 1234 1099 Cyrillum,
1286 1030 1350 1082 ad
1407 1043 1563 1098 quem
1607 1028 1794 1081 scribit
1847 1028 2082 1081 Isidorus
2123 1043 2138 1080 :

596 1142 613 1172 ι
639 1121 787 1186 Quod
819 1137 945 1174 vero
976 1134 1221 1174 summus
1241 1119 1479 1172 omnium
1514 1132 1690 1171 rerum
1710 1117 1964 1170 Dominus
1983 1119 2141 1171 homo

588 1229 710 1266 vero
733 1211 905 1266 factus
927 1219 1005 1264 est
1027 1249 1040 1270 ,
1074 1225 1246 1279 neque
1276 1209 1463 1272 abeo,
1493 1207 1632 1276 quod
1655 1217 1788 1271 erat,
1816 1208 2137 1294 demigrans,

589 1316 759 1370 neque
795 1301 846 1354 id
872 1342 886 1365 ,
922 1301 1059 1366 quod
1103 1316 1210 1355 non
1253 1309 1367 1354 erat
1392 1340 1406 1363 ,
1443 1316 1726 1358 assumens
1752 1342 1767 1365 ,
1813 1317 1876 1356 ex
1931 1302 2139 1356 duabus

587 1395 792 1446 naturis
825 1407 962 1444 unus
1002 1389 1167 1444 Filius
1188 1390 1467 1455 exsistens,
1488 1402 1638 1445 ortus
1667 1407 1729 1446 ac
1763 1393 1883 1446 ﬁnis
1907 1409 2096 1461 expers
2119 1432 2134 1457 ,

585 1494 770 1533 rceins
811 1489 864 1533 et
917 1481 1317 1549 sempiternus,
1369 1496 1436 1536 ne
1489 1482 1602 1552 ipse
1655 1483 1869 1552 quidem
1922 1485 2128 1538 inficias

584 1571 729 1624 leris.
769 1591 785 1621 ι
834 1601 903 1612 -
940 1572 1178 1641 Denique
1209 1573 1275 1626 ab
1304 1573 1489 1627 eodem
1535 1573 1819 1627 laudantur
1855 1572 2037 1629 lsidori
2069 1577 2133 1629 ad

584 1660 943 1716 Theodosium
976 1664 1258 1718 diaconum
1281 1666 1486 1727 littere,
1512 1664 1564 1717 in
1583 1666 1780 1734 quibus
1803 1667 1913 1721 hac
1935 1669 2131 1737 scripta

585 1752 926 1806 inveniuntur
957 1771 972 1808 :
1009 1773 1027 1806 r
1059 1752 1189 1808 Nam
1219 1756 1318 1809 etsi
1348 1756 1436 1809 Dei
1466 1754 1634 1810 Filius
1662 1772 1878 1810 carnem
1921 1773 2131 1812 assum-

581 1837 702 1908 psit,
732 1839 979 1895 Christus
1014 1850 1189 1896 tamen
1220 1858 1329 1897 non
1382 1859 1565 1898 merus
1608 1847 1770 1900 homo
1805 1847 1976 1901 factus
2010 1857 2127 1911 est;

579 1929 708 1998 quin
741 1931 920 1998 potius
950 1947 1074 1986 cum
1134 1932 1427 1987 humanum
1460 1936 1704 1990 indueret
1736 1953 1962 2005 corpus,
1996 1954 2133 1992 unus

578 2021 782 2074 exstitit
808 2022 861 2075 in
900 2023 1107 2078 duabus
1133 2025 1339 2079 naturis
1367 2025 1460 2080 Dei
1489 2027 1656 2082 Filius
1683 2029 1774 2096 (b).
1806 2046 1825 2080 ›
1881 2055 1920 2071 -

646 2131 904 2188 isidorum
962 2135 1014 2188 in
1072 2136 1154 2189 his
1207 2137 1366 2191 modo
1407 2153 1438 2191 a
1485 2127 1569 2192 me
1607 2139 1780 2194 allatis
1821 2148 2005 2195 contra
2037 2156 2134 2198 eos

576 2219 792 2284 dixisse,
824 2222 916 2290 qui
946 2223 1026 2276 vel
1048 2224 1274 2278 duarum
1321 2237 1632 2281 naturarum
1664 2228 1720 2282 in
1751 2229 1966 2285 Christo
1996 2247 2124 2286 con-

581 2307 847 2364 fusionem
889 2322 942 2365 et
968 2314 1120 2381 quasi
1162 2315 1468 2368 mistionem
1511 2326 1824 2383 statuerent,
1857 2319 1940 2374 vel
1966 2335 2128 2376 unam

576 2409 781 2454 tantum
833 2413 1189 2471 agnoscerent
1237 2404 1363 2458 Jesu
1414 2406 1610 2460 Christi
1655 2418 2131 2492 naturainknemo

573 2504 681 2544 non
708 2491 872 2546 videt.
896 2492 1096 2570 Deinde
1119 2497 1485 2565 unusquisque
1513 2491 2130 2557 concedetTillemontio

572 2580 803 2650 aliisque
846 2583 964 2650 ejus
994 2584 1231 2652 opinioni
1291 2586 1617 2651 faventibus,
1661 2604 1784 2642 eum
1814 2591 1890 2643 sic
1927 2592 1994 2645 de
2046 2593 2127 2648 his

573 2673 732 2726 rebus
766 2672 1001 2725 locutum
1058 2688 1196 2738 esse,
1231 2684 1289 2728 ut
1325 2676 1414 2743 qui
1463 2677 1690 2731 hmresin
1741 2678 2125 2751 Eutychianam

572 2761 821 2816 refellere
869 2763 1014 2824 velit,
1050 2763 1189 2817 illius
1272 2765 1426 2819 dictis
1470 2776 1689 2835 optume
1719 2771 1796 2823 uti
1826 2773 1995 2839 possit
2030 2774 2124 2841 (c);

571 2866 747 2918 neque
775 2860 952 2905 tamen
985 2852 1108 2906 inde
1149 2855 1498 2923 consequitur
1525 2857 1783 2910 lsidorum
1833 2859 1898 2913 de
1962 2860 2128 2932 Euty-

569 2943 685 2996 chis
711 2944 950 2997 doctrina
971 2943 1020 2995 in
1039 2944 1141 2997 illis
1157 2945 1328 3013 egisse
1347 2947 1605 3015 epistolis.
1631 2947 1837 3003 Etenim
1860 2950 2128 3021 Eutyches

572 3048 763 3087 novam
785 3050 890 3087 non
917 3036 1143 3104 protulit
1180 3037 1499 3103 doctrinam,
1538 3041 1629 3092 sed
1657 3050 1778 3094 ante
1800 3058 1921 3095 eum
1976 3046 2124 3098 multi

2245 589 2386 629 anno
2444 574 2546 629 ιιι
2592 575 2732 628 diem
2799 585 3110 641 supremum
3172 567 3322 622 obiit.
3369 566 3507 635 Ergo
3556 564 3726 616 haece
3766 562 3818 612 in

2243 665 2464 734 epistola
2519 665 2752 719 Isidorus
2795 664 2862 718 de
2915 662 3170 731 Eutychis
3219 658 3463 713 doctrina
3513 655 3664 723 loqui
3711 667 3815 704 non

2243 756 2434 825 potuit.
2480 755 2738 824 Exposuit
2769 764 2947 809 autem
2981 754 3034 806 in
3087 753 3170 804 illa
3202 750 3528 805 sententiam
3563 761 3722 798 suam
3750 742 3819 795 de

2243 846 2448 899 duabus
2509 848 2559 899 in
2609 845 2822 899 Christo
2859 844 3063 898 naturis
3120 844 3312 897 eodem
3363 841 3522 894 modo
3560 846 3730 904 atque
3765 833 3818 885 ia

2243 936 2459 1004 reliquis
2505 951 2638 1005 quas
2673 937 2760 989 ille
2813 933 3065 988 laudavit.
3099 919 3276 1001 Quare
3305 931 3554 999 equidem
3604 925 3818 979 nullam

2241 1040 2455 1084 oausam
2506 1027 2681 1090 video,
2738 1040 2835 1078 cur
2896 1024 2995 1078 bas
3053 1037 3245 1077 omnes
3309 1022 3511 1076 seriore
3563 1024 3822 1086 tempore

2241 1118 2464 1186 scriptas
2492 1132 2609 1171 esse
2636 1115 2979 1171 statuendum
3015 1114 3102 1168 sit.

2308 1227 2408 1281 Sed
2441 1228 2491 1279 in
2527 1229 2609 1283 his
2637 1228 2795 1282 nobis
2843 1241 2952 1281 non
2981 1222 3432 1293 acquiescendum
3461 1229 3565 1284 est,
3613 1233 3820 1273 verum

2240 1317 2545 1380 videndum,
2571 1334 2696 1371 num
2725 1318 2884 1387 paulo
2907 1317 3208 1372 accuratius
3236 1330 3344 1384 quo
3365 1323 3606 1382 tempore
3643 1309 3825 1364 Isido-

2240 1424 2329 1460 rus
2387 1409 2544 1462 hasce
2595 1409 2871 1478 scripserit
2915 1408 3171 1477 epistolas
3225 1406 3450 1460 delinire
3509 1403 3817 1474 possimus.

2241 1497 2460 1564 Scripsit
2539 1509 2737 1564 autem,
2803 1499 2857 1554 nl
2915 1499 3084 1560 fallor,
3163 1513 3257 1552 eas
3316 1511 3506 1550 omnes
3556 1510 3644 1556 eo,
3704 1507 3822 1563 quo

2237 1588 2536 1642 Orientales
2589 1590 2826 1658 episcopi
2874 1604 2997 1643 cum
3057 1589 3254 1658 Cyrillo
3296 1588 3364 1641 de
3407 1584 3642 1639 Nestorii
3673 1600 3821 1638 con-

2237 1680 2576 1735 demnatione
2629 1691 2788 1750 atque
2838 1681 2903 1735 de
2960 1681 3168 1734 duabus
3217 1680 3270 1732 in
3321 1678 3543 1733 Christo
3591 1674 3820 1729 naturis

2235 1781 2528 1832 certarunt.
2581 1781 2840 1840 tempore.
2902 1770 3134 1825 Joannes
3208 1770 3351 1823 enim
3407 1767 3815 1830 Antiochenus,

2235 1863 2386 1928 Cujus
2415 1875 2604 1928 magna
2658 1871 2772 1914 erat
2797 1861 2937 1929 apud
2977 1860 3211 1915 Orientis
3248 1861 3533 1929 episcopos
3559 1858 3816 1913 auctori-

2236 1961 2336 2014 tas,
2373 1952 2548 2021 Cyrilli
2584 1961 2771 2004 contra
2821 1951 3123 2005 Nestorium
3167 1952 3512 2004 anathemata
3559 1949 3816 2020 Appolll-

2231 2041 2377 2093 naris
2436 2040 2734 2092 doctrinam
2785 2039 3029 2093 redolere
3083 2039 3398 2100 arbitratus,
3456 2039 3620 2093 simul
3678 2055 3813 2095 cum

2229 2126 2566 2182 Theodoreto
2600 2128 2816 2198 Cyrensi
2849 2130 3130 2184 etAndrea
3166 2131 3544 2194 Samosateno,
3568 2130 3661 2200 qui
3688 2130 3813 2198 ιω

2228 2229 2352 2274 ante
2400 2221 2684 2273 concilium
2733 2221 3063 2284 Ephesinum
3098 2229 3285 2274 contra
3334 2223 3649 2290 episcopum
3677 2221 3813 2276 Ale-

2229 2310 2546 2365 xandrinum
2599 2313 2947 2380 scripserant,
2998 2312 3141 2365 hunc
3197 2312 3426 2365 duarum
3484 2313 3537 2365 in
3582 2312 3810 2368 Christo

2229 2414 2540 2457 naturarum
2582 2403 2886 2457 mistionem
2925 2411 2979 2456 et
3014 2403 3387 2457 confusionem
3429 2403 3683 2458 docuisse
3713 2421 3807 2458 ar-

2228 2495 2480 2563 guebant.
2531 2492 2684 2558 Quod
2730 2494 2829 2547 etsi
2877 2494 2965 2546 ille
2995 2496 3139 2548 omni
3172 2495 3350 2548 studio
3399 2510 3427 2548 a
3479 2511 3537 2549 se
3585 2496 3804 2550 amoliri

2228 2593 2450 2638 conatus
2503 2584 2749 2637 Eunomii
2790 2594 2843 2637 et
2887 2584 3212 2652 Apollinaris
3259 2586 3562 2640 doctrinam
3609 2587 3803 2642 falsam

2227 2684 2409 2743 aperte
2431 2674 2738 2738 declaravit,
2773 2674 3144 2742 lsidorumque
3183 2692 3289 2728 non
3329 2676 3396 2729 ab
3432 2676 3796 2731 Orientalium

2227 2765 2468 2835 partibus
2509 2765 2721 2817 stetisse
2763 2773 2992 2829 constat,
3042 2775 3220 2819 tamen
3275 2765 3567 2834 Pelusiota,
3627 2784 3796 2838 quam

2228 2865 2418 2924 quarto
2459 2855 2575 2908 loco
2605 2855 2882 2923 posuimus
2924 2856 3205 2924 epistolam
3235 2873 3300 2910 eo
3331 2855 3554 2912 consilio
3595 2859 3802 2929 Cyrillo

2228 2946 2440 2998 videtur
2473 2944 2684 2998 misisse
2719 2953 2776 2997 ut
2808 2946 2855 2999 ei
2885 2933 3045 2999 nimis
3071 2947 3282 3001 incaute
3310 2965 3469 3002 unam
3498 2951 3550 3004 in
3575 2949 3800 3007 Christo

2229 3047 2494 3099 naturam,
2533 3036 2686 3090 Verbi
2727 3037 2929 3090 scilicet
2964 3038 3314 3102 incarnatam,
3344 3041 3558 3095 docenti
3588 3053 3796 3098 rectam

570 3123 1320 3192 “haereticietorthodoxi,si
1343 3142 1446 3180 non
1471 3129 1911 3195 eadem,atcerte
1935 3134 2124 3187 similia
2153 3143 2195 3197 (ς
2230 3143 2518 3196 veramque
2551 3126 2617 3180 de
2649 3128 2855 3181 duabus
2887 3128 2939 3180 in
2984 3128 3199 3183 ChriSlo
3239 3133 3446 3186 naturis
3489 3134 3797 3188 doctrinam

567 3223 960 3282 proposuerunt
1003 3212 1248 3283 dogmata
1308 3215 1404 3282 Id).
1461 3216 1635 3280 Quare
1685 3219 2004 3274 Pelusiotam
2058 3222 2124 3276 de

569 3299 1000 3370 Eutychianismo
1039 3310 1162 3354 ante
1207 3301 1484 3372 Eutychen
1517 3305 1751 3360 locutum
1782 3323 1902 3364 esse
1935 3310 2121 3364 existi-

567 3404 674 3444 mo.
710 3391 841 3443 Nam
882 3392 982 3444 etsi
1026 3393 1168 3460 quod
1212 3408 1371 3462 supra
1415 3396 1521 3463 jam
1561 3400 2119 3465 commemoravimus,

566 3481 770 3535 scilicet
831 3483 991 3550 hujus
1049 3484 1281 3537 haaretici
1361 3486 1688 3540 mentionem
1751 3489 1805 3541 in
1880 3490 2122 3558 epistolis

569 3586 840 3640 nunquam
886 3573 1078 3626 laetam
1123 3589 1260 3638 esse,
1307 3576 1525 3631 minoris
1571 3581 1823 3634 momenti
1863 3596 2000 3644 esse,
2044 3584 2127 3636 lu-

567 3661 754 3713 bcziter
822 3659 1009 3726 fateor,
1068 3670 1244 3714 tamen
1297 3678 1418 3732 cum
1504 3666 1664 3730 aliud,
1751 3667 1890 3735 quod
1944 3670 2126 3737 paucis

566 3753 932 3821 explicandum
1002 3763 1103 3816 est,
1163 3757 1378 3808 accedat
1452 3769 1875 3826 argumentum,
1952 3775 2124 3814 meam

567 3853 723 3896 teneo
777 3845 1116 3898 sententiam.
1166 3877 1234 3887 ——
1291 3847 1554 3916 liutyches
1601 3851 1750 3904 valde
1799 3852 1907 3918 jam
1941 3867 2123 3915 senex,

567 3943 623 3986 ut
665 3935 739 3987 ait
774 3934 1097 3989 Moshemius
1145 3937 1196 3989 in
1231 3938 1458 3991 Historia
1506 3957 1599 3993 sua
1647 3943 1988 3994 ecclesiastica
2032 3943 2121 4013 (e),

563 4041 670 4093 quo
701 4023 1126 4085 Nestorium,cui
1152 4028 1496 4082 vehementer
1523 4029 1764 4084 infensus
1809 4041 1942 4095 erat,
1977 4043 2124 4086 tanto

565 4113 755 4166 fortius
814 4115 1150 4180 reprimeret,
1221 4131 1362 4179 anno
1447 4118 1550 4171 448
1619 4119 1888 4173 docebat:
1962 4138 2120 4174 unam

567 4212 769 4256 tantum
799 4218 903 4256 esse
935 4204 987 4254 in
1017 4201 1218 4255 Christo
1247 4215 1491 4257 naturam
1520 4207 1670 4259 Verbi
1714 4226 1827 4261 vere
1872 4212 2119 4264 incarna-

566 4302 676 4348 tam
705 4293 788 4364 (Γ).
835 4293 952 4348 Una
989 4303 1167 4348 autem
1201 4311 1267 4349 ex
1305 4296 1562 4365 epistolis,
1589 4314 1721 4367 quas
1751 4299 1929 4352 attulit
1960 4299 2121 4354 Tillc-

567 4469 692 4540 μίαν
728 4468 825 4547 ’τοῦ
861 4470 1116 4547 Χριςῐςτοῦ.
1149 4469 1320 4547 ιζυιεο
1363 4473 1638 4547 legebatur
1667 4493 1678 4528 :
1733 4477 1912 4547 μήπω)
1955 4476 2115 4547 δόκη-
2148 4469 2193 4523 D

565 4539 656 4615 Qui
691 4539 787 4615 τὴρ
833 4539 924 4615 to!)
973 4541 1202 4608 Χριστοῦ
1233 4539 1294 4582 4—
1332 4539 1490 4615 φύᾶιν
1525 4547 1658 4613 μετὰ
1701 4539 1803 4615 τῆιί
1835 4539 2118 4613 ξσάρκωσίν

738 4607 990 4684 ⁵φατέρεξς
1019 4607 1128 4679 γάρ
1156 4612 1298 4684 ἐστιν
1329 4607 1620 4684 ⁸ὁψοιίρεξσις
1655 4617 1685 4681 ἡ
1734 4607 1860 4683 {rapi
1898 4607 2024 4684 μιᾶς
2048 4645 2123 4656 —-

562 4676 696 4751 cod._
737 4676 860 4751 Dav.
902 4679 1046 4751 μέᾳν,
1094 4676 1236 4751 vulg.
1279 4676 1490 4734 additur
1533 4676 1732 4735 τούτών
1779 4676 1920 4751 quod
1971 4676 2113 4738 auct.

562 4747 718 4801 codd.
763 4747 888 4818 Bav.
941 4746 1060 4801 Vat.
1111 4749 1250 4807 649.
1281 4759 1335 4802 et
1381 4751 1486 4804 Alt.
1525 4746 1846 4818 ejiciendum
1896 4764 2013 4815 est.
2050 4785 2117 4794 —-

562 4817 982 4893 συγκξιτᾴοεσιςο
1027 4818 1058 4888 ἦ
1091 4819 1186 4888 τῆς
1217 4819 1363 4882 Θείας
1388 4817 1722 4891 τραπείσης,
1767 4823 1798 4892 ἢ
1834 4825 1928 4893 τῆς
1961 4823 2115 4892 ἡμῶν

566 4885 904 4955 μειωοείτης.

633 4960 707 5021 (ai
737 4957 849 5030 Lib;
884 4972 930 5030 _t,
956 4971 1040 5030 ep:
1084 4956 1187 5030 ξιὶό
1212 4975 1222 5008 :
1251 4988 1319 4996 —
1347 4959 1470 5030 "Ott
1514 4960 1570 5012 δὲ
1613 4962 1860 5030 ἀληθινὸς
1891 4963 1985 5016 καὶ
2023 4965 2114 5030 ἐπὶ

564 5024 774 5102 πάντιιξν
808 5024 940 5102 Θεὸς
963 5026 1290 5102 κᾶν-Οριρπος
1321 5028 1537 5102 γέγονςγ
1572 5024 1808 5097 άληθῶς.
1841 5024 1963 5085 ὸῦτε
1997 5033 2024 5085 ὃ
2048 5029 2114 5102 ἦν

561 5095 788 5181 τραπεὶς
811 5095 950 5181 ςηκαὶ
982 5091 1143 5181 dedit,
1165 5091 1229 5160 ἦν
1267 5091 1698 5181 προέλαῦεῆνηὲὶε
1723 5091 1933 5167 φῦσεων
1971 5091 2113 5181 duo-iv
2187 5131 2191 5136 -

560 5192 632 5239 τ-
668 5163 786 5215 cod.
823 5163 1270 5239 Bav._év_-qadoaut
1296 5163 1509 5239 6oci_—
1532 5171 1558 5221 ὁ
1581 5165 1657 5232 εἷς
1693 5163 1950 5239 sicam»
1985 5173 2110 5234 Υἱὸς

563 5232 798 5306 ᾅναρχᾳς
833 5233 925 5306 καὶ
953 5234 1277 5306 ἀξεέραντος,
1320 5236 1626 5306 πρόσφατος
1665 5242 1757 5293 καὶ
1790 5232 1974 5305 ἀΐδιος,
2003 5232 2109 5295 οὐιδῖ

564 5301 628 5355 ἂν
661 5301 818 5361 αὑτὸς
844 5301 1152 5370 ἀρνηθείης.

636 5373 702 5436 ib)
735 5370 848 5423 Lib.
872 5387 922 5450 .l,
965 5388 1050 5440 ep.
1261 5375 1409 5450 f—_E_l
1432 5376 1543 5450 γὰρ
1570 5380 1658 5450 καὶ
1691 5379 1824 5450 σὰρξ
1853 5379 2050 5450 ἀληθὴς
2083 5383 2110 5434 ὁ

560 5440 728 5518 [Vn/05
759 5440 1065 5518 γεγένητίῃ,
1235 5445 1295 5497 οὐ
1325 5440 1477 5510 ψιλός
1498 5440 1778 5516 ἂνθρωποξ
1804 5440 1831 5500 ὅ
1857 5451 1897 5500 Χ
1908 5440 2105 5518 placidi;-

564 5509 982 5584 ξγᾳνθρωτξήσας
1005 5513 1060 5565 δὲ
1093 5514 1288 5583 μᾶλλον
1421 5519 1539 5571 cod.
1578 5509 1701 5569 Bav.
1735 5509 1930 5584 μᾶλλοῦ
1960 5520 2013 5571 δὲ
2042 5509 2109 5559 ὲ

568 5579 699 5656 ρεδς
731 5581 784 5656 sv
815 5579 1249 5656 _€ia1ép1té_‘l:qk
1269 5583 1492 5656 φρσεσιν
1522 5585 1598 5650 εἷς
1632 5579 1862 5656 ὑπάρχει
1883 5619 1944 5629 -—
1971 5589 2102 5643 Cod.

567 5645 692 5729 liav.
725 5645 1077 5729 ὐπᾴρχῳνλ-
1106 5652 1229 5716 Υἱὸς
1257 5645 1347 5705 τ’οῦ
1369 5685 1434 5694 --
1457 5645 1596 5725 quod
1625 5645 1885 5712 omittitur
1907 5659 1957 5711 in
1987 5659 2103 5713 cod.

569 5715 694 5770 llav.
716 5746 784 5758 —
811 5715 966 5773 sese.
999 5749 1066 5760 —

2227 3217 2279 3270 in
2331 3218 2572 3272 animum
2632 3227 2927 3271 revocaret.
2979 3249 3046 3258 --
3097 3220 3294 3274 Eodem
3352 3232 3590 3291 tempore
3647 3240 3794 3290 eam,

2224 3319 2384 3375 quam
2435 3306 2605 3359 altero
2647 3307 2919 3376 tetigimus
2961 3310 3097 3369 loco,
3131 3311 3433 3377 epistolam,
3491 3313 3796 3382 eodemque

2223 3408 2412 3448 omnes
2464 3395 2695 3462 reliquas
2748 3411 2778 3448 a
2823 3397 2978 3449 nobis
3033 3408 3500 3464 eommemoratas,
3549 3403 3796 3472 exceptis

2222 3485 2328 3538 illis
2375 3485 2440 3539 ad
2471 3485 2855 3555 Hermogenem
2889 3487 3097 3552 litteris,
3143 3489 3368 3556 scriptas
3397 3505 3518 3543 esse
3566 3507 3789 3547 censeo.

2224 3574 2345 3628 H'PC
2377 3585 2578 3638 autem,
2642 3592 2837 3644 nempe
2889 3578 3114 3646 epistola
3179 3579 3493 3647 Hermogeni
3562 3582 3792 3651 scripta,

2225 3676 2337 3719 tum
2381 3666 2595 3720 demum
2626 3670 2865 3720 confecta
2898 3679 3000 3730 est,
3035 3669 3123 3720 ubi
3175 3669 3402 3739 Cyrillus
3455 3672 3508 3723 in
3556 3673 3788 3740 gratiam

2223 3774 2342 3812 cum
2403 3758 2665 3827 episcopis
2718 3760 3078 3812 Orientalibus
3139 3777 3281 3814 anno
3353 3761 3454 3816 43$
3527 3764 3786 3820 redierat.

2223 3848 2582 3913 Quamobrem
2642 3865 2749 3902 non
2808 3851 2993 3902 dubito
3041 3853 3170 3919 quin
3227 3853 3460 3907 lsidorus
3519 3855 3788 3920 scribens,

2225 3939 2509 4008 Aigyptum
2551 3955 2578 3993 a
2637 3939 2928 3993 fortissimo
2958 3958 3169 4010 quoque
3229 3943 3512 3997 lnercsium
3572 3947 3791 4016 exigere

2225 4030 2502 4092 tributum,
2547 4029 2612 4082 de
2639 4028 2852 4098 Cyrillo,
2903 4033 2995 4099 qui
3046 4033 3324 4101 hucusque
3373 4036 3790 4092 strenuissimus

2223 4119 2397 4172 fuerat
2453 4137 2591 4173 vera:
2644 4120 2763 4172 ﬁdei
2830 4121 3098 4184 defensor,
3163 4125 3349 4191 egerit.
3423 4124 3582 4179 Stetit
3637 4126 3786 4180 enim

2221 4211 2456 4265 Isidorus
2515 4228 2543 4264 a
2594 4212 2836 4279 partibus
2898 4229 3084 4266 eorum
3146 4219 3218 4281 (θ)
3253 4256 3266 4278 ,
3323 4217 3412 4284 qui
3468 4218 3786 4288 episcopum

2223 4303 2640 4356 Alexandrinum
2661 4315 2960 4372 prOpterea,
2992 4305 3131 4372 quod
3155 4323 3338 4375 pacem
3361 4308 3558 4373 inierit,
3585 4311 3786 4366 acriter

2295 4477 2361 4546 (ε)
2401 4478 2462 4529 Et
2491 4492 2673 4547 revera
2702 4477 2956 4532 Leontius
2989 4478 3315 4547 Byzantinus
3340 4481 3391 4535 in
3419 4483 3569 4537 libris
3591 4497 3782 4544 contra

2220 4546 2525 4599 Nestorium
2557 4557 2608 4598 et
2635 4546 2910 4616 Eutychen
2936 4546 3194 4602 memorat
3220 4550 3404 4604 lsidori
3430 4555 3495 4606 ad
3530 4554 3785 4611 Theodo-

2220 4618 2358 4692 sium
2395 4617 2795 4692 presbyterum,
2828 4619 3171 4692 'l‘imothcum
3214 4620 3492 4692 lectorem.
3525 4625 3782 4692 Cyrillum

2219 4687 2637 4738 Alexandrinum
2688 4689 2924 4754 aliosque
2973 4689 3241 4754 epistolas.
3273 4690 3383 4743 Cfr.
3437 4687 3670 4747 Maxima
3701 4697 3782 4749 bi-

2220 4756 2465 4806 bliorlwra
2505 4754 2615 4807 VV.
2657 4755 2766 4807 PP.
2799 4769 2925 4810 tom.
2954 4757 3041 4812 IX.
3077 4773 3128 4824 p.
3160 4761 3278 4820 (58!,
3307 4761 3430 4822 682,
3463 4763 3584 4813 685.

2290 4826 2696 4899 (illnllhrisliani
2737 4828 2965 4899 Augusti
3005 4828 3183 4895 Saiigii
3227 4830 3292 4881 de
3347 4834 3780 4899 eutychiauismo

2218 4903 2339 4945 ante
2371 4894 2644 4962 Eutychen
2667 4934 2680 4953 .
2707 4897 2817 4950 sive
2837 4894 2842 4896 “
2862 4898 2929 4948 de
2957 4894 3370 4965 eutycliianismi
3402 4894 3524 4953 vere
3551 4919 3612 4958 ac
3648 4905 3782 4960 falso

2216 4965 2494 5039 suspectis,
2535 4974 2789 5039 tractatus
2828 4966 3114 5039 historicus
3147 4978 3202 5020 et
3241 4970 3597 5039 theologicus.
3627 4972 3780 5029 Wol-

2215 5032 2525 5087 fenbuttela:
2559 5035 2708 5090 179.3.
2746 5037 2881 5088 iii-5.

2286 5107 2356 5176 (ς)
2383 5103 2659 5176 limitem:
2683 5103 2816 5157 Hist.
2848 5105 2968 5158 eccl.
3003 5121 3054 5171 p.
3093 5105 3216 5163 925.
3243 5106 3267 5176 §
3297 5109 3378 5162 15.

2285 5173 2348 5240 (Ι)
2401 5172 2578 5240 Ipsum
2617 5172 2874 5252 Cyrillum
2914 5176 3075 5229 hacce
3124 5172 3350 5230 formula
3385 5183 3581 5248 saepius
3618 5198 3776 5237 usum

2213 5257 2349 5304 esse.
2379 5252 2589 5296 constat
2616 5252 2754 5295 Ilile
2782 5259 2994 5297 omnes.

2284 5314 2354 5378 (di
2422 5312 2510 5363 Sic.
2546 5315 3026 5386 stomachahantur
3083 5316 3311 5386 Aeacius
3370 5318 3771 5386 Btclitcnensis,

2211 5380 2502 5434 Successus
2546 5382 2641 5433 Dio
2669 5384 3040 5445 (ὶςείιθι-ονιιςὶς,
3091 5384 3399 5438 Va.erianus
3443 5380 3774 5451 lconiensis,

2209 5453 2426 5524 aliique,
2466 5467 2652 5524 omnes
2687 5453 2938 5524 Cyrillum
2973 5456 3777 5524 vituperantes,quodinOrien-

2211 5521 2422 5583 talium,
2452 5522 2542 5588 qui
2575 5537 2786 5596 omnem
2832 5521 3502 5596 iiiiioiiemliypostziticam
3543 5531 3773 5596 rcjccis—

2209 5591 2718 5714 senéLgonsenserit
2755 5606 2930 5645 voces.
2961 5592 3042 5645 Cf.
3095 5591 3257 5662 Sdlig.
3319 5597 3352 5647 I.
3412 5615 3456 5649 (τ.
3507 5591 3622 5668 ςιψῖ
3681 5603 3768 5662 9.8.

2210 5674 2260 5714 ι).
2355 5679 2430 5714 ι.

2210 5674 2260 5728 p.
2308 5661 2430 5714 275.
