3972 6444
208 406 285 471 29
1440 400 1622 463 vm.
1661 395 1962 461 ISIDORI
1998 392 2265 457 PELUS.
3432 387 3509 457 30
3581 370 3599 390 '

204 517 595 580 \ttnpernrunt
641 508 740 579 (a).
774 508 976 566 Scribit
1003 509 1153 565 enim
1206 509 1273 567 ad
1325 510 1475 567 illum
1506 509 1637 566 alibi
1676 508 1749 582 (ιν)
1783 527 1797 562 :
1830 514 1878 570 Α
1905 506 2110 561 virtute
2135 514 2342 557 vacuus
2370 513 2601 556 munere
2627 497 2747 556 solo
2768 510 2893 554 sese
2935 495 3124 567 jactat.
3156 494 3289 551 inde
3333 495 3392 552 ﬁt
3446 504 3508 552 ut

210 621 231 655 ι
265 609 500 671 Oportet
552 614 604 656 te
658 595 872 656 ﬁrmum
930 616 996 657 ae
1044 609 1382 658 constantem
1433 617 1648 673 semper
1685 616 1802 655 ma-

201 705 361 754 nere;
389 691 473 744 sic
500 704 700 759 nempe
738 700 797 745 ut
840 706 943 746 nec
980 699 1129 745 metu
1174 693 1413 747 coelestia
1444 692 1661 761 prodas.
1694 703 1799 745 nec

203 788 390 833 tecum
424 779 543 849 ipse
573 794 812 850 pugnare
852 780 1101 833 videaris.
1139 780 1246 836 Sed
1275 782 1327 837 si
1360 798 1481 851 qum
1510 795 1657 835 nunc
1700 780 1799 834 abs

205 880 259 927 te
289 873 497 941 scripta
528 881 654 927 sunt
681 887 806 925 cum
836 871 940 925 illis
964 880 1127 927 antea
1160 883 1265 928 ate
1294 874 1557 929 confessis
1576 886 1799 943 compa-

200 974 421 1025 rantur,
446 971 542 1015 aut
575 961 871 1017 adulationi
900 962 1168 1017 obnoxius
1212 978 1333 1019 esse
1382 964 1669 1027 videberis,
1704 974 1800 1017 aut

198 1051 448 1108 levitatis
478 1053 745 1119 minister,
798 1062 858 1107 ut
896 1054 988 1123 qui
1033 1054 1179 1108 inani
1232 1054 1417 1124 gloriae
1449 1056 1795 1120 succumbas,

202 1157 319 1197 non
359 1155 546 1198 autem
578 1158 898 1213 magnorum
920 1152 976 1198 et
1008 1153 1319 1199 sanctorum
1349 1145 1588 1215 pugilum
1617 1154 1797 1199 certa—

200 1231 353 1285 mina
413 1231 667 1292 imiteris.
724 1232 817 1300 qui
872 1246 971 1301 per
1003 1247 1221 1285 omnem
1268 1233 1434 1287 vitam
1492 1232 1548 1287 in
1610 1242 1797 1288 extera

200 1320 428 1391 regione
448 1321 624 1391 premi
654 1336 718 1375 ac
743 1321 925 1375 vexari
960 1320 1144 1391 potius
1168 1322 1267 1377 sibi
1312 1323 1594 1377 ferendum
1626 1324 1797 1378 duxe-

199 1421 353 1471 runt.
388 1426 555 1481 quam
583 1423 641 1467 ut
669 1428 980 1482 perversam
1012 1421 1105 1468 aut
1134 1413 1320 1469 falsam
1353 1416 1681 1471 sententiam
1712 1417 1797 1471 vel

198 1503 434 1559 nuribus
462 1504 783 1574 exciperent
826 1504 916 1576 (ε).
965 1523 983 1556 ι
1034 1536 1103 1545 -
1130 1505 1473 1577 Quapropter
1500 1506 1798 1562 Tillemon-

200 1594 315 1650 tius
368 1612 669 1666 omnesque
724 1598 845 1666 ejus
886 1598 1175 1654 sententia
1212 1599 1477 1664 faventes,
1527 1600 1797 1656 Isidorum

198 1698 354 1738 anno
378 1684 486 1741 449
520 1686 604 1741 vel
658 1688 763 1741 450
794 1688 937 1741 inter
964 1688 1117 1743 vivos
1168 1689 1347 1743 adhuc
1393 1689 1562 1744 luisse
1590 1705 1655 1745 ex
1714 1690 1798 1745 his

200 1775 455 1844 epistolis
488 1786 694 1831 temere
725 1778 1007 1843 collegisse
1034 1777 1313 1832 videntur.

1899 597 1990 652 ille
2022 607 2279 665 tanquam
2310 592 2417 656 vir,
2478 592 2637 661 cujus
2682 588 2955 661 cogitandi
3013 600 3069 643 et
3120 588 3315 660 agendi
3369 584 3509 643 ratio

1898 689 2143 761 dignitati
2173 702 2287 743 suae
2335 700 2559 756 prorsus
2601 682 2917 745 conveniat,
2947 682 3015 735 ab
3056 680 3313 735 omnibus
3352 679 3506 733 cele-

1898 784 2108 846 bretur;
2139 780 2229 835 hic
2258 788 2520 847 tanquam
2542 775 2763 846 spurius
2793 781 3017 827 notetur
3047 773 3252 841 talique
3271 782 3505 825 munere

1898 874 2177 944 indignus.
2214 891 2233 922 ›
2270 869 2329 925 ln
2371 870 2473 925 hac
2495 884 2626 923 vero
2664 868 2732 921 ad
2764 866 3046 920 Zenonem
3074 865 3305 933 epistola
3336 864 3417 919 sic
3438 861 3508 917 de

1898 966 2242 1036 Hermogene
2276 963 2554 1033 loquitur:
2607 979 2625 1013 ι
2662 960 3035 1029 Hermogenes
3096 958 3389 1027 episcopus
3423 954 3508 1011 vir

1898 1060 2104 1129 probus
2127 1064 2229 1121 est,
2258 1054 2302 1110 si
2337 1055 2460 1125 quis
2510 1054 2669 1107 alius.
2703 1051 2978 1105 Educatus
3011 1051 3157 1104 enim
3204 1051 3256 1103 in
3298 1045 3508 1105 Christi

1904 1149 2049 1219 lege,
2076 1146 2345 1216 exemplis
2368 1144 2684 1214 apostolicis
2709 1142 3011 1206 institutus,
3038 1142 3299 1211 episcopo
3343 1140 3507 1211 digna

1900 1241 2067 1297 sentit
2088 1250 2143 1295 et
2187 1238 2527 1308 exsequitur.
2552 1237 2733 1303 Quare
2766 1234 3111 1303 temporibus
3165 1232 3505 1288 convenien-

1900 1341 2010 1388 tem
2033 1331 2257 1403 gloriam
2304 1339 2589 1384 assecutus
2646 1336 2731 1383 est
2756 1321 2811 1380 et
2836 1327 3099 1380 honorem
3134 1323 3241 1395 (Ii).
3298 1322 3509 1382 invidi!

1900 1422 2070 1488 enim,
2101 1437 2222 1491 quae
2259 1420 2392 1475 alios
2422 1420 2625 1475 virtute
2645 1418 2905 1487 praeditos
2934 1416 3109 1486 palam
3150 1415 3294 1468 solet.
3325 1429 3506 1485 oppu-

1909 1530 2096 1585 gnare,
2128 1514 2296 1578 hunc,
2329 1520 2556 1583 propter
2590 1509 2967 1564 incredibilem
3003 1522 3217 1561 morum
3240 1520 3508 1561 mansue-

1902 1607 2148 1661 tudinem
2201 1621 2265 1660 ac
2320 1604 2650 1674 singularem
2707 1601 3053 1662 modestiam,
3100 1615 3171 1653 ne
3250 1599 3503 1668 aspicere

1902 1690 2119 1761 quidem
2153 1689 2336 1744 audet.
2374 1707 2392 1739 ι
2426 1716 2494 1727 -—
2540 1684 2771 1755 Reliqua
2820 1693 2880 1739 ut
2939 1684 3204 1738 addamus
3257 1698 3367 1737 non
3420 1689 3507 1741 est

1900 1797 2167 1837 necesse:
2200 1796 2321 1851 quae
2347 1780 2494 1834 enim
2529 1779 2690 1832 allata
2714 1785 2844 1831 sunt
2876 1776 3008 1832 satis
3051 1790 3325 1845 superque
3370 1788 3505 1844 pro-

276 1866 389 1920 Sed
434 1866 597 1921 etiam
625 1868 681 1921 in
706 1882 773 1919 eo
814 1866 1019 1922 fallitur
1049 1869 1139 1923 ille
1178 1870 1277 1940 (rt),
1309 1871 1450 1940 quod
1490 1887 1556 1925 ex
1601 1870 1791 1927 lsidori
1828 1892 1867 1947 Β
1898 1872 2029 1927 bant
2058 1872 2325 1927 lsidorum
2377 1870 2544 1924 haece
2587 1870 2641 1923 in
2697 1868 2929 1938 epistola
2982 1881 3094 1921 non
3143 1866 3210 1921 de
3251 1864 3419 1936 gloria
3450 1872 3505 1921 et

200 1951 402 2009 litteris
434 1955 499 2009 ad
558 1953 887 2010 Marcionem
941 1957 1315 2027 presbyterum
1372 1960 1440 2029 (ε)
1501 1969 1557 2013 et
1626 1959 1797 2015 Zeno-

198 2060 330 2099 nem
371 2045 436 2117 (Γ)
470 2045 610 2100 datis
638 2061 903 2116 apparere
932 2048 1249 2113 arbitratur,
1281 2063 1408 2103 eum
1452 2048 1795 2121 Hermogene

96 2202 105 2211 .
200 2132 603 2191 Rhinocorura
626 2137 887 2207 episcopo
908 2138 1016 2206 jam
1050 2148 1265 2194 mortuo
1296 2140 1440 2194 diem
1480 2144 1796 2210 supremum

199 2226 431 2281 obiisse.
472 2226 533 2280 in
562 2225 651 2281 illa
684 2226 830 2281 enim
878 2229 1016 2284 duos
1049 2229 1360 2300 episcopos,
1399 2230 1796 2303 Hermogenem

200 2318 415 2373 scilicet
432 2318 604 2372 virum
624 2318 775 2389 pium
795 2319 1137 2391 justumque,
1170 2337 1295 2376 eum
1320 2322 1554 2379 Eusebio
1578 2324 1799 2379 homine

208 2424 387 2481 pravo
402 2418 457 2464 et
474 2411 731 2474 scelesto,
753 2421 1031 2481 comparat
1059 2422 1249 2467 auctor
1272 2413 1325 2467 in
1354 2414 1501 2467 hunc
1529 2415 1751 2469 modum
1782 2434 1795 2468 :

210 2518 229 2553 α
272 2501 379 2565 Qui
425 2502 626 2555 virtute
685 2501 867 2556 clarus
903 2511 1007 2567 est,
1038 2503 1084 2557 is
1125 2503 1402 2574 geminum
1449 2504 1680 2559 habetur
1708 2520 1798 2559 sa-

204 2592 435 2647 cerdotii
466 2593 631 2647 decus
657 2603 711 2646 et
742 2602 1165 2659 ornamentum;
1196 2594 1288 2664 qui
1324 2610 1454 2649 vero
1477 2595 1798 2653 sacerdotali

203 2698 439 2739 munere
483 2684 708 2739 functus
744 2684 862 2739 solo
905 2693 1076 2740 tumet
1126 2686 1354 2753 honore,
1398 2688 1445 2741 is
1491 2702 1681 2742 revera
1731 2688 1798 2743 ad

204 2777 424 2847 spurius
468 2777 705 2846 rejectus
745 2786 849 2832 est.
904 2779 1093 2848 itaque
1148 2778 1515 2850 Hermogenes
1569 2780 1651 2834 vir
1688 2780 1799 2835 Deo

205 2880 468 2939 acceptus
497 2869 813 2937 dignitatem
848 2870 1051 2939 recepit
1080 2871 1264 2925 virtuti
1312 2886 1425 2926 suae
1467 2872 1801 2926 convenien-

207 2969 320 3016 tem
356 2961 450 3031 (9).
485 2960 567 3015 Ad
614 2960 927 3015 facultatem
954 2964 1100 3017 enim
1152 2971 1443 3033 utramque
1497 2964 1798 3030 contendit,

206 3058 324 3107 tum
389 3052 678 3108 sacerdotii
732 3065 1116 3109 ornamentum
1180 3054 1407 3126 dignum
1472 3064 1801 3112 consecutus

208 3148 326 3200 ιιιω
373 3143 596 3199 virtutis
616 3144 983 3214 majestatem,
1037 3161 1067 3200 a
1115 3145 1297 3201 divina
1342 3148 1513 3217 gratia
1559 3146 1822 3202 debitam'

1900 1964 2111 2017 honore
2143 1978 2306 2032 quem
2360 1961 2449 2015 ille
2484 1960 2537 2013 in
2591 1959 2774 2013 futura
2822 1959 2952 2023 vita,
3002 1957 3099 2012 sed
3144 1957 3212 2012 de
3269 1958 3415 2026 justa
3447 1964 3509 2012 et

1905 2053 2101 2108 merita
2129 2068 2290 2125 agere
2326 2052 2518 2122 gloria,
2545 2066 2707 2121 quam
2737 2050 3107 2120 Hermogenes
3136 2048 3281 2118 apud
3311 2060 3509 2103 omnes

1902 2152 2235 2198 consecutus
2288 2143 2361 2196 sit
2415 2141 2699 2196 mortales.
2755 2138 3008 2195 Caelestis
3083 2139 3232 2194 enim
3293 2148 3350 2193 et
3396 2149 3505 2207 qua

1901 2233 2105 2303 probus
2130 2231 2362 2301 quisque
2412 2230 2553 2299 apud
2613 2231 2783 2283 Deum
2808 2230 3009 2298 gaudet
3055 2227 3205 2283 omni
3243 2228 3502 2298 superior

1901 2333 1987 2381 est
2013 2324 2234 2379 invidia.
2272 2352 2342 2364 --
2384 2322 2527 2393 Ergo
2561 2322 2639 2376 uti
2689 2337 2756 2375 ex
2793 2320 2896 2375 illis
2937 2320 3187 2389 epistolis
3237 2320 3504 2374 lsidorum

1901 2417 2233 2473 Pelusiotam
2263 2430 2407 2468 anno
2451 2412 2577 2477 449,
2630 2411 2717 2465 vel
2766 2409 2892 2469 450.
2924 2409 3070 2464 inter
3120 2410 3277 2465 vivos
3306 2409 3502 2464 etiam-

1902 2517 2017 2563 tum
2061 2506 2230 2561 fuisse
2260 2518 2369 2559 non
2407 2503 2785 2572 consequitur,
2840 2501 2917 2555 ita
2956 2516 3022 2554 ex
3067 2499 3156 2553 bis
3202 2513 3327 2554 eum
3381 2506 3507 2568 post

1902 2596 2259 2669 Hermogenis
2275 2602 2505 2651 mortem
2524 2594 2670 2649 diem
2701 2607 3022 2663 supremum
3048 2590 3254 2645 obiisse
3280 2589 3504 2661 probari

1902 2690 2113 2761 nequit.

1989 2780 2096 2835 Sed
2158 2796 2286 2835 cum
2336 2778 2591 2850 equidem
2642 2778 2698 2833 in
2742 2777 2863 2847 ejus
2905 2776 3155 2846 epistolis
3206 2773 3344 2830 nihil
3394 2787 3505 2845 quo

1908 2874 2027 2930 haec
2090 2872 2155 2927 lis
2211 2870 2438 2927 omnino
2479 2868 2670 2925 dirimi
2732 2868 2929 2939 possit,
2985 2867 3317 2931 invenerim,
3369 2865 3505 2921 satis

1904 2964 2083 3020 habeo
2132 2963 2416 3034 probasse,
2467 2976 2593 3017 eum
2630 2970 2757 3032 post
2794 2976 3001 3015 annum
3032 2959 3157 3025 454,
3188 2973 3312 3013 esse
3353 2972 3503 3012 mor-

1905 3066 2081 3112 tuum.
2131 3055 2547 3111 Accuratiorem
2596 3070 2727 3109 vero
2780 3053 2912 3108 anni
2953 3053 3119 3123 hujus
3168 3050 3270 3106 viri
3324 3050 3507 3107 fatalis

1903 3149 2278 3204 deﬁnitionem
2320 3145 2453 3201 viris
2498 3154 2553 3201 et
2603 3132 2977 3216 sagacioribus
3042 3153 3098 3199 et
3159 3141 3505 3199 doctioribus

207 3234 600 3293 accessiOnem.
661 3234 733 3291 At
785 3235 1053 3293 Eusebius
1084 3237 1197 3293 Deo
1244 3238 1479 3293 infestus
1538 3238 1799 3308 omnique
1826 3231 1869 3291 C
1902 3239 2175 3309 relinquo.

280 3415 536 3487 (aLlpse
587 3414 968 3487 Tillcmontius
1021 3415 1377 3487 inggllistoriie
1422 3415 1796 3487 ecclesiasticte

206 3484 345 3541 tom.
365 3484 482 3551 XV,
507 3502 560 3555 ρ.
592 3486 728 3549 115,
762 3494 865 3539 art.
912 3501 1031 3541 vm.
1066 3485 1225 3540 allata
1254 3488 1435 3541 llrecce
1467 3488 1535 3541 ad
1566 3486 1796 3541 Hermo-

206 3573 401 3627 genem
435 3557 686 3626 epistola,
708 3555 907 3627 scribit
935 3575 947 3610 :
978 3556 1240 3611 Auroit—il
1280 3557 1431 3627 parlé
1460 3557 1527 3612 de
1559 3556 1609 3610 la
1650 3566 1795 3611 sorte

206 3629 275 3684 de
310 3626 454 3681 saint
484 3626 723 3697 Cyrille?

280 3698 351 3766 (ὁ)
388 3697 507 3752 Lib.
532 3695 573 3759 ι,
600 3712 687 3763 ep.
726 3695 852 3762 32$,
900 3697 967 3751 de
992 3713 1095 3767 qua
1131 3697 1315 3766 Lupus
1348 3713 1567 3767 quoque
1600 3699 1654 3752 in
1686 3714 1791 3753 no-

207 3768 278 3822 tis
300 3769 369 3838 ad
396 3768 671 3838 variorum
698 3767 915 3821 i‘atrum
950 3768 1208 3837 epistolas
1234 3770 1269 3822 Ι.
1294 3784 1343 3823 c.
1378 3771 1494 3823 haec
1525 3770 1746 3838 scripsit
1773 3787 1785 3822 :

208 3838 268 3892 S.
325 3836 558 3907 Cyrillus
594 3836 720 3890 licet
754 3852 851 3890 sua
896 3836 1135 3907 capitula
1190 3836 1658 3893 anathematizare
1694 3849 1789 3893 aut

209 3909 531 3961 solemniter
578 3917 862 3961 recantare
893 3911 1152 3965 uoluerit.
1190 3926 1250 3961 ea
1281 3918 1460 3962 tamen
1485 3920 1541 3963 et
1569 3911 1623 3962 in
1651 3911 1791 3963 datis

208 3980 275 4032 ad
298 3979 558 4032 Acacium
592 3976 1013 4043 Berrbtensem,
1046 3994 1107 4033 ac
1132 3980 1260 4032 item
1291 3982 1355 4033 ad
1381 3980 1645 4034 Joannem
1680 3982 1792 4033 An-

209 4049 528 4103 tiochenum
559 4048 756 4102 litteris
779 4090 792 4107 .
819 4056 875 4103 et
910 4050 1025 4103 suis
1058 4064 1181 4103 cum
1215 4050 1378 4103 Paulo
1411 4049 1679 4104 Emeseno
1705 4065 1797 4104 ac-

209 4119 296 4183 tis,
339 4128 423 4172 est
449 4118 692 4189 suaviter
723 4120 1055 4189 moderatus.
1100 4120 1237 4173 iline
1274 4122 1326 4173 in
1356 4122 1631 4189 publicum
1668 4129 1798 4175 tunc

209 4179 432 4258 sparsus
460 4188 559 4241 iuit
591 4204 776 4241 rumor
804 4188 872 4242 de
897 4179 1080 4258 Cyrilli
1115 4179 1460 4257 pcenitcu'tia.
1508 4190 1641 4243 item
1696 4192 1799 4243 sub

210 4260 431 4313 nomine
452 4258 961 4329 PhilippiRomana:
983 4260 1233 4313 Eerlesiae
1267 4260 1564 4329 presbyteri
1586 4269 1637 4313 et
1665 4276 1800 4329 apo-

209 4332 387 4384 stolici
426 4330 567 4399 apud
600 4330 872 4398 Ephesum
898 4330 1076 4399 legati,
1100 4345 1285 4397 sparsa
1325 4330 1419 4383 fuit
1453 4330 1678 4399 cpistola
1712 4347 1801 4385 as-

208 4415 469 4454 severans
509 4400 717 4453 Sixtum
754 4402 1065 4467 pontilieem
1086 4401 1303 4467 quidem
1335 4400 1684 4454 conﬁrmasse
1714 4417 1801 4469 pa-

1907 3416 2201 3487 κολακείας
2233 3416 2452 3487 φανήσῃ
2494 3413 2886 3487 ὑπεύθυνος,ᾼῆ
2924 3412 3213 3487 εὐχερείας
3234 3410 3503 3487 —_Chat.

1906 3497 1961 3558 et
1991 3483 2257 3542 Rittersh.
2285 3483 2569 3558 εὐχερείας
2602 3487 2634 3555 ἢ
2664 3517 2732 3558 7e-
2771 3483 3039 3558 BLdticovoe,
3077 3483 3243 3551 κενῆς
3281 3483 3505 3558 μὲν-δό-

1908 3557 2009 3628 ξης
2041 3552 2380 3627 ἡττώμενοξξ
2406 3552 2516 3610 ’ἐῶν
2542 3552 2795 3628 μεῨάλων
2820 3556 2963 3628 δὲ--ξ
2981 3556 3136 3609 abest
3159 3568 3190 3607 a
3212 3558 3338 3628 cod.
3372 3552 3505 3628 Bav:

1902 3623 1973 3667 -ξ
1997 3623 2166 3694 ἁγῖων
2198 3623 2448 3697 ἆθλητῶν
2482 3623 2608 3690 τοὶς
2652 3627 2873 3697 ἀγῶνας
2914 3627 2975 3679 οὐ
3010 3623 3427 3697 μιμηςάμενᾳςε
3450 3623 3500 3677 οἳ

1899 3699 1989 3750 τὸν
2021 3693 2242 3753 ἅπαντα
2293 3693 2406 3767 βίον
2440 3700 2527 3750 ἐπ’
2564 3693 2851 3767 ἀλλοτρίας
3346 3694 3508 3767 ἀλλοτ-

1898 3769 2079 3840 τρίαις
2100 3798 2173 3840 +—
2205 3763 2592 3840 καὲουχεζσθαι
2627 3763 2947 3840 saepem,
2977 3765 3012 3835 ἢ
3044 3764 3337 3828 κακόδοξον
3381 3763 3507 3835 φρό-

1896 3836 2049 3909 νήμει
2078 3838 2183 3909 xﬁv
2215 3836 2592 3909 μέχριςλῷτων
2616 3837 2982 3909 εἰσδέξασθαιἒ

1974 3902 2050 3974 id)
2084 3902 2373 3963 Tilletnonl
2413 3908 2552 3962 Hist.
2605 3908 2731 3961 εισι.
2776 3916 2907 3962 tom.
2970 3905 3090 3967 XV.
3142 3922 3197 3965 ῐ).
3256 3905 3380 3964 117.
3430 3902 3504 3959 cf.

1901 3996 1955 4050 p.
1987 3981 2074 4043 18,
2090 3989 2217 4050 not.
2254 3981 2306 4033 ιι.

1974 4052 2046 4119 (ε)
2087 4049 2205 4103 Lib.
2236 4067 2289 4116 ν,
2317 4066 2406 4119 ep.
2442 4050 2568 4104 578.

1975 4121 2039 4189 (Η
2077 4119 2197 4174 Lib.
2234 4138 2285 4183 γ,
2320 4136 2408 4189 ep.
2448 4120 2570 4173 466.

1971 4186 2048 4257 (gi
2086 4192 2159 4242 lix
2200 4190 2284 4243 his
2307 4230 2319 4251 ,
2350 4186 2408 4242 ni
2440 4190 2617 4251 fallor,
2644 4188 2828 4243 verbis
2863 4187 3247 4241 Tillemontius
3282 4186 3507 4257 collegit

1899 4256 2163 4313 lsidorum
2192 4261 2259 4313 de
2280 4269 2497 4314 mortuo
2528 4258 2870 4328 Hermogene
2894 4258 3137 4311 locutum
3156 4273 3298 4312 esse.
3324 4256 3509 4320 Quare

1908 4330 2075 4384 verba
2106 4346 2279 4395 graeca
2314 4330 2864 4385 ascribere‘non‘ahs
2902 4344 2959 4383 re
2992 4331 3115 4383 erit.
3150 4331 3293 4382 Sunt
3318 4338 3507 4381 autem

1904 4400 2023 4470 haec
2066 4418 2078 4452 :
2111 4400 2271 4452 Ἐπεὶ
2318 4396 2414 4452 οὖν
2441 4402 2469 4452 ὁ
2503 4398 3273 4470 μὲννθεοφιλὴς-Ἑρμογένης
3306 4398 3508 4467 ὁμολο-

208 4486 350 4535 rcm,
380 4471 721 4541 expunxisse
750 4465 930 4541 tamen
970 4465 1380 4525 damnationem
1417 4469 1675 4541 Nestor-ii.
1714 4465 1798 4525 ita

1908 4469 2194 4541 γοῦςανητῇ
2231 4472 2399 4541 ἁρετῇ
2444 4465 2536 4541 xii.
2569 4469 2666 4538 τὴν
2700 4465 2859 4541 ego»;
2897 4465 3044 4537 ἔσχες

209 4540 323 4607 ipse
363 4540 598 4609 Cyrillus
621 4540 871 4608 queritur
906 4541 961 4593 in
991 4542 1186 4593 litteris
1220 4541 1288 4593 ad
1311 4541 1569 4609 Acacium
1602 4539 1800 4594 Meliti-

208 4608 439 4665 nensetn
509 4621 561 4664 et
627 4610 895 4663 Donatum
950 4609 1392 4677 Neapolitanum
1458 4608 1805 4679 episcopum.

211 4681 335 4736 ibet:
377 4681 543 4749 igitur
593 4680 778 4733 omnia
836 4680 1027 4734 videns
1077 4689 1133 4733 ct
1174 4680 1533 4735 considerans
1571 4696 1800 4749 magnus

211 4752 297 4805 die
327 4754 633 4805 monachus
665 4750 901 4804 Isidorus
938 4780 1003 4789 --
1037 4751 1406 4819 pateruojure
1439 4752 1587 4805 illum
1613 4754 1804 4806 admo-

211 4824 361 4884 nuit.
394 4830 448 4875 ut
490 4831 635 4875 esset
680 4820 924 4889 prudens
953 4832 1007 4873 et
1052 4831 1349 4876 Constans.
1406 4832 1463 4874 ut
1513 4837 1798 4876 sermones

212 4908 339 4945 suos
368 4893 717 4959 dispensaret
738 4894 788 4943 in
807 4890 1037 4957 judicio,
1072 4900 1133 4943 ut
1167 4906 1275 4943 non
1302 4892 1581 4946 videretur
1602 4894 1800 4947 docere

211 4962 518 5025 mutraria,
557 4970 615 5014 ut
647 4962 765 5015 istis
803 4961 1113 5016 rumoribus
1149 4977 1258 5015 non
1306 4962 1462 5016 daret
1510 4978 1675 5017 ansas
1706 4971 1802 5016 aut

213 5034 474 5087 fomenta.

281 5105 349 5172 (τ)
376 5102 552 5157 Verba
581 5102 764 5158 Grreca
787 5102 869 5156 sic
886 5117 944 5173 se
972 5102 1171 5173 habent
1200 5120 1212 5154 :
1240 5102 1358 5172 Χρὴ
1396 5118 1476 5167 σε,
1508 5102 1798 5173 θαυμάσιε,

212 5176 483 5242 ἄτρεπτον
523 5174 706 5241 μένειν
742 5175 849 5233 ἀεὶ,
891 5172 1015 5225 οὕτε
1054 5172 1205 5242 φόϐῳ
1240 5173 1555 5242 προδιδόντα
1588 5172 1657 5227 τὰ
1688 5174 1799 5225 οὐ·

216 5248 392 5314 ράνια,
430 5243 555 5296 οὕτε
595 5242 777 5313 σαυτῷ
823 5244 1064 5297 ἐναντίον
1100 5244 1443 5311 φαινόμενον.
1496 5245 1555 5296 Et
1588 5245 1697 5313 γὰρ
1728 5245 1798 5298 τὰ

213 5313 304 5369 Vina
336 5314 704 5388 γεγραμμένα
731 5330 814 5368 σοι
841 5317 950 5377 τοῖς
991 5313 1276 5386 προτέροις
1305 5314 1737 5381 ἁντεξετάσειας,
1765 5315 1798 5385 ἢ

1977 4544 2055 4603 (Ia)
2089 4540 2234 4604 Haec,
2274 4539 2334 4594 ni
2368 4539 2552 4595 Omnia
2584 4556 2669 4594 me
2708 4539 2900 4593 fallunt
2934 4541 3119 4602 verba,
3163 4539 3509 4593 induxerunt

1904 4609 2315 4665 Tillemontium
2340 4653 2355 4674 ,
2397 4620 2459 4664 ut
2508 4611 2651 4663 hanc
2684 4625 2785 4679 pro
2822 4626 2919 4664 sua
2958 4610 3233 4664 sententia
3281 4608 3512 4663 aﬁerret

1903 4681 2212 4749 epistolam.
2245 4682 2385 4735 Sunt
2410 4682 2739 4735 autem‘haee
2773 4700 2785 4734 :
2820 4681 3163 4749 Ἐπισκοπῆς
3185 4681 3241 4733 δὲ
3259 4680 3387 4744 ἄξια
3415 4679 3511 4732 καὶ

1905 4752 2189 4821 φρονήσας
2241 4754 2335 4805 καὶ
2389 4752 2640 4820 πράξας.
2691 4751 3019 4819 συνηϐὧσαν
3050 4750 3126 4819 τῷ
3175 4751 3356 4821 χρόνῳ
3406 4752 3508 4821 τὴν

1900 4820 2191 4886 δόξανκαὶ
2220 4824 2318 4891 τὴν
2350 4823 2517 4891 τιμὴν
2566 4822 2856 4891 κέκτηται.
2889 4853 2954 4861 —-
2982 4822 3152 4875 Codd.
3205 4820 3337 4875 νέης
3379 4820 3506 4874 650.

1901 4900 1958 4945 et.
1995 4891 2104 4945 Alt.
2142 4892 2399 4971 inserunt
2447 4893 2591 4971 inter
2631 4892 2956 4971 auvnfidioav
3007 4900 3059 4971 et
3104 4891 3181 4960 τῷ
3223 4892 3405 4971 χρόνῳ
3438 4921 3509 4930 -

1902 4963 2361 5033 συνακμὰζουσαν
2386 5003 2400 5026 ,
2434 4964 2579 5031 quod
2632 4965 2963 5015 vocabulum
3013 4961 3209 5033 Petrus
3241 4961 3509 5017 Pessinus

1900 5048 2033 5087 voce
2065 5036 2158 5085 καὶ
2188 5049 2310 5087 eum
2343 5034 2799 5095 antecedentibus
2816 5032 3263 5098 eoujungeudum
3291 5040 3503 5092 censet,

1900 5104 1975 5157 ita
2024 5112 2083 5157 ut
2130 5113 2276 5159 totus
2322 5104 2476 5157 locus
2514 5105 2594 5157 sic
2645 5118 2705 5158 se
2739 5103 2939 5157 habent
2984 5122 2996 5156 :
3037 5101 3361 5171 συνηϐὦεαν
3409 5101 3508 5153 καὶ

1906 5175 2371 5243 συνακμάζουσαν
2402 5173 2479 5243 τῷ
2508 5174 2709 5243 χρόνω.
2761 5174 3029 5243 Equidem
3082 5173 3310 5243 verbum
3375 5188 3506 5243 συγ-

1899 5241 2279 5315 ακμάςὸυσαν,
2301 5241 2681 5315 (ιυοάεᾶᾱυηι
2715 5241 2877 5301 codd.
2916 5244 3023 5308 illi,
3050 5242 3323 5315 glossema
3354 5241 3503 5298 arbi-

1913 5323 2050 5370 tror.
