3972 6398
513 378 573 444 31
1632 378 2084 443 ωΗΜΕΝΤΑΤ

2191 379 2297 443 us
2328 378 2522 443 PARS
2556 378 2639 441 ιι.
3698 351 3763 414 ³²

543 518 3586 552 ________________________________________.

1556 699 1904 812 PARS
1982 697 2688 812 SECUNDA.

1488 917 1578 975 DE
1634 919 1944 977 SCRIPTIS
2001 918 2251 976 ISIDORI
2301 916 2735 976 Ριιιυδιοτι.

584 1224 821 1280 lsidorus
863 1223 1133 1280 Pelusiota
1173 1232 1371 1295 pater
1428 1223 1706 1296 epistolas,
1765 1227 1833 1282 de
1877 1229 2074 1297 quibus
2102 1238 2146 1293 Α
2175 1228 2479 1283 exstiterint
2505 1226 2647 1291 libri,
2683 1241 2912 1296 quorum
2951 1224 3005 1278 in
3033 1224 3137 1279 hoc
3185 1231 3374 1278 contra
3419 1218 3687 1283 Graeca,
3723 1217 3779 1271 in

517 1317 690 1371 fusius
731 1331 952 1387 agemus
982 1322 1189 1385 postea.
1241 1315 1377 1370 alios
1422 1329 1659 1386 quoque,
1705 1317 1798 1386 qui
1842 1332 1950 1371 non
2009 1318 2074 1372 ad

515 1417 756 1461 nostram
822 1420 992 1476 usque
1044 1413 1409 1473 pervenerunt
1460 1412 1695 1470 rtatem,
1751 1407 2076 1476 conscripsit

517 1497 714 1558 libros;
739 1496 878 1564 quod
900 1504 957 1550 ut
981 1495 1272 1566 probemus
1303 1495 1369 1550 ad
1394 1493 1574 1550 Suidc
1616 1496 1689 1567 (ει)
1725 1506 1782 1551 et
1809 1495 2076 1566 Nicepho-

518 1587 560 1641 ri
592 1587 664 1656 (ὁ)
698 1586 1074 1640 auctoritatem
1114 1584 1358 1656 refugere
1393 1601 1500 1641 non
1538 1601 1761 1641 necesse
1788 1596 1893 1650 est,
1952 1602 2075 1641 cum

517 1681 632 1751 ipse
663 1682 730 1736 lit
744 1697 857 1735 rum
882 1695 1038 1736 suum
1069 1681 1316 1734 adversus
1346 1679 1550 1736 Graecos
1580 1680 1664 1735 bis
1696 1695 2078 1735 commemora-

516 1775 675 1828 verit.
700 1772 957 1829 Hermino
1001 1773 1143 1826 enim
1175 1771 1358 1827 comiti
1398 1771 1466 1840 (c)
1496 1770 1780 1841 quaerenti,
1821 1772 1913 1840 qui
1962 1771 2074 1834 iiat,

517 1873 576 1918 ut
597 1862 903 1917 hominibus
931 1860 1191 1932 improbis
1215 1867 1270 1915 et
1297 1860 1541 1914 scelestis
1577 1861 1874 1930 sepissime
1896 1862 2077 1921 omnia

516 1955 627 2010 sint
665 1953 924 2019 secunda,
978 1952 1132 2023 probi
1171 1961 1358 2007 contra
1412 1961 1468 2005 et
1499 1950 1698 2021 pietate
1729 1951 1967 2022 insignes
2017 1952 2070 2005 in

515 2048 875 2104 acerbissimis
895 2055 1177 2102 versentur
1198 2045 1354 2100 malis
1375 2053 1430 2099 et
1451 2045 1867 2107 calamitatibus,
1894 2047 2080 2100 rescri-

515 2139 636 2195 bit:
678 2154 736 2194 se
779 2137 1046 2193 dimeilem
1089 2137 1230 2192 hanc
1283 2135 1636 2207 quaestionem
1695 2137 1754 2189 tv
1808 2136 1884 2207 τῷ
1945 2142 2079 2205 πρὸς

517 2229 783 2300 Ἕλληνας
841 2228 1104 2298 γραφέντι
1147 2228 1307 2296 λόγῳ,
1363 2237 1625 2298 quantum
1676 2226 1792 2282 fieri
1874 2236 2076 2298 posset,

515 2321 757 2377 solvisse.
785 2320 920 2375 Eum
951 2319 1139 2373 eodem
1184 2319 1236 2373 in
1269 2319 1406 2373 libro
1432 2319 1484 2372 in
1525 2318 1835 2375 Graecorum
1891 2318 2081 2373 vatici-

515 2413 680 2466 nandi
712 2419 882 2464 artem
914 2410 1110 2464 acriter
1130 2409 1400 2463 invectum
1430 2424 1570 2473 esse,
1599 2410 1800 2464 scimus
1836 2425 1899 2464 ex
1928 2410 2082 2464 initio

516 2501 756 2573 epistolae
787 2502 904 2569 ejus
937 2500 1003 2553 ad
1052 2499 1378 2567 Harpocram
1412 2500 1704 2567 sophistam
1753 2498 1849 2569 id),
1897 2501 1952 2554 in
1976 2515 2080 2567 qua

517 2591 586 2646 de
614 2591 713 2644 hac
743 2605 800 2644 re
831 2590 882 2643 in
899 2589 1044 2643 hunc
1072 2589 1307 2658 loquitur
1333 2589 1549 2643 modum
1579 2607 1591 2642 :
1628 2589 1808 2659 Ὀτιὴ
1848 2590 2081 2659 μαντικὴ

519 2681 674 2742 ὕθλος
695 2677 758 2749 ἦν
778 2679 906 2748 παρ’
923 2679 1146 2747 Ἕλλησι
1168 2680 1261 2732 καὶ
1285 2682 1460 2749 μάτην
1480 2674 1806 2749 ὶθρυλλεττο,
1829 2680 2088 2733 δέδεικται

523 2772 624 2842 μέν
649 2787 736 2839 μοι
773 2772 832 2822 tv
861 2768 936 2838 τῷ
993 2771 1129 2837 πρὸς
1176 2769 1442 2838 Ἕλληνας
1469 2769 1629 2838 λόγῳ.
1661 2770 1882 2823 Constat
1931 2770 2090 2839 igitur

518 2874 643 2916 eum
687 2870 873 2916 contra
929 2859 1146 2915 Graecos
1195 2859 1308 2914 sive
1360 2860 1585 2929 gentiles
1617 2861 1991 2928 composuisse
2023 2860 2087 2912 li-

519 2953 698 3016 brum;
726 2950 818 3007 sed
846 2959 1024 3006 utrum
1048 2952 1132 3007 hic
1174 2951 1308 3005 liber
1335 2952 1402 3004 ab
1433 2950 1521 3004 illo
1556 2953 1685 3018 περὶ
1726 2949 1818 3002 τοῦ
1850 2950 1923 3020 μὴ
1953 2945 2091 3003 εἶναι

519 3044 883 3113 ιὶμαρμένην,
933 3059 1092 3112 quem
1138 3043 1192 3098 in
1228 3043 1328 3096 alia
1362 3043 1426 3096 ad
1464 3043 1713 3096 eumdem
1764 3041 2083 3096 llerminum

519 3134 742 3202 epistola
776 3137 842 3202 (c)
872 3133 1047 3193 adert.
1080 3133 1348 3195 diversus,
1384 3147 1450 3186 an
1480 3133 1620 3186 idem
1651 3133 1740 3197 sit,
1764 3148 1903 3186 nova
1939 3132 2088 3187 vide-

523 3224 869 3293 turiudigere
899 3223 1293 3291 disquisitione.
1336 3222 1596 3277 Eumdem
1633 3238 1752 3277 esse
1793 3224 2090 3278 arbitratur

521 3311 952 3367 Bitthershusius
980 3313 1043 3381 (fi
1065 3354 1078 3374 ,
1109 3328 1344 3381 quocum
1386 3313 1650 3382 Dupinius
1684 3313 1759 3381 (ῃ)
1793 3314 2085 3378 consentit,

523 3403 615 3471 qui
639 3418 700 3456 ex
732 3403 899 3472 ipsius
927 3403 1115 3457 lsidori
1142 3404 1320 3458 verbis
1345 3405 1490 3458 hunc
1521 3404 1693 3459 tribus
1710 3406 1952 3473 epistolis
1985 3405 2089 3459 illis

523 3494 589 3546 de
615 3509 720 3546 uno
750 3494 990 3562 ejusdem
1047 3496 1348 3564 argumenti
1403 3496 1539 3550 libro
1600 3497 1773 3566 egisse
1831 3497 2088 3551 audacter

525 3585 717 3652 arguit.
749 3584 916 3653 Negat
950 3584 1228 3640 Fabricius
1257 3587 1354 3654 (Ii),
1389 3587 1477 3655 qui
1511 3602 1574 3642 ex
1613 3596 1930 3658 argumento
1965 3588 2084 3642 libri

525 3676 768 3728 adversus
838 3674 1066 3744 (ἱνα-σοι,
1121 3694 1150 3731 a
1202 3694 1307 3742 me,
1373 3689 1640 3748 quantum
1703 3679 1816 3732 ileri
1887 3688 2086 3749 potest,

525 3766 786 3832 exposito,
819 3768 1145 3820 contrarium
1176 3767 1466 3838 colligit.-—
1501 3768 1607 3823 Sed
1651 3769 1884 3829 libellus.
1927 3784 2086 3838 quem

525 3853 759 3907 lsidorus
807 3855 879 3909 De
909 3856 1016 3915 fato
1071 3858 1306 3926 scripsit,
1357 3868 1544 3912 contra
1577 3860 1826 3913 ethnicos
1857 3860 2089 3927 scriptus

527 3946 643 4007 fuit,
673 3947 725 3998 in
753 3963 923 4016 eoque
967 3949 1103 4002 libro
1129 3960 1311 4004 contra
1339 3952 1582 4021 gentiles,
1633 3955 1684 4004 in
1709 3966 1835 4020 quo,
1873 3952 1948 4004 uti
1977 3951 2085 4018 jam
2115 3935 2157 3991 (ἶ

527 4035 778 4100 diximus,
825 4041 891 4091 de
927 4039 1135 4107 piorum
1188 4040 1466 4094 hominum
1497 4042 1734 4104 miseria,
1767 4056 2088 4110 pravorum-

525 4143 630 4197 que
660 4128 910 4183 felicitate
946 4130 1227 4199 agebatur,
1270 4140 1492 4199 optuma
1533 4133 1651 4186 sine
1687 4133 1850 4186 dubio
1881 4132 1946 4186 de
1978 4132 2087 4186 fato

529 4217 739 4270 dicendi
797 4218 894 4270 fuit
919 4217 1149 4271 oecasio.
1179 4248 1248 4257 —
1302 4218 1482 4284 Quare
1533 4237 1595 4274 ex
1647 4223 1930 4289 utriusque
1959 4221 2080 4275 libri

527 4317 844 4377 argumento
899 4308 1071 4378 colligi
1126 4325 1235 4364 non
1273 4310 1398 4364 licet
1446 4319 1736 4380 utrumque
1779 4312 1971 4364 librum
2005 4312 2085 4363 in-

529 4407 610 4452 ter
638 4414 695 4452 se
748 4398 912 4452 fuisse
959 4398 1270 4465 diversum;
1316 4416 1492 4469 neque
1531 4409 1712 4455 tamen
1753 4401 2084 4457 contrarium

528 4490 653 4544 inde
677 4492 929 4559 consequi
975 4490 1223 4546 lubenter
1273 4491 1464 4545 fateor.
1504 4491 1656 4557 Quod
1689 4492 1731 4544 si
1763 4508 1892 4545 vero
1937 4493 2086 4560 quis-

530 4580 671 4650 piam
729 4581 858 4633 mibi
887 4580 1122 4648 objiciat,
1170 4579 1431 4634 lsidorum
1467 4581 1602 4633 duos
1633 4581 1876 4634 attulisse
1921 4581 2085 4632 libro-

530 4687 649 4725 rum
697 4672 896 4735 titulos,
959 4685 1086 4741 ergo
1140 4685 1363 4725 necesse
1421 4686 1541 4725 esse
1593 4680 1650 4724 ut
1707 4674 1816 4726 duo
1875 4688 2089 4741 quoque

603 4847 678 4914 (a)
701 4847 861 4919 Suid.
895 4845 1177 4918 Ἰσίδωρος,
1203 4847 1395 4917 inquit,
1418 4876 1488 4885 —
1507 4848 1795 4912 ιπιστολὰς
1822 4849 2086 4919 γέγραφε,

533 4920 626 4971 καὶ
662 4917 794 4970 ἄλλα
828 4919 964 4970 τινὰ.

603 4987 673 5050 (b~
723 4985 944 5050 Nicepb.
979 4989 1115 5040 Hist.
1162 4988 1283 5041 ccci.
1330 4987 1424 5044 lib.
1457 5004 1564 5045 xrv.
1599 5003 1714 5055 cap.
1747 4989 1850 5042 b3:
1881 4989 1987 5039 Καὶ
2019 4989 2081 5056 δὴ

533 5057 699 5128 «ciC/1
728 5057 826 5128 p'sv
852 5057 998 5128 αὑτῷ
1034 5060 1081 5128 ἑῇ
1104 5057 1244 5128 (adem
1270 5057 1530 5126 ὠφελείας
1564 5058 1781 5128 ἁπάσης
1823 5058 2042 5126 ἐμπλεω
2071 5075 2081 5085 ’

537 5126 766 5193 μάλιστα
787 5125 841 5176 δὲ
873 5126 1169 5178 ἐπιστολαί.

605 5196 671 5262 (c)
699 5194 810 5245 Lib.
847 5211 904 5256 ιι,
937 5211 1023 5262 ep.
1061 5195 1177 5248 187.

608 5265 682 5334 (d)
709 5262 825 5334 Lib.
860 5279 918 5323 tt,
945 5282 1032 5333 ep.
1065 5266 1188 5318 2‘28.

606 5336 673 5399 (ρ)
717 5333 838 5386 Lib.
871 5350 952 5396 ιιι,
981 5350 1066 5401 ep.
1099 5334 1225 5388 255.

607 5403 670 5470 (γ’)
700 5402 1092 5473 Ιίιιιιιιεὶιιιείιιε
1117 5404 1166 5455 in
1195 5403 1336 5457 notis
1361 5405 1427 5458 ad
1458 5421 1544 5473 cp.
1573 5408 1689 5460 157.
1715 5406 1806 5459 lib.
1837 5422 1896 5458 ll.
1928 5406 2086 5460 Liber

536 5483 718 5544 contra
756 5471 968 5527 Grrecos
999 5474 1238 5544 fortassis
1271 5474 1412 5527 idem
1441 5471 1545 5534 est.
1585 5476 1778 5544 inquit,
1809 5491 1928 5529 cum
1963 5492 2081 5529 ora-

537 5541 894 5613 tione._quam
933 5553 1117 5613 contra
1143 5542 1309 5596 fatum
1342 5546 1582 5613 scripsit.

612 5611 683 5676 ('g)
721 5611 794 5684 Du
825 5611 920 5664 Pin
949 5611 1081 5684 Bibl.
1107 5614 1394 5684 au__ct._ech
1431 5611 1557 5684 tom.
1601 5613 1738 5677 Xlil,
1765 5630 1816 5682 p.
1849 5631 1909 5674 ll,
1948 5631 1999 5684 p.
2034 5618 2085 5677 ὁ,

539 5688 650 5732 not.
695 5695 738 5738 c,
770 5681 883 5733 brcc
907 5682 1093 5734 scribit
1122 5699 1132 5734 :
1162 5681 1195 5733 ll
1227 5682 1331 5734 cite
1353 5683 1400 5734 le
1433 5683 1613 5738 Traité
1640 5685 1711 5738 du
1743 5681 1919 5738 dcstin
1950 5681 2089 5738 dans

539 5747 586 5810 is
613 5747 768 5804 lettrc
787 5751 910 5815 255,
932 5751 1002 5805 du
1031 5751 1162 5809 livre
1198 5765 1273 5804 ιιι.
1296 5749 1355 5804 Je
1376 5768 1438 5806 ne
1465 5753 1510 5806 lc
1536 5755 1672 5808 crois
1709 5771 1804 5823 pas
1839 5754 2088 5809 diﬁérent

2181 1319 2270 1373 illo
2317 1319 2384 1373 de
2430 1317 2538 1372 fato
2579 1318 2769 1388 egerit,
2822 1316 3092 1385 duplicem
3167 1314 3315 1369 hunc
3387 1312 3626 1366 titulum
3682 1307 3782 1362 uni

2181 1411 2462 1480 eidemque
2515 1409 2650 1463 libro
2690 1411 2826 1463 bene
2877 1408 3168 1462 convenire
3200 1421 3361 1473 posse
3425 1400 3781 1470 respondeo,

2181 1498 2470 1554 dummodo
2483 1497 2809 1566 accipiamus
2828 1495 3089 1548 lsidorum
3120 1494 3278 1559 λόγον
3303 1491 3438 1560 πρὸς
3477 1489 3784 1553 Ἕλληνας

2183 1593 2308 1661 περὶ
2329 1590 2424 1642 τοῦ
2463 1590 2534 1659 μὴ
2567 1587 2704 1650 sint
2733 1589 3074 1657 ιιμτιρμινην
3107 1584 3408 1639 confecisse
3447 1582 3536 1648 (ἰ).
3595 1581 3786 1646 Atque

2181 1682 2324 1751 quod
2355 1679 2510 1734 affert
2564 1676 2915 1731 Heumannus
2963 1674 3064 1743 υ).
3114 1671 3205 1742 qui
3249 1670 3319 1723 ob
3372 1668 3425 1722 id
3461 1669 3683 1735 ipsum,
3724 1667 3788 1715 ut

2183 1773 2302 1841 ejus
2337 1779 2458 1824 utar
2504 1767 2705 1830 verbis,
2737 1764 2880 1834 quod
2920 1763 3120 1817 librum
3151 1761 3217 1816 de
3255 1759 3366 1814 fato
3395 1757 3650 1824 λογίδιον
3679 1767 3784 1823 po-

2186 1864 2292 1916 tius
2320 1875 2481 1930 quam
2519 1858 2674 1926 λόγον
2708 1854 3008 1909 vocandum
3043 1860 3231 1907 censet
3270 1849 3532 1906 lsidorus.
3576 1847 3654 1900 ab
3689 1845 3783 1898 illo

2183 1968 2343 2024 quem
2395 1959 2583 2006 contra
2641 1948 2856 2003 Gracos
2903 1946 3138 2015 scripsit,
3199 1944 3280 1998 bis
3328 1942 3487 2010 λόγου
3539 1939 3786 1993 nomine

2183 2054 2455 2106 ornatum,
2495 2042 2767 2096 diversum
2815 2052 2936 2092 esse
2986 2037 3192 2091 statuit.
3247 2048 3354 2088 non
3405 2030 3589 2100 magni
3653 2042 3784 2083 mo-

2185 2135 2351 2190 menti
2399 2142 2502 2189 est.
2555 2131 2687 2186 Nam
2741 2129 2981 2184 lsidorus
3021 2127 3088 2183 ab
3141 2125 3402 2180 Hermino
3432 2131 3786 2191 magnopere

2185 2227 2452 2287 laudatus,
2506 2240 2605 2294 pro
2650 2221 2868 2290 insigni,
2921 2235 3026 2289 qua
3056 2216 3326 2279 excelluit,
3359 2214 3635 2268 modestia
3677 2209 3782 2278 (ἑ).

2187 2319 2384 2374 librum
2418 2331 2576 2371 suum
2612 2315 2713 2369 etsi
2745 2313 2903 2380 λόγου
2964 2310 3184 2364 nomine
3250 2307 3473 2375 dignum
3530 2301 3784 2370 λογίδιον

2186 2407 2459 2476 appellare
2488 2403 2680 2473 potuit.
2712 2402 2890 2467 Quare
2927 2398 3011 2452 bis
3047 2395 3303 2452 omnibus
3337 2393 3549 2462 probari
3574 2389 3784 2460 nequit

2189 2499 2373 2553 lsidori
2404 2498 2647 2550 adversus
2674 2492 2882 2545 θνατοί
2916 2490 3266 2559 scriptionem
3309 2503 3338 2540 a
3376 2486 3513 2539 libro
3544 2485 3625 2538 De
3656 2484 3782 2550 [ato

2116 2584 2453 2645 Bdiversam
2499 2601 2638 2641 esse.
2684 2583 2844 2650 Quid,
2896 2581 2940 2634 si
2995 2581 3116 2649 quis
3143 2586 3450 2648 propterea,
3505 2575 3778 2645 quoniam

2191 2691 2436 2750 utraque,
2493 2694 2554 2733 ea
2610 2676 2816 2730 scilicet
2858 2688 3017 2742 quam
3071 2671 3247 2740 primo
3293 2677 3348 2723 et
3407 2669 3570 2722 tertio
3649 2669 3781 2722 loco

2191 2770 2546 2833 laudavimus,
2589 2765 2837 2835 epistola,
2871 2763 2937 2816 ad
2986 2761 3238 2815 eumdem
3276 2759 3415 2813 datze
3447 2767 3578 2812 sunt
3625 2757 3776 2812 Her-

2191 2863 2420 2924 minum,
2445 2857 2773 2914 contrarium
2814 2853 3144 2908 contendere
3176 2859 3232 2904 et
3271 2850 3502 2920 probare
3537 2861 3778 2904 conare-

2193 2952 2317 3004 tur?
2373 2949 2564 3003 Posset
2609 2946 2756 3000 enim
2807 2958 2915 2997 non
2964 2942 3032 2995 ab
3083 2940 3232 2994 omni
3286 2937 3776 2993 verisimilitudine

2191 3041 2420 3096 alienam
2461 3039 2746 3093 instituere
2795 3033 3258 3088 ratiocinationem
3302 3031 3610 3099 huiusmodi
3645 3048 3657 3084 :
3699 3026 3776 3084 Ut

2192 3148 2318 3188 cum
2386 3146 2451 3185 ex
2489 3130 2576 3182 illa
2625 3128 2749 3182 iibri
2796 3125 3015 3181 secundi
3047 3124 3111 3178 ad
3169 3123 3485 3176 llerminum
3535 3119 3774 3192 epistola

2191 3233 2462 3294 appareat,
2501 3220 2763 3274 lsidorum
2799 3217 3057 3271 Hermino
3092 3215 3191 3284 ipsi
3225 3215 3586 3284 qumstionem
3629 3228 3770 3284 pro-

2189 3312 2412 3383 ponenti
2459 3309 2825 3378 respondisse,
2887 3321 2944 3359 se
2998 3306 3065 3359 de
3106 3305 3207 3358 bac
3247 3318 3304 3356 re
3352 3303 3524 3356 fusius
3554 3303 3666 3370 jam
3713 3301 3772 3355 in

2190 3404 2328 3458 libro
2383 3405 2628 3454 adt-emis
2687 3398 2894 3453 (ἳνα-τοι
2952 3396 3146 3465 egisse,
3203 3395 3341 3448 nihil
3397 3393 3768 3448 verosimilius

2191 3495 2278 3557 sit,
2311 3508 2468 3561 quam
2501 3491 2670 3550 illum,
2703 3490 2786 3542 cui
2825 3496 3072 3541 accurata
3103 3487 3418 3555 quaestionis
3447 3484 3769 3553 dijudicatio

2193 3594 2410 3652 accepta
2440 3597 2559 3636 esse
2591 3580 2796 3636 debuit.
2830 3579 3024 3633 blande
3054 3594 3083 3631 τι
3115 3577 3364 3631 familiari
3396 3592 3495 3630 suo
3523 3591 3767 3647 rogasse,

2191 3689 2250 3734 ut
2280 3680 2473 3732 librum
2507 3677 2656 3730 illum
2687 3676 2947 3728 mitteret.
2983 3673 3168 3740 Neque
3201 3673 3366 3730 hunc.
3401 3680 3459 3724 ut
3488 3686 3550 3724 ex
3595 3671 3770 3723 altera

2189 3771 2256 3824 ad
2312 3768 2629 3822 llerminum
2687 3766 2910 3834 epistola
2969 3764 3312 3824 videremus,
3374 3778 3564 3830 preces
3621 3761 3771 3814 illius

2190 3861 2524 3931 repudiasse,
2568 3858 2660 3911 sed
2703 3858 2914 3932 misisse
2961 3872 3065 3910 una
3098 3871 3218 3909 cum
3254 3854 3334 3907 bis
3364 3854 3558 3907 litteris
3603 3867 3770 3922 quem

2193 3953 2280 4006 ille
2312 3951 2636 4021 postulasset
2663 3950 2952 4002 librum.—
2981 3947 3110 4012 Quae
3140 3945 3407 4001 sententia
3438 3945 3538 3998 etsi
3591 3945 3772 4013 primo

2194 4041 2409 4109 quidem
2440 4042 2629 4094 obtutu
2660 4038 2939 4107 placuerit,
2983 4046 3162 4090 tamen
3193 4038 3285 4106 qui
3331 4045 3541 4090 attento
3581 4035 3772 4088 animo

2193 4131 2312 4185 libri
2345 4132 2486 4184 tertii
2519 4131 2586 4184 ad
2627 4129 2944 4182 llerminum
2993 4129 3197 4182 litteras
3239 4128 3546 4197 perlegerit,
3584 4128 3630 4182 is
3654 4136 3770 4181 sta-

2192 4223 2287 4293 tim
2345 4222 2568 4290 rejiciet.
2631 4219 2718 4274 Eae
2776 4219 2920 4272 enim
2983 4219 3068 4272 bis
3129 4221 3482 4273 continentur
3533 4218 3767 4271 verbis:

2197 4333 2214 4364 ι
2235 4313 2496 4377 Quoniam
2530 4310 2788 4376 scripsisti
2815 4326 2900 4364 me
2931 4326 3105 4379 nuper
3133 4312 3369 4364 libellum
3390 4312 3456 4365 de
3487 4309 3595 4364 fato
3615 4327 3772 4366 coin-

2193 4405 2458 4472 posuisse,
2489 4405 2578 4472 qui
2624 4404 2690 4457 ab
2733 4404 2852 4457 aliis
2897 4402 3104 4472 magnis
3147 4401 3397 4456 laudibus
3450 4403 3515 4457 ad
3567 4403 3770 4457 omium

2194 4508 2363 4561 usque
2405 4493 2595 4552 elatus,
2643 4493 2710 4545 ab
2748 4492 2867 4544 aliis
2923 4490 3196 4552 omnibus,
3257 4491 3309 4543 in
3367 4492 3566 4560 quibus
3623 4492 3770 4544 idem

2194 4592 2454 4637 tractetur
2479 4593 2874 4654 argumentum,
2895 4583 3300 4651 scriptionibus,
3334 4584 3403 4636 sit
3421 4583 3771 4652 prapositus.

2193 4673 2449 4744 quoniam
2496 4683 2555 4727 ut
2593 4674 2740 4726 hunc
2780 4673 2980 4726 librum
3012 4674 3076 4727 ad
3109 4683 3162 4727 te
3205 4674 3479 4726 mitterem
3512 4683 3769 4742 precatus

2192 4847 2261 4901 du
2296 4848 2472 4901 Traité
2492 4859 2665 4901 contra
2699 4848 2772 4903 lea
2794 4847 2991 4902 Ccntils
3024 4850 3128 4904 cilé
3155 4850 3289 4903 dans
3320 4850 3400 4904 les
3422 4851 3609 4905 lettres
3640 4851 3761 4913 137.

2193 4928 2248 4971 et
2288 4920 2407 4978 2'28,
2435 4920 2504 4971 du
2533 4936 2586 4971 ιι.
2623 4919 2774 4980 livre,
2805 4935 2963 4988 parce
2991 4936 3094 4987 que
3126 4935 3186 4972 re
3209 4920 3339 4988 qu‘il
3375 4937 3441 4975 en
3468 4922 3546 4976 dit
3571 4937 3639 4975 en
3671 4937 3766 4978 ce!

2195 4990 2436 5041 endroits
2469 4990 2690 5054 rcgarde
2713 4991 2757 5042 la
2787 4993 2961 5042 meme
2997 4991 3242 5044 matiére.

2264 5060 2336 5123 (li)
2372 5059 2699 5112 Fabricius].
2731 5077 2778 5112 c.
2803 5077 2852 5126 p.
2886 5060 3010 5112 256.

2267 5131 2328 5190 (ί)
2366 5129 2435 5203 Ita
2471 5130 2684 5203 videtur
2710 5129 3239 5203 scripsissc_Du_pinius
3271 5131 3359 5203 qui
3386 5131 3582 5188 l.c.:|l
3615 5136 3764 5203 parte

2195 5198 2496 5267 lui-indute,
2534 5201 2725 5267 inquit,
2768 5201 2894 5252 d'un
2942 5200 3115 5253 Traité
3157 5203 3227 5255 du
3266 5198 3433 5255 destiti
3482 5198 3660 5258 contra
3691 5205 3764 5259 les

2124 5253 2166 5307 D
2197 5266 2391 5320 Gentii:
2412 5302 2425 5317 .

2270 5340 2334 5406 (j)
2373 5337 2672 5418 Heilmann.
2703 5338 2838 5391 Diss.
2870 5340 2932 5391 de
2971 5339 3097 5392 Isid.
3135 5340 3244 5420 Pe].
3288 5341 3386 5464 P6,
3503 5343 3556 5398 9.

2274 5409 2344 5464 (Β)
2373 5408 2455 5460 Ci.
2478 5410 2568 5460 lib.
2595 5427 2661 5464 tv.
2687 5426 2770 5464 cu.
2792 5410 2877 5464 60.
2901 5425 2949 5464 D.
2980 5408 3198 5464 H6.lit.
3221 5414 3259 5464 A
3309 5430 3380 5464 ιιι.
3475 5431 3556 5464 :—

2274 5409 2344 5477 (k)
2373 5408 2455 5460 Ci‘.
2478 5410 2568 5460 lib.
2595 5427 2661 5466 tv,
2687 5426 2770 5476 cp.
2792 5410 2877 5466 60.
2901 5425 2949 5475 p.
2980 5408 3198 5470 H6,lit.
3221 5414 3259 5464 A
3288 5408 3380 5464 [ιιι.
3413 5408 3444 5462 8
3475 5431 3580 5464 :-—-
3602 5414 3762 5477 Ἴσως

2195 5477 2300 5546 γὰρ
2323 5481 2365 5529 si
2387 5479 2477 5528 καὶ
2499 5479 2553 5527 ἐν
2578 5479 2746 5546 τούτῳ
2774 5480 3240 5546 πλεονεκτορῖιντπι,
3264 5485 3318 5532 ἐν
3347 5483 3525 5545 ἄλλοις
3557 5485 3746 5536 πλεον-

2201 5543 2438 5609 exsatiet,
2497 5548 2588 5599 καί
2618 5543 2734 5600 τινὰ
2764 5550 3012 5616 ἐνόησαν,
3043 5543 3114 5600 ὧν
3135 5543 3293 5611 αὐτὸς
3315 5552 3420 5603 οὐδ’
3454 5543 3530 5614 ei;
3556 5553 3761 5606 ἔννοιαν

2194 5618 2493 5692 ἀφιζόμῃν.
2545 5616 2792 5692 Ejusdem
2848 5620 3379 5692 insententiissuis
3424 5625 3759 5692 exponendis

2197 5688 2455 5809 Ytﬁdelstga
2485 5687 2764 5743 manifesta
2797 5699 2877 5741 est
2907 5690 2959 5741 in
2993 5706 3077 5757 ep.
3113 5690 3197 5747 85.
3227 5691 3318 5743 lib.
3353 5707 3409 5754 li,
3443 5687 3526 5761 ep.
3562 5694 3680 5754 ili,
3707 5702 3762 5745 et

2307 5797 2318 5809 .
2373 5773 2383 5807 I
2433 5797 2446 5809 .
2473 5772 2539 5809 Iv.
2576 5787 2643 5799 -

2307 5797 2318 5820 ,
2353 5772 2446 5810 ιιι).
2473 5772 2539 5809 tv.
2576 5787 2643 5799 -
