3972 6416
137 424 199 485 37
1234 401 1332 463 DE
1373 394 1715 460 SCRIPTIS
1754 391 2047 454 ISIDORI
2082 388 2343 452 PELUS.
3339 378 3414 442 38

136 533 424 607 graphicis,
455 529 621 585 etiam
657 526 760 582 hoc
791 521 1212 593 vituperandum
1240 526 1345 583 est,
1377 510 1524 586 quod
1547 511 1718 568 stellae
1745 518 1793 573 Α
1818 507 2107 578 Scriptura:
2145 505 2489 576 epistolarum
2544 504 2703 557 editio
2737 502 2911 571 prima
2975 498 3165 557 Veneta
3215 494 3413 549 Latina

134 626 371 700 quidem,
387 620 587 691 quibus
612 616 1012 674 Bittershusius
1049 615 1103 667 in
1128 610 1389 665 Bavarico
1420 607 1607 664 codice
1629 612 1725 657 aut

136 697 301 775 unum
324 725 421 771 aut
442 714 726 781 complura
753 709 933 764 addita
967 721 1087 761 esse
1120 702 1385 759 vocabula
1420 697 1724 771 signiﬁcare

133 810 318 871 voluit,
355 808 411 861 in
441 816 649 861 textum
671 808 902 869 recepta:
951 806 1114 861 sunt;
1145 809 1323 865 neque
1354 803 1535 847 tamen
1590 788 1726 843 scri-

133 915 303 974 ptume
349 898 644 952 diversitas
684 902 770 948 est
811 891 1067 945 indicata.
1110 888 1215 954 Qui
1264 886 1466 939 factum
1517 892 1622 946 est,
1666 891 1727 934 ut

134 995 324 1048 Petrus
348 990 615 1044 Pessinus
640 989 695 1039 in
744 984 901 1047 libro,
949 982 1017 1036 de
1051 996 1158 1050 quo
1190 978 1455 1034 continuo
1476 988 1719 1045 agemus,

136 1086 283 1139 hisce
346 1081 526 1137 stellis
575 1080 798 1131 lacunas
846 1072 1078 1128 indicari
1133 1070 1447 1131 arbitratus,
1494 1066 1729 1135 glossam

135 1192 230 1246 pro
278 1189 409 1228 vera
459 1171 736 1239 scriptura
792 1166 992 1234 saepius
1031 1161 1303 1216 habuerit.
1347 1158 1523 1211 Simili
1563 1155 1729 1209 modo

136 1243 279 1327 unci.
308 1278 450 1333 quos
470 1267 641 1322 certo,
681 1256 760 1309 uti
794 1263 954 1308 antea
984 1252 1187 1306 dictum
1222 1258 1325 1312 est,
1357 1245 1584 1300 consilio
1628 1243 1727 1296 ad-

138 1355 310 1410 hibuit
360 1349 788 1411 liittersbusius,
838 1345 891 1398 in
940 1344 1041 1397 hac
1071 1341 1310 1397 editione
1347 1348 1551 1393 temere
1574 1347 1730 1388 rece—

135 1447 207 1517 pti
233 1445 491 1498 videntur
522 1457 663 1496 esse.

199 1538 476 1591 Cd'lel’lllll
524 1547 717 1587 omnes
760 1529 945 1585 lsidori
994 1525 1242 1597 epistolae
1291 1531 1510 1593 exstant
1540 1519 1732 1574 Latine

136 1637 342 1683 uatum
376 1626 435 1677 in
475 1621 711 1677 maxima
758 1617 1096 1674 Bibliotheca
1128 1614 1243 1670 νγ.
1277 1613 1383 1668 PP.
1432 1623 1565 1667 tom.
1617 1610 1729 1675 Vll,

134 1737 187 1790 ι).
216 1717 474 1773 199—802.

205 1832 313 1887 Sed
353 1832 546 1885 Ronue
596 1826 923 1899 prodierunt
955 1838 1101 1878 anno
1132 1818 1268 1874 1670
1295 1815 1601 1871 ιείάογίαηω
1626 1812 1733 1865 col-

138 1927 383 1988 lationes,
423 1924 612 1993 quibus
639 1919 698 1974 S.
743 1918 935 1979 [sideri
983 1916 1264 1970 Pelusiotae
1302 1909 1533 1979 epistola:
1557 1920 1732 1960 omnes

138 2019 389 2072 hactenus
445 2014 602 2067 editae
652 2025 771 2062 cum
838 2006 1015 2059 multis
1060 2001 1293 2070 antiquis
1341 1997 1552 2065 optima:
1601 2000 1734 2046 nota:

138 2127 297 2163 manu
327 2106 542 2175 scriptis
568 2100 831 2155 codicibus
870 2104 1269 2167 comparantur,
1297 2099 1344 2143 et
1371 2090 1490 2141 inde
1526 2085 1735 2139 circiter

140 2205 213 2259 bis
240 2201 388 2257 mille.
421 2200 550 2253 locis
581 2194 890 2265 supplentur
916 2198 1007 2245 aut
1033 2190 1402 2243 emendantur.
1435 2181 1517 2234 Ea:
1545 2176 1735 2231 biblio-

144 2302 281 2349 theca
324 2292 651 2347 Barberina.
677 2285 901 2340 Curavit
945 2282 1092 2337 enim
1133 2276 1457 2332 Franciscus
1486 2271 1735 2327 cardina-

141 2392 205 2447 lis
233 2387 575 2443 Barberiuus
634 2397 732 2451 per
766 2378 970 2442 virum,
1006 2385 1066 2429 ut
1117 2372 1191 2427 ait
1234 2372 1326 2441 qui
1361 2366 1619 2439 praefatus
1658 2374 1739 2418 est

143 2482 335 2538 Petrus
370 2477 660 2533 Pessinus.
700 2470 1025 2525 eruditionis
1051 2464 1287 2524 eximiae,
1314 2475 1470 2514 suum
1507 2468 1636 2511 tunc
1661 2455 1741 2508 fa-

144 2575 434 2635 miliarem,
492 2568 585 2620 τὸν
641 2562 951 2636 μακαρίτην
1008 2556 1390 2613 Fransciscum
1441 2548 1739 2604 Arcudium

143 2668 393 2723 Graecum
455 2659 773 2716 Calabrum,
818 2662 1005 2723 postea
1060 2648 1373 2719 episcopum
1405 2642 1738 2703 Nuscanum,

146 2776 266 2814 cum
299 2772 401 2810 sex
431 2750 656 2822 optimis
691 2745 1070 2817 antiquissima
1099 2755 1261 2795 manu
1293 2735 1510 2804 scriptis
1538 2731 1742 2787 codici-

148 2856 264 2913 bus,
296 2847 519 2903 duobus
572 2841 861 2904 Vaticanis,
925 2835 1150 2891 totidem
1201 2827 1589 2890 Altaemsibus,
1638 2838 1745 2877 uno

148 2942 447 3000 Sfortiano,
482 2930 980 2992 sextozBarberino
1017 2924 1381 2982 conferendas
1416 2917 1746 2974 lsidorianas

149 3050 335 3091 omnes
368 3031 657 3109 epistolas,
694 3033 883 3081 exacte
919 3018 1170 3089 ascriptis
1195 3032 1293 3087 per
1323 3012 1597 3083 margines
1628 3007 1745 3063 edi-

151 3125 309 3180 tionis
338 3099 669 3175 Pari‘siensis
698 3116 862 3170 variis
892 3110 1223 3167 lectionibus
1262 3116 1316 3161 et
1351 3099 1748 3173 supplementis

1829 601 2038 653 auctior
2090 608 2140 652 et
2177 597 2522 652 emendation
2586 595 2684 651 Cui
2736 604 2927 662 printer
2968 600 3119 646 notas
3179 589 3417 646 Cunradi

1826 690 2160 745 Rittershusii
2181 700 2229 742 et
2255 688 2477 742 Andreae
2493 686 2693 741 Scltotti
2710 686 3043 754 adjiciuntur
3066 694 3114 737 et
3138 692 3272 736 nam:
3296 682 3419 736 alia,

1827 794 1891 831 ex
1940 776 2252 832 Isidort‘anis
2277 774 2655 831 Collationibus
2686 773 2834 827 Petri
2882 772 3093 827 Possini
3134 773 3420 842 diligenter

1829 878 2101 936 excerptw.

1902 959 1960 1013 lu
2005 955 2091 1012 his
2147 956 2343 1012 lsidori
2393 956 2749 1019 editionibus,
2794 955 3158 1011 Parisiensem
3212 954 3336 1009 dico
3366 960 3421 1007 et

1834 1047 2122 1111 Venetam.
2156 1062 2370 1102 excusas
2411 1054 2539 1102 sunt
2569 1048 2810 1117 epistola:
2842 1048 2927 1103 bis
2956 1048 3104 1103 mille
3132 1056 3187 1102 et
3214 1044 3423 1101 duode-

1833 1138 2221 1193 cim—Liber
2254 1138 2399 1193 enim
2432 1138 2642 1207 primus
2672 1138 2998 1208 quingentas
3039 1137 3283 1193 continet
3318 1134 3420 1206 (α),

1838 1231 2113 1286 secundus
2144 1240 2437 1291 trecentas,
2473 1230 2669 1292 tertius
2698 1230 3127 1301 quadringentos
3154 1238 3210 1285 et
3240 1220 3425 1283 trede-

1834 1324 1961 1384 cim.
1990 1332 2217 1393 quartus
2261 1323 2527 1376 ducentas
2555 1331 2609 1375 et
2639 1322 2883 1403 triginta,
2919 1330 2974 1375 et
3003 1321 3227 1390 quintus
3261 1320 3425 1389 quin-

1826 1420 2025 1481 gentas
2055 1411 2333 1481 sexaginta
2373 1424 2593 1464 novem.
2622 1408 2782 1464 Errat
2810 1410 2976 1480 igitur
3010 1419 3199 1462 auctor
3221 1423 3427 1479 anony-

1837 1518 1960 1557 mus
1988 1501 2237 1556 Historia:
2258 1501 2781 1570 ecclesiasticm,quze
2829 1500 3031 1571 prodiit
3056 1500 3293 1553 Colonia:
3328 1498 3426 1567 (ὑ),

1837 1595 1927 1662 qui
1951 1594 2139 1649 lsidori
2171 1594 2525 1663 epistolarum
2550 1594 2658 1648 duo
2690 1593 2854 1647 millia
2886 1601 3106 1646 centum
3133 1602 3429 1661 etseptua‘

1838 1691 1986 1760 ginta
2032 1704 2227 1743 novem
2277 1685 3430 1755 excusasopinatur.Errantlgnatiusllya-

1838 1782 2058 1837 cinthus
2103 1782 2169 1835 de
2201 1779 2599 1849 Graveson(c).
2641 1778 2853 1833 Caveus
2897 1786 2953 1831 et
2984 1776 3281 1838 Fabricius.
3338 1775 3431 1845 qui

1768 1857 1807 1916 Β
1836 1890 2027 1931 omnes
2056 1874 2249 1928 lsidori
2298 1872 2669 1943 epistolasbis
2702 1870 2847 1924 mille
2876 1878 2931 1923 ct
2962 1868 3222 1923 tredecim
3255 1882 3420 1922 excu-

1839 1982 1925 2023 sas
1961 1982 2089 2021 esse
2132 1966 2494 2020 affirmarunt.
2528 1963 2630 2030 Qui
2662 1963 2859 2017 horum
2890 1962 3132 2016 virorum
3169 1977 3325 2015 error
3365 1976 3435 2016 ex

1835 2076 1905 2117 eo
1936 2059 2126 2130 procul
2155 2059 2320 2113 dubio
2352 2066 2515 2111 natus
2563 2064 2667 2120 est,
2702 2055 2846 2124 quod
2880 2053 3144 2109 Schottus
3189 2053 3435 2123 epistola:

1841 2151 2295 2223 quingentesima;
2330 2148 2682 2218 sexagesima:
2710 2162 2894 2206 nona.
2926 2161 3048 2215 «tuae
3088 2146 3209 2200 libri
3257 2145 3437 2214 quinti

1841 2252 2119 2313 postrema
2174 2249 2279 2303 est,
2314 2238 2550 2307 subjecit
2581 2250 2743 2292 unam
2773 2236 2953 2307 quarti
2970 2235 3095 2291 libri
3124 2251 3155 2289 a
3211 2249 3269 2291 se
3317 2234 3437 2291 edi-

1844 2341 1949 2387 tam
1984 2331 2341 2387 emendatius
2390 2330 2491 2399 (ό).

1917 2446 2025 2503 Sed
2056 2446 2100 2501 si
2131 2460 2197 2501 ex
2230 2446 2314 2501 his
2337 2444 2591 2516 colligere
2619 2443 2792 2499 velles
2810 2458 2914 2499 nos
2941 2443 3027 2499 bis
3058 2442 3201 2498 mille
3230 2453 3285 2499 et
3311 2443 3441 2498 duo-

1846 2541 2022 2595 decim
2074 2538 2265 2593 lsidori
2298 2536 2560 2608 epistolas
2590 2536 2795 2591 habere
2826 2535 3169 2605 superstites,
3220 2551 3340 2604 quze
3368 2543 3443 2605 ty-

1848 2633 1933 2703 pis
1964 2645 2179 2686 excusa:
2208 2630 2341 2691 sint.
2379 2629 2525 2684 haud
2557 2629 2723 2684 dubie
2744 2628 2799 2683 in
2829 2643 3072 2683 errorem
3106 2628 3437 2683 incurreres.

1847 2723 2113 2779 Pra'clare
2162 2721 2337 2776 extim.
2370 2737 2399 2776 a
2434 2720 2785 2775 Tillemontio
2820 2720 2887 2787 (ε)
2925 2719 3275 2773 observatum
3333 2727 3438 2783 est.

1848 2832 2012 2872 unam
2046 2815 2098 2869 in
2132 2816 2266 2870 duas
2299 2829 2698 2883 nonnunquam
2730 2813 3057 2883 discerptam
3089 2826 3209 2867 esse
3235 2811 3439 2884 epism-

1849 2909 1980 2969 lam,
2006 2909 2155 2963 velut
2184 2908 2307 2962 libri
2342 2924 2394 2961 Iv
2424 2923 2513 2976 ep.
2550 2906 2655 2960 206
2678 2914 2732 2959 et
2760 2906 2886 2971 207,
2912 2915 2967 2959 et
2994 2905 3115 2960 libri
3151 2922 3165 2960 t
3214 2922 3301 2976 ep.
3336 2906 3438 2961 271

1850 3010 1905 3055 et
1932 3000 2059 3059 272.
2122 2998 2522 3066 nonnullasque
2551 2997 2635 3051 bis
2668 3012 2790 3051 esse
2812 2996 3042 3066 positas,
3075 3011 3305 3065 quarum
3336 2997 3445 3050 duo

1851 3093 2019 3148 affert
2048 3090 2317 3161 exempla.
2347 3088 2416 3144 At
2463 3090 2637 3143 multo
2669 3088 2823 3157 plura
2870 3087 3242 3151 lleumannus,
3287 3088 3447 3157 cujus

153 3234 182 3273 ε
207 3216 436 3287 regione
460 3212 730 3280 cujusque
762 3207 849 3261 [ali
876 3205 1149 3274 egentium
1183 3215 1287 3269 ope
1329 3198 1592 3251 locorum.
1633 3191 1748 3246 Hoc
1776 3199 1817 3255 ς
1855 3200 1977 3255 quae
2006 3184 2073 3239 de
2104 3184 2207 3237 hac
2243 3197 2300 3236 re
2331 3180 2441 3251 agit
2491 3189 2675 3234 notam
2709 3179 2817 3233 huc
2848 3179 3208 3233 transcribere
3243 3179 3443 3235 liceat:

153 3284 410 3361 editionis
466 3297 797 3354 Parisiensis
848 3291 1127 3361 exemplar
1186 3286 1414 3343 Carolus
1465 3284 1747 3344 Moronus,

154 3395 453 3469 praefectus
476 3389 826 3445 bibliothecae
848 3382 1181 3446 Barberinae,
1204 3378 1423 3431 tradidit
1446 3375 1603 3429 l’etro
1629 3370 1754 3424 Pos-

156 3488 273 3543 sino
307 3502 339 3541 e
368 3484 640 3540 societate
673 3479 826 3543 Iesu,
870 3476 961 3545 qui
1010 3475 1175 3528 hasce
1228 3468 1557 3525 lsidorianas
1589 3462 1754 3517 edidit

156 3579 504 3639 collationes,
550 3574 634 3627 sic
677 3570 745 3625 ab
785 3584 851 3624 eo
890 3576 1136 3631 vocatas,
1169 3561 1452 3633 quoniam,
1487 3568 1545 3611 ut
1582 3555 1755 3626 ipsius

160 3683 278 3730 utar
310 3671 521 3737 verbis,
553 3669 609 3721 in
640 3667 706 3721 iis
734 3664 845 3725 illa,
891 3663 957 3716 de
998 3677 1103 3731 qua
1138 3658 1267 3719 dixi,
1305 3651 1625 3709 Parisiensis
1658 3649 1754 3704 lsi-

158 3766 273 3825 dori
314 3762 488 3821 editio
534 3775 661 3816 cum
721 3755 1001 3812 codicibus
1049 3752 1193 3806 haud
1250 3747 1410 3819 paulo
1442 3743 1756 3799 melioribus

162 3858 469 3915 confertur.
512 3872 532 3905 ι
576 3850 795 3911 Studui,
848 3856 908 3901 ut
945 3844 1137 3899 scribit
1176 3842 1285 3906 ille,
1324 3846 1520 3894 cuncta
1556 3836 1634 3890 sic
1660 3851 1756 3888 ex~

161 3951 361 4023 plicare
390 3956 636 4015 utquam
671 3940 925 3995 facillime
956 3936 1136 4005 quivis
1159 3935 1328 3989 lector
1350 3929 1757 4000 comparatione

163 4014 263 4094 mei
287 4014 644 4105 scriptiicum
671 4029 793 4097 ejus
818 4024 1076 4079 editionis
1104 4019 1355 4090 exemplo
1382 4019 1498 4071 loca
1526 4017 1581 4070 in
1610 4014 1759 4069 edito

165 4128 425 4185 mendosa
458 4122 765 4191 corrigere,
794 4116 983 4172 mutila
1015 4122 1202 4185 posset
1232 4110 1508 4179 supplere.
1538 4106 1617 4161 Ad
1656 4106 1761 4160 hoc

164 4223 453 4293 diligenter
481 4211 744 4271 adnotavi
795 4207 1175 4281 epistolarum,
1198 4201 1521 4273 paginarum
1559 4205 1619 4251 et
1637 4211 1761 4249 ver-

166 4330 345 4375 suum.
375 4312 456 4368 ad
481 4324 631 4379 quos
658 4303 1071 4361 observationes
1111 4297 1193 4351 hae
1224 4293 1524 4363 pertinent.
1567 4303 1761 4342 nume-

168 4423 273 4463 ros.
316 4406 657 4470 Plerumque
684 4395 849 4453 retuli
864 4394 1126 4449 duntaxat
1148 4385 1277 4456 quid
1300 4381 1500 4438 diversi
1526 4388 1618 4433 aut
1636 4379 1760 4432 novi

167 4507 405 4557 exstaret
427 4492 575 4565 apud
598 4490 851 4552 codices;
876 4493 1269 4548 nonnunquam
1296 4471 1561 4544 judicium
1579 4484 1759 4523 meum

1859 3296 1878 3329 ‹
1919 3275 2197 3337 Scbottus,
2232 3272 2409 3342 inquit
2440 3270 2550 3334 ille,
2578 3271 2809 3340 plurese
2838 3270 3100 3325 Vaticano
3131 3286 3231 3325 suo
3260 3270 3449 3327 codice

1854 3368 2042 3429 edidit,
2070 3382 2191 3435 qua:
2210 3366 2321 3435 jam
2356 3364 2514 3418 cditzr
2556 3363 2783 3421 [uerunt
2827 3377 2857 3416 a
2914 3361 3069 3416 Billio
3098 3362 3185 3415 vel
3238 3361 3448 3418 Ritter-

1864 3458 2074 3513 shusio.
2106 3475 2123 3508 ι
2163 3456 2361 3511 Eadem
2392 3454 2539 3509 enim
2588 3463 2671 3508 est
2699 3453 2820 3508 libri
2853 3470 2886 3507 v
2916 3469 3001 3523 ep.
3025 3454 3130 3510 259
3160 3463 3214 3509 et
3241 3455 3364 3510 libri
3397 3471 3449 3509 tv

1855 3566 1942 3619 ep.
1984 3548 2082 3603 147
2104 3566 2117 3613 ;
2138 3547 2327 3602 eadem
2349 3555 2435 3600 est
2461 3544 2585 3599 libri
2614 3562 2646 3599 v
2676 3560 2765 3613 ep.
2792 3544 2854 3598 91
2891 3554 2945 3598 et
2975 3544 3097 3599 libri
3123 3561 3175 3598 tv
3198 3561 3286 3615 ep.
3314 3544 3445 3610 147;

1856 3642 2046 3697 eadem
2078 3650 2162 3695 est
2192 3639 2311 3693 libri
2333 3655 2365 3691 v
2396 3637 2612 3707 ep.158
2642 3645 2696 3691 et
2720 3636 2841 3690 libri
2876 3652 2927 3689 tv
2958 3652 3044 3706 ep.
3080 3637 3221 3702 190;
3256 3638 3450 3694 eadem

1860 3745 1944 3788 est
1969 3731 2091 3786 libri
2122 3748 2154 3785 ν
2188 3747 2274 3800 ep.
2319 3730 2389 3784 45
2413 3738 2468 3782 et
2515 3728 2638 3782 libri
2672 3744 2724 3782 tv
2754 3743 2843 3797 ep.
2877 3729 3017 3795 199;
3044 3760 3112 3770 —
3142 3730 3334 3785 eadem
3365 3740 3452 3788 est

1857 3824 1979 3879 libri
2007 3841 2040 3877 v
2070 3839 2156 3893 cp.
2194 3822 2290 3876 159
2319 3829 2373 3874 et
2397 3819 2516 3875 libri
2541 3835 2591 3873 tv
2618 3835 2705 3889 ep.
2742 3820 2843 3874 122
2869 3838 2881 3880 ;
2916 3821 3113 3876 eadem
3144 3831 3231 3876 est
3261 3822 3381 3877 libri
3416 3838 3449 3878 v

1856 3929 1945 3985 ep.
1988 3914 2091 3969 187
2149 3924 2204 3967 et
2260 3912 2384 3967 libri
2420 3928 2472 3966 Iv
2505 3927 2594 3982 ep.
2630 3912 2765 3975 121;
2798 3912 2990 3966 eadem
3021 3922 3103 3967 est
3131 3913 3257 3967 libri
3290 3931 3323 3968 v
3357 3930 3446 3984 ep.

1859 4008 1965 4063 324
1994 4017 2049 4062 et
2079 4006 2201 4060 libri
2234 4023 2247 4060 ι
2283 4022 2370 4075 ep.
2411 4006 2537 4059 235.
2566 4005 2790 4068 Confer,
2823 4006 2901 4060 sic
2948 4006 3094 4060 enim
3126 4008 3301 4077 pergit
3336 4008 3447 4071 ille.

1860 4098 2022 4153 etiam
2055 4098 2176 4152 libri
2229 4114 2259 4150 ν
2290 4110 2375 4165 ep.
2414 4095 2515 4149 116
2547 4086 2671 4149 cum
2728 4095 2852 4149 libri
2887 4112 2923 4149 lt
2978 4112 3066 4165 ep.
3104 4097 3235 4164 162;
3269 4098 3392 4153 libri
3419 4115 3452 4155 v

1860 4187 2147 4258 epistolam
2204 4186 2274 4239 2.1
2320 4200 2443 4241 cum
2496 4186 2725 4255 epistola
2762 4186 2887 4249 567,
2943 4187 3298 4256 ejusdemque
3326 4188 3452 4244 libri

1861 4278 2147 4348 epistolam
2176 4276 2279 4331 571
2310 4292 2433 4330 cum
2460 4275 2582 4329 libri
2616 4292 2652 4329 ιι
2682 4275 2913 4344 epistola
2944 4276 3066 4340 116,
3092 4294 3227 4346 quas
3255 4295 3449 4348 parum

1862 4369 2003 4423 inter
2074 4383 2131 4422 se
2188 4366 2407 4421 diﬂ‘errc
2462 4366 2861 4435 deprehendes.
2932 4364 3040 4421 Nec
3091 4384 3221 4423 vero
3278 4370 3452 4426 solum

1861 4462 2051 4532 quinto
2097 4459 2285 4513 insunt
2331 4458 2471 4513 libro
2498 4458 2745 4527 epistolas
2778 4458 2891 4528 jam
2926 4468 3083 4513 antea
3120 4461 3299 4526 editas,
3359 4462 3456 4517 scd

168 4587 510 4660 interposui;
550 4597 654 4637 nec
707 4573 1043 4633 dissimulavi
1086 4568 1401 4626 oborientes
1431 4579 1461 4617 e
1492 4561 1763 4618 variarum
1798 4555 1841 4609 D
1872 4549 2247 4620 superioribus
2283 4563 2501 4617 quoque
2546 4549 2599 4602 in
2633 4548 2783 4603 libris
2830 4549 3107 4613 nonnullae
3138 4551 3219 4606 bis
3267 4552 3457 4623 legun-

1292 4658 1298 4660 Α
1599 4653 1608 4660 -
1692 4659 1695 4660 ν
1869 4649 1885 4660 .
1946 4659 1953 4660 ,
2017 4641 2210 4660 πμ--
2256 4648 2391 4660 ___.-
2427 4648 2503 4660 -,.
2538 4639 2728 4660 .14--
3022 4644 3037 4660 .
3113 4651 3127 4660 .
3164 4643 3230 4660 ..η
3402 4644 3414 4656 -

172 4653 467 4738 lectionum
499 4672 722 4729 indiciis
766 4670 835 4724 de
870 4665 1166 4734 archetypa
1201 4658 1467 4727 scriptura
1491 4653 1769 4721 conjectu-

172 4789 294 4839 ras;
345 4784 476 4824 raro
505 4777 691 4820 tamen
741 4762 792 4817 id
839 4759 966 4820 feci,
1025 4761 1318 4810 contentus
1358 4743 1768 4819 κριτικωτέροις

173 4863 318 4934 quasi
347 4857 638 4931 aperuisse
664 4864 916 4921 campum
954 4854 1010 4902 et
1040 4842 1385 4899 occasionem
1421 4836 1632 4891 felicius
1669 4846 1767 4904 pro

174 4956 439 5024 cujusque
469 4947 729 5004 acumine
758 4939 1036 4998 divinandi
1064 4934 1382 5008 praebuisse.

241 5014 504 5103 His-vero
551 5033 952 5095 Coilationibus
995 5045 1126 5085 usus
1161 5035 1244 5081 est
1276 5028 1466 5077 auctor
1507 5014 1762 5073 editionis

179 5146 294 5207 qua
318 5129 529 5203 prodiit
549 5123 798 5180 Venetiis
834 5120 991 5184 1745,
1026 5119 1081 5171 in
1110 5115 1261 5175 folio,
1296 5111 1396 5167 sub
1431 5110 1533 5164 h'oc
1564 5106 1759 5161 titulo:

181 5198 354 5280 έσιιείί
402 5216 601 5276 [rideri
660 5212 943 5268 Pelusiotae
986 5210 1049 5261 de
1104 5202 1534 5274 interpretatione
1577 5198 1765 5253 divina:

257 5424 330 5491 (α)
363 5417 678 5491 Ceillierius
710 5416 764 5467 in
790 5413 958 5491 ΔΠίιιι.
980 5416 1113 5491 ἔπλεξε
1138 5422 1311 5491 “sacr.
1366 5412 1411 5456 et
1453 5401 1587 5483 .eccl.
1631 5409 1765 5479 tom.

190 5468 329 5556 Χιὶῖξ
787 5486 842 5547 2,
888 5479 1099 5556 μηϐΟᾷ
1137 5478 1347 5556 Ιὶὶιζιιιιι
1384 5473 1619 5556 primum
1651 5468 1771 5556 epi-

192 5508 322 5556 ᾸΙΙΙ,
353 5508 414 5545 C1!
462 5530 475 5543 .
510 5508 604 5551 22,
633 5508 736 5539 art.
789 5508 842 5547 Ζ,
888 5508 941 5553 μ.
977 5508 1099 5541 υυν),
1137 5508 1332 5530 ιιυιιηιι
1387 5508 1619 5541 γιιιιιιιιιι
1651 5508 1738 5538 νγ.

188 5564 346 5619 stolas
378 5508 519 5614 DgiC
570 5555 853 5611 continere
900 5551 1171 5619 allirmatr
1198 5546 1423 5619 Videtur
1453 5552 1632 5619 autem
1684 5539 1772 5605 ille

198 5612 524 5689 iiiihdi’s'se
556 5624 851 5694 exemplari
886 5618 1199 5694 l’arisicnsi,
1234 5616 1427 5694 inquo
1464 5612 1772 5694 tvpotheta-

195 5681 321 5758 iiii;
340 5681 671 5770 negligentia
704 5681 772 5770 5t
806 5692 1012 5770 incuria
1068 5688 1256 5740 ultima
1298 5684 1460 5753 hujus
1492 5681 1616 5735 libri
1658 5681 1774 5748 cpi-

202 5775 328 5828 stola
362 5763 721 5826 bovcnumero
762 5763 1016 5832 insignita
1058 5766 1159 5811 est.

364 5820 600 5908 “Abrégé
653 5840 717 5891 de
770 5820 1026 5887 t'hiitoire
1080 5825 1487 5894 erclétiastique.
1538 5820 1773 5891 Colngue

1868 4649 1977 4696 tur.
2015 4641 2215 4696 Eadem
2248 4648 2508 4695 certe'est
2538 4639 2659 4694 libri
2693 4655 2730 4693 ιι
2762 4641 2990 4710 epistola
3018 4644 3038 4695 1
3078 4651 3133 4695 et
3163 4643 3259 4705 59;
3294 4642 3456 4701 librit

1866 4736 2093 4805 epistola
2118 4736 2188 4789 29
2210 4744 2265 4788 et
2299 4734 2423 4788 libri
2458 4751 2510 4789 tv
2545 4732 2776 4802 epistola
2811 4733 2935 4788 188.
2971 4733 3061 4789 Sic
3091 4735 3254 4789 etiam
3288 4737 3405 4791 libri
3428 4751 3456 4791 νι

1867 4826 2095 4898 epistola
2120 4827 2224 4881 305
2246 4825 2437 4880 iisdem
2466 4824 2637 4880 ferme
2662 4825 2845 4881 verbis
2872 4828 3129 4893 occurrit,
3156 4838 3211 4882 et
3238 4828 3455 4898 quidem

1867 4920 1922 4973 in
1951 4918 2085 4974 duas
2105 4919 2303 4981 divisa,
2333 4932 2389 4971 ιι.
2415 4918 2515 4973 271
2546 4926 2603 4972 et
2624 4917 2733 4971 272
2759 4918 2925 4988 (quod
2954 4918 3065 4988 jam
3096 4935 3125 4973 a
3158 4918 3457 4976 Tillemon-

1869 5013 1945 5067 tio
1979 5012 2329 5067 observatum
2362 5008 2509 5079 fuit).
2545 5009 2751 5063 Eadem
2791 5019 2877 5063 est
2923 5010 3087 5064 etiam
3132 5010 3253 5065 libri
3286 5028 3338 5065 ιν
3366 5026 3453 5082 ep.

1874 5104 1978 5161 180
2032 5111 2087 5158 et
2130 5100 2251 5156 libri
2291 5116 2329 5155 II
2360 5100 2589 5170 epistola
2627 5101 2751 5157 185.
2777 5129 2846 5142 —-
2892 5100 2988 5155 His
3036 5102 3104 5155 ah
3136 5100 3458 5159 lleumanno

1874 5194 2076 5251 notatis
2123 5193 2534 5249 adnutneranda
2583 5203 2688 5259 est,
2751 5193 2827 5248 uti
2853 5191 2965 5262 jam
3014 5193 3223 5249 viderat
3266 5192 3461 5251 Petrus

1880 5397 2037 5458 1752,
2074 5393 2179 5447 vol.
2217 5391 2279 5455 11,
2314 5408 2364 5461 p.
2399 5392 2522 5447 467.

1874 5467 2214 5606 p.(glLHyac.
2245 5464 2299 5517 d.
2332 5462 2493 5517 Grav.
2527 5461 2666 5516 Hist.
2696 5464 2819 5518 ccct.
2855 5479 2972 5516 oar.
3007 5463 3126 5517 coll.
3161 5464 3268 5536 dig.
3309 5472 3348 5519 t.
3391 5466 3458 5531 ll,

1917 5579 2262 5684 .(d)-_Ea_d.em
2314 5604 2655 5684 ratione“th
2720 5604 3060 5684 lleumanno
3094 5605 3129 5659 1.
3184 5620 3230 5684 c_.
3280 5621 3331 5676 p.
3374 5607 3458 5673 12,

1880 5672 2009 5731 not.
2032 5676 2091 5745 h_.
2132 5674 2215 5745 hic
2247 5672 2735 5745 erroruexplicalus
2766 5686 2867 5730 est.
2899 5706 2966 5714 —
2992 5675 3071 5729 Cf.
3115 5692 3147 5745 p
3200 5672 3295 5731 57.⁷
3324 5709 3388 5718 -

1949 5748 2017 5814 (c)
2052 5743 2367 5824 Tilleniont.
2388 5742 2541 5824 Hist:
2564 5747 2702 5824 e_ccl._
2718 5747 2822 5800 vol.
2856 5745 2971 5813 XV,
3007 5764 3057 5815 p.
3095 5742 3218 5814 847,
3258 5757 3369 5802 nol.
3404 5742 3457 5804 5.

1878 5812 2036 5871 llun'c
2068 5813 2358 5885 exscripsit
2385 5812 2667 5870 Fabricius
2690 5815 2724 5869 l.
2762 5830 2812 5872 c.
