3972 6424
521 398 590 462 39
1632 372 2099 445 comunt

2203 381 2303 447 IIS
2338 383 2532 447 PARS
2568 384 2651 447 II.
3704 389 3789 452 ω

521 502 779 562 Pessinus
793 498 891 570 (tr),
910 495 1033 554 libri
1062 510 1078 552 ι
1112 492 1338 566 epistola
1360 494 1552 565 Aqua
1578 494 1715 550 libro
1753 512 1808 551 tv
1836 495 2086 562 recurrit,
2118 503 2163 560 Α
2261 498 2501 556 Primum
2550 508 2732 555 autem
2778 513 2842 554 ex
2869 513 2936 555 eo
2976 500 3119 570 quod
3151 498 3337 555 Isidori
3365 502 3617 573 epistolas
3656 515 3791 557 ιιι-

521 595 578 651 in
604 607 711 663 quo
739 590 915 645 locum
952 595 1100 642 tenet
1149 583 1272 640 I95.
1303 613 1375 625 —-
1419 583 1659 655 Denique
1696 586 1826 639 mihi
1874 586 2090 656 quidem

524 685 644 739 libri
698 698 727 736 ν
780 678 1004 750 epistola
1055 676 1154 732 221
1219 684 1381 746 atque
1413 674 1537 731 libri
1596 692 1657 731 ttt
1709 678 1936 748 epistola
1963 677 2089 742 203,

521 774 590 831 de
614 772 809 843 quibus
837 768 1096 838 deinceps
1127 760 1301 822 fusius
1325 781 1565 839 agemus,
1606 768 1795 823 eadem
1830 770 1938 825 visa
1981 780 2087 824 est.

594 864 781 933 Itaque
811 861 897 915 his
924 858 1181 914 omnibus
1227 858 1575 928 computatis,
1606 857 1796 913 Isidori
1849 859 2092 930 epistola:

523 952 668 1009 mille
697 958 988 1022 nongenta
1011 945 1305 1017 nonaginta
1335 956 1544 1016 septem
1564 946 1630 1001 ad
1654 955 1891 1001 nostram
1922 962 2092 1016 usque

522 1050 737 1098 aetatem
799 1037 1113 1111 pervenisse
1167 1035 1453 1101 videntur;
1510 1050 1744 1105 cumque
1790 1050 1974 1099 nemo.
2032 1047 2094 1093 ut

524 1135 775 1205 equidem
816 1131 953 1189 scio.
986 1129 1085 1183 bas
1116 1142 1309 1183 omnes
1336 1128 1404 1183 ab
1437 1126 1641 1183 Isidoro
1669 1129 1897 1199 scriptas
1924 1129 2093 1191 addo-

525 1224 801 1286 bitaverit,
829 1220 1014 1276 statim
1059 1219 1127 1274 de
1156 1219 1435 1274 codicibus
1456 1234 1461 1239 ‘
1484 1218 1537 1271 in
1569 1218 1769 1288 quibus
1800 1218 1964 1289 hujus
1991 1220 2092 1275 viri

526 1315 770 1389 epistolae
800 1312 1155 1368 continentur
1183 1324 1304 1379 qua:
1334 1310 1706 1371 innatuerunt.
1736 1310 1935 1365 addere
1963 1326 2093 1382 μοι-

526 1422 729 1469 scmus,
760 1404 866 1459 nisi
896 1401 1265 1461 Heumannus,
1287 1414 1446 1469 quem
1464 1398 1946 1472 lIambergerusuv)
2002 1415 2091 1457 se-

526 1499 749 1569 quitur,
807 1498 1095 1567 plerasque
1164 1492 1361 1549 Isidori
1438 1494 1649 1550 litteras
1711 1494 1925 1549 lictitias
1972 1509 2093 1550 esse

530 1598 806 1647 censeret.
836 1586 1008 1659 Cujus
1054 1588 1328 1644 sententia
1355 1592 1518 1659 paulo
1544 1585 1847 1642 accuratius
1886 1587 2095 1641 exami-

524 1682 701 1737 nanda
730 1688 833 1735 est.

594 1770 943 1828 Heumannus
960 1770 1029 1840 (c)
1050 1769 1337 1840 plerasque
1356 1767 1545 1824 Isidori
1558 1766 1830 1837 epistolas,
1845 1778 1905 1821 ut
1926 1767 2096 1836 ipsius

524 1872 649 1919 utar
675 1862 874 1925 verbis,
938 1858 1159 1915 Iictitias
1186 1874 1311 1917 esse
1366 1858 1644 1929 Opinatur,
1702 1872 1766 1912 ac
1820 1858 2095 1913 rhetorico
2127 1855 2168 1909 Β

531 1969 683 2009 more
716 1952 1069 2022 compositas,
1106 1966 1215 2005 non
1249 1960 1309 2005 ut
1339 1949 1376 2005 ii
1427 1964 1655 2017 quorum
1708 1948 1921 2019 przetisa
1966 1958 2094 2004 sunt

527 2044 746 2099 nomina
779 2058 873 2097 eas
907 2042 1217 2111 acciperent
1274 2041 1644 2111 lcgerentque,
1675 2041 1772 2096 sed
1804 2050 1862 2095 ut
1912 2042 2092 2111 speci-
2128 2052 2135 2057 '

526 2136 674 2191 mina
706 2145 887 2191 essent
916 2134 1243 2204 eloquentia
1269 2134 1335 2188 iis
1380 2134 1651 2189 imitandae
1698 2148 1835 2203 quos
1867 2133 2093 2190 haberet

525 2225 763 2281 Isidorus
811 2226 947 2279 artis
979 2224 1196 2279 dicendi
1240 2224 1561 2295 discipulos.
1614 2224 1919 2294 Antequam
1962 2239 2091 2279 vero

524 2316 687 2387 huius
714 2317 996 2371 sententiae
1010 2326 1325 2385 argumenta
1342 2314 1514 2369 fusius
1529 2316 1772 2384 exponit,
1795 2314 1976 2371 Suidte
2016 2316 2090 2386 (ἀ)

523 2417 686 2479 atque
716 2408 979 2478 Ephmmi
1010 2408 1329 2462 Antiocheni
1355 2406 1425 2477 (ι)
1483 2406 1550 2461 de
1578 2406 1785 2462 Isidem
1815 2407 1970 2462 aﬂert
2002 2409 2093 2477 ju-

525 2497 687 2558 dicia.
736 2512 800 2551 ex
836 2497 1035 2566 quibus
1091 2496 1235 2551 hunc
1282 2505 1339 2551 et
1370 2496 1646 2551 rhetorem
1676 2504 1731 2551 et
1773 2497 2095 2567 eloquentia

524 2590 685 2646 laude
716 2588 984 2658 insignem
1017 2586 1186 2641 fuisse
1219 2597 1465 2658 apparet.
1497 2586 1631 2640 Tum
1661 2602 1726 2641 ex
1768 2587 1899 2658 ipsis
1932 2588 2093 2644 Pelu-

523 2681 679 2739 siotae
713 2680 969 2750 Epistolis
1019 2679 1166 2733 hunc
1198 2678 1332 2733 artis
1362 2678 1645 2734 rhetorica
1694 2680 1824 2733 satis
1865 2695 2091 2750 gnarum

522 2773 691 2830 fuisse
718 2773 971 2835 ostendit,
1000 2770 1196 2840 quippe
1226 2771 1282 2824 in
1317 2770 1538 2839 cpistola
1555 2770 1620 2824 ad
1648 2756 1824 2825 Nilum
1870 2774 1933 2843 (ft
1968 2788 2090 2827 ora-

526 2866 689 2921 tionis
738 2866 962 2918 virtutes
993 2879 1053 2916 cx
1086 2862 1424 2933 Hermogene
1461 2863 1747 2926 describat,
1782 2862 1837 2917 in
1876 2864 1978 2918 alia
2026 2866 2093 2920 ad

524 2955 810 3029 Ophelium
865 2954 1273 3027 grammaticum
1312 2954 1384 3024 (g)
1417 2955 1483 3009 de
1528 2956 1837 3011 charactere
1896 2958 2096 3027 episto-

524 3048 629 3103 lic‘o
674 3048 921 3109 disserat,
954 3045 1259 3115 scribatque
1287 3044 1511 3114 Elaphio
1542 3047 1886 3116 episc0p0(lt)
1914 3063 2093 3102 acrem

526 3156 765 3197 amorem
810 3138 1159 3206 studiumque
1202 3138 1529 3208 eloquentiae
1585 3140 1673 3193 illo
1716 3157 1831 3196 tero
1892 3152 2093 3197 morta-

528 3232 660 3288 lium
705 3230 967 3285 invasisse
1020 3230 1248 3282 animos.
1299 3227 1506 3294 Quibus
1538 3230 1857 3285 testimoniis
1900 3232 2095 3287 addere
2122 3206 2165 3267 θ

530 3325 796 3395 potuisset
826 3323 945 3376 libri
975 3322 1149 3391 quinti
1183 3320 1463 3390 epistolam
1495 3321 1922 3377 ducentesimam
1951 3324 2097 3379 deci-

534 3429 673 3468 mam
710 3414 1013 3482 septimam,
1047 3427 1151 3480 qua
1187 3411 1439 3473 Isidorus,
1476 3427 1596 3465 cum
1636 3413 1700 3467 de
1730 3414 1891 3468 variis
1917 3416 2099 3469 rheto-

533 3520 650 3558 rum
687 3504 972 3574 generibus
993 3509 1133 3570 agat,
1164 3516 1221 3555 se
1254 3501 1417 3569 hujus
1445 3503 1575 3554 artis
1608 3501 1845 3570 peritum
1878 3518 1996 3558 esse
2017 3520 2101 3558 sa-

533 3596 603 3651 tis
638 3610 908 3665 superque
942 3594 1150 3663 probat.
1199 3592 1439 3662 Denique
1473 3592 1821 3649 lleumannus
1859 3597 2101 3653 rhetores

534 3700 642 3739 non
666 3684 837 3738 solum
870 3691 1037 3736 artem
1068 3680 1474 3735 scribendarum
1508 3681 1879 3749 epistularum,
1910 3700 2099 3739 verum

533 3776 696 3833 etiam
762 3775 1015 3844 epistolas
1040 3774 1291 3844 etIingere
1317 3775 1539 3843 suisque
1576 3776 1855 3844 discipulis
1883 3778 2101 3831 imitan-

536 3868 725 3922 tandas
742 3866 999 3919 exhibere
1030 3866 1398 3926 consuevisse,
1424 3865 1668 3936 pluribus
1692 3868 1885 3937 probat
1912 3883 2099 3923 exem-

534 3958 656 4030 plis,
689 3973 809 4026 qua:
845 3967 1091 4025 repetere
1124 3958 1304 4011 undet.

604 4047 700 4103 His
724 4048 975 4101 omnibus
1009 4061 1133 4101 vero
1166 4046 1300 4100 nihil
1329 4046 1494 4109 aliud,
1533 4057 1592 4101 ut
1636 4047 1884 4117 equidem
1922 4065 2104 4115 augu—

536 4155 645 4206 ror,
674 4140 841 4193 voluit
879 4139 1274 4201 demonstrare,
1314 4140 1417 4193 nisi
1466 4141 1693 4207 potuisse
1724 4140 1982 4195 Isidorum
2008 4157 2104 4210 pro

534 4233 814 4287 rhetorum
846 4232 1006 4294 illius,
1040 4246 1148 4300 quo
1184 4230 1334 4292 vixit,
1378 4232 1476 4285 aevi
1523 4233 1919 4285 consuetudine
1950 4232 2000 4285 in
2029 4232 2104 4285 di-

537 4322 866 4389 scipulorum
914 4335 1070 4374 usum
1100 4319 1223 4373 talia
1252 4320 1412 4372 edere
1441 4321 1755 4387 specintina.
1792 4324 1867 4374 Ac
1905 4338 1970 4375 ne
2002 4322 2104 4376 hoc

536 4414 753 4484 quidem
780 4410 1105 4465 testimoniis
1140 4410 1245 4464 illis
1291 4412 1420 4464 satis
1452 4410 1735 4479 probatum
1772 4418 1872 4464 est.
1919 4410 2105 4463 Restat

538 4505 705 4567 enim,
743 4512 801 4556 ut
827 4502 1141 4556 ostendatur
1171 4502 1431 4555 lsidorum
1466 4502 1715 4555 habuisse
1746 4502 1875 4555 artis
1898 4502 2100 4554 dicendi

538 4591 850 4661 discipulos.
910 4589 1061 4655 Quod
1118 4606 1265 4645 mera
1309 4602 1390 4644 est
1430 4589 1728 4643 lleumanni
1766 4589 2098 4659 hypothcsis.

540 4684 647 4739 Sed
672 4700 738 4738 ne
764 4685 819 4737 in
850 4684 1214 4751 suspicionem
1239 4683 1461 4737 nimium
1492 4682 1785 4736 dubitantis
1808 4683 2099 4747 incurram,

536 4774 655 4832 haec.
710 4776 873 4828 missa
920 4773 1177 4826 faciamus
1212 4781 1657 4841 transeamusque
1698 4772 1763 4825 ad
1793 4780 2100 4825 accuratam

536 4876 997 4939 argumentorum,
1041 4881 1161 4935 qua:
1191 4865 1278 4919 ille
1327 4864 1569 4935 protulit,
1614 4858 2007 4934 expoSitionem
2049 4868 2105 4917 et

537 4957 995 5029 dijudicationem.

608 5131 685 5201 (a)
731 5131 877 5185 Poss.
904 5129 1096 5201 Collat.
1125 5129 1318 5185 Isidor.
1349 5144 1400 5199 ι).
1419 5130 1488 5201 _9.

611 5192 686 5271 (ὁ)
729 5192 1122 5271 Ηξιιιιὺρι-εθὲιιδ
1145 5202 1199 5255 in
1231 5192 1369 5271 libro
1410 5199 1765 5271 luperldssiqe
1800 5197 2097 5252 Nae/trich-

543 5269 629 5326 ειη
685 5284 785 5324 etc.
847 5269 985 5323 tom.
1034 5270 1121 5330 III,
1168 5286 1218 5339 p.
1282 5270 1400 5324 154.
1461 5269 1544 5323 CI.
1601 5270 2040 5339 ejusdulihellus
2088 5290 2099 5323 ε

544 5341 716 5396 Kurze
756 5340 1100 5393 Narin-iclum
1134 5337 1231 5393 vim
1268 5342 1367 5394 den
1403 5340 1760 5393 rarnelamsten
1786 5337 2106 5409 Scltriftstel-

544 5414 655 5465 Iern
688 5428 776 5463 vor
803 5412 919 5462 dem
959 5414 1017 5463 i6
1046 5410 1236 5480 Jahrh.
1269 5427 1322 5480 p.
1357 5409 1479 5465 889.

719 5481 908 5559 “eum.
946 5480 979 5533 Ι.
1006 5497 1053 5535 c.
1087 5478 1187 5551 §9,
1311 5482 1391 5536 I5.
1562 5550 1575 5561 ι
1778 5548 1790 5565 Ι

615 5556 627 5605 ῐ
674 5560 688 5605 )
720 5550 914 5605 Suulas
954 5554 1186 5605 aouellat
1220 5552 1485 5605 lstdorum
1535 5549 1790 5605 ὲΑλογιιιιι

611 5549 688 5622 (d)
720 5550 914 5605 Suitlas
950 5549 1186 5622 appellat
1220 5552 1485 5607 lsidorum
1535 5549 1967 5619 ὲλλογιμώτατον
2015 5566 2100 5618 φι-

538 5621 763 5691 λόᾲοςόν
798 5638 853 5673 τε
879 5621 969 5671 καὶ
1002 5621 1225 5691 ῥήτορα.

634 5691 683 5763 ᾳ)
720 5691 990 5763 Ephrzemi
1022 5696 1230 5763 verba,
1255 5707 1375 5763 quae
1408 5692 1513 5748 huc
1544 5691 1817 5763 pertinere
1852 5699 2097 5763 possent,

538 5760 685 5820 nulla
715 5761 855 5830 apud
877 5761 1129 5817 Pbotium
1168 5760 1385 5827 inveni;
1433 5760 1591 5833 atq'ie
1621 5775 1812 5830 magna
1845 5760 1976 5815 mihi
2010 5769 2089 5813 est

2190 606 2352 661 gnam
2415 601 2622 661 partem
2670 590 2839 646 forma
2875 602 3066 647 carent
3096 594 3397 663 epistolica,
3435 596 3660 669 collegit
3695 597 3799 664 (ἱ).

2194 679 2480 750 plerasque
2522 695 2587 736 es
2644 679 2876 743 oIIicina.
2914 690 2974 736 ut
3018 682 3134 752 ipse
3184 685 3279 747 ait,
3332 682 3613 754 profectas
3656 698 3801 741 esse

2194 768 2485 833 rhetorica,
2519 770 2574 824 in
2599 769 3099 840 discipulorumque
3128 771 3358 841 gratiam
3406 771 3644 828 solerter
3662 772 3801 828 εα-

2191 865 2326 911 ctas.
2375 856 2443 910 At
2482 857 2736 927 equidem
2778 872 2972 913 vereor
2996 872 3066 912 ne
3102 858 3354 928 discipuli
3385 858 3617 913 meritas
3666 874 3799 914 non

2192 944 2403 1014 egerint
2458 945 2777 1014 pt'cceptori
2810 958 2912 1000 suo
2945 945 3164 1017 gratias,
3199 946 3291 1012 qui
3348 947 3615 1015 epistolas
3648 946 3803 1017 ipsis

2193 1034 2471 1104 proposuit
2490 1034 2797 1100 imitandus,
2821 1034 2992 1091 forma
3019 1038 3157 1092 adeo
3181 1038 3462 1108 epistolica
3492 1046 3798 1102 carentes,

2192 1124 2395 1179 omisso
2418 1134 2471 1179 et
2500 1129 2655 1196 χαῖρε
2696 1136 2752 1181 et
2794 1127 3023 1199 ιρῤωσο.
3054 1126 3208 1195 Quod
3235 1129 3398 1201 igitur
3427 1130 3539 1195 ille,
3570 1131 3651 1185 uti
3680 1145 3801 1185 no-

2194 1217 2327 1271 tavit
2359 1216 2747 1276 Schrteclthius
2766 1221 2855 1292 (ᾗ.
2872 1223 3161 1278 sententia:
3182 1238 3296 1278 sua
3315 1222 3498 1278 favere
3515 1223 3803 1294 opinatus

2193 1314 2296 1368 est,
2322 1306 2506 1363 obstat
2545 1308 2716 1365 multo
2748 1310 2939 1381 magis,
2978 1320 3141 1380 atque
3181 1312 3517 1367 contrarium
3556 1312 3803 1369 videtur

2194 1396 2444 1466 probare.

2268 1526 2374 1584 Sed
2405 1544 2529 1584 cum
2561 1530 2719 1596 intra,
2752 1532 2843 1588 ubi
2879 1533 3217 1591 Schrteckhii
3240 1534 3310 1591 de
3338 1536 3530 1592 Isidori
3563 1538 3799 1608 episto-

2194 1619 2260 1675 lis
2302 1623 2627 1678 sententiam
2656 1625 2963 1695 explicabo.
2992 1628 3147 1697 plura
3201 1628 3269 1683 de
3294 1628 3395 1683 hac
3445 1644 3503 1684 re
3539 1628 3800 1685 dicenda

2195 1710 2325 1777 sint,
2363 1728 2481 1766 eam
2525 1713 2744 1769 missam
2800 1714 3081 1781 faciamus,
3114 1732 3511 1789 pergamusque
3542 1720 3793 1790 reliqua,

2195 1815 2318 1870 quas
2371 1804 2599 1872 protulit
2660 1803 3017 1863 Heumannus
3073 1819 3388 1880 argumenta
3459 1826 3796 1868 recensere.

2198 1890 2381 1964 Pergit
2428 1903 2611 1951 autem
2661 1897 2747 1952 his
2766 1899 2985 1955 verbis:
3032 1918 3051 1951 α
3080 1898 3196 1955 Ilnc
3252 1900 3431 1957 refero
3479 1903 3799 1957 nonnullas

2198 1985 2440 2055 ejusdem
2489 1988 2650 2057 plane
2692 1990 2997 2061 argumenti
3041 1991 3337 2062 epistolas;
3382 1994 3529 2063 quod
3592 1993 3795 2063 ipsum

2196 2086 2347 2132 certo
2369 2088 2454 2135 est
2481 2080 2701 2146 indicio,
2753 2082 3025 2137 rhetorem
3062 2089 3310 2137 nostrum
3352 2083 3643 2140 ostendere
3684 2099 3801 2140 vo-

2197 2166 2361 2225 luisse
2416 2185 2568 2225 suam
2597 2172 2811 2227 dicendi
2867 2174 3100 2243 cupiam.
3139 2171 3315 2243 Ilujus
3368 2176 3585 2245 generis
3644 2184 3796 2231 sunt

2198 2256 2320 2315 libri
2364 2262 2541 2332 quarti
2589 2263 2817 2331 epistola
2846 2263 3107 2328 secunda,
3152 2266 3315 2318 tertia
3354 2273 3412 2319 et
3456 2274 3674 2334 quarta,
3722 2265 3790 2320 in

2198 2353 2393 2423 quibus
2414 2354 2630 2424 quidam
2664 2354 2903 2409 Psalterii
2934 2355 3085 2410 locus
3116 2355 3306 2411 eodem
3336 2355 3555 2426 quidem
3587 2357 3791 2424 modo,

2200 2445 2294 2502 sed
2325 2447 2503 2503 verbis
2527 2456 2787 2502 tractatur
2811 2455 2929 2502 arte
2958 2449 3197 2505 variatis.
3230 2468 3251 2503 ι

2269 2579 2357 2646 At,
2394 2580 2494 2635 etsi
2525 2583 2708 2652 negari
2742 2583 2891 2638 nullo
2922 2584 3083 2639 modo
3108 2593 3287 2654 potest
3316 2585 3369 2639 in
3399 2585 3625 2655 epistola
3660 2595 3787 2644 ter-

2200 2670 2271 2724 tia
2311 2682 2367 2726 et
2395 2681 2585 2742 quarta
2627 2673 2869 2729 Psalterii
2915 2675 3141 2740 dictum,
3172 2675 3241 2731 de
3268 2691 3377 2745 quo
3426 2677 3480 2732 in
3531 2679 3785 2736 secunda

2196 2761 2306 2831 jam
2332 2772 2513 2817 actum
2547 2774 2653 2826 est.
2685 2780 2987 2830 recurrere,
3015 2777 3197 2822 tamen
3240 2768 3401 2823 nobis
3428 2770 3590 2838 paulo
3610 2785 3787 2825 accn-

2199 2853 2367 2907 ratius
2423 2854 2476 2907 in
2508 2871 2620 2909 rem
2662 2856 3079 2926 inquirentibus,
3113 2861 3417 2916 verosimile
3460 2862 3635 2917 visum
3664 2871 3781 2921 est.

2200 2943 2464 3000 Isidorum
2519 2947 2615 3001 has
2655 2956 2767 3003 tres
2792 2950 3048 3018 epistolas
3083 2950 3324 3016 Zosimo,
3358 2952 3517 3021 cujus
3567 2967 3783 3009 nomen

2200 3038 2451 3091 omnibus
2481 3039 2755 3107 praetium
2791 3048 2892 3105 est,
2943 3058 3130 3097 revera
3169 3044 3400 3098 misisse.
3438 3043 3497 3098 In
3543 3045 3782 3113 epistola

2200 3128 2344 3183 enim
2376 3131 2611 3185 secunda
2643 3133 2829 3187 irridet
2859 3133 3093 3189 Isidorus
3120 3135 3315 3189 Zosimi
3349 3135 3656 3200 stultitiam,
3678 3135 3781 3207 qui

2199 3221 2325 3275 vino
2373 3224 2732 3294 omnibusque
2768 3225 3137 3295 voluptatibus
3168 3227 3385 3281 deditus
3421 3227 3633 3297 precari
3672 3243 3781 3283 au-

2198 3313 2354 3368 deat:
2409 3315 2738 3382 Καῡήλωσον
2785 3318 2849 3369 ἐκ
2898 3317 2991 3369 τοῦ
3042 3316 3209 3387 φόϐου
3256 3335 3350 3371 σου
3402 3319 3504 3383 τὰς
3563 3320 3783 3392 σάρκας

2202 3419 2322 3472 μου.
2349 3402 2546 3459 Eorum
2580 3407 2748 3469 enim,
2778 3406 2973 3475 inquit,
2998 3407 3111 3460 haec
3129 3417 3213 3461 est
3236 3409 3475 3477 precatio
3499 3408 3589 3477 qui
3608 3418 3779 3464 teter-

2199 3507 2321 3546 nam
2363 3494 2592 3547 salutem
2655 3495 2778 3549 vitae
2828 3496 3116 3551 luxuriosa:
3167 3500 3496 3567 pnelernnt;
3554 3510 3609 3554 at
3657 3516 3778 3555 non

2199 3587 2452 3639 convenit
2490 3587 2590 3641 illis
2621 3590 2711 3657 qui
2769 3600 2892 3646 cute
2934 3593 3069 3646 bene
3110 3603 3292 3647 curata
3348 3593 3495 3663 ipsos
3548 3595 3783 3650 vincunt

2197 3677 2446 3731 athletas.
2479 3676 2687 3733 Etenim
2730 3681 2953 3749 perinde
2990 3698 3148 3752 agere
3174 3683 3373 3737 videris
3398 3697 3461 3738 ac
3489 3684 3534 3739 si
3564 3684 3618 3737 in
3660 3699 3782 3739 nte-

2199 3768 2429 3822 retriciis
2461 3770 2671 3824 haerens
2696 3773 3031 3841 amplexibus
3062 3775 3334 3842 pudicitiae
3388 3790 3612 3845 compos
3655 3775 3777 3831 ﬁeri

2200 3870 2371 3928 optes.
2413 3861 2608 3915 Desine
2656 3863 2817 3933 igitur
2867 3868 3032 3919 vitam
3063 3881 3282 3919 suavem
3329 3867 3653 3936 plenamque
3680 3883 3779 3922 vo-

2204 3948 2500 4017 luptatibus
2528 3950 2722 4021 degere
2744 3969 2757 4015 ;
2781 3954 3078 4022 comprime
3120 3956 3473 4024 cupiditatem
3504 3958 3779 4013 inﬁnitam

2202 4049 2256 4094 et
2312 4043 2656 4096 inhonestam
2722 4046 2936 4100 assidue
2966 4049 3312 4112 convivendi,
3358 4038 3441 4103 ne
3487 4050 3782 4113 ridiculum

2206 4136 2257 4181 te
2289 4134 2549 4197 pra-beas,
2582 4148 2702 4185 cum
2734 4135 2833 4187 alia
2878 4139 3133 4205 consequi
3174 4148 3348 4207 optes,
3380 4138 3482 4192 alia
3530 4156 3674 4211 agas.
3710 4170 3786 4181 —

2204 4220 2313 4275 Hoc
2343 4232 2428 4275 est
2461 4224 2646 4292 primae
2676 4226 2742 4280 ad
2778 4226 3049 4283 Zosimum
3080 4231 3321 4299 epistola:
3372 4243 3780 4299 argumentum.

2200 4342 2269 4352 —
2302 4312 2372 4367 Ex
2422 4316 2589 4369 altera
2622 4330 2749 4369 vero
2777 4328 3004 4387 apparet
3035 4322 3309 4375 hominem
3350 4322 3499 4375 illum
3529 4337 3783 4379 voracem

2205 4405 2553 4471 respondisse
2597 4406 2824 4469 Isidoro,
2874 4418 2930 4462 et
2985 4411 3319 4465 defensionis
3370 4414 3511 4478 loco,
3548 4424 3609 4469 ut
3662 4414 3785 4472 ﬁeri

2207 4497 2364 4555 solet.
2412 4512 2475 4555 ex
2514 4514 2580 4550 eo
2611 4500 2944 4566 quaesivisse,
2976 4518 3263 4569 quamnam
3290 4506 3506 4559 tandem
3546 4507 3788 4576 subjice-

2207 4592 2477 4645 retverbis
2506 4590 2641 4646 illis:
2671 4590 2882 4665 Conﬁge
2910 4595 3095 4647 timore
3124 4605 3212 4648 tuo
3232 4612 3415 4649 carnes
3450 4614 3617 4661 meas,
3651 4614 3785 4653 seu-

2206 4685 2475 4739 tentiam?
2504 4685 2767 4739 itescribit
2791 4687 2936 4741 enim
2971 4686 3207 4742 Isidorus
3232 4707 3243 4741 :
3273 4686 3543 4753 Quoniam
3576 4706 3670 4759 per
3695 4690 3788 4745 lit-

2204 4784 2348 4829 teras
2376 4792 2438 4829 ex
2470 4791 2555 4831 me
2601 4778 2918 4846 quaesivisti,
2957 4778 3085 4848 quid
3127 4779 3230 4834 sibi
3262 4781 3394 4834 velit
3421 4781 3625 4835 dictum
3653 4781 3787 4836 illud

2208 4863 2522 4925 Psalmistae.
2572 4869 2833 4922 ausculta.
2880 4868 3069 4923 Verbis
3108 4870 3213 4923 illis
3264 4872 3379 4926 hzec
3428 4873 3618 4927 subest
3650 4888 3785 4927 sen-

2207 4956 2409 5009 tentia:
2448 4954 2768 5011 Reverentia
2796 4973 2919 5029 erga
2970 4959 3137 5013 Deum
3178 4959 3374 5015 eIIiciat
3403 4971 3483 5026 ut,
3511 4962 3786 5033 cupidita-

2202 5130 2437 5208 suspicio
2470 5130 2848 5208 Heumannum
2880 5137 3142 5192 memoria
3172 5136 3384 5208 lapsum
3404 5138 3611 5194 dictum
3640 5140 3782 5197 Era-

2206 5202 2307 5272 grii
2337 5203 2534 5272 atierre
2565 5203 2819 5257 voluisse.

2282 5272 2343 5341 (ι)
2377 5270 2495 5325 Lib.
2532 5289 2597 5337 v,
2630 5289 2716 5341 ep.
2752 5274 2875 5328 145.

2284 5344 2358 5412 (9)
2394 5342 2509 5395 Lib.
2538 5359 2591 5405 ν,
2623 5358 2709 5411 ep.
2746 5345 2866 5398 453.

2280 5414 2353 5479 (Ιι)
2388 5414 2502 5465 Lib.
2535 5431 2587 5475 ν,
2620 5429 2708 5481 σει».
2731 5413 2858 5467 20L

2278 5484 2339 5556 (ξ)
2376 5482 2683 5556 Heumann.
2731 5485 2765 5536 l.
2800 5482 3019 5556 c.7510.
3057 5501 3112 5555 p.
3150 5486 3235 5541 I6.

2273 5554 2339 5623 (j)
2401 5552 2802 5607 Schrteclthius
2857 5552 2911 5608 in
2976 5552 3227 5613 Historia
3282 5561 3463 5617 coclea.
3507 5561 3785 5620 volumine

2204 5621 2367 5703 ξςγιί,
2402 5639 2455 5693 p.
2493 5624 2621 5703 .525,
2667 5625 2861 5703 paucis
2889 5628 3128 5703 quidem,
3181 5629 3275 5685 sed
3304 5633 3521 5703 egregia
3568 5634 3636 5688 de
3683 5635 3783 5687 hac

2202 5691 2507 5749 Heumanni
2534 5691 2788 5761 Opinione
2812 5691 3097 5764 judicavit.
