3972 6420
116 400 176 468 ιι
1206 402 1305 463 DE
1344 399 1687 463 SCRIPTIS
1719 399 2014 462 lSlDORI
2050 397 2314 460 PELUS.
3327 392 3400 456 42

117 514 256 569 tibus
302 512 599 576 restinctis,
653 509 1011 585 imminuatur
1059 511 1304 583 corporis
1361 512 1416 566 in
1445 510 1688 566 animum
1724 527 1762 576 Α
1794 511 1939 564 bam.
1982 509 2070 564 Illa
2107 519 2290 564 autem
2332 505 2420 560 bis
2453 505 2635 562 verbis
2673 505 2988 560 continetur
3026 522 3040 560 :
3082 504 3146 558 El
3182 504 3277 558 και
3314 521 3398 559 τι-

114 602 419 672 perniciosa
434 604 516 657 vis
530 604 633 674 (a).
662 603 890 676 Cognita
908 604 1070 676 igitur
1093 603 1194 658 hac
1211 605 1497 658 verborum
1529 602 1698 656 inter-

113 695 419 764 pretatione
443 695 634 750 desine
658 706 754 750 aut
796 696 977 752 verbis
1008 696 1112 750 illis
1136 695 1438 751 Psalmista:
1462 694 1564 757 uti,
1582 702 1695 757 aut,

114 784 155 838 si
188 794 336 839 recte
366 785 442 839 uti
467 786 621 850 velis,
648 802 828 842 mores
856 787 1152 843 dissolutas
1192 787 1389 856 abjice,
1419 801 1700 855 novosque

111 885 261 945 capta
287 918 302 939 ,
334 879 640 946 praesertim
669 894 793 934 cum
824 877 1002 933 ventri
1043 894 1152 934 non
1184 888 1278 934 tuo
1313 877 1438 932 cibo
1469 877 1696 941 servias,

109 969 200 1021 sed
229 967 464 1022 aliorum
513 972 589 1024 sis
637 969 845 1024 assecla
906 985 1236 1026 mensarum.
1283 997 1354 1011 --
1404 968 1698 1039 Utriusque

110 1059 350 1128 epistolae
390 1071 712 1131 argumento
753 1063 833 1116 sic
871 1062 1144 1133 exposito,
1185 1061 1311 1132 quis
1344 1071 1430 1117 est
1462 1061 1553 1130 qui
1585 1077 1696 1116 non

113 1152 306 1216 videat,
337 1153 617 1207 diversum
659 1167 780 1208 esse
809 1154 999 1208 harum
1030 1154 1335 1208 litterarum
1365 1152 1699 1207 consilium?

109 1242 225 1312 quis
281 1254 370 1297 est
401 1243 494 1312 qui
539 1257 650 1297 non
705 1243 987 1314 intelligat,
1030 1243 1296 1298 Isidorum
1332 1258 1447 1298 non
1501 1241 1695 1297 eodem

110 1334 267 1388 modo
293 1335 588 1403 verbisque
614 1343 732 1389 arte
771 1344 982 1390 tantum
1011 1334 1266 1398 variatis,
1298 1333 1378 1389 uti
1414 1333 1698 1388 contendit

110 1421 487 1485 Heumnnus,
511 1424 606 1478 sed
632 1425 794 1479 modo
824 1425 984 1495 plane
1013 1425 1233 1480 diverso
1259 1423 1468 1479 dictum
1493 1438 1525 1479 e
1551 1422 1696 1478 Psal-

108 1515 204 1568 mis
224 1515 526 1584 repetitum
557 1515 643 1569 his
676 1515 731 1568 in
762 1514 1008 1584 epistolis
1039 1513 1339 1569 tractasse?
1357 1513 1414 1568 In
1438 1513 1526 1566 illa
1549 1513 1695 1568 enim

108 1605 383 1661 losimum
424 1605 713 1661 ridiculum
763 1619 884 1660 esse
912 1605 1175 1670 ostendit,
1214 1603 1269 1658 in
1307 1603 1409 1659 hac
1459 1601 1694 1658 Psalmi-

108 1706 198 1753 μαι
225 1699 438 1753 dictum
471 1699 879 1768 interpretatur.

171 1787 276 1843 Sed
299 1791 474 1844 etiam
503 1790 572 1845 de
599 1799 791 1860 quarta
815 1791 976 1860 hujus
1007 1789 1130 1846 libri
1166 1791 1394 1862 epistola
1423 1791 1692 1863 agendum

1803 619 1890 665 vs;
1919 601 2082 655 δεινοί
2114 603 2221 654 εἰσι
2255 596 2749 670 παραλογιζόμενοι
2785 597 2882 667 μὲν
2925 596 3130 664 λαϐεῖν,
3174 597 3395 659 ἁλόντες

1798 694 1854 746 δὲ
1886 691 2411 764 παρακρούσασθαι·
2466 690 2580 745 ἀλλ’
2611 691 2640 743 ό
2686 695 2847 758 σοφὸς
2879 689 3147 756 κρείττων
3191 688 3398 741 τούτων

1799 784 1874 837 ὢν
1905 786 2147 856 φωράσει
2186 783 2284 854 μὲν
2340 782 2439 855 τὴν
2482 782 2719 852 ἀπάτην,
2751 779 3016 849 διελέγξει
3066 779 3125 832 δὲ
3155 778 3252 849 τὴν
3281 769 3396 833 ssi-

1800 877 2020 943 νότητα.

1872 963 1927 1019 In
1969 966 2069 1020 hac
2099 979 2230 1020 vero
2266 964 2334 1020 de
2369 963 2556 1019 eadem
2597 979 2653 1018 re
2691 963 2747 1017 in
2787 963 2932 1018 hunc
2967 962 3188 1018 modum
3223 960 3397 1031 loqui-

1799 1064 1888 1111 tur
1911 1057 2154 1111 Isidorus
2183 1075 2196 1110 :
2230 1057 2291 1109 Ei
2323 1058 2414 1110 καὶ
2443 1056 2548 1108 εἰσί
2576 1071 2722 1119 τινες
2748 1055 2914 1108 δεινοὶ
2947 1055 3044 1124 μὲν
3075 1054 3394 1117 ἀπατῶν-εις

1797 1148 2008 1208 λαθεῐν.
2057 1149 2221 1202 δεινοὶ
2253 1148 2310 1202 δὲ
2347 1147 2692 1218 φωραθέντες
2737 1146 3242 1216 παραλογίσασθαι·
3275 1144 3392 1200 ἀλλ’

1796 1243 1826 1294 ὁ
1853 1239 2106 1311 Θεοφιλὴς
2137 1239 2402 1311 κρείττων
2448 1239 2654 1293 τούτων
2682 1238 3021 1308 εὑρίσκεται,
3075 1237 3238 1306 σοφὸς
3292 1237 3392 1308 μὲν

1796 1333 1872 1387 ὢν
1904 1333 2135 1386 συνιδεῖν
2165 1335 2265 1402 τὴν
2299 1333 2537 1402 ἀπάτην,
2577 1329 2886 1402 σοφώτερος
2917 1330 2975 1384 δὲ
2996 1329 3265 1398 διελέγξαι
3293 1330 3394 1401 τὴν

1797 1426 1854 1478 ὲν
1883 1427 1994 1487 τοῖς
2028 1424 2213 1492 λόγοις
2243 1425 2632 1496 κρυπτομένην
2661 1422 2960 1489 δεινότητα.

1865 1514 2036 1570 Nemo
2068 1525 2218 1570 certe
2249 1515 2468 1586 negabit
2499 1515 2717 1585 utrique
2751 1515 2994 1585 epistola:
3024 1515 3270 1570 eamdem
3303 1516 3391 1570 ln-

1794 1620 1918 1661 esse
1969 1606 2332 1670 scntentiam;
2384 1621 2449 1661 ac
2499 1621 2662 1661 nemo
2712 1605 3023 1662 consentiet
3070 1621 3193 1660 cum
3243 1607 3392 1663 Ileu-

1795 1711 2016 1752 manno.
2046 1697 2138 1770 qui
2168 1695 2434 1750 lsidorum
2464 1697 2563 1751 has
2591 1697 2852 1767 epistolas
2879 1697 3208 1752 scribentem
3235 1714 3390 1754 suam

1795 1787 2010 1841 dicendi
2055 1787 2268 1856 copiam
2313 1789 2626 1853 ostendere,
2674 1803 2910 1858 eumque
2953 1789 3234 1860 discipulis
3276 1791 3390 1847 suis

107 1889 183 1934 est
204 1897 219 1944 ;
244 1896 370 1949 quae
402 1896 538 1935 sane
579 1896 830 1952 magnam
872 1881 1038 1936 habet
1066 1897 1190 1937 cum
1229 1883 1471 1938 secunda
1497 1882 1690 1937 simili-
1723 1892 1765 1946 Β
1792 1876 2068 1947 exemplar
2101 1891 2408 1947 proponere
2441 1878 2683 1933 voluisse
2720 1879 2982 1934 audacter
3010 1877 3262 1933 aiﬁrmat.
3291 1879 3389 1934 In-

108 1971 370 2026 tudinetn.
410 1972 578 2026 Docet
620 1973 768 2027 enim
801 1971 1045 2026 Isidorus
1079 1973 1256 2028 virum
1304 1974 1505 2029 virtute
1544 1989 1689 2044 prae—

106 2063 271 2116 ditum
322 2073 696 2133 ornatumque
743 2064 868 2133 jure
923 2065 1168 2120 divinum
1197 2081 1400 2120 numen
1432 2066 1500 2120 ad
1527 2080 1688 2136 opem

108 2151 384 2209 ferendam
431 2154 720 2220 invocare;
754 2171 878 2210 eum
910 2171 1040 2210 vero
1085 2156 1199 2226 qui,
1239 2157 1440 2210 virtute
1475 2155 1686 2220 relicta,

105 2259 429 2314 supremum
483 2245 741 2300 invocare
798 2247 995 2301 audeat
1047 2263 1271 2311 numen,
1304 2248 1391 2303 his
1435 2249 1689 2319 precibus

106 2336 229 2389 nihil
268 2351 398 2391 esse
443 2335 788 2391 eﬂ‘ecturum.
821 2336 956 2404 Quae
987 2337 1168 2409 igitur,
1214 2339 1284 2393 ita
1315 2338 1462 2394 enim
1491 2340 1684 2409 pergit,

106 2429 213 2482 hac
245 2437 331 2483 est
362 2429 952 2498 amentia,quod,cum
983 2429 1146 2484 vitam
1180 2429 1501 2501 ﬂagitiosam
1527 2432 1689 2503 degas

105 2528 154 2573 et
196 2521 516 2585 scelestam,
567 2522 778 2592 precari
852 2523 1050 2577 audes:
1101 2521 1313 2594 Con/iga
1359 2524 1550 2579 timore
1600 2535 1689 2579 tuo

105 2627 281 2664 carnes
341 2627 514 2666 meas.
549 2610 684 2677 Quae
726 2613 968 2683 precatio
1020 2622 1072 2668 te
1105 2613 1281 2668 virum
1329 2613 1685 2683 petulantem,

106 2701 467 2766 luxuriosum,
498 2703 712 2757 ebrium
757 2720 864 2758 non
913 2705 1090 2759 squm
1122 2721 1234 2760 non
1292 2705 1469 2770 decet,
1498 2722 1687 2762 verum

106 2791 338 2856 ludibrii,
359 2794 474 2846 imo
489 2794 716 2864 periculi
735 2794 892 2864 plena
903 2805 988 2851 est
1003 2796 1096 2864 (ὁ).
1117 2795 1343 2850 Conaris
1355 2797 1498 2851 enim
1520 2797 1687 2852 Deum

106 2884 275 2953 ipsum
308 2884 524 2939 fallere.
564 2914 636 2926 —
663 2883 748 2940 Uti
791 2885 954 2956 igitur
977 2885 1236 2949 Isidorus,
1271 2886 1358 2940 cui
1398 2886 1537 2940 nihil
1570 2901 1688 2942 ma-

106 2974 180 3046 gis
203 2975 353 3030 cordi
402 2984 524 3030 erat
570 2989 733 3045 quam
766 2975 1017 3030 homines
1038 2975 1348 3045 petulantes
1377 2976 1446 3030 ad
1476 2975 1690 3031 sobrias

108 3082 356 3122 revocare
386 3082 591 3130 mores,
611 3067 847 3122 secunda
873 3068 930 3122 in
955 3067 1182 3136 epistola
1197 3066 1415 3122 Zosimo
1430 3067 1686 3122 ostende-

109 3170 179 3216 rat
196 3175 389 3231 preces
403 3160 529 3230 ejus
547 3175 668 3215 esse
684 3160 937 3214 ridiculas
963 3169 1019 3214 et
1043 3159 1275 3228 ineptas,
1294 3159 1366 3214 ita
1383 3159 1437 3213 in
1461 3159 1688 3230 epistola

1789 1969 1929 2040 signi
1965 1970 2174 2026 scilicet
2205 1979 2325 2025 arte
2363 1970 2419 2025 in
2458 1981 2688 2041 utraque
2724 1971 2954 2041 epistola
2992 1971 3223 2025 variavit
3261 1987 3389 2026 ora-

1790 2059 1994 2114 tionem
2012 2100 2027 2123 ,
2054 2075 2178 2115 cum
2206 2059 2350 2115 viros
2377 2059 2596 2116 fallaces
2623 2060 2679 2116 in
2704 2061 2792 2116 illa
2817 2059 3385 2133 παραλογιζομένους,

1790 2150 1844 2204 in
1877 2150 1979 2206 hac
2008 2149 2354 2216 ἀπατῶντας.
2384 2167 2608 2222 eosque,
2639 2167 2873 2223 quorum
2905 2152 3126 2208 fraudes
3155 2156 3388 2210 detecta:

1790 2243 1928 2309 sint,
1968 2243 2023 2297 in
2065 2243 2153 2298 illa
2182 2245 2416 2314 appellet
2456 2245 2706 2311 ἁλόντας,
2749 2245 2805 2299 ἱιι
2849 2245 2954 2300 hoc
2993 2246 3382 2317 φωραθένταςζ

1789 2349 1915 2389 cum
1949 2335 2178 2398 deinde.
2213 2352 2376 2406 quem
2413 2337 2466 2391 in
2503 2337 2593 2391 illa
2626 2336 2790 2405 σοφὸν
2822 2339 3154 2403 nominavit,
3194 2340 3249 2392 in
3283 2339 3387 2394 hac

1788 2435 1845 2481 et
1879 2425 2132 2496 Θεοφιλὴν
2159 2436 2215 2482 et
2249 2427 2432 2496 σοφὸν,
2465 2438 2628 2498 atque
2662 2427 2877 2482 illorum
2913 2429 3196 2484 hominum
3233 2429 3386 2485 itau-

1789 2516 2089 2571 dulentiam
2126 2518 2528 2588 vituperantem
2562 2527 2846 2589 nuncupet
2880 2518 3221 2591 σοφώτερονς
3259 2537 3384 2577 cum

1789 2606 2030 2677 denique
2061 2607 2114 2662 in
2148 2608 2250 2663 hac
2281 2623 2452 2679 pauca
2485 2607 2710 2664 minoris
2741 2609 3001 2664 momenti
3034 2610 3217 2667 addat.
3248 2609 3386 2676 Quis

1791 2714 1921 2753 vero
1961 2707 2066 2762 est,
2105 2699 2199 2769 qui
2247 2699 2445 2754 talibus
2483 2700 2693 2754 artibus
2735 2715 2887 2754 suam
2928 2701 3127 2770 probet
3164 2701 3382 2758 dicendi

1790 2789 2041 2860 copiam?
2072 2790 2196 2859 quis
2224 2798 2342 2852 est,
2376 2790 2467 2860 qui
2503 2790 2643 2844 hanc
2673 2790 3002 2861 probaturus
3031 2791 3256 2862 incipiat
3276 2835 3290 2852 .
3327 2804 3386 2849 ut

1792 2881 2030 2938 Isidorus
2074 2883 2129 2937 in
2175 2892 2403 2952 utraque
2445 2882 2694 2953 cpistola,
2732 2899 2858 2938 cum
2902 2884 3168 2952 particula
3213 2886 3386 2956 hypoo

1792 2974 2028 3040 thetica;
2073 2975 2261 3046 jungat
2305 2974 2523 3038 deinde,
2565 2983 2624 3028 ut
2667 2975 2734 3030 ab
2779 2975 2988 3032 Isidoro
3031 2977 3234 3033 factum
3277 2996 3381 3042 est.

1794 3067 2022 3138 primam
2054 3068 2393 3138 alteramque
2422 3069 2714 3124 verborum
2745 3070 3181 3126 enuntiationem
3213 3075 3384 3144 parti-

1791 3159 1932 3214 culis
1967 3160 2064 3230 μέν
2095 3169 2149 3214 et
2177 3161 2273 3228 ss;
2305 3170 2358 3216 et
2390 3171 2608 3232 pergat.
2642 3162 2719 3216 uti
2756 3161 3026 3228 Isidorus,
3058 3180 3182 3219 cum
3214 3167 3385 3236 parli-

107 3263 309 3323 quarta,
336 3253 503 3322 cujus
525 3264 903 3324 argumentum
935 3251 1097 3307 modo
1116 3251 1488 3321 exposuimus,
1517 3251 1564 3306 ei
1589 3251 1686 3306 de-
1715 3248 1759 3305 C
1791 3249 1910 3306 cula
1937 3250 2106 3304 ἀλλάἳ
2135 3250 2245 3306 lIoc
2271 3262 2420 3308 certe
2451 3268 2558 3307 non
2587 3252 2826 3308 rhetoris
2850 3262 2954 3319 est,
2985 3255 3076 3324 qui
3102 3254 3386 3326 discipulis

108 3356 410 3400 monstrare
439 3353 673 3399 conatur
706 3338 1104 3400 itivocationem
1123 3343 1176 3398 in
1201 3345 1322 3414 ejus
1347 3359 1442 3398 ore
1463 3342 1686 3413 impiam

111 3449 226 3490 esse
255 3446 312 3491 et
343 3436 732 3507 periculosam.
770 3434 972 3502 Quare,
1016 3437 1117 3490 etsi
1149 3435 1473 3491 Heumanno
1495 3449 1692 3489 conce-

109 3527 340 3582 dendum
391 3536 499 3592 est,
533 3543 781 3598 magnam
840 3528 1180 3584 intercedere
1220 3528 1362 3581 inter
1403 3534 1690 3596 utramque

109 3621 392 3688 epistolam
426 3620 1062 3688 similitudinem,tamen
1089 3621 1376 3689 utriusque
1401 3619 1688 3674 consilium

111 3713 381 3766 diversum
424 3727 550 3766 esse
579 3711 722 3766 inter
755 3727 875 3767 sese
914 3712 1037 3782 jure
1068 3711 1322 3766 contendi
1355 3726 1513 3781 posse
1540 3711 1690 3764 arbi-

113 3811 342 3866 tramur;
383 3802 572 3870 itaque
618 3799 894 3856 Zosimum
927 3801 1028 3855 has
1077 3801 1284 3856 litteras
1312 3813 1500 3854 revera
1532 3814 1691 3854 acce-

111 3894 247 3963 pisse
278 3907 604 3947 censemus.
637 3891 736 3946 Cui
787 3891 1076 3947 sententia:
1129 3891 1184 3946 id
1230 3906 1448 3962 quoque
1477 3890 1691 3946 videtur

113 3983 302 4048 favere,
335 3990 486 4054 quod
518 3984 704 4038 multa:
727 3983 793 4038 ad
822 3985 1074 4039 eumdem
1108 3984 1256 4039 hunc
1279 3982 1556 4038 Zosimum
1587 3998 1686 4038 es-

115 4083 248 4128 stant
288 4075 440 4146 apud
493 4074 766 4128 Isidorum
801 4075 1067 4146 epistolae.
1099 4090 1166 4129 ex
1197 4075 1399 4144 quibus
1437 4073 1690 4128 omnibus

114 4177 344 4233 apparet,
389 4182 519 4220 eum
553 4165 720 4220 fuisse
767 4167 925 4221 talem
973 4165 1150 4237 qualis
1177 4176 1230 4221 et
1282 4165 1336 4219 in
1373 4165 1458 4219 his
1487 4165 1691 4219 descri-

115 4252 247 4306 bitur
276 4254 477 4308 litteris
496 4259 588 4322 (c).
629 4255 744 4309 IIuc
771 4255 999 4317 accedit,
1033 4254 1177 4324 quod
1201 4269 1266 4308 ex
1294 4253 1537 4322 ejusdem
1569 4253 1689 4322 epi-

116 4345 238 4398 stola
260 4346 325 4400 ad
355 4346 719 4400 Athanasium
747 4347 1120 4416 presbyterum
1167 4346 1289 4400 data
1317 4345 1393 4416 (ά)
1441 4355 1686 4416 apparet,

117 4436 352 4490 vitiosam
387 4437 594 4491 Zosimi
643 4437 809 4491 vitam
855 4438 976 4491 aliis
1027 4452 1244 4508 quoque
1285 4437 1438 4500 viris,
1491 4437 1691 4507 quibus

116 4527 292 4598 religio
326 4528 641 4582 Christiana
671 4527 820 4581 cordi
859 4528 979 4588 fuit,
1016 4529 1184 4583 fuisse
1217 4528 1528 4583 offensioni.

180 4619 358 4690 Neque
395 4619 636 4689 reliqua,
671 4635 792 4689 qua:
823 4619 890 4674 ad
923 4619 1246 4674 sententiam
1283 4635 1435 4675 suam
1472 4620 1689 4675 lirman-

116 4711 223 4764 dam
264 4712 450 4766 attulit
497 4712 869 4776 Ileumannus,
911 4712 1157 4781 exempla
1202 4712 1333 4766 satis
1372 4719 1496 4782 apta
1539 4722 1687 4768 sunt.

117 4799 314 4857 Etenim
351 4803 520 4866 idem,
550 4804 744 4875 inquit,
779 4805 1035 4876 reperies,
1066 4805 1108 4858 si
1140 4805 1438 4860 contuleris
1464 4805 1520 4859 in
1551 4807 1690 4861 libro

116 4893 294 4961 quinto
331 4895 594 4965 epistolas
630 4896 734 4950 289
773 4907 828 4950 et
864 4896 988 4959 5i9,
1025 4912 1182 4966 quas,
1223 4906 1282 4951 ut
1317 4897 1689 4967 unusquisque

118 4981 175 5036 de
205 4986 301 5040 hac
332 5002 392 5039 re
426 4986 573 5040 facili
604 5002 767 5057 opera
790 4986 1034 5058 judicare
1058 4989 1248 5060 possit,
1277 4987 1492 5044 Graecas
1519 4987 1689 5044 ascri-

183 5124 253 5192 (a)
275 5123 455 5180 Verba
482 5123 667 5178 Grazca
693 5134 853 5179 sunt:
889 5123 1065 5194 Πῆξον
1090 5123 1258 5187 αὐτὰς
1291 5123 1389 5193 (sc.
1426 5124 1681 5193 σάρκας),

121 5199 372 5266 supinam
390 5237 405 5257 ,
436 5196 729 5264 ἀνικήτους
747 5194 977 5266 ποίησον
1002 5195 1138 5266 Δπρὸς
1156 5194 1370 5264 ἡδονὴν,
1395 5194 1518 5266 ἀντὶ
1539 5195 1685 5266 ἦλων

122 5264 144 5315 ὁ
172 5265 327 5331 9669;
360 5269 388 5318 ὁ
421 5266 517 5326 σὸς
583 5265 841 5333 πηγνύτω
885 5264 1060 5326 αὑτὰς
1096 5265 1189 5319 καὶ
1244 5265 1539 5336 νεκρούτω,
1565 5264 1571 5266 ⁷
1594 5265 1687 5316 καὶ

123 5338 400 5404 ἀκινήτους
433 5336 532 5388 καὶ
569 5336 962 5407 ἀνενεργήτους
1006 5335 1142 5405 πρὸς
1197 5335 1471 5407 ἁμαρτίαν
1511 5352 1689 5406 παραυ

123 5407 448 5469 “senatus.

185 5475 251 5536 (ti)
295 5473 476 5530 Verba
526 5473 710 5530 Grieca
751 5475 830 5530 sic
877 5491 998 5532 sese
1040 5476 1244 5531 habent
1277 5494 1288 5528 :
1319 5504 1388 5516 —
1416 5476 1488 5530 Οὐ
1528 5475 1687 5543 μόνον

124 5543 360 5616 ᾲπριπῂς
401 5545 545 5614 αὕτη
586 5547 616 5614 ἡ
652 5546 806 5616 εὐχὴ,
848 5546 985 5599 ἀλλὰ
1019 5549 1109 5599 καὶ
1141 5547 1442 5616 ιὶρωνείας,
1488 5547 1687 5616 μᾶλλον

123 5613 173 5665 di
205 5613 448 5688 κινδύνῳ
502 5616 674 5688 ptati)
701 5613 933 5684 rquod,
965 5618 1065 5670 etsi
1103 5613 1450 5688 genitivihilli
1490 5613 1686 5685 aliquo

127 5687 273 5754 modo
305 5686 562 5754 explicari
594 5696 840 5752 possunt.
870 5703 900 5741 e
935 5685 1125 5741 codice
1153 5686 1272 5740 Vat.
1316 5685 1440 5746 650,
1479 5688 1684 5741 adden-

128 5753 241 5832 dum
263 5765 342 5808 est
369 5753 489 5842 Sine
515 5755 721 5842 dubios
750 5758 974 5842 ——’63a'~!
999 5759 1108 5826 γὰρ
1137 5757 1227 5808 τὸν
1255 5757 1538 5842 ,ἀκήρατον
1562 5758 1685 5810 νοῦν

129 5823 285 5877 ταῦτα
325 5828 472 5895 αἰτῇ,
514 5825 546 5876 ἃ
575 5829 750 5877 ποιεῖν
784 5826 845 5880 οὐ
891 5823 1051 5889 ϐέλει,
1079 5823 1152 5868 “-
1184 5827 1276 5878 καὶ
1309 5823 1470 5879 αὑτὸν
1505 5845 1684 5898 παρα-

477 5919 750 5980 Ριϊεοι..
799 5923 914 5983 (in.
968 5922 1063 5981 LX
1080 5921 1302 5981 XVIII.

1793 3346 2051 3416 epistolas
2081 3362 2387 3416 proponere
2414 3347 2527 3401 vult
2559 3347 2867 3402 imitandus.
2896 3377 2964 3388 —
2991 3346 3096 3402 Sed
3125 3348 3383 3418 quoniam

1794 3437 1934 3492 infra
1967 3439 2035 3492 ad
2068 3439 2168 3492 has
2200 3439 2332 3492 milii
2368 3440 2762 3494 recurrendum
2791 3449 2876 3494 est
2908 3439 3200 3510 epistolas,
3239 3458 3387 3499 nunc

1793 3527 1985 3582 missas
2015 3528 2193 3584 facere
2222 3538 2276 3583 et
2305 3529 2372 3583 ad
2407 3529 2686 3595 ultimum,
2715 3531 2859 3600 quod
2893 3531 3076 3587 attulit
3107 3531 3386 3588 IIeuman-

1793 3634 1918 3682 nus,
1951 3620 2260 3690 exemplum
2293 3622 2525 3674 transire
2553 3621 2732 3676 liceat.

1864 3709 2044 3782 Pergit
2077 3721 2260 3768 autem
2298 3713 2384 3767 his
2418 3713 2598 3768 verbis
2635 3733 2647 3767 :
2690 3733 2707 3766 ι
2749 3711 2903 3770 [laud
2938 3731 3067 3771 vero
3101 3716 3260 3773 facile
3297 3719 3384 3773 in-

1793 3801 2012 3855 veneris
2041 3802 2326 3870 epistolam
2357 3803 2680 3857 exercitium
2714 3803 2917 3860 schola:
2947 3805 3236 3862 rhetoricae
3266 3823 3386 3862 ma-

1793 3892 1874 3964 gis
1896 3893 2224 3962 sapientetu,
2250 3909 2413 3964 quam
2445 3895 2590 3950 illam
2624 3896 2744 3950 libri
2776 3897 3026 3962 secundi,
3055 3914 3176 3968 qua:
3203 3900 3387 3957 locum

1793 3992 1946 4039 tenet
1971 3985 2330 4039 centesimum
2357 3985 2874 4057 quinquagesimum
2901 3987 3146 4042 tertium.
3176 3988 3256 4043 En
3288 3989 3386 4042 ali-

1791 4078 1934 4148 quod
1965 4079 2084 4147 ejus
2114 4079 2389 4148 specimen
2422 4096 2488 4135 ex
2518 4095 2615 4136 ore
2647 4081 2966 4152 interpretis
2999 4100 3012 4136 :
3050 4081 3154 4137 Vos.
3174 4099 3385 4152 aequum

1793 4166 1951 4236 fuerit
1985 4168 2244 4221 rationem
2276 4169 2430 4232 inire,
2462 4186 2565 4240 qua
2599 4171 2736 4224 hanc
2767 4172 3162 4226 insectationem
3199 4174 3383 4233 oblite-

1792 4259 1950 4320 retis;
1980 4259 2324 4314 obliterabitis
2353 4271 2550 4326 autem,
2573 4262 2618 4315 si
2648 4263 2716 4316 ad
2747 4262 3015 4318 meliorem
3044 4274 3269 4319 mentem
3299 4283 3383 4318 re-

1791 4351 2025 4415 dieritis;
2069 4353 2301 4406 redibitis
2343 4362 2542 4418 autem,
2583 4355 2629 4407 si
2668 4352 2972 4424 Scripturas
3011 4373 3194 4411 sacras
3235 4374 3386 4412 veras

1793 4461 1900 4498 csse
1934 4447 2298 4509 credideritis;
2332 4447 2551 4501 credetis
2586 4457 2786 4511 autem,
2821 4449 2868 4502 si
2901 4450 3227 4502 continenter
3258 4451 3383 4518 ipsis

1791 4537 2080 4605 ['ruamini;
2119 4537 2368 4606 [memini
2410 4548 2607 4596 autem.
2646 4541 2692 4594 si
2733 4557 2919 4594 earum
2959 4551 3186 4596 mentem
3227 4543 3383 4596 intel-

1747 4597 2056 4691 )lcxeritis;
2101 4627 2400 4698 intelligetis
2439 4639 2648 4694 autem,
2693 4631 2739 4684 si
2783 4633 3054 4685 assiduam
3099 4650 3218 4686 cum
3263 4635 3386 4689 siris

1792 4716 1971 4770 divina
2011 4719 2270 4786 sapientia
2314 4721 2550 4789 praeditis
2592 4724 3015 4777 consuetudinem
3059 4724 3386 4787 habueritis;

1791 4807 2043 4862 habebitis
2075 4820 2272 4871 autem,
2311 4811 2355 4864 si
2388 4813 2572 4864 vitium
2615 4814 2890 4883 ingentis;
2939 4817 3148 4884 fugietis
3183 4827 3382 4878 autem,

1791 4896 1835 4949 si
1863 4913 2042 4965 partas
2065 4901 2166 4968 ipsi
2191 4901 2544 4969 impendentes
2572 4903 2882 4968 timueritis;
2911 4906 3155 4960 timebitis
3182 4917 3381 4965 autem.

1790 4989 1835 5041 si
1870 4989 2036 5044 Deum
2075 5009 2181 5046 esse
2215 4993 2572 5059 credideritis;
2607 4998 2824 5050 credetis
2859 5007 3059 5059 autem,
3091 4999 3136 5050 si
3173 5016 3200 5052 e
3235 5009 3383 5051 tanto

1795 5125 2089 5198 κρούεσθαι
2119 5127 2260 5180 ϐέλει
2287 5128 2378 5180 τὸν
2409 5131 2627 5198 κριτήν.

1871 5201 1938 5265 (c)
1995 5197 2324 5274 Montanium
2358 5197 2571 5255 esteas
2599 5217 2813 5264 omnes.
2848 5221 2970 5274 qua:
2996 5216 3087 5258 aut
3118 5207 3182 5259 ad
3233 5205 3379 5260 Zosi-

1797 5283 1962 5345 mu_m,
1997 5279 2090 5345 aut
2109 5269 2173 5321 ad
2202 5268 2480 5345 losimuni
2521 5268 2898 5343 presbyterum
2927 5277 3066 5328 datae
3091 5287 3238 5339 sunt,
3263 5278 3382 5345 epi-

1797 5338 2580 5415 stolaseidenrviroscriptas
2603 5338 2826 5415 esse—
2857 5347 2938 5398 Cf.
2970 5346 3065 5398 lib.
3105 5365 3140 5401 I.
3171 5338 3254 5415 ep.
3293 5338 3379 5406 6|.

1802 5409 1922 5480 res.
1972 5409 2404 5480 54,135,140.
2452 5409 2888 5478 184,225,315,
2934 5417 3060 5479 sn,
3095 5409 3220 5478 38-2;
3255 5419 3381 5480 iss,

1796 5476 1937 5550 465;
1975 5477 2069 5550 lib.
2106 5494 2168 5541 ιι,
2201 5494 2290 5546 ep.
2329 5481 2416 5541 ss.
2455 5476 2704 5547 41.124,
2741 5476 3216 5550 mals-1.153;
3261 5476 3381 5550 m;

1799 5549 2596 5626 17g,_g§2,_2ss._agrs;__ub.
2632 5569 2714 5619 ιιι,
2741 5571 2828 5624 ep.
2865 5557 2952 5619 56,
2996 5558 3084 5619 tit,
3119 5561 3207 5620 97,
3251 5549 3383 5626 275,

1793 5617 1925 5742 iiiis.l
1955 5620 2239 5684 553,366,
2272 5621 2410 5684 tos;
2459 5623 2550 5676 lib.
2604 5617 2798 5695 w,'ep'.
2857 5617 2996 5693 isi;
3055 5617 3149 5684 lib.
3198 5617 3386 5698 'v,epl

1832 5731 1845 5742 .
1873 5705 1902 5740 Θ
1932 5705 1980 5742 ς.

1832 5731 1845 5748 ,
1873 5699 1980 5742 etc.

1865 5761 1940 5829 (rt)
1977 5759 2092 5813 Lib.
2126 5775 2184 5825 Il,
2217 5775 2304 5831 ep.
2338 5763 2458 5818 I62.
