3972 6406
612 389 687 457 63
1711 378 2175 445 COMMENTAT

2282 378 2730 443 rwmmn.
3807 372 3871 437 α

612 509 788 578 (lima
825 504 1152 559 emerui-llis.
1196 499 1301 558 Sed
1343 501 1469 566 ohe,
1514 500 1589 556 sic
1631 500 1779 556 enim
1824 502 1999 573 pergit
2038 500 2179 555 lleu-
2209 504 2251 559 Α
2285 508 2373 566 pta
2421 498 2655 570 quippe,
2700 499 2777 555 uti
2826 498 2942 571 ipse
2990 499 3098 562 ait,
3147 500 3217 564 ad
3260 499 3583 558 Grreorum
3636 497 3873 559 liberm,

613 610 864 656 mannus.
884 595 996 661 jam
1028 592 1158 649 satis
1188 602 1290 648 est.
1320 592 1387 648 Et
1416 592 1535 663 plus
1560 593 1732 647 altero
1763 601 1916 647 tanto
1943 591 2187 662 sequitur

611 688 924 760 gradatione
966 686 1100 757 pari.
1139 684 1295 753 Quis,
1334 700 1539 756 quasso.
1581 687 1726 740 serio
1768 687 1840 740 ita
1880 688 2079 741 scribat
2119 684 2186 740 ad

611 783 966 847 quemquam?
1019 797 1035 825 ι
1078 803 1145 815 —-
1184 774 1399 828 Nostris
1441 776 1778 843 temporibus
1814 784 1963 830 certe
2000 789 2183 840 nemo,

609 868 700 938 qui
724 868 889 923 salem
919 867 1095 921 habet.
1120 864 1231 921 Nec
1253 866 1423 937 magis
1450 868 1647 921 nostris
1677 867 2013 937 temporibus
2036 868 2187 936 quis.

609 972 793 1026 quam,
829 957 916 1011 cui
952 957 1235 1011 subactum
1268 966 1353 1010 est
1380 956 1665 1027 judicium,
1700 957 1910 1012 Veteris
1943 956 2185 1027 Novique

611 1044 945 1102 Testamenti
986 1045 1128 1100 dicta
1168 1045 1249 1100 sic
1286 1044 1751 1114 interpretabitur,
1793 1045 1869 1099 uti
1911 1045 2077 1099 multa
2115 1044 2184 1100 ab

612 1136 815 1193 Isidoro
850 1138 1112 1209 explicata
1153 1146 1301 1193 sunt.
1336 1138 1474 1192 Num
1515 1138 1638 1193 inde
1678 1140 2049 1207 consequitur,
2087 1137 2185 1191 lsi-

611 1230 798 1286 dorum
827 1231 1199 1301 epistolarum,
1223 1230 1420 1300 quibus
1446 1230 1641 1300 inepte
1668 1239 1762 1285 aut
1789 1230 2026 1285 ridiculae
2051 1246 2184 1284 con-

612 1322 854 1376 tinentur
894 1324 1277 1393 praphetarutn
1320 1322 1401 1375 vel
1443 1323 1810 1391 apostolorum
1856 1322 2181 1392 interpreta-

614 1414 807 1477 tiones,
855 1423 1130 1469 auctorem
1179 1430 1285 1468 non
1335 1414 1491 1469 esse?
1532 1412 1661 1479 Qua:
1707 1416 2103 1483 argumentatio
2151 1432 2182 1469 a

610 1506 826 1558 nemine
870 1504 1084 1574 probari
1129 1514 1541 1575 potest;-quam
1587 1508 1632 1560 si
1681 1506 1976 1575 rejicimus,
2022 1508 2182 1562 simul

608 1596 763 1649 cadet
789 1594 1093 1648 chmanni
1119 1595 1479 1650 ratiocinatio.
1507 1596 1775 1651 Caeterum
1806 1599 1936 1652 mibi
1964 1600 2180 1668 qui.1em

610 1694 907 1755 prteeeptor
928 1684 1085 1738 talem
1109 1684 1390 1754 epistolam
1413 1686 1692 1754 discipulis
1719 1687 2031 1741 imitandam
2060 1702 2182 1757 pro-

2287 590 2618 660 eosdetnque
2665 607 2882 662 pueros.
2931 592 3022 663 qui
3071 592 3254 664 fugere
3301 594 3461 648 ludos
3506 592 3784 662 iubentur
3825 598 3879 643 et

2288 681 2615 749 spectacula.
2658 682 2791 738 Nam
2834 684 2878 738 si
2925 684 3063 740 hanc
3105 700 3230 740 cum
3274 701 3361 750 ea,
3405 700 3524 755 qua
3572 680 3877 743 antecedit,

2287 772 2511 841 cpistola
2551 774 2866 835 contuleris.
2903 791 3012 845 quo
3050 776 3215 829 modo
3254 775 3499 829 Isidorus
3543 773 3614 829 ad
3661 773 3879 827 adoles-

2286 873 2474 917 centes
2502 864 2745 919 scribere
2774 867 3031 935 potuerit,
3060 866 3565 937 intelliges.Verbis
3592 864 3748 918 enim
3781 863 3879 916 bu-

2280 957 2371 1027 jus
2399 957 2661 1027 epistolre,
2684 972 2805 1027 qua
2826 958 2950 1012 data
2976 966 3059 1012 est
3084 959 3150 1012 ad
3181 956 3515 1026 Harpocram
3544 956 3879 1025 sophistam,

2286 1046 2489 1101 ultimis
2514 1046 2750 1103 Isidorus
2774 1047 3028 1109 declarat,
3055 1064 3114 1102 se
3139 1049 3205 1101 ab
3227 1063 3293 1101 eo
3319 1056 3685 1117 provocatum
3710 1046 3881 1098 etiam

2282 1139 2351 1193 ad
2386 1139 2761 1194 adolescentes
2794 1150 3001 1209 propte.
3043 1141 3236 1197 malam
3271 1138 3661 1193 educationem
3696 1135 3887 1203 pravis

2283 1230 2530 1285 moribus
2553 1241 2801 1285 assuetos
2824 1231 3108 1300 scripsisse
3136 1232 3227 1300 (c).
3251 1229 3404 1297 Quod
3431 1228 3477 1281 si
3507 1229 3613 1281 has
3643 1228 3711 1281 ad
3738 1226 3883 1279 llar-

2282 1336 2501 1393 pocram
2538 1322 2743 1376 litteras
2779 1337 2887 1375 non
2923 1321 3138 1376 tictitias
3174 1336 3295 1375 esse
3328 1333 3555 1383 censes,
3596 1331 3783 1385 neque
3822 1312 3887 1366 il—

2282 1413 2410 1477 lam,
2449 1430 2569 1483 qua:
2610 1414 2918 1470 Graecorum
2961 1414 3146 1467 liberis
3188 1413 3387 1482 scripta
3432 1420 3541 1473 est,
3582 1408 3886 1479 epistolam

2284 1504 2554 1558 rhetorico
2582 1508 2734 1558 more
2766 1503 3118 1572 compositam
3150 1515 3271 1555 esse
3300 1500 3471 1553 dices.

2352 1616 2551 1683 Quinto
2584 1617 2704 1670 loco
2738 1615 2898 1670 affert
2931 1614 3284 1669 llenmannus
3343 1611 3465 1665 libri
3502 1626 3538 1662 ll
3583 1606 3885 1679 epistolam

2286 1706 2421 1771 251,
2457 1706 2610 1761 Petro
2643 1708 2956 1774 inscriptam
2985 1705 3237 1774 apostolo.
3271 1701 3535 1770 lnScripta
3566 1710 3764 1752 autem
3795 1705 3889 1750 εει

608 1789 817 1885 ponens
839 1775 1021 1885 derisu
1046 1776 1259 1878 videtur
1280 1793 1399 1885 eis.“
1419 1776 1654 1885 dignior,
1679 1793 1840 1848 qnam
1870 1781 1958 1842 qui
1991 1780 2177 1850 hUjUS-
2213 1830 2253 1885 Β
2282 1793 2461 1856 Petro,
2499 1796 2563 1849 ad
2602 1810 2761 1865 quem
2802 1795 2917 1847 alia:
2958 1808 3172 1863 quoque
3210 1793 3520 1861 complures
3558 1791 3707 1843 datae
3750 1794 3889 1842 sunt

608 1865 815 1921 cemodi
848 1866 1052 1921 litteras
1082 1865 1248 1920 mittit
1276 1866 1456 1922 alicui.

678 1980 920 2036 Alterum
968 1998 1093 2036 vero
1142 1997 1551 2052 argumentum,
1599 1998 1707 2054 quo
1755 1984 1967 2040 efficere
2016 1986 2181 2041 voluit

611 2069 994 2137 lleumannus,
1048 2082 1107 2126 ut
1160 2073 1276 2143 ipse
1328 2072 1405 2128 ait
1458 2076 1595 2143 (α),
1651 2076 1937 2146 plerasque
1991 2077 2177 2131 lsidori

608 2163 864 2231 epistolas
885 2180 1003 2218 esse
1027 2164 1263 2229 fictilias,
1286 2164 1409 2220 inde
1434 2168 1719 2235 repetitum
1745 2176 1847 2231 est,
1873 2170 2014 2238 quod
2038 2186 2176 2224 non-

607 2256 768 2309 nulla:
804 2256 1016 2325 scripta?
1051 2256 1159 2309 sint
1192 2256 1257 2309 ad
1296 2272 1389 2311 eos
1423 2258 1512 2327 qui
1550 2258 1731 2313 vivere
1765 2260 1966 2314 dudum
2003 2262 2178 2315 desie-

610 2355 731 2400 rant
766 2366 775 2399 :
812 2347 972 2399 veluti
1012 2347 1131 2401 libri
1167 2363 1179 2399 I
1211 2348 1436 2415 epistola
1479 2349 1593 2411 557,
1626 2349 1691 2404 ad
1723 2349 2050 2416 Oribasium,
2083 2352 2177 2407 Ju-

610 2437 735 2492 liani
772 2440 1113 2508 imperatoris
1148 2442 1445 2507 medicum;
1480 2443 1722 2512 adeoque
1756 2443 1980 2509 dudum,
2016 2454 2074 2498 ut
2107 2446 2181 2498 ait

609 2530 727 2593 ille,
760 2530 884 2589 illuc
920 2542 1168 2589 avectum
1204 2532 1346 2586 unde
1376 2548 1535 2587 nemo
1567 2535 1723 2587 redit.
1754 2533 1907 2599 Quod
1939 2546 2179 2590 veterum

608 2623 933 2690 scriptorum
972 2621 1294 2676 testimoniis
1328 2623 1664 2692 probandum
1704 2632 1806 2678 cst.
1847 2625 1979 2678 Nam
2014 2625 2180 2679 Julia-

606 2727 709 2764 nus
743 2712 883 2766 diem
922 2727 1233 2781 supremum
1274 2713 1407 2767 obiit
1446 2728 1589 2767 anno
1625 2714 1756 2779 561,
1793 2731 1900 2785 quo
1938 2725 2178 2786 tempore

607 2802 885 2857 Oribasius
911 2803 1135 2856 forsitan
1166 2804 1382 2874 triginta
1407 2805 1491 2859 vel
1516 2807 1868 2876 quadraginta
1893 2824 2062 2863 annos
2086 2825 2179 2863 na-

611 2903 725 2957 tus,
761 2894 922 2962 hujus
950 2894 1129 2948 saeculi
1167 2893 1325 2948 tinem
1358 2898 1591 2965 novique
1624 2899 1833 2952 initium
1865 2900 2047 2955 videre
2080 2918 2178 2971 po-

609 2985 729 3043 tuit.
762 2998 939 3055 neque
970 2986 1231 3039 lsidoruin
1263 2987 1555 3057 quidquam
1588 2990 1935 3059 impediebat,
1967 2993 2178 3062 quomi-

608 3093 710 3131 nus
737 3077 944 3131 medico
977 3077 1049 3130 illi
1083 3078 1436 3132 celeberrimo
1467 3079 1704 3136 mitteret
1734 3083 2035 3150 epistolam.
2071 3083 2175 3138 Sed

2285 1886 2547 1953 epistolas.
2571 1884 2843 1951 Qumritur
2863 1900 2958 1938 cur
2980 1884 3067 1938 ille
3091 1883 3357 1937 addiderit
3381 1882 3607 1950 apostoli
3644 1893 3883 1933 nomen.

2284 1976 2596 2045 Respondet
2636 1976 2750 2045 ipse
2788 1976 2981 2029 :llunc
3002 1976 3325 2047 significare,
3366 1990 3474 2027 non
3516 1974 3689 2027 alium
3712 1971 3890 2025 -illius

2282 2068 2456 2121 relatis
2473 2065 2711 2129 Petrum,
2737 2067 2930 2135 partim
2960 2081 3021 2119 es
3051 2066 3376 2120 allocutione
3406 2078 3749 2133 cognoscere
3782 2077 3887 2115 no-

2283 2159 2367 2212 bis
2401 2158 2646 2211 videmur
2683 2156 2941 2225 (Quonam
2986 2166 3034 2210 te
3077 2159 3284 2210 nomine
3323 2156 3616 2225 appellem,
3663 2155 3885 2223 inquit,

2282 2251 2419 2318 quod
2451 2250 2551 2301 tuis
2582 2266 2680 2318 par
2707 2251 2775 2302 sit
2808 2249 3071 2315 meritis).
3104 2248 3297 2318 partiln
3328 2264 3393 2301 ex
3425 2247 3673 2315 epistola:
3708 2260 3883 2314 argu-

2284 2352 2485 2394 mento.
2520 2340 2647 2393 Illud
2682 2340 2813 2393 nihil
2846 2351 2925 2393 est
2960 2340 3062 2392 nisi
3098 2339 3289 2393 blanda
3321 2353 3451 2400 vox,
3484 2354 3589 2406 qua
3625 2337 3883 2390 lsiilorus

2283 2434 2443 2486 etiam
2486 2432 2537 2486 in
2579 2433 2696 2485 aliis
2734 2432 2977 2501 epistolis
3016 2433 3079 2484 ad
3122 2432 3255 2484 alios
3290 2431 3430 2483 datis
3468 2443 3879 2497 nonnunquam

2285 2541 2414 2577 usus
2448 2534 2528 2577 est
2564 2526 2669 2591 id):
2704 2524 2807 2577 hoc
2840 2524 2974 2575 adeo
3008 2524 3199 2592 probat
3233 2522 3588 2575 contrarium.
3626 2520 3881 2574 Isidorus

2282 2616 2424 2667 enim
2461 2616 2686 2690 exponit
2718 2616 2881 2668 haece
2914 2616 2965 2668 in
2998 2615 3224 2683 epistola
3258 2629 3447 2667 causas
3479 2629 3576 2666 cur
3607 2613 3881 2666 incitalcs

2280 2706 2478 2761 Christi
2518 2717 2570 2760 rt
2608 2707 2972 2776 apostolorum
3014 2707 3311 2760 doctrinam
3350 2705 3603 2758 lubenter
3641 2720 3880 2774 recepe-

2281 2798 2407 2855 rint.
2437 2798 2732 2866 statuitque
2765 2798 2863 2851 has
2892 2797 3057 2851 fuisse
3084 2798 3176 2849 τὸν
3202 2797 3357 2864 λόγον
3384 2797 3682 2866 ἀξιόχρεων
3714 2797 3873 2855 ὄντα,

2278 2891 2367 2942 τόν
2398 2906 2454 2939 τε
2490 2889 2685 2959 τρόπον
2715 2888 2821 2941 τῶν
2852 2890 3246 2958 κηρυττόντων.
3280 2890 3441 2942 Petro
3476 2887 3723 2957 apostolo
3762 2889 3878 2943 sci-

2282 2982 2405 3035 licet
2440 2982 2553 3035 hec
2588 2980 2767 3034 omnia
2802 2982 3073 3050 explicare
3106 2980 3293 3035 debuit
3322 2981 3495 3049 quinti
3531 2983 3715 3035 seculi
3756 2998 3878 3037 mo-

2280 3075 2515 3129 nachus!
2555 3073 2893 3142 Quid?quod
2932 3074 2998 3127 de
3038 3072 3293 3141 apostolis
3332 3082 3587 3140 tanquam
3628 3072 3695 3126 de
3738 3072 3877 3125 viris

609 3165 781 3233 placet
821 3166 1120 3219 concedere
1164 3164 1472 3221 Oribasinm
1511 3168 1711 3223 Juliani
1759 3172 2025 3227 medicum
2065 3175 2172 3243 jam

2282 3163 2590 3233 jamdudum
2633 3163 2888 3227 mortuis,
2924 3178 3045 3217 cum
3087 3164 3205 3216 illos
3240 3162 3469 3232 appellat
3505 3164 3875 3233 olpavomll-

606 3264 879 3309 mortuum
927 3255 1111 3310 luisse.
1160 3256 1311 3313 Unle
1360 3260 1575 3314 tandem
1621 3261 1971 3319 llenmannus
2016 3267 2177 3320 habet

607 3357 941 3413 compertqu
973 3347 1069 3399 has
1094 3346 1282 3400 lsidori
1312 3347 1378 3401 ad
1400 3348 1707 3402 Oribasium
1736 3352 2001 3407 medicum
2032 3354 2175 3408 litte-

610 3449 697 3488 ras
721 3435 870 3489 datas
893 3450 1012 3489 esse
1034 3437 1099 3489 ad
1123 3436 1428 3491 Oribasium
1449 3437 1647 3491 Juliani
1674 3440 1962 3493 medicum.
1988 3441 2178 3497 Nonne

606 3526 741 3579 alius
787 3528 977 3583 eodem
1028 3528 1248 3581 nomine
1298 3530 1556 3597 praeditus
1606 3530 1886 3585 l'elusiota:
1936 3542 2177 3602 tempore

607 3618 788 3672 vivere
820 3619 1031 3687 potuit?
1061 3618 1214 3684 Quod
1246 3620 1288 3672 si
1319 3622 1626 3685 statuimus,
1659 3622 1959 3677 lleuruanui
1993 3626 2177 3680 conci-

606 3713 685 3764 dit
724 3714 1008 3766 sententia.
1048 3708 1197 3766 Licet
1234 3725 1413 3767 autem
1455 3724 1713 3777 statuere,
1755 3732 1877 3770 cum
1923 3718 2020 3787 ipsi
2064 3719 2178 3786 epi-

605 3801 754 3854 stolas
784 3801 987 3854 nullum
1021 3802 1150 3855 insit
1177 3802 1461 3873 vestigium
1480 3842 1493 3865 ,
1524 3819 1555 3857 e
1582 3821 1690 3874 quo
1719 3806 1970 3877 colligere
2002 3810 2176 3876 possi-

606 3910 726 3948 mus
756 3895 898 3947 hanc
924 3895 987 3946 ad
1016 3892 1214 3947 Iuliani
1246 3895 1510 3949 medicum
1543 3897 1719 3951 datam
1751 3914 1887 3953 esse.

677 3983 1004 4047 Quod‘vero
1051 3982 1397 4037 llenmannus
1444 3989 1724 4041 contendit
1769 3991 2007 4057 ejusdem
2056 3996 2174 4049 libri

607 4072 886 4139 epistolam
914 4071 1034 4136 591,
1057 4072 1121 4125 ad
1147 4072 1412 4126 medicum
1438 4075 1723 4143 quemdam
1754 4079 2009 4148 scriptam
2033 4096 2173 4144 esse,

608 4163 679 4215 ita
709 4170 767 4215 ut
794 4162 953 4215 etiam
987 4162 1103 4217 hinc
1131 4162 1201 4216 sit
1230 4162 1615 4218 documentum
1648 4167 1960 4222 variatienis
1992 4171 2174 4225 rheto-

606 4256 749 4317 t‘icm,
784 4269 931 4307 error
956 4265 1039 4309 est
1068 4264 1161 4308 aut
1188 4255 1377 4323 ipsius,
1407 4264 1504 4309 aut
1532 4260 1874 4328 exemplaris,
1905 4277 2012 4331 quo
2045 4280 2170 4317 usus

606 4368 708 4399 tet.
746 4345 802 4398 ln
841 4362 961 4399 meo
996 4347 1142 4399 enim
1181 4346 1297 4401 haec
1332 4348 1557 4415 epistola
1596 4350 1719 4404 data
1757 4361 1839 4405 est
1876 4354 1941 4405 ad
1981 4354 2172 4409 Dome-

2278 3273 2396 3319 τας,
2431 3257 2681 3325 loquatur
2712 3255 3013 3318 Pelusiota;
3046 3255 3188 3323 quod
3218 3264 3365 3308 certe
3395 3269 3504 3307 non
3539 3254 3795 3317 fecisset.
3829 3255 3874 3311 si

2279 3347 2558 3417 discipulis
2586 3347 2835 3416 exemplo
2858 3346 3147 3399 ostendere
3171 3345 3449 3407 voluisset,
3476 3360 3585 3416 quo
3614 3347 3781 3401 modo
3806 3346 3877 3401 ad

2280 3436 2501 3492 Petrum
2527 3439 2831 3508 apostolum
2863 3438 3211 3493 scribendum
3242 3446 3404 3492 esset.
3439 3436 3562 3492 llmc
3593 3438 3709 3508 ipsa
3743 3454 3878 3493 scn-

2282 3530 2421 3584 tiens
2452 3528 2803 3585 Heumannus
2834 3531 3008 3601 pergit
3039 3531 3092 3583 in
3127 3531 3271 3583 hunc
3303 3530 3521 3583 modum
3556 3548 3570 3584 :
3611 3550 3629 3579 ι
3672 3530 3874 3598 Blajori

2279 3624 2600 3693 clariorique
2634 3625 2751 3691 iure
2785 3624 2927 3677 inter
2954 3623 3166 3677 fietitias
3196 3623 3454 3698 epistolas
3482 3623 3781 3677 referimus
3814 3624 3877 3676 li-

2281 3715 2361 3769 bri
2392 3733 2422 3770 v
2458 3730 2546 3785 ep.
2566 3715 2689 3777 461,
2710 3714 2774 3768 ad
2798 3714 3077 3768 mulierem
3102 3716 3355 3783 scriptam
3379 3714 3600 3767 nomine
3615 3713 3873 3771 Theano.

2281 3807 2383 3862 Usa
2425 3808 2641 3881 quidem
2687 3808 2789 3861 hoc
2832 3807 3051 3861 nomine
3092 3815 3175 3860 est
3214 3806 3318 3860 lilia
3359 3806 3441 3859 vel
3489 3821 3623 3859 uxor
3663 3806 3874 3876 Pytha-

2278 3913 2437 3967 gora).
2474 3898 2603 3963 Quae
2636 3909 2757 3952 cum
2794 3897 2960 3951 fuisse
2996 3898 3205 3968 legatur
3237 3898 3596 3967 philosophiae
3630 3902 3868 3965 cultrix,

2279 3997 2462 4041 noster
2509 3988 2744 4041 Isidorus
2794 3988 2843 4041 id
2893 3989 3131 4041 nominis
3177 3989 3319 4044 haud
3369 3989 3605 4043 absurde
3653 3991 3872 4047 affinxit

2279 4078 2488 4133 mulieri
2537 4079 2860 4133 Christiana:
2907 4080 3163 4148 professa:
3212 4081 3649 4150 philosophiam,
3695 4099 3868 4151 quam

2277 4174 2616 4239 exhortatur,
2650 4181 2709 4227 ut
2742 4187 2855 4226 sua:
2887 4171 3244 4241 professionis
3280 4189 3505 4239 memor,
3538 4191 3607 4227 no.
3642 4178 3869 4232 studeat

2276 4267 2489 4335 placere
2523 4266 2673 4319 viris.
2716 4284 2735 4317 ι
2778 4264 2837 4318 1η
2881 4266 2963 4319 his
3006 4267 3171 4320 multa
3212 4276 3338 4320 sunt
3373 4269 3753 4341 vituperanda.
3793 4301 3868 4313 -

2277 4358 2513 4413 Primum
2550 4359 2693 4412 enim
2734 4358 2926 4426 probet
2964 4356 3314 4411 llenmannus
3347 4374 3569 4413 necesse
3608 4372 3725 4427 est,
3760 4362 3864 4417 lsi-

607 4438 769 4490 stium
788 4435 857 4505 (b)
892 4437 1179 4501 medicum,
1213 4452 1387 4507 neque
1417 4438 1471 4491 in
1504 4437 1847 4497 Rittershusii
1880 4446 2039 4507 notis,
2073 4462 2173 4500 nec
2208 4487 2250 4541 υ
2279 4451 2469 4505 dorum
2524 4448 2575 4502 id
2627 4450 2859 4501 nominis
2912 4449 3169 4516 aﬁinxisse
3225 4449 3434 4503 mulieri
3485 4450 3861 4507 Christiaram

608 4527 659 4579 in
711 4526 849 4580 Petri
896 4526 1517 4584 PossiniCollationibus
1543 4531 1646 4584 ulla
1695 4542 1877 4588 notata
1915 4548 2016 4601 est,
2055 4553 2172 4607 quae

605 4616 906 4672 lleurnanni
936 4620 1257 4674 sententiam
1284 4622 1837 4696 firmaret,seriptura:
1866 4627 2169 4685 diversitas.

676 4709 808 4773 Qua:
850 4726 975 4763 vero
1018 4711 1084 4765 de
1128 4713 1352 4781 epistola
1396 4716 1460 4769 ad
1500 4715 1802 4771 Oribasium
1846 4720 2004 4786 paulo
2047 4729 2173 4777 ante

605 4800 840 4855 diximus
867 4802 971 4855 dici
1003 4802 1164 4855 etiam
1198 4815 1421 4871 possunt
1455 4806 1521 4859 de
1550 4808 1775 4877 epistola
1804 4810 1927 4863 libri
1962 4827 2004 4874 ι,
2042 4811 2166 4877 108,

606 4890 673 4944 ad
707 4890 1057 4945 Proseresium
1090 4894 1407 4962 saphistam,
1438 4895 1665 4951 Oribasii
1700 4902 1980 4968 requalem.

676 4979 856 5049 Neque
883 4982 1184 5045 manifesto,
1214 4985 1287 5037 uti
1316 4987 1567 5054 Opinatur
1593 4988 1965 5055 llenmannus,
1996 4992 2169 5047 ﬁctio-

606 5084 727 5125 nem
784 5073 1156 5127 scholasticam
1195 5077 1368 5144 prodit
1406 5079 1523 5131 lihri
1561 5097 1587 5131 v
1622 5082 1845 5147 epistola
1888 5082 2001 5147 186,
2040 5086 2169 5137 scri-

678 5245 751 5317 (u)
784 5244 1136 5317 llenmannus
1165 5244 1200 5297 1.
1233 5260 1281 5299 c.
1321 5246 1365 5317 §.
1397 5246 1488 5311 XI,
1524 5264 1575 5317 p.
1621 5249 1703 5313 17,
1740 5250 1825 5304 18.

677 5315 749 5381 (1))
798 5314 929 5387 Cod.
966 5314 1090 5369 Bav.
1116 5314 1397 5387 dape-clo);
1422 5314 1565 5387 quod
1589 5329 1816 5375 notante
1841 5321 2003 5375 Petro
2043 5321 2170 5378 Pos—

608 5383 725 5437 sino
755 5392 808 5435 et
841 5383 891 5435 in
919 5387 1017 5439 cod
1068 5386 1172 5439 Alt.
1204 5383 1401 5440 exstat.

683 5456 747 5515 (ε)
780 5452 981 5527 Graeca,
1022 5471 1155 5527 quc
1196 5457 1301 5511 huc
1347 5467 1593 5527 spectant
1636 5462 1815 5526 verba,
1850 5462 1965 5516 haec
1996 5472 2123 5516 sunt
2156 5482 2166 5515 :

621 5523 834 5603 ςΕττειᾷὴ
863 5523 917 5575 δὲ
950 5524 1043 5603 ita}
1072 5526 1168 5594 τὴν
1216 5523 1617 5603 ῥμῂείκινῆσαι
1648 5523 1893 5603 Ϊλῶτταν
1926 5532 2033 5584 δεῖν

608 5591 725 5669 ρης,
759 5595 853 5669 ᾡςΔ
874 5596 1081 5669 μεγάλα
1120 5591 1425 5668 τινὶ-(ὅπερ
1479 5591 1575 5650 οὒκ
1623 5591 1797 5669 οἶμαι)
1844 5591 2166 5669 ἁνύσουσάὗ,

608 5661 697 5739 ἵκω.
726 5663 964 5739 pho/{gul
993 5661 1286 5739 saturnia,
1321 5661 1411 5719 καί
1445 5670 1574 5737 πρός
1594 5661 1790 5733 αὑτοῦξ
1824 5672 2094 5739 γέγραφα.

672 5732 756 5855 (de
790 5733 919 5785 Nolo
950 5733 1131 5787 laudes
1162 5732 1589 5790 commemorare
1619 5732 2164 5804 quibusoinatlsido-

672 5815 706 5855 ιϐ
758 5802 810 5855 ib
862 5818 917 5855 tt.
940 5818 1024 5855 en.
1059 5804 1174 5855 151.
1210 5804 1589 5855 Thconhilum.
1622 5809 1888 5855 Timothei
1922 5814 2141 5855 l'ratrom

606 5807 706 5863 rus
736 5802 810 5856 lib
862 5818 917 5866 ιι,
940 5818 1024 5873 ep.
1059 5804 1174 5869 151,
1210 5804 1592 5877 Tthphilum,
1622 5802 1889 5865 Timothei
1922 5814 2166 5881 fratrem,

2280 4538 2536 4610 professae
2577 4539 2994 4608 philosophiam.
3036 4539 3186 4593 Unde
3220 4541 3364 4594 enim
3401 4542 3564 4599 habet
3600 4559 3861 4613 comper-

2277 4640 2423 4696 tum,
2456 4630 2739 4683 Pelusiotae
2776 4637 3019 4699 tempore
3054 4632 3333 4685 mulierem
3371 4632 3471 4685 hoc
3505 4633 3725 4687 nomine
3760 4650 3860 4689 or-

2276 4733 2462 4778 natam
2493 4737 2597 4775 non
2634 4720 2871 4774 vixisse?
2904 4752 2971 4763 —
3009 4722 3213 4776 Deinde
3249 4723 3324 4775 illi
3365 4722 3859 4783 demonstrandum

2277 4821 2392 4869 erat
2418 4812 2501 4866 his
2526 4812 2578 4867 in
2607 4812 2801 4865 litteris
2828 4811 2893 4865 de
2920 4811 3143 4866 muliere
3171 4814 3251 4884 agi
3281 4815 3615 4886 pliilosOpha,
3647 4818 3699 4871 in
3728 4821 3859 4889 qni-

2276 4905 2377 4958 bus
2406 4919 2475 4958 ne
2504 4920 2670 4957 unum
2702 4912 2781 4957 est
2811 4904 2973 4971 hujus
3001 4903 3077 4957 rei
3104 4905 3409 4975 vestigium.
3434 4939 3496 4947 —-
3524 4908 3768 4978 Denique
3801 4912 3860 4967 id

2278 4994 2514 5048 nominis
2556 4995 2696 5047 haud
2737 4995 2968 5048 absurde
3005 4997 3218 5050 mulieri
3256 4997 3578 5053 Christiana:
3616 5001 3857 5057 allictmn

2282 5101 2399 5139 esse
2444 5086 2655 5140 Ostendi
2697 5096 2924 5155 oportet.
2965 5086 3103 5152 Quid
3143 5090 3327 5143 enim?
3368 5092 3676 5163 Pythagora-
3721 5111 3860 5149 uxor

2278 5258 2579 5327 quibusque
2611 5256 2853 5329 fratrem,
2879 5258 3179 5329 quibusque
3207 5260 3570 5319 Theodosium
3602 5265 3851 5326 cumulat

2278 5329 2589 5408 episcopum
2609 5328 2701 5408 lib.
2728 5345 2791 5408 tt,
2814 5344 2900 5397 ep.
2923 5329 3017 5408 231
3044 5348 3057 5394 ;
3085 5328 3208 5408 nolo
3232 5347 3417 5408 eoru-m
3452 5338 3689 5399 nomina,
3710 5356 3855 5408 quos

2278 5393 2491 5452 vecavil
2524 5398 2609 5451 ille
2644 5393 2687 5451 ὦ
2717 5393 3315 5474 φιλοᾶοφὶᾳςζᾶγαλμα,
3350 5398 3393 5453 ὦ
3418 5393 3849 5474 φρονήσεώς-τέζ

2280 5484 2437 5545 pavo;
2481 5484 2843 5545 enumerare;
2889 5471 3226 5545 satisliateo
3279 5471 3601 5527 sententiam
3662 5480 3851 5545 paucis

2274 5539 2591 5659 probavisse
2615 5542 2895 5608 exemplis.
2942 5542 3139 5593 Scribit
3181 5553 3361 5596 autem
3394 5545 3629 5599 Isidorus
3650 5539 3852 5617 (ζμ-1110

2406 5625 2461 5659 ΙΙ.
2506 5624 2591 5659 PD.
2648 5609 2768 5659 1⁵27.
2806 5639 2869 5647 —-
2908 5610 3003 5659 τῆξ
3040 5610 3136 5659 sic
3171 5612 3344 5659 τοίνυν
3391 5616 3537 5659 ἐστὶν
3634 5610 3678 5659 ὦ
3708 5621 3758 5659 τε
3792 5638 3848 5659 με

2297 5608 2365 5659 ib.
2406 5625 2461 5666 ll.
2506 5624 2591 5676 ep.
2648 5609 2768 5671 1'27,
2806 5639 2869 5647 ——
2908 5610 3003 5677 τῆς
3040 5610 3136 5677 σῆς
3171 5612 3344 5663 τοίνυν
3391 5616 3557 5677 ἐστὶ-Ι,
3634 5608 3758 5671 (LE:
3792 5638 3850 5673 σε

2274 5679 2525 5755 καὶέσᾳί
2552 5678 2714 5743 ἀξίως
2760 5680 3083 5755 προσείπως
3157 5682 3533 5749 μεγαλονοίας
3587 5702 3710 5755 ηυδε
3768 5677 3849 5741 ιζ)-

2272 5748 2469 5820 quendi
2503 5747 2730 5820 formula
2761 5749 2991 5820 recurrit
3027 5750 3077 5801 in
3129 5747 3355 5820 epistola
3395 5756 3459 5807 ad
3500 5747 3848 5813 Aminonium

2273 5815 2364 5869 lib.
2403 5832 2459 5880 It,
2498 5832 2586 5886 ep.
2620 5819 2739 5883 156,
2763 5830 2817 5873 et
2842 5818 3136 5874 Palladium
3164 5815 3253 5875 lib.
3293 5838 3372 5889 tn,
3406 5840 3490 5886 ep.
3526 5825 3610 5883 75.
