3972 6422
110 409 177 474 ιε
1202 412 1301 473 DE
1341 408 1680 471 SCRIPTIS
1719 406 2011 469 ISIDORI
2045 405 2306 466 PELUS.
2705 391 2715 403 ’
3308 395 3383 463 48

110 519 187 574 vel
221 518 328 572 ﬁlia
361 518 585 573 Theano
619 516 720 573 fuit
754 518 1109 590 philosopha;
1146 523 1289 591 quod
1325 523 1392 577 de
1427 520 1684 584 muliere,
1718 523 1761 580 Α
1789 518 1954 571 vitam
1997 515 2299 572 concedere
2345 513 2604 584 placeret,
2643 526 2707 566 ex
2752 511 2855 565 hac
2899 527 2955 566 re
2999 510 3231 578 nullum,
3272 527 3381 583 quo

110 612 174 665 de
202 625 307 679 qua
345 611 397 663 in
434 611 519 664 bis
552 612 729 681 agitur
761 612 984 676 litteris,
1020 611 1099 665 uti
1129 611 1240 681 jam
1273 613 1539 676 diximus,
1573 626 1683 665 non

105 711 342 765 constat;
384 703 487 756 fuit
528 703 698 772 patris
738 703 1095 773 philosophia:
1137 705 1319 760 dedita
1355 705 1438 758 vel
1475 703 1686 769 mariti;

111 795 288 848 lsidori
329 794 556 849 Theano
587 793 788 849 Christi
826 796 1116 860 doctrinm:
1149 813 1271 877 qua:
1303 798 1371 852 de
1408 798 1526 868 ejus
1559 813 1688 852 sen-

112 887 268 939 tentia
305 886 510 939 nullam
543 895 694 940 certe
730 885 921 940 habuit
955 901 1077 940 cum
1115 885 1434 959 Pythagora:
1475 887 1689 958 placitis

110 977 536 1031 similitudinem.
583 976 761 1042 Quare
811 977 1047 1053 absurde
1095 981 1298 1048 egisset
1349 979 1592 1035 Isidorus
1641 981 1684 1034 si

110 1066 358 1122 Thcanus
407 1069 626 1121 nomine
668 1078 919 1122 ornasset
967 1069 1252 1123 mulierem
1299 1069 1685 1125 Christianam.

111 1158 284 1228 Neque
318 1161 422 1214 hoc
457 1160 609 1220 fecit,
643 1160 738 1214 sed
769 1161 916 1214 misit
948 1161 1087 1216 hanc
1117 1162 1400 1230 epistolam
1431 1163 1685 1228 Theano,

113 1249 219 1302 viro
248 1251 495 1311 cuidam;
526 1250 673 1319 quod
707 1265 770 1306 ex
806 1247 920 1320 ipsa
958 1252 1346 1321 inscriptione,
1380 1255 1596 1325 Θεανῷ,
1632 1266 1692 1309 nt

111 1342 158 1393 in
205 1341 461 1394 omnibus
510 1341 661 1395 libris
712 1344 1098 1413 manuscriptis
1153 1347 1432 1415 hucusque
1479 1346 1690 1401 collatis

111 1430 503 1501 exstat..eolligi
531 1445 690 1500 posse
717 1431 970 1486 arbitror.
1001 1431 1212 1487 Etenim
1239 1436 1284 1488 si
1312 1435 1378 1489 ad
1407 1437 1688 1492 mulierem

111 1527 225 1579 data
254 1536 422 1589 esset,
451 1527 802 1580 scribendum
833 1526 1026 1582 fuisset
1055 1528 1280 1593 Bsavoi‘;
1311 1531 1454 1599 quod
1487 1541 1540 1585 et
1574 1532 1691 1603 ipse

114 1615 456 1671 ileumannus
507 1617 789 1682 sentiens,
846 1619 1260 1688 inscriptionem
1315 1623 1688 1694 corrigendum

111 1722 220 1760 esse
249 1715 476 1771 censet,
507 1723 837 1778 causamque
869 1710 1032 1779 hujus
1058 1713 1414 1768 correctionis
1443 1731 1692 1783 quaeren-

113 1798 247 1852 tibus
276 1799 583 1862 nobis,Res
613 1802 749 1870 ipsa,
782 1801 1076 1870 respondet
1107 1802 1216 1866 ille,
1248 1804 1464 1868 clamat,
1499 1806 1689 1860 mulie-

114 1888 254 1946 breui
286 1901 542 1946 ornatum
582 1901 710 1946 nota
746 1892 885 1947 allici
925 1894 1197 1948 censoria.
1235 1895 1366 1961 Qute
1404 1897 1595 1961 verba,
1631 1901 1684 1951 ni
1727 1871 1762 1922 υ

113 1983 277 2046 fallor,
324 1984 541 2038 initium
594 1985 760 2055 hujus
807 1987 1051 2056 epistolae
1097 1998 1367 2058 spectant,
1412 1993 1554 2060 quod
1605 1993 1688 2049 his

114 2073 281 2127 verbis
315 2073 634 2128 continetur
670 2092 683 2128 :
720 2077 780 2128 Ἠ
821 2077 1145 2146 φιλοκοσμία
1180 2081 1274 2132 καὶ
1314 2083 1344 2151 ἡ
1383 2082 1492 2133 τῶν
1525 2083 1688 2137 λίθων

113 2163 257 2234 ᾶνϐη,
285 2167 379 2218 καὶ
412 2165 507 2217 τοῦ
536 2167 739 2236 χρυσοῦ
767 2169 800 2237 ὴ
833 2169 966 2238 πρὸς
995 2169 1215 2234 τούτους
1245 2173 1565 2242 ἀνάκρασις,
1594 2176 1688 2227 καὶ

116 2254 370 2324 domini.
401 2257 624 2316 ἑλικτοὶ.
658 2260 751 2311 καὶ
775 2260 1064 2330 ὸςιθαλμῶν
1089 2264 1426 2333 ὑπογραφαὶ,
1450 2267 1540 2318 καὶ
1560 2265 1689 2318 κά).-

114 2345 227 2410 λους
261 2349 556 2418 σοφισμὸς.
593 2351 687 2404 καὶ
718 2353 774 2405 αἱ
810 2353 936 2420 περὶ
987 2353 1160 2406 ταῦτα
1203 2357 1577 2425 κακοτεχνίιι,
1613 2353 1689 2411 ὧν

118 2452 196 2498 σε,
227 2454 278 2488 κ.
310 2453 360 2488 τ.
395 2437 442 2488 λ.
477 2437 607 2503 Qure
641 2455 768 2493 vero
802 2442 981 2495 omnia
1016 2459 1170 2512 aeque
1203 2447 1334 2498 viris
1367 2449 1456 2516 qui
1493 2449 1688 2504 mulie-

118 2525 274 2588 ribus,
301 2543 363 2580 ac
397 2528 719 2583 mulieribus
747 2545 864 2599 quae
892 2532 1021 2586 viris
1049 2535 1270 2588 student
1298 2536 1530 2605 placere.
1558 2554 1688 2593 con-

120 2617 347 2670 veniunt.
383 2618 576 2672 Nonne
611 2621 764 2673 multi
798 2623 968 2675 nostri
1005 2624 1102 2678 εεινί
1138 2625 1512 2681 adolescentes
1539 2645 1660 2698 gem

118 2708 211 2762 mis
254 2726 373 2764 sese
421 2713 729 2766 exornant?
770 2729 953 2769 nonne
994 2731 1235 2788 gemmas
1279 2734 1413 2773 auro
1453 2719 1689 2776 inclusas

117 2801 379 2868 gestiunt?
417 2817 602 2858 nonne
646 2805 1015 2861 calamistrum
1061 2809 1350 2873 adhibent,
1397 2812 1688 2882 multisque

119 2892 242 2955 aliis,
269 2909 390 2962 qua:
420 2895 783 2950 instrumenta
812 2897 1036 2953 luxuriae
1063 2908 1210 2964 sunt,
1239 2901 1688 2968 utttntueruare

120 2985 352 3055 equidem
384 3003 494 3041 non
523 2988 682 3043 video
710 3003 806 3043 cur
834 2989 1153 3046 Heumanno
1184 2993 1498 3047 muliebrem
1527 3009 1689 3049 orna-

122 3083 221 3128 tum
245 3086 371 3130 nota
395 3077 534 3132 allici
559 3080 808 3134 censoria
831 3082 1130 3138 concedere
1152 3082 1466 3138 debeamus.
1488 3116 1556 3125 -
1581 3085 1688 3140 Sed

122 3165 197 3220 his
237 3184 454 3240 quoque
498 3172 774 3226 concessis
812 3179 998 3228 nostra
1040 3189 1128 3228 res
1171 3175 1316 3229 salva
1355 3176 1489 3240 erit,
1527 3177 1687 3232 dum-

120 3259 268 3312 modo
294 3269 639 3325 statuamus,
687 3263 971 3317 mulierem
1019 3265 1384 3319 Christianam
1433 3266 1689 3323 Tbeanus

122 3351 328 3408 nomine
357 3362 611 3409 ornatam
643 3354 832 3411 lsidori
867 3359 1204 3426 temporibus
1229 3359 1445 3415 vixisse.

183 3443 520 3516 Quapropter
548 3461 726 3516 neque
754 3449 925 3503 altero
956 3450 1056 3503 hoc
1086 3461 1428 3522 argumento,
1460 3451 1546 3507 cui
1580 3463 1690 3508 tam

124 3537 332 3592 multum
373 3539 570 3594 tribuit
605 3539 990 3603 Heumannus.
1028 3543 1160 3597 satis
1196 3544 1432 3598 ﬁrmavit
1465 3554 1690 3600 senten-

124 3625 235 3680 tiam
263 3644 437 3684 suam.
465 3629 677 3696 Quibus
701 3631 962 3702 expositis
987 3633 1147 3687 nobis
1173 3633 1240 3688 ad
1270 3635 1487 3688 tertium
1506 3675 1519 3698 ,
1545 3636 1687 3704 quod

124 3720 349 3784 protulit,
369 3722 606 3776 transire
627 3723 771 3777 licet.
797 3743 814 3775 ι
837 3721 1256 3788 Conﬁrmamus,
1281 3727 1457 3794 inquit
1480 3725 1569 3781 ille
1588 3726 1687 3798 (α),

125 3811 430 3864 sententiam
464 3821 710 3866 nostram
739 3815 898 3870 tertio
927 3824 1279 3886 argumento,
1313 3819 1454 3889 quod
1488 3835 1689 3892 suppe-

126 3896 281 3951 ditant
326 3901 486 3956 nobis
531 3903 776 3972 epistola:
825 3905 986 3975 hujus
1029 3908 1212 3977 operis
1259 3911 1686 3966 contumeliose.

127 3987 212 4053 Qui
253 3994 398 4048 enim
452 3995 727 4064 possimus
774 4000 1017 4062 credere,
1068 4000 1317 4064 homines
1368 4004 1505 4068 illos,
1554 4019 1690 4073 quos

129 4089 218 4134 tam
250 4085 376 4148 acri,
411 4086 524 4140 imo
557 4087 821 4156 petulanti
856 4090 1052 4159 saepius
1084 4106 1316 4146 censura
1348 4095 1561 4149 vexavit
1595 4096 1691 4150 lsi-

129 4172 298 4240 dorus,
333 4178 586 4234 omisisse
621 4179 672 4232 id
709 4180 980 4235 inultum?
1012 4182 1167 4248 Quod
1187 4185 1230 4238 si
1265 4201 1395 4240 vero
1417 4188 1600 4243 multis
1634 4187 1689 4240 in

130 4266 261 4319 malis
289 4284 412 4322 eum
444 4270 766 4336 multarunt,
793 4273 906 4342 qui,
935 4289 1138 4343 quaeso,
1171 4276 1370 4330 factum
1402 4287 1500 4340 est,
1533 4289 1590 4332 ut
1620 4296 1689 4335 ne

130 4353 374 4412 ietissima
406 4361 628 4430 quidem
661 4372 910 4416 occurrat
943 4365 1105 4434 hujus
1139 4368 1214 4420 rei
1251 4369 1487 4421 mentio?
1516 4389 1534 4420 ι
1559 4370 1690 4436 Quae

133 4448 269 4500 verba
297 4451 570 4518 quomodo
602 4449 950 4507 Heumannus
979 4455 1220 4510 scribere
1249 4458 1504 4525 potuerit,
1535 4459 1690 4529 equi-

131 4539 232 4591 dem
267 4542 564 4613 intelligere
600 4559 823 4612 prorsus
855 4561 964 4598 non
1001 4562 1244 4615 possum.
1276 4547 1484 4602 Etenim
1519 4566 1583 4602 ex
1620 4551 1686 4603 il-
1721 4569 1763 4624 ῃ

131 4628 200 4693 lis,
239 4647 365 4700 quas
417 4641 570 4702 parte.
620 4633 789 4701 prima
836 4636 1136 4702 attulimus,
1186 4637 1372 4691 lsidori
1420 4639 1684 4707 epistolis,

135 4715 257 4777 hunc
297 4726 364 4778 ab
405 4725 743 4786 hominibus.
784 4727 836 4779 in
877 4743 1108 4796 quorum
1151 4743 1330 4783 mores
1371 4732 1568 4784 acriter
1603 4733 1687 4785 in-

133 4826 295 4868 “etus
327 4826 440 4877 est,
477 4818 807 4881 exapitatum
844 4835 963 4874 esse
996 4831 1208 4890 pateret
1244 4823 1600 4893 cognoscere,
1639 4827 1684 4882 si

134 4903 361 4959 Chatartli
399 4908 684 4976 epistolam
715 4909 782 4961 ad
814 4909 1177 4966 Godofredum
1216 4913 1429 4968 Billium
1466 4932 1576 4971 non
1609 4917 1686 4973 leo

134 5006 275 5059 gerat,
317 4997 367 5050 in
415 5015 522 5068 qua
573 5000 658 5052 ille
703 4997 1026 5056 Pelusiotatn
1069 5005 1394 5060 acerrimum
1434 5007 1684 5063 vitiorum

136 5083 487 5144 inscetatorem
538 5091 589 5143 in
633 5093 923 5146 multorum
967 5095 1264 5152 incurrisse
1302 5098 1505 5163 odium,
1545 5101 1686 5154 mul-

135 5185 297 5247 usque
350 5183 399 5236 ei
455 5192 692 5238 structas
745 5199 865 5239 esse.
923 5185 1146 5242 insidias
1197 5190 1280 5242 vel
1335 5205 1444 5244 uno
1497 5192 1688 5260 probat

135 5271 370 5338 exemplo.

194 5359 286 5415 Sed
314 5364 526 5419 etiamsi
558 5363 879 5421 Heumanno
909 5367 1171 5423 lsidorutn
1202 5370 1440 5439 quietam
1474 5371 1684 5441 degisse

196 5519 262 5595 (e)
290 5519 594 5595 lleumann.
632 5523 672 5595 l_._
701 5540 750 5580 c.
785 5523 828 5595 ᾗ.
863 5523 977 5584 XII.
1014 5541 1065 5595 p.
1104 5526 1189 5585 l8,
1219 5527 1302 5588 l9,
1329 5527 1419 5582 20.

196 5588 260 5667 ψ)
288 5589 589 5667 S_chrtekhii
627 5593 767 5667 [l_ist.
786 5588 931 5647 'eccl.
960 5588 1095 5650 to'm.
1137 5596 1294 5662 XVII,
1326 5614 1378 5667 p.
1406 5599 1530 5652 5'25.

198 5657 260 5731 (e)
301 5660 414 5731 l_.ih.
450 5679 501 5727 v,
541 5678 629 5731 ep.
669 5665 756 5718 52.

200 5727 357 5808 (ἔχει
391 5733 486 5808 μὲν
521 5727 631 5804 γάρ
665 5734 986 5808 παρᾳίνεσις
1024 5731 1112 5808 ἦν,
1154 5738 1374 5808 ἔπεμψα
1407 5741 1471 5794 ἄν
1501 5757 1510 5766 ·
1569 5739 1688 5792 ἐπεὶ

142 5791 186 5848 ἃ
208 5791 544 5869 θρῆικξῖστ(
564 5791 635 5872 μὶ
647 5791 877 5873 vos-313;,
902 5791 1002 5858 obit
1034 5791 1332 5879 έδὸκίμαὶςά
1350 5791 1599 5880 neptim}
1641 5791 1688 5862 tl

1787 607 2112 663 sententiam
2149 619 2304 661 suam
2339 603 2611 667 firmaret,
2647 610 3027 673 argumentum
3064 612 3250 673 posset
3282 606 3378 656 de-

1786 711 2059 771 promere.
2087 697 2222 753 Nam
2253 712 2376 752 cum
2409 711 2466 750 se
2497 694 2722 750 credere
2751 709 2861 749 non
2894 709 3054 765 posse
3083 694 3247 756 dicat.
3279 694 3378 749 ho-

1787 791 1964 846 mines
2008 790 2148 856 illos,
2193 804 2330 860 quos
2374 798 2483 842 tam
2530 787 2663 852 acri,
2714 787 2823 841 imo
2868 787 3134 857 petulanti
3179 787 3379 855 saepius

1786 897 2016 940 censura
2041 882 2319 937 vexaverit
2342 879 2599 946 Isidorus,
2625 880 2678 935 id
2701 879 2953 934 omisisse
2978 879 3232 944 inultum,
3259 896 3381 933 rur-

1787 988 1882 1028 sus
1915 972 1968 1027 in
2005 985 2246 1028 errorem
2281 971 2490 1026 incidit.
2523 969 2796 1041 Cogitanti
2833 969 2978 1023 enim
3016 968 3145 1022 mihi
3181 968 3246 1022 de
3279 984 3378 1021 au-

1787 1065 2062 1124 ctoritate.
2085 1079 2248 1134 quam
2277 1074 2407 1117 tunc
2431 1061 2695 1133 temporis
2717 1059 2968 1114 monachi
2993 1070 3145 1115 erant
3172 1058 3376 1130 adepti,

1787 1165 1845 1210 et
1877 1157 2141 1210 memoria
2175 1156 2498 1218 seditiones,
2531 1168 2668 1223 quas
2699 1167 2822 1206 cum
2855 1152 3038 1206 multis
3069 1152 3122 1204 in
3155 1153 3380 1222 provinv

1787 1243 1888 1298 ciis
1922 1252 2035 1297 tum
2072 1244 2339 1313 imprimis
2374 1244 2428 1296 in
2456 1242 2691 1314 Egypto
2725 1241 2939 1295 illorum
2973 1241 3249 1295 exercitus
3283 1257 3379 1296 ex-

1789 1334 1985 1390 citasse
2011 1336 2270 1390 dicuntur
2295 1336 2367 1405 (b)
2398 1334 2689 1405 repetenti,
2719 1334 2769 1386 id
2795 1343 2943 1388 certe
2971 1333 3084 1388 ﬁeri
3114 1335 3378 1401 potuisse,

1789 1427 1974 1481 videre
2007 1427 2135 1480 mihi
2169 1427 2374 1481 videor.
2406 1426 2522 1480 Huc
2551 1425 2764 1480 accedit
2793 1425 2934 1495 quod
2967 1425 3228 1488 Isidorus,
3262 1442 3381 1481 mo-

1791 1517 2010 1570 nasterii
2044 1517 2125 1570 sui
2159 1517 2357 1577 abbas,
2389 1517 2470 1569 vir
2499 1515 2665 1571 fuerit
2697 1532 2906 1570 morum
2939 1517 3254 1588 integritate
3283 1518 3382 1576 do-

1793 1610 2092 1678 ttrinu-que
2129 1610 2285 1679 copia
2325 1609 2590 1681 insignis,
2625 1617 2788 1678 atque
2822 1609 3147 1664 auctoritate
3182 1611 3380 1680 gravis.

1793 1701 1971 1767 Quare
2005 1716 2104 1755 nos
2136 1717 2329 1756 omnes
2362 1717 2456 1756 eas
2490 1701 2767 1770 epistulas.
2802 1716 2922 1770 qute
2957 1702 3025 1756 ab
3062 1700 3382 1756 lletnnanno

1798 1803 2081 1863 propterea
2113 1794 2257 1863 quod
2289 1795 2354 1848 ad
2391 1794 2565 1855 viros.
2599 1801 2660 1848 ut
2694 1796 2868 1864 ipsius
2900 1805 3022 1849 utar
3054 1795 3264 1856 verbis.
3299 1797 3382 1851 vel

1795 1885 1934 1940 civili
1967 1885 2050 1938 vel
2074 1885 2440 1940 ecclesiastica
2468 1885 2731 1956 dignitate
2755 1886 3063 1942 eminentcs
3086 1889 3225 1941 data:
3251 1889 3380 1951 sint,

1796 1989 1894 2044 pro
1923 1973 2124 2028 lictitiis
2150 1985 2529 2038 numerantur,
2561 1976 2712 2039 viris,
2737 1976 2802 2030 ad
2831 1992 2967 2047 quos
2992 1978 3209 2048 scriptae
3233 1987 3382 2046 sunt,

1798 2081 1986 2120 revera
2019 2067 2211 2120 missas
2241 2081 2362 2121 esse
2393 2067 2703 2122 Statuitnus.

1865 2155 1969 2208 Sed
2014 2155 2350 2210 redeundtlm
2391 2155 2550 2210 nobis
2592 2166 2677 2210 est
2715 2156 2780 2210 ad
2824 2156 3079 2226 epistolas
3119 2174 3255 2226 quas
3296 2159 3383 2215 ille

1795 2241 2086 2310 appeltavit
2118 2242 2434 2306 invectivas,
2467 2257 2710 2313 quasque
2741 2247 3032 2300 exercendi
3062 2249 3182 2319 styli
3213 2250 3381 2320 gratia

1797 2341 2043 2385 exaratas
2076 2332 2247 2387 fuisse
2285 2349 2348 2387 ex
2385 2335 2564 2404 aliqua
2604 2337 2670 2390 ad
2710 2334 3040 2405 Harpocratn
3079 2341 3380 2409 sophistam

1796 2423 2024 2492 epistola
2067 2425 2135 2491 (ε)
2175 2435 2405 2478 conatur
2441 2427 2694 2494 probare.
2736 2446 2754 2477 ι
2799 2427 2936 2482 lluic
2975 2431 3146 2492 enim,
3185 2433 3381 2502 inquit,

1796 2516 1886 2582 qui
1924 2515 2142 2569 satiram
2179 2516 2278 2585 ipsi
2316 2516 2538 2572 miserat
2572 2519 2626 2571 in
2661 2518 3064 2582 Martinianum,
3105 2522 3382 2578 Zosimum

1797 2615 1851 2659 ct
1881 2606 2252 2667 Eustathiutn,
2288 2609 2565 2674 rescribit,
2598 2624 2716 2662 eam
2751 2625 2810 2664 se
2837 2612 2904 2666 ad
2939 2611 3056 2665 illos
3088 2615 3381 2671 missurum

1799 2696 1939 2749 baud
1971 2711 2112 2751 esse.
2138 2697 2274 2751 Cum
2305 2698 2450 2752 enim
2483 2700 2734 2754 dicantur
2764 2702 2944 2757 hi;riri
2978 2719 3098 2758 esse
3130 2705 3387 2775 imtilaca-

1795 2785 1930 2839 biles
1963 2786 2181 2850 bestize,
2213 2802 2270 2840 se
2299 2803 2410 2841 non
2443 2789 2795 2856 effecturum,
2830 2801 2889 2846 ut
2920 2793 2988 2846 ab
3016 2794 3140 2848 aliis
3175 2797 3383 2867 llarpo-

1796 2892 1916 2932 cras
1948 2878 2101 2948 quasi
2139 2878 2282 2932 bello
2310 2880 2544 2949 quodam
2576 2892 2810 2951 petatur.
2839 2883 2960 2939 Jam
2991 2890 3133 2957 quod
3170 2890 3381 2959 Harpo-

1797 2984 1902 3025 crze
1931 2971 2177 3025 accidere
2207 2970 2383 3026 noluit
2414 2972 2680 3042 Isidorus,
2713 2977 2858 3032 idem
2889 2993 2992 3033 nec
3025 2979 3128 3034 sibi
3161 2968 3384 3039 evenire

1798 3061 2034 3116 voluisse
2064 3065 2372 3120 credendus
2401 3074 2502 3119 est.
2543 3085 2561 3117 ι

1867 3151 2000 3220 Quae
2049 3154 2357 3210 Heumann!
2402 3163 2568 3212 verba
2617 3173 2684 3214 eo
2734 3165 2946 3215 tantum
3001 3163 3230 3219 consilio
3279 3166 3385 3222 huc

1794 3245 2111 3314 transcripsi
2137 3248 2337 3311 omnia,
2363 3255 2423 3302 ut
2442 3250 2690 3320 exemplo
2712 3253 3023 3321 probarem,
3047 3255 3224 3310 virum
3247 3259 3384 3314 alio-

1794 3339 1884 3405 qui
1919 3341 2240 3409 prudentem
2271 3351 2327 3397 et
2356 3342 2577 3398 doctum
2607 3346 2976 3414 prrejudicata,
3009 3366 3170 3418 quam
3201 3355 3386 3410 animo

1793 3433 2065 3502 concepit,
2111 3434 2369 3504 opinione
2417 3437 2470 3489 in
2518 3437 2700 3492 varios
2748 3439 2862 3509 rapi
2914 3457 3073 3510 posse
3119 3459 3381 3514 errores;

1793 3524 1930 3579 adeo
1964 3533 2021 3578 ut
2055 3541 2175 3594 quae
2211 3527 2313 3596 ipsi
2344 3530 2616 3583 contraria
2649 3539 2810 3596 sunt,
2843 3533 2943 3586 sibi
2975 3534 3160 3591 favere
3189 3539 3384 3608 opine-

1794 3624 1900 3670 tur.
1935 3617 1992 3670 ld
2037 3617 2360 3674 l-leumanno
2398 3621 2486 3674 his
2522 3622 2586 3675 ad
2627 3621 2955 3694 llarpocram
2993 3628 3190 3684 litteris
3229 3648 3385 3690 suam

1793 3709 2092 3777 probaturo
2115 3712 2440 3766 sententiam
2465 3713 2733 3770 accidisse
2754 3718 3007 3774 arbitror.
3037 3719 3108 3776 Ex
3134 3723 3217 3778 his
3239 3728 3386 3784 enim

1792 3813 2013 3874 apparet
2052 3803 2352 3871 lsidorum,
2391 3807 2746 3880 scriptionem
2785 3814 2887 3868 sibi
2925 3816 2994 3870 ab
3030 3817 3122 3870 illo
3162 3820 3384 3876 missam

1794 3894 2148 3962 Martiniano,
2199 3899 2414 3955 Zosimo
2464 3911 2628 3972 atque
2680 3905 2966 3961 Eustathio
3018 3910 3233 3967 tradere
3284 3929 3388 3968 no-

1793 3988 1959 4044 luisse
1988 4001 2304 4060 propterea,
2338 3995 2594 4062 quoniam
2628 3997 2936 4054 contineret
2964 4011 3222 4073 satyram.
3255 4006 3386 4061 Ete-

1792 4081 1904 4135 nim
1937 4083 1981 4135 si
2018 4092 2098 4147 tu,
2133 4083 2327 4153 inquit,
2357 4085 2502 4139 viros
2535 4087 2653 4142 illos
2684 4091 2994 4158 petulantes
3024 4095 3253 4164 epistola
3285 4101 3386 4153 ad-

1791 4174 2030 4228 hortatus
2061 4192 2224 4241 esses,
2260 4177 2398 4232 hanc
2433 4178 2536 4232 illis
2570 4181 2838 4236 misissem
2873 4185 2984 4253 (d);
3034 4189 3127 4240 sed
3161 4192 3385 4245 satiram

1793 4265 2031 4320 retinere
2072 4267 2294 4335 placuit.
2333 4269 2580 4338 Namque
2617 4270 2960 4340 vituperandi
2998 4277 3218 4346 quidem
3257 4293 3386 4338 sunt

1793 4355 1860 4408 de
1895 4353 2082 4411 lsidori
2120 4361 2391 4413 sententia
2424 4361 2491 4428 (e)
2523 4361 2612 4430 qui
2647 4363 2792 4418 vitiis
2827 4365 3096 4432 laborant,
3131 4372 3228 4425 sed
3259 4390 3382 4428 ver-

1794 4448 1878 4502 bis
1927 4449 2075 4502 duris
2133 4450 2478 4504 admiscenda
2534 4463 2661 4507 sunt
2711 4456 3064 4514 humanitatis
3116 4464 3276 4531 plena
3330 4476 3386 4521 et

1795 4544 2245 4598 mansuetudinis.
2270 4543 2476 4610 Quibus
2505 4549 2768 4615 expositis
2797 4566 2906 4604 non
2939 4568 3164 4611 necesse
3195 4567 3297 4623 est,
3327 4572 3386 4616 ut

1797 4635 1864 4687 dc
1901 4635 2154 4706 singulis,
2188 4651 2309 4706 qua:
2341 4638 2567 4706 protulit
2601 4639 2717 4701 ille.
2751 4645 3016 4714 exemplis
3049 4648 3225 4703 fusius
3259 4669 3386 4706 sen-

1798 4727 2024 4780 tentiam
2057 4728 2320 4781 dicamus.

1865 4818 2135 4874 Caeterum
2169 4820 2406 4885 videant,
2438 4823 2528 4892 qui
2564 4823 2870 4881 Heumanni
2904 4831 3151 4898 partibus
3181 4833 3385 4899 favent,

1794 4927 1864 4965 ne
1890 4912 2166 4982 improbos
2189 4922 2485 4984 turpesque
2513 4916 2781 4986 imputcnt
2806 4921 3011 4977 Isidoro
3038 4941 3238 4982 mores.
3265 4929 3387 4998 Ipse

1792 5004 1940 5057 enim
1970 5003 2176 5060 Maroni
2209 5006 2278 5076 (Ῑ)
2309 5009 2520 5073 scribit,
2553 5025 2612 5064 se
2642 5027 2750 5066 non
2783 5014 2924 5069 sicut
2953 5019 3152 5073 multos
3183 5021 3250 5075 de
3282 5023 3382 5076 im-

1793 5097 2087 5164 proborum
2127 5098 2301 5153 salute
2339 5103 2563 5157 omnino
2597 5104 2957 5174 desperantes
2993 5127 3119 5165 eum
3158 5114 3386 5172 irridere

1795 5191 1958 5254 velie,
2002 5191 2128 5256 sed,
2163 5207 2285 5245 cum
2324 5194 2434 5262 jam
2475 5198 2770 5252 multorum
2811 5202 3035 5258 vidisset
3070 5210 3386 5264 conversio-

1793 5297 1939 5346 nem,
1975 5283 2210 5337 oilicium
2250 5300 2409 5340 suum
2449 5287 2700 5343 arbitrari
2740 5294 3072 5360 petulantem
3113 5315 3384 5371 quemque

1791 5374 1859 5429 ad
1895 5375 2106 5431 sobrios
2141 5392 2400 5433 revocare
2430 5397 2630 5437 mores.
2667 5383 2821 5449 Quod
2845 5387 2888 5440 si
2929 5390 3010 5442 vir
3037 5391 3125 5446 ille
3164 5407 3386 5451 sanctus

1789 5528 1833 5582 δ’
1860 5531 2220 5610 sedeam»;
2253 5535 2451 5607 βούλει,
2482 5541 2717 5610 πέμψον.

1863 5601 2200 5696 (ςξᾉίἒίιὺῖιιῖἓ
2221 5601 2309 5696 ej).
2356 5611 2496 5696 7159,,
2657 5618 2947 5696 ‘EOLY.1?9;V
2993 5621 3256 5696 μιγνύνᾳι
3287 5626 3384 5696 τὴν

1791 5673 2106 5768 ῗαρῥησίαν
2139 5678 2204 5759 τῇ
2219 5673 2692 5768 "amovisti-iui
2725 5673 2801 5756 τῷ
2821 5673 3037 5760 ’ἐλέγχῷ
3067 5673 3265 5767 διιρνᾷιρ
3287 5673 3383 5768 τήν

1790 5741 1942 5808 ἀγάπ
1983 5760 2032 5804 v,
2067 5745 2162 5797 καὶ
2182 5741 2329 5799 ὁῦιξω
2349 5741 2641 5806 νόυθεὶὲῐν.

1865 5759 2089 5882 (nlib.
2127 5830 2188 5880 ιε,
2215 5832 2302 5882 ep.
2340 5818 2424 5872 i6.

2015 5829 2089 5867 ιο.
2127 5830 2188 5880 ιε,
2215 5832 2302 5888 ep.
2340 5829 2424 5872 to.
