3972 6406
627 405 692 467 47
1699 401 2364 465 COMMENTATIONIS
2400 402 2592 462 PARS
2631 401 2712 461 II.
3809 387 3874 448 ιε

626 534 806 576 revera
833 534 988 573 suum
1017 517 1166 573 duxit
1189 532 1306 571 esse
1331 515 1582 579 officium.
1611 515 1982 578 Heumannus,
2007 518 2047 570 si
2079 517 2191 578 sibi.
2215 523 2252 576 Α
2285 530 2404 569 esse
2443 521 2726 584 poterant,
2775 510 2828 564 in
2861 521 3018 563 suum
3063 503 3335 560 transtulit
3363 517 3523 572 opus.
3557 500 3694 554 Inde
3722 500 3874 553 facil-

623 621 867 668 constare
899 611 1026 670 vult.
1064 625 1186 664 eum
1225 609 1515 679 hypocritis
1547 610 1779 664 ascribat
1813 624 2030 664 necesse
2068 618 2180 672 est,

623 705 817 777 quippe
846 704 935 773 qui
969 702 1220 772 epistolas
1253 702 1468 770 quidem
1504 702 1822 757 adhortandi
1858 716 2018 756 causa
2052 702 2184 755 scri-

624 797 809 867 pserit,
837 795 926 849 sed
959 797 1052 847 has
1080 810 1187 846 non
1219 793 1422 847 miserit
1449 792 1551 845 illis
1575 808 1804 862 quorum
1835 792 2060 862 pmﬂxit
2086 808 2182 846 no-

626 889 792 949 mina,
831 896 1120 941 contentus
1158 901 1248 939 cas
1282 886 1534 940 recitasse
1570 902 1750 940 coram
1789 886 2085 954 discipulis.
2126 884 2182 938 Si

625 995 748 1034 vero
780 981 1014 1034 Isidorus
1043 978 1169 1032 illud
1200 993 1356 1031 suum
1387 993 1496 1030 non
1525 992 1644 1031 esse
1674 977 1904 1032 oﬂicium
1935 977 2181 1039 credidit,

625 1074 848 1128 mendax
898 1080 981 1126 est
1029 1071 1170 1124 illam
1223 1068 1290 1124 ad
1343 1068 1612 1123 Maronem
1667 1069 2016 1123 conscribens
2069 1068 2184 1137 epi-

624 1163 836 1216 stolam.

693 1253 799 1308 Nos
831 1269 899 1307 ne
933 1252 1193 1308 Isidorum
1227 1267 1326 1322 pro
1353 1251 1659 1306 simulatore
1692 1267 1753 1306 ac
1787 1251 2185 1306 dissimulatore

625 1344 820 1399 habere
861 1345 1182 1408 debeamus,
1217 1344 1284 1398 ab
1324 1342 1623 1397 Ileumanni
1665 1345 1936 1398 sententia
1975 1344 2151 1397 recedi

624 1454 761 1503 mus,
792 1448 950 1508 atque
980 1439 1231 1492 lectorem
1263 1453 1528 1507 quemque
1559 1447 1764 1506 septem
1799 1437 1922 1496 illis,
1955 1452 2182 1506 quarum

623 1532 955 1585 enumeratio
986 1531 1248 1599 sequitur,
1282 1529 1521 1599 epistolis
1554 1537 1758 1583 attento
1790 1530 1970 1582 animo
2007 1530 2184 1598 perle-

622 1624 748 1685 ctis.
802 1623 1122 1676 conﬁdimus
1177 1622 1378 1675 nostris
1431 1620 1705 1675 l’auturum
1760 1637 1879 1676 esse
1922 1622 2184 1690 partibus.

625 1713 753 1769 Vide
823 1715 980 1786 igitur
1042 1715 1135 1768 lib.
1200 1713 1242 1766 Il
1295 1729 1382 1783 ep.
1427 1713 1517 1779 21,
1567 1713 1875 1783 Hermogem'
1914 1715 2183 1781 episcopo,-

621 1808 712 1861 li-b.
753 1806 816 1860 III
855 1823 942 1877 ep.
982 1808 1069 1871 35,
1113 1805 1322 1860 Hieraci
1365 1807 1690 1875 presbytero;
1731 1806 1821 1857 lib.
1863 1804 1927 1858 III
1966 1820 2052 1874 ep.
2095 1807 2180 1870 70,

2286 605 2411 658 Iime
2433 604 2698 672 quispiam
2726 602 2974 670 colligere
3003 598 3200 667 possit,
3244 594 3506 648 Irenaeum
3555 591 3700 643 nihil
3730 589 3874 642 aliud

2285 695 2464 748 dicere
2493 694 2723 745 voluisse
2748 733 2760 754 ,
2795 690 2899 743 nisi
2932 704 2989 743 se
3031 704 3060 741 e
3100 686 3281 739 multis
3316 684 3603 736 Pelusiotae
3632 681 3878 750 epistolis

2283 787 2540 855 quasdam
2599 799 2708 838 sum
2776 781 3016 850 opinioni
3086 779 3329 833 [aventes
3381 776 3611 844 elegisse
3674 787 3879 839 easque

2287 877 2642 930 transtulisse.
2698 876 2948 927 Attamen
2998 881 3109 924 tum
3161 868 3378 927 verbis,
3437 875 3556 918 tum
3601 864 3683 917 rei
3743 862 3878 915 mihi

2283 969 2499 1038 quidem
2527 968 2739 1020 videtur
2785 980 2903 1018 esse
2950 964 3124 1031 aptior
3156 962 3321 1014 altera
3355 961 3551 1013 borum
3581 959 3878 1010 verborum

2284 1058 2585 1128 explicandi
2621 1057 2777 1110 ratio.
2826 1053 3015 1107 Statue
3035 1053 3180 1106 enim
3207 1091 3221 1112 ,
3248 1052 3506 1104 Irena-um
3553 1049 3740 1100 versz
3775 1046 3880 1096 illis

2286 1149 2425 1203 banc
2452 1148 2747 1216 subjecisse
2774 1146 3098 1199 sententiam
3127 1161 3139 1194 :
3183 1142 3288 1195 Ilas
3315 1155 3506 1194 omnes
3535 1138 3730 1191 Isidori
3762 1138 3880 1201 eli-

2286 1239 2449 1293 stolas
2480 1252 2588 1290 non
2630 1237 2694 1288 ad
2730 1237 2955 1287 verbum
2984 1232 3283 1300 descripsi,
3318 1231 3412 1282 sed
3441 1227 3696 1295 excerpsi
3719 1264 3734 1288 ,
3782 1242 3876 1277 ex-

2283 1339 2603 1398 cerptasque
2634 1327 2687 1378 in
2719 1341 2896 1378 meum
2927 1323 3173 1377 transtuli
3199 1338 3354 1392 opus.
3381 1350 3448 1361 —
3479 1320 3544 1374 Et
3572 1329 3726 1373 certe
3749 1333 3885 1387 ope-

2288 1436 2397 1475 ram
2427 1419 2782 1489 perdidisset,
2814 1417 2918 1469 nisi
2951 1433 3011 1469 ea
3045 1424 3251 1468 tantum
3285 1412 3473 1466 Isidori
3509 1412 3676 1466 verba
3704 1451 3718 1473 ,
3751 1409 3882 1478 qui-

2285 1511 2385 1563 l-us
2415 1509 2737 1563 sententiam
2770 1522 2922 1560 suam
2965 1505 3181 1574 probari
3225 1517 3384 1571 posse
3414 1501 3740 1570 judicabat,
3785 1514 3883 1551 ve-

2287 1617 2404 1655 rum
2455 1602 2615 1654 etiam
2660 1614 2779 1667 quae
2816 1599 2879 1650 ad
2925 1611 3037 1649 rem
3085 1609 3309 1664 prorsus
3352 1608 3461 1646 non
3496 1591 3880 1661 pertinebant,

2284 1692 2464 1744 omnia
2516 1705 2710 1758 nempe
2753 1703 2874 1756 quae
2923 1686 3149 1740 Iormam
3202 1693 3449 1753 spectant
3503 1681 3878 1751 epistolicam,

2284 1781 2637 1836 salutationes
2681 1780 2890 1847 aliaque
2938 1776 3234 1846 ejusmodi,
3265 1774 3667 1842 descripsisset.
3716 1771 3880 1837 Quod

620 1897 831 1967 Ophelio
862 1866 1232 1968 grammatico;
1264 1866 1452 1952 lib.'lll
1485 1866 1569 1967 ep.
1601 1866 1730 1962 270,
1764 1866 2035 1966 Lampetie
2068 1866 2177 1966 θρίξ

2291 1888 2403 1927 cum
2435 1882 2542 1926 tam
2571 1870 2727 1925 facile
2769 1873 2838 1924 sit
2865 1868 3139 1922 intellectu
3167 1906 3182 1930 ,
3227 1881 3335 1919 non
3364 1866 3538 1919 solum
3575 1867 3878 1926 lrenzum,

619 2007 798 2061 scopo;
831 1991 923 2046 lib.
955 1991 1022 2046 III
1053 2007 1136 2062 ep.
1168 1989 1294 2052 282,
1324 1990 1602 2043 Archontio
1637 2007 1797 2056 remp.
1831 1992 2028 2061 gerenti
2046 2007 2059 2051 :
2094 1991 2185 2044 lib.

623 2082 684 2137 IV
722 2100 807 2155 ep.
849 2084 973 2149 205,
1013 2083 1252 2152 Olympio
1290 2082 1604 2151 presbytero,
1641 2082 1977 2147 scholastica;
2019 2081 2109 2136 lib.
2149 2081 2189 2134 ν

619 2189 709 2246 ep.
742 2175 867 2239 219,
899 2173 1157 2228 Theodoro
1186 2176 1420 2226 diacono.

687 2269 825 2325 Cum
853 2270 939 2323 his
985 2269 1181 2322 litteris
1213 2267 1446 2321 conferri
1485 2274 1708 2336 possunt
1733 2264 1849 2319 alite
1885 2265 2185 2334 permultae,

621 2363 816 2432 quibus
852 2361 1086 2415 Isidorus
1109 2399 1124 2424 ,
1171 2373 1228 2413 se
1259 2358 1388 2412 viris
1415 2357 1520 2412 illis
1560 2355 1926 2426 petulantibus
1957 2368 2010 2410 et
2041 2357 2191 2410 luxu-

626 2455 782 2509 riosis
830 2452 1082 2522 epistolas
1137 2449 1336 2518 srpius
1391 2448 1600 2502 misisse
1635 2486 1647 2507 ,
1712 2445 1870 2514 plane
1911 2447 2187 2511 declarat;

624 2545 788 2606 velut,
820 2545 912 2597 lib.
950 2559 1009 2597 ιιι
1055 2557 1143 2611 ep.
1176 2541 1263 2606 67,
1293 2539 1382 2603 90,
1417 2538 1538 2602 323,
1585 2537 1718 2601 597;
1758 2536 1850 2590 lib.
1889 2554 1950 2603 ν,
1980 2553 2066 2607 ep.
2099 2539 2188 2602 84,

621 2635 746 2699 210,
781 2636 908 2698 285,
945 2634 1066 2688 564.

693 2725 827 2778 Cum
869 2725 1030 2794 igitur
1073 2721 1307 2776 Isidorus
1345 2721 1460 2790 ipse
1508 2719 1688 2774 multis
1718 2719 1847 2775 locis
1877 2718 2189 2773 declarave-

623 2818 721 2881 rit,
769 2832 825 2871 se
858 2814 1088 2869 Eusebio
1117 2814 1402 2882 episcopo,
1437 2811 1681 2877 Zosimo,
1726 2811 1926 2864 Maroni
1955 2852 1968 2876 ,
2011 2808 2188 2863 Marti-

623 2911 786 2963 niano
820 2917 874 2962 et
905 2906 1184 2959 Eustathio
1225 2903 1550 2973 presbyteris
1585 2902 1787 2956 litteras
1827 2902 2036 2956 misisse
2060 2945 2074 2968 ,
2101 2904 2189 2956 vix

624 3001 848 3069 intelligi
911 3008 1087 3068 potest
1125 2996 1394 3066 quomodo
1423 2993 1771 3048 Heumannus
1805 3009 1994 3047 omnes
2024 3034 2038 3056 ,
2071 3009 2189 3062 quae

622 3091 689 3146 ad
741 3090 987 3144 homines
1034 3089 1163 3142 istos
1208 3087 1346 3140 data
1399 3093 1555 3148 sunt,
1603 3084 1856 3153 epistolas
1902 3085 1953 3136 in
2001 3084 2187 3138 umbra

622 3179 973 3242 scholastica,
1005 3187 1063 3231 ut
1114 3179 1227 3246 ipse
1256 3176 1360 3240 ait,
1393 3177 1715 3239 compositas
1740 3214 1752 3237 ,
1786 3189 1960 3242 neque
2003 3174 2068 3227 ad
2095 3189 2188 3228 eos

623 3289 851 3343 quorum
882 3269 1096 3341 praeﬁxa
1123 3278 1248 3322 sunt
1271 3267 1484 3321 nomina
1517 3267 1706 3320 missas
1734 3264 1915 3328 fuisse,
1948 3272 2185 3319 statuere

625 3363 859 3434 potuerit
882 3379 896 3424 ;
931 3358 1223 3430 praesertim
1240 3372 1360 3411 cum
1390 3356 1502 3424 ipse
1529 3371 1580 3425 p.
1618 3355 1680 3408 l5
1701 3369 1757 3408 se
1784 3353 1967 3407 Isidori
1997 3354 2188 3422 episto-

626 3457 704 3508 las
731 3453 1051 3523 pcrlegisse,
1082 3451 1331 3520 justaqne
1375 3447 1612 3500 adhibita
1662 3446 1957 3499 attentione
2007 3445 2186 3514 perlu-

625 3557 824 3601 strasse
853 3543 1213 3598 aliirmaverit.

695 3637 761 3690 At
787 3651 892 3688 non
920 3632 1112 3687 sulIicit
1133 3632 1363 3684 aliorum
1390 3629 1670 3698 opiniones
1696 3627 1975 3691 refutasse,
2002 3642 2185 3680 verum

627 3743 799 3782 meam
852 3727 919 3779 de
982 3724 1167 3778 Isidori
1223 3722 1464 3792 epistolis
1516 3719 1837 3773 sententiam
1887 3719 2182 3787 explicabo,

624 3835 818 3891 quam,
859 3819 900 3871 si
938 3816 1046 3870 fieri
1081 3822 1285 3884 potest,
1321 3823 1556 3867 veterum
1586 3811 1903 3880 scriptorum
1942 3812 2184 3865 testimo-

629 3914 729 3968 niis
766 3910 1070 3977 lirmisque,
1114 3923 1230 3976 qua:
1269 3923 1329 3960 es
1374 3906 1502 3975 ipsis
1545 3905 1704 3972 hujus
1736 3904 1831 3958 viri
1866 3904 2058 3958 litteris
2089 3905 2184 3958 de-

628 4007 872 4072 prompta
908 4008 1062 4060 sunt,
1119 3996 1482 4066 argumentis,
1528 3993 1742 4062 probari
1792 4003 2024 4062 Oportet.
2078 3995 2186 4063 Ego

626 4103 805 4146 autem
849 4103 1031 4142 verum
1092 4087 1322 4140 sensisse
1357 4085 1586 4138 arbitror
1629 4083 2034 4138 Sehrmekhium
2084 4085 2183 4154 (a),

625 4181 712 4250 qui
756 4179 1012 4249 plurimas
1039 4176 1222 4229 Isidori
1262 4175 1515 4244 epistolas
1561 4190 1666 4227 non
1702 4189 1762 4227 ea
1798 4173 1965 4227 forma
1997 4191 2096 4244 qua
2130 4176 2185 4230 in

624 4272 785 4326 editis
805 4284 1010 4323 excusa:
1039 4267 1146 4321 sint
1165 4265 1559 4335 exemplaribus
1579 4307 1591 4328 ,
1623 4265 1690 4318 ab
1718 4275 1937 4319 auctore
1961 4267 2186 4335 scriptas

625 4378 780 4425 esse,
819 4361 912 4415 sed
958 4375 986 4412 a
1027 4358 1302 4410 monachis
1339 4368 1614 4424 excerptas
1654 4357 1718 4409 ad
1749 4365 1982 4410 nostram
2018 4373 2184 4424 usque

625 4462 837 4508 tetatem
869 4450 1178 4520 pervenisse
1201 4490 1214 4512 ,
1247 4455 1403 4502 acute
1441 4447 1687 4515 conj«:cit.
1737 4446 1870 4500 Cum
1914 4464 2042 4500 vero
2072 4448 2185 4516 ipse

627 4540 955 4611 argumentis
990 4539 1126 4591 hanc
1152 4552 1301 4590 suam
1329 4536 1644 4590 sententiam
1679 4536 1903 4603 probare
1932 4535 2001 4588 ab
2027 4535 2182 4590 insti-

629 4633 722 4685 tuti
763 4631 971 4683 ratione
1002 4628 1233 4681 alienum
1284 4640 1403 4682 esse
1432 4625 1735 4690 censuerit,
1773 4625 1930 4678 nobis
1957 4626 2071 4679 haec
2101 4642 2184 4680 re-

627 4723 747 4776 licta
781 4729 862 4774 est
893 4717 1188 4788 provincia.

694 4812 859 4865 Favet
898 4818 1078 4862 autem
1105 4847 1118 4870 ,
1163 4815 1222 4860 ut
1247 4805 1493 4874 equidem
1542 4803 1798 4868 arbitror,
1849 4800 2182 4857 Schraeckhii

625 4901 947 4968 conjectura:
992 4895 1119 4950 illud
1165 4895 1347 4950 Irenaei
1397 4894 1596 4947 dictum
1625 4931 1638 4955 ,
1684 4891 1825 4960 quod
1855 4892 2025 4961 prima
2072 4891 2184 4959 jam

624 4992 900 5046 attulimus
944 4989 1106 5058 hujus
1156 4971 1620 5041 commentationis
1676 4991 1864 5052 parte,
1925 4983 2187 5051 cujusque

625 5083 786 5137 verba
819 5083 924 5136 huc
968 5078 1261 5149 spectantia
1304 5077 1419 5130 haec
1451 5085 1612 5128 sunt:
1661 5072 1796 5127 illas
1821 5088 2009 5127 omnes
2036 5074 2177 5127 beati

627 5173 814 5226 Isidori
848 5169 1138 5240 (epistolas)
1172 5197 1234 5208 ——
1261 5166 1500 5234 excerpsi
1531 5175 1585 5218 et
1613 5165 1858 5217 transtuli
1891 5180 1952 5217 ex
1975 5165 2176 5233 episto-

625 5266 688 5317 lis
732 5264 848 5330 ejus
889 5261 1098 5314 duobus
1144 5259 1428 5312 millibus.»
1477 5255 1607 5321 Quae
1640 5257 1799 5310 verba
1833 5256 2028 5324 duplici
2058 5257 2177 5325 qui-

624 5360 744 5413 dem
775 5355 932 5408 mudo
969 5353 1218 5420 explicari
1252 5359 1492 5420 possunt.
1537 5347 1942 5410 Naereumus,
1975 5349 2049 5401 uti
2075 5349 2180 5401 Lu-

624 5461 724 5516 pus
760 5445 1010 5512 przeclare
1056 5443 1294 5506 notavit,
1340 5456 1445 5493 non
1489 5453 1676 5492 omnes
1714 5438 1898 5491 lsidori
1930 5439 2180 5506 epistolas

624 5537 678 5588 in
721 5531 1098 5586 vetustissimis
1130 5531 1230 5583 illis
1269 5529 1655 5584 Acmmetensis
1689 5529 1997 5581 monasterii
2029 5531 2179 5581 codi-

625 5625 774 5680 cibus
804 5623 1158 5692 perscriptas,
1192 5637 1377 5674 verum
1420 5636 1511 5674 eas
1541 5629 1745 5673 tantum
1777 5636 1894 5688 quae
1927 5619 2022 5687 ipsi
2060 5622 2178 5673 usui

693 5778 772 5849 (α)
797 5774 1114 5833 Βεὴτωςιίιι.
1159 5773 1296 5830 Hist.
1333 5774 1453 5828 εστι.
1483 5774 1585 5827 νοΙ.
1619 5771 1770 5828 XVII.
1794 5790 1847 5842 p.
1889 5772 2009 5828 526.

2291 1979 2476 2017 verum
2510 1963 2704 2016 multos
2733 1962 2922 2016 harum
2951 1959 3298 2028 epistularum
3320 1958 3691 2026 descriptores
3729 1958 3880 2010 idem

2291 2054 2524 2107 sensisse
2567 2053 2816 2105 arbitror.
2851 2050 3032 2118 Neque
3068 2050 3160 2119 qui
3201 2049 3386 2102 Isidori
3419 2049 3629 2103 litteras
3655 2065 3785 2118 qua:
3821 2049 3880 2100 iu

2288 2143 2448 2197 editis
2477 2141 2694 2195 Patrum
2724 2150 2938 2195 exstant
2963 2141 3168 2193 catenis
3187 2179 3201 2202 ,
3232 2155 3353 2193 cum
3386 2138 3489 2192 illis
3517 2155 3640 2208 quae
3671 2139 3731 2191 in
3754 2139 3879 2191 edi-

2292 2235 2435 2287 tione
2470 2232 2759 2286 Parisiensi
2797 2248 3006 2286 excusa:
3040 2240 3200 2294 sunt,
3236 2231 3526 2291 conferet.
3560 2233 3707 2286 banc
3741 2247 3880 2285 sen-

2290 2322 2511 2374 tentiam
2536 2337 2634 2391 pro
2663 2337 2809 2375 mera
2841 2322 3061 2375 habebit
3095 2321 3402 2391 hypotbesi.
3436 2323 3650 2375 Etenim
3680 2338 3752 2375 ex
3786 2324 3880 2376 in-

2289 2414 2473 2469 stituta
2505 2414 2904 2483 comparatione
2934 2422 3247 2467 catenarum
3286 2423 3538 2466 auctores
3576 2412 3878 2467 Pelusiotae

2289 2508 2542 2576 epistolas
2572 2522 2680 2562 non
2711 2506 2954 2576 religiose
2978 2506 3332 2574 descripsisse
3376 2505 3630 2559 facillime
3659 2506 3878 2559 intelli-

2289 2601 2450 2670 gitur.
2478 2599 2632 2664 Quod
2662 2599 2762 2651 etsi
2791 2597 3053 2666 exemplis
3081 2596 3401 2665 quibusdam
3441 2597 3624 2649 statim
3660 2597 3875 2665 possim

2288 2693 2573 2747 ostendere
2604 2731 2618 2754 ,
2657 2700 2834 2742 tamen
2858 2730 2872 2752 ,
2907 2705 3028 2743 cum
3065 2689 3132 2741 ab
3177 2688 3410 2740 instituti
3444 2688 3614 2741 nostri
3658 2689 3878 2742 ratione

2288 2798 2393 2836 non
2421 2783 2656 2835 alienum
2696 2782 2796 2842 sit,
2829 2781 3009 2833 omnia
3047 2796 3166 2848 quae
3205 2789 3424 2833 catenas
3461 2794 3585 2832 cum
3615 2779 3820 2833 litteris
3845 2799 3875 2832 a

2286 2871 2558 2926 Chatardo
2581 2913 2595 2935 ,
2625 2869 2986 2924 Rittershusio
3019 2880 3074 2923 et
3101 2870 3322 2924 Schono
3358 2871 3519 2924 editis
3547 2885 3877 2939 comparan-

2289 2973 2371 3018 tes
2402 2964 2709 3017 notavimus
2729 3003 2743 3026 ,
2777 2979 2897 3016 cum
2929 2963 3128 3017 lectore
3145 2963 3547 3016 communicare
3579 2962 3872 3025 benevolo,

2288 3065 2342 3107 et
2379 3069 2502 3108 cum
2529 3096 2542 3118 ,
2573 3053 2796 3123 probata
2841 3053 2960 3106 aliis
2981 3067 3195 3122 quoque
3235 3052 3568 3121 argumentis
3594 3053 3886 3105 Selium-€-

2291 3145 2366 3198 bii
2397 3145 2696 3209 sententia,
2730 3144 2796 3197 ad
2841 3145 2979 3198 hanc
3038 3160 3150 3197 rem
3188 3144 3574 3197 recurrentium
3630 3144 3742 3208 sit,
3785 3144 3877 3198 hic

2215 3223 2256 3277 ε
2291 3238 2446 3291 nobis
2481 3237 2660 3291 omnia
2693 3239 2778 3290 illa
2813 3237 2970 3290 liceat
2996 3237 3270 3293 omittere.

2362 3351 2561 3406 Deinde
2591 3362 2769 3404 autem
2801 3366 2863 3404 ex
2890 3367 2955 3404 eo
2977 3352 3117 3420 quod
3145 3351 3391 3419 plurimae
3409 3350 3598 3404 Isidori
3623 3352 3875 3421 epistola:

2288 3444 2435 3496 omni
2492 3453 2677 3497 carent
2714 3445 2883 3497 lorma
2929 3443 3241 3512 epistoliea,
3283 3458 3374 3496 eas
3408 3458 3513 3495 non
3564 3445 3642 3497 sic
3692 3444 3772 3497 uti
3817 3445 3872 3498 iu

2288 3535 2522 3589 editione
2552 3536 2839 3589 Parisieusi
2871 3542 3105 3598 exstant,
3147 3535 3214 3588 ab
3240 3545 3460 3588 auctore
3491 3538 3720 3603 scriptas
3743 3551 3876 3591 esse

2284 3627 2405 3695 jure
2435 3626 2722 3696 colligitur.
2765 3625 2846 3679 (II.
2893 3626 2987 3680 lib.
3023 3644 3056 3689 ε,
3099 3641 3186 3695 ep.
3227 3627 3358 3689 I05,
3389 3628 3521 3690 161,
3554 3627 3696 3693 228,
3735 3629 3870 3695 256,

2286 3718 2392 3773 258
2413 3758 2426 3780 ,
2460 3718 2564 3772 244
2585 3760 2597 3781 ,
2631 3719 2771 3782 2ἳ9,
2803 3717 2906 3770 294
2927 3759 2939 3780 ,
2971 3718 3103 3778 295,
3138 3718 3273 3778 296.
3317 3728 3417 3772 etc.

2359 3831 2598 3886 Tertium
2630 3843 2681 3886 et
2709 3833 2926 3901 quidem
2944 3833 3316 3903 gravissimum
3340 3874 3352 3896 ,
3381 3849 3486 3902 quo
3505 3834 3642 3890 hanc
3673 3835 3739 3889 de
3772 3835 3872 3893 Isi-

2287 3925 2401 3977 dori
2427 3925 2670 3993 epistolis
2702 3927 3022 3978 sententiam
3044 3941 3302 3978 conamur
3320 3927 3546 3994 probare
3569 3942 3869 3997 argumen—

2289 4022 2399 4066 tum
2419 4015 2484 4066 ab
2499 4015 2738 4082 epistolis
2757 4029 2875 4081 quae
2890 4014 2968 4067 bis
2987 4014 3035 4065 in
3061 4014 3218 4066 editis
3233 4020 3446 4066 exstmt
3461 4013 3871 4082 exemplaribus

2289 4108 2512 4176 petitum
2540 4115 2639 4159 est.
2682 4105 2738 4158 In
2783 4106 2866 4157 his
2892 4105 3034 4157 enim
3069 4107 3356 4157 maximam
3395 4115 3598 4172 partem
3631 4105 3697 4156 ad
3739 4121 3867 4159 ver-

2288 4198 2412 4252 bum
2453 4198 2554 4251 sibi
2593 4197 3042 4266 respoudentibus
3097 4196 3366 4248 interdum
3417 4195 3500 4258 Iit,
3553 4205 3608 4247 ut
3658 4211 3747 4249 res
3812 4198 3865 4250 iu

2285 4291 2452 4344 altera
2485 4291 2667 4343 multis
2699 4290 2874 4342 verbis
2901 4289 3140 4356 exposita
3161 4329 3173 4349 ,
3203 4279 3449 4340 in'altera
3477 4288 3660 4356 paucis
3676 4289 3866 4342 absol-

2287 4394 2475 4446 vatur;
2526 4392 2584 4436 ut
2633 4383 2924 4459 cogitatum
2973 4381 3025 4432 in
3073 4381 3171 4432 hac.
3212 4393 3433 4448 prorsus
3489 4379 3751 4431 omissum
3809 4381 3864 4433 in

2288 4474 2372 4525 illa
2406 4473 2687 4541 adjiciatur
2707 4513 2720 4534 ,
2752 4481 2812 4524 ut
2837 4471 3068 4538 denique
3117 4471 3267 4522 mirae
3298 4469 3637 4536 reperiantur
3663 4479 3866 4523 nmito-

2216 4571 2256 4627 D
2287 4580 2403 4618 rum
2456 4565 2745 4617 verborum
2810 4561 3271 4631 transpositiones.
3334 4559 3463 4624 Quae
3517 4560 3697 4613 omnia
3729 4595 3744 4622 ,
3807 4573 3868 4616 ut

2285 4653 2534 4721 equidem
2565 4652 2798 4706 arbitror
2822 4693 2834 4714 ,
2871 4663 2982 4704 tum
3014 4651 3229 4703 demum
3270 4659 3411 4702 recte
3461 4649 3731 4718 explicare
3761 4666 3864 4720 po-

2289 4746 2417 4799 teris
2437 4787 2449 4809 ,
2483 4745 2524 4798 si
2544 4744 2893 4816 Schroeckbii
2921 4744 3124 4798 favebis
3147 4744 3444 4796 sententias.
3477 4741 3580 4796 Sed
3605 4752 3663 4796 ut
3686 4744 3865 4799 lector

2286 4839 2515 4907 quisque
2541 4839 2607 4892 de
2638 4839 2738 4891 hac
2766 4853 2823 4890 re
2845 4838 3088 4906 judicare
3116 4836 3307 4904 possit,
3334 4836 3581 4904 exempla
3611 4837 3862 4906 quedam

2289 4930 2581 4983 aﬂ'erantur
2622 4943 2842 4983 necesse
2869 4936 2970 4982 est.

2425 5044 2538 5098 Lis.
2559 5042 2623 5103 Il,
2645 5060 2728 5096 sp.
2765 5042 2884 5095 162.
3245 5037 3355 5092 LIB.
3380 5036 3450 5106 ν,
3478 5055 3560 5093 ει).
3589 5039 3712 5095 “6.

2366 5159 2580 5227 Ἐπειδὴ
2597 5160 2877 5226 γέγραφας
2905 5155 3032 5206 Ouu—
3183 5154 3401 5225 Ἐπειδὴ
3420 5157 3699 5228 γέγραφας
3723 5157 3859 5212 Θαυ.

2289 5255 2500 5320 μάζειν,
2528 5253 2672 5311 ὅπως
2702 5249 2760 5300 τὸ
2787 5247 3030 5318 ἱερᾶσθαι
3106 5245 3317 5314 μάζειν,
3354 5248 3499 5320 ὃπῳς
3527 5248 3588 5299 τὸ
3607 5250 3859 5315 ἱερᾶσθαι

2285 5343 2644 5413 Ζώσιμοντὸν
2676 5341 2930 5392 δοκοῦντα
2956 5336 3032 5391 εἷ·
3103 5337 3351 5405 Ζώσιμον
3409 5338 3580 5390 δεινὸν
3645 5340 3725 5401 ὃν,
3795 5345 3856 5396 οὐ

2283 5454 2368 5488 ναι
2388 5435 2749 5506 πρεσϐύτερον
2767 5432 3028 5493 δεινὸνόν,
3102 5430 3270 5481 δεινὸν
3309 5426 3444 5482 εἶναι
3481 5431 3626 5483 δοκεῖ
3650 5432 3726 5501 τῷ
3755 5451 3858 5487 πα-

2281 5532 2340 5581 οὑ
2384 5531 2552 5582 δεινὸν
2599 5525 2735 5580 εἶναι
2785 5528 2928 5580 Sext-:2
2956 5525 3029 5594 τῷ
3107 5526 3352 5595 ρανὸμως
3385 5530 3852 5597 χειροτονήσαντι·

2283 5620 2610 5689 παρανόμως
2639 5621 2798 5671 αὑτὸν
2824 5620 2891 5688 (l7)
2921 5636 3031 5689 χει-
3103 5622 3500 5674 ἀντεπιστέλλω
3540 5623 3619 5675 ὅτι
3659 5625 3723 5677 σὺ
3754 5624 3854 5695 μὲν

2361 5776 2430 5842 (b)
2463 5773 2615 5842 Αὐτῷ
2649 5774 2804 5829 codd.
2833 5773 2950 5828 Vat.
2981 5774 3104 5841 669,
3124 5785 3176 5830 et
3211 5776 3314 5830 Alt.
