3972 6422
122 374 188 438 53
1211 384 2027 447 APPENDIX.—CODICES
2071 385 2235 446 MSS.
3335 379 3404 445 51

123 528 3370 561 ———————___.______________________________

979 722 1581 840 PARTIS
1705 725 2527 845 SECUNDIE

1138 963 1750 1061 APPENDIX
1834 966 2360 1058 DUPLEX.

246 1147 601 1206 COLLATIO
638 1146 1128 1208 EPISTOLABUM
1168 1149 1337 1218 qua:
1377 1151 1445 1206 IN
1485 1151 1710 1210 EDlTlS
1751 1153 1840 1208 ET
1881 1153 2184 1211 INEDITIS
2224 1155 2516 1215 PATRUM
2556 1157 2860 1218 CATENIS
2901 1158 3256 1219 EXSTAN'I'.

1110 1329 1234 1386 Vide
1267 1332 1413 1400 infra
1444 1338 1512 1389 ad
1541 1335 1741 1391 calceus
1779 1333 2144 1404 Epistolarum
2179 1337 2406 1395 lsidori.

185 1517 3340 1564 ——____.___________________________

731 1689 1145 1780 PARTIS
1214 1689 1791 1779 SECUNDAE
1867 1692 2486 1786 APPENDIX
2567 1656 2799 1789 Ill.

1312 1879 1636 1944 ISIDORI
1698 1879 2186 1947 ΡΕιυςιοΤιΕ

940 1957 1545 2022 EPISTOLARUM
1583 1959 1943 2025 CODICES
1981 1964 2586 2033 MANUSCRIPTI.

183 2121 400 2180 Codices
443 2133 678 2194 quatuor
711 2123 1076 2180 Accmetensis
1108 2127 1417 2184 monasterii
1456 2126 1699 2182 omnium
1733 2133 1774 2189 Α
1804 2144 2035 2200 quaeque
2078 2148 2271 2190 omnes
2297 2149 2363 2190 ex
2407 2137 2511 2192 hoc
2550 2137 2739 2195 codice
2774 2140 2826 2194 in
2863 2139 3077 2197 oll‘icina
3107 2142 3408 2201 Commell-

119 2214 475 2270 vetustissimi
516 2213 938 2279 continuerunt,
978 2215 1056 2269 uti
1108 2215 1348 2273 tremens
1402 2225 1455 2272 et
1511 2231 1704 2273 auctor

117 2321 441 2377 anonymus,
476 2323 713 2378 quorum
755 2309 1061 2364 testimonia
1102 2325 1136 2378 p
1205 2308 1304 2377 l3,
1341 2310 1426 2374 14,
1468 2325 1498 2364 a
1546 2310 1704 2364 nobis

118 2399 270 2454 allata
313 2411 469 2462 sunt.
497 2400 789 2465 tradidere,
815 2400 924 2455 duo
972 2400 1136 2455 millia
1163 2400 1513 2471 epistolarum
1568 2417 1704 2471 quas

119 2491 329 2546 easdem
386 2491 582 2558 fuisse,
620 2501 783 2562 atque
822 2508 923 2547 nos
969 2492 1231 2549 habemus
1273 2507 1522 2548 excusas.
1559 2493 1705 2550 arbi-

123 2591 328 2638 trantur
365 2582 753 2639 Tillemontius
787 2593 843 2639 et
884 2582 1201 2651 Fabricius;
1229 2598 1408 2653 neque
1449 2599 1566 2656 ego,
1598 2600 1707 2655 quo

121 2674 560 2730 doctissimorum
591 2676 833 2731 virorum
860 2676 1128 2732 sententia
1158 2683 1254 2730 aut
1272 2675 1586 2732 debilitetur
1613 2683 1710 2731 aut

117 2765 495 2832 conﬁrmetur,
520 2767 816 2837 quidquam
846 2783 1066 2838 possum
1101 2765 1367 2839 proferre.

533 2874 682 2931 Billii
719 2887 766 2931 et
794 2875 1054 2933 Citatardi
1077 2877 1299 2932 codices.

181 2966 311 3023 Iure
337 2976 529 3022 autem
569 2967 785 3023 mireris
822 2983 1010 3024 eorum
1047 2967 1426 3040 negligentiam
1455 2977 1510 3024 et
1551 2969 1710 3024 incu-

121 3058 267 3124 riam,
294 3058 391 3128 qui
427 3057 618 3113 lsidori
649 3057 906 3128 epistolas
928 3058 1238 3124 ediderunt,
1268 3074 1447 3129 neque
1473 3060 1707 3128 codices,

119 3151 309 3220 quibus
341 3149 430 3205 usi
461 3157 612 3214 sunt,
645 3158 893 3205 accurate
924 3149 1282 3221 descripsere.
1313 3150 1532 3206 Etenim
1569 3152 1712 3207 Cha.-

121 3243 298 3298 tardus
321 3243 377 3297 in
410 3257 511 3298 sua
546 3242 613 3296 ad
639 3241 1006 3296 Godol'redum
1037 3241 1256 3296 Billium
1291 3241 1551 3312 Epistula,
1591 3258 1711 3313 qua;

120 3335 336 3391 editioni
383 3335 510 3404 ejus
553 3332 770 3404 praeﬁxa
812 3341 916 3400 est,
957 3333 1099 3404 pud,
1157 3333 1469 3399 Ludovicus,
1500 3334 1703 3405 inquit,

123 3424 284 3480 Barus
335 3436 538 3496 praeter
584 3424 696 3479 alia
742 3425 907 3479 multa
953 3425 1278 3496 exemplaria
1337 3426 1496 3497 hujus
1543 3429 1710 3482 nostri

123 3515 301 3572 Isidori
333 3530 544 3590 grarcas
593 3517 837 3588 epistulas
874 3533 938 3571 ex
969 3534 1144 3584 musco
1185 3515 1488 3573 Cardinalis
1521 3520 1707 3574 Sirleti

121 3611 377 3682 eleganter
405 3610 635 3678 scriptas
674 3610 831 3680 fratri
870 3619 978 3675 tuo,
1009 3610 1282 3678 interpreti
1321 3620 1515 3672 nostro.
1545 3612 1705 3667 misit.

121 3701 239 3766 Qua!
273 3701 319 3755 ei
365 3711 523 3754 tanta
551 3701 756 3772 gratius
802 3701 964 3770 fuere,
997 3711 1194 3772 quanto
1225 3703 1393 3772 magis
1432 3703 1708 3772 depravati

123 3805 262 3848 erant
291 3807 341 3849 et
372 3794 582 3848 mendis
611 3794 878 3848 scatebant
899 3794 1098 3848 codices
1123 3792 1222 3854 illi.
1246 3794 1430 3865 quibus
1461 3803 1572 3848 tum
1603 3803 1712 3848 ute-

124 3887 288 3939 batur.
336 3885 533 3954 Neque
591 3884 719 3939 alibi
771 3885 1162 3939 accuratiorem
1211 3885 1406 3941 horum
1460 3886 1709 3942 codicum

125 3977 547 4048 descriptionem
579 3976 826 4030 invenire
855 3975 1027 4046 potui.

481 4071 814 4126 Ritterslmsii
845 4070 1006 4126 codex
1031 4071 1340 4126 Bavaricus.

192 4163 392 4220 Eodem
419 4164 550 4233 jure
593 4160 1016 4216 Rittershusium
1047 4178 1265 4232 quoque
1300 4162 1610 4232 vituperare
1645 4162 1710 4217 li-

130 4265 230 4320 cet,
271 4256 478 4326 quippe
532 4253 624 4324 qui
663 4254 718 4307 in
759 4253 986 4323 epistola
1034 4253 1100 4306 ad
1148 4252 1343 4307 Janum
1392 4252 1705 4317 Gruterum,

127 4346 339 4401 editioni
377 4347 504 4415 ejus
542 4343 777 4414 praeﬁxa,
806 4343 941 4398 nihil
972 4344 1038 4397 de
1065 4343 1274 4408 codice,
1302 4358 1411 4412 quo
1445 4359 1576 4398 usus
1605 4354 1706 4412 est,

128 4438 268 4500 dicit.
287 4453 452 4508 quam
481 4437 585 4491 sibi
615 4436 764 4490 illum
783 4452 813 4491 e
835 4435 1165 4492 bibliotheca
1190 4436 1451 4507 principis
1472 4437 1712 4495 Bavaria:

130 4545 237 4584 esse
263 4531 551 4585 traditum.
1384 4544 1389 4548 ·

193 4621 296 4677 Sed
341 4621 607 4677 llardtius
638 4620 692 4674 iu
723 4620 966 4690 catalogo
1006 4617 1208 4674 CODD.
1242 4619 1373 4674 bibl.
1411 4637 1505 4692 reg
1557 4622 1710 4686 Bav.,

133 4711 225 4765 vol.
259 4711 299 4772 l.
338 4729 393 4782 p.
422 4709 554 4772 ΞΠ,
585 4708 722 4762 2i8:
755 4709 882 4763 Cod.
914 4707 1102 4771 XLIX,
1142 4718 1216 4762 est
1256 4709 1586 4773 cltartaceus,
1631 4713 1712 4764 in-

1806 2224 1966 2278 niaua
1996 2239 2142 2278 anno
2184 2221 2342 2289 1605,
2389 2244 2563 2298 grtece
2606 2239 2661 2285 et
2703 2232 2869 2287 latine
2914 2234 3076 2289 edite
3119 2246 3247 2291 sunt
3286 2237 3409 2308 (cu-

1807 2321 1962 2367 rante
1992 2313 2402 2388 Rittershusio).
2479 2318 2540 2373 In
2576 2318 2684 2374 line
2727 2325 2931 2380 codicis
2974 2327 3208 2382 habetur
3243 2329 3407 2388 index

1808 2403 2187 2471 alphabeticus
2218 2406 2500 2464 initiorum
2540 2411 2896 2482 epistolarqu
2927 2434 2957 2472 a
2999 2419 3257 2476 Grctsero
3285 2423 3408 2478 edi-

1811 2504 1917 2550 tus.
1951 2515 1968 2547 ι

2295 2591 2387 2649 fol.
2418 2593 2541 2650 175.
2570 2629 2643 2637 —
2669 2599 2760 2653 fol.
2791 2601 2918 2656 Qui).

1883 2681 2110 2775 Eas-tant
2140 2684 2259 2740 alia:
2301 2688 2488 2743 lsidori
2525 2692 2773 2761 epistola:
2801 2694 2925 2760 489,
2964 2713 3197 2768 quarum
3231 2704 3406 2775 prima

1810 2773 1877 2827 ad
1910 2774 2088 2833 Nilum
2115 2777 2232 2845 (lib.
2260 2777 2301 2832 1.
2337 2794 2425 2851 ep.
2465 2781 2527 2853 ι),
2560 2784 2746 2839 ultima
2778 2787 2843 2842 ad
2874 2788 3156 2846 Zosimum
3191 2773 3308 2862 (lib.
3339 2794 3408 2853 ll.

1811 2881 1899 2934 cp.
1929 2867 2078 2936 298.)
2113 2871 2315 2942 scripta
2343 2882 2448 2938 est,
2477 2891 2682 2947 easque
2721 2879 2980 2938 Hardtius
3010 2900 3133 2940 cum
3165 2888 3408 2948 editione

1811 2953 2038 3021 Veneta,
2074 2973 2195 3028 quae
2234 2962 2436 3031 prodiit
2479 2979 2625 3019 anno
2656 2968 2813 3033 1745,
2844 2973 3096 3036 contulit.
3127 2980 3405 3048 quodque,

1814 3056 1873 3101 ut
1919 3048 2035 3118 ipse
2067 3050 2219 3116 dicit,
2271 3054 2326 3107 in
2371 3054 2458 3110 illa
2501 3056 2780 3114 diversum
2816 3061 2940 3129 fuit,
2985 3069 3210 3124 notavit.
3265 3070 3408 3128 Fieri

1811 3148 1995 3193 autem
2033 3155 2143 3196 non
2176 3145 2352 3212 potuit
2383 3146 2515 3215 quin
2552 3162 2765 3215 omnes,
2799 3167 2936 3222 quas
2972 3157 3262 3228 exscripsit
3295 3159 3408 3228 ille,

1813 3229 2098 3301 seripturte
2158 3232 2502 3292 diversitates
2551 3239 2620 3294 ad
2649 3243 3020 3313 .epistolarum
3068 3250 3410 3318 pertinerent

1814 3322 2230 3395 inscriptiones,
2281 3343 2405 3383 cum
2454 3331 2620 3386 latine
2678 3343 2890 3391 tantum
2938 3338 2990 3392 in
3031 3340 3119 3396 illa
3165 3344 3408 3400 editione

1814 3422 2033 3470 exstent
2081 3416 2274 3485 lsidori
2328 3420 2594 3490 epistolse.
2653 3424 2835 3492 Quare
2894 3443 3119 3501 cperam
3179 3436 3409 3492 omnino

1815 3508 2029 3563 videtur
2068 3511 2390 3580 perdidisse,
2436 3518 2768 3585 praesertim,
2807 3535 2933 3576 cum
2989 3525 3172 3580 omnia
3220 3527 3335 3583 fere
3378 3546 3409 3584 a

1814 3597 2184 3666 Rittershusio
2242 3604 2354 3674 jam
2399 3616 2580 3664 notata
2622 3623 2827 3676 essent,
2873 3615 2958 3671 his
2999 3626 3209 3673 tantum
3248 3636 3411 3676 exce—

1813 3691 1920 3760 ptis
1948 3709 1962 3747 :

1889 3784 2005 3838 Lib.
2053 3785 2094 3841 I.
2137 3802 2223 3856 ep.
2275 3789 2396 3856 594,
2438 3793 2559 3848 cod.
2607 3792 2735 3850 Bav.
2791 3798 3226 3870 Ἑκδίιαρ-ειι,
3267 3804 3405 3861 Ven.

1815 3875 2055 3932 Ecdicio.
2086 3909 2154 3920 -—
2194 3879 2287 3935 lib.
2333 3881 2395 3936 ll.
2442 3899 2531 3953 cp.
2579 3887 2698 3941 109.
2743 3887 2871 3944 Bav.
2911 3892 3140 3964 Μαρῶν.
3166 3927 3237 3936 -
3268 3897 3403 3952 Ven.

1815 3967 2015 4056 Murco.
2051 3971 2228 4026 —-lib.
2253 3973 2318 4027 ll.
2339 3989 2426 4043 ep.
2453 3975 2573 4030 161.
2609 3977 2735 4033 Bav.
2781 3981 3128 4056 ‘Agopoiitaitp.
3163 4017 3231 4026 —
3265 3988 3404 4044 Ven.

1813 4055 2098 4149 Aphrasﬁo.
2134 4090 2203 4102 -—
2231 4060 2325 4115 lib.
2357 4061 2419 4117 ll.
2455 4080 2542 4134 cp.
2581 4065 2708 4121 9.55.
2751 4068 2880 4126 Bav.
2925 4055 3122 4146 Παύλῳ
3167 4077 3402 4149 πρεσϐυ-

1813 4149 1959 4220 τέρῳ
2007 4182 2052 4192 -
2077 4148 2214 4205 Ven.
2250 4152 2511 4209 llermino
2542 4159 2748 4214 comiti.

1885 4237 2022 4294 lluic
2067 4256 2197 4295 vero
2235 4243 2374 4298 libro
2405 4251 2777 4320 manuscripto
2810 4253 3002 4310 similis
3040 4270 3124 4313 est
3158 4262 3405 4329 ejusdem

1815 4328 2156 4385 bibliothecae
2205 4335 2326 4388 cod.
2374 4335 2458 4400 1...
2517 4337 2568 4392 in
2621 4356 2730 4409 quo
2771 4342 2896 4398 inde
2941 4363 2968 4398 κ
3010 4347 3103 4402 fol.
3141 4328 3246 4407 elo
3295 4371 3404 4408 cm.-

1815 4427 1938 4482 dem
1965 4438 2180 4485 exstant
2211 4431 2400 4487 lsidori
2434 4450 2558 4506 epp.
2596 4436 2850 4497 llardtius
2873 4447 3020 4499 enim
3051 4447 3084 4500 Ι.
3125 4449 3156 4502 l.
3196 4466 3248 4519 p.
3274 4451 3403 4513 “277,

1814 4521 1991 4587 Quum
2046 4525 2115 4578 ab
2173 4524 2256 4602 iis,
2299 4527 2496 4596 inquit.
2538 4548 2659 4600 quae
2703 4534 2756 4587 in
2798 4538 2920 4592 cod.
2971 4538 3058 4593 49.
3109 4542 3401 4611 habentur,

1816 4631 1926 4669 non
1968 4616 2252 4683 differant,
2304 4620 2559 4677 lectorem
2610 4624 2684 4678 ibi
2732 4629 2951 4685 remitto
2999 4633 3152 4701 plura
3203 4639 3406 4706 quossi-

1819 4720 2023 4764 turum.

131 4804 256 4868 quit.
289 4804 475 4856 charta
515 4799 682 4854 solida
717 4809 764 4852 et
787 4799 931 4865 ιωυξ,
969 4799 1136 4852 titulis
1183 4808 1230 4852 et
1270 4800 1560 4855 initialibns
1605 4803 1705 4855 mi-
1734 4809 1776 4864 (ς
1880 4803 2149 4856 Caeterum
2186 4817 2214 4856 a
2255 4801 2479 4859 ﬂardtio
2519 4808 2748 4865 edoctus
2785 4830 2907 4883 quae
2954 4815 3406 4874 Montefalcouius

134 4894 297 4958 uictis,
330 4893 525 4947 litteris
557 4892 771 4944 minutis
813 4899 860 4943 et
905 4891 1250 4960 elegantibus,
1273 4908 1390 4944 cum
1429 4896 1707 4946 correctio-

135 4983 268 5036 uibus
299 4979 708 5052 marginalibus,
742 4979 976 5049 ita-folio,
1008 4997 1038 5031 a
1087 4977 1240 5032 Petro
1279 4978 1552 5034 Carneade
1591 4982 1712 5050 Epi-

135 5078 309 5130 daurio
362 5075 589 5129 Venetiis
638 5085 920 5133 exoratus,
960 5089 1080 5127 sa'c.
1130 5072 1268 5138 XVI,
1319 5076 1562 5144 foliorum
1613 5094 1711 5128 uu-

138 5185 264 5221 nzero
295 5168 418 5230 £20,
449 5167 644 5235 optinte
683 5175 1018 5219 conservatus
1049 5175 1098 5218 et
1138 5167 1440 5235 inscriptus.
1480 5187 1497 5217 ι
1525 5169 1713 5222 Conti-

139 5273 320 5316 uentut'
343 5270 532 5314 autem
561 5273 627 5313 eo
649 5276 660 5310 :

654 5327 747 5382 fol.
783 5344 818 5381 ι.
855 5357 921 5369 -
946 5325 1037 5381 fol.
1070 5326 1190 5382 175.

205 5443 223 5475 ι
271 5421 588 5476 Ἐπιστολαὶ
619 5420 713 5474 τοῦ
730 5421 887 5488 ἁγίου
922 5419 1194 5489 Ἰσιδὼρου
1220 5419 1310 5473 τοῦ
1335 5422 1710 5491 Πηλουσιώτου

1813 4899 1867 4950 in
1900 4891 2036 4946 Bibl.
2069 4890 2191 4944 bibl.
2227 4908 2279 4961 p.
2317 4891 2441 4947 588.
2478 4893 2540 4949 Ε.
2578 4912 2634 4950 n.
2672 4914 2789 4953 xcv.
2813 4910 2869 4956 et
2901 4919 3038 4958 xcvr.
3080 4907 3147 4961 de
3192 4908 3406 4962 duobus

1816 4987 1899 5041 his
1945 4984 2100 5039 codd.
2138 4983 2356 5037 tradidit
2403 4986 2539 5040 t'acili
2590 5004 2754 5058 opera
2804 5002 2861 5047 ct
2902 4997 3156 5065 supplere
3199 5001 3406 5068 poteris

1815 5089 1870 5132 et
1915 5076 2205 5145 corrigere.
2247 5107 2315 5115 —
2352 5076 2434 5130 Cf.
2486 5077 2672 5134 llarles
2721 5083 2786 5136 ad
2836 5082 2994 5140 Fabr.
3048 5086 3184 5141 Bibl.
3244 5105 3405 5159 grate.

1817 5169 1920 5220 ml.
1955 5166 2021 5220 Χ.
2057 5181 2174 5234 pag.
2201 5165 2324 5227 482,
2363 5167 2456 5220 lin.
2493 5169 2527 5221 2
2553 5169 2742 5224 —lin.
2781 5175 2830 5226 7.

1891 5255 2097 5306 Dicenti
2140 5270 2266 5305 vero
2307 5255 2436 5307 mihi
2480 5256 2546 5309 de
2605 5256 2956 5315 Rittershusii
3004 5262 3190 5318 codice
3234 5265 3404 5321 Bova-

1819 5343 1930 5396 πίω
1978 5342 2134 5396 liccat
2175 5341 2338 5394 etiam
2384 5345 2519 5397 alios
2566 5347 2810 5413 ejusdem
2860 5350 3202 5408 bibliothecae
3253 5370 3406 5409 com-

1818 5445 2116 5483 memorare
2168 5429 2332 5484 libros
2391 5435 2827 5503 manuscriptos,
2870 5438 2921 5490 in
2970 5441 3168 5508 quibus
3214 5442 3404 5499 Isidori

141 5516 210 5577 tl;
252 5514 350 5586 τὴν
396 5513 698 5585 ἑρμηνείαν
741 5512 839 5581 τῆς
878 5513 1028 5576 Θείας
1063 5513 1284 5582 Γραφῆς
1319 5515 1446 5584 περὶ
1488 5518 1583 5584 τῆς
1619 5517 1712 5569 τοῦ

1825 5523 2164 5589 ενίδιοιίιιευιιι
2197 5509 2385 5576 citant
2429 5530 2744 5594 lrngmenln.

146 5605 327 5669 πάντος
358 5604 724 5676 δημιουργίας
764 5605 843 5666 el;
886 5604 976 5656 τὸν
1026 5604 1290 5671 στέφανον
1324 5607 1576 5659 ἐνιαυτοῦ
1621 5610 1711 5661 καὶ

1886 5611 2016 5662 (20d.
2048 5626 2311 5665 ccuxvn.
2353 5613 2442 5666 fol.
2489 5615 2611 5668 53:2.
2646 5616 2752 5668 Τοῦ
2787 5619 2947 5686 ἁγίου
2994 5619 3266 5690 Ὶσιὶώρου
3311 5621 3406 5677 τοῦ

144 5697 322 5766 τροχσῦ
348 5697 638 5764 γενέσεως.
671 5724 736 5738 --
769 5695 908 5749 Sunt
949 5711 1072 5764 epp.
1112 5696 1233 5759 659,
1269 5711 1496 5765 quarum
1542 5699 1710 5767 prima

1825 5703 2196 5770 [Inlousttbtou
2261 5707 2551 5777 ἁπόκριστς
2593 5712 2719 5780 περὶ
2759 5713 2856 5779 τῆς
2903 5710 3266 5781 βραχυλογίας
3312 5719 3403 5769 τοῦ

149 5786 203 5841 ad
232 5785 491 5842 [nidorum
517 5785 853 5856 episcopum,
882 5785 1068 5840 ultima
1099 5786 1163 5840 ad
1194 5785 1415 5841 Paulum
1449 5787 1571 5843 data
1595 5798 1708 5855 cst;

1823 5793 2012 5861 litin-,0
2044 5793 2310 5863 iijthr.—-
2345 5798 2414 5853 ci.
2446 5797 2632 5856 llartlt.
2671 5802 2703 5854 Ι.
2739 5803 2772 5856 l.
2810 5801 2922 5857 γυι.
2954 5804 3039 5858 lll.
3080 5822 3132 5861 ιι.
3174 5807 3291 5860 165.
