3972 6398
611 374 685 439 55
1585 373 1686 435 ΑΙ)
1722 373 2026 434 PARTEM
2063 371 2122 432 ll
2155 367 2822 432 COMMENTATIONIS
3781 355 3852 416 56

677 485 811 540 Cod.
855 499 1120 539 eccum.
1164 483 1427 556 Ἰσιδώρου
1468 484 1561 538 τοῦ
1613 485 1986 555 Πηλουσιώτου
2037 484 2152 554 πιρῖ

2270 488 2400 557 plut.
2439 487 2524 540 86.
2569 493 2782 538 exstare
2826 480 3072 537 alIirmat.
3109 492 3335 547 quarum
3375 473 3656 542 duplicem
3699 470 3851 523 desit

605 577 700 647 τῆς
734 577 825 629 τοῦ
856 577 1102 645 Σωτῆρος
1134 577 1287 646 ἡμῶν
1318 579 1678 640 ἀναστάσεως.
1711 608 1780 617 -

677 664 795 718 lnit.
821 666 953 716 Λὶαν
991 665 1253 734 Θαυμάζω
1279 669 1368 720 καὶ
1421 668 1789 736 ὲκπλήττομαι
1821 697 1885 704 -

675 756 792 808 Fin.
815 788 879 797 —
913 757 984 825 μὴ
1018 758 1369 826 ἠληθευκέναι
1393 759 1857 830 διισχυριζόμενοι.

609 845 686 900 α.
716 845 902 899 ﬂardt.
928 846 962 901 1.
993 847 1029 900 1.
1063 848 1164 900 vol.
1191 865 1260 910 tv,
1292 865 1325 918 p
1387 850 1506 902 181.

1173 958 1371 1014 Scliotti
1398 961 1588 1015 Codex.

674 1070 760 1126 Uti
799 1071 1099 1127 Chatardus
1147 1084 1200 1127 et
1242 1072 1750 1131 Rittershusius.ita
1796 1071 2054 1126 Schottul
2093 1070 2160 1125 de

601 1163 803 1227 codice,
838 1174 946 1232 quo
985 1180 1113 1218 usus
1137 1177 1238 1223 est.
1269 1163 1524 1219 Vaticano
1550 1162 1684 1218 nihil
1710 1164 1863 1219 dixit.

942 1277 1205 1331 Francisci
1239 1279 1450 1332 Arcadii
1477 1280 1675 1333 codices
1705 1295 1815 1333 sex.

671 1361 958 1419 Vaticanus
991 1366 1114 1419 649.

669 1453 954 1509 Vaticanus
981 1453 1102 1509 650.

664 1541 931 1596 Altazmsis
967 1545 1013 1596 1.

662 1631 938 1687 Altmmsis
961 1633 1015 1688 2.

666 1719 989 1788 Slortiauus,
1023 1724 1112 1793 qui
1147 1723 1288 1780 Idem
1315 1724 1543 1782 forsitan
1573 1737 1655 1783 est
1676 1739 1834 1800 atque
1869 1729 1976 1793 ille,
1997 1745 2155 1799 quem

595 1808 1061 1878 lontel‘alconius,
1090 1815 1303 1872 codices
1344 1817 1640 1876 Cardinalis
1673 1821 1886 1876 Siortite
1930 1837 2154 1876 enume-

595 1917 740 1966 rans,
771 1933 839 1943 —-
865 1904 934 1958 cf.
973 1905 1158 1974 Ejusd.
1185 1906 1320 1962 Bibl.
1365 1910 1487 1963 bibl.
1526 1927 1576 1980 p.
1612 1911 1735 1976 699,
1781 1913 1840 1966 D.
1871 1943 1939 1952 —
1966 1913 2154 1968 Isidori

593 2009 716 2063 epp.
738 1995 824 2050 58.
849 1997 1124 2053 continere
1150 2000 1381 2054 tradidit.
1405 2000 1669 2058 Ceterum
1705 2006 1755 2058 in
1785 2006 1892 2059 alio
1914 2005 2153 2073 ejusdem

595 2084 933 2140 bibliothecae
962 2089 1328 2159 manuscripto
1357 2103 1565 2146 exstant
1590 2093 1870 2149 Pelusiotz
1889 2095 1955 2149 ad
1980 2093 2156 2150 Theo-

593 2183 842 2244 gnostum
881 2178 1251 2248 presbyterum
1299 2181 1365 2235 de
1414 2183 1592 2238 triduo
1630 2185 2058 2244 resurrectionis.
2100 2195 2155 2241 et

593 2266 659 2320 ad
703 2265 1044 2321 Timotheum
1076 2268 1332 2324 lectorem
1363 2272 1430 2326 de
1461 2275 1648 2328 eadem
1680 2291 1737 2330 re
1769 2277 2032 2346 epistolae.
2067 2276 2150 2331 ω.

593 2357 898 2414 Ιίοιιιεῐοιο.
931 2360 968 2415 1.
996 2361 1033 2414 1.
1069 2377 1121 2431 p.
1152 2360 1276 2426 699,
1310 2361 1369 2416 Β.

663 2448 988 2505 Barberinus
1016 2452 1068 2506 6.

662 2540 737 2596 De
762 2543 1012 2598 omnibus
1042 2543 1124 2598 bis
1154 2559 1252 2598 nos
1285 2561 1498 2615 quoque
1525 2550 1830 2604 accuratius
1859 2566 2016 2620 agere
2043 2566 2152 2608 non

593 2646 898 2701 possumus,
926 2636 1049 2703 quia
1083 2635 1274 2690 Petrus
1306 2631 1580 2704 Pessinus,
1607 2643 1697 2708 qui
1731 2641 1948 2696 Areudii
1987 2642 2154 2698 edidit

590 2722 923 2788 eollationes,
955 2741 1024 2780 ne
1049 2727 1215 2782 verbo
1244 2728 1460 2796 quidem
1486 2729 1602 2784 illos
1635 2732 1950 2802 descripsit;
1978 2748 2153 2802 neque

590 2815 646 2870 In
687 2815 803 2870 aliis
855 2815 1099 2872 codicum
1146 2819 1400 2890 catalogis
1446 2822 1662 2876 eosdem
1707 2834 2154 2880 commemoratos

591 2906 918 2962 invenimus.

799 3019 970 3076 Codex
1001 3022 1316 3079 bibliotheca
1351 3023 1649 3081 Cardinalis
1676 3023 1917 3082 Ottoboni

589 3137 832 3239 coptipet
872 3135 1058 3190 lsidori
1096 3135 1354 3207 epistotas
1398 3138 1467 3192 Μ.
1491 3169 1559 3180 —-
1587 3140 1670 3196 Cl’.
1717 3140 1902 3197 Ilontl‘.
1951 3142 1988 3196 1.
2023 3144 2057 3197 1.
2094 3159 2145 3212 p.
2176 3181 2220 3239 ο

592 3218 695 3274 185
722 3221 786 3275 Δ.

859 3311 1032 3366 Codex
1061 3315 1360 3368 monasterii
1385 3315 1592 3388 Cryth
1624 3315 1864 3372 Ferrato:

588 3416 733 3454 anno
769 3402 871 3456 986
901 3413 1020 3471 post
1068 3402 1341 3459 Christum
1381 3407 1630 3475 scriptus,
1677 3411 1921 3466 continet
1961 3410 2150 3465 Isidori

589 3506 717 3560 epp.
742 3492 876 3548 1600
893 3484 999 3556 ςὀῐ.
1025 3493 1212 3549 Montf.
1235 3495 1272 3553 Ι,
1295 3496 1331 3550 1.
1372 3511 1427 3566 p.
1445 3498 1564 3564 199,
1582 3499 1638 3552 Β.
1657 3531 1723 3540 -
1741 3500 1991 3570 Ejusdem
2015 3503 2148 3557 diar.

592 3582 708 3636 Ital.
743 3599 796 3651 p.
830 3584 951 3638 368.
978 3615 1044 3625 —
1079 3585 1331 3655 Ejusdem
1361 3592 1751 3661 Palicographia
1783 3609 1951 3662 grai-ca
1973 3610 2026 3664 p.
2060 3595 2149 3655 45.

587 3686 651 3727 ex
677 3671 766 3727 ed.
796 3673 912 3727 Par.
949 3674 1103 3730 I708.

831 3785 1002 3843 Codex
1028 3790 1078 3842 iu
1111 3789 1292 3860 aliqua
1319 3790 1622 3846 bibliotheca
1651 3793 1910 3859 Romana,

589 3899 747 3969 cujus
784 3915 983 3956 nomen
1024 3902 1223 3957 excidit
1267 3902 1680 3959 Munlel’alconio
1704 3949 1718 3971 ,
1753 3908 1996 3962 continet
2051 3908 2150 3964 Isi-

586 3987 703 4044 dori
726 4029 738 4048 .
787 3987 996 4060 Synesii
1034 3998 1088 4044 et
1131 3990 1341 4046 Libanii
1379 3994 1652 4063 epistolas.
1693 3994 1778 4050 Cl.
1807 3995 1993 4052 lontl‘.
2037 3996 2076 4051 I.
2111 3999 2146 4052 1.

583 4097 639 4154 p.
666 4080 792 4148 2M,
817 4078 877 4134 D.

1071 4170 1283 4241 Codices
1305 4171 1672 4231 Laurentini.

655 4281 954 4339 Bandinius
999 4284 1054 4338 in
1100 4285 1341 4356 catalogo
1380 4288 1537 4342 codd.
1580 4304 1661 4359 gr.
1713 4291 1842 4345 bibl.
1891 4292 2144 4347 Laurent.

583 4377 691 4428 Vol.
722 4374 785 4437 tl,
822 4391 872 4443 τι.
906 4374 1029 4438 606,
1071 4391 1127 4429 u.
1158 4391 1276 4431 vni.
1308 4377 1494 4433 codice
1521 4395 1638 4445 xw,
1663 4379 1827 4450 plutei
1863 4379 1956 4436 60.
1984 4384 2149 4438 conti-

585 4467 699 4520 neri
731 4466 890 4519 tradit
921 4484 935 4519 :

655 4557 756 4611 Τοῦ
797 4559 955 4626 ἁγίου
1001 4558 1271 4631 Ἰσιδώρου
1306 4562 1398 4614 τοῦ
1445 4562 1824 4631 Πηλουσιώτου
1869 4568 2147 4621 ἐπιστολαὶ

586 4652 680 4700 σὺν
704 4649 1040 4718 τεχνολογίᾳ.
1067 4647 1205 4703 Sunt
1238 4659 1416 4705 autem
1453 4655 1693 4722 epistola:
1721 4656 1908 4710 decem
1940 4675 1956 4709 τ

655 4739 705 4805 1)
748 4738 1041 4808 Ζηνοδότῳ.
1078 4739 1182 4794 inc.
1215 4740 1275 4792 Ei
1305 4742 1397 4794 καὶ
1420 4742 1540 4796 Νῶε
1577 4744 1676 4812 τῆς
1703 4748 1902 4810 οἰκείας
1928 4778 1992 4788 -

651 4828 706 4898 2)
743 4828 1009 4898 Ζευσίμῳ.
1044 4829 1148 4882 inc.
1193 4828 1390 4895 Ἡδέως
1424 4832 1487 4884 ἂν
1513 4835 1738 4905 ἐροίμην
1777 4854 1831 4888 σε
1861 4869 1930 4877 --

651 4920 704 4989 ὅ)
746 4919 858 4972 Οὐκ
879 4918 1024 4972 ἐστιν
1049 4919 1264 4988 ἀδελφοὶ
1291 4924 1572 4993 ἀσκήσεως
1613 4927 1944 5000 πληροφορία
1979 4962 2043 4972 -

651 5010 705 5071 4)
758 5011 813 5061 '0
843 5008 936 5061 τοῦ
969 5009 1103 5061 Θεοῦ
1133 5012 1307 5080 ἱερεὺς
1334 5015 1519 5085 ἐπειδὴ
1554 5018 1759 5084 ἐγγίζει
1783 5049 1848 5058 --

651 5101 705 5169 5)
746 5101 900 5174 Ζύμῃ
929 5104 960 5171 ἡ
993 5101 1237 5170 βασιλεία
1270 5104 1376 5156 τῶν
1417 5107 1657 5176 οὐρανῶν
1694 5113 2045 5180 ἀφωμοίωται
2079 5144 2147 5155 ——

653 5191 704 5254 6)
742 5192 861 5262 Χρὴ
894 5194 1018 5256 τοὺς
1052 5193 1150 5263 τὴν
1179 5195 1522 5268 ἀνθρωπίνην
1547 5202 1820 5265 εὐγένειαν
1847 5233 1915 5242 --

655 5285 706 5350 7)
749 5283 953 5352 ’Ὠσπερ
981 5287 1030 5336 οι
1069 5287 1312 5338 ναυτικοὶ
1352 5287 1597 5359 βρώματι
1621 5321 1684 5332 -

652 5373 706 5442 8)
748 5374 810 5426 El
847 5373 1022 5442 λόγοις
1062 5375 1318 5446 ἐτρώθεις
1342 5410 1410 5418 -—

651 5465 705 5534 9)
751 5468 948 5536 Ἀρτος
968 5470 996 5523 ὁ
1027 5469 1228 5540 Κύριος
1255 5472 1510 5544 κέκληται
1544 5507 1608 5516 -

657 5558 738 5628 10)
774 5558 1016 5630 Εὑσεὸίῳ
1058 5563 1359 5632 ἑπισκόπῳ.
1393 5567 1500 5621 inc.
1549 5569 1804 5621 Ἦδύνασο
1835 5553 2141 5641 ἐπικουρεῖν

585 5651 691 5710 τοῖς
745 5648 992 5719 βοηθείας
1033 5653 1464 5724 προσδεομένοις.
1508 5658 1651 5712 Idem
1696 5658 1987 5716 Bandinius
2035 5664 2066 5717 I.
2105 5667 2136 5716 l.

589 5741 689 5794 tul.
726 5739 808 5794 III.
846 5758 900 5811 p.
933 5742 1054 5808 9.98,
1094 5761 1145 5797 n.
1178 5762 1245 5799 tv.
1279 5746 1466 5803 Isidori
1498 5765 1618 5819 epp.
1653 5751 1748 5804 411
1781 5753 1834 5807 in
1869 5754 1987 5810 cod.
2021 5771 2136 5810 vni.

2271 578 2661 636 recensionem.
2702 576 2920 628 alteram
2960 570 3254 624 secundum
3313 567 3566 620 ordinem
3617 577 3729 631 quo
3767 561 3847 612 Iit-

2266 681 2396 723 ter.e
2427 669 2478 722 in
2528 669 2765 721 codicem
2811 665 3156 722 exhibentur,
3189 660 3454 729 appositis
3497 656 3849 726 singularum

2267 760 2451 820 initiis,
2478 761 2696 812 alteram
2734 757 3027 810 secundum
3060 755 3264 806 litteras
3295 749 3593 820 alphabeti.
3632 774 3704 786 —-
3739 744 3851 798 He-

2264 853 2376 906 scio
2397 863 2574 910 autem
2605 865 2731 904 num
2761 850 2848 903 hic
2873 848 3041 902 codex
3073 847 3211 898 idem
3243 844 3330 904 sit.
3359 852 3524 911 atque
3547 840 3659 894 ille.
3681 850 3850 906 quem

2265 941 2712 1019 Nontel'alconiys
2743 941 2778 992 I.
2813 939 2846 991 1.
2881 955 2932 1007 p.
2973 935 3085 996 106.
3113 937 3151 988 Α
3182 935 3234 987 in
3267 933 3456 986 eadem
3500 929 3849 984 bibliotheca

2262 1042 2491 1094 exstare,
2520 1043 2574 1085 et
2603 1047 2721 1100 epp.
2760 1028 2862 1084 312
2890 1028 3170 1081 continere
3204 1024 3443 1079 tradidit.

2472 1126 2684 1180 Codices
2731 1125 3044 1177 bibliotheca:
3079 1120 3138 1174 S.
3172 1118 3345 1173 Harii
3377 1113 3625 1170 Veneriis.

2331 1217 2372 1285 I)
2399 1217 2514 1272 1am
2539 1216 2718 1270 Sixtus
2747 1214 3005 1269 Senensis
3036 1213 3088 1266 in
3122 1220 3316 1280 quarto
3342 1208 3693 1263 bibliotheca
3714 1219 3852 1259 san-

2260 1318 2360 1364 cte
2402 1307 2538 1360 libro
2571 1320 2629 1359 se
2663 1305 2927 1366 codicem,
2962 1300 3146 1355 lsidori
3185 1297 3442 1366 epistolas
3479 1293 3618 1348 ius
3659 1291 3851 1344 conti-

2261 1410 2499 1462 nentem.
2545 1401 2616 1453 ibi
2663 1399 2926 1468 reperisse
2981 1395 3220 1456 tradidit.
3267 1391 3655 1456 eumdemque,
3705 1395 3854 1440 teste

2259 1489 2522 1550 Fabricio.
2580 1487 3045 1546 Hontelalconius.
3098 1486 3149 1537 in
3192 1484 3364 1537 diario
3414 1479 3597 1533 Italico
3635 1493 3696 1546 p.
3749 1475 3848 1535 ιε.

2259 1583 2455 1638 saeculo
2497 1582 2633 1641 XIV.
2682 1590 2957 1634 exaratum
3005 1591 3334 1634 memorans,
3384 1571 3650 1640 epistolas
3701 1567 3849 1620 13.00

2259 1675 2539 1726 continere
2589 1679 2847 1731 testatur;
2888 1666 3210 1735 quibuscum
3267 1661 3516 1715 conferas
3565 1657 3846 1710 librorum

2259 1765 2766 1833 manuscriptorum,
2813 1775 2947 1830 quos
2985 1756 3267 1810 Bessarion
3312 1751 3644 1805 Venetorum
3692 1748 3849 1802 dono

2190 1862 2228 1916 Β
2256 1855 2406 1909 dedit
2436 1853 2667 1916 senatui,
2713 1852 3037 1920 catalogum,
3078 1860 3239 1916 quem
3289 1844 3430 1896 idem
3472 1838 3845 1893 Montel’slco-

2259 1945 2383 1998 nius
2424 1946 2474 1997 in
2518 1943 2651 1997 Bibl.
2692 1943 2813 1996 bibl.
2844 1957 2898 2010 p.
2927 1937 3164 1994 b67477
3187 1935 3431 1990 exhibet.
3476 1930 3846 1984 Commemo-

2258 2046 2405 2089 ratur
2424 2035 2568 2088 enim
2593 2036 2646 2087 in
2671 2034 2773 2087 hoc
2796 2030 2985 2100 μηδ,
3009 2029 3052 2080 Α
3083 2024 3268 2080 Isidori
3299 2020 3652 2091 epistolarum
3700 2017 3845 2070 1148

2256 2127 2421 2180 codex
2447 2125 2786 2179 chartaceus.
2815 2123 2992 2176 Finito
3021 2129 3201 2172 autem
3226 2117 3329 2170 hoc
3357 2114 3600 2181 catalogo
3626 2127 3681 2181 p.
3705 2112 3840 2173 477,

2255 2217 2333 2270 I'Ix
2369 2227 2536 2278 tanta,
2567 2216 2741 2285 inquit
2777 2211 3240 2268 Montelalconius,
3313 2205 3650 2278 supellectile
3692 2205 3843 2257 hanc

2256 2307 2429 2362 solum
2458 2307 2827 2361 brevissimam
2852 2304 3098 2357 codicum
3134 2310 3318 2355 notam
3351 2297 3596 2364 accipere
3625 2293 3785 2364 potui
3823 2310 3837 2344 :

2332 2417 2350 2450 ι
2386 2397 2566 2453 Codex
2615 2397 2793 2451 saeculi
2828 2393 2966 2448 XIV.
3027 2389 3336 2444 Ἐπιστολαὶ
3372 2388 3467 2440 τοῦ
3513 2388 3668 2451 ἁγίου
3709 2384 3842 2436 Ἰσι-

2253 2487 2426 2556 δώρου
2451 2487 2546 2540 τοῦ
2575 2484 2950 2555 Πηλουσιώτου
2981 2485 3058 2544 εἰς
3097 2481 3196 2546 τὴν
3232 2466 3524 2548 ἑρμῆνείαν
3551 2476 3648 2542 τῆς
3675 2471 3838 2534 Θείας

2253 2581 2491 2650 Γραφῆς·
2519 2582 2644 2650 περὶ
2672 2584 2768 2650 τῆς
2796 2579 2887 2632 xuii
2917 2577 3112 2639 παντὸς
3128 2573 3505 2644 δημιουργίας.
3524 2568 3838 2622 -—Initium

2253 2666 2491 2734 epistola
2522 2668 2706 2736 prima:
2732 2675 2808 2720 est
2837 2664 3022 2731 ἐπειδὴ
3063 2662 3318 2715 κυκλικόν
3364 2663 3480 2712 ἐστι
3514 2657 3607 2710 τοῦ
3632 2657 3837 2727 χρόνον

2251 2757 2312 2808 τὸ
2338 2756 2518 2825 ςχῆμα
2551 2787 2613 2795 -
2645 2758 2770 2824 (hoc
2808 2757 2969 2809 etiam
3005 2754 3071 2808 ab
3113 2753 3264 2805 Sixto
3311 2749 3541 2804 Senensi
3577 2757 3834 2802 notatum

2255 2847 2397 2914 fuit.)
2421 2877 2488 2888 —-
2520 2847 2770 2916 Epistolae
2799 2846 2978 2916 igitur,
3006 2845 3076 2897 ita
3098 2843 3240 2897 enim
3264 2840 3457 2912 pergit,
3485 2839 3552 2893 ad
3579 2838 3838 2892 diversos

2255 2941 2433 2995 missae
2458 2955 2686 2994 numero
2725 2938 2855 2992 1200
2884 2953 3001 3007 qua
3033 2936 3097 2989 ad
3133 2932 3633 3003 interpretationem
3657 2944 3836 2984 sacrae

2254 3031 2542 3100 Scriptura-
2569 3030 2873 3090 conferunt.
2892 3027 3188 3082 secundum
3212 3025 3457 3078 ordinem
3484 3021 3752 3075 librorum
3777 3027 3838 3073 et

2259 3138 2505 3177 versuum
2524 3122 2585 3175 ν.
2606 3134 2658 3176 et
2678 3119 2742 3174 Ν.
2769 3120 2830 3174 Τ.
2852 3120 3071 3189 digesta
3100 3125 3244 3172 sunt.
3313 3113 3446 3170 Cum
3475 3123 3655 3167 autem
3682 3112 3836 3166 inter

2255 3211 2442 3266 lsidori
2481 3211 2756 3280 epistolas,
2779 3223 2897 3277 quae
2916 3208 2982 3261 ad
3015 3215 3095 3259 ter
3123 3206 3269 3259 mille
3297 3218 3442 3258 casa:
3470 3217 3618 3260 sunt.
3640 3201 3834 3255 multa:

2252 3301 2305 3354 in
2329 3300 2678 3370 explanandis
2706 3313 2873 3352 sacrae
2906 3296 3197 3365 Scriptura:
3222 3293 3355 3347 locis
3381 3303 3685 3350 versentur.
3713 3306 3832 3344 non

2251 3393 2424 3447 ausim
2460 3393 2638 3445 dicere
2669 3389 2883 3444 easdem
2925 3395 3017 3440 aut
3044 3385 3284 3440 diversas
3316 3399 3437 3437 esse
3469 3382 3536 3436 ab
3575 3382 3662 3443 iis,
3703 3397 3834 3448 quae

2254 3484 2306 3537 in
2344 3485 2444 3537 isto
2491 3481 2678 3534 codice
2721 3487 3056 3548 comparent.
3098 3494 3115 3525 ι
3157 3475 3429 3529 Hactenus
3466 3470 3833 3526 Hontelalco-

2253 3576 2393 3628 nius.
2437 3572 2711 3627 Fabricius
2737 3588 2864 3624 vero
2891 3585 2953 3624 ex
2987 3568 3190 3622 codicis
3221 3566 3394 3625 initio.
3420 3564 3607 3632 ἐπειδὴ
3637 3563 3834 3616 κυκλι-

2250 3669 2345 3720 adv
2374 3666 2487 3716 ἐστι
2515 3693 2582 3703 -
2611 3662 2775 3731 quod,
2804 3662 2878 3713 ttti
2902 3662 3009 3726 jam
3040 3674 3068 3711 a
3091 3656 3268 3712 Caveo
3302 3665 3545 3710 notatum
3572 3655 3664 3716 sit,
3690 3651 3832 3706 nulli

2249 3775 2314 3814 ex
2345 3759 2503 3813 editis
2534 3763 2813 3826 congruat,
2850 3754 3031 3822 plures
3071 3753 3124 3805 in
3154 3752 3256 3806 hoc
3290 3749 3476 3804 codice
3511 3749 3684 3801 latere
3723 3745 3832 3799 lsi-

2250 3849 2366 3906 dori
2413 3848 2670 3917 epistolas
2711 3847 2888 3899 adhuc
2928 3845 3160 3898 ineditas
3193 3841 3422 3911 collegit.
3471 3838 3575 3892 Sed
3621 3837 3835 3891 erravit

2250 3943 2333 3995 vir
2359 3941 2556 4007 alioqui
2597 3946 2787 3991 cautus
2814 3946 2868 3990 et
2893 3936 3140 4005 diligens.
3178 3933 3388 3986 Etenim
3433 3928 3561 3982 illud
3593 3937 3681 3982 est
3716 3926 3832 3980 ini—

2252 4033 2384 4086 tium
2422 4031 2606 4100 prima:
2642 4029 2762 4082 libri
2793 4027 2966 4096 quarti
3005 4025 3282 4096 epistulas;
3318 4022 3460 4092 quod
3486 4020 3598 4088 jam
3640 4035 3669 4071 a
3705 4016 3833 4072 Rit-

2253 4120 2524 4175 tershusio
2553 4120 2604 4171 in
2637 4127 2762 4170 nota
2797 4117 2863 4171 ad
2898 4119 3036 4170 hanc
3059 4114 3338 4184 epistolam
3373 4111 3608 4166 secunda
3650 4110 3834 4163 adno-

2251 4219 2420 4266 tatum
2447 4211 2622 4270 video.
2660 4209 2711 4262 in
2747 4225 2850 4277 qua
2884 4208 2993 4270 ille,
3024 4205 3080 4261 Id
3105 4206 3260 4270 mihi,
3285 4203 3478 4272 inquit,
3506 4202 3640 4256 satis
3663 4217 3832 4270 argu-

2250 4300 2416 4354 menti
2445 4309 2529 4352 est
2563 4308 2760 4367 printer
2801 4298 2925 4362 alia,
2962 4312 3082 4367 qua:
3109 4295 3254 4350 domi
3291 4293 3484 4354 habeo.
3526 4305 3590 4345 ex
3633 4291 3832 4346 codice

2251 4391 2342 4444 illo
2379 4387 2585 4442 Veneto
2612 4388 2947 4450 Bai-aricnm,
2977 4389 3119 4442 unde
3162 4387 3259 4441 has
3285 4382 3540 4453 epistulas
3563 4381 3831 4452 deprom-

2254 4491 2369 4549 ptas
2403 4481 2602 4548 publici
2634 4479 2770 4547 juris
2819 4479 2972 4548 primi
3018 4478 3264 4536 iecimus.
3307 4474 3640 4544 descriptum
3677 4489 3828 4528 esse.

2251 4571 2426 4638 Quare
2471 4581 2524 4625 et
2574 4572 2626 4623 in
2672 4570 2924 4625 editionis
2972 4586 3082 4624 sua:
3131 4569 3285 4623 titulo
3327 4566 3515 4620 excudi
3564 4565 3826 4619 curavit:

2255 4687 2272 4716 Ι
2308 4664 2541 4731 Quartus
2577 4665 2709 4717 liber
2740 4680 2883 4717 nunc
2913 4664 3144 4733 primum
3175 4663 3288 4714 exit
3319 4675 3510 4719 novus,
3535 4673 3600 4712 ex
3629 4657 3826 4711 eodem

2249 4758 2369 4810 cod.
2417 4755 2567 4818 Bav.,
2611 4756 2694 4808 cui
2748 4752 2988 4807 Venetus
3025 4754 3077 4805 in
3116 4750 3251 4805 Bibl.
3296 4749 3352 4803 S.
3393 4748 3550 4802 Marci
3589 4763 3826 4816 respon-

2248 4849 2357 4900 det.
2393 4865 2410 4896 ι
2451 4847 2515 4900 Et
2545 4862 2672 4899 sane
2713 4846 2760 4898 id
2806 4847 2968 4914 hujus
3000 4845 3097 4897 viri
3142 4843 3283 4896 lavet
3327 4841 3631 4902 sententiae,
3673 4851 3826 4908 quod

2249 4933 2499 4988 Hardtius
2539 4935 2592 4986 in
2631 4935 2870 5003 catalogo
2919 4948 3068 4986 conn.
3103 4931 3233 4984 bibl.
3271 4929 3422 4994 Bav.,
3461 4929 3615 4996 cuius
3656 4929 3825 4981 verba

2249 5041 2408 5094 supra
2461 5042 2488 5078 a
2532 5026 2687 5078 nobis
2735 5027 2888 5077 allata
2926 5032 3071 5082 sunt.
3110 5021 3458 5075 Rittershusii
3504 5019 3746 5073 codicem
3792 5036 3824 5070 a

2251 5116 2406 5170 Petro
2445 5117 2719 5170 Carneade
2765 5115 3048 5184 Epidauria
3094 5130 3213 5167 saec.
3251 5112 3384 5164 XVI.
3415 5111 3657 5164 V'cnetiis
3688 5124 3824 5163 exa-

2248 5216 2419 5260 ratum
2443 5221 2559 5259 csse
2600 5207 2830 5260 tradidit.

2320 5295 2422 5350 Sed
2476 5306 2592 5350 utut
2636 5299 2750 5350 lucc
2787 5297 2911 5359 sint,
2948 5297 2998 5348 id
3032 5296 3204 5347 habeo
3247 5292 3630 5354 certissimum,
3670 5296 3819 5361 quod

2249 5389 2564 5452 Laurentius
2606 5389 2920 5456 Theupulus
2969 5388 3020 5440 in
3056 5402 3224 5455 graeca
3277 5386 3382 5438 111κὶ
3424 5385 3582 5436 Marci
3620 5385 3818 5440 biblio-

2246 5483 2400 5536 theca
2427 5482 2672 5544 aﬂirmat,
2706 5481 2929 5544 scilicet,
2947 5489 3155 5532 exstare
3185 5479 3234 5530 in
3255 5478 3440 5530 codice
3465 5493 3638 5535 cxxvt.
3659 5479 3817 5531 char-

2246 5584 2415 5635 taceo,
2453 5576 2541 5642 qui
2590 5590 2712 5627 saec.
2744 5572 2878 5624 XIV.
2918 5581 3193 5624 exaratum
3231 5570 3318 5633 sit,
3347 5570 3402 5621 S.
3439 5569 3623 5622 Isidori
3660 5567 3818 5623 Pelu-

2245 5667 2392 5719 siota:
2420 5666 2672 5734 epistolas
2707 5667 2870 5728 llt8,
2904 5680 3098 5731 easque
3125 5677 3314 5716 omnes
3343 5663 3395 5714 in
3432 5661 3669 5715 editione
3710 5659 3810 5714 Pa-

2246 5759 2456 5813 risiensi
2503 5759 2610 5824 jam
2655 5774 2877 5812 excusas
2918 5774 3056 5812 esse.
3091 5767 3283 5825 praeter
3321 5771 3478 5808 unam
3521 5752 3684 5807 I‘aulo
3727 5750 3811 5807 ia-
