  <div class='ocr_page' id='page_1' title='image "/cluster/home/n/w/nwhite01/storage/ocr_20150623/78/ien.35556001661065/038.png"; bbox 0 0 3972 6410; ppageno 0'>
   <div class='ocr_carea' id='block_1_1' title="bbox 125 372 3425 448">
    <p class='ocr_par' dir='ltr' id='par_1_1' title="bbox 125 372 3425 448">
     <span class='ocr_line' id='line_1_1' title="bbox 125 372 3425 448; baseline -0.005 0"><span class='ocrx_word' id='word_1_1' title='bbox 125 383 194 448; x_wconf 71' lang='lat'><strong>57</strong></span> <span class='ocrx_word' id='word_1_2' title='bbox 1259 373 1662 438; x_wconf 77' lang='lat' dir='ltr'><strong>APPENDIX.</strong></span> <span class='ocrx_word' id='word_1_3' title='bbox 1679 372 2077 435; x_wconf 87' lang='lat' dir='ltr'><strong>—CODICES</strong></span> <span class='ocrx_word' id='word_1_4' title='bbox 2114 374 2276 436; x_wconf 84' lang='lat' dir='ltr'><strong>MSS.</strong></span> <span class='ocrx_word' id='word_1_5' title='bbox 3353 372 3425 432; x_wconf 73' lang='lat' dir='ltr'><strong>bo</strong></span> 
     </span>
    </p>
   </div>
   <div class='ocr_carea' id='block_1_2' title="bbox 125 477 1724 566">
    <p class='ocr_par' dir='ltr' id='par_1_2' title="bbox 125 487 1714 566">
     <span class='ocr_line' id='line_1_2' title="bbox 125 487 1714 566; baseline -0.01 -12"><span class='ocrx_word' id='word_1_6' title='bbox 125 498 410 562; x_wconf 73' lang='lat' dir='ltr'><strong>scriptam.</strong></span> <span class='ocrx_word' id='word_1_7' title='bbox 433 497 587 566; x_wconf 74' lang='lat' dir='ltr'><strong>cuius</strong></span> <span class='ocrx_word' id='word_1_8' title='bbox 619 495 832 551; x_wconf 90' lang='lat' dir='ltr'><strong>initium</strong></span> <span class='ocrx_word' id='word_1_9' title='bbox 861 510 873 547; x_wconf 91' lang='lat'><strong>:</strong></span> <span class='ocrx_word' id='word_1_10' title='bbox 912 492 1035 546; x_wconf 82' lang='grc' dir='ltr'><strong>Ὀτι</strong></span> <span class='ocrx_word' id='word_1_11' title='bbox 1057 491 1138 546; x_wconf 71' lang='grc' dir='ltr'>δεῖ</span> <span class='ocrx_word' id='word_1_12' title='bbox 1162 489 1438 561; x_wconf 72' lang='grc' dir='ltr'><strong>ἑπιμὸνως</strong></span> <span class='ocrx_word' id='word_1_13' title='bbox 1468 487 1616 559; x_wconf 73' lang='grc' dir='ltr'>εχειν</span> <span class='ocrx_word' id='word_1_14' title='bbox 1649 488 1714 556; x_wconf 78' lang='grc' dir='ltr'><strong>τῇ</strong></span> 
     </span>
    </p>
   </div>
   <div class='ocr_carea' id='block_1_3' title="bbox 1837 477 3420 566">
    <p class='ocr_par' dir='ltr' id='par_1_3' title="bbox 1837 477 3420 556">
     <span class='ocr_line' id='line_1_3' title="bbox 1837 477 3420 556; baseline -0.004 -17"><span class='ocrx_word' id='word_1_15' title='bbox 1837 500 1953 539; x_wconf 85' lang='lat' dir='ltr'><strong>mm</strong></span> <span class='ocrx_word' id='word_1_16' title='bbox 1990 485 2108 556; x_wconf 86' lang='lat' dir='ltr'><strong>(lib.</strong></span> <span class='ocrx_word' id='word_1_17' title='bbox 2147 502 2230 550; x_wconf 82' lang='grc' dir='ltr'>ιιι,</span> <span class='ocrx_word' id='word_1_18' title='bbox 2265 499 2354 554; x_wconf 90' lang='lat' dir='ltr'><strong>ep.</strong></span> <span class='ocrx_word' id='word_1_19' title='bbox 2393 480 2545 553; x_wconf 69' lang='grc'>216).</span> <span class='ocrx_word' id='word_1_20' title='bbox 2571 480 2763 538; x_wconf 82' lang='lat' dir='ltr'><strong>ultima</strong></span> <span class='ocrx_word' id='word_1_21' title='bbox 2805 488 2990 536; x_wconf 83' lang='lat' dir='ltr'><strong>autem</strong></span> <span class='ocrx_word' id='word_1_22' title='bbox 3028 477 3096 534; x_wconf 84' lang='lat' dir='ltr'><strong>ad</strong></span> <span class='ocrx_word' id='word_1_23' title='bbox 3135 477 3420 548; x_wconf 68' lang='lat' dir='ltr'><strong>Lycaenam</strong></span> 
     </span>
    </p>
   </div>
   <div class='ocr_carea' id='block_1_4' title="bbox 130 581 1719 664">
    <p class='ocr_par' dir='ltr' id='par_1_4' title="bbox 130 581 1719 664">
     <span class='ocr_line' id='line_1_4' title="bbox 130 581 1719 664; baseline -0.008 -20"><span class='ocrx_word' id='word_1_24' title='bbox 130 590 624 664; x_wconf 66' lang='grc' dir='ltr'><strong>μελέτῃ-νήστεις</strong></span> <span class='ocrx_word' id='word_1_25' title='bbox 644 588 792 655; x_wconf 72' lang='grc'><strong>484.,</strong></span> <span class='ocrx_word' id='word_1_26' title='bbox 809 587 886 643; x_wconf 91' lang='lat' dir='ltr'><strong>sic</strong></span> <span class='ocrx_word' id='word_1_27' title='bbox 906 585 1100 641; x_wconf 90' lang='lat' dir='ltr'><strong>deinde</strong></span> <span class='ocrx_word' id='word_1_28' title='bbox 1123 583 1314 654; x_wconf 88' lang='lat' dir='ltr'><strong>pergit,</strong></span> <span class='ocrx_word' id='word_1_29' title='bbox 1334 581 1618 636; x_wconf 91' lang='lat' dir='ltr'><strong>continent</strong></span> <span class='ocrx_word' id='word_1_30' title='bbox 1634 594 1719 633; x_wconf 91' lang='lat' dir='ltr'><strong>sa-</strong></span> 
     </span>
    </p>
   </div>
   <div class='ocr_carea' id='block_1_5' title="bbox 125 672 1718 754">
    <p class='ocr_par' dir='ltr' id='par_1_5' title="bbox 125 672 1718 754">
     <span class='ocr_line' id='line_1_5' title="bbox 125 672 1718 754; baseline -0.009 -15"><span class='ocrx_word' id='word_1_31' title='bbox 125 700 233 739; x_wconf 69' lang='lat' dir='ltr'><strong>tm</strong></span> <span class='ocrx_word' id='word_1_32' title='bbox 261 685 560 754; x_wconf 69' lang='lat' dir='ltr'><strong>Scriptura:</strong></span> <span class='ocrx_word' id='word_1_33' title='bbox 584 678 1061 752; x_wconf 71' lang='lat' dir='ltr'><strong>interpretationes</strong></span> <span class='ocrx_word' id='word_1_34' title='bbox 1086 694 1098 730; x_wconf 92' lang='lat'><strong>:</strong></span> <span class='ocrx_word' id='word_1_35' title='bbox 1122 685 1414 746; x_wconf 81' lang='lat' dir='ltr'><strong>sequentes</strong></span> <span class='ocrx_word' id='word_1_36' title='bbox 1437 673 1559 737; x_wconf 77' lang='grc'>175,</span> <span class='ocrx_word' id='word_1_37' title='bbox 1573 672 1718 726; x_wconf 86' lang='lat' dir='ltr'><strong>circa</strong></span> 
     </span>
    </p>
   </div>
   <div class='ocr_carea' id='block_1_6' title="bbox 126 767 1720 850">
    <p class='ocr_par' dir='ltr' id='par_1_6' title="bbox 126 767 1720 850">
     <span class='ocr_line' id='line_1_6' title="bbox 126 767 1720 850; baseline -0.007 -20"><span class='ocrx_word' id='word_1_38' title='bbox 126 780 279 832; x_wconf 69' lang='lat' dir='ltr'><strong>varia</strong></span> <span class='ocrx_word' id='word_1_39' title='bbox 328 789 646 850; x_wconf 83' lang='lat' dir='ltr'><strong>argumenta</strong></span> <span class='ocrx_word' id='word_1_40' title='bbox 693 783 1024 832; x_wconf 77' lang='lat' dir='ltr'><strong>versantur:</strong></span> <span class='ocrx_word' id='word_1_41' title='bbox 1067 785 1358 842; x_wconf 67' lang='lat' dir='ltr'><strong>postremae</strong></span> <span class='ocrx_word' id='word_1_42' title='bbox 1407 768 1514 823; x_wconf 63' lang='lat'><strong>489</strong></span> <span class='ocrx_word' id='word_1_43' title='bbox 1549 767 1720 821; x_wconf 80' lang='lat' dir='ltr'><strong>titulis</strong></span> 
     </span>
    </p>
   </div>
   <div class='ocr_carea' id='block_1_7' title="bbox 125 860 1719 936">
    <p class='ocr_par' dir='ltr' id='par_1_7' title="bbox 125 860 1719 936">
     <span class='ocr_line' id='line_1_7' title="bbox 125 860 1719 936; baseline -0.008 -10"><span class='ocrx_word' id='word_1_44' title='bbox 125 882 342 936; x_wconf 76' lang='lat' dir='ltr'><strong>carent,</strong></span> <span class='ocrx_word' id='word_1_45' title='bbox 387 883 442 926; x_wconf 89' lang='lat' dir='ltr'><strong>et</strong></span> <span class='ocrx_word' id='word_1_46' title='bbox 488 871 602 926; x_wconf 84' lang='lat' dir='ltr'><strong>l’ere</strong></span> <span class='ocrx_word' id='word_1_47' title='bbox 652 885 842 925; x_wconf 87' lang='lat' dir='ltr'><strong>omnes</strong></span> <span class='ocrx_word' id='word_1_48' title='bbox 884 867 940 920; x_wconf 92' lang='lat' dir='ltr'><strong>in</strong></span> <span class='ocrx_word' id='word_1_49' title='bbox 985 862 1163 936; x_wconf 90' lang='lat' dir='ltr'><strong>primo</strong></span> <span class='ocrx_word' id='word_1_50' title='bbox 1199 873 1257 918; x_wconf 93' lang='lat' dir='ltr'><strong>et</strong></span> <span class='ocrx_word' id='word_1_51' title='bbox 1303 862 1546 918; x_wconf 88' lang='lat' dir='ltr'><strong>secundo</strong></span> <span class='ocrx_word' id='word_1_52' title='bbox 1583 860 1719 914; x_wconf 86' lang='lat' dir='ltr'><strong>libro</strong></span> 
     </span>
    </p>
   </div>
   <div class='ocr_carea' id='block_1_8' title="bbox 125 952 1720 1033">
    <p class='ocr_par' dir='ltr' id='par_1_8' title="bbox 125 952 1720 1033">
     <span class='ocr_line' id='line_1_8' title="bbox 125 952 1720 1033; baseline -0.009 -15"><span class='ocrx_word' id='word_1_53' title='bbox 125 964 410 1033; x_wconf 63' lang='lat' dir='ltr'><strong>praedicta:</strong></span> <span class='ocrx_word' id='word_1_54' title='bbox 461 963 718 1018; x_wconf 83' lang='lat' dir='ltr'><strong>editionis</strong></span> <span class='ocrx_word' id='word_1_55' title='bbox 759 961 1138 1031; x_wconf 89' lang='lat' dir='ltr'><strong>reperiuntur;</strong></span> <span class='ocrx_word' id='word_1_56' title='bbox 1174 957 1446 1027; x_wconf 67' lang='lat' dir='ltr'><strong>pleneque</strong></span> <span class='ocrx_word' id='word_1_57' title='bbox 1488 952 1720 1009; x_wconf 81' lang='lat' dir='ltr'><strong>diversis</strong></span> 
     </span>
    </p>
   </div>
   <div class='ocr_carea' id='block_1_9' title="bbox 123 1052 1306 1123">
    <p class='ocr_par' dir='ltr' id='par_1_9' title="bbox 123 1052 1306 1123">
     <span class='ocr_line' id='line_1_9' title="bbox 123 1052 1306 1123; baseline -0.007 -13"><span class='ocrx_word' id='word_1_58' title='bbox 123 1072 188 1110; x_wconf 85' lang='lat' dir='ltr'><strong>ac</strong></span> <span class='ocrx_word' id='word_1_59' title='bbox 224 1058 284 1110; x_wconf 88' lang='lat' dir='ltr'><strong>in</strong></span> <span class='ocrx_word' id='word_1_60' title='bbox 318 1057 484 1112; x_wconf 86' lang='lat' dir='ltr'><strong>editis</strong></span> <span class='ocrx_word' id='word_1_61' title='bbox 510 1055 823 1111; x_wconf 79' lang='lat' dir='ltr'><strong>nominibus</strong></span> <span class='ocrx_word' id='word_1_62' title='bbox 850 1052 1130 1123; x_wconf 78' lang='lat' dir='ltr'><strong>inscriptze</strong></span> <span class='ocrx_word' id='word_1_63' title='bbox 1158 1057 1306 1104; x_wconf 82' lang='lat' dir='ltr'><strong>sunt.</strong></span> 
     </span>
    </p>
   </div>
   <div class='ocr_carea' id='block_1_10' title="bbox 195 1142 1717 1218">
    <p class='ocr_par' dir='ltr' id='par_1_10' title="bbox 195 1142 1717 1218">
     <span class='ocr_line' id='line_1_10' title="bbox 195 1142 1717 1218; baseline -0.005 -15"><span class='ocrx_word' id='word_1_64' title='bbox 195 1148 266 1203; x_wconf 91' lang='lat' dir='ltr'><strong>ll.</strong></span> <span class='ocrx_word' id='word_1_65' title='bbox 307 1150 510 1205; x_wconf 78' lang='lat' dir='ltr'><strong>Eodem</strong></span> <span class='ocrx_word' id='word_1_66' title='bbox 551 1149 843 1204; x_wconf 88' lang='lat' dir='ltr'><strong>Laurentio</strong></span> <span class='ocrx_word' id='word_1_67' title='bbox 887 1147 1174 1218; x_wconf 88' lang='lat' dir='ltr'><strong>Theupulo</strong></span> <span class='ocrx_word' id='word_1_68' title='bbox 1219 1153 1359 1200; x_wconf 80' lang='lat' dir='ltr'><strong>teste</strong></span> <span class='ocrx_word' id='word_1_69' title='bbox 1393 1175 1454 1188; x_wconf 87' lang='lat'><strong>-</strong></span> <span class='ocrx_word' id='word_1_70' title='bbox 1485 1142 1558 1198; x_wconf 88' lang='lat' dir='ltr'><strong>cl&#39;.</strong></span> <span class='ocrx_word' id='word_1_71' title='bbox 1605 1142 1643 1198; x_wconf 93' lang='lat' dir='ltr'><strong>l.</strong></span> <span class='ocrx_word' id='word_1_72' title='bbox 1680 1143 1717 1208; x_wconf 88' lang='grc' dir='ltr'><strong>Ι,</strong></span> 
     </span>
    </p>
   </div>
   <div class='ocr_carea' id='block_1_11' title="bbox 125 1235 1717 1312">
    <p class='ocr_par' dir='ltr' id='par_1_11' title="bbox 125 1235 1717 1312">
     <span class='ocr_line' id='line_1_11' title="bbox 125 1235 1717 1312; baseline -0.004 -16"><span class='ocrx_word' id='word_1_73' title='bbox 125 1258 180 1312; x_wconf 90' lang='lat' dir='ltr'><strong>p.</strong></span> <span class='ocrx_word' id='word_1_74' title='bbox 221 1243 358 1298; x_wconf 71' lang='lat'><strong>285.</strong></span> <span class='ocrx_word' id='word_1_75' title='bbox 387 1273 456 1282; x_wconf 97' lang='lat'><strong>—</strong></span> <span class='ocrx_word' id='word_1_76' title='bbox 477 1242 612 1297; x_wconf 80' lang='lat' dir='ltr'><strong>Cod.</strong></span> <span class='ocrx_word' id='word_1_77' title='bbox 658 1257 799 1297; x_wconf 75' lang='lat' dir='ltr'><strong>nxxv</strong></span> <span class='ocrx_word' id='word_1_78' title='bbox 827 1241 1072 1296; x_wconf 88' lang='lat' dir='ltr'><strong>continet</strong></span> <span class='ocrx_word' id='word_1_79' title='bbox 1112 1239 1302 1294; x_wconf 89' lang='lat' dir='ltr'><strong>lsidori</strong></span> <span class='ocrx_word' id='word_1_80' title='bbox 1338 1237 1599 1308; x_wconf 87' lang='lat' dir='ltr'><strong>epistolas</strong></span> <span class='ocrx_word' id='word_1_81' title='bbox 1634 1235 1717 1291; x_wconf 78' lang='grc'><strong>15.</strong></span> 
     </span>
    </p>
   </div>
   <div class='ocr_carea' id='block_1_12' title="bbox 199 1327 1718 1407">
    <p class='ocr_par' dir='ltr' id='par_1_12' title="bbox 199 1327 1718 1407">
     <span class='ocr_line' id='line_1_12' title="bbox 199 1327 1718 1407; baseline -0.005 -19"><span class='ocrx_word' id='word_1_82' title='bbox 199 1335 256 1407; x_wconf 88' lang='grc'>1)</span> <span class='ocrx_word' id='word_1_83' title='bbox 291 1335 532 1390; x_wconf 86' lang='lat' dir='ltr'><strong>Zosimo.</strong></span> <span class='ocrx_word' id='word_1_84' title='bbox 564 1335 673 1390; x_wconf 91' lang='lat' dir='ltr'><strong>inc.</strong></span> <span class='ocrx_word' id='word_1_85' title='bbox 706 1335 826 1389; x_wconf 83' lang='grc' dir='ltr'><strong>Τῶν</strong></span> <span class='ocrx_word' id='word_1_86' title='bbox 859 1333 1217 1404; x_wconf 75' lang='grc' dir='ltr'><strong>ἀνθρωπίνων</strong></span> <span class='ocrx_word' id='word_1_87' title='bbox 1246 1330 1533 1402; x_wconf 70' lang='grc' dir='ltr'><strong>ἁμαρτιῶν</strong></span> <span class='ocrx_word' id='word_1_88' title='bbox 1555 1359 1629 1396; x_wconf 79' lang='grc' dir='ltr'><strong>-τ</strong></span> <span class='ocrx_word' id='word_1_89' title='bbox 1663 1327 1718 1396; x_wconf 79' lang='lat'><strong>‘2)</strong></span> 
     </span>
    </p>
   </div>
   <div class='ocr_carea' id='block_1_13' title="bbox 129 1422 1718 1497">
    <p class='ocr_par' dir='ltr' id='par_1_13' title="bbox 129 1422 1718 1497">
     <span class='ocr_line' id='line_1_13' title="bbox 129 1422 1718 1497; baseline -0.002 -16"><span class='ocrx_word' id='word_1_90' title='bbox 129 1427 210 1482; x_wconf 73' lang='lat' dir='ltr'><strong>Ad</strong></span> <span class='ocrx_word' id='word_1_91' title='bbox 255 1437 471 1482; x_wconf 87' lang='lat' dir='ltr'><strong>ascetas</strong></span> <span class='ocrx_word' id='word_1_92' title='bbox 518 1427 847 1497; x_wconf 83' lang='lat' dir='ltr'><strong>jejunantes.</strong></span> <span class='ocrx_word' id='word_1_93' title='bbox 897 1427 1005 1482; x_wconf 92' lang='lat' dir='ltr'><strong>inc.</strong></span> <span class='ocrx_word' id='word_1_94' title='bbox 1037 1425 1267 1490; x_wconf 65' lang='grc' dir='ltr'><strong>εὐθύνας</strong></span> <span class='ocrx_word' id='word_1_95' title='bbox 1311 1423 1528 1494; x_wconf 73' lang='grc' dir='ltr'><strong>ὑφέξων</strong></span> <span class='ocrx_word' id='word_1_96' title='bbox 1565 1453 1630 1463; x_wconf 95' lang='grc'><strong><em>-</em></strong></span> <span class='ocrx_word' id='word_1_97' title='bbox 1664 1422 1718 1492; x_wconf 80' lang='grc'><strong>5)</strong></span> 
     </span>
    </p>
   </div>
   <div class='ocr_carea' id='block_1_14' title="bbox 132 1515 1722 1590">
    <p class='ocr_par' dir='ltr' id='par_1_14' title="bbox 132 1515 1722 1590">
     <span class='ocr_line' id='line_1_14' title="bbox 132 1515 1722 1590; baseline 0 -19"><span class='ocrx_word' id='word_1_98' title='bbox 132 1519 353 1575; x_wconf 84' lang='lat' dir='ltr'><strong>llieraci</strong></span> <span class='ocrx_word' id='word_1_99' title='bbox 381 1519 700 1576; x_wconf 83' lang='lat' dir='ltr'><strong>clarissimo.</strong></span> <span class='ocrx_word' id='word_1_100' title='bbox 727 1521 837 1575; x_wconf 88' lang='lat' dir='ltr'><strong>inc.</strong></span> <span class='ocrx_word' id='word_1_101' title='bbox 876 1519 988 1590; x_wconf 77' lang='grc' dir='ltr'><strong>βίος</strong></span> <span class='ocrx_word' id='word_1_102' title='bbox 1025 1519 1152 1573; x_wconf 81' lang='grc' dir='ltr'>ἄνευ</span> <span class='ocrx_word' id='word_1_103' title='bbox 1192 1518 1353 1586; x_wconf 75' lang='grc' dir='ltr'>λόγου</span> <span class='ocrx_word' id='word_1_104' title='bbox 1379 1548 1444 1557; x_wconf 90' lang='grc'><strong><em>-</em></strong></span> <span class='ocrx_word' id='word_1_105' title='bbox 1471 1517 1530 1583; x_wconf 60' lang='lat' dir='ltr'><strong>bl</strong></span> <span class='ocrx_word' id='word_1_106' title='bbox 1556 1515 1722 1571; x_wconf 85' lang='lat' dir='ltr'><strong>Eulo-</strong></span> 
     </span>
    </p>
   </div>
   <div class='ocr_carea' id='block_1_15' title="bbox 129 1608 1718 1683">
    <p class='ocr_par' dir='ltr' id='par_1_15' title="bbox 129 1608 1718 1683">
     <span class='ocr_line' id='line_1_15' title="bbox 129 1608 1718 1683; baseline -0.002 -16"><span class='ocrx_word' id='word_1_107' title='bbox 129 1614 223 1668; x_wconf 83' lang='lat' dir='ltr'><strong>nio</strong></span> <span class='ocrx_word' id='word_1_108' title='bbox 241 1615 616 1670; x_wconf 85' lang='lat' dir='ltr'><strong>diacono......</strong></span> <span class='ocrx_word' id='word_1_109' title='bbox 639 1614 816 1667; x_wconf 81' lang='grc' dir='ltr'>πάντα</span> <span class='ocrx_word' id='word_1_110' title='bbox 837 1613 1134 1668; x_wconf 82' lang='grc' dir='ltr'><strong>ποιούντων</strong></span> <span class='ocrx_word' id='word_1_111' title='bbox 1153 1611 1326 1683; x_wconf 81' lang='grc' dir='ltr'>ἡμῶν.</span> <span class='ocrx_word' id='word_1_112' title='bbox 1347 1641 1417 1651; x_wconf 91' lang='grc'><strong><em>-</em></strong></span> <span class='ocrx_word' id='word_1_113' title='bbox 1431 1609 1486 1680; x_wconf 85' lang='lat'><strong>5)</strong></span> <span class='ocrx_word' id='word_1_114' title='bbox 1513 1608 1718 1664; x_wconf 82' lang='lat' dir='ltr'><strong>Eidem.</strong></span> 
     </span>
    </p>
   </div>
   <div class='ocr_carea' id='block_1_16' title="bbox 128 1702 1720 1779">
    <p class='ocr_par' dir='ltr' id='par_1_16' title="bbox 128 1702 1720 1779">
     <span class='ocr_line' id='line_1_16' title="bbox 128 1702 1720 1779; baseline -0.002 -21"><span class='ocrx_word' id='word_1_115' title='bbox 128 1706 242 1760; x_wconf 91' lang='lat' dir='ltr'><strong>inc.</strong></span> <span class='ocrx_word' id='word_1_116' title='bbox 277 1707 395 1769; x_wconf 77' lang='grc' dir='ltr'>τοῖς</span> <span class='ocrx_word' id='word_1_117' title='bbox 424 1707 620 1770; x_wconf 74' lang='grc' dir='ltr'>δεινοῖς</span> <span class='ocrx_word' id='word_1_118' title='bbox 655 1705 882 1779; x_wconf 80' lang='grc' dir='ltr'>ἀνδράσι</span> <span class='ocrx_word' id='word_1_119' title='bbox 912 1736 984 1765; x_wconf 86' lang='lat'><strong>_—-</strong></span> <span class='ocrx_word' id='word_1_120' title='bbox 1007 1705 1062 1774; x_wconf 84' lang='lat'><strong>6)</strong></span> <span class='ocrx_word' id='word_1_121' title='bbox 1096 1703 1397 1760; x_wconf 81' lang='lat' dir='ltr'><strong>Archontio</strong></span> <span class='ocrx_word' id='word_1_122' title='bbox 1431 1702 1720 1758; x_wconf 78' lang='lat' dir='ltr'><strong>monacho.</strong></span> 
     </span>
    </p>
   </div>
   <div class='ocr_carea' id='block_1_17' title="bbox 129 1795 1724 1869">
    <p class='ocr_par' dir='ltr' id='par_1_17' title="bbox 129 1795 1724 1869">
     <span class='ocr_line' id='line_1_17' title="bbox 129 1795 1724 1869; baseline -0.003 -18"><span class='ocrx_word' id='word_1_123' title='bbox 129 1800 240 1854; x_wconf 82' lang='lat' dir='ltr'><strong>inc.</strong></span> <span class='ocrx_word' id='word_1_124' title='bbox 263 1801 335 1869; x_wconf 72' lang='grc' dir='ltr'><strong>τῇ</strong></span> <span class='ocrx_word' id='word_1_125' title='bbox 371 1798 550 1854; x_wconf 72' lang='grc' dir='ltr'>λσσεδι</span> <span class='ocrx_word' id='word_1_126' title='bbox 583 1799 851 1856; x_wconf 76' lang='grc' dir='ltr'>λαϐὼν-</span> <span class='ocrx_word' id='word_1_127' title='bbox 871 1801 924 1868; x_wconf 79' lang='lat'><strong>7)</strong></span> <span class='ocrx_word' id='word_1_128' title='bbox 960 1797 1204 1852; x_wconf 85' lang='lat' dir='ltr'><strong>Ermino.</strong></span> <span class='ocrx_word' id='word_1_129' title='bbox 1236 1797 1348 1852; x_wconf 90' lang='lat' dir='ltr'><strong>inc.</strong></span> <span class='ocrx_word' id='word_1_130' title='bbox 1393 1795 1596 1860; x_wconf 80' lang='grc' dir='ltr'><strong>ὑποθὲς</strong></span> <span class='ocrx_word' id='word_1_131' title='bbox 1623 1795 1724 1866; x_wconf 75' lang='grc' dir='ltr'><strong>τὴν</strong></span> 
     </span>
    </p>
   </div>
   <div class='ocr_carea' id='block_1_18' title="bbox 127 1889 1722 1963">
    <p class='ocr_par' dir='ltr' id='par_1_18' title="bbox 127 1889 1722 1963">
     <span class='ocr_line' id='line_1_18' title="bbox 127 1889 1722 1963; baseline -0.001 -19"><span class='ocrx_word' id='word_1_132' title='bbox 127 1893 293 1962; x_wconf 78' lang='grc' dir='ltr'><strong>χιτρά</strong></span> <span class='ocrx_word' id='word_1_133' title='bbox 328 1909 425 1946; x_wconf 85' lang='grc' dir='ltr'><strong>σου</strong></span> <span class='ocrx_word' id='word_1_134' title='bbox 458 1922 528 1933; x_wconf 91' lang='grc'><strong><em>-</em></strong></span> <span class='ocrx_word' id='word_1_135' title='bbox 555 1893 610 1962; x_wconf 93' lang='grc'><strong>8)</strong></span> <span class='ocrx_word' id='word_1_136' title='bbox 640 1893 918 1963; x_wconf 83' lang='lat' dir='ltr'><strong>Epagatbo</strong></span> <span class='ocrx_word' id='word_1_137' title='bbox 945 1891 1280 1963; x_wconf 85' lang='lat' dir='ltr'><strong>presbytero.</strong></span> <span class='ocrx_word' id='word_1_138' title='bbox 1301 1890 1411 1945; x_wconf 90' lang='lat' dir='ltr'><strong>inc.</strong></span> <span class='ocrx_word' id='word_1_139' title='bbox 1432 1889 1722 1961; x_wconf 66' lang='grc' dir='ltr'><strong>ιπεγράφη</strong></span> 
     </span>
    </p>
   </div>
   <div class='ocr_carea' id='block_1_19' title="bbox 127 1982 1721 2057">
    <p class='ocr_par' dir='ltr' id='par_1_19' title="bbox 127 1982 1721 2057">
     <span class='ocr_line' id='line_1_19' title="bbox 127 1982 1721 2057; baseline 0 -21"><span class='ocrx_word' id='word_1_140' title='bbox 127 1987 156 2036; x_wconf 82' lang='grc' dir='ltr'><em>ὁ</em></span> <span class='ocrx_word' id='word_1_141' title='bbox 194 1984 404 2056; x_wconf 75' lang='grc' dir='ltr'>Κύριος</span> <span class='ocrx_word' id='word_1_142' title='bbox 431 1986 490 2038; x_wconf 71' lang='grc' dir='ltr'>ἑν</span> <span class='ocrx_word' id='word_1_143' title='bbox 521 1987 588 2055; x_wconf 72' lang='grc' dir='ltr'><strong>τῇ</strong></span> <span class='ocrx_word' id='word_1_144' title='bbox 642 1987 825 2057; x_wconf 77' lang='grc' dir='ltr'><strong>μήτρᾳ</strong></span> <span class='ocrx_word' id='word_1_145' title='bbox 855 2015 925 2025; x_wconf 91' lang='grc'><strong>-</strong></span> <span class='ocrx_word' id='word_1_146' title='bbox 945 1983 1000 2054; x_wconf 82' lang='grc'><strong>9)</strong></span> <span class='ocrx_word' id='word_1_147' title='bbox 1031 1983 1200 2037; x_wconf 85' lang='lat' dir='ltr'><strong>Paule</strong></span> <span class='ocrx_word' id='word_1_148' title='bbox 1241 1982 1721 2049; x_wconf 70' lang='lat' dir='ltr'><strong>Archimandritaa.</strong></span> 
     </span>
    </p>
   </div>
   <div class='ocr_carea' id='block_1_20' title="bbox 128 2075 1725 2150">
    <p class='ocr_par' dir='ltr' id='par_1_20' title="bbox 128 2075 1725 2150">
     <span class='ocr_line' id='line_1_20' title="bbox 128 2075 1725 2150; baseline -0.001 -19"><span class='ocrx_word' id='word_1_149' title='bbox 128 2079 236 2133; x_wconf 85' lang='lat' dir='ltr'><strong>inc.</strong></span> <span class='ocrx_word' id='word_1_150' title='bbox 269 2079 478 2150; x_wconf 69' lang='grc' dir='ltr'>πολλὴν</span> <span class='ocrx_word' id='word_1_151' title='bbox 504 2077 581 2142; x_wconf 78' lang='grc' dir='ltr'><strong>ὼς</strong></span> <span class='ocrx_word' id='word_1_152' title='bbox 616 2079 789 2146; x_wconf 76' lang='grc' dir='ltr'>ἔγνων</span> <span class='ocrx_word' id='word_1_153' title='bbox 821 2076 1002 2145; x_wconf 81' lang='grc'><strong>-10)</strong></span> <span class='ocrx_word' id='word_1_154' title='bbox 1043 2075 1332 2146; x_wconf 83' lang='lat' dir='ltr'><strong>Strategio.</strong></span> <span class='ocrx_word' id='word_1_155' title='bbox 1378 2075 1486 2130; x_wconf 85' lang='lat' dir='ltr'><strong>inc.</strong></span> <span class='ocrx_word' id='word_1_156' title='bbox 1529 2075 1725 2147; x_wconf 75' lang='grc' dir='ltr'>ῥάσδον</span> 
     </span>
    </p>
   </div>
   <div class='ocr_carea' id='block_1_21' title="bbox 125 2168 1724 2242">
    <p class='ocr_par' dir='ltr' id='par_1_21' title="bbox 125 2168 1724 2242">
     <span class='ocr_line' id='line_1_21' title="bbox 125 2168 1724 2242; baseline 0 -19"><span class='ocrx_word' id='word_1_157' title='bbox 125 2172 424 2242; x_wconf 72' lang='grc' dir='ltr'><strong>καρυΐνην.</strong></span> <span class='ocrx_word' id='word_1_158' title='bbox 451 2200 525 2211; x_wconf 94' lang='lat'>—</span> <span class='ocrx_word' id='word_1_159' title='bbox 557 2171 642 2240; x_wconf 82' lang='lat' dir='ltr'><strong>ll)</strong></span> <span class='ocrx_word' id='word_1_160' title='bbox 686 2169 1081 2240; x_wconf 84' lang='lat' dir='ltr'><strong>Theopempto.</strong></span> <span class='ocrx_word' id='word_1_161' title='bbox 1117 2168 1226 2226; x_wconf 89' lang='lat' dir='ltr'><strong>inc.</strong></span> <span class='ocrx_word' id='word_1_162' title='bbox 1273 2169 1376 2240; x_wconf 72' lang='grc' dir='ltr'><strong>τὴν</strong></span> <span class='ocrx_word' id='word_1_163' title='bbox 1417 2171 1591 2241; x_wconf 76' lang='grc' dir='ltr'>συκῆν</span> <span class='ocrx_word' id='word_1_164' title='bbox 1625 2171 1724 2242; x_wconf 79' lang='grc' dir='ltr'><strong>οὐχ</strong></span> 
     </span>
    </p>
   </div>
   <div class='ocr_carea' id='block_1_22' title="bbox 127 2259 1724 2334">
    <p class='ocr_par' dir='ltr' id='par_1_22' title="bbox 127 2259 1724 2334">
     <span class='ocr_line' id='line_1_22' title="bbox 127 2259 1724 2334; baseline -0.003 -15"><span class='ocrx_word' id='word_1_165' title='bbox 127 2264 318 2328; x_wconf 73' lang='grc' dir='ltr'>ἁπλῶς</span> <span class='ocrx_word' id='word_1_166' title='bbox 350 2293 424 2306; x_wconf 88' lang='lat'><strong>-—</strong></span> <span class='ocrx_word' id='word_1_167' title='bbox 451 2263 540 2334; x_wconf 64' lang='lat' dir='ltr'><strong>li)</strong></span> <span class='ocrx_word' id='word_1_168' title='bbox 570 2264 858 2334; x_wconf 86' lang='lat' dir='ltr'><strong>Lampecio</strong></span> <span class='ocrx_word' id='word_1_169' title='bbox 888 2261 1176 2316; x_wconf 82' lang='lat' dir='ltr'><strong>monacho.</strong></span> <span class='ocrx_word' id='word_1_170' title='bbox 1204 2261 1314 2317; x_wconf 92' lang='lat' dir='ltr'><strong>inc.</strong></span> <span class='ocrx_word' id='word_1_171' title='bbox 1355 2259 1552 2314; x_wconf 78' lang='grc' dir='ltr'>πολλαὶ</span> <span class='ocrx_word' id='word_1_172' title='bbox 1582 2279 1724 2333; x_wconf 81' lang='grc' dir='ltr'><strong>προ-</strong></span> 
     </span>
    </p>
   </div>
   <div class='ocr_carea' id='block_1_23' title="bbox 127 2352 1722 2428">
    <p class='ocr_par' dir='ltr' id='par_1_23' title="bbox 127 2352 1722 2428">
     <span class='ocr_line' id='line_1_23' title="bbox 127 2352 1722 2428; baseline -0.003 -16"><span class='ocrx_word' id='word_1_173' title='bbox 127 2358 328 2426; x_wconf 66' lang='grc' dir='ltr'>φάσιις</span> <span class='ocrx_word' id='word_1_174' title='bbox 374 2359 484 2412; x_wconf 66' lang='lat' dir='ltr'><strong>elei</strong></span> <span class='ocrx_word' id='word_1_175' title='bbox 507 2385 580 2397; x_wconf 91' lang='lat'><strong>-</strong></span> <span class='ocrx_word' id='word_1_176' title='bbox 606 2356 693 2427; x_wconf 78' lang='grc'><strong>15)</strong></span> <span class='ocrx_word' id='word_1_177' title='bbox 722 2354 1118 2411; x_wconf 84' lang='lat' dir='ltr'><strong>Theodulo.....</strong></span> <span class='ocrx_word' id='word_1_178' title='bbox 1164 2352 1496 2428; x_wconf 75' lang='grc' dir='ltr'><strong>σκανδαλίζῃ</strong></span> <span class='ocrx_word' id='word_1_179' title='bbox 1531 2354 1628 2408; x_wconf 70' lang='grc' dir='ltr'><strong>ἐπὶ</strong></span> <span class='ocrx_word' id='word_1_180' title='bbox 1655 2357 1722 2426; x_wconf 78' lang='grc' dir='ltr'><strong>τῇ</strong></span> 
     </span>
    </p>
   </div>
   <div class='ocr_carea' id='block_1_24' title="bbox 127 2446 1722 2521">
    <p class='ocr_par' dir='ltr' id='par_1_24' title="bbox 127 2446 1722 2521">
     <span class='ocr_line' id='line_1_24' title="bbox 127 2446 1722 2521; baseline -0.003 -17"><span class='ocrx_word' id='word_1_181' title='bbox 127 2448 276 2512; x_wconf 71' lang='grc' dir='ltr'>κόνει</span> <span class='ocrx_word' id='word_1_182' title='bbox 307 2481 376 2494; x_wconf 89' lang='grc'><strong>-</strong></span> <span class='ocrx_word' id='word_1_183' title='bbox 404 2451 491 2520; x_wconf 84' lang='grc'><strong>15)</strong></span> <span class='ocrx_word' id='word_1_184' title='bbox 532 2448 823 2521; x_wconf 85' lang='lat' dir='ltr'><strong>Gorgonio.</strong></span> <span class='ocrx_word' id='word_1_185' title='bbox 854 2447 964 2504; x_wconf 90' lang='lat' dir='ltr'><strong>inc.</strong></span> <span class='ocrx_word' id='word_1_186' title='bbox 1000 2446 1375 2519; x_wconf 77' lang='grc' dir='ltr'>πολυδύναμον</span> <span class='ocrx_word' id='word_1_187' title='bbox 1411 2450 1510 2501; x_wconf 70' lang='grc' dir='ltr'><strong>καὶ</strong></span> <span class='ocrx_word' id='word_1_188' title='bbox 1559 2448 1722 2501; x_wconf 77' lang='grc' dir='ltr'>πολυο</span> 
     </span>
    </p>
   </div>
   <div class='ocr_carea' id='block_1_25' title="bbox 127 2543 534 2616">
    <p class='ocr_par' dir='ltr' id='par_1_25' title="bbox 127 2543 534 2616">
     <span class='ocr_line' id='line_1_25' title="bbox 127 2543 534 2616; baseline -0.002 -20"><span class='ocrx_word' id='word_1_189' title='bbox 127 2543 154 2596; x_wconf 79' lang='grc'><strong>0</strong></span> <span class='ocrx_word' id='word_1_190' title='bbox 165 2543 435 2616; x_wconf 73' lang='grc' dir='ltr'>ρύλλητον</span> <span class='ocrx_word' id='word_1_191' title='bbox 462 2571 534 2584; x_wconf 88' lang='grc'><strong>--</strong></span> 
     </span>
    </p>
   </div>
   <div class='ocr_carea' id='block_1_26' title="bbox 584 2658 1262 2716">
    <p class='ocr_par' dir='ltr' id='par_1_26' title="bbox 584 2658 1262 2716">
     <span class='ocr_line' id='line_1_26' title="bbox 584 2658 1262 2716; baseline -0.006 0"><span class='ocrx_word' id='word_1_192' title='bbox 584 2658 801 2716; x_wconf 71' lang='lat' dir='ltr'><strong>Codices</strong></span> <span class='ocrx_word' id='word_1_193' title='bbox 830 2658 1262 2715; x_wconf 74' lang='lat' dir='ltr'><strong>Vindobonemea.</strong></span> 
     </span>
    </p>
   </div>
   <div class='ocr_carea' id='block_1_27' title="bbox 195 2769 1722 2834">
    <p class='ocr_par' dir='ltr' id='par_1_27' title="bbox 195 2769 1722 2834">
     <span class='ocr_line' id='line_1_27' title="bbox 195 2769 1722 2834; baseline -0.005 -3"><span class='ocrx_word' id='word_1_194' title='bbox 195 2776 236 2834; x_wconf 89' lang='grc'><strong>1.</strong></span> <span class='ocrx_word' id='word_1_195' title='bbox 276 2775 605 2831; x_wconf 78' lang='lat' dir='ltr'><strong>Lambecius</strong></span> <span class='ocrx_word' id='word_1_196' title='bbox 642 2776 695 2830; x_wconf 93' lang='lat' dir='ltr'><strong>in</strong></span> <span class='ocrx_word' id='word_1_197' title='bbox 730 2773 1138 2831; x_wconf 89' lang='lat' dir='ltr'><strong>commentariis</strong></span> <span class='ocrx_word' id='word_1_198' title='bbox 1160 2772 1228 2830; x_wconf 91' lang='lat' dir='ltr'><strong>de</strong></span> <span class='ocrx_word' id='word_1_199' title='bbox 1262 2772 1396 2828; x_wconf 89' lang='lat' dir='ltr'><strong>bibl.</strong></span> <span class='ocrx_word' id='word_1_200' title='bbox 1426 2769 1722 2828; x_wconf 60' lang='lat' dir='ltr'><strong>Caes.V&#39;in-</strong></span> 
     </span>
    </p>
   </div>
   <div class='ocr_carea' id='block_1_28' title="bbox 123 2864 1723 2938">
    <p class='ocr_par' dir='ltr' id='par_1_28' title="bbox 123 2864 1723 2938">
     <span class='ocr_line' id='line_1_28' title="bbox 123 2864 1723 2938; baseline -0.006 -11"><span class='ocrx_word' id='word_1_201' title='bbox 123 2869 253 2927; x_wconf 84' lang='lat' dir='ltr'><strong>dob.</strong></span> <span class='ocrx_word' id='word_1_202' title='bbox 288 2869 390 2924; x_wconf 87' lang='lat' dir='ltr'><strong>lib.</strong></span> <span class='ocrx_word' id='word_1_203' title='bbox 417 2884 472 2934; x_wconf 89' lang='lat' dir='ltr'><strong>v,</strong></span> <span class='ocrx_word' id='word_1_204' title='bbox 504 2884 560 2938; x_wconf 94' lang='lat' dir='ltr'><strong>p.</strong></span> <span class='ocrx_word' id='word_1_205' title='bbox 592 2868 720 2924; x_wconf 63' lang='lat'><strong>245.</strong></span> <span class='ocrx_word' id='word_1_206' title='bbox 760 2887 780 2920; x_wconf 76' lang='grc' dir='ltr'><strong>ι</strong></span> <span class='ocrx_word' id='word_1_207' title='bbox 819 2867 955 2924; x_wconf 86' lang='lat' dir='ltr'><strong>Cod.</strong></span> <span class='ocrx_word' id='word_1_208' title='bbox 986 2883 1134 2923; x_wconf 77' lang='lat' dir='ltr'><strong>ccxcr</strong></span> <span class='ocrx_word' id='word_1_209' title='bbox 1177 2879 1280 2932; x_wconf 86' lang='lat' dir='ltr'><strong>est,</strong></span> <span class='ocrx_word' id='word_1_210' title='bbox 1321 2865 1524 2937; x_wconf 80' lang='lat' dir='ltr'><strong>inquit,</strong></span> <span class='ocrx_word' id='word_1_211' title='bbox 1557 2864 1723 2919; x_wconf 87' lang='lat' dir='ltr'><strong>char-</strong></span> 
     </span>
    </p>
   </div>
   <div class='ocr_carea' id='block_1_29' title="bbox 125 2955 1721 3030">
    <p class='ocr_par' dir='ltr' id='par_1_29' title="bbox 125 2955 1721 3030">
     <span class='ocr_line' id='line_1_29' title="bbox 125 2955 1721 3030; baseline -0.001 -14"><span class='ocrx_word' id='word_1_212' title='bbox 125 2975 343 3020; x_wconf 77' lang='lat' dir='ltr'><strong>taeeus.</strong></span> <span class='ocrx_word' id='word_1_213' title='bbox 386 2961 646 3029; x_wconf 84' lang='lat' dir='ltr'><strong>antiquus</strong></span> <span class='ocrx_word' id='word_1_214' title='bbox 694 2969 751 3016; x_wconf 90' lang='lat' dir='ltr'><strong>et</strong></span> <span class='ocrx_word' id='word_1_215' title='bbox 793 2961 952 3017; x_wconf 70' lang='lat' dir='ltr'><strong>bona:</strong></span> <span class='ocrx_word' id='word_1_216' title='bbox 989 2970 1135 3016; x_wconf 62' lang='lat' dir='ltr'><strong>notae</strong></span> <span class='ocrx_word' id='word_1_217' title='bbox 1173 2959 1228 3014; x_wconf 90' lang='lat' dir='ltr'><strong>in</strong></span> <span class='ocrx_word' id='word_1_218' title='bbox 1269 2968 1485 3030; x_wconf 86' lang='lat' dir='ltr'><strong>quarto,</strong></span> <span class='ocrx_word' id='word_1_219' title='bbox 1529 2957 1626 3013; x_wconf 83' lang='lat' dir='ltr'><strong>sed</strong></span> <span class='ocrx_word' id='word_1_220' title='bbox 1663 2955 1721 3014; x_wconf 80' lang='lat' dir='ltr'><strong>in</strong></span> 
     </span>
    </p>
   </div>
   <div class='ocr_carea' id='block_1_30' title="bbox 129 3050 1721 3122">
    <p class='ocr_par' dir='ltr' id='par_1_30' title="bbox 129 3050 1721 3122">
     <span class='ocr_line' id='line_1_30' title="bbox 129 3050 1721 3122; baseline -0.001 -16"><span class='ocrx_word' id='word_1_221' title='bbox 129 3051 405 3122; x_wconf 82' lang='lat' dir='ltr'><strong>principio</strong></span> <span class='ocrx_word' id='word_1_222' title='bbox 435 3064 493 3106; x_wconf 75' lang='lat' dir='ltr'><strong>et</strong></span> <span class='ocrx_word' id='word_1_223' title='bbox 523 3051 630 3106; x_wconf 84' lang='lat' dir='ltr'><strong>line</strong></span> <span class='ocrx_word' id='word_1_224' title='bbox 653 3053 894 3120; x_wconf 88' lang='lat' dir='ltr'><strong>mutilus,</strong></span> <span class='ocrx_word' id='word_1_225' title='bbox 917 3060 1240 3122; x_wconf 77' lang='lat' dir='ltr'><strong>constatque</strong></span> <span class='ocrx_word' id='word_1_226' title='bbox 1260 3066 1412 3107; x_wconf 91' lang='lat' dir='ltr'><strong>nunc</strong></span> <span class='ocrx_word' id='word_1_227' title='bbox 1436 3050 1584 3106; x_wconf 78' lang='lat' dir='ltr'><strong>loliis</strong></span> <span class='ocrx_word' id='word_1_228' title='bbox 1610 3059 1721 3105; x_wconf 91' lang='lat' dir='ltr'><strong>tre-</strong></span> 
     </span>
    </p>
   </div>
   <div class='ocr_carea' id='block_1_31' title="bbox 127 3143 1364 3206">
    <p class='ocr_par' dir='ltr' id='par_1_31' title="bbox 127 3143 1364 3206">
     <span class='ocr_line' id='line_1_31' title="bbox 127 3143 1364 3206; baseline -0.007 0"><span class='ocrx_word' id='word_1_229' title='bbox 127 3149 304 3206; x_wconf 69' lang='lat' dir='ltr'><strong>mtia</strong></span> <span class='ocrx_word' id='word_1_230' title='bbox 341 3147 622 3204; x_wconf 83' lang='lat' dir='ltr'><strong>undecim.</strong></span> <span class='ocrx_word' id='word_1_231' title='bbox 664 3165 683 3196; x_wconf 75' lang='grc' dir='ltr'><strong>ι</strong></span> <span class='ocrx_word' id='word_1_232' title='bbox 728 3143 1364 3200; x_wconf 67' lang='grc' dir='ltr'>ϐοιιῑίηοηωτθοὶιωοι</span> 
     </span>
    </p>
   </div>
   <div class='ocr_carea' id='block_1_32' title="bbox 1824 573 3423 648">
    <p class='ocr_par' dir='ltr' id='par_1_32' title="bbox 1824 573 3423 648">
     <span class='ocr_line' id='line_1_32' title="bbox 1824 573 3423 648; baseline -0.004 -17"><span class='ocrx_word' id='word_1_233' title='bbox 1824 578 1939 648; x_wconf 90' lang='lat' dir='ltr'><strong>(lib.</strong></span> <span class='ocrx_word' id='word_1_234' title='bbox 1967 595 2005 643; x_wconf 86' lang='lat' dir='ltr'><strong>I,</strong></span> <span class='ocrx_word' id='word_1_235' title='bbox 2036 594 2124 648; x_wconf 90' lang='lat' dir='ltr'><strong>ep.</strong></span> <span class='ocrx_word' id='word_1_236' title='bbox 2169 578 2316 648; x_wconf 84' lang='grc'>179.)</span> <span class='ocrx_word' id='word_1_237' title='bbox 2362 577 2486 633; x_wconf 86' lang='lat' dir='ltr'><strong>data</strong></span> <span class='ocrx_word' id='word_1_238' title='bbox 2529 585 2634 633; x_wconf 88' lang='lat' dir='ltr'><strong>est.</strong></span> <span class='ocrx_word' id='word_1_239' title='bbox 2681 573 2994 629; x_wconf 82' lang='lat' dir='ltr'><strong>Notandum</strong></span> <span class='ocrx_word' id='word_1_240' title='bbox 3035 581 3299 643; x_wconf 67' lang='lat' dir='ltr'><strong>praeterea</strong></span> <span class='ocrx_word' id='word_1_241' title='bbox 3336 575 3423 625; x_wconf 89' lang='lat' dir='ltr'><strong>est</strong></span> 
     </span>
    </p>
   </div>
   <div class='ocr_carea' id='block_1_33' title="bbox 1823 661 3418 742">
    <p class='ocr_par' dir='ltr' id='par_1_33' title="bbox 1823 661 3418 742">
     <span class='ocr_line' id='line_1_33' title="bbox 1823 661 3418 742; baseline -0.003 -17"><span class='ocrx_word' id='word_1_242' title='bbox 1823 672 1966 726; x_wconf 85' lang='lat' dir='ltr'><strong>inter</strong></span> <span class='ocrx_word' id='word_1_243' title='bbox 1999 671 2257 742; x_wconf 79' lang='lat' dir='ltr'><strong>epistolas</strong></span> <span class='ocrx_word' id='word_1_244' title='bbox 2295 684 2629 732; x_wconf 72' lang='lat' dir='ltr'><strong>unamesse,</strong></span> <span class='ocrx_word' id='word_1_245' title='bbox 2667 682 2831 739; x_wconf 86' lang='lat' dir='ltr'><strong>quam</strong></span> <span class='ocrx_word' id='word_1_246' title='bbox 2885 667 3030 720; x_wconf 88' lang='lat' dir='ltr'><strong>inter</strong></span> <span class='ocrx_word' id='word_1_247' title='bbox 3054 681 3181 735; x_wconf 89' lang='lat' dir='ltr'><strong>epp.</strong></span> <span class='ocrx_word' id='word_1_248' title='bbox 3224 680 3255 718; x_wconf 92' lang='lat' dir='ltr'><strong>a</strong></span> <span class='ocrx_word' id='word_1_249' title='bbox 3295 661 3418 720; x_wconf 77' lang='lat' dir='ltr'><strong>Rit-</strong></span> 
     </span>
    </p>
   </div>
   <div class='ocr_carea' id='block_1_34' title="bbox 1824 756 3420 829">
    <p class='ocr_par' dir='ltr' id='par_1_34' title="bbox 1824 756 3420 829">
     <span class='ocr_line' id='line_1_34' title="bbox 1824 756 3420 829; baseline -0.005 -12"><span class='ocrx_word' id='word_1_250' title='bbox 1824 765 2095 819; x_wconf 81' lang='lat' dir='ltr'><strong>tersbusio</strong></span> <span class='ocrx_word' id='word_1_251' title='bbox 2122 774 2177 820; x_wconf 91' lang='lat' dir='ltr'><strong>et</strong></span> <span class='ocrx_word' id='word_1_252' title='bbox 2205 764 2434 818; x_wconf 85' lang='lat' dir='ltr'><strong>Schotto</strong></span> <span class='ocrx_word' id='word_1_253' title='bbox 2461 763 2638 817; x_wconf 80' lang='lat' dir='ltr'><strong>editas</strong></span> <span class='ocrx_word' id='word_1_254' title='bbox 2671 776 2781 815; x_wconf 88' lang='lat' dir='ltr'><strong>non</strong></span> <span class='ocrx_word' id='word_1_255' title='bbox 2809 761 3007 829; x_wconf 87' lang='lat' dir='ltr'><strong>reperi,</strong></span> <span class='ocrx_word' id='word_1_256' title='bbox 3043 772 3242 828; x_wconf 83' lang='lat' dir='ltr'><strong>nempe</strong></span> <span class='ocrx_word' id='word_1_257' title='bbox 3277 756 3420 822; x_wconf 85' lang='lat' dir='ltr'><strong>duo-</strong></span> 
     </span>
    </p>
   </div>
   <div class='ocr_carea' id='block_1_35' title="bbox 1822 849 3421 920">
    <p class='ocr_par' dir='ltr' id='par_1_35' title="bbox 1822 849 3421 920">
     <span class='ocr_line' id='line_1_35' title="bbox 1822 849 3421 920; baseline -0.006 -7"><span class='ocrx_word' id='word_1_258' title='bbox 1822 858 2088 913; x_wconf 82' lang='lat' dir='ltr'><strong>decimam</strong></span> <span class='ocrx_word' id='word_1_259' title='bbox 2134 857 2201 912; x_wconf 88' lang='lat' dir='ltr'><strong>ad</strong></span> <span class='ocrx_word' id='word_1_260' title='bbox 2245 856 2578 911; x_wconf 72' lang='lat' dir='ltr'><strong>Thalelzeum</strong></span> <span class='ocrx_word' id='word_1_261' title='bbox 2621 853 2972 918; x_wconf 82' lang='lat' dir='ltr'><strong>monachum,</strong></span> <span class='ocrx_word' id='word_1_262' title='bbox 3021 852 3180 920; x_wconf 82' lang='lat' dir='ltr'><strong>cujus</strong></span> <span class='ocrx_word' id='word_1_263' title='bbox 3227 849 3421 905; x_wconf 87' lang='lat' dir='ltr'><strong>titulus</strong></span> 
     </span>
    </p>
   </div>
   <div class='ocr_carea' id='block_1_36' title="bbox 1823 941 3423 1022">
    <p class='ocr_par' dir='ltr' id='par_1_36' title="bbox 1823 941 3423 1022">
     <span class='ocr_line' id='line_1_36' title="bbox 1823 941 3423 1022; baseline -0.005 -18"><span class='ocrx_word' id='word_1_264' title='bbox 1823 960 1877 1004; x_wconf 89' lang='lat' dir='ltr'><strong>et</strong></span> <span class='ocrx_word' id='word_1_265' title='bbox 1900 950 2222 1022; x_wconf 82' lang='lat' dir='ltr'><strong>principium</strong></span> <span class='ocrx_word' id='word_1_266' title='bbox 2249 970 2262 1004; x_wconf 91' lang='lat'><strong>:</strong></span> <span class='ocrx_word' id='word_1_267' title='bbox 2295 948 2579 1019; x_wconf 75' lang='grc' dir='ltr'>Θιλελαξῳ</span> <span class='ocrx_word' id='word_1_268' title='bbox 2605 945 2842 1019; x_wconf 77' lang='grc' dir='ltr'>μοναχῷ.</span> <span class='ocrx_word' id='word_1_269' title='bbox 2870 945 2968 998; x_wconf 76' lang='grc' dir='ltr'>Ἂν</span> <span class='ocrx_word' id='word_1_270' title='bbox 3002 946 3074 1015; x_wconf 76' lang='grc' dir='ltr'><strong>τῇ</strong></span> <span class='ocrx_word' id='word_1_271' title='bbox 3103 945 3277 1015; x_wconf 74' lang='grc' dir='ltr'>σκηνῇ</span> <span class='ocrx_word' id='word_1_272' title='bbox 3312 941 3423 996; x_wconf 83' lang='grc' dir='ltr'><strong>τῶν</strong></span> 
     </span>
    </p>
   </div>
   <div class='ocr_carea' id='block_1_37' title="bbox 1825 1035 3418 1114">
    <p class='ocr_par' dir='ltr' id='par_1_37' title="bbox 1825 1035 3418 1114">
     <span class='ocr_line' id='line_1_37' title="bbox 1825 1035 3418 1114; baseline -0.005 -18"><span class='ocrx_word' id='word_1_273' title='bbox 1825 1043 2069 1112; x_wconf 77' lang='grc' dir='ltr'><strong>θεάτρων</strong></span> <span class='ocrx_word' id='word_1_274' title='bbox 2105 1042 2382 1114; x_wconf 71' lang='grc' dir='ltr'>ἁρμόδιον,</span> <span class='ocrx_word' id='word_1_275' title='bbox 2434 1041 2524 1104; x_wconf 76' lang='grc' dir='ltr'><strong>τίς</strong></span> <span class='ocrx_word' id='word_1_276' title='bbox 2568 1057 2626 1092; x_wconf 81' lang='grc' dir='ltr'>σε</span> <span class='ocrx_word' id='word_1_277' title='bbox 2660 1039 2720 1092; x_wconf 75' lang='grc' dir='ltr'>οὐ</span> <span class='ocrx_word' id='word_1_278' title='bbox 2757 1037 3085 1110; x_wconf 68' lang='grc' dir='ltr'><strong>κωμῳδήσει</strong></span> <span class='ocrx_word' id='word_1_279' title='bbox 3122 1053 3178 1090; x_wconf 88' lang='grc' dir='ltr'>κ.</span> <span class='ocrx_word' id='word_1_280' title='bbox 3213 1053 3266 1091; x_wconf 86' lang='grc' dir='ltr'>τ.</span> <span class='ocrx_word' id='word_1_281' title='bbox 3305 1035 3357 1089; x_wconf 85' lang='grc' dir='ltr'><strong>λ.</strong></span> <span class='ocrx_word' id='word_1_282' title='bbox 3396 1051 3418 1087; x_wconf 73' lang='lat' dir='ltr'><strong>a</strong></span> 
     </span>
    </p>
   </div>
   <div class='ocr_carea' id='block_1_38' title="bbox 1823 1129 2916 1203">
    <p class='ocr_par' dir='ltr' id='par_1_38' title="bbox 1823 1129 2916 1203">
     <span class='ocr_line' id='line_1_38' title="bbox 1823 1129 2916 1203; baseline -0.004 -13"><span class='ocrx_word' id='word_1_283' title='bbox 1823 1133 1906 1190; x_wconf 89' lang='lat' dir='ltr'><strong>Cl&#39;.</strong></span> <span class='ocrx_word' id='word_1_284' title='bbox 1939 1135 2246 1191; x_wconf 72' lang='lat' dir='ltr'><strong>Montefalc.</strong></span> <span class='ocrx_word' id='word_1_285' title='bbox 2277 1134 2416 1190; x_wconf 78' lang='lat' dir='ltr'><strong>Bibl.</strong></span> <span class='ocrx_word' id='word_1_286' title='bbox 2446 1133 2571 1189; x_wconf 78' lang='lat' dir='ltr'><strong>bibl.</strong></span> <span class='ocrx_word' id='word_1_287' title='bbox 2611 1149 2662 1203; x_wconf 89' lang='lat' dir='ltr'><strong>p.</strong></span> <span class='ocrx_word' id='word_1_288' title='bbox 2699 1129 2826 1186; x_wconf 84' lang='lat'><strong>550.</strong></span> <span class='ocrx_word' id='word_1_289' title='bbox 2859 1133 2916 1186; x_wconf 79' lang='grc' dir='ltr'>Β.</span> 
     </span>
    </p>
   </div>
   <div class='ocr_carea' id='block_1_39' title="bbox 1895 1223 3422 1292">
    <p class='ocr_par' dir='ltr' id='par_1_39' title="bbox 1895 1223 3422 1292">
     <span class='ocr_line' id='line_1_39' title="bbox 1895 1223 3422 1292; baseline -0.004 -10"><span class='ocrx_word' id='word_1_290' title='bbox 1895 1227 1982 1282; x_wconf 90' lang='lat' dir='ltr'><strong>lll.</strong></span> <span class='ocrx_word' id='word_1_291' title='bbox 2018 1229 2200 1284; x_wconf 79' lang='lat' dir='ltr'><strong>Codex</strong></span> <span class='ocrx_word' id='word_1_292' title='bbox 2265 1243 2450 1283; x_wconf 88' lang='lat' dir='ltr'><strong>ccxm.</strong></span> <span class='ocrx_word' id='word_1_293' title='bbox 2492 1225 2781 1282; x_wconf 78' lang='lat' dir='ltr'><strong>duodecim</strong></span> <span class='ocrx_word' id='word_1_294' title='bbox 2815 1223 3060 1280; x_wconf 85' lang='lat' dir='ltr'><strong>continet</strong></span> <span class='ocrx_word' id='word_1_295' title='bbox 3105 1223 3232 1278; x_wconf 85' lang='lat' dir='ltr'><strong>lsid.</strong></span> <span class='ocrx_word' id='word_1_296' title='bbox 3270 1237 3422 1292; x_wconf 89' lang='lat' dir='ltr'><strong>epp.,</strong></span> 
     </span>
    </p>
   </div>
   <div class='ocr_carea' id='block_1_40' title="bbox 1824 1315 3424 1393">
    <p class='ocr_par' dir='ltr' id='par_1_40' title="bbox 1824 1315 3424 1393">
     <span class='ocr_line' id='line_1_40' title="bbox 1824 1315 3424 1393; baseline -0.004 -18"><span class='ocrx_word' id='word_1_297' title='bbox 1824 1337 2053 1391; x_wconf 84' lang='lat' dir='ltr'><strong>quarum</strong></span> <span class='ocrx_word' id='word_1_298' title='bbox 2088 1322 2261 1393; x_wconf 87' lang='lat' dir='ltr'><strong>prima</strong></span> <span class='ocrx_word' id='word_1_299' title='bbox 2294 1321 2362 1376; x_wconf 90' lang='lat' dir='ltr'><strong>ad</strong></span> <span class='ocrx_word' id='word_1_300' title='bbox 2389 1317 2762 1374; x_wconf 86' lang='lat' dir='ltr'><strong>Theodosium</strong></span> <span class='ocrx_word' id='word_1_301' title='bbox 2790 1317 3179 1372; x_wconf 76' lang='lat' dir='ltr'><strong>scholasticam</strong></span> <span class='ocrx_word' id='word_1_302' title='bbox 3218 1315 3297 1370; x_wconf 91' lang='lat' dir='ltr'><strong>sic</strong></span> <span class='ocrx_word' id='word_1_303' title='bbox 3335 1315 3424 1368; x_wconf 87' lang='lat' dir='ltr'><strong>in-</strong></span> 
     </span>
    </p>
   </div>
   <div class='ocr_carea' id='block_1_41' title="bbox 1825 1407 3421 1484">
    <p class='ocr_par' dir='ltr' id='par_1_41' title="bbox 1825 1407 3421 1484">
     <span class='ocr_line' id='line_1_41' title="bbox 1825 1407 3421 1484; baseline -0.004 -16"><span class='ocrx_word' id='word_1_304' title='bbox 1825 1413 1997 1484; x_wconf 82' lang='lat' dir='ltr'><strong>cipit:</strong></span> <span class='ocrx_word' id='word_1_305' title='bbox 2027 1415 2101 1468; x_wconf 81' lang='grc' dir='ltr'>Τὸ</span> <span class='ocrx_word' id='word_1_306' title='bbox 2152 1412 2415 1480; x_wconf 70' lang='grc' dir='ltr'>περισσὸν</span> <span class='ocrx_word' id='word_1_307' title='bbox 2450 1413 2484 1482; x_wconf 77' lang='grc' dir='ltr'>ἢ</span> <span class='ocrx_word' id='word_1_308' title='bbox 2526 1410 2833 1482; x_wconf 75' lang='grc' dir='ltr'>ἀλλότριον.</span> <span class='ocrx_word' id='word_1_309' title='bbox 2883 1440 2954 1452; x_wconf 92' lang='lat'><strong>-—</strong></span> <span class='ocrx_word' id='word_1_310' title='bbox 2985 1407 3068 1463; x_wconf 79' lang='lat' dir='ltr'><strong>Cf.</strong></span> <span class='ocrx_word' id='word_1_311' title='bbox 3113 1407 3421 1464; x_wconf 73' lang='lat' dir='ltr'><strong>Montelalc.</strong></span> 
     </span>
    </p>
   </div>
   <div class='ocr_carea' id='block_1_42' title="bbox 1826 1506 2446 1580">
    <p class='ocr_par' dir='ltr' id='par_1_42' title="bbox 1826 1506 2446 1580">
     <span class='ocr_line' id='line_1_42' title="bbox 1826 1506 2446 1580; baseline 0.002 -19"><span class='ocrx_word' id='word_1_312' title='bbox 1826 1506 1961 1562; x_wconf 82' lang='lat' dir='ltr'><strong>Bibl.</strong></span> <span class='ocrx_word' id='word_1_313' title='bbox 1988 1509 2111 1564; x_wconf 81' lang='lat' dir='ltr'><strong>bibl.</strong></span> <span class='ocrx_word' id='word_1_314' title='bbox 2149 1525 2204 1580; x_wconf 89' lang='lat' dir='ltr'><strong>p.</strong></span> <span class='ocrx_word' id='word_1_315' title='bbox 2235 1507 2357 1566; x_wconf 66' lang='lat'><strong>548.</strong></span> <span class='ocrx_word' id='word_1_316' title='bbox 2385 1506 2446 1562; x_wconf 75' lang='grc' dir='ltr'>Β.</span> 
     </span>
    </p>
   </div>
   <div class='ocr_carea' id='block_1_43' title="bbox 1899 1586 3426 1660">
    <p class='ocr_par' dir='ltr' id='par_1_43' title="bbox 1899 1586 3426 1660">
     <span class='ocr_line' id='line_1_43' title="bbox 1899 1586 3426 1660; baseline -0.004 -5"><span class='ocrx_word' id='word_1_317' title='bbox 1899 1600 1986 1655; x_wconf 83' lang='lat' dir='ltr'><strong>lV.</strong></span> <span class='ocrx_word' id='word_1_318' title='bbox 2015 1602 2193 1657; x_wconf 72' lang='lat' dir='ltr'><strong>Codex</strong></span> <span class='ocrx_word' id='word_1_319' title='bbox 2222 1586 2329 1657; x_wconf 75' lang='lat' dir='ltr'><strong>civ.</strong></span> <span class='ocrx_word' id='word_1_320' title='bbox 2354 1610 2439 1655; x_wconf 88' lang='lat' dir='ltr'><strong>est</strong></span> <span class='ocrx_word' id='word_1_321' title='bbox 2461 1598 2701 1654; x_wconf 82' lang='lat' dir='ltr'><strong>Kollario</strong></span> <span class='ocrx_word' id='word_1_322' title='bbox 2733 1608 2874 1654; x_wconf 85' lang='lat' dir='ltr'><strong>teste</strong></span> <span class='ocrx_word' id='word_1_323' title='bbox 2899 1598 3243 1660; x_wconf 83' lang='lat' dir='ltr'><strong>chartacens,</strong></span> <span class='ocrx_word' id='word_1_324' title='bbox 3269 1594 3426 1649; x_wconf 80' lang='lat' dir='ltr'><strong>folio-</strong></span> 
     </span>
    </p>
   </div>
   <div class='ocr_carea' id='block_1_44' title="bbox 1827 1686 3424 1757">
    <p class='ocr_par' dir='ltr' id='par_1_44' title="bbox 1827 1686 3424 1757">
     <span class='ocr_line' id='line_1_44' title="bbox 1827 1686 3424 1757; baseline -0.004 -10"><span class='ocrx_word' id='word_1_325' title='bbox 1827 1709 1946 1748; x_wconf 88' lang='lat' dir='ltr'><strong>rum</strong></span> <span class='ocrx_word' id='word_1_326' title='bbox 1976 1703 2347 1750; x_wconf 85' lang='lat' dir='ltr'><strong>treeentorum</strong></span> <span class='ocrx_word' id='word_1_327' title='bbox 2397 1701 2453 1749; x_wconf 90' lang='lat' dir='ltr'><strong>et</strong></span> <span class='ocrx_word' id='word_1_328' title='bbox 2483 1692 2746 1757; x_wconf 84' lang='lat' dir='ltr'><strong>sedecim,</strong></span> <span class='ocrx_word' id='word_1_329' title='bbox 2779 1707 2910 1747; x_wconf 66' lang='lat' dir='ltr'><strong>saec.</strong></span> <span class='ocrx_word' id='word_1_330' title='bbox 2937 1687 3055 1745; x_wconf 73' lang='lat' dir='ltr'><strong>XV.</strong></span> <span class='ocrx_word' id='word_1_331' title='bbox 3086 1689 3246 1744; x_wconf 90' lang='lat' dir='ltr'><strong>initio</strong></span> <span class='ocrx_word' id='word_1_332' title='bbox 3287 1686 3424 1745; x_wconf 87' lang='lat' dir='ltr'><strong>scri-</strong></span> 
     </span>
    </p>
   </div>
   <div class='ocr_carea' id='block_1_45' title="bbox 1828 1782 3428 1856">
    <p class='ocr_par' dir='ltr' id='par_1_45' title="bbox 1828 1782 3428 1856">
     <span class='ocr_line' id='line_1_45' title="bbox 1828 1782 3428 1856; baseline -0.003 -17"><span class='ocrx_word' id='word_1_333' title='bbox 1828 1795 1974 1856; x_wconf 89' lang='lat' dir='ltr'><strong>ptus.</strong></span> <span class='ocrx_word' id='word_1_334' title='bbox 2008 1787 2374 1843; x_wconf 85' lang='lat' dir='ltr'><strong>Continentur</strong></span> <span class='ocrx_word' id='word_1_335' title='bbox 2406 1795 2611 1850; x_wconf 87' lang='lat' dir='ltr'><strong>autem,</strong></span> <span class='ocrx_word' id='word_1_336' title='bbox 2647 1795 2709 1840; x_wconf 95' lang='lat' dir='ltr'><strong>ut</strong></span> <span class='ocrx_word' id='word_1_337' title='bbox 2740 1786 2886 1840; x_wconf 70' lang='lat' dir='ltr'><strong>idem</strong></span> <span class='ocrx_word' id='word_1_338' title='bbox 2926 1782 2982 1838; x_wconf 91' lang='lat' dir='ltr'><strong>in</strong></span> <span class='ocrx_word' id='word_1_339' title='bbox 3011 1783 3428 1852; x_wconf 83' lang='lat' dir='ltr'><strong>supplemento-</strong></span> 
     </span>
    </p>
   </div>
   <div class='ocr_carea' id='block_1_46' title="bbox 1829 1863 3426 1947">
    <p class='ocr_par' dir='ltr' id='par_1_46' title="bbox 1829 1863 3426 1947">
     <span class='ocr_line' id='line_1_46' title="bbox 1829 1863 3426 1947; baseline -0.003 -14"><span class='ocrx_word' id='word_1_340' title='bbox 1829 1896 1947 1934; x_wconf 89' lang='lat' dir='ltr'><strong>rum</strong></span> <span class='ocrx_word' id='word_1_341' title='bbox 1973 1882 2040 1936; x_wconf 89' lang='lat' dir='ltr'><strong>ad</strong></span> <span class='ocrx_word' id='word_1_342' title='bbox 2076 1881 2351 1936; x_wconf 84' lang='lat' dir='ltr'><strong>Lambecii</strong></span> <span class='ocrx_word' id='word_1_343' title='bbox 2382 1863 2809 1936; x_wconf 83' lang='lat' dir='ltr'><strong>commentarios</strong></span> <span class='ocrx_word' id='word_1_344' title='bbox 2837 1877 2978 1933; x_wconf 90' lang='lat' dir='ltr'><strong>libro</strong></span> <span class='ocrx_word' id='word_1_345' title='bbox 3007 1876 3186 1947; x_wconf 88' lang='lat' dir='ltr'><strong>primo</strong></span> <span class='ocrx_word' id='word_1_346' title='bbox 3207 1890 3264 1946; x_wconf 90' lang='lat' dir='ltr'><strong>p.</strong></span> <span class='ocrx_word' id='word_1_347' title='bbox 3298 1874 3426 1941; x_wconf 73' lang='lat' dir='ltr'><strong>6H,</strong></span> 
     </span>
    </p>
   </div>
   <div class='ocr_carea' id='block_1_47' title="bbox 1827 1967 3428 2041">
    <p class='ocr_par' dir='ltr' id='par_1_47' title="bbox 1827 1967 3428 2041">
     <span class='ocr_line' id='line_1_47' title="bbox 1827 1967 3428 2041; baseline -0.004 -14"><span class='ocrx_word' id='word_1_348' title='bbox 1827 1973 1934 2029; x_wconf 83' lang='grc'>615</span> <span class='ocrx_word' id='word_1_349' title='bbox 1963 1975 2144 2041; x_wconf 83' lang='lat' dir='ltr'><strong>tradit,</strong></span> <span class='ocrx_word' id='word_1_350' title='bbox 2176 1973 2230 2029; x_wconf 90' lang='lat' dir='ltr'><strong>in</strong></span> <span class='ocrx_word' id='word_1_351' title='bbox 2261 1989 2328 2029; x_wconf 89' lang='lat' dir='ltr'><strong>eo</strong></span> <span class='ocrx_word' id='word_1_352' title='bbox 2360 1972 2486 2028; x_wconf 91' lang='lat' dir='ltr'><strong>inde</strong></span> <span class='ocrx_word' id='word_1_353' title='bbox 2514 1988 2545 2027; x_wconf 90' lang='lat' dir='ltr'><strong>a</strong></span> <span class='ocrx_word' id='word_1_354' title='bbox 2586 1972 2715 2027; x_wconf 88' lang='lat' dir='ltr'><strong>t‘olio</strong></span> <span class='ocrx_word' id='word_1_355' title='bbox 2762 1971 2858 2027; x_wconf 66' lang='lat'><strong>281</strong></span> <span class='ocrx_word' id='word_1_356' title='bbox 2898 1970 3089 2026; x_wconf 89' lang='lat' dir='ltr'><strong>lsidori</strong></span> <span class='ocrx_word' id='word_1_357' title='bbox 3137 1967 3428 2023; x_wconf 76' lang='lat' dir='ltr'><strong>Pelusionn</strong></span> 
     </span>
    </p>
   </div>
   <div class='ocr_carea' id='block_1_48' title="bbox 1827 2062 3430 2137">
    <p class='ocr_par' dir='ltr' id='par_1_48' title="bbox 1827 2062 3430 2137">
     <span class='ocr_line' id='line_1_48' title="bbox 1827 2062 3430 2137; baseline -0.004 -15"><span class='ocrx_word' id='word_1_358' title='bbox 1827 2081 1956 2137; x_wconf 86' lang='lat' dir='ltr'><strong>epp.</strong></span> <span class='ocrx_word' id='word_1_359' title='bbox 1989 2067 2112 2122; x_wconf 69' lang='grc'>414.</span> <span class='ocrx_word' id='word_1_360' title='bbox 2133 2098 2206 2107; x_wconf 90' lang='grc'><strong><em>-</em></strong></span> <span class='ocrx_word' id='word_1_361' title='bbox 2230 2087 2248 2120; x_wconf 89' lang='grc'><strong>‹</strong></span> <span class='ocrx_word' id='word_1_362' title='bbox 2282 2065 2538 2121; x_wconf 78' lang='lat' dir='ltr'><strong>Auctoris</strong></span> <span class='ocrx_word' id='word_1_363' title='bbox 2567 2065 2810 2136; x_wconf 83' lang='lat' dir='ltr'><strong>quidem,</strong></span> <span class='ocrx_word' id='word_1_364' title='bbox 2850 2064 2926 2118; x_wconf 91' lang='lat' dir='ltr'><strong>ita</strong></span> <span class='ocrx_word' id='word_1_365' title='bbox 2965 2063 3146 2135; x_wconf 82' lang='lat' dir='ltr'><strong>pergit</strong></span> <span class='ocrx_word' id='word_1_366' title='bbox 3172 2062 3284 2125; x_wconf 90' lang='lat' dir='ltr'><strong>ille,</strong></span> <span class='ocrx_word' id='word_1_367' title='bbox 3329 2076 3430 2115; x_wconf 88' lang='lat' dir='ltr'><strong>no-</strong></span> 
     </span>
    </p>
   </div>
   <div class='ocr_carea' id='block_1_49' title="bbox 1828 2154 3426 2232">
    <p class='ocr_par' dir='ltr' id='par_1_49' title="bbox 1828 2154 3426 2232">
     <span class='ocr_line' id='line_1_49' title="bbox 1828 2154 3426 2232; baseline -0.004 -17"><span class='ocrx_word' id='word_1_368' title='bbox 1828 2176 1952 2215; x_wconf 87' lang='lat' dir='ltr'><strong>men</strong></span> <span class='ocrx_word' id='word_1_369' title='bbox 1980 2160 2036 2214; x_wconf 90' lang='lat' dir='ltr'><strong>in</strong></span> <span class='ocrx_word' id='word_1_370' title='bbox 2060 2160 2292 2232; x_wconf 79' lang='lat' dir='ltr'><strong>exempli</strong></span> <span class='ocrx_word' id='word_1_371' title='bbox 2317 2161 2495 2220; x_wconf 78' lang='lat' dir='ltr'><strong>fronte</strong></span> <span class='ocrx_word' id='word_1_372' title='bbox 2519 2175 2631 2213; x_wconf 89' lang='lat' dir='ltr'><strong>non</strong></span> <span class='ocrx_word' id='word_1_373' title='bbox 2660 2164 2962 2228; x_wconf 84' lang='lat' dir='ltr'><strong>comparet,</strong></span> <span class='ocrx_word' id='word_1_374' title='bbox 2989 2156 3083 2212; x_wconf 85' lang='lat' dir='ltr'><strong>sed</strong></span> <span class='ocrx_word' id='word_1_375' title='bbox 3118 2172 3243 2212; x_wconf 90' lang='lat' dir='ltr'><strong>cum</strong></span> <span class='ocrx_word' id='word_1_376' title='bbox 3269 2154 3426 2220; x_wconf 90' lang='lat' dir='ltr'><strong>illud,</strong></span> 
     </span>
    </p>
   </div>
   <div class='ocr_carea' id='block_1_50' title="bbox 1829 2247 3430 2325">
    <p class='ocr_par' dir='ltr' id='par_1_50' title="bbox 1829 2247 3430 2325">
     <span class='ocr_line' id='line_1_50' title="bbox 1829 2247 3430 2325; baseline -0.004 -18"><span class='ocrx_word' id='word_1_377' title='bbox 1829 2263 1941 2308; x_wconf 90' lang='lat' dir='ltr'><strong>tum</strong></span> <span class='ocrx_word' id='word_1_378' title='bbox 1965 2254 2128 2308; x_wconf 90' lang='lat' dir='ltr'><strong>etiam</strong></span> <span class='ocrx_word' id='word_1_379' title='bbox 2151 2253 2504 2325; x_wconf 90' lang='lat' dir='ltr'><strong>epistolarum</strong></span> <span class='ocrx_word' id='word_1_380' title='bbox 2530 2266 2823 2307; x_wconf 88' lang='lat' dir='ltr'><strong>numerum</strong></span> <span class='ocrx_word' id='word_1_381' title='bbox 2846 2250 3186 2305; x_wconf 80' lang='lat' dir='ltr'><strong>indicaverat</strong></span> <span class='ocrx_word' id='word_1_382' title='bbox 3213 2249 3294 2304; x_wconf 77' lang='lat' dir='ltr'><strong>Cl.</strong></span> <span class='ocrx_word' id='word_1_383' title='bbox 3322 2247 3430 2302; x_wconf 83' lang='lat' dir='ltr'><strong>Te-</strong></span> 
     </span>
    </p>
   </div>
   <div class='ocr_carea' id='block_1_51' title="bbox 1827 2341 3429 2418">
    <p class='ocr_par' dir='ltr' id='par_1_51' title="bbox 1827 2341 3429 2418">
     <span class='ocr_line' id='line_1_51' title="bbox 1827 2341 3429 2418; baseline -0.002 -18"><span class='ocrx_word' id='word_1_384' title='bbox 1827 2346 2126 2418; x_wconf 87' lang='lat' dir='ltr'><strong>gnagelius,</strong></span> <span class='ocrx_word' id='word_1_385' title='bbox 2155 2346 2474 2417; x_wconf 67' lang='lat' dir='ltr'><strong>praescripto</strong></span> <span class='ocrx_word' id='word_1_386' title='bbox 2504 2360 2606 2400; x_wconf 92' lang='lat' dir='ltr'><strong>suo</strong></span> <span class='ocrx_word' id='word_1_387' title='bbox 2636 2359 2804 2399; x_wconf 86' lang='lat' dir='ltr'><strong>manu</strong></span> <span class='ocrx_word' id='word_1_388' title='bbox 2838 2344 2944 2398; x_wconf 89' lang='lat' dir='ltr'><strong>hoc</strong></span> <span class='ocrx_word' id='word_1_389' title='bbox 2984 2342 3142 2398; x_wconf 89' lang='lat' dir='ltr'><strong>titulo</strong></span> <span class='ocrx_word' id='word_1_390' title='bbox 3179 2361 3192 2398; x_wconf 90' lang='lat'><strong>:</strong></span> <span class='ocrx_word' id='word_1_391' title='bbox 3225 2341 3284 2397; x_wconf 89' lang='lat' dir='ltr'><strong>S.</strong></span> <span class='ocrx_word' id='word_1_392' title='bbox 3320 2341 3429 2398; x_wconf 81' lang='lat' dir='ltr'><strong>lsi-</strong></span> 
     </span>
    </p>
   </div>
   <div class='ocr_carea' id='block_1_52' title="bbox 1825 2435 3426 2510">
    <p class='ocr_par' dir='ltr' id='par_1_52' title="bbox 1825 2435 3426 2510">
     <span class='ocr_line' id='line_1_52' title="bbox 1825 2435 3426 2510; baseline -0.002 -16"><span class='ocrx_word' id='word_1_393' title='bbox 1825 2440 1946 2494; x_wconf 88' lang='lat' dir='ltr'><strong>deri</strong></span> <span class='ocrx_word' id='word_1_394' title='bbox 1987 2438 2274 2496; x_wconf 72' lang='lat' dir='ltr'><strong>Pelusiotae</strong></span> <span class='ocrx_word' id='word_1_395' title='bbox 2296 2454 2422 2510; x_wconf 91' lang='lat' dir='ltr'><strong>epp.</strong></span> <span class='ocrx_word' id='word_1_396' title='bbox 2457 2437 2876 2510; x_wconf 68' lang='lat' dir='ltr'><strong>quattuordecim</strong></span> <span class='ocrx_word' id='word_1_397' title='bbox 2904 2445 2962 2490; x_wconf 90' lang='lat' dir='ltr'><strong>et</strong></span> <span class='ocrx_word' id='word_1_398' title='bbox 2989 2435 3426 2508; x_wconf 67' lang='lat' dir='ltr'><strong>quadringenta.</strong></span> 
     </span>
    </p>
   </div>
   <div class='ocr_carea' id='block_1_53' title="bbox 1826 2528 3428 2602">
    <p class='ocr_par' dir='ltr' id='par_1_53' title="bbox 1826 2528 3428 2602">
     <span class='ocr_line' id='line_1_53' title="bbox 1826 2528 3428 2602; baseline -0.004 -14"><span class='ocrx_word' id='word_1_399' title='bbox 1826 2532 1951 2588; x_wconf 75' lang='grc'>414.</span> <span class='ocrx_word' id='word_1_400' title='bbox 1980 2531 2108 2589; x_wconf 71' lang='lat' dir='ltr'><strong>Haec</strong></span> <span class='ocrx_word' id='word_1_401' title='bbox 2135 2532 2243 2588; x_wconf 93' lang='lat' dir='ltr'><strong>ille.</strong></span> <span class='ocrx_word' id='word_1_402' title='bbox 2272 2531 2454 2587; x_wconf 85' lang='lat' dir='ltr'><strong>Prima</strong></span> <span class='ocrx_word' id='word_1_403' title='bbox 2486 2533 2609 2588; x_wconf 88' lang='lat' dir='ltr'><strong>sine</strong></span> <span class='ocrx_word' id='word_1_404' title='bbox 2633 2531 2933 2602; x_wconf 87' lang='lat' dir='ltr'><strong>epigrapbe</strong></span> <span class='ocrx_word' id='word_1_405' title='bbox 2965 2528 3159 2599; x_wconf 80' lang='lat' dir='ltr'><strong>incipit</strong></span> <span class='ocrx_word' id='word_1_406' title='bbox 3185 2547 3198 2581; x_wconf 93' lang='lat'><strong>:</strong></span> <span class='ocrx_word' id='word_1_407' title='bbox 3230 2529 3293 2582; x_wconf 87' lang='lat' dir='ltr'><strong>Oi</strong></span> <span class='ocrx_word' id='word_1_408' title='bbox 3328 2528 3428 2598; x_wconf 70' lang='grc' dir='ltr'><strong>μὲν</strong></span> 
     </span>
    </p>
   </div>
   <div class='ocr_carea' id='block_1_54' title="bbox 1827 2621 3429 2697">
    <p class='ocr_par' dir='ltr' id='par_1_54' title="bbox 1827 2621 3429 2697">
     <span class='ocr_line' id='line_1_54' title="bbox 1827 2621 3429 2697; baseline -0.004 -17"><span class='ocrx_word' id='word_1_409' title='bbox 1827 2624 1972 2694; x_wconf 71' lang='grc' dir='ltr'>ἅγιοι</span> <span class='ocrx_word' id='word_1_410' title='bbox 2004 2625 2104 2696; x_wconf 79' lang='grc' dir='ltr'><strong>τῆς</strong></span> <span class='ocrx_word' id='word_1_411' title='bbox 2139 2625 2442 2697; x_wconf 80' lang='grc' dir='ltr'><strong>μοναχικῆς</strong></span> <span class='ocrx_word' id='word_1_412' title='bbox 2479 2623 2798 2695; x_wconf 70' lang='grc' dir='ltr'>φιλοσοφίας</span> <span class='ocrx_word' id='word_1_413' title='bbox 2819 2625 3122 2694; x_wconf 70' lang='grc' dir='ltr'>’κορυφαῖοι</span> <span class='ocrx_word' id='word_1_414' title='bbox 3157 2621 3255 2676; x_wconf 69' lang='grc' dir='ltr'><strong>καὶ</strong></span> <span class='ocrx_word' id='word_1_415' title='bbox 3295 2622 3429 2692; x_wconf 78' lang='grc' dir='ltr'><strong>ἡγε-</strong></span> 
     </span>
    </p>
   </div>
   <div class='ocr_carea' id='block_1_55' title="bbox 1829 2708 3426 2783">
    <p class='ocr_par' dir='ltr' id='par_1_55' title="bbox 1829 2708 3426 2783">
     <span class='ocr_line' id='line_1_55' title="bbox 1829 2708 3426 2783; baseline 0 -17"><span class='ocrx_word' id='word_1_416' title='bbox 1829 2713 1988 2783; x_wconf 81' lang='grc' dir='ltr'><strong>μὸνες</strong></span> <span class='ocrx_word' id='word_1_417' title='bbox 2018 2745 2087 2755; x_wconf 89' lang='grc'><strong><em>--</em></strong></span> <span class='ocrx_word' id='word_1_418' title='bbox 2119 2713 2253 2768; x_wconf 86' lang='lat' dir='ltr'><strong>Data</strong></span> <span class='ocrx_word' id='word_1_419' title='bbox 2308 2712 2415 2768; x_wconf 79' lang='lat' dir='ltr'><strong>fuit</strong></span> <span class='ocrx_word' id='word_1_420' title='bbox 2455 2713 2524 2768; x_wconf 81' lang='lat' dir='ltr'><strong>ad</strong></span> <span class='ocrx_word' id='word_1_421' title='bbox 2559 2711 2742 2767; x_wconf 83' lang='lat' dir='ltr'><strong>Nilum</strong></span> <span class='ocrx_word' id='word_1_422' title='bbox 2787 2711 3154 2776; x_wconf 84' lang='lat' dir='ltr'><strong>monachum,</strong></span> <span class='ocrx_word' id='word_1_423' title='bbox 3199 2725 3322 2780; x_wconf 74' lang='lat' dir='ltr'><strong>qua:</strong></span> <span class='ocrx_word' id='word_1_424' title='bbox 3367 2708 3426 2766; x_wconf 87' lang='lat' dir='ltr'><strong>in</strong></span> 
     </span>
    </p>
   </div>
   <div class='ocr_carea' id='block_1_56' title="bbox 1827 2805 3426 2878">
    <p class='ocr_par' dir='ltr' id='par_1_56' title="bbox 1827 2805 3426 2878">
     <span class='ocr_line' id='line_1_56' title="bbox 1827 2805 3426 2878; baseline 0 -16"><span class='ocrx_word' id='word_1_425' title='bbox 1827 2807 2110 2878; x_wconf 84' lang='lat' dir='ltr'><strong>impressis</strong></span> <span class='ocrx_word' id='word_1_426' title='bbox 2141 2808 2309 2863; x_wconf 88' lang='lat' dir='ltr'><strong>etiam</strong></span> <span class='ocrx_word' id='word_1_427' title='bbox 2352 2808 2621 2877; x_wconf 78' lang='lat' dir='ltr'><strong>exemplis</strong></span> <span class='ocrx_word' id='word_1_428' title='bbox 2659 2807 2902 2877; x_wconf 89' lang='lat' dir='ltr'><strong>primum</strong></span> <span class='ocrx_word' id='word_1_429' title='bbox 2948 2805 3130 2860; x_wconf 90' lang='lat' dir='ltr'><strong>locum</strong></span> <span class='ocrx_word' id='word_1_430' title='bbox 3169 2811 3426 2876; x_wconf 82' lang='lat' dir='ltr'><strong>occupat.</strong></span> 
     </span>
    </p>
   </div>
   <div class='ocr_carea' id='block_1_57' title="bbox 1825 2897 3426 2968">
    <p class='ocr_par' dir='ltr' id='par_1_57' title="bbox 1825 2897 3426 2968">
     <span class='ocr_line' id='line_1_57' title="bbox 1825 2897 3426 2968; baseline -0.001 -12"><span class='ocrx_word' id='word_1_431' title='bbox 1825 2898 2095 2956; x_wconf 70' lang='lat' dir='ltr'><strong>Caeterum</strong></span> <span class='ocrx_word' id='word_1_432' title='bbox 2137 2900 2207 2956; x_wconf 92' lang='lat' dir='ltr'><strong>de</strong></span> <span class='ocrx_word' id='word_1_433' title='bbox 2249 2901 2355 2956; x_wconf 84' lang='lat' dir='ltr'><strong>hoc</strong></span> <span class='ocrx_word' id='word_1_434' title='bbox 2403 2899 2592 2955; x_wconf 89' lang='lat' dir='ltr'><strong>codice</strong></span> <span class='ocrx_word' id='word_1_435' title='bbox 2636 2897 2899 2955; x_wconf 70' lang='lat' dir='ltr'><strong>Forlosiae</strong></span> <span class='ocrx_word' id='word_1_436' title='bbox 2937 2898 3113 2953; x_wconf 88' lang='lat' dir='ltr'><strong>nostri</strong></span> <span class='ocrx_word' id='word_1_437' title='bbox 3158 2898 3426 2968; x_wconf 84' lang='lat' dir='ltr'><strong>judiciqu</strong></span> 
     </span>
    </p>
   </div>
   <div class='ocr_carea' id='block_1_58' title="bbox 1826 2991 3429 3064">
    <p class='ocr_par' dir='ltr' id='par_1_58' title="bbox 1826 2991 3429 3064">
     <span class='ocr_line' id='line_1_58' title="bbox 1826 2991 3429 3064; baseline 0 -16"><span class='ocrx_word' id='word_1_438' title='bbox 1826 3003 1944 3048; x_wconf 85' lang='lat' dir='ltr'><strong>erat</strong></span> <span class='ocrx_word' id='word_1_439' title='bbox 1974 2993 2076 3048; x_wconf 91' lang='lat' dir='ltr'><strong>boe</strong></span> <span class='ocrx_word' id='word_1_440' title='bbox 2102 3013 2114 3047; x_wconf 94' lang='lat'>:</span> <span class='ocrx_word' id='word_1_441' title='bbox 2149 2991 2534 3064; x_wconf 85' lang='lat' dir='ltr'><strong>Epistolarum,</strong></span> <span class='ocrx_word' id='word_1_442' title='bbox 2569 2992 2767 3064; x_wconf 84' lang='lat' dir='ltr'><strong>inquit,</strong></span> <span class='ocrx_word' id='word_1_443' title='bbox 2797 2993 2933 3047; x_wconf 88' lang='lat' dir='ltr'><strong>ordo</strong></span> <span class='ocrx_word' id='word_1_444' title='bbox 2963 2992 3106 3047; x_wconf 88' lang='lat' dir='ltr'><strong>idem</strong></span> <span class='ocrx_word' id='word_1_445' title='bbox 3143 2991 3302 3062; x_wconf 87' lang='lat' dir='ltr'><strong>plane</strong></span> <span class='ocrx_word' id='word_1_446' title='bbox 3321 3001 3429 3060; x_wconf 87' lang='lat' dir='ltr'><strong>est,</strong></span> 
     </span>
    </p>
   </div>
   <div class='ocr_carea' id='block_1_59' title="bbox 1826 3083 3429 3158">
    <p class='ocr_par' dir='ltr' id='par_1_59' title="bbox 1826 3083 3429 3158">
     <span class='ocr_line' id='line_1_59' title="bbox 1826 3083 3429 3158; baseline -0.001 -14"><span class='ocrx_word' id='word_1_447' title='bbox 1826 3105 1890 3144; x_wconf 87' lang='lat' dir='ltr'><strong>ac</strong></span> <span class='ocrx_word' id='word_1_448' title='bbox 1931 3088 1999 3153; x_wconf 93' lang='lat' dir='ltr'><strong>is,</strong></span> <span class='ocrx_word' id='word_1_449' title='bbox 2033 3088 2124 3158; x_wconf 81' lang='lat' dir='ltr'><strong>qui</strong></span> <span class='ocrx_word' id='word_1_450' title='bbox 2170 3087 2224 3142; x_wconf 86' lang='lat' dir='ltr'><strong>in</strong></span> <span class='ocrx_word' id='word_1_451' title='bbox 2262 3085 2394 3142; x_wconf 87' lang='lat' dir='ltr'><strong>edit.</strong></span> <span class='ocrx_word' id='word_1_452' title='bbox 2426 3085 2550 3140; x_wconf 79' lang='lat' dir='ltr'><strong>l’ar.</strong></span> <span class='ocrx_word' id='word_1_453' title='bbox 2588 3085 2779 3140; x_wconf 80' lang='lat' dir='ltr'><strong>Jacobi</strong></span> <span class='ocrx_word' id='word_1_454' title='bbox 2822 3083 2962 3140; x_wconf 89' lang='lat' dir='ltr'><strong>Billii</strong></span> <span class='ocrx_word' id='word_1_455' title='bbox 3004 3093 3291 3152; x_wconf 78' lang='lat' dir='ltr'><strong>servatur;</strong></span> <span class='ocrx_word' id='word_1_456' title='bbox 3333 3085 3429 3142; x_wconf 82' lang='lat' dir='ltr'><strong>sed</strong></span> 
     </span>
    </p>
   </div>
   <div class='ocr_carea' id='block_1_60' title="bbox 1778 3178 3431 3238">
    <p class='ocr_par' dir='ltr' id='par_1_60' title="bbox 1778 3178 3431 3238">
     <span class='ocr_line' id='line_1_60' title="bbox 1778 3178 3431 3238; baseline 0 -1"><span class='ocrx_word' id='word_1_457' title='bbox 1778 3219 1793 3237; x_wconf 76' lang='lat'><strong>.</strong></span> <span class='ocrx_word' id='word_1_458' title='bbox 1829 3181 2029 3237; x_wconf 84' lang='lat' dir='ltr'><strong>multas</strong></span> <span class='ocrx_word' id='word_1_459' title='bbox 2057 3180 2334 3236; x_wconf 86' lang='lat' dir='ltr'><strong>variantes</strong></span> <span class='ocrx_word' id='word_1_460' title='bbox 2367 3181 2437 3236; x_wconf 84' lang='lat' dir='ltr'><strong>ab</strong></span> <span class='ocrx_word' id='word_1_461' title='bbox 2481 3179 2574 3236; x_wconf 86' lang='lat' dir='ltr'><strong>illa</strong></span> <span class='ocrx_word' id='word_1_462' title='bbox 2614 3179 2881 3234; x_wconf 85' lang='lat' dir='ltr'><strong>lectiones</strong></span> <span class='ocrx_word' id='word_1_463' title='bbox 2913 3178 3096 3233; x_wconf 88' lang='lat' dir='ltr'><strong>obiter</strong></span> <span class='ocrx_word' id='word_1_464' title='bbox 3133 3179 3431 3238; x_wconf 79' lang='lat' dir='ltr'><strong>observare</strong></span> 
     </span>
    </p>
   </div>
   <div class='ocr_carea' id='block_1_61' title="bbox 202 3219 3427 3348">
    <p class='ocr_par' dir='ltr' id='par_1_61' title="bbox 202 3219 3427 3348">
     <span class='ocr_line' id='line_1_61' title="bbox 202 3219 3427 3348; baseline -0.001 -14"><span class='ocrx_word' id='word_1_465' title='bbox 202 3234 1092 3348; x_wconf 57' lang='lat' dir='ltr'><strong>:m&#39;f&#39;°;&#39;°f_.‘l,‘{iﬁ&quot;,‘3_?_fﬁ&#39;j_&quot;</strong></span> <span class='ocrx_word' id='word_1_466' title='bbox 1120 3251 1218 3348; x_wconf 59' lang='lat'><strong>{-3</strong></span> <span class='ocrx_word' id='word_1_467' title='bbox 1237 3275 1254 3300; x_wconf 72' lang='grc' dir='ltr'><strong><em>ν</em></strong></span> <span class='ocrx_word' id='word_1_468' title='bbox 1274 3233 1720 3348; x_wconf 50' lang='grc' dir='ltr'><strong>,ἳξίιυξρξἶξῗξ-</strong></span> <span class='ocrx_word' id='word_1_469' title='bbox 1752 3219 1794 3274; x_wconf 71' lang='grc'><strong><em>⁸</em></strong></span> <span class='ocrx_word' id='word_1_470' title='bbox 1830 3219 3093 3348; x_wconf 56' lang='grc' dir='ltr'><strong>ἰίᾉῖξὲῗοιξιῖἱὲξὲἐῖῗζ”οἱῖίςίἰιῖἔέἶεὶιῗὶἒὶῖ</strong></span> <span class='ocrx_word' id='word_1_471' title='bbox 3121 3219 3427 3345; x_wconf 59' lang='grc' dir='ltr'><strong>ιῖῗῖιὲἔῖλῖ</strong></span> 
     </span>
    </p>
   </div>
   <div class='ocr_carea' id='block_1_62' title="bbox 129 3326 1719 3403">
    <p class='ocr_par' dir='ltr' id='par_1_62' title="bbox 129 3326 1719 3403">
     <span class='ocr_line' id='line_1_62' title="bbox 129 3326 1719 3403; baseline -0.005 -15"><span class='ocrx_word' id='word_1_472' title='bbox 129 3332 253 3395; x_wconf 76' lang='lat'><strong>300.</strong></span> <span class='ocrx_word' id='word_1_473' title='bbox 277 3349 338 3403; x_wconf 88' lang='lat' dir='ltr'><strong>p.</strong></span> <span class='ocrx_word' id='word_1_474' title='bbox 374 3332 428 3395; x_wconf 85' lang='grc'>1,</span> <span class='ocrx_word' id='word_1_475' title='bbox 457 3329 516 3384; x_wconf 88' lang='lat' dir='ltr'><strong>S.</strong></span> <span class='ocrx_word' id='word_1_476' title='bbox 549 3328 740 3385; x_wconf 87' lang='lat' dir='ltr'><strong>lsidori</strong></span> <span class='ocrx_word' id='word_1_477' title='bbox 780 3327 1072 3384; x_wconf 69' lang='lat' dir='ltr'><strong>Pelusiotae</strong></span> <span class='ocrx_word' id='word_1_478' title='bbox 1114 3343 1242 3398; x_wconf 85' lang='lat' dir='ltr'><strong>epp.</strong></span> <span class='ocrx_word' id='word_1_479' title='bbox 1271 3327 1409 3383; x_wconf 89' lang='grc'>1000</span> <span class='ocrx_word' id='word_1_480' title='bbox 1437 3326 1719 3382; x_wconf 71' lang='lat' dir='ltr'><strong>de’intcr-</strong></span> 
     </span>
    </p>
   </div>
   <div class='ocr_carea' id='block_1_63' title="bbox 133 3420 1726 3496">
    <p class='ocr_par' dir='ltr' id='par_1_63' title="bbox 133 3420 1726 3496">
     <span class='ocr_line' id='line_1_63' title="bbox 133 3420 1726 3496; baseline -0.003 -16"><span class='ocrx_word' id='word_1_481' title='bbox 133 3425 444 3496; x_wconf 82' lang='lat' dir='ltr'><strong>pretatione</strong></span> <span class='ocrx_word' id='word_1_482' title='bbox 468 3437 640 3478; x_wconf 65' lang='lat' dir='ltr'><strong>sacrae</strong></span> <span class='ocrx_word' id='word_1_483' title='bbox 664 3421 975 3492; x_wconf 62' lang='lat' dir='ltr'><strong>Scriptura,</strong></span> <span class='ocrx_word' id='word_1_484' title='bbox 994 3436 1227 3492; x_wconf 86' lang='lat' dir='ltr'><strong>quarum</strong></span> <span class='ocrx_word' id='word_1_485' title='bbox 1248 3421 1492 3491; x_wconf 75' lang='lat' dir='ltr'><strong>quinque</strong></span> <span class='ocrx_word' id='word_1_486' title='bbox 1514 3420 1726 3492; x_wconf 87' lang='lat' dir='ltr'><strong>priores</strong></span> 
     </span>
    </p>
   </div>
   <div class='ocr_carea' id='block_1_64' title="bbox 131 3512 1725 3584">
    <p class='ocr_par' dir='ltr' id='par_1_64' title="bbox 131 3512 1725 3584">
     <span class='ocr_line' id='line_1_64' title="bbox 131 3512 1725 3584; baseline -0.004 -10"><span class='ocrx_word' id='word_1_487' title='bbox 131 3517 360 3574; x_wconf 80' lang='lat' dir='ltr'><strong>omnino</strong></span> <span class='ocrx_word' id='word_1_488' title='bbox 390 3517 611 3579; x_wconf 88' lang='lat' dir='ltr'><strong>desunt,</strong></span> <span class='ocrx_word' id='word_1_489' title='bbox 641 3525 790 3570; x_wconf 80' lang='lat' dir='ltr'><strong>sexta</strong></span> <span class='ocrx_word' id='word_1_490' title='bbox 820 3524 1005 3570; x_wconf 84' lang='lat' dir='ltr'><strong>autem</strong></span> <span class='ocrx_word' id='word_1_491' title='bbox 1034 3515 1100 3570; x_wconf 90' lang='lat' dir='ltr'><strong>ad</strong></span> <span class='ocrx_word' id='word_1_492' title='bbox 1123 3514 1534 3584; x_wconf 81' lang='lat' dir='ltr'><strong>Arsenupbium</strong></span> <span class='ocrx_word' id='word_1_493' title='bbox 1563 3512 1725 3568; x_wconf 85' lang='lat' dir='ltr'><strong>dimi-</strong></span> 
     </span>
    </p>
   </div>
   <div class='ocr_carea' id='block_1_65' title="bbox 132 3604 1726 3682">
    <p class='ocr_par' dir='ltr' id='par_1_65' title="bbox 132 3604 1726 3682">
     <span class='ocr_line' id='line_1_65' title="bbox 132 3604 1726 3682; baseline -0.003 -17"><span class='ocrx_word' id='word_1_494' title='bbox 132 3611 224 3666; x_wconf 74' lang='lat' dir='ltr'><strong>dia</strong></span> <span class='ocrx_word' id='word_1_495' title='bbox 255 3618 420 3682; x_wconf 84' lang='lat' dir='ltr'><strong>parte</strong></span> <span class='ocrx_word' id='word_1_496' title='bbox 458 3609 621 3680; x_wconf 85' lang='lat' dir='ltr'><strong>priori</strong></span> <span class='ocrx_word' id='word_1_497' title='bbox 662 3617 746 3662; x_wconf 92' lang='lat' dir='ltr'><strong>est</strong></span> <span class='ocrx_word' id='word_1_498' title='bbox 789 3608 998 3669; x_wconf 86' lang='lat' dir='ltr'><strong>mutila,</strong></span> <span class='ocrx_word' id='word_1_499' title='bbox 1047 3617 1210 3676; x_wconf 85' lang='lat' dir='ltr'><strong>atque</strong></span> <span class='ocrx_word' id='word_1_500' title='bbox 1250 3606 1444 3677; x_wconf 90' lang='lat' dir='ltr'><strong>incipit</strong></span> <span class='ocrx_word' id='word_1_501' title='bbox 1480 3607 1595 3661; x_wconf 68' lang='lat' dir='ltr'><strong>haec</strong></span> <span class='ocrx_word' id='word_1_502' title='bbox 1641 3604 1726 3660; x_wconf 77' lang='lat' dir='ltr'><strong>lllS</strong></span> 
     </span>
    </p>
   </div>
   <div class='ocr_carea' id='block_1_66' title="bbox 133 3697 1726 3772">
    <p class='ocr_par' dir='ltr' id='par_1_66' title="bbox 133 3697 1726 3772">
     <span class='ocr_line' id='line_1_66' title="bbox 133 3697 1726 3772; baseline -0.004 -14"><span class='ocrx_word' id='word_1_503' title='bbox 133 3704 314 3760; x_wconf 81' lang='lat' dir='ltr'><strong>verbis</strong></span> <span class='ocrx_word' id='word_1_504' title='bbox 347 3722 361 3757; x_wconf 90' lang='lat'><strong>:</strong></span> <span class='ocrx_word' id='word_1_505' title='bbox 390 3701 509 3757; x_wconf 76' lang='grc' dir='ltr'>ἀλλ’</span> <span class='ocrx_word' id='word_1_506' title='bbox 536 3702 625 3755; x_wconf 78' lang='grc' dir='ltr'>ἵνα</span> <span class='ocrx_word' id='word_1_507' title='bbox 656 3700 730 3772; x_wconf 80' lang='grc' dir='ltr'><strong>μὴ</strong></span> <span class='ocrx_word' id='word_1_508' title='bbox 762 3701 1040 3764; x_wconf 71' lang='grc' dir='ltr'><strong>παντελῶς</strong></span> <span class='ocrx_word' id='word_1_509' title='bbox 1060 3699 1458 3770; x_wconf 72' lang='grc' dir='ltr'>φαντασθῶμεν</span> <span class='ocrx_word' id='word_1_510' title='bbox 1483 3729 1553 3740; x_wconf 86' lang='grc'><strong><em>--</em></strong></span> <span class='ocrx_word' id='word_1_511' title='bbox 1583 3697 1726 3753; x_wconf 76' lang='lat' dir='ltr'><strong>Ulti-</strong></span> 
     </span>
    </p>
   </div>
   <div class='ocr_carea' id='block_1_67' title="bbox 135 3792 1725 3865">
    <p class='ocr_par' dir='ltr' id='par_1_67' title="bbox 135 3792 1725 3865">
     <span class='ocr_line' id='line_1_67' title="bbox 135 3792 1725 3865; baseline -0.004 -13"><span class='ocrx_word' id='word_1_512' title='bbox 135 3813 216 3851; x_wconf 86' lang='lat' dir='ltr'><strong>ma</strong></span> <span class='ocrx_word' id='word_1_513' title='bbox 249 3797 477 3852; x_wconf 85' lang='lat' dir='ltr'><strong>demum</strong></span> <span class='ocrx_word' id='word_1_514' title='bbox 499 3795 614 3850; x_wconf 84' lang='lat' dir='ltr'><strong>sive</strong></span> <span class='ocrx_word' id='word_1_515' title='bbox 636 3793 920 3849; x_wconf 88' lang='lat' dir='ltr'><strong>millesima</strong></span> <span class='ocrx_word' id='word_1_516' title='bbox 942 3795 1008 3850; x_wconf 86' lang='lat' dir='ltr'><strong>ad</strong></span> <span class='ocrx_word' id='word_1_517' title='bbox 1035 3792 1382 3865; x_wconf 86' lang='lat' dir='ltr'><strong>Lampecium</strong></span> <span class='ocrx_word' id='word_1_518' title='bbox 1408 3793 1725 3862; x_wconf 84' lang='lat' dir='ltr'><strong>episcopum</strong></span> 
     </span>
    </p>
   </div>
   <div class='ocr_carea' id='block_1_68' title="bbox 137 3884 1728 3958">
    <p class='ocr_par' dir='ltr' id='par_1_68' title="bbox 137 3884 1728 3958">
     <span class='ocr_line' id='line_1_68' title="bbox 137 3884 1728 3958; baseline -0.004 -15"><span class='ocrx_word' id='word_1_519' title='bbox 137 3889 473 3952; x_wconf 78' lang='lat' dir='ltr'><strong>inscribitur,</strong></span> <span class='ocrx_word' id='word_1_520' title='bbox 495 3897 659 3958; x_wconf 86' lang='lat' dir='ltr'><strong>atque</strong></span> <span class='ocrx_word' id='word_1_521' title='bbox 689 3885 879 3957; x_wconf 76' lang='lat' dir='ltr'><strong>incipit</strong></span> <span class='ocrx_word' id='word_1_522' title='bbox 907 3886 1012 3941; x_wconf 86' lang='lat' dir='ltr'><strong>hoc</strong></span> <span class='ocrx_word' id='word_1_523' title='bbox 1039 3885 1238 3941; x_wconf 90' lang='lat' dir='ltr'><strong>modo:</strong></span> <span class='ocrx_word' id='word_1_524' title='bbox 1273 3884 1574 3956; x_wconf 78' lang='grc' dir='ltr'><strong>Λαμπετεῳ</strong></span> <span class='ocrx_word' id='word_1_525' title='bbox 1607 3887 1728 3938; x_wconf 64' lang='lat' dir='ltr'><strong>tm-</strong></span> 
     </span>
    </p>
   </div>
   <div class='ocr_carea' id='block_1_69' title="bbox 137 3977 1729 4056">
    <p class='ocr_par' dir='ltr' id='par_1_69' title="bbox 137 3977 1729 4056">
     <span class='ocr_line' id='line_1_69' title="bbox 137 3977 1729 4056; baseline -0.003 -18"><span class='ocrx_word' id='word_1_526' title='bbox 137 3984 347 4056; x_wconf 76' lang='grc' dir='ltr'>σκόπῳ.</span> <span class='ocrx_word' id='word_1_527' title='bbox 404 3981 506 4036; x_wconf 81' lang='grc' dir='ltr'><strong>Διά</strong></span> <span class='ocrx_word' id='word_1_528' title='bbox 547 3981 617 4035; x_wconf 80' lang='grc' dir='ltr'><strong>τὰ</strong></span> <span class='ocrx_word' id='word_1_529' title='bbox 655 3983 786 4054; x_wconf 72' lang='grc' dir='ltr'><strong>περὶ</strong></span> <span class='ocrx_word' id='word_1_530' title='bbox 837 3977 1108 4050; x_wconf 69' lang='grc' dir='ltr'>Ζώσιξιον.</span> <span class='ocrx_word' id='word_1_531' title='bbox 1139 4010 1210 4020; x_wconf 92' lang='grc'><strong><em>-</em></strong></span> <span class='ocrx_word' id='word_1_532' title='bbox 1248 3979 1428 4048; x_wconf 80' lang='grc' dir='ltr'><strong>Ἀλγῶ</strong></span> <span class='ocrx_word' id='word_1_533' title='bbox 1477 3979 1579 4050; x_wconf 78' lang='grc' dir='ltr'><strong>μὲν</strong></span> <span class='ocrx_word' id='word_1_534' title='bbox 1631 3980 1729 4034; x_wconf 72' lang='grc' dir='ltr'><strong>καὶ</strong></span> 
     </span>
    </p>
   </div>
   <div class='ocr_carea' id='block_1_70' title="bbox 136 4073 1728 4146">
    <p class='ocr_par' dir='ltr' id='par_1_70' title="bbox 136 4073 1728 4146">
     <span class='ocr_line' id='line_1_70' title="bbox 136 4073 1728 4146; baseline 0 -16"><span class='ocrx_word' id='word_1_535' title='bbox 136 4077 297 4140; x_wconf 70' lang='grc' dir='ltr'>αὑτὸς</span> <span class='ocrx_word' id='word_1_536' title='bbox 342 4074 639 4146; x_wconf 72' lang='grc' dir='ltr'>ιιομιδῆ-</span> <span class='ocrx_word' id='word_1_537' title='bbox 667 4073 859 4143; x_wconf 66' lang='lat' dir='ltr'><strong>Opera</strong></span> <span class='ocrx_word' id='word_1_538' title='bbox 897 4073 1134 4144; x_wconf 89' lang='lat' dir='ltr'><strong>pretium</strong></span> <span class='ocrx_word' id='word_1_539' title='bbox 1189 4085 1382 4129; x_wconf 84' lang='lat' dir='ltr'><strong>autem</strong></span> <span class='ocrx_word' id='word_1_540' title='bbox 1420 4073 1589 4129; x_wconf 77' lang='lat' dir='ltr'><strong>fuerit</strong></span> <span class='ocrx_word' id='word_1_541' title='bbox 1627 4075 1728 4130; x_wconf 89' lang='lat' dir='ltr'><strong>bas</strong></span> 
     </span>
    </p>
   </div>
   <div class='ocr_carea' id='block_1_71' title="bbox 136 4166 1726 4239">
    <p class='ocr_par' dir='ltr' id='par_1_71' title="bbox 136 4166 1726 4239">
     <span class='ocr_line' id='line_1_71' title="bbox 136 4166 1726 4239; baseline -0.002 -15"><span class='ocrx_word' id='word_1_542' title='bbox 136 4170 324 4227; x_wconf 87' lang='lat' dir='ltr'><strong>lsidori</strong></span> <span class='ocrx_word' id='word_1_543' title='bbox 354 4185 483 4239; x_wconf 88' lang='lat' dir='ltr'><strong>epp.</strong></span> <span class='ocrx_word' id='word_1_544' title='bbox 516 4176 768 4224; x_wconf 81' lang='lat' dir='ltr'><strong>accurate</strong></span> <span class='ocrx_word' id='word_1_545' title='bbox 800 4166 1050 4223; x_wconf 78' lang='lat' dir='ltr'><strong>conferre</strong></span> <span class='ocrx_word' id='word_1_546' title='bbox 1084 4182 1208 4221; x_wconf 90' lang='lat' dir='ltr'><strong>eum</strong></span> <span class='ocrx_word' id='word_1_547' title='bbox 1249 4167 1589 4222; x_wconf 84' lang='lat' dir='ltr'><strong>editionibns</strong></span> <span class='ocrx_word' id='word_1_548' title='bbox 1619 4167 1726 4221; x_wconf 87' lang='lat' dir='ltr'><strong>im-</strong></span> 
     </span>
    </p>
   </div>
   <div class='ocr_carea' id='block_1_72' title="bbox 139 4257 1730 4328">
    <p class='ocr_par' dir='ltr' id='par_1_72' title="bbox 139 4257 1730 4328">
     <span class='ocr_line' id='line_1_72' title="bbox 139 4257 1730 4328; baseline -0.002 -12"><span class='ocrx_word' id='word_1_549' title='bbox 139 4262 359 4328; x_wconf 79' lang='lat' dir='ltr'><strong>pressis.</strong></span> <span class='ocrx_word' id='word_1_550' title='bbox 392 4260 597 4315; x_wconf 80' lang='lat' dir='ltr'><strong>Forsan</strong></span> <span class='ocrx_word' id='word_1_551' title='bbox 627 4258 773 4314; x_wconf 87' lang='lat' dir='ltr'><strong>enim</strong></span> <span class='ocrx_word' id='word_1_552' title='bbox 797 4257 851 4313; x_wconf 93' lang='lat' dir='ltr'><strong>in</strong></span> <span class='ocrx_word' id='word_1_553' title='bbox 881 4259 986 4314; x_wconf 87' lang='lat' dir='ltr'><strong>hoc</strong></span> <span class='ocrx_word' id='word_1_554' title='bbox 1013 4258 1202 4313; x_wconf 90' lang='lat' dir='ltr'><strong>codice</strong></span> <span class='ocrx_word' id='word_1_555' title='bbox 1230 4259 1478 4328; x_wconf 62' lang='lat' dir='ltr'><strong>quedam</strong></span> <span class='ocrx_word' id='word_1_556' title='bbox 1508 4268 1730 4313; x_wconf 82' lang='lat' dir='ltr'><strong>exstant</strong></span> 
     </span>
    </p>
   </div>
   <div class='ocr_carea' id='block_1_73' title="bbox 140 4351 1725 4422">
    <p class='ocr_par' dir='ltr' id='par_1_73' title="bbox 140 4351 1725 4422">
     <span class='ocr_line' id='line_1_73' title="bbox 140 4351 1725 4422; baseline -0.002 -11"><span class='ocrx_word' id='word_1_557' title='bbox 140 4359 376 4414; x_wconf 88' lang='lat' dir='ltr'><strong>nondum</strong></span> <span class='ocrx_word' id='word_1_558' title='bbox 404 4355 571 4411; x_wconf 86' lang='lat' dir='ltr'><strong>edita.</strong></span> <span class='ocrx_word' id='word_1_559' title='bbox 607 4373 624 4405; x_wconf 77' lang='grc' dir='ltr'><strong>ι</strong></span> <span class='ocrx_word' id='word_1_560' title='bbox 652 4384 721 4395; x_wconf 89' lang='grc'><strong><em>-</em></strong></span> <span class='ocrx_word' id='word_1_561' title='bbox 742 4353 914 4420; x_wconf 85' lang='lat' dir='ltr'><strong>Quam</strong></span> <span class='ocrx_word' id='word_1_562' title='bbox 951 4369 1080 4408; x_wconf 80' lang='lat' dir='ltr'><strong>vero</strong></span> <span class='ocrx_word' id='word_1_563' title='bbox 1109 4351 1379 4408; x_wconf 81' lang='lat' dir='ltr'><strong>Lambeeii</strong></span> <span class='ocrx_word' id='word_1_564' title='bbox 1410 4353 1725 4422; x_wconf 85' lang='lat' dir='ltr'><strong>opinionem</strong></span> 
     </span>
    </p>
   </div>
   <div class='ocr_carea' id='block_1_74' title="bbox 141 4445 1724 4507">
    <p class='ocr_par' dir='ltr' id='par_1_74' title="bbox 141 4445 1724 4507">
     <span class='ocr_line' id='line_1_74' title="bbox 141 4445 1724 4507; baseline -0.004 -3"><span class='ocrx_word' id='word_1_565' title='bbox 141 4452 327 4506; x_wconf 66' lang='lat' dir='ltr'><strong>talsam</strong></span> <span class='ocrx_word' id='word_1_566' title='bbox 356 4465 480 4503; x_wconf 86' lang='lat' dir='ltr'><strong>esse</strong></span> <span class='ocrx_word' id='word_1_567' title='bbox 505 4446 789 4502; x_wconf 86' lang='lat' dir='ltr'><strong>contendit</strong></span> <span class='ocrx_word' id='word_1_568' title='bbox 811 4445 1083 4507; x_wconf 80' lang='lat' dir='ltr'><strong>Kollarius</strong></span> <span class='ocrx_word' id='word_1_569' title='bbox 1113 4446 1166 4500; x_wconf 93' lang='lat' dir='ltr'><strong>in</strong></span> <span class='ocrx_word' id='word_1_570' title='bbox 1199 4446 1332 4500; x_wconf 91' lang='lat' dir='ltr'><strong>edit.</strong></span> <span class='ocrx_word' id='word_1_571' title='bbox 1366 4446 1500 4500; x_wconf 87' lang='lat' dir='ltr'><strong>bibl.</strong></span> <span class='ocrx_word' id='word_1_572' title='bbox 1537 4446 1724 4500; x_wconf 88' lang='lat' dir='ltr'><strong>Lamb.</strong></span> 
     </span>
    </p>
   </div>
   <div class='ocr_carea' id='block_1_75' title="bbox 141 4529 1804 4613">
    <p class='ocr_par' dir='ltr' id='par_1_75' title="bbox 141 4529 1804 4613">
     <span class='ocr_line' id='line_1_75' title="bbox 141 4529 1804 4613; baseline -0.003 -17"><span class='ocrx_word' id='word_1_573' title='bbox 141 4554 266 4598; x_wconf 75' lang='lat' dir='ltr'><strong>tum.</strong></span> <span class='ocrx_word' id='word_1_574' title='bbox 321 4543 386 4604; x_wconf 82' lang='lat' dir='ltr'><strong>V.</strong></span> <span class='ocrx_word' id='word_1_575' title='bbox 421 4557 476 4612; x_wconf 92' lang='lat' dir='ltr'><strong>p.</strong></span> <span class='ocrx_word' id='word_1_576' title='bbox 506 4541 630 4604; x_wconf 73' lang='lat'><strong>509,</strong></span> <span class='ocrx_word' id='word_1_577' title='bbox 668 4539 756 4594; x_wconf 90' lang='lat' dir='ltr'><strong>ubi</strong></span> <span class='ocrx_word' id='word_1_578' title='bbox 810 4539 929 4594; x_wconf 67' lang='lat' dir='ltr'><strong>haec</strong></span> <span class='ocrx_word' id='word_1_579' title='bbox 963 4547 1176 4594; x_wconf 78' lang='lat' dir='ltr'><strong>exstant</strong></span> <span class='ocrx_word' id='word_1_580' title='bbox 1213 4529 1461 4607; x_wconf 83' lang='lat' dir='ltr'><strong>ejusdem</strong></span> <span class='ocrx_word' id='word_1_581' title='bbox 1506 4538 1671 4592; x_wconf 87' lang='lat' dir='ltr'><strong>verba</strong></span> <span class='ocrx_word' id='word_1_582' title='bbox 1709 4557 1721 4592; x_wconf 90' lang='lat'><strong>:</strong></span> <span class='ocrx_word' id='word_1_583' title='bbox 1762 4559 1804 4613; x_wconf 75' lang='grc' dir='ltr'><strong>ο</strong></span> 
     </span>
    </p>
   </div>
   <div class='ocr_carea' id='block_1_76' title="bbox 145 4631 1728 4704">
    <p class='ocr_par' dir='ltr' id='par_1_76' title="bbox 145 4631 1728 4704">
     <span class='ocr_line' id='line_1_76' title="bbox 145 4631 1728 4704; baseline -0.001 -18"><span class='ocrx_word' id='word_1_584' title='bbox 145 4656 161 4686; x_wconf 88' lang='grc'><em>‹</em></span> <span class='ocrx_word' id='word_1_585' title='bbox 204 4636 476 4690; x_wconf 72' lang='lat' dir='ltr'><strong>(Ia-terum</strong></span> <span class='ocrx_word' id='word_1_586' title='bbox 511 4633 797 4704; x_wconf 77' lang='lat' dir='ltr'><strong>diligenter</strong></span> <span class='ocrx_word' id='word_1_587' title='bbox 828 4631 1023 4686; x_wconf 88' lang='lat' dir='ltr'><strong>collato</strong></span> <span class='ocrx_word' id='word_1_588' title='bbox 1053 4633 1223 4686; x_wconf 85' lang='lat' dir='ltr'><strong>hocce</strong></span> <span class='ocrx_word' id='word_1_589' title='bbox 1249 4631 1439 4686; x_wconf 84' lang='lat' dir='ltr'><strong>codice</strong></span> <span class='ocrx_word' id='word_1_590' title='bbox 1468 4647 1593 4686; x_wconf 87' lang='lat' dir='ltr'><strong>cum</strong></span> <span class='ocrx_word' id='word_1_591' title='bbox 1625 4631 1728 4685; x_wconf 86' lang='lat' dir='ltr'><strong>Isi-</strong></span> 
     </span>
    </p>
   </div>
   <div class='ocr_carea' id='block_1_77' title="bbox 139 4721 1724 4796">
    <p class='ocr_par' dir='ltr' id='par_1_77' title="bbox 139 4721 1724 4796">
     <span class='ocr_line' id='line_1_77' title="bbox 139 4721 1724 4796; baseline -0.004 -14"><span class='ocrx_word' id='word_1_592' title='bbox 139 4729 248 4782; x_wconf 83' lang='lat' dir='ltr'><strong>dori</strong></span> <span class='ocrx_word' id='word_1_593' title='bbox 271 4725 520 4796; x_wconf 85' lang='lat' dir='ltr'><strong>epistolis</strong></span> <span class='ocrx_word' id='word_1_594' title='bbox 542 4723 764 4777; x_wconf 77' lang='lat' dir='ltr'><strong>Parisiis</strong></span> <span class='ocrx_word' id='word_1_595' title='bbox 791 4739 934 4777; x_wconf 90' lang='lat' dir='ltr'><strong>anno</strong></span> <span class='ocrx_word' id='word_1_596' title='bbox 962 4721 1120 4788; x_wconf 74' lang='grc'>1658,</span> <span class='ocrx_word' id='word_1_597' title='bbox 1143 4739 1170 4776; x_wconf 93' lang='lat' dir='ltr'><strong>a</strong></span> <span class='ocrx_word' id='word_1_598' title='bbox 1202 4721 1445 4776; x_wconf 70' lang='lat' dir='ltr'><strong>blorellio</strong></span> <span class='ocrx_word' id='word_1_599' title='bbox 1473 4723 1724 4793; x_wconf 81' lang='lat' dir='ltr'><strong>vulgatis,</strong></span> 
     </span>
    </p>
   </div>
   <div class='ocr_carea' id='block_1_78' title="bbox 141 4816 1726 4888">
    <p class='ocr_par' dir='ltr' id='par_1_78' title="bbox 141 4816 1726 4888">
     <span class='ocr_line' id='line_1_78' title="bbox 141 4816 1726 4888; baseline -0.003 -14"><span class='ocrx_word' id='word_1_600' title='bbox 141 4836 204 4877; x_wconf 84' lang='lat' dir='ltr'><strong>ne</strong></span> <span class='ocrx_word' id='word_1_601' title='bbox 234 4835 400 4874; x_wconf 88' lang='lat' dir='ltr'><strong>unam</strong></span> <span class='ocrx_word' id='word_1_602' title='bbox 425 4818 644 4888; x_wconf 89' lang='lat' dir='ltr'><strong>quidem</strong></span> <span class='ocrx_word' id='word_1_603' title='bbox 678 4817 958 4882; x_wconf 86' lang='lat' dir='ltr'><strong>ineditam,</strong></span> <span class='ocrx_word' id='word_1_604' title='bbox 991 4816 1100 4870; x_wconf 90' lang='lat' dir='ltr'><strong>imo</strong></span> <span class='ocrx_word' id='word_1_605' title='bbox 1125 4825 1234 4870; x_wconf 89' lang='lat' dir='ltr'><strong>tres</strong></span> <span class='ocrx_word' id='word_1_606' title='bbox 1264 4816 1438 4870; x_wconf 84' lang='lat' dir='ltr'><strong>editas</strong></span> <span class='ocrx_word' id='word_1_607' title='bbox 1463 4816 1518 4870; x_wconf 92' lang='lat' dir='ltr'><strong>in</strong></span> <span class='ocrx_word' id='word_1_608' title='bbox 1538 4816 1726 4870; x_wconf 83' lang='lat' dir='ltr'><strong>codice</strong></span> 
     </span>
    </p>
   </div>
   <div class='ocr_carea' id='block_1_79' title="bbox 143 4907 1726 4978">
    <p class='ocr_par' dir='ltr' id='par_1_79' title="bbox 143 4907 1726 4978">
     <span class='ocr_line' id='line_1_79' title="bbox 143 4907 1726 4978; baseline -0.002 -14"><span class='ocrx_word' id='word_1_609' title='bbox 143 4925 324 4968; x_wconf 85' lang='lat' dir='ltr'><strong>nostro</strong></span> <span class='ocrx_word' id='word_1_610' title='bbox 384 4910 706 4973; x_wconf 87' lang='lat' dir='ltr'><strong>desiderari,</strong></span> <span class='ocrx_word' id='word_1_611' title='bbox 750 4910 1026 4978; x_wconf 87' lang='lat' dir='ltr'><strong>comperi;</strong></span> <span class='ocrx_word' id='word_1_612' title='bbox 1074 4910 1284 4965; x_wconf 86' lang='lat' dir='ltr'><strong>scilicet</strong></span> <span class='ocrx_word' id='word_1_613' title='bbox 1332 4923 1426 4963; x_wconf 87' lang='lat' dir='ltr'><strong>eas</strong></span> <span class='ocrx_word' id='word_1_614' title='bbox 1496 4924 1619 4976; x_wconf 67' lang='lat' dir='ltr'><strong>quze</strong></span> <span class='ocrx_word' id='word_1_615' title='bbox 1675 4907 1726 4961; x_wconf 90' lang='lat' dir='ltr'><strong>in</strong></span> 
     </span>
    </p>
   </div>
   <div class='ocr_carea' id='block_1_80' title="bbox 141 4999 1726 5069">
    <p class='ocr_par' dir='ltr' id='par_1_80' title="bbox 141 4999 1726 5069">
     <span class='ocr_line' id='line_1_80' title="bbox 141 4999 1726 5069; baseline -0.001 -15"><span class='ocrx_word' id='word_1_616' title='bbox 141 5007 296 5060; x_wconf 78' lang='lat' dir='ltr'><strong>rditis</strong></span> <span class='ocrx_word' id='word_1_617' title='bbox 326 5005 428 5058; x_wconf 88' lang='lat' dir='ltr'><strong>lib.</strong></span> <span class='ocrx_word' id='word_1_618' title='bbox 469 5020 528 5068; x_wconf 88' lang='lat' dir='ltr'><strong>u,</strong></span> <span class='ocrx_word' id='word_1_619' title='bbox 562 5019 621 5056; x_wconf 93' lang='lat' dir='ltr'><strong>n.</strong></span> <span class='ocrx_word' id='word_1_620' title='bbox 652 5003 768 5064; x_wconf 67' lang='lat'><strong>1‘38,</strong></span> <span class='ocrx_word' id='word_1_621' title='bbox 796 5002 901 5056; x_wconf 71' lang='lat'><strong>277</strong></span> <span class='ocrx_word' id='word_1_622' title='bbox 933 5011 986 5056; x_wconf 81' lang='lat' dir='ltr'><strong>et</strong></span> <span class='ocrx_word' id='word_1_623' title='bbox 1021 5001 1146 5066; x_wconf 64' lang='lat'><strong>99.7,</strong></span> <span class='ocrx_word' id='word_1_624' title='bbox 1187 5002 1460 5069; x_wconf 72' lang='lat' dir='ltr'><strong>leguntur.</strong></span> <span class='ocrx_word' id='word_1_625' title='bbox 1499 4999 1726 5064; x_wconf 86' lang='lat' dir='ltr'><strong>Deinde,</strong></span> 
     </span>
    </p>
   </div>
   <div class='ocr_carea' id='block_1_81' title="bbox 142 5094 1731 5165">
    <p class='ocr_par' dir='ltr' id='par_1_81' title="bbox 142 5094 1731 5165">
     <span class='ocr_line' id='line_1_81' title="bbox 142 5094 1731 5165; baseline -0.003 -14"><span class='ocrx_word' id='word_1_626' title='bbox 142 5100 218 5154; x_wconf 70' lang='grc' dir='ltr'><strong>εἰς</strong></span> <span class='ocrx_word' id='word_1_627' title='bbox 247 5098 397 5152; x_wconf 90' lang='lat' dir='ltr'><strong>enim</strong></span> <span class='ocrx_word' id='word_1_628' title='bbox 428 5096 622 5165; x_wconf 81' lang='lat' dir='ltr'><strong>pergit,</strong></span> <span class='ocrx_word' id='word_1_629' title='bbox 657 5095 710 5148; x_wconf 92' lang='lat' dir='ltr'><strong>in</strong></span> <span class='ocrx_word' id='word_1_630' title='bbox 741 5095 910 5150; x_wconf 82' lang='lat' dir='ltr'><strong>libros</strong></span> <span class='ocrx_word' id='word_1_631' title='bbox 943 5094 1296 5164; x_wconf 88' lang='lat' dir='ltr'><strong>partitionem</strong></span> <span class='ocrx_word' id='word_1_632' title='bbox 1332 5095 1502 5148; x_wconf 84' lang='lat' dir='ltr'><strong>codex</strong></span> <span class='ocrx_word' id='word_1_633' title='bbox 1543 5104 1731 5148; x_wconf 86' lang='lat' dir='ltr'><strong>noster</strong></span> 
     </span>
    </p>
   </div>
   <div class='ocr_carea' id='block_1_82' title="bbox 143 5187 1732 5261">
    <p class='ocr_par' dir='ltr' id='par_1_82' title="bbox 143 5187 1732 5261">
     <span class='ocr_line' id='line_1_82' title="bbox 143 5187 1732 5261; baseline -0.001 -18"><span class='ocrx_word' id='word_1_634' title='bbox 143 5207 244 5245; x_wconf 73' lang='lat' dir='ltr'><strong>non</strong></span> <span class='ocrx_word' id='word_1_635' title='bbox 278 5190 546 5261; x_wconf 80' lang='lat' dir='ltr'><strong>agnoscit,</strong></span> <span class='ocrx_word' id='word_1_636' title='bbox 584 5204 762 5258; x_wconf 90' lang='lat' dir='ltr'><strong>neque</strong></span> <span class='ocrx_word' id='word_1_637' title='bbox 796 5187 933 5242; x_wconf 88' lang='lat' dir='ltr'><strong>ultra</strong></span> <span class='ocrx_word' id='word_1_638' title='bbox 968 5203 1107 5251; x_wconf 88' lang='lat' dir='ltr'><strong>eam,</strong></span> <span class='ocrx_word' id='word_1_639' title='bbox 1141 5203 1263 5256; x_wconf 79' lang='lat' dir='ltr'><strong>quae</strong></span> <span class='ocrx_word' id='word_1_640' title='bbox 1295 5188 1347 5241; x_wconf 88' lang='lat' dir='ltr'><strong>in</strong></span> <span class='ocrx_word' id='word_1_641' title='bbox 1387 5187 1618 5258; x_wconf 70' lang='lat' dir='ltr'><strong>vulgatis</strong></span> <span class='ocrx_word' id='word_1_642' title='bbox 1650 5199 1732 5241; x_wconf 91' lang='lat' dir='ltr'><strong>est</strong></span> 
     </span>
    </p>
   </div>
   <div class='ocr_carea' id='block_1_83' title="bbox 143 5280 1122 5350">
    <p class='ocr_par' dir='ltr' id='par_1_83' title="bbox 143 5280 1122 5350">
     <span class='ocr_line' id='line_1_83' title="bbox 143 5280 1122 5350; baseline -0.002 -18"><span class='ocrx_word' id='word_1_643' title='bbox 143 5283 273 5336; x_wconf 85' lang='lat' dir='ltr'><strong>libro</strong></span> <span class='ocrx_word' id='word_1_644' title='bbox 299 5299 378 5343; x_wconf 85' lang='lat' dir='ltr'><strong>Ill,</strong></span> <span class='ocrx_word' id='word_1_645' title='bbox 410 5299 497 5350; x_wconf 71' lang='lat' dir='ltr'><strong>ep.</strong></span> <span class='ocrx_word' id='word_1_646' title='bbox 540 5280 662 5342; x_wconf 77' lang='lat'><strong>9.00,</strong></span> <span class='ocrx_word' id='word_1_647' title='bbox 699 5280 1057 5350; x_wconf 81' lang='lat' dir='ltr'><strong>progreditur.</strong></span> <span class='ocrx_word' id='word_1_648' title='bbox 1105 5299 1122 5330; x_wconf 82' lang='grc'><strong><em>›</em></strong></span> 
     </span>
    </p>
   </div>
   <div class='ocr_carea' id='block_1_84' title="bbox 207 5373 1730 5444">
    <p class='ocr_par' dir='ltr' id='par_1_84' title="bbox 207 5373 1730 5444">
     <span class='ocr_line' id='line_1_84' title="bbox 207 5373 1730 5444; baseline -0.001 -14"><span class='ocrx_word' id='word_1_649' title='bbox 207 5376 266 5430; x_wconf 86' lang='lat' dir='ltr'><strong>ll.</strong></span> <span class='ocrx_word' id='word_1_650' title='bbox 293 5375 477 5431; x_wconf 85' lang='lat' dir='ltr'><strong>Codex</strong></span> <span class='ocrx_word' id='word_1_651' title='bbox 508 5391 700 5440; x_wconf 82' lang='lat' dir='ltr'><strong>ccxcu,</strong></span> <span class='ocrx_word' id='word_1_652' title='bbox 729 5375 970 5444; x_wconf 87' lang='lat' dir='ltr'><strong>ejusdem</strong></span> <span class='ocrx_word' id='word_1_653' title='bbox 997 5373 1337 5429; x_wconf 70' lang='lat' dir='ltr'><strong>bibliotheca:</strong></span> <span class='ocrx_word' id='word_1_654' title='bbox 1371 5383 1471 5435; x_wconf 83' lang='lat' dir='ltr'><strong>est,</strong></span> <span class='ocrx_word' id='word_1_655' title='bbox 1502 5374 1730 5429; x_wconf 81' lang='lat' dir='ltr'><strong>Lambe-</strong></span> 
     </span>
    </p>
   </div>
   <div class='ocr_carea' id='block_1_85' title="bbox 141 5467 1730 5537">
    <p class='ocr_par' dir='ltr' id='par_1_85' title="bbox 141 5467 1730 5537">
     <span class='ocr_line' id='line_1_85' title="bbox 141 5467 1730 5537; baseline 0.003 -21"><span class='ocrx_word' id='word_1_656' title='bbox 141 5469 222 5522; x_wconf 71' lang='lat' dir='ltr'><strong>rio</strong></span> <span class='ocrx_word' id='word_1_657' title='bbox 250 5470 285 5522; x_wconf 90' lang='grc' dir='ltr'>Ι.</span> <span class='ocrx_word' id='word_1_658' title='bbox 319 5471 356 5523; x_wconf 90' lang='grc' dir='ltr'><strong>ι.</strong></span> <span class='ocrx_word' id='word_1_659' title='bbox 391 5485 443 5537; x_wconf 84' lang='lat' dir='ltr'><strong>p.</strong></span> <span class='ocrx_word' id='word_1_660' title='bbox 485 5467 622 5534; x_wconf 66' lang='lat' dir='ltr'><strong>2H3;</strong></span> <span class='ocrx_word' id='word_1_661' title='bbox 653 5478 709 5522; x_wconf 88' lang='lat' dir='ltr'><strong>et</strong></span> <span class='ocrx_word' id='word_1_662' title='bbox 742 5467 978 5522; x_wconf 79' lang='lat' dir='ltr'><strong>Kollnrio</strong></span> <span class='ocrx_word' id='word_1_663' title='bbox 1025 5468 1057 5521; x_wconf 94' lang='grc'><strong>1.</strong></span> <span class='ocrx_word' id='word_1_664' title='bbox 1101 5467 1134 5521; x_wconf 93' lang='grc'><strong>1.</strong></span> <span class='ocrx_word' id='word_1_665' title='bbox 1171 5483 1223 5537; x_wconf 92' lang='lat' dir='ltr'><strong>p.</strong></span> <span class='ocrx_word' id='word_1_666' title='bbox 1281 5467 1405 5531; x_wconf 70' lang='lat'><strong>520,</strong></span> <span class='ocrx_word' id='word_1_667' title='bbox 1429 5469 1551 5532; x_wconf 68' lang='grc'><strong>521,</strong></span> <span class='ocrx_word' id='word_1_668' title='bbox 1578 5470 1730 5522; x_wconf 62' lang='lat' dir='ltr'><strong>testi-</strong></span> 
     </span>
    </p>
   </div>
   <div class='ocr_carea' id='block_1_86' title="bbox 148 5560 1732 5630">
    <p class='ocr_par' dir='ltr' id='par_1_86' title="bbox 148 5560 1732 5630">
     <span class='ocr_line' id='line_1_86' title="bbox 148 5560 1732 5630; baseline 0.001 -16"><span class='ocrx_word' id='word_1_669' title='bbox 148 5564 262 5626; x_wconf 84' lang='lat' dir='ltr'><strong>bus,</strong></span> <span class='ocrx_word' id='word_1_670' title='bbox 302 5562 657 5620; x_wconf 87' lang='lat' dir='ltr'><strong>chartaccns.</strong></span> <span class='ocrx_word' id='word_1_671' title='bbox 709 5561 988 5630; x_wconf 84' lang='lat' dir='ltr'><strong>antiquus,</strong></span> <span class='ocrx_word' id='word_1_672' title='bbox 1039 5560 1366 5630; x_wconf 77' lang='lat' dir='ltr'><strong>in-quarto,</strong></span> <span class='ocrx_word' id='word_1_673' title='bbox 1411 5571 1732 5630; x_wconf 86' lang='lat' dir='ltr'><strong>constatque</strong></span> 
     </span>
    </p>
   </div>
   <div class='ocr_carea' id='block_1_87' title="bbox 147 5652 1734 5709">
    <p class='ocr_par' dir='ltr' id='par_1_87' title="bbox 147 5652 1734 5709">
     <span class='ocr_line' id='line_1_87' title="bbox 147 5652 1734 5709; baseline 0.001 -2"><span class='ocrx_word' id='word_1_674' title='bbox 147 5655 280 5709; x_wconf 66' lang='lat' dir='ltr'><strong>loliis</strong></span> <span class='ocrx_word' id='word_1_675' title='bbox 315 5654 576 5708; x_wconf 61' lang='lat' dir='ltr'><strong>trecentis</strong></span> <span class='ocrx_word' id='word_1_676' title='bbox 602 5655 861 5709; x_wconf 88' lang='lat' dir='ltr'><strong>sedecim.</strong></span> <span class='ocrx_word' id='word_1_677' title='bbox 880 5685 944 5692; x_wconf 95' lang='lat'>—</span> <span class='ocrx_word' id='word_1_678' title='bbox 967 5652 1331 5708; x_wconf 86' lang='lat' dir='ltr'><strong>Conttnentur</strong></span> <span class='ocrx_word' id='word_1_679' title='bbox 1360 5670 1426 5708; x_wconf 91' lang='lat' dir='ltr'><strong>eo</strong></span> <span class='ocrx_word' id='word_1_680' title='bbox 1460 5673 1472 5706; x_wconf 89' lang='lat'><strong>:</strong></span> <span class='ocrx_word' id='word_1_681' title='bbox 1516 5675 1532 5705; x_wconf 79' lang='grc' dir='ltr'><strong>ι</strong></span> <span class='ocrx_word' id='word_1_682' title='bbox 1561 5655 1618 5707; x_wconf 90' lang='lat' dir='ltr'><strong>S.</strong></span> <span class='ocrx_word' id='word_1_683' title='bbox 1647 5656 1734 5708; x_wconf 88' lang='lat' dir='ltr'><strong>lsi-</strong></span> 
     </span>
    </p>
   </div>
   <div class='ocr_carea' id='block_1_88' title="bbox 147 5747 1730 5818">
    <p class='ocr_par' dir='ltr' id='par_1_88' title="bbox 147 5747 1730 5818">
     <span class='ocr_line' id='line_1_88' title="bbox 147 5747 1730 5818; baseline 0.003 -19"><span class='ocrx_word' id='word_1_684' title='bbox 147 5749 253 5803; x_wconf 79' lang='lat' dir='ltr'><strong>dori</strong></span> <span class='ocrx_word' id='word_1_685' title='bbox 288 5748 574 5803; x_wconf 60' lang='lat' dir='ltr'><strong>Pelusiotae</strong></span> <span class='ocrx_word' id='word_1_686' title='bbox 612 5765 735 5818; x_wconf 75' lang='lat' dir='ltr'><strong>epp.</strong></span> <span class='ocrx_word' id='word_1_687' title='bbox 764 5747 833 5804; x_wconf 78' lang='lat'><strong>93</strong></span> <span class='ocrx_word' id='word_1_688' title='bbox 869 5749 935 5804; x_wconf 86' lang='lat' dir='ltr'><strong>de</strong></span> <span class='ocrx_word' id='word_1_689' title='bbox 969 5748 1417 5818; x_wconf 83' lang='lat' dir='ltr'><strong>interpretatione</strong></span> <span class='ocrx_word' id='word_1_690' title='bbox 1456 5765 1730 5804; x_wconf 83' lang='lat' dir='ltr'><strong>sacrarum</strong></span> 
     </span>
    </p>
   </div>
   <div class='ocr_carea' id='block_1_89' title="bbox 151 5839 1730 5912">
    <p class='ocr_par' dir='ltr' id='par_1_89' title="bbox 151 5839 1730 5912">
     <span class='ocr_line' id='line_1_89' title="bbox 151 5839 1730 5912; baseline 0.001 -19"><span class='ocrx_word' id='word_1_691' title='bbox 151 5839 574 5912; x_wconf 81' lang='lat' dir='ltr'><strong>Scripturarum,</strong></span> <span class='ocrx_word' id='word_1_692' title='bbox 609 5858 838 5912; x_wconf 75' lang='lat' dir='ltr'><strong>quorum</strong></span> <span class='ocrx_word' id='word_1_693' title='bbox 882 5858 1053 5912; x_wconf 78' lang='lat' dir='ltr'><strong>pinna</strong></span> <span class='ocrx_word' id='word_1_694' title='bbox 1096 5843 1162 5896; x_wconf 85' lang='lat' dir='ltr'><strong>ad</strong></span> <span class='ocrx_word' id='word_1_695' title='bbox 1202 5841 1502 5898; x_wconf 82' lang='lat' dir='ltr'><strong>Palladium</strong></span> <span class='ocrx_word' id='word_1_696' title='bbox 1547 5843 1730 5899; x_wconf 71' lang='lat' dir='ltr'><strong>diaeti-</strong></span> 
     </span>
    </p>
   </div>
   <div class='ocr_carea' id='block_1_90' title="bbox 1899 3366 3429 3442">
    <p class='ocr_par' dir='ltr' id='par_1_90' title="bbox 1899 3366 3429 3442">
     <span class='ocr_line' id='line_1_90' title="bbox 1899 3366 3429 3442; baseline 0 -18"><span class='ocrx_word' id='word_1_697' title='bbox 1899 3366 2054 3436; x_wconf 86' lang='lat' dir='ltr'><strong>Quod</strong></span> <span class='ocrx_word' id='word_1_698' title='bbox 2105 3384 2237 3425; x_wconf 89' lang='lat' dir='ltr'><strong>vero</strong></span> <span class='ocrx_word' id='word_1_699' title='bbox 2280 3370 2566 3425; x_wconf 88' lang='lat' dir='ltr'><strong>contendit</strong></span> <span class='ocrx_word' id='word_1_700' title='bbox 2607 3367 2894 3425; x_wconf 84' lang='lat' dir='ltr'><strong>Fabricius</strong></span> <span class='ocrx_word' id='word_1_701' title='bbox 2939 3367 3075 3424; x_wconf 89' lang='lat' dir='ltr'><strong>bibL</strong></span> <span class='ocrx_word' id='word_1_702' title='bbox 3110 3384 3192 3442; x_wconf 79' lang='lat' dir='ltr'><strong>gr.</strong></span> <span class='ocrx_word' id='word_1_703' title='bbox 3230 3368 3329 3424; x_wconf 90' lang='lat' dir='ltr'><strong>lib.</strong></span> <span class='ocrx_word' id='word_1_704' title='bbox 3375 3386 3429 3426; x_wconf 76' lang='grc' dir='ltr'><strong>ν.</strong></span> 
     </span>
    </p>
   </div>
   <div class='ocr_carea' id='block_1_91' title="bbox 1828 3461 3432 3536">
    <p class='ocr_par' dir='ltr' id='par_1_91' title="bbox 1828 3461 3432 3536">
     <span class='ocr_line' id='line_1_91' title="bbox 1828 3461 3432 3536; baseline 0.001 -17"><span class='ocrx_word' id='word_1_705' title='bbox 1828 3479 1949 3535; x_wconf 83' lang='lat' dir='ltr'><strong>cap.</strong></span> <span class='ocrx_word' id='word_1_706' title='bbox 1978 3464 2068 3529; x_wconf 75' lang='lat'><strong>37,</strong></span> <span class='ocrx_word' id='word_1_707' title='bbox 2093 3461 2144 3536; x_wconf 64' lang='grc' dir='ltr'>ς.</span> <span class='ocrx_word' id='word_1_708' title='bbox 2180 3465 2236 3528; x_wconf 77' lang='lat'><strong>3,</strong></span> <span class='ocrx_word' id='word_1_709' title='bbox 2272 3481 2325 3535; x_wconf 94' lang='lat' dir='ltr'><strong>p.</strong></span> <span class='ocrx_word' id='word_1_710' title='bbox 2367 3465 2496 3529; x_wconf 72' lang='lat'><strong>255,</strong></span> <span class='ocrx_word' id='word_1_711' title='bbox 2526 3464 2600 3521; x_wconf 83' lang='lat' dir='ltr'><strong>cl.</strong></span> <span class='ocrx_word' id='word_1_712' title='bbox 2647 3464 2736 3521; x_wconf 91' lang='lat' dir='ltr'><strong>ed.</strong></span> <span class='ocrx_word' id='word_1_713' title='bbox 2785 3463 2934 3520; x_wconf 82' lang='lat' dir='ltr'><strong>Harl.</strong></span> <span class='ocrx_word' id='word_1_714' title='bbox 2973 3465 3074 3518; x_wconf 71' lang='lat' dir='ltr'><strong>vol.</strong></span> <span class='ocrx_word' id='word_1_715' title='bbox 3115 3482 3171 3529; x_wconf 86' lang='lat' dir='ltr'><strong>x,</strong></span> <span class='ocrx_word' id='word_1_716' title='bbox 3202 3481 3257 3536; x_wconf 91' lang='lat' dir='ltr'><strong>p.</strong></span> <span class='ocrx_word' id='word_1_717' title='bbox 3287 3463 3432 3531; x_wconf 69' lang='grc'><strong>180,</strong></span> 
     </span>
    </p>
   </div>
   <div class='ocr_carea' id='block_1_92' title="bbox 1830 3555 3433 3629">
    <p class='ocr_par' dir='ltr' id='par_1_92' title="bbox 1830 3555 3433 3629">
     <span class='ocr_line' id='line_1_92' title="bbox 1830 3555 3433 3629; baseline 0.002 -19"><span class='ocrx_word' id='word_1_718' title='bbox 1830 3555 2338 3614; x_wconf 85' lang='lat' dir='ltr'><strong>Lambeciumlibro</strong></span> <span class='ocrx_word' id='word_1_719' title='bbox 2361 3574 2395 3624; x_wconf 84' lang='grc' dir='ltr'>ι,</span> <span class='ocrx_word' id='word_1_720' title='bbox 2425 3574 2479 3628; x_wconf 91' lang='lat' dir='ltr'><strong>p.</strong></span> <span class='ocrx_word' id='word_1_721' title='bbox 2504 3559 2606 3614; x_wconf 77' lang='lat' dir='ltr'><strong>H9</strong></span> <span class='ocrx_word' id='word_1_722' title='bbox 2648 3558 2838 3613; x_wconf 78' lang='lat' dir='ltr'><strong>testari</strong></span> <span class='ocrx_word' id='word_1_723' title='bbox 2857 3558 3105 3615; x_wconf 87' lang='lat' dir='ltr'><strong>codicem</strong></span> <span class='ocrx_word' id='word_1_724' title='bbox 3131 3575 3258 3629; x_wconf 89' lang='lat' dir='ltr'><strong>epp.</strong></span> <span class='ocrx_word' id='word_1_725' title='bbox 3289 3557 3433 3614; x_wconf 75' lang='lat'><strong>2000</strong></span> 
     </span>
    </p>
   </div>
   <div class='ocr_carea' id='block_1_93' title="bbox 1827 3649 3434 3724">
    <p class='ocr_par' dir='ltr' id='par_1_93' title="bbox 1827 3649 3434 3724">
     <span class='ocr_line' id='line_1_93' title="bbox 1827 3649 3434 3724; baseline 0.004 -22"><span class='ocrx_word' id='word_1_726' title='bbox 1827 3665 2062 3720; x_wconf 65' lang='lat' dir='ltr'><strong>graecum</strong></span> <span class='ocrx_word' id='word_1_727' title='bbox 2095 3650 2150 3704; x_wconf 92' lang='lat' dir='ltr'><strong>in</strong></span> <span class='ocrx_word' id='word_1_728' title='bbox 2174 3651 2304 3706; x_wconf 88' lang='lat' dir='ltr'><strong>bibl.</strong></span> <span class='ocrx_word' id='word_1_729' title='bbox 2331 3649 2570 3707; x_wconf 82' lang='lat' dir='ltr'><strong>Virutob.</strong></span> <span class='ocrx_word' id='word_1_730' title='bbox 2597 3660 2836 3715; x_wconf 82' lang='lat' dir='ltr'><strong>exstare,</strong></span> <span class='ocrx_word' id='word_1_731' title='bbox 2869 3651 3004 3706; x_wconf 88' lang='lat' dir='ltr'><strong>mibi</strong></span> <span class='ocrx_word' id='word_1_732' title='bbox 3029 3651 3249 3721; x_wconf 85' lang='lat' dir='ltr'><strong>quidem</strong></span> <span class='ocrx_word' id='word_1_733' title='bbox 3277 3668 3434 3724; x_wconf 78' lang='lat' dir='ltr'><strong>egre-</strong></span> 
     </span>
    </p>
   </div>
   <div class='ocr_carea' id='block_1_94' title="bbox 1829 3743 3433 3815">
    <p class='ocr_par' dir='ltr' id='par_1_94' title="bbox 1829 3743 3433 3815">
     <span class='ocr_line' id='line_1_94' title="bbox 1829 3743 3433 3815; baseline 0.005 -21"><span class='ocrx_word' id='word_1_734' title='bbox 1829 3743 1901 3813; x_wconf 86' lang='lat' dir='ltr'><strong>gii</strong></span> <span class='ocrx_word' id='word_1_735' title='bbox 1927 3743 2089 3813; x_wconf 81' lang='lat' dir='ltr'><strong>hujus</strong></span> <span class='ocrx_word' id='word_1_736' title='bbox 2114 3744 2212 3798; x_wconf 84' lang='lat' dir='ltr'><strong>viri</strong></span> <span class='ocrx_word' id='word_1_737' title='bbox 2244 3759 2398 3799; x_wconf 89' lang='lat' dir='ltr'><strong>error</strong></span> <span class='ocrx_word' id='word_1_738' title='bbox 2427 3743 2646 3799; x_wconf 81' lang='lat' dir='ltr'><strong>videtur</strong></span> <span class='ocrx_word' id='word_1_739' title='bbox 2683 3759 2827 3800; x_wconf 90' lang='lat' dir='ltr'><strong>esse.</strong></span> <span class='ocrx_word' id='word_1_740' title='bbox 2865 3744 3076 3815; x_wconf 86' lang='lat' dir='ltr'><strong>Nempe</strong></span> <span class='ocrx_word' id='word_1_741' title='bbox 3108 3743 3433 3802; x_wconf 83' lang='lat' dir='ltr'><strong>Lambecius</strong></span> 
     </span>
    </p>
   </div>
   <div class='ocr_carea' id='block_1_95' title="bbox 1830 3837 3432 3910">
    <p class='ocr_par' dir='ltr' id='par_1_95' title="bbox 1830 3837 3432 3910">
     <span class='ocr_line' id='line_1_95' title="bbox 1830 3837 3432 3910; baseline 0.002 -19"><span class='ocrx_word' id='word_1_742' title='bbox 1830 3837 1956 3892; x_wconf 90' lang='lat' dir='ltr'><strong>inde</strong></span> <span class='ocrx_word' id='word_1_743' title='bbox 2003 3853 2033 3891; x_wconf 86' lang='lat' dir='ltr'><strong>a</strong></span> <span class='ocrx_word' id='word_1_744' title='bbox 2072 3855 2126 3909; x_wconf 93' lang='lat' dir='ltr'><strong>p.</strong></span> <span class='ocrx_word' id='word_1_745' title='bbox 2191 3839 2290 3893; x_wconf 81' lang='lat' dir='ltr'><strong>H7</strong></span> <span class='ocrx_word' id='word_1_746' title='bbox 2330 3838 2722 3894; x_wconf 87' lang='lat' dir='ltr'><strong>bibliothecam</strong></span> <span class='ocrx_word' id='word_1_747' title='bbox 2763 3837 3432 3910; x_wconf 80' lang='lat' dir='ltr'><strong>ConstantinOpolitanam</strong></span> 
     </span>
    </p>
   </div>
   <div class='ocr_carea' id='block_1_96' title="bbox 1829 3933 3434 4006">
    <p class='ocr_par' dir='ltr' id='par_1_96' title="bbox 1829 3933 3434 4006">
     <span class='ocr_line' id='line_1_96' title="bbox 1829 3933 3434 4006; baseline 0.002 -18"><span class='ocrx_word' id='word_1_748' title='bbox 1829 3933 1898 3989; x_wconf 90' lang='lat' dir='ltr'><strong>ab</strong></span> <span class='ocrx_word' id='word_1_749' title='bbox 1925 3935 2170 3990; x_wconf 75' lang='lat' dir='ltr'><strong>Antonio</strong></span> <span class='ocrx_word' id='word_1_750' title='bbox 2201 3933 2470 3990; x_wconf 80' lang='lat' dir='ltr'><strong>Verderio</strong></span> <span class='ocrx_word' id='word_1_751' title='bbox 2503 3935 2675 3992; x_wconf 90' lang='lat' dir='ltr'><strong>etiam</strong></span> <span class='ocrx_word' id='word_1_752' title='bbox 2705 3935 2958 4006; x_wconf 88' lang='lat' dir='ltr'><strong>pluribus</strong></span> <span class='ocrx_word' id='word_1_753' title='bbox 2976 3945 3192 3991; x_wconf 88' lang='lat' dir='ltr'><strong>scatere</strong></span> <span class='ocrx_word' id='word_1_754' title='bbox 3219 3936 3434 3992; x_wconf 88' lang='lat' dir='ltr'><strong>mendis</strong></span> 
     </span>
    </p>
   </div>
   <div class='ocr_carea' id='block_1_97' title="bbox 1829 4027 3432 4100">
    <p class='ocr_par' dir='ltr' id='par_1_97' title="bbox 1829 4027 3432 4100">
     <span class='ocr_line' id='line_1_97' title="bbox 1829 4027 3432 4100; baseline 0.001 -18"><span class='ocrx_word' id='word_1_755' title='bbox 1829 4036 2060 4082; x_wconf 86' lang='lat' dir='ltr'><strong>conatur</strong></span> <span class='ocrx_word' id='word_1_756' title='bbox 2094 4029 2346 4099; x_wconf 85' lang='lat' dir='ltr'><strong>probare.</strong></span> <span class='ocrx_word' id='word_1_757' title='bbox 2385 4027 2558 4096; x_wconf 83' lang='lat' dir='ltr'><strong>Quem</strong></span> <span class='ocrx_word' id='word_1_758' title='bbox 2601 4029 2669 4084; x_wconf 88' lang='lat' dir='ltr'><strong>ad</strong></span> <span class='ocrx_word' id='word_1_759' title='bbox 2708 4028 2872 4083; x_wconf 79' lang='lat' dir='ltr'><strong>tinem</strong></span> <span class='ocrx_word' id='word_1_760' title='bbox 2920 4029 3223 4100; x_wconf 83' lang='lat' dir='ltr'><strong>catalogum</strong></span> <span class='ocrx_word' id='word_1_761' title='bbox 3262 4029 3432 4085; x_wconf 85' lang='lat' dir='ltr'><strong>libro-</strong></span> 
     </span>
    </p>
   </div>
   <div class='ocr_carea' id='block_1_98' title="bbox 1829 4119 3433 4192">
    <p class='ocr_par' dir='ltr' id='par_1_98' title="bbox 1829 4119 3433 4192">
     <span class='ocr_line' id='line_1_98' title="bbox 1829 4119 3433 4192; baseline 0.003 -20"><span class='ocrx_word' id='word_1_762' title='bbox 1829 4134 1951 4174; x_wconf 91' lang='lat' dir='ltr'><strong>rum</strong></span> <span class='ocrx_word' id='word_1_763' title='bbox 1983 4120 2106 4186; x_wconf 78' lang='grc'><strong>174,</strong></span> <span class='ocrx_word' id='word_1_764' title='bbox 2134 4137 2166 4177; x_wconf 91' lang='lat' dir='ltr'><strong>a</strong></span> <span class='ocrx_word' id='word_1_765' title='bbox 2203 4119 2562 4192; x_wconf 68' lang='lat' dir='ltr'><strong>grammatici)</strong></span> <span class='ocrx_word' id='word_1_766' title='bbox 2591 4122 2828 4192; x_wconf 89' lang='lat' dir='ltr'><strong>quodam</strong></span> <span class='ocrx_word' id='word_1_767' title='bbox 2862 4122 3191 4184; x_wconf 87' lang='lat' dir='ltr'><strong>exhibitum,</strong></span> <span class='ocrx_word' id='word_1_768' title='bbox 3214 4121 3433 4188; x_wconf 86' lang='lat' dir='ltr'><strong>eodem,</strong></span> 
     </span>
    </p>
   </div>
   <div class='ocr_carea' id='block_1_99' title="bbox 1829 4213 3431 4282">
    <p class='ocr_par' dir='ltr' id='par_1_99' title="bbox 1829 4213 3431 4282">
     <span class='ocr_line' id='line_1_99' title="bbox 1829 4213 3431 4282; baseline 0.003 -17"><span class='ocrx_word' id='word_1_769' title='bbox 1829 4227 1939 4282; x_wconf 92' lang='lat' dir='ltr'><strong>quo</strong></span> <span class='ocrx_word' id='word_1_770' title='bbox 1987 4213 2139 4268; x_wconf 92' lang='lat' dir='ltr'><strong>illum</strong></span> <span class='ocrx_word' id='word_1_771' title='bbox 2186 4214 2380 4269; x_wconf 84' lang='lat' dir='ltr'><strong>excudi</strong></span> <span class='ocrx_word' id='word_1_772' title='bbox 2428 4215 2639 4269; x_wconf 76' lang='lat' dir='ltr'><strong>curavit</strong></span> <span class='ocrx_word' id='word_1_773' title='bbox 2680 4214 2997 4278; x_wconf 79' lang='lat' dir='ltr'><strong>Verderius,</strong></span> <span class='ocrx_word' id='word_1_774' title='bbox 3038 4215 3201 4269; x_wconf 89' lang='lat' dir='ltr'><strong>modo</strong></span> <span class='ocrx_word' id='word_1_775' title='bbox 3242 4213 3431 4280; x_wconf 83' lang='lat' dir='ltr'><strong>refert,</strong></span> 
     </span>
    </p>
   </div>
   <div class='ocr_carea' id='block_1_100' title="bbox 1830 4304 3434 4380">
    <p class='ocr_par' dir='ltr' id='par_1_100' title="bbox 1830 4304 3434 4380">
     <span class='ocr_line' id='line_1_100' title="bbox 1830 4304 3434 4380; baseline 0.002 -22"><span class='ocrx_word' id='word_1_776' title='bbox 1830 4304 2098 4374; x_wconf 77' lang='lat' dir='ltr'><strong>simulque</strong></span> <span class='ocrx_word' id='word_1_777' title='bbox 2133 4323 2164 4362; x_wconf 91' lang='lat' dir='ltr'><strong>a</strong></span> <span class='ocrx_word' id='word_1_778' title='bbox 2194 4307 2443 4362; x_wconf 61' lang='lat' dir='ltr'><strong>Caesareo</strong></span> <span class='ocrx_word' id='word_1_779' title='bbox 2475 4307 2643 4377; x_wconf 86' lang='lat' dir='ltr'><strong>hujus</strong></span> <span class='ocrx_word' id='word_1_780' title='bbox 2666 4307 2895 4380; x_wconf 88' lang='lat' dir='ltr'><strong>catalogi</strong></span> <span class='ocrx_word' id='word_1_781' title='bbox 2929 4307 3119 4363; x_wconf 92' lang='lat' dir='ltr'><strong>codice</strong></span> <span class='ocrx_word' id='word_1_782' title='bbox 3149 4307 3434 4362; x_wconf 80' lang='lat' dir='ltr'><strong>meliorem</strong></span> 
     </span>
    </p>
   </div>
   <div class='ocr_carea' id='block_1_101' title="bbox 1830 4397 3434 4470">
    <p class='ocr_par' dir='ltr' id='par_1_101' title="bbox 1830 4397 3434 4470">
     <span class='ocr_line' id='line_1_101' title="bbox 1830 4397 3434 4470; baseline 0.002 -19"><span class='ocrx_word' id='word_1_783' title='bbox 1830 4397 2015 4466; x_wconf 89' lang='lat' dir='ltr'><strong>adjicit</strong></span> <span class='ocrx_word' id='word_1_784' title='bbox 2053 4401 2404 4470; x_wconf 87' lang='lat' dir='ltr'><strong>scripturam.</strong></span> <span class='ocrx_word' id='word_1_785' title='bbox 2430 4399 2618 4470; x_wconf 82' lang='lat' dir='ltr'><strong>itaque</strong></span> <span class='ocrx_word' id='word_1_786' title='bbox 2665 4400 2848 4454; x_wconf 87' lang='lat' dir='ltr'><strong>allatis</strong></span> <span class='ocrx_word' id='word_1_787' title='bbox 2879 4400 3275 4470; x_wconf 88' lang='lat' dir='ltr'><strong>compluribus,</strong></span> <span class='ocrx_word' id='word_1_788' title='bbox 3303 4401 3434 4470; x_wconf 84' lang='lat' dir='ltr'><strong>qui-</strong></span> 
     </span>
    </p>
   </div>
   <div class='ocr_carea' id='block_1_102' title="bbox 1831 4490 3432 4563">
    <p class='ocr_par' dir='ltr' id='par_1_102' title="bbox 1831 4490 3432 4563">
     <span class='ocr_line' id='line_1_102' title="bbox 1831 4490 3432 4563; baseline 0.002 -18"><span class='ocrx_word' id='word_1_789' title='bbox 1831 4490 1934 4546; x_wconf 89' lang='lat' dir='ltr'><strong>bus</strong></span> <span class='ocrx_word' id='word_1_790' title='bbox 1955 4493 2281 4547; x_wconf 85' lang='lat' dir='ltr'><strong>sententiam</strong></span> <span class='ocrx_word' id='word_1_791' title='bbox 2305 4493 2374 4547; x_wconf 87' lang='lat' dir='ltr'><strong>de</strong></span> <span class='ocrx_word' id='word_1_792' title='bbox 2395 4491 2642 4548; x_wconf 83' lang='lat' dir='ltr'><strong>Verderii</strong></span> <span class='ocrx_word' id='word_1_793' title='bbox 2675 4493 3007 4548; x_wconf 86' lang='lat' dir='ltr'><strong>bibliotheca</strong></span> <span class='ocrx_word' id='word_1_794' title='bbox 3037 4509 3192 4547; x_wconf 90' lang='lat' dir='ltr'><strong>suam</strong></span> <span class='ocrx_word' id='word_1_795' title='bbox 3218 4494 3432 4563; x_wconf 89' lang='lat' dir='ltr'><strong>probet,</strong></span> 
     </span>
    </p>
   </div>
   <div class='ocr_carea' id='block_1_103' title="bbox 1833 4585 3434 4657">
    <p class='ocr_par' dir='ltr' id='par_1_103' title="bbox 1833 4585 3434 4657">
     <span class='ocr_line' id='line_1_103' title="bbox 1833 4585 3434 4657; baseline 0.004 -20"><span class='ocrx_word' id='word_1_796' title='bbox 1833 4585 2096 4654; x_wconf 88' lang='lat' dir='ltr'><strong>exemplis</strong></span> <span class='ocrx_word' id='word_1_797' title='bbox 2127 4602 2180 4655; x_wconf 93' lang='lat' dir='ltr'><strong>p.</strong></span> <span class='ocrx_word' id='word_1_798' title='bbox 2207 4587 2328 4649; x_wconf 74' lang='lat' dir='ltr'><strong>M9,</strong></span> <span class='ocrx_word' id='word_1_799' title='bbox 2357 4585 2411 4640; x_wconf 93' lang='lat' dir='ltr'><strong>in</strong></span> <span class='ocrx_word' id='word_1_800' title='bbox 2435 4585 2584 4640; x_wconf 88' lang='lat' dir='ltr'><strong>hunc</strong></span> <span class='ocrx_word' id='word_1_801' title='bbox 2612 4585 2791 4657; x_wconf 89' lang='lat' dir='ltr'><strong>pergit</strong></span> <span class='ocrx_word' id='word_1_802' title='bbox 2813 4587 3034 4641; x_wconf 92' lang='lat' dir='ltr'><strong>modum</strong></span> <span class='ocrx_word' id='word_1_803' title='bbox 3061 4605 3074 4640; x_wconf 90' lang='lat'>:</span> <span class='ocrx_word' id='word_1_804' title='bbox 3110 4606 3128 4638; x_wconf 81' lang='grc' dir='ltr'><strong>ι</strong></span> <span class='ocrx_word' id='word_1_805' title='bbox 3155 4585 3434 4656; x_wconf 64' lang='grc' dir='ltr'><strong>Ερίειοιω,</strong></span> 
     </span>
    </p>
   </div>
   <div class='ocr_carea' id='block_1_104' title="bbox 1835 4676 3435 4737">
    <p class='ocr_par' dir='ltr' id='par_1_104' title="bbox 1835 4676 3435 4737">
     <span class='ocr_line' id='line_1_104' title="bbox 1835 4676 3435 4737; baseline 0.004 -7"><span class='ocrx_word' id='word_1_806' title='bbox 1835 4676 2028 4731; x_wconf 85' lang='lat' dir='ltr'><strong>lsidori</strong></span> <span class='ocrx_word' id='word_1_807' title='bbox 2060 4678 2169 4732; x_wconf 84' lang='lat' dir='ltr'><strong>Pel.</strong></span> <span class='ocrx_word' id='word_1_808' title='bbox 2204 4695 2436 4732; x_wconf 87' lang='lat' dir='ltr'><strong>numero</strong></span> <span class='ocrx_word' id='word_1_809' title='bbox 2469 4678 2614 4732; x_wconf 90' lang='lat' dir='ltr'><strong>mille</strong></span> <span class='ocrx_word' id='word_1_810' title='bbox 2647 4690 2698 4732; x_wconf 85' lang='lat' dir='ltr'><strong>et</strong></span> <span class='ocrx_word' id='word_1_811' title='bbox 2731 4680 2858 4732; x_wconf 89' lang='lat' dir='ltr'><strong>duo.</strong></span> <span class='ocrx_word' id='word_1_812' title='bbox 2887 4679 2942 4733; x_wconf 91' lang='lat' dir='ltr'><strong>In</strong></span> <span class='ocrx_word' id='word_1_813' title='bbox 2972 4679 3163 4735; x_wconf 89' lang='lat' dir='ltr'><strong>codice</strong></span> <span class='ocrx_word' id='word_1_814' title='bbox 3185 4677 3435 4737; x_wconf 62' lang='lat' dir='ltr'><strong>Cassam</strong></span> 
     </span>
    </p>
   </div>
   <div class='ocr_carea' id='block_1_105' title="bbox 1834 4769 3428 4841">
    <p class='ocr_par' dir='ltr' id='par_1_105' title="bbox 1834 4769 3428 4841">
     <span class='ocr_line' id='line_1_105' title="bbox 1834 4769 3428 4841; baseline 0.001 -18"><span class='ocrx_word' id='word_1_815' title='bbox 1834 4769 2089 4824; x_wconf 82' lang='lat' dir='ltr'><strong>scribitur</strong></span> <span class='ocrx_word' id='word_1_816' title='bbox 2116 4771 2353 4841; x_wconf 75' lang='grc' dir='ltr'>χιλιάδες</span> <span class='ocrx_word' id='word_1_817' title='bbox 2401 4770 2496 4824; x_wconf 81' lang='grc' dir='ltr'>δύο</span> <span class='ocrx_word' id='word_1_818' title='bbox 2530 4773 2614 4826; x_wconf 80' lang='lat' dir='ltr'><strong>bis</strong></span> <span class='ocrx_word' id='word_1_819' title='bbox 2658 4773 2836 4837; x_wconf 87' lang='lat' dir='ltr'><strong>mille,</strong></span> <span class='ocrx_word' id='word_1_820' title='bbox 2877 4773 2995 4827; x_wconf 85' lang='lat' dir='ltr'><strong>sive</strong></span> <span class='ocrx_word' id='word_1_821' title='bbox 3039 4772 3150 4828; x_wconf 88' lang='lat' dir='ltr'><strong>duo</strong></span> <span class='ocrx_word' id='word_1_822' title='bbox 3185 4771 3372 4830; x_wconf 85' lang='lat' dir='ltr'><strong>millia.</strong></span> <span class='ocrx_word' id='word_1_823' title='bbox 3411 4792 3428 4825; x_wconf 76' lang='grc' dir='ltr'><strong>ι</strong></span> 
     </span>
    </p>
   </div>
   <div class='ocr_carea' id='block_1_106' title="bbox 2155 4886 3107 4944">
    <p class='ocr_par' dir='ltr' id='par_1_106' title="bbox 2155 4886 3107 4944">
     <span class='ocr_line' id='line_1_106' title="bbox 2155 4886 3107 4944; baseline 0.004 -4"><span class='ocrx_word' id='word_1_824' title='bbox 2155 4886 2367 4941; x_wconf 75' lang='lat' dir='ltr'><strong>Codices</strong></span> <span class='ocrx_word' id='word_1_825' title='bbox 2413 4888 2731 4943; x_wconf 68' lang='lat' dir='ltr'><strong>bibliotheca:</strong></span> <span class='ocrx_word' id='word_1_826' title='bbox 2770 4889 3107 4944; x_wconf 75' lang='lat' dir='ltr'><strong>Parisiensis.</strong></span> 
     </span>
    </p>
   </div>
   <div class='ocr_carea' id='block_1_107' title="bbox 1905 5001 3426 5075">
    <p class='ocr_par' dir='ltr' id='par_1_107' title="bbox 1905 5001 3426 5075">
     <span class='ocr_line' id='line_1_107' title="bbox 1905 5001 3426 5075; baseline 0.001 -19"><span class='ocrx_word' id='word_1_827' title='bbox 1905 5001 2038 5056; x_wconf 88' lang='lat' dir='ltr'><strong>Cod.</strong></span> <span class='ocrx_word' id='word_1_828' title='bbox 2075 5017 2393 5056; x_wconf 74' lang='lat' dir='ltr'><strong>unuccxxxn</strong></span> <span class='ocrx_word' id='word_1_829' title='bbox 2428 5005 2671 5058; x_wconf 87' lang='lat' dir='ltr'><strong>continet</strong></span> <span class='ocrx_word' id='word_1_830' title='bbox 2708 5021 2836 5074; x_wconf 93' lang='lat' dir='ltr'><strong>epp.</strong></span> <span class='ocrx_word' id='word_1_831' title='bbox 2876 5005 3037 5069; x_wconf 72' lang='grc'>1215,</span> <span class='ocrx_word' id='word_1_832' title='bbox 3073 5005 3227 5075; x_wconf 90' lang='lat' dir='ltr'><strong>isque</strong></span> <span class='ocrx_word' id='word_1_833' title='bbox 3262 5007 3426 5060; x_wconf 70' lang='lat' dir='ltr'><strong>code&quot;</strong></span> 
     </span>
    </p>
   </div>
   <div class='ocr_carea' id='block_1_108' title="bbox 1836 5095 3431 5155">
    <p class='ocr_par' dir='ltr' id='par_1_108' title="bbox 1836 5095 3431 5155">
     <span class='ocr_line' id='line_1_108' title="bbox 1836 5095 3431 5155; baseline 0.004 -6"><span class='ocrx_word' id='word_1_834' title='bbox 1836 5095 2033 5150; x_wconf 83' lang='lat' dir='ltr'><strong>saeculo</strong></span> <span class='ocrx_word' id='word_1_835' title='bbox 2092 5095 2209 5149; x_wconf 81' lang='lat' dir='ltr'><strong>.\|ll</strong></span> <span class='ocrx_word' id='word_1_836' title='bbox 2241 5105 2495 5150; x_wconf 87' lang='lat' dir='ltr'><strong>exaratus</strong></span> <span class='ocrx_word' id='word_1_837' title='bbox 2521 5096 2737 5151; x_wconf 86' lang='lat' dir='ltr'><strong>dicitur.</strong></span> <span class='ocrx_word' id='word_1_838' title='bbox 2761 5129 2830 5137; x_wconf 94' lang='lat'><strong>—</strong></span> <span class='ocrx_word' id='word_1_839' title='bbox 2856 5096 2939 5152; x_wconf 83' lang='lat' dir='ltr'><strong>Cl.</strong></span> <span class='ocrx_word' id='word_1_840' title='bbox 2969 5098 3276 5155; x_wconf 75' lang='lat' dir='ltr'><strong>Montel‘alc.</strong></span> <span class='ocrx_word' id='word_1_841' title='bbox 3296 5098 3431 5155; x_wconf 75' lang='lat' dir='ltr'><strong>Bibl.</strong></span> 
     </span>
    </p>
   </div>
   <div class='ocr_carea' id='block_1_109' title="bbox 1835 5187 2634 5258">
    <p class='ocr_par' dir='ltr' id='par_1_109' title="bbox 1835 5187 2634 5258">
     <span class='ocr_line' id='line_1_109' title="bbox 1835 5187 2634 5258; baseline -0.001 -17"><span class='ocrx_word' id='word_1_842' title='bbox 1835 5187 1956 5242; x_wconf 85' lang='lat' dir='ltr'><strong>bibl.</strong></span> <span class='ocrx_word' id='word_1_843' title='bbox 1996 5205 2045 5258; x_wconf 89' lang='lat' dir='ltr'><strong>p.</strong></span> <span class='ocrx_word' id='word_1_844' title='bbox 2078 5189 2200 5249; x_wconf 52' lang='grc' dir='ltr'>τοι,</span> <span class='ocrx_word' id='word_1_845' title='bbox 2234 5188 2296 5253; x_wconf 79' lang='grc' dir='ltr'><strong>Α,</strong></span> <span class='ocrx_word' id='word_1_846' title='bbox 2325 5205 2379 5258; x_wconf 86' lang='lat' dir='ltr'><strong>p.</strong></span> <span class='ocrx_word' id='word_1_847' title='bbox 2415 5189 2536 5253; x_wconf 74' lang='lat' dir='ltr'><strong>77s,</strong></span> <span class='ocrx_word' id='word_1_848' title='bbox 2573 5188 2634 5241; x_wconf 74' lang='grc' dir='ltr'>ι).</span> 
     </span>
    </p>
   </div>
   <div class='ocr_carea' id='block_1_110' title="bbox 1904 5280 3433 5353">
    <p class='ocr_par' dir='ltr' id='par_1_110' title="bbox 1904 5280 3433 5353">
     <span class='ocr_line' id='line_1_110' title="bbox 1904 5280 3433 5353; baseline 0.003 -17"><span class='ocrx_word' id='word_1_849' title='bbox 1904 5280 2038 5336; x_wconf 83' lang='lat' dir='ltr'><strong>Cod.</strong></span> <span class='ocrx_word' id='word_1_850' title='bbox 2059 5297 2396 5344; x_wconf 79' lang='lat' dir='ltr'><strong>ncccccxux,</strong></span> <span class='ocrx_word' id='word_1_851' title='bbox 2423 5298 2548 5352; x_wconf 88' lang='lat' dir='ltr'><strong>epp.</strong></span> <span class='ocrx_word' id='word_1_852' title='bbox 2567 5284 2978 5353; x_wconf 81' lang='lat' dir='ltr'><strong>aliquot.-—Cl.</strong></span> <span class='ocrx_word' id='word_1_853' title='bbox 3004 5285 3310 5341; x_wconf 76' lang='lat' dir='ltr'><strong>Montel‘alc.</strong></span> <span class='ocrx_word' id='word_1_854' title='bbox 3333 5287 3368 5340; x_wconf 92' lang='lat' dir='ltr'><strong>l.</strong></span> <span class='ocrx_word' id='word_1_855' title='bbox 3397 5303 3433 5341; x_wconf 85' lang='grc' dir='ltr'><strong>ι.</strong></span> 
     </span>
    </p>
   </div>
   <div class='ocr_carea' id='block_1_111' title="bbox 1838 5377 2139 5446">
    <p class='ocr_par' dir='ltr' id='par_1_111' title="bbox 1838 5377 2139 5446">
     <span class='ocr_line' id='line_1_111' title="bbox 1838 5377 2139 5446; baseline 0.003 -19"><span class='ocrx_word' id='word_1_856' title='bbox 1838 5377 2139 5446; x_wconf 78' lang='lat' dir='ltr'><strong>p.75l,A.</strong></span> 
     </span>
    </p>
   </div>
   <div class='ocr_carea' id='block_1_112' title="bbox 1906 5467 2826 5540">
    <p class='ocr_par' dir='ltr' id='par_1_112' title="bbox 1906 5467 2826 5540">
     <span class='ocr_line' id='line_1_112' title="bbox 1906 5467 2826 5540; baseline 0.002 -20"><span class='ocrx_word' id='word_1_857' title='bbox 1906 5467 2017 5523; x_wconf 80' lang='lat' dir='ltr'><strong>Cod</strong></span> <span class='ocrx_word' id='word_1_858' title='bbox 2067 5484 2393 5530; x_wconf 75' lang='lat' dir='ltr'><strong>nccecuvn.</strong></span> <span class='ocrx_word' id='word_1_859' title='bbox 2426 5485 2482 5524; x_wconf 90' lang='lat' dir='ltr'><strong>n.</strong></span> <span class='ocrx_word' id='word_1_860' title='bbox 2517 5486 2587 5524; x_wconf 77' lang='grc' dir='ltr'><strong>ιι.</strong></span> <span class='ocrx_word' id='word_1_861' title='bbox 2616 5486 2740 5540; x_wconf 83' lang='lat' dir='ltr'><strong>epp.</strong></span> <span class='ocrx_word' id='word_1_862' title='bbox 2777 5471 2826 5522; x_wconf 86' lang='grc'><strong>7.</strong></span> 
     </span>
    </p>
   </div>
   <div class='ocr_carea' id='block_1_113' title="bbox 1907 5560 3407 5632">
    <p class='ocr_par' dir='ltr' id='par_1_113' title="bbox 1907 5560 3407 5632">
     <span class='ocr_line' id='line_1_113' title="bbox 1907 5560 3407 5632; baseline 0.003 -16"><span class='ocrx_word' id='word_1_863' title='bbox 1907 5561 2041 5616; x_wconf 78' lang='lat' dir='ltr'><strong>Cod.</strong></span> <span class='ocrx_word' id='word_1_864' title='bbox 2073 5568 2282 5624; x_wconf 69' lang='lat' dir='ltr'><strong>necux,</strong></span> <span class='ocrx_word' id='word_1_865' title='bbox 2315 5560 2500 5616; x_wconf 88' lang='lat' dir='ltr'><strong>lsidori</strong></span> <span class='ocrx_word' id='word_1_866' title='bbox 2535 5561 2898 5632; x_wconf 79' lang='lat' dir='ltr'><strong>fragmentum</strong></span> <span class='ocrx_word' id='word_1_867' title='bbox 2943 5567 3009 5619; x_wconf 91' lang='lat' dir='ltr'><strong>de</strong></span> <span class='ocrx_word' id='word_1_868' title='bbox 3057 5563 3213 5619; x_wconf 90' lang='lat' dir='ltr'><strong>libris</strong></span> <span class='ocrx_word' id='word_1_869' title='bbox 3260 5579 3407 5620; x_wconf 81' lang='lat' dir='ltr'><strong>cano</strong></span> 
     </span>
    </p>
   </div>
   <div class='ocr_carea' id='block_1_114' title="bbox 1837 5655 3436 5726">
    <p class='ocr_par' dir='ltr' id='par_1_114' title="bbox 1837 5655 3436 5726">
     <span class='ocr_line' id='line_1_114' title="bbox 1837 5655 3436 5726; baseline 0.003 -16"><span class='ocrx_word' id='word_1_870' title='bbox 1837 5656 1992 5711; x_wconf 84' lang='lat' dir='ltr'><strong>nicis.</strong></span> <span class='ocrx_word' id='word_1_871' title='bbox 2053 5655 2120 5710; x_wconf 83' lang='lat' dir='ltr'><strong>cf.</strong></span> <span class='ocrx_word' id='word_1_872' title='bbox 2162 5655 2444 5726; x_wconf 72' lang='lat' dir='ltr'><strong>Appendix</strong></span> <span class='ocrx_word' id='word_1_873' title='bbox 2476 5655 2544 5711; x_wconf 88' lang='lat' dir='ltr'><strong>ad</strong></span> <span class='ocrx_word' id='word_1_874' title='bbox 2580 5655 2930 5712; x_wconf 79' lang='lat' dir='ltr'><strong>Catal.cunn.</strong></span> <span class='ocrx_word' id='word_1_875' title='bbox 2987 5657 3159 5713; x_wconf 79' lang='lat' dir='ltr'><strong>Paris.</strong></span> <span class='ocrx_word' id='word_1_876' title='bbox 3214 5658 3324 5712; x_wconf 86' lang='lat' dir='ltr'><strong>vol.</strong></span> <span class='ocrx_word' id='word_1_877' title='bbox 3372 5671 3436 5725; x_wconf 81' lang='lat' dir='ltr'><strong>tt.</strong></span> 
     </span>
    </p>
   </div>
   <div class='ocr_carea' id='block_1_115' title="bbox 1838 5750 2052 5820">
    <p class='ocr_par' dir='ltr' id='par_1_115' title="bbox 1838 5750 2052 5820">
     <span class='ocr_line' id='line_1_115' title="bbox 1838 5750 2052 5820; baseline -0.005 -18"><span class='ocrx_word' id='word_1_878' title='bbox 1838 5765 1891 5820; x_wconf 92' lang='lat' dir='ltr'><strong>p.</strong></span> <span class='ocrx_word' id='word_1_879' title='bbox 1927 5750 2052 5804; x_wconf 83' lang='lat' dir='ltr'><strong>til9.</strong></span> 
     </span>
    </p>
   </div>
   <div class='ocr_carea' id='block_1_116' title="bbox 1908 5842 3224 5916">
    <p class='ocr_par' dir='ltr' id='par_1_116' title="bbox 1908 5842 3224 5916">
     <span class='ocr_line' id='line_1_116' title="bbox 1908 5842 3224 5916; baseline 0.001 -17"><span class='ocrx_word' id='word_1_880' title='bbox 1908 5843 2041 5900; x_wconf 78' lang='lat' dir='ltr'><strong>Cod.</strong></span> <span class='ocrx_word' id='word_1_881' title='bbox 2079 5857 2378 5910; x_wconf 75' lang='lat' dir='ltr'><strong>ucccuxn,</strong></span> <span class='ocrx_word' id='word_1_882' title='bbox 2415 5860 2467 5898; x_wconf 93' lang='lat' dir='ltr'><strong>n.</strong></span> <span class='ocrx_word' id='word_1_883' title='bbox 2503 5842 2593 5910; x_wconf 61' lang='grc' dir='ltr'><strong>ρει,</strong></span> <span class='ocrx_word' id='word_1_884' title='bbox 2623 5858 2709 5914; x_wconf 86' lang='lat' dir='ltr'><strong>ep.</strong></span> <span class='ocrx_word' id='word_1_885' title='bbox 2749 5845 2798 5909; x_wconf 75' lang='lat'><strong>5,</strong></span> <span class='ocrx_word' id='word_1_886' title='bbox 2831 5860 2885 5898; x_wconf 92' lang='lat' dir='ltr'><strong>n.</strong></span> <span class='ocrx_word' id='word_1_887' title='bbox 2932 5845 3018 5911; x_wconf 79' lang='lat'><strong>33,</strong></span> <span class='ocrx_word' id='word_1_888' title='bbox 3050 5863 3137 5916; x_wconf 82' lang='lat' dir='ltr'><strong>ep.</strong></span> <span class='ocrx_word' id='word_1_889' title='bbox 3176 5846 3224 5900; x_wconf 93' lang='grc'><strong>1.</strong></span> 
     </span>
    </p>
   </div>
  </div>
