3972 6402
537 364 612 434 89
1649 360 2107 429 (ΣΟΜἋΕΝΤΑΤ

2227 362 2325 424 llS
2363 363 2556 424 PARS
2595 360 2708 424 Ill.
3747 349 3828 416 0⁸)

608 477 743 536 Cod.
775 492 1038 555 unum.
1064 497 1120 536 ιι.
1152 479 1207 547 Β,
1234 480 1522 551 epistolam
1554 479 1622 537 ad
1646 478 1867 552 Cyrum.

537 571 875 698 ΜἾωιετω
921 589 1042 644 qua
1089 588 1253 645 supra
1297 573 1409 644 jam
1457 571 1742 628 attulimus
1777 570 2106 627 conferenda

1016 759 1229 815 Codices
1261 758 1627 814 Taurinensea.

606 875 786 931 Codex
837 891 1034 939 cum.
1070 874 1165 933 fol.
1202 891 1215 929 ι
1251 908 1313 918 -
1346 875 1440 930 1ο1.
1496 875 1579 931 16.
1612 876 1805 932 Isidori
1837 873 2103 945 eplstolz.

534 995 607 1008 —
638 967 730 1031 Ci.
788 969 946 1022 catal.
1002 983 1155 1023 cono.
1207 968 1371 1038 hujus
1422 968 1552 1024 bibl.
1601 976 1822 1024 auctore
1869 967 2108 1038 Joscpbo

536 1055 731 1113 Pasino
772 1060 879 1114 vol.
913 1059 953 1125 1,
988 1075 1043 1132 p.
1083 1059 1211 1115 259.
1242 1089 1308 1100 —
1349 1058 1654 1116 loutefaic.
1700 1056 1841 1113 Bibl.
1886 1059 2103 1130 bib1."p.

538 1149 697 1227 «sos,
740 1149 780 1205 ε
1460 1202 1463 1205 ,

607 1244 755 1301 idem
794 1244 1242 1307 Montefalconius
1294 1260 1348 1317 p.
1382 1244 1516 1307 1597
1545 1245 1589 1299 Δ
1618 1246 1863 1301 codicem
1895 1254 2107 1301 exstare

540 1338 759 1393 tradidit
790 1326 1483 1413 bacce‘inbililioibecaﬂn
1518 1330 1629 1407 quo
1664 1346 1943 1393 exstarent
1983 1336 2109 1392 Dia-

537 1429 693 1485 docbi
725 1439 779 1483 et
809 1428 999 1482 lsidori
1033 1418 1317 1483 Pelusiot'e
1346 1428 1613 1487 Ascctica.

780 1545 843 1601 In
864 1546 1165 1600 bibliotheca
1190 1548 1489 1607 monamrii
1512 1544 1567 1601 S.
1595 1544 1844 1603 Germani

537 1667 715 1718 exstat
768 1669 904 1727 teste
959 1659 1374 1717 Ιιοιιιώιοοιιιο
1410 1660 1546 1715 -Ιι
1602 1661 1647 1714 l:
1689 1676 1745 1730 p.
1826 1660 2001 1725 1128,
2046 1658 2105 1725 ε,

536 1782 602 1797 -—
630 1740 977 1823 eodenquo
1016 1752 1369 1807 continentur
1420 1752 1455 1809 6
1506 1750 1700 1812 lsidori
1741 1752 1809 1809 ad
1850 1752 2109 1824 Cyrillum

539 1860 667 1917 cPP-
1368 1908 1375 1915 .

1068 1938 1244 1994 Codex
1286 1938 1601 2013 Gudianus.

607 2048 667 2105 ιη
699 2051 1040 2107 bibliothecae
1061 2051 1362 2124 “arguardi
1389 2052 1549 2109 Gudii
1577 2052 1840 2124 catalogo,
1862 2052 1956 2123 qui
1986 2067 2113 2123 pro-

537 2142 647 2197 diit
688 2142 861 2225 Kiioni
935 2136 1110 2225 1708.
1164 2142 1623 2200 commemoratur
1692 2159 1746 2214 p.
1816 2144 1922 2201 545
1973 2146 2113 2203 liber

537 2224 939 2306 anuscriptus
975 2224 1117 2298 in-B,
1165 2234 1220 2290 in
1268 2251 1442 2306 eoque
1476 2235 1785 2306 complures
1825 2236 1920 2291 τοῦ
1956 2236 2111 2306 ἁγίου

550 2326 819 2398 Ἰσιδώρου
845 2327 940 2380 τοῦ
977 2326 1356 2398 Πηλουσιώτον
1405 2327 1649 2397 epistolae
1672 2337 1887 2383 exstare
1920 2328 2114 2385 dican-

537 2429 645 2477 tur.
704 2420 931 2477 Exstant
972 2411 1154 2477 autem
1190 2422 1245 2476 in
1271 2438 1357 2487 eo,
1378 2438 1539 2492 quem
1575 2438 1784 2477 summa
1814 2423 2111 2481 doctissimi

537 2513 721 2570 liberti
756 2514 885 2570 mibi
912 2512 1181 2589 concessit
1214 2515 1530 2581 liberalitas,
1557 2517 1801 2586 epistola:
1816 2526 2045 2589 septem.

606 2604 659 2672 1)
685 2603 805 2659 Lib.
844 2605 883 2668 Ι,
922 2622 1010 2676 ep.
1042 2587 1175 2662 209:
1222 2604 1514 2679 inscriptio
1566 2607 1808 2681 epistolae
1854 2587 2008 2665 deest
2052 2610 2106 2665 in

535 2696 656 2752 cod.
686 2696 802 2751 Lin.
837 2698 886 2751 1.
920 2697 972 2749 εἰ
1004 2714 1055 2774 τι
1091 2697 1297 2767 πλάνης
1338 2684 1525 2767 Quom:
1565 2699 1683 2754 des.
1717 2700 1771 2753 in
1804 2700 1929 2755 cod.
1962 2699 2105 2757 —2.

534 2786 596 2845 Ρ.
624 2788 936 2859 ιισέφρησε,
971 2787 1037 2844 C.‘
1061 2788 1428 2859 lmsstcppqoe
1474 2818 1545 2831 -—
1573 2789 1625 2844 0.
1661 2790 1719 2843 Ρ.
1756 2789 1914 2844 τοῦτο
1958 2791 2105 2857 θεοῦ,

533 2878 598 2935 0.
631 2879 789 2935 τοῦτο
835 2880 932 2934 τοῦ
972 2879 1096 2934 0εοῦ
1147 2910 1217 2924 -
1251 2881 1299 2941 7.
1347 2879 1407 2937 P.
1456 2868 1765 2953 τυγχάνειν,
1800 2882 1863 2939 C.
1902 2884 2104 2955 τυγχάο

534 2988 635 3027 νιι.

600 3064 657 3127 s)
687 3064 802 3119 Lib.
836 3063 878 3132 ι,
907 3078 995 3134 ep.
1028 3063 1152 3119 2:3.

2145 484 2191 539 Α
2290 476 2407 535 Lib.
2455 494 2490 531 ι.
2536 492 2624 548 ep.
2667 478 2722 539 2.
2769 478 2825 539 6.
2862 476 2916 540 9,
2965 475 3046 541 10,
3090 474 3174 538 15,
3220 472 3304 539 14,
3352 472 3439 535 15,
3488 472 3572 535 12,
3620 468 3680 535 8,
3722 470 3822 534 ξιτ,

2212 571 2302 632 51.
2347 570 2437 630 58.
2482 570 2570 632 41,
2619 569 2707 634 42,
2756 569 2844 629 44.
2885 567 2972 630 40,
3018 566 3138 632 108,
3181 564 3269 627 47.
3311 564 3398 627 49,
3441 562 3533 627 62.
3576 562 3676 625 77.
3724 561 3819 623 80.

2210 661 2298 724 83.
2342 659 2434 723 89.
2477 661 2566 723 90.
2617 660 2709 725 91,
2763 658 2853 721 92,
2893 656 2981 720 94,
3021 657 3111 716 98.
3154 656 3275 718 101.
3326 654 3452 719 108,
3507 651 3636 717 110.
3692 650 3825 715 115,

2213 753 2336 818 128,
2378 750 2502 817 129,
2545 752 2667 815 150.
2704 750 2826 811 152.
2866 750 2986 812 140,
3029 749 3150 813 142,
3191 746 3313 809 144,
3352 748 3470 807 140,
3515 740 3643 806 1511,
3692 741 3825 806 149,

2212 844 2335 909 151,
2372 844 2496 909 155,
2531 842 2658 905 284.
2699 841 2820 905 162.
2864 842 2985 903 165.
3026 840 3148 899 164.
3190 837 3310 903 166,
3348 836 3475 898 170,
3518 834 3644 896 179,
3692 832 3825 896 188,

2213 937 2336 1002 186,
2375 935 2499 998 187,
2538 934 2660 1002 189.
2700 932 2821 997 194.
2866 932 2989 997 195,
3030 931 3152 995 197,
3194 931 3313 992 199.
3346 929 3474 991 201,
3512 927 3646 992 215,
3685 926 3825 989 Βο,

2209 1025 2336 1089 225.
2370 1024 2499 1090 σιτ,
2534 1022 2663 1088 228,
2700 1022 2826 1087 251,
2862 1022 2989 1086 25.1,
3021 1020 3149 1084 258,
3179 1019 3307 1083 νου,
3336 1018 3465 1084 266,
3505 1019 3641 1082 214.
3679 1015 3824 1083 276,

2209 1116 2338 1180 2T1.
2369 1115 2495 1181 278,
2530 1114 2657 1180 279,
2693 1112 2819 1177 289,
2853 1114 2986 1177 285.
3014 1113 3141 1175 284.
3176 1112 3305 1176 285,
3342 1111 3471 1173 286.
3508 1110 3642 1173 294.
3682 1109 3801 1166 ωδ

2211 1210 2335 1275 508.
2368 1206 2493 1272 509.
2528 1207 2654 1271 515.
2690 1206 2817 1272 διο,
2853 1207 2976 1267 561.
3015 1206 3139 1269 367,
3177 1205 3305 1269 368.
3342 1204 3467 1267 572.
3508 1202 3643 1269 536,
3680 1202 3824 1265 380.

2211 1302 2339 1365 581,
2376 1301 2503 1366 583.
2535 1298 2659 1365 384,
2695 1298 2818 1364 585,
2853 1298 2979 1366 591,
3016 1296 3143 1363 592,
3179 1296 3303 1362 399.
3340 1295 3467 1360 408,
3505 1294 3642 1361 410,
3678 1295 3823 1360 412,

2212 1393 2338 1458 425,
2366 1390 2492 1455 424,
2522 1387 2649 1453 432.
2678 1387 2805 1453 433,
2836 1388 2960 1451 MO.
2990 1386 3116 1442 495.

2286 1484 2402 1540 Lib.
2435 1500 2497 1539 ιι.
2524 1498 2614 1553 ep.
2647 1481 2737 1545 50,
2771 1480 2858 1546 76,
2890 1478 2980 1543 86.
3019 1479 3141 1543 165,
3181 1479 3302 1545 105,
3330 1478 3459 1539 214.
3489 1476 3622 1532 295.

2280 1577 2402 1634 Lib.
2450 1591 2531 1631 ιιι.
2570 1590 2660 1645 ep.
2701 1572 2793 1636 49.
2829 1572 2919 1635 06.
2961 1571 3051 1638 07,
3088 1571 3178 1637 68,
3219 1571 3306 1637 74,
3344 1568 3468 1634 124,
3508 1567 3636 1631 129,
3678 1567 3817 1633 137.

2216 1669 2339 1734 158.
2368 1668 2489 1730 140.
2522 1667 2648 1732 145,
2681 1665 2804 1733 141,
2836 1664 2959 1725 145.
2989 1662 3111 1727 146,
3143 1661 3266 1718 157.
3542 1710 3547 1713 ς

2288 1761 2356 1834 11)
2393 1759 2576 1816 Codex
2598 1772 2739 1814 sur.
2758 1757 2883 1813 inde
2905 1771 2936 1811 a
2957 1772 3011 1827 p.
3034 1755 3154 1811 196.
3185 1750 3455 1827 Ἰσιδὼρόυ
3480 1752 3574 1806 τοῦ
3601 1752 3824 1822 Πηλου-

2146 1832 2193 1888 B
2217 1832 2412 1909 σιώιέου
2442 1853 2720 1925 ιπιστολὴ,
2748 1868 2870 1924 quc
2896 1853 2976 1908 sic
3005 1852 3199 1923 incipit
3224 1870 3240 1906 :
3272 1852 3433 1905 ἀκοαί
3462 1867 3530 1921 ps
3563 1851 3819 1923 σκληραὶ

2212 1942 2353 2010 ιξιτ.
2384 1973 2456 1988 -
2489 1943 2585 2000 lib.
2626 1958 2665 1998 ι.
2704 1958 2793 2014 ep.
2830 1942 2954 1998 590.
2995 1971 3065 1983 —
3097 1942 3192 1995 τοῦ
3232 1942 3416 1996 αὑτοῦ.
3450 1971 3525 1982 -
3559 1942 3675 1997 inc.
3715 1941 3810 1996 τοι.

2214 2037 2417 2108 μάχαις
2448 2035 2707 2118 χαίροντα
2740 2035 2834 2090 καὶ
2867 2032 3119 2107 θορύϐοις
3151 2033 3490 2105 τερπόμενον
3518 2049 3639 2104 sqq.

2730 2145 2943 2205 Codices
2979 2144 3277 2201 Bodleiui.

2281 2260 2729 2318 Montefalconius
2772 2261 2826 2315 in
2865 2260 3001 2316 Bibl.
3047 2260 3167 2316 bibl.
3216 2275 3271 2331 p.
3318 2259 3425 2315 645
3469 2260 3512 2314 1)
3549 2260 3811 2316 codicem

2215 2369 2368 2410 cxcu
2389 2369 2481 2410 sex
2522 2353 2710 2410 lsidori
2736 2368 2861 2425 epp.
2886 2353 3169 2409 continere
3196 2352 3436 2407 tradidit.
3465 2345 3535 2406 At
3559 2352 3616 2407 in
3643 2363 3809 2409 cata-

2212 2450 2347 2521 legis
2366 2450 2626 2503 librorum
2652 2464 2783 2503 mss.
2809 2448 3013 2519 Anglia
3032 2456 3090 2501 et
3111 2442 3385 2500 Hiberniae
3406 2445 3462 2500 in
3484 2461 3656 2500 unum
3681 2444 3810 2501 col-

2211 2542 2385 2605 lectis.
2411 2543 2502 2612 qui
2534 2542 2850 2612 prodierunt
2878 2538 3281 2601 Omnia-1697.
3311 2538 3455 2592 inter
3477 2552 3617 2607 quos
3645 2548 3773 2593 cata
3794 2567 3810 2577 -

2210 2634 2362 2705 lngus
2400 2634 2740 2688 bibliotheca
2780 2631 3085 2687 Bodleian:
3122 2630 3358 2700 primum
3400 2628 3579 2685 locum
3622 2636 3805 2685 tenet.

2211 2727 2460 2781 traditum
2486 2736 2567 2782 est
2595 2726 2833 2782 codicem
2861 2740 3035 2780 cxcrn
3082 2724 3430 2778 bibliotheca
3452 2721 3810 2778 Bal-occisus

2207 2834 2331 2874 cum
2369 2817 2659 2874 Bodleiana
2694 2818 3001 2888 conjunctae
3034 2815 3317 2872 continere
3353 2812 3482 2869 Isid.
3517 2812 3635 2869 Pet.
3665 2826 3803 2883 ουρ.

2208 2914 2242 2970 6
2268 2926 2325 2970 et
2350 2916 2568 2985 quidem
2600 2933 2612 2968 :

2279 2980 2398 3063 Lib.
2431 3024 2467 3062 ι.
2497 3022 2585 3077 ep.
2612 3005 2736 3072 διε,
2763 2980 3009 3078 ομιδδ,
3034 3019 3127 3074 ep.
3151 3002 3278 3066 539,
3306 3017 3395 3072 ep.
3431 3000 3553 3068 153,
3578 3014 3672 3071 ep.
3701 2996 3803 3066 ετ.

2210 3115 2297 3170 ορ.
2333 3100 2455 3154 131.

603 3156 659 3226 5)
690 3150 806 3212 Lib.
840 3156 881 3222 1,
909 3172 996 3227 cp.
1028 3156 1154 3211 211.
1190 3155 1249 3211 P.
1275 3157 1528 3228 Δομιτίῳ,
1550 3156 1615 3213 C.
1645 3158 1905 3229 Δομετίῳ.
1931 3160 2105 3217 Cmtc-

2227 3150 2489 3246 libr—ainde
2548 3192 2603 3245 in
2659 3188 2847 3246 codice
2903 3202 3066 3243 cum
3154 3194 3370 3243 exstant
3423 3184 3613 3241 lsidori
3665 3196 3803 3257 epp.

533 3263 655 3306 rum
681 3264 769 3320 ep.
818 3250 982 3304 inscr.
1014 3246 1181 3304 deest
1222 3249 1275 3303 in
1328 3250 1449 3305 cod.
1504 3249 1598 3305 lin.
1639 3252 1689 3305 L
1742 3252 1803 3305 τὸ
1836 3253 1991 3307 deest
2046 3254 2104 3307 in

534 3340 654 3396 cod.
684 3369 751 3382 —-
779 3340 829 3394 4.
865 3339 925 3394 1³.
952 3340 1249 3403 εὐτέλειαν,
1277 3338 1339 3396 C.
1376 3342 1643 3398 ἀτέλειαν.
1662 3371 1729 3383 -
1762 3343 1812 3398 5.
1835 3342 1894 3398 P.
1920 3346 2103 3413 φεῖσα,

534 3432 599 3488 C.
629 3434 869 3501 ἀφεῖσαι.
891 3463 961 3473 -
990 3434 1041 3489 8.
1071 3434 1201 3504 ἡμῖν
1221 3433 1377 3489 deest
1411 3434 1463 3487 in
1483 3435 1606 3488 cod.

605 3523 658 3592 4)
690 3524 805 3579 Lib.
830 3525 873 3589 1,
896 3541 982 3595 ep.
1009 3526 1136 3582 215.
1165 3527 1447 3598 Inscriptio
1467 3528 1620 3583 deest
1655 3530 1708 3583 in
1744 3530 1865 3585 cod.
1903 3530 2023 3585 Lin.
2048 3530 2082 3585 2

536 3614 597 3673 Ρ.
624 3617 942 3689 ιφαρμόζει,
983 3618 1044 3674 C.
1090 3620 1424 3692 ἁτραρμόζει.
1448 3650 1518 3661 -
1542 3608 1595 3675 9.
1636 3619 1698 3675 Ρ.
1730 3621 1849 3692 μετ’
1901 3622 2103 3691 αὐτῶν,

535 3711 577 3767 C
632 3713 837 3781 μὴν-

604 3804 659 3871 5)
697 3804 811 3859 Lib.
846 3805 889 3877 ι.
924 3821 1011 3876 ep.
1037 3806 1161 3861 216.
1205 3808 1413 3879 Ζήνωνι
1446 3792 1817 3881 πρεσσυτίνῳ
1853 3810 2007 3865 deest
2052 3810 2105 3863 in

537 3896 657 3950 cod.
690 3896 807 3949 Lin.
829 3897 881 3950 6.
903 3896 963 3951 P.
982 3900 1075 3952 καὶ
1097 3901 1319 3965 ὲκεῐνος,
1340 3899 1400 3955 C.
1423 3902 1693 3965 κάκεῖνος.
1716 3930 1771 3942 -
1790 3903 1843 3958 9.
1874 3900 1930 3958 Ρ.
1956 3902 2108 3970 ἐλεγ-

536 4005 650 4059 χον,
674 3973 735 4044 C.
770 3989 848 4051 εἰς
881 3988 1118 4059 Deum.
1206 4050 1207 4053 η

606 4081 660 4135 6.
693 4080 810 4135 Lib.
844 4080 884 4145 Ι,
919 4096 1003 4151 ep.
1032 4082 1157 4136 217.
1205 4079 1265 4136 Ρ.
1315 4082 1393 4153 τῷ
1424 4082 1594 4161 αὐτῷ,
1630 4083 1694 4139 C.
1728 4086 1955 4156 Ζήνωνι.
1986 4085 2105 4140 Lin.

543 4173 593 4228 1.
622 4173 669 4225 ei
698 4173 849 4227 deest
878 4173 934 4225 in
966 4173 1089 4228 cod.
1132 4205 1201 4215 —
1246 4176 1296 4229 1.
1326 4175 1394 4228 τὰ
1419 4176 1574 4231 deest
1606 4176 1659 4229 in
1708 4177 1829 4232 cod.
1858 4207 1930 4218 —
1959 4178 2012 4232 2.
2042 4179 2111 4231 τὰ

540 4263 692 4319 deest
717 4263 770 4318 in
796 4263 915 4319 cod.
938 4294 1008 4305 -—
1035 4266 1089 4318 ὃ.
1117 4262 1176 4319 Ρ.
1208 4266 1593 4337 ὑπεραίροντα,
1613 4268 1675 4323 C.
1708 4270 2108 4339 ὑπιραίρονταυ

542 4355 678 4416 (fors
719 4356 1030 4428 ὑπεραίρων
1067 4356 1282 4427 ταῦτα).
1316 4388 1388 4399 -
1414 4360 1466 4414 5.
1490 4358 1551 4414 P.
1576 4359 1743 4425 ἔλεος,
1777 4361 1837 4419 C.
1869 4359 2111 4415 ἔλεον.-

542 4446 595 4501 5.
622 4445 679 4502 P.
700 4447 870 4519 παρὰ,
898 4446 961 4502 C.
982 4447 1126 4520 περι.

2210 3286 2549 3435 256ἒαιιιιιιιιιι
2588 3379 2935 3451 reperiuntur
2968 3375 3157 3432 lsidori
3200 3374 3342 3432 dicta
3380 3374 3438 3430 in
3475 3374 3599 3431 cod.
3638 3388 3691 3427 ν.
3728 3401 3807 3414 -

2212 3473 2331 3529 cod.
2362 3490 2536 3527 ιιιινι.
2567 3502 2634 3515 --
2660 3472 2781 3527 cod.
2810 3486 2961 3527 ccxc.
2990 3485 3044 3524 ιι.
3080 3467 3166 3524 19.
3197 3502 3262 3515 --
3292 3468 3414 3526 cod.
3444 3482 3615 3524 θεῖσι.
3645 3482 3705 3522 ιι.
3738 3462 3802 3523 5.

2210 3600 2280 3612 —
2304 3569 2426 3627 cod.
2454 3583 2605 3625 scex.
2633 3584 2690 3622 ιι.
2718 3568 2774 3623 2.

2747 3679 2919 3737 Codex
2960 3679 3251 3735 Weilensis.
3364 3694 3367 3695 '

2283 3776 2343 3830 ιιι
2373 3776 2543 3830 altero
2571 3774 2938 3845 catalogorum
2968 3774 3184 3828 illorum
3213 3774 3518 3839 volumine,
3550 3772 3699 3843 quod
3731 3772 3807 3827 1i-

2213 3868 2434 3923 brorum
2476 3882 2607 3921 mss.
2647 3867 2999 3935 ecclesiarum
3039 3867 3430 3921 cathedraiium
3472 3874 3529 3921 et
3566 3865 3805 3920 aliarum

2215 3959 2508 4013 celebrium
2543 3959 2997 4014 bibliothecarum
3033 3962 3280 4016 continet
3313 3959 3607 4030 catalogos.
3642 3974 3805 4014 com-

2215 4061 2546 4106 memoratur
2565 4067 2619 4121 p.
2645 4052 2766 4116 104,
2788 4068 2844 4105 ιι.
2870 4051 3030 4118 4034,
3052 4052 3219 4107 codex
3246 4052 3490 4107 ecclesiae
3504 4051 3809 4108 Wellensil

2217 4143 2454 4205 in-folio,
2486 4144 2538 4197 in
2570 4158 2679 4213 quo
2706 4153 2918 4199 exstare
2947 4145 3203 4199 dicuntur
3230 4143 3418 4199 lsidori
3451 4144 3563 4199 [νει.
3592 4160 3722 4215 epp.

2750 4254 2925 4309 Codex
2962 4255 3266 4309 Nonianus.

2288 4343 2429 4398 Inter
2467 4360 2671 4415 graecos
2714 4346 2948 4411 codices,
2989 4348 3079 4413 qui
3121 4349 3259 4415 apud
3298 4346 3498 4401 Nanios
3537 4345 3806 4415 patricios

2218 4430 2454 4488 Venetos
2483 4445 2846 4497 asservantur,
2877 4440 3072 4499 exstat,
3102 4446 3161 4490 ut
3188 4453 3253 4491 ex
3286 4438 3497 4491 illorum
3528 4436 3801 4509 catalogo,

611 4538 663 4609 7)
696 4510 815 4594 Lib.
848 4510 888 4605 1,
929 4555 1017 4608 ep.
1048 4510 1137 4593 ‘51.
1179 4538 1236 4594 1n
1256 4540 1380 4595 cod.
1403 4542 1642 4611 “epistola
1666 4544 1815 4597 omni
1847 4553 1997 4598 caret
2027 4546 2107 4597 in-

2227 4524 2306 4594 qui
2342 4525 2541 4594 prodiit
2569 4524 2825 4581 Bononiae
2859 4526 3015 4587 1781.
3045 4527 3232 4581 videre
3262 4528 3391 4582 licet
3428 4545 3443 4583 :

542 4628 857 4698 scriptione.
914 4628 1009 4681 lin.
1063 4629 1118 4683 '5.
1168 4629 1227 4683 ὲν
1280 4629 1488 4697 ὀλίγαις
1540 4629 1709 4701 ὥραις
1748 4632 1846 4703 τὴν
1894 4632 2111 4687 αἰώνιον

544 4718 721 4790 ιαυτῷ
768 4719 1193 4785 κατασκευάζων
1246 4721 1465 4775 κόλασιν
1513 4722 1629 4777 des.
1678 4724 1732 4777 in
1781 4725 1902 4779 cod.
1949 4754 2019 4766 ——
2057 4725 2108 4779 4.

544 4812 723 4866 πᾶσαν
752 4812 905 4867 deest
931 4812 986 4865 in
1013 4812 1132 4866 cod.
1154 4838 1215 4851 --
1255 4812 1700 4885 5..πολύτρεπτον
1730 4816 1883 4871 deest
1909 4818 1964 4871 in
1990 4818 2110 4872 cod.

418 4898 421 4901 ’
542 4933 613 4947 -
639 4902 691 4959 6.
730 4904 927 4975 μᾶλλον
964 4904 1116 4959 deest
1141 4906 1193 4958 in
1222 4905 1343 4960 cod.
1380 4935 1447 4945 —
1474 4906 1527 4960 6.
1570 4908 1928 4979 γνωρίζεσθαι
1962 4913 2117 4967 deest

546 4994 602 5053 in
626 4996 748 5053 cod.
782 5027 852 5039 —
880 4998 931 5051 8.
963 4997 1023 5052 P.
1061 4999 1433 5067 τυγχάνουσιν,
1458 4999 1521 5055 C.
1550 5002 1711 5056 εἰσιν.

1042 5110 1250 5167 Codices
1288 5113 1607 5183 Upsatenses.

618 5220 703 5275 Cf.
758 5222 1041 5294 Catalogus
1091 5226 1353 5281 centuriae
1404 5227 1659 5283 librorum
1717 5232 2115 5285 rarissimarum

551 5315 1036 5384 manuscriplorum
1102 5326 1157 5371 ct
1191 5318 1609 5388 impressorum,
1647 5324 1735 5391 qui
1772 5335 2117 5379 asservantur

551 5406 605 5459 in
653 5406 975 5463 bibliotheca
1022 5410 1294 5465 academia
1343 5410 1645 5481 Upsalensi,
1691 5423 1909 5471 auctore
1956 5416 2117 5487 Spar-

552 5496 890 5553 venfeldelio.
944 5500 1151 5569 Upsala:
1198 5503 1353 5558 1706.

626 5588 665 5657 l)
706 5590 884 5646 Codex
930 5610 1075 5660 XLVI,
1120 5596 1244 5651 inde
1285 5613 1315 5652 a
1358 5614 1412 5668 p.
1456 5599 1576 5655 145.
1641 5601 1865 5673 Ἐκλογὴ
1907 5605 1971 5655 ὲκ
2013 5604 2117 5657 τῶν

556 5677 846 5735 ιπιστολῶν
873 5684 1137 5753 Ἰσιδώρου
1162 5685 1253 5738 τοῦ
1281 5688 1673 5757 Πηλουσιὼτου.
1713 5692 1965 5749 Contiltei
2002 5697 2118 5765 epi-

558 5767 721 5826 stolas
751 5772 841 5829 151
880 5780 933 5829 et
962 5774 1173 5844 quidem
1201 5794 1215 5831 :

2280 4614 2460 4670 Codex
2488 4632 2685 4670 cum.
2722 4634 2777 4671 ιι.
2813 4634 2880 4671 Ix.
2916 4619 3008 4688 qui
3043 4619 3234 4673 lsidori
3265 4620 3509 4673 continet
3535 4634 3660 4688 epp.

2282 4706 2547 4759 Caeterum
2582 4708 2655 4761 cf.
2689 4708 2809 4763 cod.
2848 4725 3046 4763 xxxv”.
3096 4726 3149 4778 ιι.
3184 4710 3272 4765 4G.
3306 4740 3377 4751 —-
3410 4709 3532 4766 cod.
3564 4726 3688 4765 us.
3734 4728 3799 4766 ιι.

2215 4813 2285 4849 ιν.
2324 4812 2377 4865 p.
2412 4796 2532 4851 155.
2559 4827 2627 4837 -
2657 4800 2777 4853 cod.
2812 4814 2915 4854 xei.
2951 4816 3007 4853 ιι.
3042 4818 3102 4854 ιι.
3139 4818 3190 4870 p.
3230 4802 3349 4856 180.

2284 4886 2440 4941 Falso
2472 4897 2651 4942 autem
2687 4890 2874 4945 llarles
2908 4893 2973 4946 ad
3012 4893 3165 4947 Fabr.
3200 4894 3333 4947 Bibl.
3366 4912 3445 4963 gr.
3484 4896 3585 4949 vol.
3625 4895 3703 4962 X,
3740 4912 3798 4967 p.

2213 4976 2335 5042 481,
2364 4990 2476 5031 not.
2508 4996 2580 5045 ιιι,
2609 4980 2709 5034 col.
2736 4980 2789 5045 2,
2818 4997 2959 5037 vers.
2984 4983 3075 5037 ﬁn.
3123 4987 3429 5055 complures
3456 4986 3646 5042 Isidori
3674 4991 3799 5059 epi-

2215 5068 2380 5121 stolas
2402 5068 2455 5120 in
2477 5069 2655 5138 aliquo
2678 5071 3015 5129 bibliotheca:
3040 5074 3295 5131 Paullime
3316 5078 3502 5133 codice
3527 5078 3795 5148 Lipsiensi

2214 5166 2425 5213 exstare
2457 5159 2702 5215 aﬂirmat.
2735 5162 2867 5218 Male
2898 5165 3042 5219 enim
3073 5167 3187 5222 haec
3212 5170 3375 5222 verba
3409 5192 3420 5224 :
3456 5189 3473 5221 ι
3512 5169 3705 5225 lsidori
3738 5174 3795 5228 in

2215 5247 2379 5301 libros
2412 5247 2703 5319 Scriptum
2728 5270 2744 5301 ι
2781 5269 2899 5321 qua:
2926 5270 2955 5307 e
2986 5256 3227 5326 catalogo
3256 5258 3593 5313 bibliotheca:
3624 5260 3796 5327 illius.

2215 5354 2245 5392 a
2278 5337 2523 5393 Fellnero
2552 5342 2717 5405 edito,
2749 5342 3193 5400 Monteialconius
3224 5349 3277 5402 in
3309 5365 3461 5403 suam
3494 5349 3632 5403 Bibi.
3663 5352 3792 5408 bibl.

2217 5430 2398 5483 retulit
2421 5460 2488 5470 -
2513 5430 2567 5483 ci
2612 5448 2663 5502 p.
2688 5434 2819 5497 595.
2850 5434 2918 5497 E,
2948 5466 3012 5473 —-
3034 5436 3243 5491 videtur
3267 5440 3613 5496 intellexisse.
3644 5442 3793 5497 Con—
3824 5434 3831 5441 ’

2218 5520 2354 5574 tinet
2382 5520 2524 5574 enim
2555 5522 2751 5585 codex,
2781 5524 2845 5576 de
2872 5540 2979 5592 quo
3005 5524 3283 5582 Fcllnerus
3311 5538 3475 5599 agunt
3501 5541 3555 5583 et
3582 5529 3793 5587 Monte-

2219 5611 2509 5671 falconius.
2561 5617 3048 5671 commentationes
3105 5620 3291 5673 lsidori
3350 5620 3687 5691 Hispalensis
3735 5622 3793 5678 in

2218 5701 2415 5755 multos
2460 5701 2750 5771 Scriptum
2794 5720 2960 5761 satine
3006 5708 3188 5772 libros,
3233 5710 3445 5778 aliaque
3489 5712 3652 5783 hujus
3688 5711 3793 5771 viri

2220 5793 2416 5863 scripta
2449 5792 2843 5864 philosophica.
