3972 6406
67 343 162 413 105
1175 347 1633 412 PROLEGOME

1796 345 1980 409 EDlT.
2017 345 2267 408 PARIS.
3261 343 3364 413 106

63 459 244 515 obrem
274 455 323 514 si
358 464 418 515 te
444 457 615 530 hujus
643 457 824 531 operis
847 458 1042 515 ducem
1069 469 1233 530 atque
1260 459 1540 531 auspicem
1567 458 1814 530 praebere
1843 456 2105 524 volneris,
2163 471 2274 513 non
2314 455 2542 514 dubium
2583 466 2671 514 est
2703 457 2836 530 quin
2883 471 3012 515 eum
3039 473 3205 531 quem
3232 469 3366 534 opto

66 573 380 616 successum
415 570 819 619 consecuturus
845 562 968 619 sim.
995 561 1114 629 Quo
1143 573 1324 619 autem
1357 572 1506 619 tuam
1543 556 1680 618 mihi
1712 561 2154 618 benevolentiam
2186 561 2359 634 magis
2386 561 2694 627 demerear,
2725 563 2962 634 hujusce
2999 563 3204 621 laboris
3248 565 3366 637 pri-

68 666 242 722 mitias
267 666 371 722 tibi
419 665 621 722 dedico
657 676 822 740 atque
865 667 1060 734 oﬂ'ero,
1107 657 1394 733 Isidor-um,
1438 667 1686 740 inquam,
1719 665 2072 733 Pelusiotam,
2115 680 2280 738 quem
2305 665 2511 724 idcirco
2541 666 2780 738 primum
2813 667 3061 725 omnium
3093 669 3150 726 in
3183 669 3364 728 lucem

71 769 280 840 prodire
309 769 486 837 volui,
515 771 662 842 quod
683 785 809 827 eum
845 780 1127 828 auctorem
1156 788 1271 845 prae
1295 772 1512 830 caeteris
1545 770 1785 829 maxime
1825 773 1896 829 ab
1929 773 2189 830 omnibus
2212 775 2398 845 expeti
2426 774 2804 848 cognoverim.
2837 773 2996 844 Quod
3030 777 3077 835 si
3108 777 3216 835 hoc
3239 793 3369 850 mu-

67 888 164 932 nus
192 891 227 931 a
259 884 313 930 te
341 874 588 949 benigne
611 885 905 948 exceptum
933 875 1396 943 animadvertere,
1427 875 1749 934 alacriorem
1777 892 1868 933 me
1890 878 1961 936 ad
1988 879 2262 951 reliquum
2284 895 2426 953 opus
2469 881 2911 953 persequendum
2931 882 3259 941 reddideris.
3288 884 3369 942 τε

67 980 316 1038 autemid
335 996 463 1040 esse
487 981 783 1050 facturum,
813 995 879 1037 ea
907 995 1030 1054 qum
1049 981 1106 1038 in
1136 990 1193 1038 te
1221 993 1308 1039 est
1338 982 1676 1050 humanitas,
1701 991 1763 1038 ut
1786 980 2078 1049 conﬁdam,
2109 981 2292 1038 efficit.
2321 983 2470 1040 Vale.

535 1115 658 1168 Tua
687 1111 1069 1182 Amplitadinis

2445 1244 2780 1301 humillimus
2811 1263 3011 1309 sertas,

2581 1349 2838 1408 Eolnws
2874 1351 3136 1409 MOREL.

104 1563 3364 1598 —.__________________________________________

136 1732 246 1804 Cl.
304 1734 449 1799 viro
509 1735 672 1797 Jano
723 1735 1037 1799 Gaurano
1090 1737 1198 1800 JC.
1259 1744 1321 1800 et
1380 1737 1712 1817 philologo
1778 1739 2310 1818 prmstantissimo
2365 1740 2597 1805 histor.
2654 1741 3011 1822 professori
3073 1743 3303 1820 elect.,

1206 1840 1545 1906 Cunradus
1600 1843 2135 1921 Rmsnsnustus,
2187 1848 2251 1910 S.

149 2029 443 2104 Olympius
469 2030 693 2104 quidem
732 2030 824 2088 ille
853 2029 1068 2099 doctor,
1095 2044 1262 2102 quem
1293 2039 1421 2098 tum,
1451 2029 1549 2086 Vir
1575 2029 1671 2096 cl.,
1699 2028 1896 2087 litteras
1919 2030 2078 2087 nobis
2099 2035 2589 2103 commendabant,
2621 2038 2690 2095 ad
2719 2055 2824 2097 nos
2850 2042 3036 2103 nullus
3063 2044 3238 2103 venit.
3265 2041 3376 2101 Sed

60 2123 392 2181 fasciculum
426 2133 609 2181 tamen
636 2133 785 2182 recte
810 2124 1029 2182 curavit
1047 2122 1405 2196 Norimberga
1432 2138 1529 2194 per
1553 2133 1671 2195 opt.
1703 2122 2236 2182 etolllciosissimum
2264 2138 2514 2185 nostrum
2546 2131 2708 2188 Bern.
2727 2136 3048 2204 pratorium
3079 2153 3228 2210 :quo
3249 2135 3378 2193 resi-

57 2225 227 2288 gnato
283 2225 341 2272 et
387 2233 640 2278 excusso.
673 2221 909 2274 tlhenter
952 2217 1067 2274 vidi
1117 2217 1397 2291 specimen
1450 2217 1902 2290 typographicum
1951 2219 2150 2278 lsidori
2178 2221 2471 2280 Pelusiotae
2503 2226 2634 2294 mei,
2669 2230 2818 2300 quod
2846 2231 3071 2297 misisti,
3101 2249 3215 2288 non
3256 2231 3378 2289 sine

59 2309 384 2366 ostensione
413 2312 555 2382 spei,
587 2311 725 2376 fore,
759 2327 821 2366 ut
850 2313 998 2382 quod
1026 2311 1262 2383 proximi
1290 2311 1522 2384 catalogi
1551 2313 1928 2380 minabantur,
1970 2314 2076 2371 hoc
2118 2315 2342 2372 demum
2395 2321 2700 2376 autumnali
2729 2333 2974 2378 mercatu
3016 2324 3256 2395 scriptor
3284 2325 3378 2379 ille

64 2403 638 2463 Commelinianorum
669 2409 926 2464 comitate
955 2409 1010 2464 in
1039 2408 1217 2471 lucem
1245 2408 1658 2480 reproducatur.
1693 2409 1908 2466 Bonum
1958 2411 2186 2480 factum,
2217 2423 2273 2469 et
2305 2412 2559 2483 feliciter,
2589 2432 2621 2471 a
2645 2418 2833 2475 multis
2867 2420 3027 2476 bonis
3056 2421 3376 2492 superdice-

79 2505 192 2563 tur,
232 2499 349 2554 imo
376 2500 486 2568 jam
518 2514 667 2555 nunc
691 2500 1056 2571 superdicitur
1083 2501 1213 2557 huic
1242 2501 1494 2557 editioni.
1525 2501 1610 2559 Me
1637 2503 1860 2574 quidem
1889 2505 2037 2562 bona
2077 2520 2205 2576 spes
2232 2506 2418 2573 habet,
2453 2523 2576 2563 eam
2605 2524 2719 2564 non
2772 2510 2892 2568 fore
2925 2511 3103 2568 fraudi
3161 2512 3249 2568 his
3280 2515 3378 2583 qui

71 2590 126 2646 in
163 2591 324 2646 illam
353 2601 608 2662 sumptus
650 2591 923 2648 fecerunt.
957 2590 1072 2648 Etsi
1116 2592 1265 2648 enim
1305 2608 1416 2648 non
1441 2601 1527 2649 est
1558 2593 1794 2664 amplius
1846 2595 1904 2650 in
1942 2595 2132 2652 multis
2157 2603 2344 2652 tantus
2368 2597 2678 2654 animorum
2709 2600 2876 2656 ardor
2899 2602 2967 2658 ad
2996 2603 3381 2674 cognoscenda

57 2687 545 2758 comparandaque
569 2689 857 2744 vetustatis
885 2687 1116 2745 erudita
1146 2684 1525 2756 monumenta,
1562 2688 1754 2747 Graeca
1782 2692 2093 2763 praesertim
2134 2691 2280 2764 (sine
2324 2694 2528 2766 quibus
2559 2704 2744 2752 tamen
2775 2697 2950 2754 solide
2975 2699 3176 2756 doctus
3208 2715 3376 2756 nemo

56 2779 222 2839 facile
281 2798 526 2854 unquam
562 2783 815 2855 exstitit).
871 2790 1113 2855 quantus
1172 2783 1229 2838 in
1285 2785 1494 2840 nostris
1552 2785 1873 2843 hominibus
1913 2786 2017 2843 fuit
2069 2803 2299 2845 avorum
2341 2799 2439 2845 aut
2478 2805 2812 2860 proavorum
2861 2804 3188 2850 nostrorum
3236 2812 3378 2858 aevo.

57 2890 181 2932 cum
221 2879 539 2935 litterarum
591 2890 648 2935 et
691 2880 1001 2952 linguarum
1026 2880 1209 2936 studia
1235 2879 1478 2950 primum
1518 2880 1573 2935 in
1603 2880 1898 2938 Germania
1937 2883 2310 2940 excitarentur
2357 2895 2416 2941 et
2464 2886 2726 2942 illustrari
2783 2887 3096 2960 inciperent
3148 2906 3382 2962 magno-

58 2989 176 3028 rum
218 2981 391 3042 atque
416 2972 801 3028 excellentium
827 2972 1071 3027 virorum
1100 2987 1207 3043 qua
1229 2986 1386 3037 voce,
1423 2988 1530 3043 qua
1557 2973 1778 3045 scriptis
1811 2993 1824 3029 :
1859 2984 2041 3031 tamen
2071 2992 2142 3032 ne
2178 2976 2285 3033 hoc
2324 2977 2546 3049 quidem
2571 2979 2837 3036 saeculum
2873 2981 3242 3056 (ὶπευφημεϊν
3270 2987 3382 3060 γὰρ

59 3068 161 3139 χρὴ
203 3068 434 3138 μᾶλλον)
470 3082 641 3137 usque
666 3067 805 3122 adeo
833 3074 918 3122 est
947 3065 1136 3122 infelix
1177 3076 1272 3123 aut
1311 3066 1561 3135 eﬂetum,
1626 3068 1762 3140 quin
1797 3070 1962 3125 etiam
1991 3086 2140 3128 nunc
2167 3072 2366 3128 habeat
2396 3071 2720 3129 Graecorum
2748 3075 3084 3148 scriptorum
3107 3092 3386 3134 amatores

61 3161 355 3225 maximos,
420 3159 684 3231 quidquid
714 3159 876 3231 vulgo
896 3159 964 3215 de
985 3159 1073 3214 his
1103 3159 1372 3225 videatur,
1403 3161 1498 3231 qui
1527 3161 1615 3217 vel
1646 3161 1716 3216 ad
1757 3161 1991 3242 lucrum,
2025 3164 2110 3219 vel
2141 3163 2209 3220 ad
2231 3164 2581 3220 ambitiosam
2612 3167 3047 3224 ostentationem
3081 3185 3182 3226 sua
3213 3170 3387 3227 refert

60 3254 276 3318 omnia,
303 3268 537 3324 quaeque
558 3253 626 3308 ad
663 3255 858 3308 horum
879 3253 1201 3309 alterutrum
1228 3253 1550 3310 conducunt
1571 3271 1787 3325 parum,
1813 3255 1869 3310 in
1900 3255 2007 3312 illis
2038 3256 2203 3312 studii
2234 3257 2391 3328 ponit
2423 3258 2584 3313 nihil.
2616 3257 3112 3317 Verumenintvero
3133 3263 3269 3318 tales
3290 3278 3386 3337 qui

61 3363 210 3418 sunt,
229 3352 458 3422 quando
487 3351 565 3406 illi
585 3367 686 3406 nos
701 3366 825 3406 cum
851 3350 1049 3405 talibus
1071 3349 1267 3406 studiis
1287 3367 1478 3421 parum
1497 3360 1691 3407 curant
1710 3361 1804 3407 aut
1819 3360 2122 3418 morantur,
2142 3368 2243 3409 nos
2258 3369 2478 3425 quoque
2500 3355 2652 3426 ipsos
2673 3372 2870 3428 parum
2892 3356 3253 3423 morabimur.
3271 3360 3386 3415 ἀλλ’

61 3449 223 3518 ἡμεῖς
251 3449 443 3513 αὐτοῖς
488 3448 548 3501 οὐ
597 3446 1004 3519 διαμειψόμεθα
1053 3447 1149 3516 τῆς
1203 3446 1406 3518 ἀρετῆς
1454 3446 1548 3501 τὸν
1587 3465 1629 3500 π

1817 3467 1843 3512 ν,
1901 3457 1962 3503 ιιι
1994 3447 2160 3504 Solon
2191 3449 2432 3504 cecinit:
2459 3465 2529 3506 ac
2559 3452 2743 3522 potius
2773 3463 2891 3509 tum
2925 3453 2994 3508 ad
3039 3455 3385 3511 honestatem

63 3542 506 3613 dignitatemque
541 3541 773 3596 istarum
795 3539 1124 3599 litterarum.
1159 3549 1272 3594 tum
1303 3539 1368 3595 ad
1404 3541 1676 3610 majorum
1716 3541 1966 3612 exempla
1992 3583 2006 3606 ,
2037 3550 2094 3596 et
2127 3541 2370 3612 priscum
2403 3541 2578 3608 illum,
2613 3559 2778 3614 quem
2808 3545 2942 3611 dixi,
2975 3547 3226 3602 ardorem
3261 3541 3388 3602 ani-

63 3653 307 3702 morum,
339 3652 453 3708 quo
493 3636 594 3706 ipsi
626 3650 754 3706 erga
795 3651 892 3691 eas
927 3635 1241 3706 flagrarunt,
1272 3645 1506 3705 utroque
1532 3636 1693 3692 oculo
1728 3635 2108 3707 respiciemus.
2144 3635 2359 3691 Recens
2388 3635 2501 3703 jam
2542 3653 2664 3692 sum
2699 3654 2729 3692 a
2760 3639 2997 3695 lectione
3030 3641 3385 3710 epistularum

63 3733 297 3791 Joannis
323 3728 645 3796 Rencblini,
677 3743 814 3800 quas
843 3728 898 3782 in
923 3727 1258 3783 bibliotheca
1289 3727 1542 3784 Bilibaldi
1580 3728 1944 3799 Pirckeymeri
1988 3744 2082 3800 per
2115 3729 2279 3784 hasce
2309 3726 2475 3785 ferias
2506 3728 2880 3801 Norimbergae
2907 3731 3052 3801 apud
3092 3733 3384 3802 patricium

63 3827 246 3883 vit-nm
281 3823 552 3878 Joannem
602 3819 704 3874 lm.
739 3817 979 3880 Holium,
1014 3818 1158 3874 illius
1195 3829 1580 3890 pronepotem,
1623 3819 1810 3874 inveni
1855 3820 2188 3891 complures.
2221 3820 2467 3876 Narrabo
2513 3822 2629 3886 tibi,
2665 3823 2735 3876 mi
2773 3821 3008 3878 Grutere
3031 3867 3045 3888 ,
3080 3827 3167 3880 vel
3202 3829 3386 3897 potius

63 3900 534 3975 adolescentibus,
563 3912 609 3967 si
642 3909 736 3980 qui
765 3910 882 3965 haec
913 3919 1008 3965 tuo
1037 3909 1310 3966 beneficio
1340 3921 1607 3981 praeterea
1647 3910 1790 3966 forte
1823 3911 2018 3967 lecturi
2047 3922 2213 3978 sunt,
2255 3922 2315 3969 ut
2343 3915 2654 3985 exemplum
2694 3915 2822 3970 inde
2855 3917 3074 3985 capiant
3099 3957 3114 3980 ,
3146 3919 3276 3990 quid
3327 3921 3382 3975 in

64 4031 258 4072 earum
297 4027 409 4067 una
443 4021 605 4080 atque
635 4009 807 4063 altera
839 4017 1120 4080 repertum
1171 4007 1244 4063 sit
1294 4007 1450 4063 mihi.
1488 4007 1694 4064 Scribit
1739 4008 2082 4066 Reuchliuus
2138 4011 2424 4083 Anglopoli
2483 4012 2585 4082 (sic
2616 4020 2774 4066 vocat
2832 4011 3242 4083 lngolstadium,
3275 4032 3384 4085 quo

67 4105 388 4179 Stntgardia
422 4103 494 4157 ob
524 4112 706 4156 motus
740 4099 1005 4155 Suevicos
1032 4116 1062 4154 a
1099 4101 1333 4155 summis
1381 4100 1688 4156 honoribus
1718 4101 1910 4157 aulicis
1955 4111 2151 4173 sponte
2183 4105 2493 4159 exsulatum
2538 4104 2778 4174 juverat)
2805 4119 2952 4158 anno
2983 4121 3123 4160 onx
3153 4107 3221 4160 ad
3255 4107 3384 4161 Bili-

66 4199 291 4256 baldum
331 4198 486 4252 illum
506 4237 520 4258 ,
552 4210 714 4266 quem
743 4195 852 4248 dixi
876 4235 890 4256 ,
918 4193 1222 4263 principem
1253 4193 1432 4247 virum
1464 4201 1520 4248 et
1547 4194 1600 4248 in
1627 4193 1938 4250 litterarum
1967 4197 2376 4251 reconditarum
2405 4198 2636 4250 scientia
2660 4239 2674 4262 ,
2707 4197 3046 4268 omninoque
3073 4198 3380 4254 multorum

65 4297 329 4366 opinione
359 4294 624 4364 majorem
645 4333 660 4355 ,
690 4290 759 4346 de
786 4307 884 4365 sua
908 4291 1219 4361 linguarum
1254 4289 1633 4360 professione,
1668 4307 1831 4361 quam
1869 4292 1922 4344 in
1967 4292 2056 4347 illa
2086 4293 2442 4349 celeberrima
2479 4293 2631 4348 acad.
2658 4293 2815 4348 ducis
2845 4293 3090 4352 Bavarim
3128 4295 3382 4352 Gulielmi

68 4388 334 4460 auspiciis
375 4400 429 4440 et
463 4386 694 4440 honesto
729 4383 1007 4454 stipendio
1040 4384 1264 4455 publico
1294 4384 1609 4439 instituerat
1637 4385 1936 4457 geminam,
1969 4401 2132 4456 quam
2165 4386 2426 4458 frequens
2459 4387 2659 4443 habeat
2695 4388 3046 4444 auditorium.
3094 4389 3200 4446 Sed
3225 4391 3383 4460 juvat

70 4481 166 4537 hoc
200 4482 501 4550 ipsiusmet
531 4477 712 4533 verbis
745 4493 1098 4550 cognoscere,
1135 4493 1258 4548 quae
1289 4479 1520 4549 proinde
1557 4494 1622 4533 ex
1653 4480 1997 4550 autographo
2029 4479 2154 4536 ﬁdei
2194 4496 2360 4536 causa
2406 4480 2693 4551 subjiciam
2721 4521 2734 4543 ,
2769 4491 3042 4551 quatenus
3069 4482 3178 4538 huc
3207 4484 3380 4553 perti-

71 4587 220 4629 nent.
265 4572 524 4640 Quando,
557 4572 756 4640 inquit,
784 4587 870 4627 me
895 4587 1047 4627 nunc
1084 4572 1190 4627 isto
1224 4588 1371 4627 anno
1412 4572 1832 4628 elementariqu
1870 4573 2057 4628 effecit
2092 4573 2354 4628 δέσποινα
2384 4573 2521 4645 τύχη
2544 4616 2557 4635 .
2591 4575 2837 4644 quotidie
2865 4575 2932 4630 de
2962 4577 3161 4631 throno
3187 4577 3384 4632 docto-

71 4682 210 4726 rum.
248 4664 530 4736 frequenti
554 4663 853 4723 auditorio.
891 4663 1108 4733 publice
1143 4664 1524 4734 prrclegendus
1547 4673 1630 4720 est
1665 4680 1695 4718 a
1723 4679 1810 4719 me
1833 4666 1886 4718 in
1916 4665 2098 4736 lingua
2128 4664 2391 4720 llebraica
2421 4682 2583 4721 mane
2614 4665 2749 4722 Rabi
2788 4666 2934 4723 Mose
2970 4667 3174 4727 Kimhi.
3205 4678 3262 4722 et
3285 4684 3383 4722 ve-

72 4762 214 4833 speri
247 4761 304 4813 in
334 4759 522 4828 lingua
552 4756 738 4812 Graeca
765 4754 956 4810 Plutus
981 4755 1368 4826 Aristophanis
1394 4755 1682 4825 discipulis
1714 4756 1978 4810 trecentis
2005 4765 2060 4811 et
2084 4756 2279 4821 multo,
2320 4757 2567 4826 inquam,
2602 4757 2746 4826 plus.
2779 4757 2934 4823 Quod
2961 4757 3110 4823 felix,
3142 4758 3382 4814 faustum

73 4854 533 4922 fortunatumque
585 4850 722 4906 fuat.
750 4849 866 4916 Tu,
905 4851 1025 4905 vale
1074 4850 1329 4916 feliciter,
1356 4859 1413 4905 et
1457 4865 1544 4906 me
1599 4850 1905 4921 principem
1950 4851 2156 4907 Siciliae
2193 4852 2514 4924 Dionysium
2546 4851 2796 4907 Corinthi
2829 4855 3059 4924 puerilia
3091 4855 3381 4911 docentem

67 4959 342 5021 spectato.
376 4947 504 5003 limo
531 4947 639 5010 ille.
669 4946 890 5000 biennio
918 4957 1045 5001 ante
1082 4947 1302 5001 beatum
1337 4947 1462 5001 vita:
1509 4963 1835 5002 arumnosas
1894 4948 2056 5002 simul
2119 4957 2175 5002 et
2229 4947 2478 5019 gloriosae
2512 4949 2740 5013 exitum,
2775 4958 2935 5003 {etate
2968 4949 3052 5003 vir
3079 4949 3281 5020 gravis,
3328 4951 3382 5002 iu

65 5048 238 5102 rebus
280 5044 469 5098 arduis
505 5052 764 5112 spectata
801 5041 922 5098 fidei
952 5083 966 5106 ,
1004 5044 1442 5114 auctoritateque
1484 5055 1753 5114 praestans
1775 5088 1787 5107 ,
1821 5046 1884 5098 ad
1919 5047 2158 5100 amicum
2184 5085 2200 5110 ,
2244 5061 2353 5117 quo
2383 5047 2647 5115 majorem
2686 5055 2816 5100 tunc
2850 5046 3224 5116 Norimberga:
3273 5063 3385 5099 nou

66 5145 334 5204 habebat,
364 5141 452 5193 cui
479 5139 662 5195 omnia
694 5155 791 5194 sua
818 5139 1045 5194 minima
1071 5140 1305 5194 maxima
1336 5140 1724 5206 concredehat,
1747 5157 1964 5211 quoque
1987 5141 2282 5212 plurimum
2308 5141 2585 5206 utebatur,
2615 5141 2683 5194 de
2718 5141 2993 5196 auditorio
3020 5157 3140 5205 suo,
3176 5150 3226 5194 et
3264 5143 3388 5212 qui‘

65 5241 191 5295 dem
223 5239 442 5293 calamo
474 5236 721 5299 minime,
758 5236 899 5291 sicut
928 5236 1228 5300 credimus,
1265 5252 1404 5291 vano
1432 5246 1487 5291 ct
1517 5237 1774 5308 glorioso,
1811 5239 2167 5310 praedicabat.
2195 5237 2330 5304 Quis
2359 5255 2490 5294 vero
2530 5240 2632 5293 hac
2677 5247 3026 5309 tempestate,
3063 5255 3168 5292 non
3207 5240 3384 5293 dicam

70 5349 122 5386 in
171 5332 284 5385 ulla
337 5328 648 5384 Germania:
699 5328 856 5383 acad.
893 5328 986 5383 sed
1022 5330 1191 5384 totius
1225 5329 1456 5400 Europm
1486 5333 1570 5387 vel
1598 5332 1960 5388 celeberrimo
2003 5331 2338 5403 Gymnasio,
2366 5331 2483 5402 ipse
2528 5332 2654 5386 licet
2692 5331 3020 5395 Reuchlino,
3052 5332 3139 5386 cui
3174 5347 3386 5385 summa

73 5427 260 5480 omnia
287 5424 610 5483 tribuimus.
643 5431 702 5476 ut
729 5423 942 5492 parenti
972 5433 1084 5494 opt.
1112 5424 1418 5479 studiorum
1447 5467 1459 5484 ,
1487 5425 1738 5480 doctrina
1779 5427 1953 5480 nihilo
1983 5426 2230 5492 inferior,
2263 5434 2416 5480 tanto
2458 5425 2770 5480 auditorum
2811 5434 2978 5490 coetu,
3019 5425 3129 5480 imo
3157 5423 3241 5478 vel
3287 5423 3384 5478 de-

78 5526 216 5576 cimn
253 5524 376 5590 eius
403 5530 559 5591 parte
590 5519 950 5581 circumfluit,
981 5520 1216 5575 maxime
1244 5522 1333 5591 qui
1372 5523 1441 5575 sit
1474 5522 1527 5575 in
1569 5523 1756 5577 talium
1789 5523 2157 5593 explicatione
2202 5531 2490 5577 auctorum
2523 5531 2579 5576 et
2612 5520 2815 5577 Graecae
2855 5522 3178 5575 litteratum
3215 5518 3388 5574 tradi-

81 5620 229 5673 tione
255 5615 603 5687 nccupatus‘!
640 5613 685 5668 Ο
717 5605 1049 5680 mirandam,
1073 5630 1142 5670 ne
1177 5616 1354 5669 dicam
1396 5617 1788 5682 miserandam,
1831 5627 2164 5689 temporum,
2197 5616 2508 5671 animorum
2561 5625 2617 5671 et
2645 5616 2955 5672 studiorum
3000 5611 3388 5667 commutatio-

85 5717 239 5768 nem!
269 5712 439 5781 Cujus
463 5725 661 5768 causas
690 5709 817 5764 alibi
856 5710 1182 5780 investigare
1213 5710 1399 5766 licebit
1422 5713 1789 5783 opportunius
1817 5728 1879 5768 ac
1901 5709 2321 5768 liberius.Nune
2347 5719 2530 5766 autem
2556 5710 2846 5782 segnitiem
2877 5718 3042 5778 atque
3076 5705 3385 5762 socordiam

89 5816 318 5862 nostram
350 5814 562 5858 tantum
599 5802 887 5872 deplorare
921 5803 1097 5865 liceat,
1134 5804 1176 5857 si
1215 5803 1294 5856 vel
1343 5804 1444 5859 hac
1489 5808 1698 5861 ratione
1737 5808 1790 5860 in
1824 5807 2115 5877 juventute
2141 5814 2351 5870 nostra,
2409 5817 2523 5872 quae
2553 5804 2603 5858 in
2633 5803 2830 5858 litteris
2859 5802 2924 5856 ad
2961 5816 3112 5870 spem
3148 5798 3383 5870 aliquam

322 5902 600 5962 ΡΔτιιοι.
647 5898 765 5957 Gn.
817 5896 1144 5956 LXXVHI.

2973 5897 3004 5954 ’4
