3972 6396
658 376 762 442 107
856 430 861 437 .
1738 350 2294 426 PROLEGOMENA
2332 358 2533 421 EDIT.
2563 357 2805 420 PARIS.
3819 349 3913 416 108

655 489 866 561 reipub.
898 496 952 543 et
988 484 1237 542 Ecclesia
1281 482 1563 545 educatur,
1588 480 1797 549 aliquos
1836 474 2048 547 pristini
2094 471 2303 529 ardoris
2334 471 2602 544 igniculos
2636 469 2984 535 resnscitare,
3013 469 3129 526 sive
3162 479 3221 525 ut
3253 468 3579 528 Grtcorum
3607 469 3909 542 elegantis-

657 584 797 641 simo
830 595 950 639 utar
977 583 1163 645 verbo,
1196 574 1858 649 ἁναζωπυριῐνροισίιιιιισ.
1888 570 1962 626 De
2010 584 2131 625 meo
2172 585 2225 624 cr

2341 569 2469 624 istas
2495 567 2726 631 litteras,
2755 566 2955 637 quibus
2983 564 3294 621 humanitas
3332 566 3518 621 omnis
3567 573 3909 621 continetur.

650 687 841 731 amore
883 683 1147 747 perpetuo
1193 672 1370 728 dicam
1418 670 1653 740 parcius.
1696 663 1923 721 Initum
1956 660 2130 728 volui;
2183 675 2372 732 parum
2406 658 2556 731 potui
2583 657 2650 714 ad
2678 657 2889 725 illarum
2923 656 3364 729 propagationem
3394 656 3681 713 conferre.
3714 656 3913 710 Partim

664 771 811 827 enim
842 769 1043 842 ingenii
1077 778 1133 825 et
1158 764 1480 822 valetudinis
1503 761 1869 826 mediocritas,
1904 759 1988 814 vel
2022 758 2204 829 potius
2232 757 2512 825 utriusque
2544 754 2800 818 tenuitas,
2825 753 3114 809 conatibus
3151 752 3398 808 honestis
3440 752 3689 817 obstitit.
3722 752 3914 821 partim

665 862 982 919 occasiones
1006 859 1316 920 defuerunt,
1345 853 1542 927 partim
1575 848 1807 923 denique
1825 849 1927 905 alia
1958 848 2159 914 studia,
2191 849 2261 904 ab
2306 847 2409 903 illis
2437 861 2546 902 non
2573 860 2764 917 parum
2789 853 2997 900 remota
3024 854 3186 915 atque
3230 859 3420 899 aversa
3470 859 3561 899 me
3596 843 3757 898 velut
3797 844 3915 907 abs-

659 950 1051 1012 traxerunt.-Et
1072 949 1149 1005 rel
1180 948 1260 1004 sic
1286 957 1467 1003 tamen
1485 960 1594 1000 non
1613 944 1840 1016 poenitet
1864 956 2105 1014 prorsus,
2119 950 2381 1012 quantum
2412 940 2503 997 hic
2529 954 2712 1011 opera
2738 937 2921 1009 posui,
2942 937 2986 993 si
3006 953 3115 994 non
3146 946 3200 993 et
3220 952 3402 1008 operae
3418 940 3662 1007 pretium
3698 939 3914 1009 aliquod

657 1047 778 1103 feci.
798 1044 1039 1100 Isidorus
1068 1040 1366 1096 Peiusiotes
1398 1037 1616 1109 quidem
1645 1034 1774 1106 quid
1795 1042 2127 1105 quantumve
2160 1034 2325 1089 nobis
2347 1031 2560 1096 debeat,
2583 1031 2699 1101 ipse
2732 1030 2917 1103 potius
2944 1030 3219 1102 loquatur.
3249 1032 3313 1085 Et
3341 1031 3601 1101 loquetur
3631 1047 3781 1088 sane
3821 1032 3917 1086 hoc

656 1135 832 1205 ipsum
880 1132 1103 1195 diserte,
1134 1132 1178 1187 si
1211 1130 1326 1185 haec
1351 1138 1535 1183 nostra
1565 1126 1734 1181 editio
1763 1140 1887 1180 cum
1922 1123 2163 1181 Parisina
2193 1124 2480 1181 clarissimi
2504 1122 2642 1178 Billii
2670 1120 3002 1179 conferatur.
3034 1123 3190 1179 Dicet
3222 1123 3391 1189 enim,
3426 1139 3485 1179 se
3513 1140 3633 1178 mea
3670 1124 3916 1193 primum

657 1225 990 1298 benignitate
1017 1224 1139 1295 plus
1163 1237 1323 1293 quam
1350 1219 1604 1277 ducentis
1631 1217 1819 1288 viginti
1849 1218 2091 1288 epistolis
2116 1219 2331 1288 prodire
2357 1216 2682 1283 auctiorem;
2708 1215 2880 1291 dicet,
2908 1215 3155 1286 plurimis
3180 1216 3423 1287 priorum
3446 1215 3612 1279 etiam
3644 1214 3917 1269 librorum

655 1316 788 1373 locis
823 1317 1023 1372 iactum
1054 1313 1478 1371 emendatiorem
1525 1319 1685 1381 atque
1716 1309 2092 1379 integrior-em;
2121 1308 2283 1375 dicet,
2312 1309 2762 1381 interpretatione
2796 1308 2987 1364 Latina
3021 1317 3078 1364 et
3121 1308 3267 1364 notis
3300 1323 3519 1379 quoque
3563 1322 3630 1362 ac
3657 1306 3919 1376 perochis

655 1413 926 1468 redditum
949 1410 1250 1483 planiorem
1282 1409 1345 1463 ad
1366 1405 1805 1478 intelligendum;
1832 1402 1995 1468 dicet,
2024 1404 2295 1459 indicibus
2324 1405 2526 1461 nostris
2557 1405 2676 1459 usui
2707 1400 2907 1460 factum
2947 1404 3212 1475 aptiorem
3247 1410 3303 1458 et
3341 1402 3694 1457 habiliorem.
3732 1401 3815 1453 Ac
3853 1414 3917 1453 ne

644 1505 775 1573 quis
811 1520 907 1574 per
931 1518 1032 1558 uos
1056 1518 1151 1558 sua
1174 1501 1332 1557 laude
1366 1508 1421 1555 ct
1448 1497 1616 1570 gloria
1648 1496 2017 1559 deiraudetur,
2054 1484 2154 1550 nec
2184 1496 2256 1550 illi
2300 1496 2385 1551 hic
2427 1499 2686 1553 reticendi
2729 1510 2879 1563 sunt,
2929 1514 3159 1570 quorum
3199 1496 3467 1553 beneﬁcio
3504 1492 3920 1559 manuscriptus

647 1595 745 1653 ille
793 1596 963 1651 codex
1008 1591 1351 1649 bibliothecae
1381 1588 1611 1661 princip.
1649 1586 1840 1642 Bavar.
1889 1587 2088 1641 nostris
2117 1586 2305 1640 usibus
2351 1587 2670 1657 impctratus
2716 1600 2817 1644 est.
2850 1590 2901 1644 id
2940 1600 3000 1644 tu
3036 1590 3272 1660 quidem.
3302 1589 3536 1643 Grutere
3584 1585 3915 1641 clarissime.

651 1689 764 1756 jam
790 1685 951 1749 nosti,
1001 1690 1204 1738 norunt
1238 1681 1401 1737 etiam
1428 1680 1735 1750 complures
1764 1677 1921 1733 amici
1958 1676 2068 1731 alii.
2096 1676 2200 1733 Sed
2243 1679 2460 1747 quando
2502 1680 2613 1735 haec
2643 1681 2891 1751 epistola,
2922 1696 3045 1751 quae
3070 1690 3125 1735 et
3169 1678 3422 1734 amicitia:
3454 1688 3659 1732 nostra:
3692 1685 3755 1731 et
3785 1675 3919 1747 grati

659 1791 783 1848 erga
813 1774 1098 1846 εὐεργέται
1134 1772 1304 1828 animi
1336 1771 1440 1827 mei
1476 1769 1628 1825 testis
1653 1783 1773 1824 esse
1794 1768 1973 1829 debet.
2013 1784 2041 1822 a
2075 1768 2341 1839 pluribus,
2373 1771 2829 1839 quemadmodqu
2882 1788 3061 1843 spero.
3093 1773 3301 1845 legetur
3345 1787 3452 1826 una
3484 1786 3610 1827 cum
3645 1770 3778 1840 ipso
3823 1769 3918 1824 lsi-

653 1868 817 1932 doro;
848 1866 1022 1920 sciant
1057 1864 1131 1919 illi
1165 1878 1399 1934 quoque,
1428 1861 1519 1931 qui
1544 1870 1703 1916 antea
1746 1861 2081 1927 nesciebant,
2116 1861 2259 1932 quod
2286 1878 2381 1918 eos
2410 1864 2551 1920 scire
2585 1866 2810 1921 interest
2845 1883 2979 1921 mea:
3006 1866 3127 1921 ﬁdei
3154 1873 3209 1922 ct
3230 1863 3686 1934 εὐγνωμοσύνης.
3727 1860 3919 1918 deberi

653 1961 811 2015 istius
843 1958 1093 2014 beneﬁcii
1118 1959 1346 2031 gratiam
1376 1957 1508 2013 viris
1538 1957 1839 2028 magniﬁcis
1865 1965 2024 2027 atque
2051 1958 2427 2028 amplissimis,
2458 1958 2638 2017 Marco
2672 1961 2912 2026 Velscro,
2943 1963 3078 2033 reip.
3106 1962 3335 2033 August.
3365 1960 3434 2026 ll,
3466 1960 3609 2023 viro.
3638 1972 3695 2014 et
3718 1957 3917 2013 Joanni

653 2051 884 2123 Georgio
911 2049 1215 2105 Hervuarto
1248 2049 1315 2105 ah
1346 2049 1702 2121 llohenburg,
1734 2048 2055 2104 cancellario
2083 2048 2355 2117 Bavarico,
2392 2054 2483 2123 qui
2513 2064 2571 2110 et
2597 2070 2695 2126 per
2735 2054 2943 2110 litteras
2972 2063 3026 2110 et
3059 2070 3158 2126 per
3187 2054 3547 2123 interpretem
3595 2067 3664 2107 ac
3716 2064 3921 2121 proxe-

650 2153 836 2199 aetam
863 2150 976 2211 Opi.
1009 2157 1071 2197 ac
1101 2141 1402 2213 gratiosiss.
1430 2141 1686 2196 Davidem
1740 2140 2108 2197 Hteschelium
2167 2156 2412 2199 nostrum
2465 2150 2513 2201 a’
2552 2160 2637 2202 me
2688 2146 2856 2217 rogati
2902 2162 3058 2201 usum
3110 2145 3465 2217 pulcherrimi
3498 2143 3649 2198 illius
3680 2142 3915 2199 codicis.

618 2238 812 2307 ‘q:.em
848 2234 1055 2289 Dionaei
1110 2240 1323 2289 exstare
1379 2232 1773 2297 inaudiveram,
1824 2250 1928 2289 non
1960 2234 2203 2290 difficiles
2228 2249 2346 2288 sese
2378 2236 2508 2291 mihi
2544 2236 2913 2306 praebuerunt.
2952 2235 3083 2305 quin
3125 2234 3417 2297 eum,mibi
3450 2234 3519 2288 ab
3550 2234 3824 2289 sereniss.
3868 2240 3921 2287 et

645 2328 860 2383 celsiss.
894 2326 1083 2380 Bavar.
1122 2323 1356 2395 princip.
1388 2323 1763 2392 impetrarent.
1812 2324 2020 2395 μεγάλη
2066 2324 2213 2395 χάρις

2344 2329 2475 2390 τοῖς.
2503 2334 2563 2380 ιιι
2591 2325 2869 2382 Theocriti
2902 2328 3065 2382 verba
3104 2327 3196 2383 hic
3229 2326 3422 2382 iaciam
3459 2322 3601 2381 mea.
3644 2324 3797 2379 Idem
3830 2323 3912 2376 di-

647 2428 800 2475 ctum
826 2417 946 2472 volo
970 2425 1025 2471 et
1060 2414 1383 2486 prothymim
1414 2414 1621 2470 clariss.
1658 2424 1713 2469 et
1738 2415 1980 2471 nobiliss.
2014 2416 2117 2472 viri
2147 2415 2315 2487 Marq.
2352 2417 2571 2473 Freheri
2604 2437 2618 2474 :
2650 2419 2743 2490 qui
2772 2435 2895 2476 cum
2924 2419 3295 2485 intellexisset,
3324 2433 3355 2473 a
3384 2417 3727 2473 mealterum
3752 2417 3919 2471 etiam

643 2511 947 2568 desiderari
978 2510 1255 2580 exemplar
1285 2508 1541 2564 editionis
1560 2506 1842 2574 Parisins,
1868 2511 2377 2580 quod°variantibus
2422 2512 2747 2569 lectionibus
2775 2530 2804 2568 a
2846 2529 2934 2570 me
2983 2515 3443 2570 eouscribillatum
3487 2529 3646 2569 nova:
3681 2514 3919 2584 impres-

649 2604 787 2667 sisui
822 2602 1134 2658 subservire
1169 2600 1417 2670 iuberem
1437 2640 1453 2664 ,
1489 2599 1631 2663 ultro
1665 2598 1740 2663 id,
1770 2614 1874 2670 qua
1910 2610 1993 2656 est
2018 2602 2102 2657 vir
2125 2602 2320 2657 eximia
2351 2603 2710 2675 benignitate,
2741 2604 3056 2675 prolixeque
3088 2606 3220 2660 mihi
3250 2607 3452 2661 obtulit
3488 2591 3657 2676 atque
3686 2621 3919 2660 conces-

645 2696 718 2751 sit
752 2696 941 2779 psihus
970 2693 1125 2748 meis.
1155 2692 1293 2746 Sunt
1321 2691 1486 2746 etiam
1520 2690 1612 2761 qui
1646 2690 1859 2763 signum
1904 2692 2064 2747 nobis
2093 2701 2279 2763 postea
2306 2693 2652 2749 subtuleruut
2685 2695 2752 2751 ad
2783 2695 2923 2751 bene
2949 2697 3279 2766 sperandum
3307 2698 3375 2753 de
3408 2697 3568 2753 novis
3598 2696 3825 2753 auxiliis
3854 2713 3917 2750 ex

650 2786 907 2868 vaticaua
939 2784 1265 2851 bibliotheca
1299 2782 1798 2839 subministrandis.
1830 2780 1906 2838 lbi
1931 2783 2075 2838 enim
2102 2784 2365 2852 plurimas
2407 2787 2569 2840 etiam
2612 2788 2936 2853 ἀνεκδότους
2968 2790 3141 2845 nostri
3172 2790 3412 2846 auctoris
3439 2791 3709 2861 epistolas
3750 2792 3921 2848 latere

642 2870 943 2951 perhibent
966 2878 1256 2944 αὐτόπται,
1278 2891 1383 2932 nec
1410 2892 1604 2933 vanam
1637 2876 1842 2934 faciunt
1869 2878 2050 2933 ﬁdem.
2081 2876 2199 2934 1am
2222 2880 2367 2937 enim
2400 2882 2753 2950 quarumdam
2776 2882 3009 2938 vidimus
3035 2884 3210 2947 initia.
3239 2899 3361 2955 qua
3387 2884 3515 2941 inde
3535 2886 3684 2941 And.
3718 2887 3918 2942 Scitot-

644 2980 760 3032 -tus.
794 2970 877 3024 vir
904 2970 1153 3033 doctiss.,
1187 2968 1255 3024 de
1277 2960 1784 3039 antiquitateomni
1819 2980 1875 3026 et
1908 2971 1976 3026 de
2005 2973 2168 3028 rectis
2197 2973 2391 3028 studiis
2425 2982 2539 3043 opt.
2571 2990 2707 3030 mer.
2768 2976 3075 3047 (notissima
3112 2977 3208 3032 tibi
3239 2978 3495 3049 pradico)
3526 2981 3920 3050 exscripserat.

649 3061 732 3116 lili
759 3076 994 3131 quoque,
1028 3060 1119 3114 ubi
1158 3059 1420 3129 promissa
1452 3059 1824 3131 impleveriut,
1860 3064 1939 3117 uti
1970 3078 2252 3133 speramus
2278 3064 2593 3134 propediem
2627 3064 2886 3130 facturos,
2918 3078 2973 3123 et
3010 3082 3140 3123 vero
3170 3083 3295 3124 cum
3326 3069 3450 3125 ﬁdei
3481 3086 3597 3126 sua
3621 3079 3743 3126 tum
3789 3072 3919 3126 boni

648 3156 849 3227 publici
882 3171 1044 3210 causa
1077 3156 1257 3209 facere
1290 3154 1515 3219 debent.
1549 3154 1731 3215 debita
1773 3156 1929 3213 laude
1957 3158 2237 3229 gratiaque
2271 3159 2498 3215 minime
2524 3158 2940 3217 l‘raudabuutur.
2974 3163 3161 3234 Neque
3208 3164 3353 3235 ipsos
3383 3166 3501 3221 haec
3523 3166 3723 3231 editio,
3757 3183 3919 3237 quam

645 3246 1060 3304 Commeliuiani
1090 3246 1207 3301 sine
1236 3261 1431 3318 magno
1454 3262 1555 3302 suo
1584 3247 1947 3315 incommodo,
1980 3259 2039 3306 ut
2077 3254 2201 3313 scis.
2234 3253 2443 3308 diutius
2486 3253 2711 3310 diil‘erre
2757 3272 2864 3311 non
2910 3267 3225 3327 potuerunt.
3255 3260 3551 3325 retardare,
3589 3262 3690 3316 sed
3738 3264 3921 3332 potius

646 3343 879 3399 invitare
908 3344 1090 3405 debet,
1121 3352 1179 3396 ut
1210 3358 1331 3411 quas
1358 3342 1502 3397 ultro
1531 3344 1861 3423 perbenigpe
1897 3355 2047 3402 sunt
2070 3348 2317 3416 polliciti,
2343 3365 2452 3404 non
2486 3359 2592 3403 tam
2630 3352 2794 3405 nobis
2823 3368 2985 3420 quam
3018 3352 3227 3423 reipub.
3256 3354 3583 3409 Christianae
3610 3370 3921 3425 repraesen-

645 3444 789 3519 tcnt.
816 3434 1064 3504 Accipies
1096 3450 1219 3490 cum
1258 3435 1342 3489 his
1362 3434 1559 3490 litteris
1578 3443 1634 3490 et
1656 3437 1835 3505 operis
1866 3439 2105 3493 universi
2151 3438 2363 3496 titulum
2387 3480 2400 3499 .
2435 3451 2491 3495 et
2520 3442 2725 3512 aliquot
2759 3445 3145 3500 cncomiastica
3181 3448 3376 3515 partim
3402 3447 3645 3502 carmina
3674 3488 3692 3511 ,
3724 3448 3919 3519 partim

646 3513 900 3595 epistolia
932 3524 1200 3579 clarorum
1232 3524 1493 3590 virorum,
1524 3540 1645 3595 quae
1671 3541 1829 3581 suum
1863 3527 1917 3580 in
1945 3527 2121 3583 locum
2157 3530 2225 3584 ab
2248 3532 2427 3599 operis
2452 3535 2851 3605 typographicis
2880 3536 3069 3591 referri
3092 3513 3336 3607 jubehis.

721 3615 930 3671 Caetera
958 3632 1078 3685 quae
1105 3617 1171 3672 ad
1204 3616 1468 3673 lsidorum
1501 3619 1699 3675 idoneo
1727 3621 2194 3679 cohonestandum
2228 3627 2493 3695 prommio
2520 3630 2826 3698 pertinent,
2851 3631 3006 3686 vobis
3034 3648 3181 3688 curre
3208 3644 3390 3689 erunt.
3425 3636 3727 3694 Meministi
3759 3657 3919 3695 nam-

653 3728 761 3784 que
796 3728 961 3767 omne
1016 3712 1354 3783 pontiﬁcium
1384 3716 1825 3787 προσφωνήσιως
1857 3716 2305 3777 Coutmelinianis
2343 3738 2372 3775 a
2405 3738 2493 3777 me
2524 3726 2915 3794 transcriptum
2953 3740 3093 3781 esse.
3125 3726 3310 3783 Errata
3347 3730 3602 3802 colligere
3641 3744 3701 3788 et
3745 3736 3919 3790 corri-

650 3824 780 3882 gere
810 3810 863 3862 in
887 3808 1030 3863 loliis
1063 3810 1415 3877 transmissis,
1446 3826 1756 3882 quanquam
1794 3814 1975 3869 statim
2008 3814 2184 3885 aliqua
2213 3818 2427 3887 agnovi,
2469 3833 2576 3872 non
2602 3818 2836 3885 libebat,
2867 3836 2990 3875 cum
3015 3807 3313 3891 praesertim
3347 3841 3453 3879 non
3489 3830 3675 3883 omnia
3708 3832 3775 3885 ad
3802 3848 3918 3886 ma-

646 3916 785 3958 num
829 3901 1107 3955 haberem.
1147 3902 1331 3971 Itaque
1378 3902 1732 3976 ἀναγνώστης
1764 3916 1818 3961 et
1845 3906 2214 3978 ὲπανορθωτῆς

2345 3932 2351 3964 ι
2383 3910 2619 3966 viderint
2645 3928 2753 3982 quo
2788 3924 2944 3983 pacto
2974 3919 3339 3973 emendentur
3362 3962 3376 3981 .
3410 3930 3466 3975 et
3496 3937 3651 3979 more
3685 3928 3913 3983 solemni

644 3991 722 4047 ad
752 3992 955 4047 calcem
988 3993 1168 4062 operis
1195 3993 1528 4063 rejiciantur.
1550 3994 1664 4053 Nec
1681 3996 1855 4066 plura,
1892 4012 2039 4052 nunc
2062 3999 2282 4068 quidem
2306 4040 2320 4062 ,
2350 4001 2417 4055 tle
2444 4001 2647 4059 lsidoro
2673 4012 2883 4060 nostro.
2916 4006 3152 4062 Tantum
3181 3998 3341 4065 bonis
3362 4012 3555 4066 avibus
3583 4016 3832 4083 prodeat,
3864 4030 3917 4073 et

642 4084 800 4140 bono
831 4085 1049 4155 publico
1077 4086 1282 4155 pariter
1309 4101 1374 4141 ac
1418 4086 1663 4144 Bonutiis
1690 4090 1941 4159 privatim
1978 4093 2147 4161 prosit
2187 4093 2498 4162 plurimum.
2530 4095 2825 4167 Exspectas
2853 4099 3039 4167 procul
3067 4098 3234 4168 dubio
3263 4102 3391 4156 dum
3422 4105 3659 4160 scribam
3696 4112 3913 4163 tandem

660 4174 819 4270 etiam
843 4176 911 4231 de
940 4177 1227 4247 suppetiis,
1261 4192 1398 4248 quas
1427 4179 1496 4234 ad
1526 4189 1710 4234 vetera
1738 4182 2065 4237 numismata
2098 4195 2299 4247 vestra.
2326 4188 2521 4256 quibus
2546 4188 2737 4259 ingens
2762 4189 2891 4246 illud
2921 4201 2975 4246 et
3023 4193 3328 4250 immortale
3378 4211 3518 4266 opus
3554 4200 3913 4270 Antiquarum

655 4268 1053 4359 inscriptionum
1092 4270 1423 4341 locupletare
1472 4274 1714 4343 cogitas,
1744 4275 2034 4345 aliquando
2073 4294 2161 4335 me
2201 4281 2298 4335 tibi
2341 4281 2711 4354 Norimberga:
2748 4296 3165 4353 procuraturum
3194 4291 3439 4359 promisi.
3477 4290 3595 4358 Qua
3642 4268 3715 4351 de
3747 4311 3805 4351 re
3836 4299 3912 4351 sic

656 4358 859 4457 habe-to
884 4360 1045 4457 serio,
1078 4370 1291 4417 exstare
1330 4362 1436 4418 sibi
1469 4362 1610 4457 apud
1645 4362 1795 4417 illum
1825 4381 1987 4435 quem
2022 4383 2185 4437 supra
2222 4370 2435 4424 laudavi
2480 4371 2767 4440 patricium
2808 4375 2983 4427 virum
3018 4358 3336 4431 thesaurum
3368 4380 3595 4436 minime
3630 4384 3909 4457 vulgarem

654 4451 1049 4508 numismatum
1103 4462 1349 4509 veterum
1402 4454 1582 4511 omnis
1638 4457 1853 4527 generis
1906 4457 2279 4540 llchraeorum,
2319 4461 2649 4528 Graecorum,
2679 4464 3013 4533 Latinorum,
3040 4468 3347 4537 consulum,
3374 4487 3686 4540 censorum,
3724 4451 3912 4533 trium-

653 4542 918 4611 virorum,
952 4546 1364 4616 imperatorum,
1395 4547 1707 4615 Caesarum;
1736 4550 1973 4621 denique
2006 4567 2291 4609 aureorum
2312 4595 2327 4617 ,
2356 4552 2732 4627 argenteorum
2753 4598 2767 4620 ,
2799 4573 3093 4615 amcorum.
3126 4561 3372 4631 Cumque
3412 4565 3799 4635 superioribus
3832 4572 3909 4626 ie-

656 4635 754 4726 riis
781 4635 987 4690 nostris
1017 4636 1086 4726 ad
1111 4636 1275 4691 ﬁnem
1305 4639 1659 4710 vergentibus
1689 4642 2096 4716 Norimbergam
2127 4660 2215 4699 me
2250 4648 2601 4701 contulissem
2625 4689 2639 4710 ,
2680 4658 2737 4705 et
2767 4651 2912 4706 ultro
2940 4653 3146 4724 aliquot
3172 4656 3366 4711 diebus
3392 4655 3624 4726 (decem,
3656 4661 3768 4716 nisi
3806 4662 3905 4716 ιδι-

658 4724 762 4795 lor)
794 4739 881 4821 me
904 4725 1056 4796 quasi
1094 4728 1370 4821 captivum
1403 4730 1457 4783 in
1484 4729 1627 4784 illam
1663 4731 2137 4790 instructissimam
2194 4735 2578 4793 bibliothecam
2608 4741 2903 4821 benigniss.
2930 4744 3045 4799 heri
3076 4745 3197 4815 eius
3222 4724 3495 4817 permissu
3538 4750 3907 4818 inclusissem,

657 4826 783 4913 post
819 4816 1401 4913 banc-perlustratam,
1430 4821 1517 4876 illa
1548 4822 1710 4877 etiam
1742 4824 1996 4895 pleraque
2025 4827 2205 4883 omnia
2238 4829 2292 4882 in
2319 4844 2513 4884 manus
2536 4816 2826 4900 sumpsiet
2850 4835 3089 4905 inspexi;
3136 4816 3437 4906 periculum
3472 4857 3690 4913 quoque
3718 4844 3826 4902 feci
3857 4816 3908 4901 in

654 4908 1029 5003 describendis
1073 4915 1461 4967 numismatum
1513 4914 1848 4992 singulorum
1885 4918 2219 4989 cpigraphis,
2250 4920 2317 4975 ad
2347 4936 2470 4975 eum
2497 4922 2610 4978 fere
2635 4925 2875 4988 modum,
2904 4942 3065 4997 quem
3094 4928 3165 4985 cl.
3192 4929 3257 4984 V.
3288 4908 3569 5003 Adelphos
3771 4938 3905 4994 Med.

663 5002 798 5073 Aug.
830 5003 1037 5057 amicus
1066 5011 1253 5099 uoster
1296 5004 1351 5099 in
1389 5020 1488 5060 suo
1519 5005 1610 5099 illo
1649 5007 1982 5064 celebratiss.
2013 5025 2179 5080 opere
2225 5014 2479 5069 servavit.
2504 5014 2847 5085 Deprehendi
2888 5031 3069 5075 autem
3106 5006 3345 5079 laborem
3384 5002 3549 5090 hunc,
3596 5029 3641 5083 si
3663 5031 3793 5099 quis
3826 5041 3905 5087 to-

659 5103 884 5187 tum,vut
907 5108 1004 5163 par
1028 5100 1130 5157 est,
1170 5094 1454 5150 absolvere
1490 5097 1635 5164 velit,
1664 5113 1774 5153 non
1805 5114 2099 5168 paucorum
2132 5100 2363 5169 dierum,
2400 5104 2494 5160 sed
2521 5106 2726 5177 aliquot
2752 5109 3021 5166 mensium
3049 5110 3186 5167 fore.
3214 5112 3327 5169 Nec
3350 5114 3542 5171 inutile
3569 5094 3757 5187 fuerit,
3786 5136 3907 5177 meo

660 5186 885 5261 judicio,
916 5187 1149 5257 aliquem
1182 5188 1438 5258 pingendi
1472 5191 1731 5246 artiﬁcem
1759 5192 2037 5259 adhibere,
2058 5195 2150 5265 qui
2183 5198 2507 5254 numismata
2531 5201 2737 5273 singula
2774 5202 2914 5273 (qua:
2945 5205 3164 5275 quidem
3207 5208 3455 5269 nondum
3469 5210 3538 5264 ab
3556 5211 3686 5273 aliis
3709 5186 3905 5274 excusa

663 5280 812 5348 sunt)
846 5280 911 5334 ad
941 5280 1145 5345 vivum,
1182 5289 1588 5350 quantaquanta
1618 5294 1765 5349 sunt,
1797 5286 2095 5343 delinearet
2118 5298 2280 5359 atque
2323 5295 2669 5362 exprimeret.
2708 5293 2879 5361 Quam
2914 5297 3229 5366 quidem‘ad
3270 5315 3386 5355 rem
3414 5310 3470 5356 et
3504 5316 3761 5375 sumptus
3801 5324 3905 5363 non

676 5386 897 5444 parvus,
921 5381 979 5426 et
1010 5382 1221 5443 tempus
1249 5380 1358 5427 non
1388 5375 1662 5446 exiguum,
1694 5386 1749 5431 et
1780 5389 1942 5444 totus,
1968 5388 2029 5435 ut
2059 5381 2139 5436 sic
2177 5382 2351 5439 dicam
2377 5426 2391 5449 ,
2417 5386 2577 5441 homo
2604 5389 2989 5456 requireretur.
3025 5388 3151 5444 Mihi
3191 5405 3321 5445 vero
3348 5406 3450 5447 nec
3491 5397 3804 5453 consultum
3829 5398 3907 5453 vi-

683 5464 911 5555 debatur
935 5506 949 5530 ,
988 5465 1105 5519 sine
1129 5467 1383 5521 mandato
1408 5477 1589 5522 vestro
1617 5469 1669 5523 in
1709 5471 1761 5526 id
1792 5484 2066 5545 sumptum
2092 5474 2291 5547 facere,
2326 5490 2380 5535 et
2406 5482 2470 5536 ad
2491 5481 2743 5537 familiam
2765 5490 2927 5553 atque
2951 5499 3145 5555 operas
3165 5486 3501 5542 academicas
3525 5478 3906 5549 revertendum

666 5564 804 5611 erat.
834 5554 891 5609 Si
916 5556 1041 5624 quid
1071 5565 1248 5611 tamen
1280 5558 1333 5610 in
1361 5567 1641 5628 posterum
1674 5562 1757 5616 vel
1786 5565 1927 5635 apud
1962 5566 2113 5621 illum
2146 5569 2414 5641 hospitem
2446 5588 2624 5628 meum
2670 5554 3091 5638 lnrholiumﬁ'el
3122 5578 3265 5647 apud
3286 5577 3490 5634 Bened.
3519 5579 3903 5645 Ammannum.

667 5649 872 5748 aliosve
896 5650 1043 5748 (sunt
1070 5651 1214 5748 enim
1237 5652 1435 5748 plures
1460 5653 1522 5748 in
1561 5655 1982 5727 locupletissima
2013 5663 2233 5720 civitate
2262 5666 2450 5721 talium
2482 5668 2781 5739 κειμηλίων
2807 5684 3169 5740 possessores.
3204 5673 3455 5743 quamvis
3484 5675 3627 5732 alius
3656 5678 3764 5732 alio
3814 5695 3901 5748 pe-

668 5743 983 5817 cuniosior),
1010 5754 1101 5801 tuo
1123 5746 1371 5803 instituto
1392 5747 1700 5806 subservire
1732 5760 1923 5823 potero
1950 5756 2112 5813 etiam
2142 5759 2360 5827 absens,
2388 5776 2495 5817 non
2521 5777 2741 5835 parcam
2770 5777 2951 5836 opera
2981 5779 3144 5830 mere;
3172 5779 3273 5821 nec
3294 5780 3468 5836 suam,
3498 5769 3720 5841 opinor,
3745 5743 3909 5825 riene-
