3972 6434
167 367 279 435 too
1294 327 1870 428 Pammenem
1899 361 2100 422 EDIT.
2143 358 2392 420 PARIS.
3223 371 3226 376 υ
3371 349 3476 417 tto

160 480 316 550 gabit
370 479 666 548 prmtorius
715 484 925 541 noster,
971 492 1134 548 quem
1171 477 1346 532 virum
1391 486 1447 531 et
1497 475 1573 530 tui
1613 489 1738 530 cum
1783 470 1979 542 primis
2012 470 2320 525 studiosum
2360 475 2525 536 atque
2571 472 2869 527 amantem.
2905 471 2962 519 et
3003 461 3246 534 alioquin
3290 462 3473 520 omnis

157 573 332 627 cilicii
376 571 617 644 ﬁdeique
650 573 870 645 plenum
891 570 1141 644 cognovi.
1178 570 1344 634 Vale,
1376 578 1432 623 et
1460 569 1635 624 saluta
1665 566 1848 623 verbis
1893 563 2033 620 meis
2075 561 2371 619 Bonutium
2402 569 2459 616 et
2484 557 2980 624 Commeiinianos,
3009 555 3328 626 amicosque
3365 567 3472 610 ete-

158 673 222 718 ιο
229 679 336 718 τος.

245 755 454 809 Altorni
482 755 537 808 in
554 753 707 811 acad.
736 748 1204 824 Norimtiergensi.
1235 767 1427 808 mense
1444 753 1691 825 Augusto
1722 751 1852 807 anni
1875 765 2034 806 uncv.

181 939 3391 968 Μ

155 1097 623 1170 lllustrissimo,
683 1093 1305 1172 clementissimoque
1361 1089 1509 1153 duci
1554 1107 1628 1152 ac
1699 1089 1987 1164 domino,
2040 1089 2386 1151 FRIDERICO
2434 1086 2707 1162 Juniori,
2764 1087 2985 1150 comiti
3037 1087 3325 1153 Palatino
3387 1087 3473 1153 ad

854 1192 1175 1266 Rhenum,
1202 1191 1376 1254 bono
1405 1187 1682 1270 reipubl.
1714 1193 1886 1260 nato,
1910 1186 2263 1268 juventutis
2290 1185 2568 1268 principi
2588 1185 2805 1251 unico.

235 1362 549 1430 Opportune
588 1359 790 1414 Isidoro
833 1358 1080 1412 ultimam
1134 1357 1410 1425 imponunt
1441 1369 1662 1407 manum
1691 1351 2026 1424 tupographi,
2061 1366 2164 1420 quo
2209 1358 2324 1417 post
2363 1349 2562 1404 biennii
2597 1365 2874 1416 secessum,
2904 1366 2933 1406 e
2955 1349 3148 1420 ﬁnibus
3177 1348 3369 1406 Callia
3399 1352 3469 1406 ad

151 1466 283 1510 tuos
330 1457 492 1518 redis,
542 1452 988 1508 desideratissime
1035 1447 1354 1519 principum.
1406 1443 1612 1516 Nempe
1657 1462 1779 1500 cum
1814 1444 1984 1498 omnis
2013 1453 2166 1508 aetas,
2189 1442 2361 1498 omnis
2388 1445 2518 1497 ordo
2547 1445 2604 1498 in
2652 1443 2919 1514 publicum
2945 1446 3157 1515 effusus,
3187 1446 3473 1501 adventum

151 1559 334 1611 tuum,
369 1558 626 1619 tanquam
659 1547 792 1601 clari
824 1563 887 1600 ac
926 1542 1184 1598 salutaris
1203 1541 1411 1604 sideris,
1443 1540 1568 1593 bene
1598 1538 1850 1592 ominatis
1872 1537 2322 1607 gratulationibus
2353 1547 2515 1609 atque
2539 1537 3016 1594 declamationibus
3050 1539 3315 1609 excipiat,
3343 1540 3474 1610 jure

147 1652 204 1693 et
237 1657 330 1692 nos
353 1657 559 1710 quoque
581 1639 938 1693 submittimus
967 1635 1135 1690 animi
1156 1635 1321 1689 nostri
1349 1634 1652 1703 ltetititeque
1686 1633 1935 1699 indicem,
1968 1631 2292 1687 Pelusiotam
2323 1633 2462 1688 hunc
2492 1635 2828 1704 episcopum;
2871 1635 2963 1706 qui
3000 1634 3122 1705 jam
3169 1651 3310 1690 nunc
3355 1635 3473 1706 pri-

149 1751 303 1787 mum
346 1744 500 1801 parte
544 1736 628 1787 sui
672 1742 864 1804 quarta
897 1731 1172 1802 integrior,
1199 1737 1408 1782 tantum
1440 1743 1543 1780 non
1568 1726 1844 1789 vocaliter,
1882 1735 1929 1781 et
1961 1727 2401 1795 ﬂorentissimum
2425 1727 2722 1797 juventutis
2749 1729 3040 1799 principem
3069 1729 3262 1799 faustis
3287 1744 3472 1798 prase-

148 1840 359 1898 quatur
389 1809 674 1894 ominibus,
714 1840 764 1882 et
793 1828 975 1886 Crteca
1029 1837 1286 1897 prteterea
1317 1823 1637 1887 vernilitate,
1673 1822 1897 1891 desuper
1925 1821 1983 1874 in
2029 1821 2261 1890 lepidum
2314 1831 2475 1892 caput
2520 1822 2636 1892 ejus
2666 1839 2732 1877 ac
2772 1824 2948 1878 sinum
2975 1825 3218 1895 invergat
3259 1823 3474 1878 uberem

145 1934 653 1978 cerouamentorum
687 1921 917 1990 copiam.
949 1918 1218 1972 Nimirum
1249 1916 1358 1970 viso
1391 1921 1607 1968 cteteros
1639 1913 1934 1983 (occasione
1958 1916 2107 1969 verni
2137 1914 2386 1986 auspicii)
2422 1916 2561 1972 inter
2601 1916 2714 1972 alia
2756 1924 2955 1974 devota:
2984 1919 3176 1972 mentis
3223 1935 3470 1984 munera,

145 2035 410 2090 aggerere
438 2019 600 2071 etiam
632 2017 934 2085 ephemeras
960 2016 1153 2084 ﬂorum
1180 2011 1421 2074 delicias,
1486 2009 1672 2062 merito
1703 2008 2000 2064 arbitratur
2031 2021 2211 2081 gratos
2247 2010 2342 2065 tibi
2381 2011 2504 2066 item
2534 2022 2876 2084 acceptosque
2895 2013 3009 2084 fore
3040 2013 3238 2066 colores
3257 2012 3474 2066 odores-

146 2127 254 2176 que
306 2113 644 2179 depromptos
689 2125 715 2161 e
739 2124 906 2161 sacrae
941 2105 1219 2175 sapientiae
1248 2104 1413 2158 hortis
1439 2145 1454 2170 ,
1487 2103 1783 2172 prasertim
1819 2120 1938 2157 cum
1973 2106 2087 2174 ejus
2113 2107 2218 2159 sint
2246 2107 2408 2176 genii,
2441 2117 2497 2160 ut
2539 2123 2644 2161 non
2671 2105 2828 2160 modo
2861 2123 2966 2161 non
2995 2106 3326 2178 obsoleﬁant,
3367 2122 3474 2160 non

147 2210 510 2262 marcescant,
545 2210 638 2252 aut
671 2216 766 2253 usu
798 2208 891 2252 aut
915 2209 1167 2268 tempore,
1199 2197 1294 2250 sed
1321 2198 1442 2251 inde
1468 2196 1802 2266 potissimum
1849 2206 2064 2250 sumant
2115 2198 2306 2254 coloris
2355 2201 2636 2272 odorisque
2676 2202 3057 2272 fragrantioris
3087 2179 3471 2273 augmentum;

145 2292 372 2362 cjusque
411 2304 666 2362 pueterea
710 2293 925 2362 ingenii,
976 2301 1030 2345 ut
1079 2308 1181 2344 non
1233 2290 1547 2359 simpliciter
1577 2300 1788 2345 tantum
1818 2290 2169 2345 blandiantur
2197 2294 2385 2359 oculis,
2420 2295 2784 2351 lenocinentur
2812 2296 3053 2362 naribus,
3079 2312 3257 2350 verum
3280 2305 3329 2351 et
3369 2291 3473 2367 ipsi

143 2388 337 2438 animo
371 2395 420 2438 et
453 2386 553 2452 ipsi
579 2386 774 2454 pectori
800 2384 1096 2439 salutarem
1128 2386 1232 2438 vim
1267 2385 1655 2441 communicent
1681 2425 1695 2448 ,
1721 2399 1828 2453 quo
1858 2377 2156 2456 citius‘quis
2192 2403 2255 2439 ac
2297 2387 2463 2441 tutius
2496 2397 2787 2458 grassetur,
2818 2404 2912 2458 per
2939 2389 3153 2443 virtutis
3184 2399 3344 2460 atque
3372 2390 3470 2442 ho-

143 2483 296 2535 noris
323 2483 543 2550 templa,
564 2489 634 2534 ad
657 2475 1008 2536 (eternitatem
1039 2496 1056 2533 :
1088 2497 1205 2550 qua:
1226 2481 1366 2549 ipsa,
1391 2479 1645 2549 quoniam
1671 2477 1805 2532 nulli
1828 2495 1930 2532 non
1946 2481 2093 2534 aetati
2109 2490 2360 2549 perpetuo
2380 2498 2491 2535 esse
2519 2480 2665 2534 debet
2687 2489 2813 2535 ante
2833 2483 3008 2536 oculos
3019 2499 3040 2548 ;
3068 2485 3267 2554 fecerit,
3293 2500 3468 2553 spera,

141 2593 309 2629 senex
333 2575 430 2628 iste
459 2584 634 2626 noster
665 2573 893 2642 pretium
913 2586 1023 2623 sure
1050 2586 1221 2636 opera:
1254 2585 1271 2623 :
1304 2578 1453 2622 tanto
1487 2568 1697 2637 quidem
1727 2569 1918 2638 magis.
1955 2569 2095 2638 quod
2118 2578 2166 2622 et
2206 2570 2251 2622 is
2279 2570 2494 2638 insuper
2525 2586 2580 2623 se
2604 2579 2771 2624 totum
2803 2571 2896 2623 tibi
2928 2581 3109 2625 voveat
3137 2571 3466 2642 dedicetque,

145 2671 311 2724 unius
345 2672 423 2723 tui
451 2668 789 2722 contubernio
836 2667 1192 2720 adha'rescere
1237 2665 1479 2734 deinceps
1520 2665 1912 2734 cupidissimus.
1947 2663 2114 2735 quue
2168 2681 2226 2717 eo
2274 2666 2401 2734 facit
2435 2666 2800 2736 confidentius,
2838 2668 2978 2737 quod
3015 2654 3314 2722 meminerit
3346 2679 3470 2722 ante

143 2783 355 2835 paucas
387 2781 647 2818 annorum
674 2763 1048 2821 hebdomadas,
1077 2760 1220 2817 haud
1243 2761 1443 2831 frustra
1478 2762 1902 2813 commendatum
1926 2760 2089 2830 fuisse
2123 2761 2420 2826 patrocinio
2447 2762 2629 2832 magni
2664 2762 2812 2816 illius
2847 2765 3131 2834 propatrui
3188 2767 3267 2818 tui
3306 2766 3470 2820 Joano

146 2867 228 2915 nis
262 2859 536 2919 Casimiri,
569 2857 820 2927 principis
852 2857 1119 2908 memoria:
1144 2871 1416 2924 nunquam
1453 2854 1752 2907 interitura:
1775 2893 1787 2916 ,
1819 2863 2200 2920 pra'ceptorem
2239 2869 2397 2907 suum
2437 2854 2503 2907 Ι).
2539 2857 2986 2926 Chrysostomum.
3020 2856 3244 2926 Quippe,
3277 2861 3322 2913 si
3362 2875 3468 2913 non

143 2953 452 3004 indecenter
482 2959 686 3018 patrem
731 2948 978 3016 sequitur
1015 2962 1111 2999 sua
1152 2945 1351 3014 proles,
1386 2945 1570 2997 decore
1602 2945 1766 2998 etiam
1810 2944 2083 2999 allubescit
2133 2945 2355 3016 familia:
2402 2948 2449 2999 ei
2484 2947 2796 3018 discipulus,
2828 2949 2882 3001 in
2913 2966 3018 3018 qua
3050 2959 3098 3002 et
3130 2951 3466 3018 splendorem

141 3042 344 3096 invenit
378 3051 426 3094 et
456 3039 673 3094 tutelam
711 3037 962 3109 magister
987 3052 1132 3089 suus.
1159 3033 1325 3099 Quem
1360 3044 1414 3086 ut
1446 3043 1492 3087 et
1525 3034 1635 3103 ipse
1685 3033 1917 3102 alicujus
1963 3035 2160 3088 habeas
2183 3036 2455 3098 momenti,
2483 3037 2724 3106 princeps
2757 3038 3136 3107 illustrissime,
3169 3043 3307 3097 scias
3337 3058 3465 3112 pro-

140 3134 228 3189 cal
253 3135 435 3187 abesse
457 3148 487 3184 a
523 3140 742 3200 contage
771 3137 819 3182 et
857 3128 938 3181 sui
967 3125 1094 3179 olim
1125 3123 1325 3186 stecuii,
1355 3133 1404 3176 et
1435 3123 1585 3176 istius
1617 3123 1812 3182 nostri;
1853 3122 2014 3176 talem
2065 3123 2264 3178 scilicet
2303 3124 2393 3194 qui
2442 3127 2580 3178 dicta
2611 3144 2709 3180 sua
2741 3130 2918 3182 omnia
2950 3131 3106 3198 factis
3139 3131 3462 3210 cohonestet.

141 3244 313 3300 neque
347 3227 510 3279 aliter
531 3225 669 3278 vivat
700 3239 859 3288 quam
889 3221 1164 3291 loquatur;
1199 3219 1288 3290 qui
1321 3227 1594 3271 aversatus
1625 3216 1839 3270 inutiles
1869 3233 2047 3271 omnes
2080 3235 2240 3287 super
2259 3219 2513 3290 religione
2535 3222 2970 3289 quaestiunculas,
3000 3227 3072 3279 ad
3114 3227 3284 3281 solam
3313 3231 3464 3284 auri-

141 3338 296 3396 getur
323 3325 578 3393 pietatem
598 3337 662 3373 ac
684 3320 958 3381 virtutem;
991 3317 1082 3388 qui
1100 3306 1389 3369 'sacrarnm
1426 3314 1753 3367 Litterarum
1805 3313 1918 3366 loca
1952 3314 2255 3368 obscuriora
2290 3315 2526 3384 inﬁnita,
2558 3317 2734 3371 sobria
2766 3319 2914 3372 boum
2947 3324 3134 3377 mentis
3165 3336 3212 3378 et
3237 3327 3461 3382 rationi;

141 3420 260 3475 luce
289 3419 553 3472 uberrime
577 3415 896 3485 perfundat;
925 3413 1118 3483 quique
1152 3413 1268 3488 ideo
1301 3410 1601 3480 longissime
1630 3410 1886 3464 dissideat
1924 3411 1989 3463 ab
2016 3411 2114 3476 eis,
2146 3413 2237 3476 qui
2270 3413 2443 3465 nescio
2475 3414 2662 3482 quibus
2685 3418 3080 3472 contentionum
3106 3423 3335 3490 strophis
3365 3425 3460 3479 de-

143 3513 264 3576 diti,
290 3527 458 3579 neque
491 3508 718 3562 contenti
751 3507 928 3560 ludere
956 3505 1018 3558 de
1047 3521 1141 3557 suo
1168 3504 1328 3568 corio,
1370 3503 1446 3555 ita
1482 3518 1627 3573 reges
1653 3515 1697 3557 et
1721 3503 1986 3572 principes
2009 3503 2147 3555 inter
2163 3518 2217 3555 se
2249 3503 2605 3570 committunt,
2641 3508 2882 3561 nationes
2917 3519 2966 3561 et
2997 3511 3316 3578 respublicas
3337 3530 3460 3584 per—

141 3615 374 3666 vertunt,
403 3616 458 3657 ut
493 3603 556 3656 de
581 3618 684 3655 uno
718 3600 910 3669 populo
947 3614 1065 3650 mox
1096 3598 1201 3651 duo
1235 3607 1328 3650 aut
1360 3597 1494 3650 adeo
1522 3595 1680 3664 plura
1701 3596 1833 3666 fiant
1851 3612 2093 3666 corpora,
2127 3605 2176 3649 et
2207 3595 2273 3649 ab
2308 3597 2538 3650 externis
2583 3599 2638 3651 in
2667 3608 2925 3656 teternum
2957 3601 3250 3658 Christiani
3282 3609 3457 3662 nomi-

143 3702 222 3754 rzis
269 3701 474 3753 hostem
525 3696 692 3756 bellis,
726 3696 781 3747 in
833 3710 928 3747 sua
965 3693 1160 3746 viscera
1193 3701 1490 3755 armentur,
1522 3690 1914 3761 furentiumque
1957 3689 2195 3759 exemplo
2239 3707 2427 3744 manus
2478 3701 2528 3744 et
2585 3693 2820 3747 membra
2852 3711 2949 3749 sua
2992 3695 3094 3764 ipsi
3123 3699 3373 3754 credant:
3400 3703 3458 3755 in

141 3811 376 3852 saturnia.
419 3793 512 3861 qui
536 3789 666 3843 nihil
688 3805 962 3842 commune
1001 3803 1154 3857 geras
1188 3801 1305 3838 cum
1337 3784 1471 3848 istis,
1505 3785 1595 3855 qui
1624 3786 1700 3838 sic
1733 3799 1765 3838 a
1795 3800 1852 3837 se
1880 3794 2213 3854 segregatum
2238 3784 2429 3838 habent
2467 3788 2772 3851 candorem,
2804 3788 2984 3857 ﬁdem,
3023 3795 3357 3859 modestiam,
3397 3807 3455 3851 ut

141 3895 184 3948 si
224 3908 253 3945 e
310 3900 420 3942 toto
463 3886 584 3939 orbe
627 3883 892 3955 diligenda
930 3885 1164 3936 venirent
1196 3889 1429 3934 monstra
1460 3880 1731 3933 hominum
1774 3879 2007 3948 conflata
2051 3896 2077 3933 e
2112 3881 2460 3946 contentione,
2503 3881 2821 3949 pervicacia,
2859 3883 3254 3950 maledicentia,
3279 3893 3457 3958 suspi-

140 3989 312 4048 cione,
345 3983 599 4046 avaritia,
625 3981 803 4038 livore.
834 3978 1098 4048 superbia,
1134 3978 1374 4042 lascivia,
1421 3994 1486 4031 ex
1521 3976 1709 4030 horum
1760 3977 2093 4046 potissimum
2117 3980 2301 4032 ordine
2348 3987 2517 4033 essent
2560 3981 2853 4048 promenda
2891 3997 2954 4036 ac
2998 3985 3360 4052 producenda.
3407 3988 3452 4043 0

141 4080 347 4136 crum!
377 4076 421 4132 Ο
446 4091 614 4129 mores
631 4075 650 4126 .'
674 4072 731 4128 Si
765 4073 903 4126 cnim
935 4072 1056 4125 huic
1092 4081 1267 4124 nostra
1296 4071 1461 4139 ﬁdes.
1497 4079 1708 4124 tantum
1741 4071 1883 4127 inter
1915 4073 2254 4128 sacerdotem
2289 4081 2343 4128 et
2372 4075 2672 4143 quemlibet
2702 4076 2932 4146 probum
2964 4079 3145 4134 virum
3178 4080 3451 4136 interesse

138 4177 325 4238 debet,
351 4181 616 4244 quantum
645 4171 788 4224 inter
826 4169 1022 4224 coelum
1050 4178 1105 4223 et
1140 4177 1339 4222 terram
1372 4167 1705 4224 discriminis
1748 4178 1851 4233 est,
1892 4169 2050 4240 plura
2082 4186 2350 4239 possemus
2385 4185 2480 4238 pro
2529 4171 2668 4236 ista;
2708 4173 2799 4226 sed
2843 4190 2908 4226 ex
2945 4190 3294 4244 supervacuo,
3320 4176 3450 4230 illu-

136 4273 395 4328 strissime
420 4268 678 4338 princeps,
714 4263 847 4316 adeo
894 4263 1075 4315 statim
1102 4264 1359 4331 optimum
1388 4280 1562 4316 senem
1593 4273 1817 4332 utraque
1865 4263 2108 4316 invasisti
2136 4279 2319 4327 manu,
2353 4278 2418 4316 ac
2456 4263 2592 4317 serio
2625 4263 2910 4333 polliceris,
2939 4268 3027 4320 ubi
3075 4279 3236 4323 aetate
3282 4271 3449 4341 fueris

137 4369 394 4428 adnltior,
429 4363 733 4417 habiturum
761 4361 814 4412 in
839 4359 1131 4412 amicorum
1155 4359 1363 4412 cohorte
1389 4360 1564 4427 prium
1587 4360 1840 4428 primum,
1873 4359 2106 4430 nihilque
2140 4376 2244 4414 non
2274 4357 2338 4412 de
2369 4360 2484 4429 ejus
2511 4362 2772 4416 sententia
2801 4363 3071 4429 facturum
3098 4367 3303 4437 publice
3331 4371 3447 4438 pri-

136 4463 428 4530 vatimque.
467 4456 643 4509 Macte
667 4456 764 4508 hac
792 4453 982 4518 indole,
1019 4457 1114 4506 hoc
1142 4455 1428 4523 proposito.
1463 4455 1711 4507 maxime
1739 4454 2147 4523 exspectationis
2179 4455 2450 4523 princeps,
2481 4463 2652 4507 certus
2697 4455 2754 4508 id
2780 4455 2953 4524 ipsum
2979 4473 3313 4513 accessurum
3342 4477 3446 4515 non

135 4559 304 4612 solum
337 4551 636 4608 incredibili
665 4550 886 4620 familite
909 4549 1179 4604 Palatina:
1210 4551 1553 4616 incremento,
1577 4562 1625 4605 et
1655 4567 1862 4604 summa
1893 4549 2016 4619 Opt.
2058 4552 2209 4605 Max.
2256 4561 2539 4620 parentum
2569 4551 2764 4621 gaudio
2785 4591 2799 4615 ,
2831 4555 2924 4606 sed
2947 4562 2996 4608 et
3036 4555 3446 4625 incomparabili

135 4651 440 4721 reipublica:
468 4646 785 4700 Christiana:
809 4646 960 4710 bono,
1003 4653 1195 4715 tuoque
1225 4645 1408 4698 honori
1451 4663 1514 4698 ac
1544 4645 1728 4716 gloria?
1765 4647 2121 4714 sempitern'te.
2153 4644 2282 4710 Qua:
2319 4653 2375 4699 ut
2423 4646 2563 4699 brevi
2597 4647 2955 4716 consequaris,
2984 4664 3292 4718 supremum.
3323 4649 3440 4703 Nu-

136 4764 252 4801 men
279 4724 543 4814 supplices
572 4758 904 4807 veneramur,
934 4741 1223 4796 clementia:
1253 4758 1361 4795 sure
1393 4741 1493 4794 alis
1525 4752 1572 4795 te
1600 4752 1871 4812 perpetuo,
1902 4758 1993 4796 ceu
2028 4741 2330 4797 Germanice
2368 4741 2528 4796 totius
2549 4741 2798 4795 delicium
2831 4751 2878 4795 et
2899 4759 3106 4796 amores
3160 4760 3317 4810 porro
3347 4745 3441 4797 ob-

138 4841 383 4894 umbrare
412 4839 676 4908 dignetur.

351 4930 629 4988 Neostadii
661 4944 772 4984 ml
807 4927 1103 4993 Februarii,
1129 4931 1264 4985 veris
1289 4931 1455 5002 ipsius
1487 4933 1571 4985 die
1596 4932 1877 5002 auspicali.

2058 5027 2334 5082 lllustriss.
2365 5027 2557 5083 Vestrte
2581 5028 2886 5084 Clementiae
2913 5033 3184 5085 addictiss.

2236 5119 2616 5176 Conuaumsm
2649 5131 2704 5178 et
2729 5121 3041 5177 Bonorum.

139 5456 702 5522 Rereremlissitnis
741 5453 1027 5515 Patribus
1075 5455 1147 5515 P.
1190 5451 1454 5513 Andreae
1507 5451 1828 5518 SCHOTTO,
1889 5456 1950 5510 et
2010 5451 2076 5510 P.
2129 5449 2466 5513 Heriberto
2501 5452 2864 5527 Roswemo,
2911 5453 3229 5516 societatis
3281 5457 3431 5516 Jcsu

973 5554 1358 5634 presbyteris
1393 5553 1457 5613 in
1493 5551 1763 5630 collegio
1800 5552 2265 5632 Antwerpiuno,
2296 5555 2357 5615 S.
2405 5556 2472 5615 P.
2507 5555 2578 5614 D.

203 5725 358 5782 Dedit
393 5726 458 5779 ml
491 5735 562 5786 te,
589 5723 746 5779 Pater
771 5722 1020 5786 Sclmtte,
1047 5721 1290 5775 Isidorus
1327 5731 1450 5774 tuus
1483 5729 1604 5789 post
1650 5718 1789 5773 bene
1835 5718 2052 5789 longam
2096 5719 2499 5790 captivitatem,
2536 5721 2588 5774 in
2623 5736 2728 5791 qua
2758 5737 2884 5777 eum
2916 5737 3101 5777 carcer
3139 5721 3260 5777 Jani
3294 5723 3431 5777 Gru-

133 5828 254 5889 teri,
276 5823 446 5877 veluti
479 5820 815 5893 mancipium
850 5819 1144 5890 quoddam,
1179 5835 1302 5873 cum
1340 5819 1458 5870 aliis
1491 5817 1540 5870 id
1573 5833 1746 5886 genus
1776 5791 2019 5906 liiipralis
2064 5823 2206 5871 noue
2233 5817 2625 5885 monumentis,
2663 5826 2859 5886 praeter
2897 5826 3078 5874 votum
3116 5828 3266 5875 tuum
3299 5819 3430 5872 liac-
