3972 6406
616 356 711 422 “1
1718 355 2271 417 PROLEGOMENA
2312 355 2506 414 EDIT.
2551 356 2790 415 PARIS.
3764 353 3858 414 11?.

613 481 770 528 tenus
806 473 1123 528 detinuerat.
1171 472 1365 528 Verum
1397 473 1662 527 Suffridus
1692 473 1932 526 Sixlintts
1965 471 2559 535 Ambstelrodamensis,
2593 474 2683 541 qui
2721 473 2978 540 optimam
3013 472 3324 528 Crulcrante
3359 465 3718 522 bibliothecae
3743 477 3859 528 par-

609 573 718 619 tem
757 566 810 619 in
849 581 1000 620 usum
1033 580 1095 620 ac
1123 567 1519 636 possessionem
1543 579 1693 618 suam
1729 565 1952 633 redegit,
1983 579 2088 616 non
2125 573 2205 616 est
2238 580 2430 633 passus
2458 576 2562 618 tam
2600 574 2866 626 sant-tum,
2898 575 3003 618 tam
3033 566 3200 632 pium,
3242 575 3346 617 tam
3376 561 3713 628 sapientem.
3752 563 3854 607 tam

607 658 866 715 disertum
895 659 1215 729 scriptorem
1245 661 1446 719 diutius
1480 659 1532 713 in
1565 660 1735 714 isthoc
1765 659 2051 713 tenebroso
2080 673 2293 714 carcere
2321 661 2668 717 delites'ere;
2720 661 2813 714 sed
2844 661 2966 714 imle
2995 671 3293 714 extractum
3328 655 3535 711 liberali
3575 667 3749 705 manu
3777 664 3856 702 t3-

607 747 796 811 seruit,
820 747 1070 817 haudque
1102 749 1356 819 gravatim
1386 747 1688 810 consensit,
1736 757 1793 800 ut
1828 747 1880 800 in
1917 747 2032 801 dias
2077 747 2298 802 luminis
2337 764 2479 811 oras,
2513 760 2604 802 tuo
2643 750 2869 804 vestitus
2917 766 2981 805 ac
3010 751 3301 820 splendens
3328 755 3548 809 ornatu,
3587 758 3617 796 a
3647 741 3856 794 Fiueto

607 850 796 896 nostro
823 843 1229 912 produceretur,
1259 852 1314 897 et
1337 843 1440 898 hoc
1470 853 1625 913 pacto
1648 843 1699 894 in
1733 841 2033 896 libertatem
2063 857 2213 896 suam
2246 844 2550 898 restitutum
2583 846 2660 898 ire
2686 846 2902 914 jubcrct
2932 861 3039 915 quo
3069 846 3250 901 vellet.
3283 843 3399 909 Qua
3431 844 3485 895 in
3538 855 3600 894 re
3656 847 3717 890 et
3763 836 3851 888 tibi

607 943 666 987 ttt
690 933 1080 1003 gratificaretur
1102 933 1318 1003 sategit,
1345 943 1403 988 et
1423 933 1599 994 simul,
1632 947 1700 987 ne
1732 942 1837 986 tam
1877 933 2130 1002 praeclara
2159 947 2318 1002 opera
2347 936 2550 988 auctori
2586 953 2684 990 suo
2727 938 3019 1008 deperiret,
3047 951 3351 1007 praecavere
3377 934 3564 987 voluit.
3603 931 3755 984 Sane
3801 937 3854 978 nt

605 1025 749 1080 bono
776 1025 1094 1081 Christiana
1125 1025 1448 1095 reipublicae,
1492 1026 1579 1080 cui
1629 1025 1867 1095 juvando
1916 1026 2406 1096 promovendoque,
2455 1029 2504 1081 in
2561 1029 2883 1084 exulceratis
2919 1030 3200 1083 hominum
3234 1025 3597 1096 quorumdam
3631 1018 3854 1091 judiciis

604 1119 960 1186 persanandis
1002 1129 1059 1174 et
1091 1119 1220 1174 feris
1254 1120 1495 1174 moribus
1544 1119 1869 1189 mitigantlis,
1903 1120 2058 1174 unice
2105 1120 2281 1174 facere
2338 1121 2424 1175 hic
2479 1123 2711 1192 scriptor
2737 1135 2792 1178 et
2836 1133 3013 1195 potest
3047 1131 3098 1176 et
3137 1121 3319 1183 debet,
3353 1117 3435 1171 vel
3471 1117 3571 1169 hac
3608 1115 3663 1168 in
3698 1120 3853 1180 parte

603 1210 912 1264 consultum
940 1211 1052 1264 ivit.
1085 1210 1267 1281 Neque
1303 1225 1403 1282 ego
1452 1212 1668 1266 interim
1699 1209 1872 1264 oflicio
1921 1224 2044 1265 meo
2079 1211 2245 1274 defui,
2281 1213 2482 1266 veritus
2510 1229 2576 1267 ne
2611 1225 2703 1271 ant
2737 1198 3166 1283 manuscriptuin
3199 1211 3250 1264 in
3291 1208 3615 1263 aemulorum
3653 1216 3854 1256 manus

604 1303 816 1357 invidas
843 1303 1136 1367 deveniret,
1167 1309 1258 1357 aut
1287 1317 1372 1357 res
1404 1319 1614 1357 rursum
1646 1301 2034 1372 procrastinata
2082 1319 2279 1356 novum
2313 1303 2364 1356 in
2415 1305 2712 1373 periculum
2763 1321 2826 1359 ex
2887 1317 3192 1359 transverso
3238 1301 3524 1355 incideret.
3552 1297 3674 1350 Non
3731 1308 3852 1346 smn

606 1401 840 1465 ignarus,
883 1393 975 1448 sed
1017 1394 1162 1448 domi
1194 1394 1385 1449 doctus
1427 1402 1640 1464 meopte
1673 1393 1917 1463 exemplo
1951 1394 2134 1460 didici,
2179 1405 2392 1464 quanta
2419 1395 2574 1449 molis
2621 1396 2688 1450 sit
2739 1399 2897 1450 talem
2933 1407 3145 1466 partum
3177 1393 3517 1464 progignere,
3569 1395 3850 1458 qnanlate

603 1486 800 1540 dividia
834 1495 1066 1539 mentem
1097 1491 1304 1554 premat
1333 1492 1387 1536 et
1424 1482 1672 1537 conficiat
1698 1482 1767 1535 ob
1801 1481 2108 1550 deperditas
2153 1483 2288 1538 forte
2325 1492 2417 1536 aut
2461 1483 2838 1538 manticulatas
2880 1485 3181 1556 vigiliarum
3234 1491 3544 1534 nostrarum
3581 1475 3848 1530 lucnbra--

606 1576 800 1628 tiones.
831 1572 938 1627 Nec
965 1573 1152 1628 dubito
1202 1572 1329 1641 quin
1385 1571 1537 1641 plura
1585 1571 1635 1625 id
1685 1586 1854 1642 genus
1904 1581 2250 1626 monumenta
2282 1586 2446 1641 penes
2479 1581 2530 1626 te
2555 1581 2791 1639 exstent,
2825 1574 2908 1627 vel
2950 1575 3047 1628 abs
3092 1583 3144 1628 te
3180 1574 3296 1642 ipso
3337 1572 3532 1625 affecta
3576 1579 3635 1622 et
3665 1567 3850 1637 profe-

607 1676 690 1720 cta
716 1707 731 1730 ,
765 1665 846 1719 vel
881 1666 947 1720 ab
977 1665 1162 1719 amicis
1203 1675 1305 1719 tua:
1332 1663 1452 1718 fidei
1502 1663 1874 1718 commendata
1903 1704 1917 1724 ,
1951 1679 2070 1733 qua:
2102 1665 2288 1733 cupias
2323 1678 2445 1718 cum
2487 1663 2768 1718 industriis
2805 1675 2856 1720 et
2902 1665 3134 1720 assiduis
3179 1663 3486 1738 bibliopolis
3532 1659 3850 1716 conmuni—

606 1773 750 1812 care.
779 1758 854 1811 Ad
899 1772 1017 1811 eant
1055 1771 1165 1810 rem
1210 1756 1253 1810 si
1304 1756 1396 1810 tibi
1443 1770 1605 1824 opera
1633 1770 1747 1810 mea
1791 1755 1939 1808 utilis
1964 1766 2017 1809 et
2060 1756 2294 1826 proflcua
2328 1771 2448 1811 esse
2478 1757 2693 1826 poterit,
2731 1758 3029 1823 mandabis,
3059 1758 3186 1828 quid
3215 1757 3330 1812 fieri
3361 1756 3514 1820 velis,
3548 1767 3604 1810 et
3639 1755 3846 1808 factum

609 1860 815 1920 putato.

673 1944 753 1998 Ad
790 1954 840 1997 te
869 1958 1102 2013 quoque,
1135 1942 1290 1998 Pater
1321 1941 1635 2013 Rosvveydc,
1663 1959 1769 1997 non
1803 1958 1980 1997 minus
2017 1945 2222 1998 curatio
2266 1944 2426 2013 hujus
2452 1945 2779 1999 sanctissimi
2829 1944 3005 2000 Patris
3043 1946 3228 2001 lsidori
3259 1956 3506 2015 spectare
3542 1945 3709 2000 debet
3739 1986 3751 2004 ,
3788 1955 3846 1997 ut

605 2055 763 2106 quem
794 2037 950 2094 Pater
981 2036 1238 2092 Schottus
1271 2039 1502 2109 eleganti
1534 2038 1828 2107 festivoque
1870 2039 2142 2092 schemate
2172 2048 2278 2092 tam
2322 2038 2611 2093 liberaliter
2638 2039 2976 2103 bonestavit,
3012 2041 3058 2094 ei
3090 2048 3144 2095 tu
3175 2040 3335 2094 vitam
3370 2040 3540 2108 ipsam
3573 2038 3843 2092 rcdonare

591 2149 711 2186 non
744 2134 1083 2203 neglecturus
1114 2134 1188 2187 sis
1219 2133 1270 2185 in
1299 2133 1401 2185 illis
1427 2132 1493 2186 de
1535 2131 1846 2186 Sanctorum
1891 2135 2123 2187 historiis
2169 2135 2680 2188 commentariorum
2717 2136 2886 2189 libris.
2919 2136 2993 2189 lta
3019 2151 3143 2204 spes
3175 2150 3274 2189 nos
3297 2135 3435 2188 bona
3471 2135 3642 2196 fovet,
3674 2150 3838 2202 quam

593 2228 670 2282 de
703 2239 752 2283 te
777 2242 963 2282 omnes
984 2229 1182 2282 eruditi
1207 2236 1260 2282 et
1291 2230 1549 2283 bonarum
1576 2229 1875 2283 litterarum
1916 2229 2140 2284 studiosi
2183 2239 2566 2299 conceperunt.
2605 2228 2792 2299 Neque
2827 2246 2925 2284 nos
2955 2230 3071 2288 falli
3094 2240 3186 2284 aut
3213 2246 3306 2300 spe
3335 2239 3521 2284 nostra
3553 2230 3666 2296 jam
3690 2228 3843 2282 diur-

601 2329 764 2376 nante
793 2320 1036 2376 frustrari
1067 2319 1307 2390 patieris,
1335 2322 1378 2375 si
1428 2321 1716 2390 ingenuum
1747 2320 2019 2391 ingenittnt
2055 2331 2202 2374 tuum
2239 2331 2381 2375 recte
2412 2323 2680 2384 novimus,
2717 2330 2772 2376 et
2801 2332 3242 2392 perseverantem
3273 2321 3438 2374 animi
3478 2322 3840 2378 voluntatem.

602 2428 763 2484 quam
797 2412 1070 2482 sapientes
1091 2413 1452 2466 constantiam
1485 2411 1538 2464 in
1564 2411 1841 2480 promissis
1871 2412 2170 2482 appellant,
2205 2413 2304 2467 rite
2333 2413 2724 2482 perspeximus.

672 2507 806 2561 Cum
833 2522 961 2576 ergo
990 2514 1279 2574 utrumque
1301 2513 1543 2560 vestrum
1579 2503 1843 2560 Pelusiota
1883 2517 2078 2568 vester,
2126 2507 2234 2560 imo
2264 2523 2324 2561 ex
2361 2518 2511 2576 parte
2537 2516 2590 2561 et
2621 2517 2823 2570 noster,
2858 2515 3037 2578 tangat
3063 2549 3076 2568 .
3108 2515 3251 2561 recte
3290 2517 3451 2575 atque
3483 2507 3676 2560 ordine
3710 2508 3838 2560 mihi

601 2597 844 2652 facturus
871 2596 1113 2658 videbar,
1143 2595 1188 2650 si
1223 2610 1347 2650 eum
1378 2595 1445 2650 ad
1477 2604 1767 2665 utrumque
1798 2598 1999 2666 pariter
2027 2598 2374 2660 destinarem,
2408 2599 2498 2666 qui
2528 2614 2714 2652 aurem
2746 2599 2899 2652 vobis
2936 2599 3176 2662 velleret,
3214 2609 3268 2652 ut
3303 2600 3613 2668 conjunctis
3647 2600 3840 2668 opibus

601 2703 765 2763 atque
806 2692 1086 2748 industriis
1128 2692 1388 2761 integram
1418 2690 1704 2760 aliquando
1728 2700 1781 2745 et
1810 2691 2062 2745 omnibus
2090 2693 2332 2746 numeris
2363 2693 2662 2746 absolutam
2699 2692 2886 2747 lsidori
2919 2708 3144 2761 operum
3170 2693 3465 2746 editionem
3498 2694 3841 2746 adornaretis

601 2798 658 2844 et
688 2788 1066 2859 procuraretis.
1097 2785 1453 2856 Dignissimus
1477 2800 1607 2840 sane
1638 2787 1886 2856 scriptor,
1923 2786 1976 2839 in
2008 2801 2114 2854 quo
2146 2802 2365 2855 operam
2422 2788 2562 2841 hanc
2612 2795 2863 2841 cunctam
2895 2787 3252 2849 collocari-tis,
3285 2787 3368 2840 vel
3401 2787 3621 2857 egregio
3661 2787 3836 2854 reip-u

593 2877 776 2942 hlicm,
810 2878 868 2932 iit
898 2893 1001 2946 qua
1033 2886 1085 2930 et
1119 2877 1219 2930 sub
1267 2891 1372 2945 qna
1411 2877 1580 2931 vitam
1624 2890 1964 2930 communem
2008 2875 2209 2945 degunt
2236 2877 2472 2946 religiosi
2511 2890 2635 2931 cum
2667 2877 2929 2945 profanis,
2982 2877 3234 2931 catholici
3283 2892 3407 2930 cum
3441 2877 3834 2932 schismaticis.

600 2967 728 3023 boni
761 2975 881 3020 eum
908 2965 1088 3020 malis.
1123 2964 1307 3033 Neque
1326 2965 1470 3018 enim
1505 2965 1847 3020 sanctissimo
1870 2964 1998 3019 huic
2028 2962 2169 3018 Patri
2211 2966 2432 3028 Isidoro,
2472 2966 2555 3019 vel
2578 2966 2836 3038 magistro
2870 2968 2987 3036 ejus
3029 2967 3087 3020 D.
3119 2969 3521 3037 (ihrysostomo,
3556 2976 3647 3020 aut
3681 2978 3836 3020 crete-

599 3061 675 3115 ris
701 3061 818 3129 ejus
838 3059 934 3113 :evi
957 3057 1155 3113 sanctis
1181 3065 1233 3110 et
1253 3056 1532 3112 catholicis
1560 3057 1827 3121 Patribus,
1864 3056 2056 3111 Basilio
2081 3057 2290 3128 Magno,
2311 3058 2570 3126 Gregorio
2604 3056 2968 3122 Nazianzeno,
3002 3057 3259 3121 Cmsario,
3295 3069 3425 3118 etc.,
3464 3074 3584 3110 mos
3621 3059 3711 3110 ille
3735 3073 3841 3125 quo

609 3165 757 3205 nunc
773 3150 932 3222 vulgo
958 3152 1154 3206 vivitur
1176 3152 1421 3222 cognitus
1441 3159 1575 3213 erat,
1609 3157 1663 3204 at
1685 3149 1932 3204 homines
1967 3165 2138 3218 teque,
2170 3165 2232 3203 ac
2256 3151 2370 3219 ipsa
2402 3149 2552 3213 vitia,
2581 3151 2883 3204 odissemus
2913 3158 2966 3204 et
3001 3151 3316 3204 vitaremus.
3341 3151 3544 3204 Contra
3581 3166 3642 3204 ea
3669 3150 3838 3204 sancti

603 3241 678 3296 illi
713 3241 900 3296 Patres
916 3242 1040 3297 vitia
1064 3243 1343 3298 hominum
1367 3242 1550 3313 fugere
1586 3256 1649 3296 ac
1676 3242 1931 3296 detestari
1960 3257 2058 3295 nos
2087 3243 2366 3311 jnbehant.
2394 3255 2504 3294 non
2533 3242 2946 3311 hominesipsos
2968 3243 3059 3296 Dei
3096 3243 3381 3312 imaginem
3410 3255 3686 3310 gerentes,
3707 3257 3840 3310 quos

603 3333 864 3389 Dominus
889 3344 1072 3391 noster
1101 3337 1258 3391 Iesus
1279 3335 1528 3390 Christus
1562 3335 1836 3405 proximos
1867 3345 2080 3391 nostros
2105 3351 2224 3392 esse
2255 3337 2457 3398 docuit,
2492 3345 2545 3390 et
2572 3337 2793 3407 diligere
2825 3340 3100 3406 praecepit.
3131 3339 3234 3391 Sed
3267 3339 3379 3392 ltzec
3411 3348 3491 3392 est
3518 3339 3705 3391 saeculi
3746 3353 3840 3389 nn.

603 3424 698 3478 atri
729 3425 869 3478 haud
913 3427 1024 3480 scio
1054 3425 1356 3491 infelicitas,
1392 3427 1586 3489 dicam,
1621 3441 1686 3480 an
1714 3426 1965 3491 fatalitas,
1998 3442 2063 3480 an
2094 3428 2271 3496 potius
2304 3428 2632 3492 immanitas,
2667 3444 2826 3496 quam
2861 3438 3138 3497 tantOpere
3179 3429 3450 3497 quondam
3487 3428 3840 3482 illustrissimi

599 3513 903 3571 cardinales
921 3516 1156 3571 Bembtts
1175 3525 1230 3571 et
1253 3517 1534 3572 Sadoletus
1562 3515 1930 3585 deplorabant.
1969 3515 2138 3571 Dicite
2168 3519 2332 3581 mihi,
2356 3519 2448 3572 sed
2474 3528 2649 3572 vestra
2685 3519 2820 3580 fide,
2860 3518 2901 3572 si
2945 3518 3100 3572 istam
3150 3533 3360 3570 morum
3410 3517 3743 3586 rigiditatem
3789 3519 3839 3569 in

602 3605 970 3672 expungendis
999 3605 1431 3659 dissentientium
1479 3604 1788 3658 nominibus
1836 3620 1945 3658 non
1987 3607 2145 3660 modo
2175 3622 2237 3660 ex
2270 3607 2540 3677 tliptychis
2582 3605 2854 3673 Ecclesiae,
2888 3624 3076 3661 verum
3110 3623 3174 3662 ex
3224 3609 3343 3677 ipso
3380 3611 3545 3662 etiam
3590 3609 3717 3662 albo
3745 3613 3842 3678 τῆς

606 3691 712 3756 ιεω
743 3695 917 3762 φιλίας
943 3698 1036 3750 καὶ
1059 3697 1273 3767 ὁμιλίας
1302 3695 1677 3751 indifferenter
1711 3697 2058 3752 adtnittemus
2079 3737 2092 3760 ,
2121 3715 2174 3752 nt

2277 3716 2399 3752 nam
2428 3700 2511 3754 vel
2558 3699 3018 3753 sanctissitnorum
3069 3699 3288 3754 Patrum
3324 3709 3596 3754 exsortem
3628 3701 3698 3754 ab
3744 3701 3841 3754 hac

605 3783 806 3840 invidia
837 3788 1250 3856 praestabimus?
1298 3787 1413 3843 Non
1446 3798 1592 3844 certe
1623 3803 1716 3843 vos
1751 3789 1914 3842 istum
1951 3789 2124 3858 ipsum
2179 3791 2442 3845 lsidorum
2472 3801 2711 3846 vestrum
2734 3835 2748 3856 ,
2782 3808 2888 3846 non
2945 3795 3064 3861 ejus
3114 3794 3425 3861 magistrum
3475 3791 3533 3846 Β.
3571 3793 3840 3847 Joannem

602 3877 1048 3950 Chrysostomum
1071 3919 1086 3943 ,
1119 3897 1226 3937 non
1257 3881 1509 3951 Magnum
1551 3879 1803 3935 Basilium
1829 3922 1842 3943 ,
1868 3896 1978 3934 non
2007 3881 2467 3954 Thaumaturgttm
2526 3885 2944 3947 Nazianzenum,
2984 3901 3091 3938 non
3123 3883 3453 3956 Tlteologum
3511 3885 3839 3954 Nyssenum,

615 3989 724 4026 non
760 3971 1007 4041 Ephraem
1033 3972 1481 4035 Theodidactum,
1504 3987 1612 4026 non
1646 3971 1947 4042 Syncsium,
1974 3988 2081 4026 non
2126 3973 2506 4046 Epiphanium,
2532 3976 2955 4040 Theodoretum,
3004 3993 3110 4031 non
3148 3978 3313 4030 ullum
3369 3979 3488 4046 ejus
3517 3980 3700 4033 aetatis
3731 3993 3837 4034 trs--

604 4073 869 4119 ctatorem
919 4075 1168 4119 sanctum
1211 4065 1278 4119 ab
1328 4063 1542 4134 injuriae
1589 4064 1752 4133 hujus
1793 4080 1932 4120 nexu
1977 4065 2267 4122 defendere
2298 4070 2428 4122 mihi
2461 4085 2697 4138 unquam
2733 4069 3004 4138 poteritis,
3036 4080 3130 4122 aut
3161 4070 3214 4121 in
3253 4080 3365 4123 tuto
3395 4071 3690 4126 collocare.
3732 4071 3837 4125 \‘iri

606 4158 811 4213 cordati
857 4159 1044 4212 beatos
1087 4174 1183 4213 vos
1225 4173 1344 4214 esse
1385 4159 1700 4228 praedicant,
1747 4160 1944 4227 quibus
1990 4160 2172 4214 datum
2208 4172 2368 4231 atque
2412 4178 2730 4216 concessum
2764 4163 2895 4215 site
2930 4173 3035 4214 tam
3069 4162 3236 4232 rigido
3274 4177 3481 4226 eorum,
3525 4179 3667 4232 quos
3706 4164 3836 4224 dixi,

606 4247 858 4303 instituto
902 4247 1131 4301 seorsim
1169 4247 1392 4302 sentire.
1441 4245 1530 4301 Sic
1574 4247 1717 4301 enim
1762 4247 1990 4300 alienam
2034 4250 2365 4320 religionem,
2399 4259 2452 4305 et
2479 4251 2747 4304 humanos
2780 4252 3089 4305 mortalium
3137 4254 3296 4305 Ιιιιειιε
3347 4253 3470 4306 odio
3514 4255 3754 4314 habetis,
3787 4266 3844 4306 nt

609 4346 792 4392 tamen
823 4339 979 4392 dotes
1007 4338 1345 4406 ingeniorum
1379 4339 1768 4402 humanorum,
1791 4355 1988 4408 easque
2020 4351 2181 4405 artes,
2218 4359 2349 4412 quas
2374 4345 2451 4397 eis
2471 4345 2702 4412 pratbuit
2731 4342 2969 4397 thhus
2996 4347 3206 4414 Apollo,
3241 4356 3298 4399 ttt
3328 4346 3629 4399 Homericis
3661 4349 3844 4401 verbis

607 4431 922 4499 exprimam,
956 4432 1218 4482 a-stimane
1245 4442 1295 4482 et
1324 4429 1575 4482 admirari
1609 4429 1924 4482 didiceritis.
1958 4429 2126 4485 Macte
2159 4432 2257 4485 hac
2291 4435 2525 4492 virtute,
2569 4451 2602 4487 ο
2638 4435 2934 4489 venerandi
2975 4437 3218 4488 seniores
3243 4475 3255 4494 .
3286 4453 3389 4504 qua
3425 4437 3478 4488 in
3515 4437 3649 4490 orhe
3680 4440 3841 4494 Chri-

609 4519 784 4573 stiano
834 4517 1051 4570 nomina
1083 4525 1262 4570 vestra
1313 4516 1630 4586 pmclivent
1661 4531 1724 4570 ac
1771 4518 2136 4572 celebrantur.
2177 4519 2340 4576 Vobis
2367 4525 2464 4592 ipsi
2497 4526 2659 4577 etiam
2707 4526 3001 4579 adversarii
3051 4526 3572 4594 hanejustissitnam
3626 4530 3842 4585 laudent

607 4609 750 4664 veris
779 4608 999 4662 calculis
1037 4607 1330 4677 assignant,
1358 4606 1500 4674 quod
1548 4606 1668 4676 plus
1710 4607 2081 4662 moderatione
2114 4621 2289 4665 vestra
2329 4615 2469 4682 apud
2502 4615 2888 4669 dissentientes
2917 4615 3225 4685 proficiatis,
3260 4633 3419 4686 quam
3448 4618 3543 4681 illi,
3573 4635 3713 4688 quos
3748 4626 3842 4676 mi-

611 4711 714 4750 nus
738 4697 936 4750 dudum
972 4695 1283 4759 memoravi,
1324 4711 1444 4749 cum
1472 4697 1725 4750 omnibus
1773 4698 1884 4752 suis
1919 4702 2142 4754 annalis
2175 4704 2344 4771 copiis
2375 4705 2438 4757 ad
2489 4706 2678 4776 rigoris
2708 4716 2886 4760 cotem
2918 4709 3202 4770 sanciatis,
3232 4710 3428 4776 quibus
3466 4713 3733 4780 stepcfieri
3767 4719 3842 4770 af-

610 4788 844 4848 firmant,
871 4796 928 4840 ut
968 4787 1136 4853 magis
1161 4788 1473 4851 destruant,
1507 4804 1665 4857 quam
1695 4789 1980 4853 aedificent,
2009 4794 2241 4849 cadant.
2267 4811 2426 4863 quam
2459 4798 2699 4851 vincant.
2729 4798 2914 4853 Valete
2937 4841 2950 4862 ,
2983 4809 3037 4852 et
3069 4801 3379 4854 comitatem
3415 4817 3588 4856 meant
3612 4848 3624 4867 ,
3676 4824 3840 4876 quam

609 4877 813 4932 Isidoro
832 4887 1009 4931 vestro
1042 4877 1326 4938 servando,
1354 4887 1407 4931 et
1434 4879 1586 4931 vobis
1611 4881 1664 4932 in
1697 4879 1798 4934 hoc
1825 4883 2097 4936 schemate
2130 4887 2568 4952 reptrescntando
2598 4888 2829 4942 libenter
2860 4891 3117 4958 impendi,
3153 4893 3277 4946 boni
3309 4895 3606 4961 consulite;
3637 4904 3838 4968 majora

609 4986 637 5023 a
667 4985 751 5024 me
784 4971 1158 5038 praestolaturi,
1190 4971 1233 5025 si
1254 4971 1404 5025 vobis
1433 4972 1670 5025 studium
1718 4983 1878 5041 atque
1923 4975 2153 5028 ofliciutn
2192 4994 2369 5031 meum
2421 4981 2472 5031 in
2501 4981 2661 5034 rebus
2693 4982 2889 5036 vestris
2917 4983 3192 5039 litterariis
3219 4986 3489 5055 juvandis,
3523 5001 3578 5044 et
3617 5007 3716 5060 pro
3755 5010 3836 5057 ea,

608 5079 712 5132 qua
736 5063 912 5116 valere
946 5073 1101 5131 atque
1131 5077 1284 5132 posse
1313 5064 1611 5130 existimor,
1646 5068 1967 5121 auctoritate
1998 5071 2397 5136 promovendis.
2431 5072 2643 5140 placere
2677 5074 3010 5129 intellexero.

685 5157 997 5211 Serihcbam
1035 5157 1428 5213 Francofordia:
1461 5174 1489 5210 a
1520 5159 1572 5213 d.
1603 5176 1686 5213 xvt
1717 5159 1832 5213 Kal.
1878 5160 2110 5214 Martiae.
2147 5163 2208 5213 Λ.
2239 5163 2302 5217 C.
2435 5185 2493 5216 oo
2533 5183 2758 5221 tacntx.

637 5331 1120 5346 -—_———._______-_...

1123 5338 1484 5346 .——-———-—_

2093 5350 2426 5360 ———_‘
2445 5356 2956 5363 __.________.___-__
2999 5360 3092 5363 _____

1407 5458 1906 5518 TYPOCRAPIIL’S
1960 5465 2289 5530 LVTIQUzE
2343 5468 2703 5527 EDITIONIS
2758 5475 2946 5530 LIBRI
2981 5480 3015 5526 ι·

2017 5559 2308 5616 LECTORI
2356 5563 2409 5616 S.

682 5704 822 5762 Duos
849 5709 1046 5780 quidem
1079 5709 1301 5765 Isidoros
1335 5712 1458 5767 locu
1490 5716 1899 5786 temporibusque
1931 5718 2160 5787 dissitas,
2204 5728 2376 5790 patria
2407 5743 2604 5798 quoque
2641 5733 2882 5798 diversos,
2917 5736 3000 5787 εει-ιι
3029 5740 3374 5793 sanctimonia
3412 5741 3575 5798 socios
3607 5744 3820 5814 jam-tim
