3972 6426
609 335 710 397 119
1731 340 2159 399 ιίιοιειὶολιι

2331 341 2514 399 ΕυΙΤ.
2559 341 2791 399 PARIS.
3762 331 3849 392 1‘20

613 555 882 569 -___.._.-
905 559 1034 565 »_-_
1051 558 2060 568 “W—_—
2075 561 2138 567 _-
2153 558 2528 567 ._____...—.-——
2543 557 2664 564 ———-——

1192 714 1478 772 ISAACUS
1510 714 1954 774 CASAUBONUS
1989 715 2316 774 CUNRADO
2413 709 2906 772 RITTERSHUSIO
2935 715 3021 772 lC.
3064 715 3122 770 S.
3171 716 3236 770 ι).

673 893 911 950 Avebam
953 893 1112 957 scire,
1149 904 1207 948 ut
1256 895 1484 960 valeres,
1515 906 1586 949 -et
1628 897 1756 966 quid
1788 912 1993 967 ageres.
2035 896 2335 950 clarissime
2373 894 2719 956 llitterﬂmsi,
2754 893 3096 963 mirabarque
3119 894 3263 948 binis
3289 893 3428 946 meis
3468 887 3846 959 superioribus

601 985 806 1040 nullum
828 1001 857 1038 a
887 993 940 1039 te
971 998 1286 1052 responsum
1316 1000 1437 1039 esse
1462 985 1666 1048 datum,
1702 996 1760 1039 ut
1804 1001 1902 1040 nec
1931 1001 1959 1038 a
1991 985 2244 1055 Scipione
2289 983 2486 1038 Gentili
2512 1025 2524 1048 ,
2577 985 2866 1039 auidemir
2909 995 3103 1040 vestra:
3134 986 3336 1038 lumine
3371 983 3677 1053 quidquam
3712 980 3845 1032 litte-

601 1091 780 1128 rarum
811 1076 1012 1144 accepi,
1039 1083 1321 1145 postquam
1353 1091 1417 1130 es
1445 1075 1638 1131 itinere
1669 1076 1872 1131 Gallico
1907 1076 2085 1130 istliue
2117 1086 2201 1131 est
2234 1091 2506 1138 reversus,
2540 1090 2796 1146 eramque
2829 1077 2964 1131 adeo
3004 1076 3070 1131 de
3112 1076 3392 1143 utriusque
3425 1084 3676 1128 vestrum
3713 1073 3847 1123 uile-

602 1167 787 1221 Iudine
816 1183 878 1221 ac
907 1177 1052 1223 statu
1079 1167 1360 1233 sollicitus,
1384 1182 1507 1223 cum
1549 1169 1700 1223 misit
1741 1167 1804 1222 ad
1854 1183 1940 1223 me
1971 1167 2159 1239 Bongal

2343 1171 2372 1222 6
2409 1168 2517 1220 τῶν
2545 1167 2690 1236 ἱμῶν
2730 1167 2900 1237 φίλων
2934 1170 3127 1231 ᾶωτος,
3175 1167 3464 1236 epistolam
3516 1165 3671 1217 illam
3710 1171 3848 1214 tuam

601 1271 759 1324 quam
792 1257 1005 1326 utrique
1035 1266 1277 1313 nostrum
1306 1273 1648 1315 communem
1668 1259 1800 1313 'csse
1830 1258 2064 1314 voluisti.
2117 1257 2350 1315 Gavisus
2379 1274 2495 1312 sum
2530 1274 2637 1311 non
2684 1258 3054 1319 mediocriter,
3088 1265 3143 1310 et
3177 1257 3319 1324 quod
3358 1256 3641 1308 valentem
3693 1260 3744 1304 te
3775 1250 3850 1301 iu-

602 1349 800 1412 t.-llexi,
829 1360 883 1404 et
919 1350 1058 1420 quod
1092 1352 1164 1406 ita
1198 1352 1252 1405 in
1287 1352 1490 1407 litteras
1515 1351 1830 1414 animatum,
1873 1359 1929 1404 ut
1960 1350 2099 1405 bene
2128 1351 2196 1406 de
2219 1351 2323 1404 illis
2365 1350 2606 1404 merendi
2656 1350 2816 1405 linem
2851 1349 3058 1404 nullum
3097 1348 3282 1402 facias.
3315 1346 3448 1401 Nam
3479 1344 3629 1416 quod
3661 1341 3853 1395 scribis

601 1443 669 1495 de
703 1445 930 1512 repertis
961 1443 1020 1497 Il.
1047 1443 1221 1500 Patris
1246 1444 1433 1500 lsidori
1464 1443 1750 1501 Pelusiota
1772 1445 2034 1514 epistolis,
2077 1455 2134 1501 et
2167 1455 2257 1500 tua
2293 1461 2420 1501 cura
2447 1445 2732 1516 descriptis
2769 1457 2930 1514 atque
2969 1444 3036 1498 ad
3074 1443 3344 1498 edendum
3387 1441 3593 1512 parulis
3621 1457 3636 1493 :
3672 1433 3847 1490 beasti

605 1553 709 1601 me,
754 1539 823 1591 mi
874 1540 1217 1606 llittersbusi,
1264 1541 1366 1597 hoc
1414 1542 1713 1613 evangelio.
1749 1543 1919 1598 Macte
1954 1543 2058 1599 hoc
2109 1543 2287 1599 studio
2332 1553 2493 1612 atque
2534 1544 2770 1598 bermmo
2801 1541 2923 1596 isto.
2959 1541 3119 1595 Multa
3154 1541 3373 1610 quidem
3409 1539 3501 1593 tibi
3545 1539 3663 1607 jam
3708 1551 3851 1604 resp.

603 1628 856 1684 litterario
889 1633 1072 1697 debet,
1094 1644 1315 1706 propter
1334 1637 1544 1708 egregia
1563 1636 1763 1707 ingenii
1791 1639 1868 1692 tui
1909 1638 2262 1705 monimenta,
2297 1639 2494 1709 quibus
2531 1638 2672 1692 illam
2703 1637 2920 1701 auxisti,
2958 1637 3198 1700 ornasti;
3239 1635 3334 1690 sed
3368 1648 3630 1705 magnum
3657 1647 3853 1686 cumu-

606 1724 716 1780 lum
759 1728 1023 1795 prioribus
1053 1731 1158 1786 tuis
1180 1731 1389 1787 meritis
1411 1732 1692 1802 adieceris,
1719 1733 1762 1786 si
1798 1741 1905 1787 tam
1941 1733 2090 1804 pium
2121 1745 2178 1790 et
2214 1734 2486 1789 eruditum
2524 1732 2842 1803 scriptorem
2876 1730 2936 1795 ἐξ
2972 1731 3097 1800 ᾅδω
3138 1729 3462 1799 παλίνορσον
3491 1727 3655 1781 nobis
3690 1724 3856 1780 dede-

603 1819 695 1882 riS,
725 1820 866 1888 quod
904 1821 1119 1890 quidem
1144 1832 1203 1878 ut
1237 1823 1430 1889 facias,-
1459 1839 1566 1879 non
1601 1824 1786 1879 hortor
1821 1835 1872 1880 te
1901 1827 2101 1891 solum,
2145 1825 2238 1881 sed
2269 1827 2433 1881 etiam
2482 1839 2611 1895 rogo
2659 1833 2818 1892 atque
2866 1823 3145 1877 obtestor:
3179 1837 3245 1876 eo
3282 1820 3504 1890 quidem
3548 1819 3854 1872 vehemen-

602 1911 730 1975 tius,
763 1927 870 1980 quo
899 1913 1180 1982 pauciores
1211 1915 1371 1972 hodie
1416 1925 1544 1971 sunt
1577 1930 1809 1985 quorum
1850 1915 2030 1984 palato
2062 1914 2231 1986 dapes
2275 1915 2393 1970 istae
2443 1915 2674 1984 sapiant.
2720 1911 2826 1968 Sed
2878 1912 3018 1966 male
3065 1926 3326 1966 sanorum
3370 1910 3662 1965 hominum
3696 1922 3858 1961 voces

611 2009 846 2071 insanas,
879 2011 971 2079 qui
1023 2011 1229 2069 litteras
1279 2012 1495 2070 Gracas
1524 2013 1730 2070 faciunt
1762 2029 1870 2068 non
1901 2013 2079 2083 pauci,
2118 2028 2218 2082 pro
2271 2024 2361 2067 tua
2391 2011 2678 2083 prudentia
2727 2009 2882 2064 facile
2934 2007 3189 2078 intelligis
3217 2019 3337 2061 esse
3378 1999 3853 2067 contemnendas;

603 2113 765 2173 atque
823 2106 951 2161 illud
1015 2108 1196 2178 potius
1255 2109 1430 2170 nobis.
1485 2108 1575 2180 qui
1631 2108 1847 2163 illarum
1903 2109 2271 2178 praestantiam
2327 2122 2391 2162 ac
2434 2116 2816 2162 necessitatem
2867 2100 3252 2173 intelligimus,
3321 2113 3443 2154 esse
3496 2094 3849 2158 enitendum,

604 2211 662 2255 ut
683 2199 1015 2270 fugientibus
1051 2216 1271 2255 manum
1297 2203 1627 2272 injiciamus,
1657 2213 1732 2266 et,
1765 2203 1809 2258 si
1844 2216 2138 2272 possumus
2157 2240 2173 2266 ,
2207 2217 2360 2256 suam
2393 2199 2808 2256 aestimationem
2836 2213 2900 2252 ac
2922 2199 3158 2268 pretium
3184 2195 3292 2250 illis
3309 2195 3453 2266 apud
3472 2199 3606 2263 τοὺς
3629 2200 3852 2268 εὐφυεῖς

603 2296 731 2364 γοῦν
759 2296 867 2349 τῶν
889 2297 1021 2349 νέων
1060 2295 1413 2353 vindieemus.
1440 2296 1596 2365 Quod
1625 2306 1808 2353 autem
1831 2298 1916 2353 edi
1956 2298 2112 2367 cupis
2138 2295 2366 2352 Lutetiae
2399 2310 2536 2365 opus
2569 2304 2720 2348 tuum
2762 2292 2911 2363 (vere
2933 2291 3081 2348 enim
3113 2301 3265 2345 tuum
3296 2289 3577 2360 dixerim),
3603 2292 3672 2347 de
3701 2307 3765 2347 ea
3796 2307 3855 2347 re

603 2388 730 2458 quid
775 2387 907 2442 certi
938 2387 1233 2457 spondeam
1263 2388 1384 2454 tibi,
1415 2403 1527 2443 non
1555 2389 1731 2444 habeo
1767 2408 1779 2443 :
1827 2403 1951 2442 nam
1993 2387 2140 2442 lente
2169 2387 2257 2444 hic
2293 2385 2604 2442 Graecorum
2634 2383 2800 2439 editio
2844 2381 3089 2452 procedit
3114 2381 3264 2437 :ietsi
3292 2396 3402 2435 non
3431 2380 3590 2435 deest
3620 2381 3856 2452 quibus-

604 2487 727 2539 dam
758 2493 1061 2539 nostrorum
1085 2485 1536 2555 typograpborum
1567 2485 1781 2539 animus
1807 2495 1862 2540 et
1880 2483 2146 2540 lsidorum
2166 2493 2223 2538 et
2249 2483 2493 2553 reliquos
2524 2481 2712 2534 Patres
2739 2477 2958 2534 Graecos
2997 2475 3214 2532 edendi.
3245 2476 3431 2546 Itaque
3459 2491 3590 2531 eum
3613 2477 3798 2531 omnia
3823 2492 3854 2530 a

605 2588 658 2635 te
684 2579 886 2634 fuerint
910 2588 1114 2650 parata,
1155 2579 1238 2636 fac
1278 2596 1364 2636 me
1407 2591 1463 2636 ut
1493 2581 1695 2646 sciam;
1744 2591 1799 2636 et
1825 2579 2056 2642 conﬁde,
2087 2580 2200 2650 pari
2242 2580 2520 2651 diligentia
2560 2578 2615 2631 in
2649 2591 2714 2631 eo
2744 2575 2960 2648 negotio
3004 2581 3346 2628 \‘ersaturum
3373 2616 3386 2638 ,
3423 2587 3488 2628 ac
3519 2573 3565 2627 si
3596 2587 3720 2627 mea
3767 2587 3854 2626 res

603 2680 872 2742 ageretur.
915 2672 1060 2729 Vale.
1104 2672 1326 2732 ladridi
1358 2675 1426 2732 ad
1452 2676 1668 2742 urbem,
1699 2692 1757 2730 ιιι
1797 2674 1976 2729 Nonas
2011 2674 2291 2745 Septemb.
2325 2673 2454 2745 Clg.
2494 2673 2575 2744 l3.
2609 2670 2764 2725 Cllll.

627 2905 2159 2930 ~——U—_—_-—————

2331 2914 3135 2928 |—_—_
3166 2907 3830 2923 ..ιο-*Φῆ

1622 3055 1782 3117 Phil.
1815 3055 2152 3120 Scherbius
2189 3073 2267 3118 ex
2296 3055 2506 3116 animo
2541 3063 2707 3116 tuus.
2749 3057 2812 3115 S.

679 3171 935 3229 Libenter
958 3175 1060 3246 legi
1089 3176 1354 3232 lsidorum
1381 3187 1555 3242 tuum,
1586 3186 1662 3243 et,
1694 3187 1754 3233 ut
1781 3188 1934 3250 puto,
1961 3195 2072 3236 non
2101 3179 2219 3235 sine
2244 3178 2445 3234 fructu.
2479 3178 2703 3235 Miratus
2739 3194 2859 3234 sum
2899 3179 3294 3233 immanitatem
3329 3177 3426 3249 (ita
3451 3178 3603 3233 enim
3636 3189 3856 3250 Oportet

609 3267 779 3336 loqui)
809 3267 1052 3324 laborum
1086 3280 1322 3326 tuorum.
1353 3270 1516 3328 Feres
1541 3271 1796 3329 fructum.
1820 3273 1992 3340 Quem
2016 3274 2208 3328 illum?
2228 3273 2471 3330 Placebis
2491 3273 2823 3329 melioribus.
2850 3273 2960 3328 Sed
2988 3283 3046 3327 et
3069 3272 3317 3327 fortassis
3345 3270 3564 3327 auferes
3591 3272 3858 3328 invidiam

609 3357 753 3426 apud
780 3372 895 3424 eos,
929 3360 1126 3429 quibus
1155 3362 1438 3417 molestum
1465 3363 1587 3428 erit,
1613 3371 1666 3419 te
1701 3363 1767 3419 ad
1796 3378 2065 3419 summam
2104 3365 2243 3436 juris
2271 3365 2446 3420 civilis
2503 3365 2755 3434 peritiam
2790 3374 2997 3419 tantam
3038 3378 3221 3420 rerum
3261 3377 3539 3418 sacrarum
3584 3363 3857 3434 cognitio-

613 3462 735 3505 nem
763 3451 1088 3521 adjunxisse.
1123 3453 1273 3510 Nosti
1304 3455 1582 3528 ingenium
1611 3457 1930 3514 humanum.
1967 3458 2028 3513 Β.
2060 3458 2126 3515 ν.

617 3671 3826 3706 ._____.__..___________________________________

1766 3818 2647 3935 ARGUMENTA

1059 4063 1898 4158 EPISTOLARUM
1975 4068 2066 4156 S.
2151 4065 2602 4160 [SIDORI
2683 4065 3392 4160 PELUSIOTJE

1287 4253 1575 4317 Breviter
1606 4256 2043 4334 comprehensa
2089 4254 2522 4338 descriptaque
2565 4277 2602 4316 a
2641 4258 2710 4321 C.
2749 4259 3192 4323 Rittershnsio.

939 4542 1367 4652 ΑυουιιεΝτΑ
1406 4570 1589 4627 unm
1633 4571 1844 4627 PRIMI.

2348 4597 2418 4673 1Q
2443 4596 3077 4673 Charitatis_citcoiit_ium
3106 4642 3121 4664 ,
3173 4617 3309 4673 quad
3337 4601 3469 4673 nihil
3520 4613 3598 4654 est
3654 4605 3850 4673 majus.

689 4664 865 4737 iimsr.
905 4664 953 4737 l.
998 4663 1193 4717 Vocum
1213 4664 1619 4718 monasticamm
1652 4665 1935 4737 ἀποταγὴς
1959 4677 2006 4721 et
2039 4669 2175 4721 ὑπο-

614 4735 781 4802 ταγὴς
808 4735 1126 4800 explanatio.

686 4804 720 4856 ‘2
749 4802 931 4873 sancti
954 4814 1074 4858 sunt
1101 4805 1348 4859 carbones
1381 4804 1498 4873 igne
1524 4805 1699 4858 divino
1725 4809 1980 4866 succensi,

686 4873 720 4946 Ti
765 4871 954 4946 Opinio
1000 4891 1030 4926 a
1077 4891 1129 4928 re
1161 4871 1417 4946 immane
1453 4886 1708 4943 quantum
1759 4878 2022 4946 discrepat
2063 4895 2080 4930 :
2129 4888 2176 4930 et

616 4942 767 4996 uerba
799 4943 949 4996 laetis
979 4945 1282 4998 concedunt.

688 5012 720 5064 4
774 5010 900 5098 Vita.
933 5017 1204 5098 pruenti:
1252 5023 1347 5074 a'vi
1372 5035 1445 5076 est
1471 5018 1731 5098 stadium,
1783 5018 1836 5069 in
1867 5033 1979 5098 quo
2022 5018 2169 5098 nobis

616 5094 822 5134 szrenue
848 5082 1235 5158 decertandum
1279 5104 1385 5158 est,
1437 5091 1480 5146 si
1514 5087 1681 5158 futuri
1719 5082 1900 5141 surculi
1949 5087 2170 5152 praemia

619 5153 859 5217 consequi
897 5152 1132 5208 volumus
1145 5195 1157 5208 .
1218 5176 1222 5179 ·

685 5222 719 5273 5
760 5221 829 5290 lle
875 5225 1160 5290 asperitate
1204 5239 1252 5281 et
1277 5230 1592 5284 continentia
1627 5228 1746 5280 vita:
1771 5227 2094 5280 monasticm.

683 5293 720 5368 ti
752 5289 907 5368 galia:
936 5289 1091 5368 apud
1137 5298 1390 5352 Davidcnt
1413 5299 1535 5365 quid
1567 5300 1844 5368 significet.

689 5359 948 5437 [Christi
971 5359 1312 5437 _’genealogia
1373 5359 1808 5422 materna'simul
1848 5385 1908 5422 ac
1949 5377 2169 5437 paterna

616 5443 679 5482 ex
717 5430 921 5497 familia
961 5432 1174 5490 Davidis
1213 5430 1511 5493 deducitur.

686 5502 719 5575 li
754 5499 829 5575 Qe
864 5517 992 5554 cura
1019 5509 1220 5575 corpori
1251 5518 1297 5561 et
1316 5512 1506 5563 anima:
1527 5507 1888 5575 impendenda.

689 5571 720 5621 9
755 5569 842 5647 De
865 5569 1243 5647 so_ntniis,'qua'
1267 5595 1330 5632 ea:
1362 5569 1626 5632 diuturnis
1656 5577 1947 5631 actionibus
1967 5595 2171 5631 atrum-

618 5655 717 5718 que
751 5641 989 5718 reliquiis
1007 5641 1162 5718 noctu
1199 5664 1289 5715 per
1325 5652 1544 5718 quictcm
1584 5648 1730 5702 nobis
1764 5647 2053 5715 offeruntur
2079 5663 2093 5711 ;
2123 5660 2167 5701 ct

617 5712 678 5764 de
717 5714 889 5766 studio
912 5712 1225 5772 sobrietatis.

2275 4665 2468 4734 Confer
2531 4667 2678 4722 Beati
2745 4668 2968 4722 Maximi
3022 4665 3381 4734 Euaton'rébac
3440 4672 3481 4723 δ’
3532 4673 3661 4742 περὶ
3713 4665 3852 4743 ἇγά-

2453 4804 2686 4881 Injurias
2729 4818 2779 4861 et
2833 4811 3180 4864 contumelias
3211 4826 3313 4865 non
3337 4825 3448 4868 esse
3478 4812 3851 4881 vindicandas,

2277 4876 2365 4929 sed
2397 4878 2652 4937 puticnlia
2685 4881 3030 4944 superandos.

2349 4946 2416 5017 te
2445 4945 2589 4999 Etati
2615 4950 2780 5000 animi
2812 4951 3160 5017 reprehensio.

2443 5018 2744 5091 admonitio
2775 5019 2835 5071 de
2863 5015 3031 5072 reditu
3058 5023 3126 5073 ad
3158 5023 3381 5091 ofﬁcium
3408 5024 3700 5078 desertum.

2353 5085 2679 5208 ildlfra'stat
2716 5091 2836 5142 bene
2861 5091 3024 5143 vivere
3051 5101 3098 5143 et
3136 5085 3306 5162 arjcre,
3337 5109 3495 5161 quam
3523 5093 3650 5147 bene
3679 5105 3729 5149 et
3763 5112 3849 5148 ar-

2353 5168 2397 5208 te
2467 5174 2614 5208 icere.

2278 5168 2397 5210 nate
2428 5168 2614 5210 dicere.

2350 5227 2417 5279 15
2445 5226 2750 5299 Coliortatio
2782 5231 2850 5282 ad
2873 5229 3112 5284 studium
3135 5233 3452 5288 humilitatis
3479 5243 3526 5285 ct
3554 5235 3847 5299 modestiw,

2278 5297 2513 5369 deposita
2535 5301 2850 5369 arrogantia
2879 5313 3034 5367 atque
3065 5304 3330 5369 superbia.

2351 5367 2547 5445 lfiSal
2572 5369 2857 5434 [ccuiidans
2912 5387 3075 5438 aquas
3124 5367 3337 5437 sparsus
3379 5373 3442 5426 ab
3480 5372 3682 5440 Elisco,
3720 5377 3845 5445 quid

2277 5439 2490 5505 mystice
2515 5439 2745 5491 denotet.

2346 5509 2422 5629 ΠΙ
2448 5507 2622 5627 Quare
2666 5508 2903 5563 Christus
2954 5512 3006 5563 in
3053 5508 3335 5581 Evangelia
3373 5514 3655 5582 quemdam
3691 5517 3756 5570 ab
3793 5534 3843 5567 ,ςι-

2349 5594 2396 5628 iu
2421 5595 2496 5629 cr:
2529 5620 2539 5628 .

2277 5588 2539 5629 renutant.

2349 5595 2539 5629 iutcru.

2331 5595 2417 5700 I18
2444 5646 2642 5700 Contra
2688 5648 2995 5703 Juda'orum
3037 5651 3329 5705 calumnias
3355 5652 3415 5708 de
3444 5665 3566 5708 ortu
3597 5654 3775 5710 Christ
3829 5671 3842 5703 :

2278 5717 2438 5788 deque
2480 5719 2861 5788 signiﬁcatione
2895 5722 3168 5790 particulis
3191 5724 3383 5790 donec,
3420 5740 3576 5796 quam
3609 5727 3763 5780 habct
3791 5741 3839 5779 sit
