3972 6410
180 358 270 424 133
1289 353 1696 417 PROLEGOM
1707 355 1854 416 ENA
1896 353 2096 416 EDIT.
2137 353 2384 414 PABIS.

175 478 237 529 do
265 472 476 527 relimus
525 469 752 526 nolimus
806 466 1162 538 relinquendae
1203 477 1348 530 sunt,
1403 463 1627 518 libenter
1673 483 1749 517 re-

174 547 464 612 linquamus
509 552 722 610 propter
785 539 968 604 Deum,
1013 549 1061 591 et
1128 539 1182 589 in
1239 551 1488 616 pauperes
1565 552 1748 606 eroge-

175 629 300 667 ιιιιιε.

239 685 305 738 30
340 683 412 737 De
466 691 761 749 contemptu
810 698 986 736 rerum
1043 679 1397 733 humanarum
1446 696 1556 748 pra!
1589 691 1744 747 regno

173 755 432 809 calorum.

237 826 294 877 51
334 824 592 876 Desiderii
623 823 787 877 amici
811 823 967 893 plena
1011 819 1253 888 epistola,
1279 822 1435 891 cujus
1463 821 1750 874 adventum

169 904 727 1087 aligﬁnmonitiodu
758 980 884 1017 cura
926 973 978 1017 et
1029 963 1319 1019 sedulitate
1351 961 1506 1034 Oﬁcii
1546 961 1751 1030 episco-

169 1055 228 1087 να
255 1054 318 1087 ΙΙ.
1134 1066 1142 1074 ·

199 1054 318 1091 lli“.
1134 1066 1142 1074 '

168 1055 663 1160 Ραὲἕίῖοιιαιιάιιιίο
694 1114 829 1160 recte
851 1103 1138 1174 factorum.

228 1176 296 1230 54
322 1175 545 1232 Virtutis
572 1178 809 1232 studium
845 1173 950 1229 non
991 1187 1068 1230 est
1114 1175 1369 1230 oblivioni
1405 1173 1743 1228 tradendum.

233 1246 302 1302 35
336 1247 700 1303 Calamitosus
734 1263 797 1300 ac
826 1248 987 1302 miser
1030 1247 1222 1300 desinit
1258 1262 1371 1300 esse
1399 1244 1742 1307 miserabilis,

163 1329 208 1372 et
232 1320 444 1372 odiosus
485 1335 599 1372 esse
644 1317 853 1384 incipit,
879 1319 926 1371 si
956 1317 1005 1371 in
1042 1317 1173 1386 ipsis
1221 1315 1450 1371 miseriis
1495 1316 1608 1371 suis
1642 1329 1745 1368 non

163 1388 420 1442 abstineat
452 1407 483 1442 a
518 1388 914 1442 calumniandis
937 1388 1080 1442 aliis.

225 1460 293 1513 56
322 1459 602 1527 Expositio
633 1459 763 1514 dicti
783 1459 1072 1529 prophetici
1105 1459 1168 1512 de
1189 1458 1239 1524 iii
1266 1466 1315 1512 et
1357 1457 1588 1528 eﬂicacia
1615 1470 1744 1526 pra:-

164 1530 444 1584 dicationis
467 1529 692 1585 Christi.

228 1601 294 1654 57
325 1600 639 1682 Indignitas
679 1597 997 1682 sacerdotis.
1030 1597 1165 1654 nihil
1223 1598 1446 1682 derogat
1495 1599 1742 1682 efficacia:

162 1675 528 1740 mysteriorum
583 1673 903 1738 divinorum,
952 1672 1059 1725 sive
1107 1671 1466 1739 symbolarum
1525 1671 1736 1723 salutis.

165 1741 294 1814 lteris
319 1744 463 1796 enim
501 1745 1016 1814 etiamindignoruni
1041 1747 1416 1814 malorumque
1438 1739 1737 1814 ministerio

163 1813 214 1863 in
243 1812 432 1866 bonum
460 1818 536 1866 uti
581 1824 770 1882 potest,
790 1811 840 1867 et
862 1812 1087 1881 peridin
1105 1813 1300 1864 animis
1327 1827 1510 1865 eorum
1536 1811 1628 1882 qui
1653 1825 1742 1882 sa-

160 1897 244 1955 cra
269 1880 597 1955 participant
632 1880 916 1955 efficaciter
952 1892 1222 1952 operatur.
1259 1882 1458 1954 Confer
1490 1880 1574 1953 cp.
1611 1880 1739 1946 120,

160 1952 246 2006 lib.
279 1971 316 2018 i,
337 1968 387 2010 et
413 1952 495 2023 ep.
516 1954 621 2008 510
637 1952 734 2010 lib.
759 1971 839 2009 Ill.

221 2025 288 2096 §8
311 2021 635 2096 Objurgatio
654 2025 786 2080 mali
803 2024 1101 2080 sacerdotis
1122 2021 1438 2078 scandalose
1453 2023 1696 2096 uiuentis.

221 2095 288 2149 39
333 2093 458 2150 Non
487 2093 718 2155 'tantum
759 2097 1158 2166 reprehensione
1208 2109 1411 2160 carere,
1444 2095 1536 2150 sed
1582 2093 1742 2149 laude

156 2170 348 2234 buoque
381 2169 660 2222 abundare
680 2179 906 2235 Oportet.

214 2237 282 2291 40
315 2237 500 2291 Ventri
528 2255 632 2307 quo
645 2249 804 2308 pacto
827 2235 1216 2303 imperandum.

218 2309 276 2380 ιι
315 2308 496 2380 Poena:
520 2311 751 2363 tarditas
768 2310 1028 2380 gravitate
1048 2316 1326 2380 pensatur.

220 2377 286 2433 ιε
297 2379 532 2434 Joannis
547 2376 1178 2450 Chrysos'tomiielegiuin,
1197 2377 1519 2450 auctoritate
1530 2376 1742 2433 Libanii

155 2457 397 2524 sophista:
450 2448 877 2524 comprobatum.
904 2449 982 2504 De
1025 2448 1342 2516 differentiis
1384 2465 1634 2520 generum
1653 2452 1739 2504 di-

156 2524 314 2580 cadi.
341 2523 541 2589 Confer
567 2523 662 2577 lib.
697 2538 749 2577 Iv
791 2536 872 2585 ep.
911 2558 928 2573 .
972 2559 987 2574 .
1036 2558 1051 2573 .

217 2595 284 2649 45
311 2589 416 2646 Pro
453 2594 838 2647 resurrectione
881 2604 1162 2659 corporum
1199 2591 1636 2649 ratiocinationes
1687 2604 1739 2649 et

153 2665 620 2719 demonstrationes
639 2663 1035 2732 philosophicw.

211 2736 277 2790 64
316 2733 642 2788 Exhortatio
665 2735 734 2786 ad
763 2734 1148 2804 eleemosynas,
1187 2745 1236 2789 et
1267 2735 1568 2790 deltortatio
1602 2752 1636 2789 α
1656 2753 1741 2791 ra-

152 2808 279 2872 pinis
306 2815 356 2877 et
385 2807 711 2877 spoliatione
753 2820 1064 2874 pauperum.
1088 2805 1252 2876 Rape,
1285 2821 1529 2876 congere,
1561 2807 1736 2877 aufer,

152 2876 370 2946 posside,
406 2875 813 2946 relinquendum
849 2884 948 2929 est.

208 2947 274 3002 b5
298 2945 480 3000 Etiam
517 2947 572 2999 in
598 2945 812 3000 virtutis
855 2947 1124 3000 exercitiis
1167 2947 1354 3001 modus
1402 2946 1734 3002 adhibendus

149 3027 236 3082 est,
261 3017 318 3089 fro
341 3019 487 3089 γὰρ,
523 3017 689 3086 μηδὲν
731 3017 891 3089 ἄγαν,
917 3018 1004 3089 pc
1024 3019 1240 3089 τέρπει.

214 3088 280 3144 46
320 3087 465 3169 Quid
499 3089 570 3142 sit
598 3088 1016 3169 respondendum
1051 3087 1142 3169 iis,
1165 3091 1257 3169 qui
1277 3090 1575 3169 nouit-atem.
1598 3090 1736 3169 obji-

150 3160 284 3213 ciunt
341 3158 789 3226 reforniatoribus
850 3158 1146 3228 religionis.
1179 3158 1453 3229 Notabilis
1491 3158 1737 3229 cpistola,

150 3245 256 3282 cum
286 3246 389 3300 qua
445 3229 685 3300 conferri
721 3239 939 3297 possunt
981 3230 1123 3300 dicta
1169 3228 1229 3284 S.
1261 3228 1528 3300 Cypriani
1552 3240 1601 3285 et
1630 3233 1739 3285 Au—

149 3299 336 3369 gustini
382 3301 438 3353 in
483 3299 582 3367 jus
635 3300 948 3369 canonicum
986 3299 1159 3354 relata
1210 3318 1244 3354 a
1299 3299 1580 3355 Gratiano.
1617 3300 1738 3355 για.

152 3368 278 3423 Dist.
307 3371 360 3431 8.
401 3375 456 3423 in
522 3380 662 3438 part.
722 3368 1169 3439 Deoreti.‘Conf.
1228 3373 1392 3425 etiam
1449 3371 1744 3426 Arnobium

150 3439 233 3495 lib.
269 3457 283 3495 ι
313 3437 600 3497 Adversus
627 3448 853 3510 gentem;
872 3451 920 3494 et
948 3437 1267 3496 Clementem
1301 3441 1741 3497 Alexandrinum.

212 3512 276 3567 b7
304 3512 592 3577 Quomodo
644 3510 1047 3583 intelligendum
1066 3513 1166 3583 sit,
1199 3514 1340 3583 quod
1389 3511 1540 3566 Esau
1573 3511 1742 3568 Jacob

149 3583 298 3649 fratri
351 3582 794 3651 primogenitum
810 3581 902 3651 jus
943 3581 1238 3636 uendidisse
1283 3585 1561 3639 scribitur.

195 3653 277 3709 '68
315 3651 674 3723 Primogeniti
707 3652 1157 3720 quidamrejecti,
1188 3655 1314 3708 aliis
1365 3655 1422 3708 in
1446 3670 1630 3708 eorum
1655 3653 1740 3709 lo-

149 3739 256 3777 cum
289 3723 556 3791 suffectis.

209 3795 276 3850 49
298 3793 526 3865 Jos_ephi
548 3795 768 3847 virtutes
793 3802 1150 3865 recensentur,
1164 3793 1227 3848 ob
1252 3811 1385 3865 quas
1408 3803 1456 3849 et
1476 3795 1738 3865 patrisuo

147 3877 188 3918 et
221 3863 620 3936 regigEgyptio
643 3865 838 3917 charus
871 3864 995 3936 fuit.

209 3933 478 3990 {iu—Noti"
513 3935 758 3990 debemus
817 3933 1016 4003 offendi
1069 3934 1434 4004 improborum
1481 3934 1737 3992 Ecclesia:

145 4008 433 4060 antistitum
473 4020 725 4075 perversa
757 4005 959 4060 vivendi
986 4006 1211 4062 ratione.

206 4079 264 4133 5|
302 4077 654 4139 Adhortatio,
700 4084 759 4129 ut
789 4075 879 4145 qui
919 4076 1108 4149 uirtuti
1151 4076 1364 4149 studere
1408 4079 1585 4148 capit,
1616 4095 1736 4149 per-

145 4158 226 4216 gat
271 4149 537 4202 bonorum
580 4162 788 4200 morum
844 4146 1041 4201 retibus
1076 4146 1348 4201 hominum
1402 4146 1734 4204 amoresve-

145 4234 271 4272 κση.

206 4289 270 4343 52
303 4287 629 4360 Sacerdotio
664 4286 810 4360 salua
851 4296 1027 4360 manet
1060 4303 1162 4360 sua
1192 4289 1450 4360 dignitas,
1476 4299 1534 4344 ut
1557 4291 1735 4345 maxi-

144 4374 214 4413 me
242 4359 544 4434 aliquando
597 4359 651 4412 in
685 4359 932 4428 indignos
962 4359 1207 4434 inciderit
1258 4359 1583 4434 sacerdotes.
1619 4361 1733 4416 Ne-

141 4444 229 4496 que
255 4429 393 4485 enim
426 4430 568 4485 vitia
599 4444 948 4498 personarum
1000 4429 1104 4498 ipsi
1138 4439 1262 4484 sunt
1323 4432 1504 4487 ordini
1556 4433 1732 4503 impu-

143 4504 312 4555 tanda.

204 4570 271 4625 55
299 4571 512 4627 Contra
556 4571 780 4626 nimium
814 4569 1019 4625 cultum
1071 4581 1122 4627 et
1147 4575 1348 4641 ,fiicum
1384 4572 1726 4641 feminarum.

141 4658 232 4709 quo
259 4643 468 4697 libidini
496 4642 736 4712 praebent
755 4643 1077 4696 incendium.
1106 4640 1731 4710 Notabilishistoria,de

143 4722 250 4765 astu
275 4724 321 4767 et
350 4715 475 4768 dolo
531 4713 668 4766 bono
719 4713 1002 4781 cujusdam
1048 4713 1258 4781 puellae.
1287 4730 1404 4782 aute
1439 4728 1732 4769 amatorem

145 4797 244 4836 suc
275 4786 556 4853 pudicitia:
576 4784 804 4837 insidias
838 4793 1128 4836 struentem
1174 4783 1445 4853 eleganter
1472 4786 1629 4838 elusit
1668 4803 1730 4839 ac

144 4855 352 4922 decepit.
391 4855 596 4924 Confer
630 4869 749 4908 cum
793 4854 894 4906 hac
953 4855 1110 4923 epist.
1168 4853 1483 4909 Tertulliau.
1518 4856 1610 4909 lib.
1658 4856 1732 4913 De

143 4926 279 4978 cultu
319 4925 514 4980 retain.

210 4996 273 5050 54
302 4995 425 5051 Non
480 4995 932 5050 succumbenduin
965 4995 1022 5048 in
1078 4996 1314 5050 adversis
1368 5012 1484 5064 qut:
1507 5011 1603 5065 pro
1638 4997 1730 5052 Dei

148 5065 304 5137 gloria
341 5069 706 5130 sustinemus;
731 5067 822 5120 sed
862 5066 1074 5120 animus
1104 5070 1343 5137 exemplo
1363 5069 1730 5135 apostolorum

145 5135 518 5204 obfirmandus.

208 5206 272 5261 55
318 5207 619 5264 Detestatio
669 5206 1005 5262 crudelitatis
1055 5210 1308 5261 adversus
1362 5209 1647 5280 supplices,
1680 5221 1730 5264 et

147 5280 526 5334 commendatio
556 5280 911 5333 humanitatis
946 5293 1009 5330 ac
1043 5280 1444 5332 misericordite.

207 5347 274 5402 56
311 5348 422 5405 Cur
454 5349 603 5404 Deus
632 5365 736 5403 non
769 5350 948 5402 omnia
976 5350 1124 5418 plene
1155 5350 1208 5402 in
1251 5352 1350 5403 hac
1382 5354 1487 5404 vita
1517 5367 1610 5405 nos
1635 5368 1728 5405 co-

145 5433 373 5483 gitescere
399 5422 624 5476 voluerit
653 5461 668 5477 .

217 5489 278 5542 57
334 5491 744 5547 Commendatio
793 5489 1098 5545 sobrietatis
1156 5491 1210 5544 in
1272 5491 1431 5557 victu,
1467 5503 1516 5546 et
1569 5493 1728 5547 luxus

148 5559 471 5628 uituperatio.

207 5629 271 5684 58
301 5632 372 5686 De
399 5633 578 5687 Paulo
603 5630 844 5701 apostolo
869 5632 1111 5699 cupiente
1141 5631 1260 5700 ﬁeri
1287 5633 1570 5686 anathema
1620 5635 1728 5688 sive

147 5697 269 5775 diris
294 5701 476 5775 deﬁgi.
513 5697 648 5775 dum
679 5703 873 5775 fratres
901 5697 986 5755 sui
1019 5697 1200 5775 iudici
1223 5715 1580 5760 seruarentur.

211 5769 278 5826 59
302 5769 615 5829 Admonitio
649 5773 879 5828 hominis
934 5773 1152 5840 perditi,
1186 5790 1318 5827 sana
1372 5775 1600 5834 consilia
1645 5792 1728 5832 reo

152 5844 390 5910 spientis.

3341 338 3454 406 134

1891 483 1894 486 ’
1927 465 1997 519 60
2042 468 2392 519 b‘acerdotum
2426 476 2710 532 avarorum
2737 460 3060 532 objurgatio.

1926 536 1989 588 (il
2035 535 2114 586 Ad
2147 538 2380 605 gratiam
2417 533 2617 588 Christi
2657 529 2957 586 Saluatoris
3018 537 3267 587 accedere
3295 529 3446 587 debet

1855 606 2123 660 industria
2158 607 2416 658 humana.
2680 623 2691 632 ·

1939 675 2010 728 (-2
2039 677 2344 730 Admonitio
2368 675 2431 729 de
2461 673 2726 729 seruanda
2770 675 3100 729 continentia
3145 678 3446 743 oculorum.

1854 756 1902 801 et
1933 746 2144 817 vitando
2159 762 2441 817 congressu
2463 753 2515 802 et
2543 756 2757 817 aspectu
2781 744 3070 800 libidinosa
3101 746 3444 816 feminarum.

1855 816 2052 886 Confer
2085 833 2167 886 ep.
2200 815 2275 871 89
2299 817 2394 872 lib.
2430 819 2471 883 i‘,
2501 824 2551 870 et
2577 831 2658 884 ep.
2697 815 2804 870 278
2832 833 2897 870 ac
2930 817 3058 884 284,
3097 815 3231 882 infr.
3257 822 3312 878 li.
3348 824 3444 879 lib.

1855 903 1916 943 ιι.
1941 899 1994 943 et
2013 904 2096 943 en.
2119 889 2209 943 65.
2242 887 2337 943 lib.
2376 903 2460 942 ιιι.
2496 925 2512 940 .
2551 927 2566 941 .
2607 925 2622 940 .
2661 924 2678 941 .

1853 903 1916 954 ii,
1941 899 1994 943 et
2013 904 2096 954 ep.
2119 890 2209 953 65,
2242 890 2337 945 lib.
2376 903 2460 942 ιιι.
2496 925 2512 940 .
2551 927 2566 941 .
2607 925 2622 940 .
2661 924 2678 941 .

1922 958 1996 1014 68
2030 958 2107 1014 De
2135 959 2329 1030 divinis
2361 958 2622 1022 oraculis,
2656 968 2705 1012 et
2758 958 2926 1028 ofﬁcio
2983 960 3286 1030 interpretis
3322 965 3451 1018 illo-

1853 1045 1994 1096 rum,
2026 1047 2090 1086 ne
2115 1031 2218 1085 vim
2250 1029 2377 1099 ipsis
2414 1031 2628 1098 afferat.

1923 1104 1994 1154 64
2024 1100 2230 1156 Contra
2253 1098 2342 1154 eos
2363 1103 2455 1170 qui
2477 1099 2804 1170 professione
2831 1098 3144 1158 Christiana
3167 1103 3445 1176 indignam

1850 1171 2044 1224 deaunt
2070 1173 2252 1224 vitam.

1887 1181 2044 1226 eattnl
2070 1173 2252 1225 vitam.

1917 1189 2044 1242 gunt
2070 1189 2252 1225 vitam.

1916 1243 1986 1315 εδ
2022 1242 2341 1312 Objurgatio
2399 1240 2692 1315 sacerdotis
2751 1241 3117 1310 improbi,sua
3173 1244 3446 1315 impietate

1849 1313 2385 1383 inultasueorrumpen
2396 1314 2484 1367 tis.

1923 1383 1993 1437 66
2028 1379 2495 1454 Exponitur'lcens
2515 1379 2917 1452 psalmiuiiii,
2940 1399 2988 1439 ν.
3015 1385 3114 1440 15;
3132 1403 3153 1438 i
3181 1384 3259 1440 Tu
3276 1385 3448 1442 sicca-

1849 1454 1918 1506 sti
1947 1453 2142 1522 fluvios
2167 1453 2410 1507 lit/tam.
2455 1472 2472 1504 i

1921 1527 1986 1581 δῖ
2027 1525 2228 1581 Contra
2253 1525 2500 1580 rindictce
2525 1523 2896 1592 cupiditatem.

1921 1598 1990 1652 (58
2023 1593 2346 1670 Exhortatio
2381 1596 2450 1649 ad
2468 1597 2704 1670 seipsum
2734 1597 2787 1650 in
2833 1597 3046 1670 uirtutis
3081 1599 3260 1654 studio
3288 1615 3448 1670 supe-

1848 1671 2096 1733 randum,
2121 1681 2168 1721 et
2206 1667 2276 1720 ad
2318 1683 2438 1720 cera
2459 1669 2594 1720 bona
2618 1668 3053 1722 consectandum.

1915 1741 1985 1792 ες)
2014 1740 2089 1810 De
2120 1739 2327 1792 duobus
2386 1739 2702 1810 vitiosarum
2753 1740 3092 1810 sacerdotum
3143 1742 3440 1810 generibus.

1919 1811 1986 1865 70
2021 1809 2095 1864 De
2133 1810 2532 1882 prteparatione
2580 1809 2748 1862 animi
2797 1809 2867 1862 ad
2922 1809 3160 1866 divinam
3209 1824 3444 1882 gratiam

1842 1879 2253 1951 suscipiendam.

1916 1954 1979 2008 7i
2017 1951 2292 2019 llefutatio
2315 1951 2522 2020 frivola:
2544 1951 2931 2024 excusationis,
2963 1968 3070 2022 qua
3095 1954 3366 2024 improbus
3392 1964 3442 2012 et

1846 2022 2185 2080 Simoniacns
2212 2024 2489 2091 episcopus
2525 2023 2704 2092 fuerat
2734 2039 2883 2076 usus.

1908 2095 1980 2150 72
2011 2093 2191 2153 Docet.
2227 2094 2411 2147 uitium
2439 2110 2545 2147 non
2573 2110 2686 2148 esse
2726 2093 2929 2147 homini
2951 2108 3048 2162 per
3077 2105 3334 2151 naturam
3361 2097 3443 2152 in-

1843 2167 2025 2238 situm,
2054 2163 2146 2238 sed
2195 2165 2442 2238 contrahi
2478 2165 2916 2238 _assuefactione;
2962 2166 3183 2238 ideoque
3221 2183 3288 2222 ex
3339 2171 3442 2222 im-

1843 2237 2006 2308 probo
2035 2235 2208 2289 virum
2232 2233 2426 2288 bonum
2454 2236 2573 2306 fieri
2603 2233 2756 2305 passe
2782 2249 2802 2288 :
2830 2235 2972 2307 quod
3007 2233 3264 2308 exemplis
3288 2254 3437 2292 com-

1880 2308 2049 2362 robat.

1841 2326 2076 2435 prggal'ie
2101 2378 2340 2432 utilitate
2369 2376 2615 2430 lectionis
2650 2393 2932 2431 sacrarum
2960 2377 3314 2434 Litterarum.

1904 2451 1974 2506 7b
2016 2447 2238 2504 Utilitas
2290 2449 2618 2520 morborum,
2673 2449 3013 2520 aliarumque
3068 2450 3442 2506 calamitatum

1843 2539 1947 2577 non
1975 2531 2245 2591 postrema
2263 2529 2361 2586 est,
2380 2519 2519 2592 quod
2543 2520 2782 2592 reprimit
2811 2519 2967 2589 atque
2993 2524 3222 2592 castigat
3250 2539 3440 2591 snper-

1843 2589 2006 2658 biam,
2037 2607 2214 2645 rerum
2247 2589 2603 2644 secundarum
2633 2590 2898 2644 comitem.

1903 2664 1974 2718 75
1993 2661 2316 2732 Objurgatio
2343 2660 2573 2730 improbi
2608 2669 2658 2713 et
2689 2659 2940 2732 Epicurei
2969 2661 3290 2718 sacerdotis.

1892 2734 1962 2788 76
1993 2731 2077 2787 De
2097 2731 2524 2798 calamitatibus,
2553 2747 2687 2801 quas
2713 2747 2861 2784 nemo
2890 2731 3165 2804 hominum
3209 2734 3441 2804 effugere

1840 2814 2032 2876 potest,
2064 2804 2274 2872 fortiter
2293 2804 2642 2873 perferendis,
2674 2817 2738 2855 ne
2779 2802 3161 2857 tentationibus
3199 2802 3441 2860 succum-

1843 2877 2053 2930 bamus.

1899 2946 1965 2998 77
2011 2944 2384 3014 Saepenumero
2439 2946 2614 3014 fatum
2659 2956 2722 2996 ne
2771 2943 2983 3013 quidem
3013 2945 3442 3012 praznuntiaturn

1844 3016 2073 3087 effugere
2098 3017 2334 3071 homines
2363 3026 2602 3085 possunt.

1901 3088 1972 3143 78
2008 3087 2296 3142 Extraneis
2326 3097 2484 3157 atque
2538 3089 2738 3158 ignotis
2791 3087 3092 3156 benefacere
3132 3087 3310 3158 major
3359 3102 3441 3145 est

1846 3157 2205 3230 uirtusquam
2235 3160 2291 3212 in
2321 3157 2643 3229 propinquos
2671 3173 2721 3215 et
2767 3166 2921 3214 notos
2974 3174 3105 3230 esse
3129 3157 3432 3214 liberalem.

1906 3228 1972 3283 79
2004 3227 2182 3302 Monet
2223 3227 2546 3302 episcopum,
2581 3247 2647 3285 ne
2694 3239 2856 3286 cesset
2912 3227 3211 3298 improbum
3250 3232 3440 3302 objur-

1848 3316 1974 3372 gare
2007 3310 2057 3372 et
2088 3301 2158 3354 ad
2190 3299 2456 3372 meliorem
2489 3300 2694 3371 frugem
2723 3315 2987 3356 reuocare.

1909 3369 1978 3425 80
1999 3371 2310 3424 Admonitio
2339 3380 2390 3424 et
2417 3369 2714 3439 increpatio
2751 3371 2978 3440 improbi
3033 3387 3098 3425 ac
3120 3375 3319 3439 perditi
3348 3374 3443 3430 ho-

1847 3441 2047 3515 mi_nis,_
2057 3457 2124 3495 ne
2155 3457 2261 3515 una
2277 3457 2402 3515 cum
2419 3442 2534 3515 ipso
2559 3442 2658 3515 alii
2688 3458 2892 3515 quoque
2908 3442 3222 3515 perdantur.

1910 3513 1972 3567 81
2007 3512 2119 3566 Cur
2155 3512 2376 3582 quidam
2423 3514 2587 3566 etiam
2625 3512 3005 3580 inuoluntariis
3057 3513 3250 3568 morbis
3287 3516 3410 3571 laba

1845 3592 2025 3706 rgn‘tes
2067 3598 2101 3636 a
2152 3583 2346 3654 templo
2394 3596 2488 3651 per
2541 3584 2884 3639 interdictum
2911 3583 3042 3655 legis
3089 3584 3288 3654 fuerint
3342 3603 3441 3643 ex-

1845 3669 1871 3706 c
1898 3671 1928 3706 ιι
1962 3671 2000 3706 ι.

1843 3665 2000 3708 ειιαι.

1899 3723 1970 3799 82
2003 3722 2205 3799 contra
2233 3723 2935 3799 speculaandrogynorum.

2027 3793 2271 3849 Conatur
2339 3793 2936 3853 dissidentei'amicos
2981 3795 3037 3849 in
3099 3800 3441 3858 concordiam

1938 3881 2098 3918 iocre.

1842 3880 2098 3934 reaigere.

1908 3937 1978 3991 84
2009 3935 2198 3993 Hostes
2231 3954 2336 3993 non
2357 3946 2484 3993 sunt
2517 3941 2864 3997 concludendi
2920 3943 2977 3997 in
3032 3954 3302 3998 extremas
3340 3961 3441 3998 aii-

1839 4008 2046 4085 gustias
2079 4023 2143 4062 ne
2173 4007 2380 4085 irritati
2434 4013 2719 4073 consilium
2741 4029 2775 4068 a
2808 4014 3116 4069 necessitate
3153 4026 3358 4085 petant,
3388 4026 3440 4070 et

1838 4077 2128 4146 plurimum
2163 4081 2315 4140 nobis
2348 4093 2589 4137 noceant.

1894 4149 1964 4204 85
1979 4147 2053 4204 Di
2097 4149 2329 4227 duorum
2361 4153 2674 4227 angelorum
2696 4169 2853 4227 super
2878 4154 3088 4210 Iudicis
3106 4173 3172 4210 ex
3206 4153 3444 4227 Babylo~

1838 4221 1960 4272 nica
1983 4221 2284 4291 captivitate
2308 4221 2624 4278 redu'cendis
2659 4221 3017 4291 contentione,
3052 4229 3104 4280 in
3138 4221 3366 4281 historia
3385 4239 3437 4282 et

1836 4291 2039 4363 visione
2061 4288 2304 4363 Danielis
2332 4295 2621 4363 prophetat.

1900 4361 1968 4416 86
2002 4360 2199 4445 Quare_
2223 4360 2359 4446 Deus
2389 4360 2496 4418 non
2537 4366 2717 4420 omnia
2769 4378 2987 4435 peccata
3041 4369 3228 4424 iisdem
3273 4370 3438 4437 plenis

1835 4447 2043 4501 semper
2066 4444 2319 4501 punierit.

1892 4502 1961 4580 87
1988 4500 2315 4580 Igzrhoi‘tatio
2343 4503 2614 4580 Laconica
2670 4508 2740 4580 ad
2781 4509 3028 4578 pietatem
3058 4522 3108 4565 et
3135 4511 3434 4580 justitiam.

1890 4572 1960 4627 88
1987 4573 2378 4652 Cur_Christus
2411 4577 2669 4652 laudarit
2679 4572 2933 4652 feminam
2963 4572 3288 4652 unguentum
3319 4600 3438 4652 pre-

1839 4643 2033 4697 tiosum
2063 4645 2442 4716 effundentem,
2465 4658 2513 4702 et
2554 4650 2616 4703 ob
2654 4643 2709 4702 id
2745 4650 2811 4703 ab
2847 4643 3103 4719 apostolis
3157 4643 3438 4723 reprehen-

1835 4730 1973 4768 sam.

1886 4785 1956 4867 89
1993 4783 2311 4867 Exhortatio
2344 4789 2435 4867 ad
2488 4790 2704 4867 cultum
2755 4793 3135 4867 capessendum
3195 4795 3440 4867 virtutis,

1835 4866 2061 4941 os‘t‘e‘ns‘a‘
2074 4858 2187 4926 ejus
2201 4859 2631 4941 pulchritudine,
2655 4877 2773 4941 qua:
2795 4858 2955 4941 vincit
2983 4867 3187 4941 omnia.

1979 4926 2290 5008 admonitio
2314 4926 2972 5008 de_ca_i-endis'ha:resibus
2990 4951 3022 4989 a
3052 4936 3267 4991 diabolo
3297 4941 3437 4994 exci-

1837 5001 1963 5070 tatis
1988 5001 2043 5070 in
2067 5001 2357 5070 perniciem
2381 5003 2593 5057 invicta:
2624 5005 2886 5060 veritatis.

1898 5067 1961 5145 8]
2100 5070 2398 5145 Areopago,
2420 5073 2560 5128 unde
2588 5091 2776 5145 nomen
2809 5077 3090 5145 acceperit.

1895 5139 1965 5218 82
1999 5139 2144 5218 bl‘ars
2169 5139 2584 5211 obint'erfectum
2618 5139 3049 5218 Halirrhothium
3077 5156 3435 5218 stupratorem

1834 5210 1964 5291 ﬁlite
1992 5210 2260 5281 Alcippes,
2289 5210 2453 5283 quam
2501 5230 2565 5268 ex
2604 5217 2844 5291 Agraula
2888 5216 3138 5291 Cecropis
3163 5210 3297 5287 'ﬁlia
3340 5239 3435 5291 per

1834 5282 1939 5357 vim
1989 5282 2308 5357 compressa
2348 5282 2672 5357 susceperat,
2699 5305 2732 5341 a
2777 5286 3025 5357 Neptuno
3057 5282 3436 5349 'Hal'irrhot'hii

1834 5351 1947 5420 filio
1970 5354 2160 5428 capitis
2204 5351 2508 5428 accusatus,
2537 5356 2600 5409 ab
2651 5351 2994 5428 Areopa'gitis
3050 5361 3433 5419 condemnatus

1833 5434 1930 5476 cst.
1966 5422 2209 5502 "indeque
2249 5427 2469 5502 'Apsio;
2501 5428 2674 5502 rid-ro;
2691 5422 2843 5502 quasi
2867 5422 3057 5502 blattis
3089 5431 3242 5485 vicus
3259 5434 3433 5489 dictus

1833 5505 1912 5566 est
1957 5494 2116 5563 Conf.
2155 5494 2489 5552 Pausaniam
2521 5494 2823 5566 iu‘Atticis,
2846 5510 2892 5556 et
2924 5499 3153 5556 Suidam
3182 5503 3237 5554 in
3281 5507 3432 5560 verba

1838 5565 2058 5636 Ἄρειος
2091 5569 2286 5636 πάγος.

1905 5581 2476 5719 ὄέιῖοῶῗῖοξιιινερςαε
2507 5643 2825 5719 aquationes
2844 5643 3084 5719 derebui
3106 5659 3316 5719 captum
3337 5648 3434 5701 hu-

1833 5723 2066 5790 manum
2109 5711 2505 5790 sli-sperantibus.
2549 5712 2752 5790 Confer
2784 5732 2866 5783 ep.
2903 5713 3027 5790 ΨΟ,
3060 5711 3187 5790 infr'.
3218 5761 3234 5784 ,
3266 5732 3312 5774 et
3346 5731 3432 5790 ep.’

1834 5777 1940 5831 275
1969 5778 2088 5832 eod.
2123 5777 2217 5851 lib.
2254 5797 2313 5846 ll,
2341 5791 2390 5836 et
2417 5798 2497 5851 ep.
2548 5784 2616 5839 37
2661 5777 2757 5839 lib.
2791 5777 2872 5841 ιιι.
2909 5777 3129 5845 8ἰηέ.[εέ
3158 5777 3433 5849 sententiis

1837 5859 1958 5903 sunt
1990 5849 2131 5923 apud
2169 5849 2488 5908 Siracidem.
