3972 6458
176 410 280 478 157

169 540 374 588 tarum,
412 523 700 576 utilitatem
742 534 802 570 ac
836 514 1059 588 salutem
1089 510 1412 578 referuntur,
1449 519 1495 561 et
1529 509 1759 575 simplici

169 585 421 649 oratione
463 610 540 646 res
568 592 769 643 divinas
802 598 848 638 et
887 585 1131 637 sublimes
1160 589 1450 646 exponunt.

239 663 311 716 68
357 663 512 716 Inter
553 660 688 730 jussi
734 673 842 710 nem
890 668 932 708 et
963 650 1360 724 permissionem
1424 651 1646 702 multum
1691 651 1767 704 in-

168 745 438 856 ηΐίέὃιύε
471 801 806 864 ἰηεειὶριιοηε
854 794 1039 845 Attica:
1095 807 1204 845 ara:
1227 806 1248 842 :
1280 808 1297 840 t
1340 788 1526 859 Ignota
1571 789 1696 842 Deo.
1742 807 1760 840 ι

175 873 314 941 Ejus
345 875 490 924 ratio
522 887 583 922 ex
614 866 841 941 historiis
878 865 1110 941 repetita.

247 943 316 994 το
359 941 660 994 Consilium
698 933 1098 990 saluberrimum
1131 933 1191 984 de
1220 930 1364 984 bellis
1393 942 1439 984 et
1477 930 1766 982 contentio-

170 1013 326 1065 nibus
377 1005 525 1063 interi
555 1009 789 1061 homines
841 1003 1100 1067 sapiendis
1130 1018 1146 1054 :
1177 1017 1355 1066 nempe
1400 1017 1460 1052 ne
1509 1002 1640 1051 tanti
1686 1014 1765 1052 res

167 1088 424 1134 externas
461 1081 746 1149 faciamus,
785 1075 872 1127 sed
906 1073 1016 1125 suis
1055 1074 1231 1140 potius
1275 1071 1598 1139 ponderibus
1634 1085 1763 1123 exa-

168 1150 463 1203 mittemus.

247 1221 306 1274 71
361 1220 583 1272 Formm
611 1215 1055 1284 pulchritudinem
1080 1210 1210 1263 nihil
1241 1211 1452 1284 obstare
1477 1209 1760 1284 quominus

168 1292 284 1358 quis
338 1278 642 1358 castitatem
691 1285 827 1337 colat
879 1284 1170 1358 illibatam.
1216 1281 1470 1349 probatur
1514 1278 1764 1358 exemplis

169 1349 394 1425 Josephi
443 1370 495 1411 et
543 1355 825 1410 Susannte.
876 1353 1183 1407 Notandum
1224 1362 1406 1404 contra
1453 1349 1763 1403 sententious

173 1429 431 1483 Oci-tioni
481 1443 658 1480 versus
698 1442 718 1478 :

278 1497 374 1552 Lis
402 1507 490 1551 est
517 1510 640 1550 cum
676 1495 845 1548 farina
878 1505 1068 1560 magna
1096 1490 1390 1558 pmlicitiaa.

237 1566 312 1620 7‘2
359 1565 487 1620 Non
521 1580 641 1630 opes
666 1575 712 1617 et
741 1557 1039 1630 potentia'et
1070 1557 1292 1625 felicitas
1320 1558 1644 1621 accusanda,
1674 1557 1766 1610 sed

173 1639 386 1689 animus
425 1637 545 1706 ejus
583 1635 672 1704 qui
705 1634 785 1686 his
822 1649 920 1686 non
953 1639 1089 1684 recte
1129 1631 1321 1692 utitur,
1358 1632 1408 1682 in
1441 1632 1638 1681 crimen
1676 1643 1766 1680 vo-

172 1707 398 1758 candus.

242 1775 313 1828 73
357 1775 539 1844 Typus
583 1789 721 1826 arcae
752 1773 991 1844 foederis,
1035 1780 1080 1844 et
1127 1769 1508 1844 propitiatorii,
1558 1779 1603 1820 et
1648 1767 1767 1844 che-

177 1846 370 1908 rubim,
403 1839 460 1896 Et
493 1860 724 1905 manum,
753 1839 815 1895 ret
858 1842 1002 1908 virga
1036 1840 1281 1899 Aaranis,
1315 1839 1438 1905 quid
1476 1840 1761 1908 denotarit.

243 1915 310 1966 71
359 1906 585 1976 Judaei,
624 1924 893 1980 postquam
938 1906 1207 1980 Christum
1255 1913 1419 1962 tantis
1480 1906 1764 1980 affecerant

176 1984 539 2042 contumeliis,
576 1981 725 2048 finali
751 1976 821 2034 'et
863 1996 1128 2047 nunquam
1168 1979 1524 2031 instauranda
1559 1976 1763 2028 eacidia

177 2070 206 2105 a
239 2051 349 2104 Dea
374 2055 552 2114 puniti
585 2061 725 2104 sunt.

247 2123 316 2175 '75
355 2122 678 2174 Jadtcorum
721 2119 1010 2184 captivitas,
1060 2133 1215 2186 quam
1275 2134 1303 2170 a
1361 2115 1611 2186 Romanis
1655 2131 1771 2176 per-

183 2194 317 2256 pessi
349 2203 502 2251 sunt,
537 2194 652 2241 ideo
710 2207 740 2240 a
789 2189 986 2241 nemine
1021 2189 1124 2240 alio
1163 2199 1509 2254 praeterquam
1539 2185 1770 2251 Josepho

179 2260 370 2313 .lada'o
399 2260 634 2312 describi
669 2260 870 2322 debuit,
924 2272 975 2310 ut
1013 2258 1118 2324 fide
1139 2258 1348 2326 dignior
1384 2265 1515 2309 esset
1549 2256 1772 2307 historia

182 2331 416 2396 exemplo
444 2329 742 2382 carentium
775 2343 1156 2380 a'rumnarum.

253 2394 336 2453 76‘
375 2398 616 2468 Regnum
672 2399 918 2450 caelorum
972 2399 1076 2468 sive
1128 2396 1444 2468 prteconium
1499 2394 1772 2465 Evangelii

182 2486 342 2535 auare
371 2466 496 2522 cum
525 2484 689 2534 grana
720 2468 914 2534 sinapis
951 2485 981 2518 a
1018 2466 1228 2518 Christo
1254 2466 1576 2532 conferatur.

252 2539 320 2590 ’Π
362 2537 630 2603 Josephus
661 2535 922 2605 zEgyptia'
948 2536 1155 2604 femina:
1183 2547 1226 2588 et
1253 2536 1491 2587 libidinis
1517 2536 1699 2588 victor.

254 2609 324 2662 78
379 2606 640 2660 Virtutem
675 2622 784 2659 esse
827 2622 932 2658 rem
979 2607 1376 2670 imperatoriam
1409 2615 1456 2656 et
1491 2609 1676 2670 ubique
1720 2608 1773 2658 in

185 2679 366 2747 quavis
415 2683 640 2744 fortuna
693 2677 979 2740 victricem,
1031 2675 1226 2729 illustri
1263 2676 1510 2742 exemplo
1554 2675 1774 2744 Iosephi

187 2749 460 2802 probatur.

256 2819 323 2870 79
366 2817 576 2870 Paulus
627 2833 716 2869 vas
768 2814 1034 2868 electionis
1089 2815 1191 2868 vita
1249 2831 1349 2866 non
1403 2816 1576 2884 minus
1618 2833 1775 2884 quam

190 2903 424 2942 sermone
459 2893 668 2954 potens,
717 2885 950 2948 exempla
998 2895 1072 2936 est
1110 2885 1392 2936 antistibus
1444 2883 1695 2937 Ecclesia!
1730 2897 1776 2937 et

191 2958 324 3011 verbi
375 2958 544 3008 divini
593 2957 940 3022 pra‘canibas,
979 2963 1032 3006 ut
1064 2956 1223 3007 vitam
1263 2955 1776 3022 irrepichensibilem

191 3027 442 3080 doctrinae
471 3027 709 3078 veritatis
743 3032 1006 3077 astruant.

258 3095 329 3148 80
380 3097 492 3148 Cur
538 3097 731 3147 dixerit
788 3111 906 3163 pop.
953 3093 1084 3149 Jud.
1134 3091 1303 3146 Exod.
1334 3109 1422 3146 χιχ
1467 3094 1775 3163 (secundum

196 3165 363 3220 Crtec.
392 3165 690 3233 interpret.)
726 3182 743 3213 ι
777 3161 967 3216 Omnia
985 3178 1308 3284 qutecunque
1335 3161 1771 3230 dixit'Dominus,

198 3237 470 3284 faciemus.
502 3245 548 3284 et
586 3236 882 3284 audiemus.
920 3251 937 3283 ι
1023 3249 1053 3284 n
1085 3233 1233 3284 rebus
1263 3235 1451 3284 divinis
1478 3237 1657 3284 praxis
1683 3253 1771 3284 co-

197 3237 470 3302 faciemus,
502 3245 548 3287 et
586 3236 882 3286 audiemus.
920 3251 937 3283 ι
985 3233 1053 3284 In
1085 3233 1233 3285 rebus
1263 3235 1451 3286 divinis
1477 3237 1657 3301 praxis
1683 3253 1771 3289 co-

200 3306 422 3373 quitioue
457 3307 603 3368 prior
630 3314 727 3373 est.
848 3362 854 3368 η

263 3376 320 3428 81
373 3374 447 3426 De
474 3375 616 3426 dioto
649 3371 866 3436 Christi,
895 3372 1088 3428 Matth.
1118 3386 1189 3427 Vtt
1221 3389 1235 3426 :
1273 3388 1292 3422 ι
1327 3371 1447 3425 Νοη
1485 3385 1651 3438 potest
1685 3393 1765 3428 ar.

197 3445 285 3497 bar
321 3444 464 3496 mala
497 3445 701 3511 fructus
731 3444 889 3496 bonos
918 3441 1111 3510 facere.
1171 3461 1188 3494 ι
1239 3441 1304 3494 Et
1352 3442 1415 3494 de
1450 3446 1588 3496 dicto
1622 3443 1780 3498 Pauli

199 3513 367 3636 [scan
405 3528 443 3566 ιι
473 3533 485 3567 :
526 3530 545 3563 s
577 3515 839 3566 Animalis
863 3513 1018 3567 homo
1043 3528 1144 3566 non
1171 3512 1390 3581 percipit
1421 3529 1479 3566 ea
1510 3530 1625 3582 qua:
1657 3526 1777 3568 sunt

237 3595 439 3636 annus.
474 3603 493 3636 ι

234 3595 439 3649 pimus.
474 3603 493 3636 ι

261 3653 330 3706 82
375 3653 449 3706 De
481 3652 872 3720 sapientissimo
902 3663 1306 3722 temperamento
1346 3654 1398 3704 in
1442 3657 1609 3708 sacris
1662 3654 1778 3707 Lit-

200 3734 316 3776 teris
358 3740 388 3775 a
437 3725 547 3777 Deo
590 3723 846 3785 adhibito,
893 3739 1011 3775 cum
1055 3739 1142 3774 eas
1176 3723 1369 3786 partim
1419 3725 1666 3776 obscuras
1718 3743 1780 3778 ac

200 3793 446 3861 difficiles,
496 3793 688 3860 partim
720 3792 906 3856 planas
941 3802 1098 3862 atque
1130 3802 1339 3862 apertas
1378 3809 1484 3844 esse
1523 3800 1701 3847 voluit.

272 3864 340 3916 85
382 3867 502 3917 Alia
527 3872 651 3914 sunt
682 3862 880 3930 ὲφικτά
908 3879 920 3892 ·
954 3861 1063 3915 alia
1089 3861 1387 3928 δυσέφικτα
1414 3879 1425 3892 ·
1458 3862 1565 3914 alia
1595 3867 1778 3932 ἁνέφι·

203 3949 365 3997 κτα,α
393 3950 498 4002 quo
527 3943 787 4000 postremo
811 3950 992 4000 genere
1023 3932 1386 4002 investigando
1411 3938 1615 4002 penitus
1648 3939 1772 3988 abs-

203 4001 462 4075 tinendum
499 4013 596 4075 est,
649 4005 935 4055 secundum
977 4002 1106 4055 illud
1149 4015 1167 4054 .'
1215 4001 1388 4070 ἀρχὴν
1430 4001 1486 4053 δὲ
1514 4004 1685 4075 Θηρᾷν
1717 4006 1777 4057 οὺ

204 4072 391 4141 πρέπει
405 4076 470 4129 τὰ
482 4073 759 4142 inﬁxam.

269 4143 334 4194 81
373 4141 649 4197 Sententia
682 4141 883 4210 injusta
930 4141 1124 4195 malum
1161 4142 1369 4211 facinus
1411 4146 1776 4211 comprobans,

209 4212 428 4264 deterior
447 4225 521 4266 est
548 4227 607 4264 eo
632 4213 721 4279 qui
753 4215 804 4263 id
830 4215 1161 4278 perpetravit.
1185 4210 1342 4281 Conf.
1371 4229 1456 4280 ep.
1483 4215 1570 4271 60.
1595 4210 1776 4281 supra.

269 4283 335 4335 85
374 4284 456 4334 Ad
487 4282 650 4334 Pauli
683 4281 877 4333 dictant
913 4281 1016 4333 Tit.
1053 4298 1090 4339 I.
1130 4299 1147 4332 ι
1177 4280 1346 4334 Deum
1379 4299 1432 4336 se
1478 4300 1626 4336 nosse
1656 4280 1780 4337 con-

207 4352 445 4422 ﬁtentur;
479 4353 639 4422 factis
685 4361 858 4404 autem
911 4361 1122 4420 negant.
1166 4370 1182 4401 ι
1234 4351 1354 4403 Non
1402 4355 1532 4405 satis
1580 4367 1654 4407 est
1692 4372 1780 4409 ore

208 4421 360 4474 Deum
391 4421 574 4490 fateri,
610 4423 708 4475 nisi
742 4431 789 4473 et
827 4436 974 4490 opere
1008 4423 1248 4490 fatearis.
1288 4421 1474 4475 Sermo
1501 4426 1654 4491 factis
1691 4443 1773 4479 va-

208 4508 322 4544 cuus
352 4509 539 4552 parum
574 4491 711 4545 valet
742 4495 808 4544 ad
838 4493 1276 4560 persuadendum.

270 4564 333 4616 86
373 4562 478 4616 Lex
511 4565 726 4615 talionis
744 4560 991 4629 justititv,
1025 4565 1129 4613 imo
1155 4571 1203 4632 es
1235 4563 1581 4616 humanitatis
1602 4566 1775 4632 potius

209 4625 833 4705 quam_iniquitatis_aut
880 4631 1206 4705 crudelitatis
1261 4634 1414 4700 plena
1470 4645 1567 4687 est.
1602 4625 1778 4705 'cbar.

209 4717 279 4762 ep.
325 4703 417 4756 133
447 4703 485 4755 l.
526 4719 589 4767 tt,
623 4716 666 4754 et
708 4703 760 4755 h.
795 4718 875 4768 ep.
903 4700 1030 4755 209.

275 4772 334 4824 87
384 4773 696 4843 Mandatum
731 4772 821 4824 Dei
865 4774 932 4823 ad
979 4771 1271 4837 lsraelitas,
1316 4785 1368 4827 ut
1403 4773 1780 4843 zEggptiorum

214 4855 322 4892 rasa
369 4842 664 4908 auferrem,
703 4843 914 4910 justiss.
972 4853 1017 4894 et
1055 4845 1414 4910 a'quissimum
1448 4842 1568 4910 fuit,
1616 4853 1782 4913 perti-

213 4925 325 4961 nens
350 4919 412 4984 ad
434 4914 912 4978 compensationem
944 4918 1240 4966 mercedum
1267 4933 1360 4984 pro
1395 4927 1467 4968 tot
1521 4933 1782 4970 armarunt

215 4983 421 5033 servitiis
457 4984 779 5036 debitorum.

278 5051 342 5105 88
383 5051 696 5106 Exhortatio
729 5053 797 5103 ad
835 5053 1066 5105 studium
1115 5053 1352 5107 lectionis
1387 5064 1433 5107 et
1485 5057 1786 5110 meditatio-

218 5120 287 5192 nis
319 5124 685 5192 quotidianum
714 5124 948 5188 exemplo
987 5121 1245 5175 Timothei
1270 5136 1316 5175 et
1345 5124 1504 5178 Pauli
1532 5129 1780 5191 apostoli.

220 5188 460 5244 Memoria
491 5196 606 5247 sine
634 5195 897 5246 exercitiis
927 5195 1180 5260 facillime
1221 5197 1492 5248 obsolescit
1523 5188 1573 5250 et
1603 5198 1786 5252 oblite-

219 5271 376 5315 ratur.

230 5399 236 5406 _
285 5331 644 5406 110Pauperis
679 5351 780 5388 non
812 5337 1484 5403 oportetcommiseratiane
1509 5338 1701 5390 moveri
1733 5339 1786 5390 in

222 5404 424 5473 iudicio,
461 5407 729 5473 multoque
771 5407 940 5459 minus
973 5407 1144 5472 favere
1189 5406 1410 5458 divitum
1459 5408 1783 5461 insatiabili-

225 5470 307 5520 bus
343 5470 734 5540 cupiditatibus.

285 5542 348 5617 90
393 5545 615 5600 Ruditas
651 5553 760 5615 ipsa
794 5556 954 5600 marte
983 5546 1132 5614 pejus
1162 5546 1436 5617 fugienda,
1476 5558 1522 5600 et
1555 5551 1788 5616 quotidie

229 5610 419 5684 lectioni
487 5635 548 5669 ac
615 5610 942 5672 meditationi
983 5610 1173 5671 isacraé
1222 5610 1520 5684 Scriptura:
1566 5610 1788 5674 incum-

227 5678 339 5732 bend
351 5702 376 5735 ιι
385 5702 432 5738 in
441 5728 451 5738 .

292 5749 574 5830 01_Sacrw
626 5754 832 5808 Litteris
892 5760 1131 5812 omnibus
1182 5759 1414 5810 omnium
1471 5759 1786 5826 sapientium

235 5827 419 5887 scriptis
466 5829 612 5898 longe
645 5831 915 5894 antistant,
967 5846 1127 5898 eaque
1167 5830 1374 5882 vincunt
1416 5832 1788 5897 perspicuitate

1325 395 1891 456 PROLEGOMENA
1933 398 2131 457 EDIT.
2175 397 2421 457 PARIS.

3365 392 3468 459 158

1869 521 1917 563 et
1959 510 2264 576 compendio
2309 509 2477 560 omnis
2529 506 2702 575 officii.
2748 503 2907 576 Varia
2942 506 3225 576 variorum,
3256 503 3468 576 dicendi

1871 571 2084 646 genera:
2113 579 2327 646 Confer.
2360 595 2440 639 ep.
2481 577 2514 630 5
2541 571 2637 628 lib.
2674 589 2719 628 et
2756 575 2810 627 h.
2835 575 2874 626 l.
2910 590 2992 638 ep.
3032 573 3124 637 ‘28,
3160 573 3229 646 76
3257 583 3305 625 et
3344 571 3464 646 160.

1873 643 1941 703 Et
1994 666 2057 704 ex
2106 643 2298 716 parte,
2352 665 2455 716 qua
2523 649 2585 700 de
2652 647 2961 713 compendia
3023 644 3232 698 virtutis
3303 643 3466 697 etiam

1869 738 1949 789 ep.
1992 721 2059 774 55
2088 731 2132 773 et
2167 719 2253 778 54,
2291 722 2343 774 ti.
2380 719 2416 769 l.

1941 791 2012 845 92
2052 792 2127 842 Ab
2157 790 2306 840 inani
2335 789 2666 839 contentione
2695 785 3016 837 dehortatio.

1943 863 2012 916 93
2053 858 2206 911 Beati
2252 870 2370 910 sunt
2416 859 2503 921 qui
2535 857 2701 924 falsas
2734 866 2944 924 propter
2970 852 3242 907 Christum
3278 860 3464 905 contu-

1870 931 2054 984 melias
2085 932 2362 984 sustinent.
2402 923 2615 995 Confer.
2652 942 2732 992 ep.
2769 923 2870 977 190
2897 924 2948 974 h.
2984 925 3020 976 l.

1942 1001 2012 1055 94
2060 1018 2077 1049 s
2122 998 2301 1052 Nolite
2345 1007 2465 1050 ante
2511 992 2711 1064 tempus
2747 994 2994 1060 judicare
3024 1033 3038 1056 ,
3070 1011 3098 1064 ί»
3131 992 3466 1064 interdictum

1872 1069 2156 1123 Paulinum
2214 1068 2238 1120 1
2302 1067 2425 1120 Car.
2476 1083 2549 1132 tv,
2608 1062 2872 1136 quomodo
2900 1073 2948 1116 et
2990 1063 3177 1134 quibus
3211 1063 3278 1116 de
3317 1062 3468 1115 rebus

1872 1141 2233 1198 accipiendum
2271 1138 2358 1190 sit.

1941 1210 2007 1264 95
2051 1209 2304 1272 Quamvis
2343 1217 2577 1260 recteet
2623 1204 2912 1272 apostolico
2956 1213 3222 1270 prtvcepto
3269 1218 3463 1256 conve-

1869 1281 2073 1334 nienter
2114 1279 2301 1347 faciat,
2348 1293 2466 1346 qua:
2511 1276 2768 1342 injuriam
2815 1275 2914 1328 sibi
2959 1276 3157 1340 factam
3198 1274 3468 1347 patienter

1870 1351 2080 1408 tolerat,
2114 1342 2296 1401 tamen
2331 1342 2444 1399 eam
2483 1348 2713 1414 inferam
2746 1360 2847 1398 non
2883 1352 3049 1411 potest
3095 1360 3148 1396 se
3190 1342 3286 1394 illo
3320 1343 3461 1394 dicto

1868 1436 2139 1474 excusare.

1938 1489 2007 1542 96
2050 1488 2414 1540 Dabitationes
2443 1486 2685 1556 qua’dam
2716 1483 2782 1538 de
2809 1483 3022 1556 Herode
3050 1492 3098 1536 et
3127 1483 3316 1556 fratris
3346 1481 3464 1556 ejus

1871 1575 2036 1612 uxore
2068 1557 2371 1611 Herodiade
2413 1553 2476 1609 ab
2511 1558 2624 1622 ipso
2665 1557 2826 1608 ducta
2860 1565 2909 1607 et
2932 1554 3162 1606 Joannis
3205 1553 3467 1621 Baptista:

1872 1631 2269 1697 reprehensione
2301 1626 2429 1694 facti
2461 1637 2732 1678 moventur
2761 1636 2816 1697 et
2841 1625 3218 1676 discutiantur.

1940 1699 2008 1752 97
2043 1691 2398 1751 Christus'att
2449 1712 2653 1749 crucem
2685 1695 3022 1761 proficiscens
3066 1709 3232 1760 quare
3274 1691 3470 1761 mulieg

1872 1786 1988 1820 rum
2038 1767 2436 1820 lamentationes
2491 1759 2904 1828 reprehenderit.
2955 1759 3169 1832 Confer.
3231 1779 3312 1830 ep.
3365 1759 3469 1816 166

1875 1850 1920 1892 et
1952 1838 2057 1893 ‘285
2089 1838 2124 1890 l.
2162 1855 2215 1902 Il,
2243 1847 2296 1890 ﬁet
2333 1836 2385 1887 Ιι.
2417 1839 2454 1889 l.
2485 1853 2562 1900 cp.
2606 1836 2707 1888 1'28
2734 1846 2778 1885 et
2807 1835 2929 1888 180.

1946 1909 2013 1962 98
2063 1901 2210 1962 Cum,
2255 1907 2542 1973 oportuerit
2605 1903 2872 1959 Christum
2927 1904 3074 1972 pati,
3145 1913 3271 1956 teste
3325 1901 3468 1955 Luca

1877 1994 2026 2042 xxu’,
2058 1995 2220 2044 quare
2253 1978 2425 2044 puniti
2477 1987 2595 2028 sunt
2642 1976 2731 2044 qui
2793 1979 3469 2043 passionemprocurarunt

1875 2061 1920 2099 et
1951 2048 2258 2114 adjaverunt
2288 2046 2486 2099 JudaJi.

1948 2118 2016 2173 99
2058 2116 2256 2171 Sancta
2289 2118 2518 2184 synodus
2559 2114 2780 2167 Nicazna
2825 2115 3102 2167 veritatem
3148 2115 3459 2184 dogmatum

1877 2189 1941 2241 ab
1975 2189 2194 2254 infinitis
2223 2187 2535 2252 corruptelis
2571 2184 2830 2254 hwresum
2862 2185 3112 2237 asseruit.

1950 2257 2053 2310 100
2094 2257 2234 2308 Deus
2266 2257 2514 2308 missione
2547 2253 2674 2307 ("itii
2705 2255 2787 2307 sui
2822 2256 2890 2306 ad
2924 2255 3322 2321 persolvendum
3349 2271 3472 2321 pre-

1889 2329 2019 2379 tium
2049 2328 2419 2392 redemptionis
2456 2326 2961 2392 instaurandamque
3014 2327 3216 2393 generis
3247 2326 3470 2378 humani

1877 2398 2098 2451 salutem
2135 2397 2361 2451 ostendit
2411 2405 2458 2449 et
2487 2396 2763 2464 justitiam
2795 2409 2942 2448 suam
2983 2407 3028 2446 et
3069 2396 3457 2448 abundantiam

1880 2469 2144 2521 bonitatis.

1951 2538 2045 2590 101
2114 2537 2388 2602 Expositio
2453 2537 2713 2588 dictorum
2784 2531 3138 2587 Paulinorum
3194 2533 3350 2587 Rom.
3411 2551 3469 2589 I:

1885 2625 1903 2658 s
1941 2606 2181 2659 Tradidit
2218 2623 2304 2660 eos
2342 2605 2477 2658 Deus
2517 2607 2572 2658 in
2606 2606 2826 2672 affectus
2872 2606 3196 2672 ignominitc,
3250 2607 3474 2667 repletos

1881 2679 2023 2729 omni
2063 2679 2359 2745 iniquitate,
2393 2693 2411 2725 ›
2450 2687 2558 2729 etc.
2615 2694 2631 2726 ι
2669 2675 2824 2727 Dedit
2876 2673 3000 2738 ipsis
3036 2673 3186 2726 'Deus
3225 2678 3471 2739 spiritum

1881 2748 2319 2813 conipuncttonis.
2354 2764 2372 2796 ι
2428 2745 2566 2799 Dare
2609 2758 2656 2797 et
2701 2747 2908 2796 tradere
2947 2761 3011 2796 es;
3060 2761 3204 2797 more
3255 2754 3299 2795 et
3335 2746 3475 2797 idio-

1883 2828 2022 2870 mate
2065 2832 2231 2868 sacra:
2279 2816 2570 2882 Scripturte
2613 2813 2880 2884 significat
2929 2815 3065 2866 idem
3119 2814 3258 2883 quod
3310 2815 3473 2868 relin-

1884 2902 2040 2956 quere
2068 2889 2142 2938 vel
2169 2886 2493 2950 permittere.

1955 2955 2059 3009 102
2101 2956 2173 3008 De
2211 2958 2396 3008 timore
2425 2967 2471 3008 et
2513 2956 2846 3009 veneratione
2877 2969 3002 3023 erga
3046 2955 3419 3023 magistratunt
3451 2972 3472 3020 ;

1881 3043 1945 3080 ex
1981 3025 2208 3077 Paulina
2237 3026 2618 3089 admonitione,
2650 3024 2800 3077 Rom.
2833 3040 2951 3077 xm.

1957 3095 2059 3149 103
2102 3095 2338 3148 Ecclesia
2367 3096 2676 3148 universalis
2703 3104 2776 3146 est
2808 3111 2998 3159 corpus
3029 3094 3267 3158 Christi;
3301 3096 3477 3162 parti-

1886 3167 2106 3230 cularis,
2142 3182 2190 3221 υ.
2223 3183 2274 3233 g.
2313 3164 2711 3217 Corinthiorum
2753 3164 3011 3223 Ecclesia.
3044 3177 3115 3216 est
3145 3166 3259 3231 ejus
3290 3181 3478 3232 carpo—

1885 3238 1957 3289 ris
1985 3236 2272 3287 membrum
2301 3251 2368 3288 etc
2399 3246 2564 3301 parte.
2595 3233 2678 3286 Ex
2715 3233 2882 3300 Epist.
2918 3237 2983 3286 ad
3018 3234 3257 3287 Corinth.

1956 3307 2057 3358 10-1
2117 3305 2333 3357 Piorum
2392 3321 2643 3357 (erumna?
2689 3320 3006 3357 coronarum
3070 3314 3117 3356 et
3171 3306 3472 3356 braviarum

1886 3377 2058 3428 instar
2095 3376 2304 3438 habent,
2335 3385 2380 3427 et
2419 3376 2720 3428 exsultandi
2745 3376 3023 3427 materiam
3050 3375 3178 3443 ipsis
3211 3376 3467 3442 pru'bent.

1886 3445 1970 3499 Ex
2001 3445 2170 3498 Paulo
2202 3445 2390 3511 Philip.
2427 3460 2464 3498 l.

1959 3516 2061 3569 105
2101 3515 2376 3568 Dtemones
2413 3531 2534 3567 cum
2564 3530 2658 3583 pro
2708 3516 2813 3569 diis
2861 3514 2961 3568 coli
3006 3515 3215 3577 vellent,
3252 3515 3478 3568 simula-

1884 3596 2004 3638 runt
2035 3586 2254 3650 iastitia:
2295 3587 2558 3649 studium,
2609 3587 2765 3655 idque
2809 3603 2842 3638 a
2892 3589 3000 3638 suis
3045 3587 3337 3637 cultoribus
3389 3603 3481 3638 ex-

1883 3666 2121 3727 egerunt.

1957 3726 2058 3779 106
2095 3725 2171 3778 De
2201 3725 2425 3777 diversis
2465 3724 2676 3778 toleratis
2705 3726 3004 3778 hominibus
3031 3727 3369 3778 cancreditis.

1958 3797 2056 3850 107
2101 3793 2266 3848 Terra
2293 3810 2396 3862 qua
2439 3796 2640 3848 ratione
2684 3798 2760 3849 vel
2803 3798 3010 3848 mobilis
3042 3800 3134 3860 sit,
3168 3797 3247 3848 rel
3287 3799 3476 3848 immo-

1885 3868 2030 3920 bilis.

1957 3937 2057 3991 108
2101 3933 2345 3988 Christus
2375 3936 2430 3987 in
2469 3950 2621 3988 cruce
2663 3936 3009 4005 triumphavit
3055 3940 3119 3988 de
3149 3936 3479 3990 daemonibus

1884 4007 2175 4060 debellatis.

1957 4078 2059 4131 109
2115 4074 2415 4142 Explicatio
2481 4076 2610 4128 dicti
2663 4074 3002 4142 Salomonis,
3065 4075 3317 4129 Proverb.
3378 4092 3475 4129 Vl:

1890 4166 1906 4197 ι
1944 4148 2053 4212 Qui
2085 4147 2378 4214 ingreditur
2408 4147 2473 4197 ad
2519 4147 2788 4198 mulierem
2833 4162 3069 4214 nuptam.
3130 4164 3230 4198 non
3262 4149 3359 4198 erit
3399 4149 3486 4208 in:

1884 4233 2109 4281 nocens;
2157 4229 2320 4283 neque
2351 4218 2520 4267 omnis
2566 4229 2782 4284 tangens
2817 4233 2953 4270 eam.
2994 4237 3012 4268 ι
3048 4216 3243 4268 Tactus
3279 4234 3465 4269 sensus

1886 4289 2117 4340 crassior
2150 4294 2199 4338 et
2243 4285 2496 4352 impurior
2538 4297 2613 4338 est
2654 4303 2813 4355 quam
2847 4289 3002 4348 visus,
3037 4287 3128 4354 qui
3181 4297 3255 4339 est
3303 4288 3476 4339 subti-

1885 4358 1987 4410 lior
2023 4374 2084 4410 ac
2114 4356 2318 4423 purior.

1958 4428 2061 4480 110
2121 4424 2395 4492 Expositio
2445 4427 2574 4478 dicti
2625 4423 2888 4481 Ezechiel.
2920 4443 2992 4480 vn
3026 4446 3038 4481 :
3077 4447 3092 4479 ι
3130 4426 3190 4480 Et
3237 4439 3386 4480 cruat
3428 4431 3480 4479 in

1887 4497 2151 4550 montibus
2185 4507 2237 4546 ut
2267 4496 2522 4550 columba:
2547 4499 2872 4549 meditantes.
2910 4516 2928 4548 ι
2966 4499 3222 4552 Cumulus
3251 4502 3475 4560 doloris,

1889 4585 1989 4622 non
2027 4569 2182 4627 licere
2218 4571 2483 4635 conqueri.

1959 4638 2052 4690 111
2104 4635 2416 4690 Exhortatio
2443 4638 2510 4688 ad
2546 4636 3024 4705 reconciliationem
3057 4650 3102 4690 et
3141 4640 3471 4705 satisfactio-

1887 4725 2023 4772 nem,
2065 4723 2130 4760 eo:
2162 4719 2422 4774 prarcepto
2456 4709 2676 4767 Christi,
2715 4704 2909 4760 Matth:
2950 4725 3000 4770 ν,
3036 4711 3129 4769 22,
3153 4709 3245 4764 25.

1960 4777 2062 4831 112
2111 4779 2183 4829 De
2224 4779 2365 4829 dicto
2425 4777 2655 4843 l’auli,l
2713 4775 2848 4831 Tim.
2896 4794 2946 4830 IV
2981 4794 2994 4830 :
3029 4800 3044 4829 ι
3086 4779 3479 4830 l’rohibentiunt

1887 4851 2100 4909 nubere,
2137 4866 2154 4897 ο
2192 4857 2324 4909 eun,
2358 4861 2402 4900 et
2439 4848 2559 4899 aliis
2599 4847 2890 4912 Scriptura:
2927 4850 3230 4901 idiotisnus.

1958 4919 2062 4972 115
2104 4917 2177 4970 De
2203 4917 2342 4970 dicto
2386 4918 2538 4970 Pauli
2591 4916 2755 4969 Hebr.
2792 4933 2866 4985 ix,
2928 4919 2990 4971 17
3042 4935 3055 4972 :
3114 4937 3129 4968 ι
3176 4917 3484 4971 Testamen-

1888 5000 1998 5042 tum
2025 4991 2076 5041 in
2111 4990 2328 5038 mortuis
2352 4989 2586 5056 firmum.
2621 5006 2637 5036 ›

1961 5060 2083 5111 114.
2130 5057 2202 5109 De
2239 5059 2455 5112 diversis
2481 5060 2664 5125 faunis
2697 5068 2741 5110 et
2768 5060 2992 5126 ingeniis
3023 5076 3083 5111 ac
3109 5059 3342 5112 moribus
3375 5065 3472 5112 lto-

1890 5130 2108 5182 minnm.
2144 5126 2226 5180 Ex
2253 5128 2502 5182 l’roverb.
2531 5128 2758 5190 Salont.,
2783 5145 2952 5188 xxv”,
2995 5131 3075 5183 10.

1967 5200 2062 5252 115
2102 5200 2436 5250 Adulterium
2485 5195 2660 5264 furto,
2708 5203 2999 5264 pra'scrtim
3047 5217 3112 5252 ex
3163 5209 3476 5266 paupertate

1891 5271 2146 5338 admissa,
2200 5267 2350 5338 longe
2400 5271 2609 5338 gravius
2668 5280 2764 5322 est.
2820 5269 2900 5322 Ex
2956 5280 3216 5323 sententia
3273 5271 3477 5324 Saloni.

1893 5337 2143 5392 Proverb.
2186 5355 2257 5393 Vl.

1967 5410 2065 5462 116
2109 5407 2275 5460 Nerua
2315 5410 2583 5460 hominum
2613 5417 2719 5461 tam
2751 5411 2868 5476 pius
2902 5427 2961 5462 ac
2994 5411 3184 5478 probus
3220 5422 3320 5472 est,
3353 5411 3479 5478 quin

1892 5482 2054 5533 alicui
2079 5480 2143 5530 sit
2179 5491 2355 5533 errata
2384 5481 2659 5531 obnoxius.
2727 5480 2891 5532 Nemo
2921 5498 3126 5532 rursum
3162 5497 3322 5544 usque
3347 5483 3478 5532 adeo

1895 5555 2126 5612 vitiosus,
2168 5552 2292 5618 quin
2340 5551 2539 5618 aliquid
2595 5551 2931 5620 boniegerit.
2977 5552 3125 5603 Nihil
3162 5553 3341 5620 itaque
3384 5550 3480 5603 ab-

1892 5621 2036 5675 snrdi
2085 5631 2180 5683 est,
2223 5622 2268 5672 si
2313 5622 2572 5681 dicamus,
2624 5631 2669 5672 et
2723 5619 2984 5673 Lazarum
3029 5637 3206 5687 poenas
3253 5619 3479 5674 suorum

1893 5694 2137 5760 lapsuum
2170 5691 2449 5753 ilcdissc,et
2471 5693 2678 5743 diritcm
2709 5696 2926 5757 prmmiu
2958 5705 3089 5744 recte
3123 5690 3384 5758 factorum
3416 5692 3473 5741 in

1894 5766 1989 5814 hac
2030 5764 2129 5814 rita
2160 5763 2424 5824 t'ci‘cpisw.

1968 5833 2063 5886 117
2110 5833 2204 5880 Cn:
2247 5834 2434 5896 {cpi-osi
2483 5834 2698 5899 a‘iisque
2754 5833 2946 5886 morbis
2995 5833 3357 5886 int‘olztntariis
3404 5832 3480 5882 la-
