4002 6416
616 331 721 401 199

1780 334 1839 394 S.
1889 335 2178 396 ISIDORI
2219 337 2662 397 PELUSIOTIE

3774 341 3873 404 ΞΜ

613 461 869 504 manuum
901 446 1293 516 impositionem
1330 447 1382 502 in
1419 448 1593 505 sacris
1618 449 2008 504 initiationibus
2038 465 2180 505 com-

2296 451 2571 519 Πνεῦματι
2603 450 2701 510 τὰς
2732 449 3064 520 χειροθεσίας
3100 450 3197 517 τῆς
3229 450 3629 519 μυσταγωγίας
3661 453 3870 524 ἀπετρι-

611 541 938 595 mittentem.
967 539 1042 592 Ac
1060 540 1337 608 siquidem
1366 541 1781 597 calumniatores
1811 551 1972 613 agunt
2000 583 2014 606 ,
2074 545 2181 596 vim

619 629 868 686 Numinis
911 631 1156 685 ultricem
1202 632 1254 686 in
1307 635 1512 702 seipsos
1549 635 1869 689 attrahunt:
1918 636 2181 700 siquidem

616 740 635 775 ι
667 720 856 776 Perdet
886 723 1023 777 Deus
1049 737 1239 778 omnes
1265 726 1353 793 qui
1380 725 1670 793 loquuntur
1703 725 2037 778 mendacium
2067 724 2129 776 ³⁸.
2160 742 2177 775 ι

609 813 703 870 Sin
731 823 909 867 autem
948 829 1072 867 vera
1125 814 1413 883 loquuntur
1446 853 1460 878 ,
1516 830 1679 869 nosce
1725 829 1883 884 quem
1923 816 1987 869 ad
2023 815 2181 871 linem

609 905 796 959 tendat
837 905 937 958 hoc
986 901 1183 958 malum
1213 942 1228 965 ,
1290 905 1433 973 quod
1481 904 1862 958 contumeliam
1914 906 1966 958 in
2015 903 2180 959 Deum

606 997 802 1062 exiguo
843 995 992 1048 lucro
1038 994 1403 1048 commutasti.
1459 994 1524 1047 Et
1577 995 1697 1060 quis
1751 1010 1848 1064 pro
1896 1005 1945 1049 te
1982 996 2181 1059 orabit,

607 1087 1034 1155 quandoquidem
1067 1100 1165 1139 nec
1200 1100 1294 1154 pro
1325 1084 1500 1154 Opbni
1526 1095 1580 1139 et
1613 1084 1841 1139 Phinees
1866 1088 1955 1155 qui
1991 1087 2182 1141 adver-

604 1192 695 1233 sus
730 1179 894 1232 Deum
965 1179 1241 1247 ipsiusque
1292 1178 1653 1232 sacerdotium
1729 1180 2178 1248 peccaverant",

591 1267 852 1326 .Iuventus
899 1279 981 1323 est
1023 1270 1353 1337 quisquam,
1416 1269 1505 1337 qui
1572 1270 1937 1336 deprecatoris
1999 1281 2181 1338 partes

602 1360 942 1427 susciperet,
989 1374 1175 1413 verum
1227 1359 1278 1413 in
1323 1368 1628 1413 extremum
1676 1361 1938 1424 exitium,
1985 1370 2046 1414 ut
2093 1375 2180 1414 sa-

604 1451 826 1505 cerdotii
874 1449 1186 1518 dignitatem
1221 1451 1507 1517 prodentes
1538 1491 1553 1516 ,
1607 1451 1831 1518 conjecti
1870 1452 2040 1505 sunt?

658 1558 752 1632 XX
766 1559 870 1613 VII.
897 1590 970 1600 —
993 1559 1458 1617 PHARISMANIO
1491 1561 1819 1620 EUNUCHO
1846 1562 2139 1619 PALATII.

669 1669 843 1722 Audio
877 1680 926 1722 te
959 1669 1011 1723 in
1048 1671 1351 1726 divinorum
1384 1673 1644 1728 librorum
1681 1676 2026 1730 meditatione
2067 1690 2181 1730 ver-

601 1762 710 1814 sari
739 1797 754 1823 ,
801 1775 1093 1830 eorumque
1141 1764 1467 1819 testimoniis
1513 1767 1797 1821 commode
1841 1765 1907 1821 ad
1959 1766 2179 1836 quosvis
2213 1802 2254 1858 Β

601 1852 678 1904 uti
709 1867 722 1903 :
764 1867 949 1905 verum
987 1854 1229 1908 avaritia:
1274 1856 1494 1910 studere
1520 1894 1535 1919 ,
1585 1864 1747 1926 atque
1789 1860 1840 1911 In
1877 1859 2048 1914 aliena
2082 1860 2178 1913 bo-

606 1953 674 1993 na
725 1939 915 1995 insano
969 1944 1201 2011 quodam
1257 1945 1457 2014 impetu
1515 1944 1666 2000 ferri.
1721 1947 1798 2001 Ac
1845 1949 1975 2002 mihi
2029 1949 2182 2004 valde

605 2028 792 2082 mirari
825 2030 1015 2095 subit,
1051 2031 1140 2099 qui
1181 2029 1383 2086 factum
1413 2033 1483 2088 sit
1507 2072 1523 2098 ,
1580 2043 1638 2088 ut
1681 2035 1899 2090 divinus
1948 2051 2100 2090 amor
2129 2046 2181 2091 te

602 2117 826 2171 minime
851 2121 1144 2184 sauciarit,
1176 2136 1274 2176 nec
1301 2137 1364 2176 ex
1396 2123 1608 2177 assidua
1646 2124 1908 2189 lectione,
1939 2127 2183 2181 volunta—

603 2207 674 2263 tis
721 2218 882 2279 atque
931 2210 1162 2265 instituti
1213 2214 1568 2269 mutationem
1629 2215 1889 2282 eiecerit,
1945 2219 2036 2288 qui
2075 2235 2180 2274 non

603 2299 762 2353 modo
789 2301 962 2356 aliena
999 2304 1382 2371 concupiscere
1408 2315 1553 2360 vetat
1579 2345 1594 2370 ,
1639 2308 1730 2362 sed
1769 2313 1931 2362 etiam
1966 2312 2179 2380 propria

601 2405 858 2460 spargere
908 2404 1109 2449 monet.
1155 2394 1336 2461 Quare
1383 2406 1475 2450 aut
1530 2396 1713 2467 legens
1753 2415 1985 2469 agnosce
2017 2441 2031 2465 ,
2089 2413 2183 2458 aut

604 2496 710 2537 nou
757 2499 1054 2554 agnoscens
1090 2486 1224 2555 lege.

878 2574 1113 2633 xxvm.
1141 2543 1215 2620 ζ
1244 2577 1536 2634 EUSEBIO
1585 2543 1932 2639 Episcopo.

659 2659 1024 2720 Veneranda!»
1071 2675 1118 2718 et
1153 2678 1460 2735 comparatu
1498 2666 1722 2736 difﬁcile
1768 2673 2140 2728 sacerdotium.

672 2774 955 2831 Multarum
998 2792 1179 2832 rerum
1217 2793 1370 2834 amor
1418 2779 1468 2835 In
1510 2780 1706 2836 animis
1747 2784 1963 2840 oritur:
2007 2797 2063 2840 at
2088 2801 2181 2842 vo-

601 2864 861 2922 Iuntatem
908 2882 1013 2922 non
1075 2871 1370 2923 comitatur
1397 2910 1413 2936 ,
1457 2882 1555 2935 ut,
1597 2886 1719 2925 cum
1764 2873 2028 2942 ejusmodi
2075 2887 2180 2944 est,

601 2954 668 3008 sd
710 2970 868 3024 quem
901 2958 1188 3027 pervenire
1209 2960 1496 3030 quisquam
1529 2972 1781 3033 nequeat.
1823 2963 2010 3036 Neque
2038 2969 2181 3022 enim

598 3060 857 3115 regnum,
889 3048 1134 3118 quisquis
1163 3051 1304 3116 vult,
1335 3055 1716 3123 consequitur;
1769 3071 1866 3110 nec
1922 3072 2050 3126 opes
2084 3075 2184 3114 nec

2287 556 2476 592 ποντα.
2514 540 2620 592 Καὶ
2663 541 2710 591 εί
2745 541 2842 608 μὶν
2875 539 3290 607 συκοφαντοῦσι,
3346 541 3471 593 καθ’
3512 539 3731 592 ἑαυτῶν
3777 543 3870 593 επ.

2286 629 2590 681 εσπάσαντο
2614 628 2710 696 τὴν
2734 628 2909 698 δίκην,
2940 629 3125 699 ἐπειδὴ
3156 649 3172 679 ι
3207 631 3396 681 ἀπολεῖ
3417 630 3629 697 Κύριος
3667 630 3870 692 πάντας

2295 721 2417 780 τοὺς
2448 717 2740 779 λαλοῦντας
2766 719 2827 770 τὸ
2856 718 3066 787 ψεῦδος.
3105 736 3122 769 s
3163 719 3225 771 El
3248 720 3304 771 δὲ
3334 719 3689 788 ἀληθεύουσι,
3709 721 3870 785 γνῶθι

2285 805 2338 862 οἷ
2366 810 2587 880 τελευτᾷ
2614 811 2672 861 τὸ
2698 810 2886 872 κακὸν,
2929 811 3010 861 ὅτι
3052 810 3247 880 μικροῦ
3285 811 3508 880 κέρδους
3545 811 3607 862 τὸ
3637 813 3720 872 είς
3748 811 3872 864 Satn

2287 903 2526 972 ὑϐρίζειν
2549 901 2904 971 ἀντήλλαξας.
2937 904 3046 954 Καὶ
3082 903 3163 964 τίς
3190 903 3548 970 προσεύξεται
3586 905 3719 970 περὶ
3755 903 3867 962 τοῦ,

2283 994 2468 1062 έπειδὴ
2498 995 2632 1063 μήτε
2668 995 2795 1064 περὶ
2841 993 3003 1063 Ὀφνη
3029 995 3125 1045 καὶ
3152 995 3354 1058 Φινεὲς,
3387 996 3466 1056 είς
3489 994 3626 1046 Θεὸν
3660 995 3758 1045 καὶ
3781 994 3871 1062 τὴν

2283 1084 2446 1137 αὑτοῦ
2479 1085 2832 1154 ἁμαρτόντων
2869 1085 3188 1156 ἱερωσύνην,
3215 1086 3410 1157 εὑρέθη
3443 1103 3529 1147 τις
3567 1085 3870 1154 πρεσϐευό-

2285 1195 2461 1247 μενος,
2487 1177 2600 1229 ἀλλ’
2625 1179 2703 1239 είς
2725 1177 2950 1245 ισχατον
2983 1176 3225 1244 ὄλεθρον,
3261 1178 3339 1240 ὡς
3369 1178 3428 1230 τὸ
3459 1177 3633 1249 γέρας
3667 1178 3869 1246 προπί-

2282 1285 2460 1331 νοντες
2483 1269 2581 1338 τῆς
2605 1269 2922 1340 ίερωσύνης,
2953 1267 3244 1336 ἐδόθησαὴ

2282 1552 2405 1606 κζ’.
2429 1581 2498 1590 -—
2523 1550 2946 1621 ΦΑΡΙΣΜΔΝΙῼ
2971 1549 3297 1619 ΕΥΝΟΥΧῼ
3327 1549 3466 1601 ΤΟΥ
3489 1545 3869 1602 ΠΔΑΔἸΊΟΥ.

2353 1664 2564 1718 Ἀκούω
2587 1681 2644 1717 σε
2672 1667 2788 1726 ταῖς
2811 1663 2984 1726 θείαις
3016 1663 3228 1726 Βίϐλοις
3257 1663 3580 1732 ἑμμελετᾷν,
3621 1662 3719 1714 καὶ
3755 1663 3872 1724 ταῐς

2282 1755 2459 1808 αὐτῶν
2486 1756 2785 1826 κεχρῆσθαι
2819 1756 3148 1825 μαρτυρίαις
3188 1754 3462 1826 ἁρμοδίως
3505 1754 3645 1823 πρὸς
3685 1754 3868 1808 ἀπαν-

2282 1864 2380 1910 τας
2405 1847 2540 1918 (27),
2576 1843 2717 1900 εῖναι
2773 1847 2828 1900 δι
2873 1847 3221 1916 πλεονέκτην,
3272 1849 3364 1899 καὶ
3404 1849 3517 1908 τοῖς
3567 1844 3874 1916 ἀλλοτρίοις

2283 1939 2700 2006 ἀπιμαινόμενον
2731 1936 2885 2006 βίοις.
2919 1938 3026 1990 Καὶ
3056 1939 3196 1992 πάνυ
3244 1955 3331 2007 μοι
3362 1935 3674 2006 θαυμάζειν
3702 1937 3869 2005 ἐπέρ-

2283 2046 2455 2100 χεται,
2488 2030 2570 2082 ὅτι
2597 2046 2654 2082 σε
2687 2032 2715 2082 ὀ
2757 2028 2898 2092 θεῖος
2927 2028 3064 2099 Ιρως
3097 2029 3198 2082 οὐκ
3233 2029 3474 2098 ιτρωσεν
3501 2031 3567 2081 εκ
3606 2028 3712 2096 τῆς
3745 2044 3870 2080 συν⁴

2282 2121 2435 2189 εχοῦς
2465 2119 2846 2188 ἀναγνώσεως,
2884 2119 3190 2191 μεταϐολὴν
3223 2119 3321 2188 τῆς
3352 2119 3677 2190 προθέσεως
3707 2121 3874 2189 ἀργα-

2284 2214 2537 2282 σάμενος.
2595 2215 2623 2265 ὁ
2650 2212 2723 2281 μὴ
2762 2217 2922 2282 μόνον
2947 2212 3055 2265 τῶν
3100 2212 3398 2283 ἀλλοτρίων
3440 2211 3669 2264 κωλύων
3715 2212 3870 2282 ἀρᾷν,

2280 2305 2415 2358 ἀλλά
2450 2306 2543 2357 καὶ
2570 2305 2638 2356 τὰ
2663 2303 2935 2374 προσόντα
2965 2304 3280 2374 σκορπίζειν
3319 2302 3607 2355 νουθετῶν.
3655 2303 3727 2355 Ἥ
3759 2303 3870 2355 τοί-

2282 2414 2374 2449 νυν
2401 2395 2790 2462 ἀναγινώσκων
2815 2395 3097 2462 έπίγνωθι,
3131 2394 3164 2464 ἢ
3198 2392 3273 2464 μὴ
3309 2393 3698 2461 ἀπιγινὼσκων
3729 2393 3868 2448 ἀνά-

2283 2486 2470 2554 γνωθι.
2579 2577 2715 2630 κη’.
2743 2606 2812 2616 -
2842 2574 3130 2645 ΕΥΣΕΒΙῼ
3168 2575 3536 2646 ΒΠΙΣΚΟΠῼ.

2427 2669 2556 2721 Ὀτι
2591 2668 2843 2736 φρικτὸν
2878 2666 2976 2720 καί
3001 2666 3366 2735 δυσέφικτον
3392 2667 3722 2734 ίερωσύνη.

2352 2780 2569 2834 Πολλῶν
2600 2779 2811 2843 πολλοζς
2835 2779 2974 2851 [ρως
2997 2779 3274 2847 έγγίνεται
3301 2777 3435 2848 (28),
3457 2777 3518 2831 οὐ
3546 2779 3873 2850 συνέρχεται

2280 2874 2398 2934 ταῖς
2433 2871 2666 2940 βουλαῖς,
2695 2870 2770 2931 ὡς
2793 2871 3103 2939 ἀνέφικτος.
3137 2868 3276 2922 Οὔτε
3310 2871 3417 2942 γὰρ
3446 2869 3734 2940 βασιλείας
3762 2871 3873 2934 πᾶς

2281 2962 2311 3014 6
2342 2961 2660 3030 βουλόμενος
2691 2962 3031 3029 ἀφικνεῖται,
3083 2958 3206 3012 οὗτε
3238 2945 3579 3030 περιουσίας,
3615 2959 3745 3013 οὔτε
3784 2976 3874 3013 συ-

2283 3051 2471 3117 ζυγίας
2504 3045 2571 3120 ἦς
2601 3050 2866 3118 βούλεται.
2899 3050 2962 3102 EI
2988 3049 3186 3113 τοίνυν,
3216 3049 3290 3113 ὡς
3318 3049 3444 3119 φὴς,
3486 3050 3582 3102 καὶ
3610 3050 3867 3119 Ζὼσιμιος

599 3137 905 3208 coniugium
939 3141 1097 3208 quale
1140 3140 1271 3194 vult.
1317 3141 1676 3207 Quamobrem
1718 3147 1760 3198 si
1795 3145 2074 3213 Zositnus,
2123 3160 2180 3204 ut

2289 3144 2576 3214 εἰσφρῆσαι
2614 3142 2804 3195 ἑαυτὸν
2835 3141 2929 3195 τοῦ
2956 3140 3092 3195 Θεοῦ
3130 3143 3450 3212 μυστηρίοις
3485 3143 3867 3214 ἀναισχύντως

597 3228 827 3295 scribis,
863 3230 1201 3299 impudenter
1247 3234 1483 3301 seipsum
1509 3274 1524 3300 ,
1565 3251 1631 3290 ac
1673 3251 1768 3303 per
1804 3239 1939 3304 vim,
1992 3240 2045 3294 iu
2087 3239 2177 3296 Dei

599 3322 857 3392 mysteria
897 3325 1191 3380 immittere
1221 3335 1486 3393 conatur,
1525 3328 1810 3398 diligenter
1849 3344 1978 3384 cura
2016 3340 2073 3384 ut
2101 3331 2180 3385 ln-

599 3411 837 3477 telligat,
877 3409 968 3465 Dei
998 3412 1252 3483 templum
1285 3414 1510 3484 leprosis
1559 3417 1746 3470 taudiu
1776 3418 2018 3472 clausum
2037 3433 2175 3484 esse,

599 3504 774 3570 quoad
805 3513 1136 3558 contractum
1176 3521 1240 3561 ex
1275 3509 1463 3562 morbo
1500 3509 1684 3563 vitium
1726 3512 2084 3566 absterserint
2108 3511 2174 3565 ⁸⁷.

652 3614 844 3673 XXIX.
876 3646 948 3660 —
992 3618 1197 3676 LUCIO
1277 3620 1546 3677 PELUSII
1577 3623 2110 3680 ARCIIIDIACONO.

812 3745 816 3750 -
1230 3714 1312 3767 Ad
1336 3729 1542 3768 avaros.

672 3815 728 3872 Si
771 3822 1059 3876 venerandi
1091 3822 1277 3878 altaris
1322 3825 1532 3880 diaconi
1569 3826 1808 3896 episc0pi
1835 3827 1974 3881 oculi
2033 3835 2177 3891 sunt,

600 3911 841 3980 profecto
885 3928 1006 3967 cum
1052 3927 1105 3968 tu
1142 3915 1234 3969 Dei
1276 3918 1542 3986 permissu
1598 3918 1728 3986 ipsis
1780 3919 2005 3986 prasis,
2040 3928 2181 3975 totus

598 4000 788 4055 oculus
819 4015 942 4055 esse
968 4003 1619 4072 debes,quemadmodum
1653 4007 1908 4062 animalia
1941 4008 2029 4063 illa
2056 4010 2176 4078 plu-

598 4093 750 4147 rimis
780 4093 951 4148 oculis
976 4097 1254 4163 praedita”
1276 4097 1553 4168 (quoniam
1585 4098 1748 4153 etiam
1768 4099 2182 4168 propinquitatis

597 4184 664 4239 ad
696 4184 858 4240 Deum
890 4187 1093 4241 ratione
1122 4226 1138 4252 ,
1171 4202 1234 4242 ea
1269 4188 1501 4242 imitaris
1529 4226 1544 4251 ,
1578 4203 1680 4242 non
1711 4190 1819 4242 vita
1841 4227 1856 4255 ,
1897 4197 1955 4242 ut
1991 4189 2170 4253 audio,

598 4275 691 4330 sed
717 4276 830 4330 sola
876 4278 1114 4333 muneris
1146 4277 1284 4334 sacri
1329 4276 1648 4349 iunctione),
1685 4293 1748 4333 ac
1801 4291 1904 4332 non
1973 4279 2180 4348 impro-

600 4365 683 4421 bis
732 4366 923 4420 studiis
967 4373 1130 4435 atque
1173 4365 1450 4433 consiliis,
1511 4375 1565 4420 et
1608 4366 1986 4421 honorandum
2027 4367 2178 4421 illum

2283 3235 2552 3301 βιάζεται,
2585 3235 2805 3305 μαθέτω
2834 3234 2923 3287 διά
2949 3235 3048 3304 τῆς
3072 3233 3358 3304 ἀκριϐείας
3389 3249 3508 3299 σου,
3533 3233 3618 3286 ὃτι
3641 3233 3872 3306 λεπροις

2280 3326 2308 3378 ὁ
2351 3325 2445 3378 τοῦ
2484 3324 2619 3378 Θεοῦ
2663 3324 2790 3387 ναὸς
2831 3323 3202 3388 ἀποκλείεται,
3256 3324 3446 3394 μέχρις
3502 3323 3570 3378 ἀν
3619 3325 3724 3396 τὴν
3773 3323 3868 3379 τοῦ

2281 3417 2486 3480 πάθους
2526 3415 2704 3482 λώϐην
2741 3413 3186 3485 ἀποσμήξωνται.

2329 3618 2457 3674 κθν.
2492 3647 2559 3657 -
2591 3614 2851 3685 Immo
2893 3613 3362 3685 ΑΡΧιΔιΑκοΝῃ
3407 3613 3837 3672 ηηΑοΥΣιοΥ.

2589 3705 2741 3774 Πρὸς
2769 3707 3167 3773 φιλαργυρίαν
3198 3706 3558 3770 νοσοῦντας.

2351 3820 2415 3872 Ei
2444 3817 2708 3888 ὀφθαλμοὶ
2739 3819 3038 3872 επισκόπου
3072 3818 3430 3887 τυγχάνουσιν
3461 3819 3510 3870 oi
3537 3819 3634 3873 τοῦ
3662 3821 3868 3876 σεπτοῦ

2282 3910 2663 3980 θυσιαστηρίου
2691 3910 2945 3974 διάκονοι,
2977 3909 3041 3962 σὺ
3071 3909 3128 3962 δὲ
3151 3909 3358 3961 τούτων
3390 3910 3531 3963 κατά
3572 3914 3868 3984 συγχώρηο

2283 4019 2366 4054 σιν
2395 4000 2530 4053 Θεοῦ
2570 4001 2778 4071 ἄρχεις,
2812 4002 2928 4064 ὅλος
2969 3999 3245 4070 ὀφθαλμὸς
3294 4000 3532 4069 ὀφείλεις
3570 4004 3869 4075 ὑπάρχειν,

2281 4093 2356 4155 ὡς
2377 4092 2446 4144 τὰ
2469 4091 2583 4154 ζῶα
2611 4092 2973 4160 πολυόμματα
3047 4092 3256 4163 (ἐπειδὴ
3308 4093 3401 4146 καὶ
3432 4096 3498 4162 τῇ
3543 4095 3685 4165 πρὸς

2281 4182 2412 4236 Θεὸν
2442 4184 2621 4235 ἐκεῖνα
2663 4185 2804 4252 μιμῇ
2837 4182 2949 4251 (29)
2989 4182 3272 4253 έγγύτητι,
3305 4184 3427 4253 οὐχὶ
3465 4183 3586 4254 βίῳ,
3618 4187 3694 4249 ὡς
3730 4204 3872 4258 μιν.

2281 4272 2444 4337 θάνω,
2476 4271 2613 4325 ἀλλά
2644 4272 2782 4344 μόνῃ
2811 4275 2874 4342 τῇ
2917 4271 3271 4343 λειτουργίᾳ),
3331 4275 3427 4326 καὶ
3477 4274 3552 4344 μὴ
3595 4276 3874 4340 σκοτίζειν

2279 4367 2389 4426 τοῖς
2420 4362 2642 4432 φαύλοις
2682 4362 3100 4432 ἐπιτηδεύμασι,
3147 4363 3241 4414 καὶ
3292 4363 3383 4415 τὸν
3419 4365 3604 4433 τίμιον
3656 4368 3872 4420 istsle

599 4455 825 4509 chorum
852 4470 914 4510 ac
945 4456 1280 4523 sodalitium,
1312 4465 1367 4509 et
1416 4456 1722 4525 episcopum
1760 4456 1863 4526 ιο
1895 4456 1988 4511 tibi
2017 4465 2180 4510 teme-

2289 4453 2467 4508 θίασον
2496 4455 2588 4506 καὶ
2639 4453 2820 4522 χορὸν,
2861 4453 2953 4505 καὶ
2993 4452 3084 4503 τὸν
3134 4451 3455 4522 πειθόμενόν
3505 4471 3587 4507 σοι
3624 4457 3873 4526 ἀκρίτως

600 4563 660 4602 re
702 4562 764 4602 ac
826 4548 944 4602 sine
1007 4543 1208 4618 judicio
1273 4562 1478 4603 morem
1526 4556 1798 4618 gerentem
1853 4548 2174 4610 obscurare,

600 4639 952 4710 divinumque
986 4639 1286 4695 sacrarium
1329 4653 1424 4709 per
1457 4638 1738 4692 avaritiam
1776 4637 2171 4702 contaminare,

599 4732 726 4786 dum
770 4747 899 4800 opes
933 4733 1024 4786 tibi
1053 4733 1152 4802 ipsi
1206 4746 1299 4802 per
1340 4731 1694 4786 nummariam
1721 4743 1974 4784 manuum
2005 4728 2173 4797 impo-

597 4825 846 4880 sitionem
889 4824 1117 4894 aggeris.
1163 4822 1421 4878 Dominus
1463 4823 1606 4878 enim
1641 4836 1736 4877 eos
1767 4863 1779 4883 .
1831 4822 1921 4891 qui
1968 4823 2173 4876 colum-

597 4916 695 4970 bas
724 4917 1068 4981 vendebant,
1110 4914 1289 4986 ﬂagris
1332 4930 1360 4968 a
1397 4913 1592 4983 templo
1621 4913 1913 4982 espuiit".
1980 4912 2180 4979 Quam-

597 5006 782 5060 obrem
856 5021 923 5060 ne
981 5017 1036 5061 tu
1071 5021 1282 5076 quoque
1339 5009 1524 5062 eodem
1571 5006 1730 5060 modo
1781 5003 2180 5066 submovearis,

2285 4546 2603 4608 ἐπίσκοπον,
2643 4545 2737 4597 καὶ
2784 4545 3025 4613 χραίνειν
3082 4544 3142 4595 τὸ
3180 4544 3323 4596 θεῖον
3362 4545 3512 4616 βῆμα
3554 4546 3865 4619 πλεονεξίᾳ,

2283 4637 2377 4691 καὶ
2403 4637 2600 4706 πόρους
2631 4636 2839 4705 σεαυτῷ
2860 4637 2966 4690 ἀπὸ
2995 4637 3160 4706 τιμῆς
3193 4637 3536 4706 χειροτονιῶν
3564 4639 3863 4708 ἀθροίζειν.

2281 4729 2419 4790 Τοὺς
2461 4728 2568 4797 γὰρ
2606 4727 2916 4789 πωλοῦντας
2959 4728 3056 4789 τὰς
3106 4729 3432 4799 περιστεράς
3470 4729 3724 4792 ἐξέϐαλεν
3759 4734 3870 4785 ἀπὸ

2282 4818 2375 4872 τοῦ
2433 4817 2564 4871 ναοῦ
2612 4819 2873 4887 μαστίξας
2919 4820 2946 4868 ὁ
2990 4820 3211 4888 Κύριος.
3267 4821 3383 4873 Ἰνα
3424 4821 3604 4873 τοίνυν
3645 4821 3720 4892 μὴ
3771 4826 3870 4877 σὺν

2287 4908 2515 4971 ἐκείνοις
2543 4909 2744 4978 ὠσθῇς,
2770 4909 2975 4962 παῦσαι
3006 4909 3150 4963 οὕτω
3187 4912 3457 4976 πλουτῶν,
3501 4914 3593 4967 καὶ
3631 4914 3766 4985 ὕλην
3792 4915 3868 4985 τῷ

2294 4999 2536 5070 μέλλοντι
2563 5000 2862 5071 ἑτοιμάζων
2889 5017 2961 5052 πυ
2968 5002 3022 5072 ρί
3029 5041 3041 5054 .

600 5101 783 5158 desine
823 5113 951 5168 opes
986 5100 1059 5153 ita
1095 5113 1314 5168 augere,
1352 5114 1415 5153 ac
1445 5098 1728 5153 materiam
1755 5096 1937 5150 iuturo
1961 5094 2069 5164 igni
2094 5108 2306 5163 parare.

652 5218 696 5252 ³⁸
724 5218 866 5275 Psai.
903 5235 958 5284 ν,
997 5219 1050 5274 7.
1127 5215 1217 5271 ³⁸1
1252 5218 1385 5288 Reg.
1417 5234 1480 5283 tt,
1511 5218 1612 5284 '54;
1644 5233 1718 5284 tv,
1752 5217 1839 5271 ii.
1903 5217 1944 5247 ⁸⁷
1977 5213 2150 5270 Levit.

2289 5230 2321 5278 I,
2360 5215 2412 5269 ί.
2490 5215 2532 5246 ⁸⁸
2556 5214 2754 5268 Ezech.
2793 5215 3232 5284 1,18;etx,i2.
3310 5219 3354 5250 ⁸⁹
3381 5218 3628 5286 10am",
3660 5220 3748 5286 16,
3780 5222 3864 5280 I5.

1007 5305 1010 5307 ’
1701 5329 1935 5388 nam
1976 5330 2360 5387 LECTIONES
2399 5332 2485 5385 ET
2521 5331 2758 5387 NOTE.

674 5458 788 5532 (27)
824 5457 991 5534 _C_odd.
1026 5460 1182 5534 modo
1205 5456 1486 5534 memorati
1511 5457 1668 5534 ambo
1702 5454 1837 5534 πρὸς
1865 5453 2081 5534 ᾶπαντα
2111 5453 2160 5534 in

2289 5469 2384 5533 ton
2401 5453 2766 5534 ἀποκλείεται.
2784 5453 2928 5534 legit,
2949 5456 3042 5508 sed
3061 5456 3502 5525 ἀποκέκλεισται,
3529 5459 3864 5534 suﬂ’ragantc

601 5524 792 5584 neutro
824 5526 1018 5597 legunt.
1046 5530 1204 5582 Iidem
1239 5531 1289 5582 in
1325 5531 1427 5582 line
1453 5527 1689 5597 epistolae
1718 5524 1803 5578 illa
1838 5526 1999 5579 verba
2027 5524 2062 5593 ἢ
2089 5525 2162 5592 μὴ
2274 5526 2474 5597 pariter
2510 5524 2800 5597 ΑΙεςιεεέιιδὶἐ
2830 5525 3034 5597 Possu_v_.

601 5594 973 5665 ἐπιγινώσκων
995 5599 1286 5665 ἀνάγνωθι,
1315 5594 1586 5650 omittunt.
1618 5594 1831 5650 Possm.

672 5618 691 5650 I.
734 5616 973 5652 ινωσκων
995 5616 1286 5665 αναγνωυι,
1315 5616 1586 5650 οηὶιιιιιηι.
1621 5616 1831 5650 1⁷08513.

672 5616 782 5748 ςᾶὃ)
811 5667 1285 5748 Post-tumeat,“
1302 5670 1477 5748 insere
1508 5667 1644 5748 ἀλλ’,
1673 5675 1887 5718 auctore
1919 5662 2166 5748 codLAIt.

606 5733 692 5790 cui
728 5733 1148 5794 ctinsentit’ilat.
1188 5739 1312 5794 649.
1345 5737 1440 5792 llic
1478 5740 1638 5793 etiam
1686 5749 1829 5790 vers.
1873 5733 2167 5799 penuitimo

2349 5594 2458 5661 (29)
2516 5591 2702 5661 Μιμῇ.
2763 5594 2930 5648 Codd.
2986 5594 3103 5648 Vat.
3158 5596 3282 5661 659,
3341 5609 3393 5650 et
3433 5600 3541 5652 Alt.

2279 5619 3541 5735 γέτῗ¹9ί¹¹τξῖέὲζοεξῖξι²ξ³ἷὸάῘλᾶιοτῖἥονῖἒίὲιὲἶ
3573 5619 3855 5728 ι’

3617 5687 3788 5728 οοειι.
