4002 6422
111 367 197 432 2th
1039 331 1576 429 EPISTOLARUM
1620 365 1689 425 ιι

1809 364 1857 424 Ι.
1887 390 1953 398 -τ
1981 363 2216 423 EPIST.
2263 362 2391 423 LII.

3273 362 3380 427 2N

112 495 198 547 φον
230 478 386 545 μιμῇ,
420 475 451 546 ἢ
483 475 814 546 ἐργάζεσθαι
851 476 1225 544 παίδευσονςῆ
1262 474 1360 544 τὴν
1404 477 1679 543 πρόφασιν

1804 473 1930 528 :irca
1966 473 2008 525 si
2043 481 2096 524 et
2131 470 2350 525 Christo
2400 469 2510 526 Deo
2544 472 2913 540 obtemperas,
2959 478 3010 524 et
3034 471 3379 540 sapientissi-

111 569 331 635 δίδαξον,
377 565 561 640 ἁιρ⁸ἦς
616 571 708 623 καὶ
756 570 1165 640 τραφήσονται,
1217 568 1313 622 καὶ
1364 567 1674 620 ἀνάπαυσιν

109 661 310 725 ζέουσι,
366 663 460 713 καὶ
512 661 767 730 πονηρῶν
815 660 1091 729 λογισμῶν
1150 658 1673 731 καθαρεύηουσιν,οι

113 753 231 821 μήτε
275 753 491 822 Χριστῷ
538 752 982 824 πειθαρχοῦντες,
1028 754 1165 822 μήτε
1198 752 1396 821 Παύλῳ
1438 751 1672 804 ἀκολου-

111 843 325 907 θοῦντες.

274 1049 352 1102 Νι.
376 1079 446 1088 -
473 1041 858 1120 ΣΤΡΑΤῘΠΊῼ
897 1050 1007 1119 (49)
1043 1049 1482 1121 ΑΝΛΓΝΩΣΤῌ.

367 1144 425 1193 Τί
463 1143 743 1210 σημαίνει
781 1143 819 1208 ἠ
860 1144 1113 1210 καρυΐνη
1147 1141 1390 1208 ρἀὃος.

179 1255 390 1308 Ῥάόδον
427 1257 692 1327 καρυϊνην
738 1251 876 1310 εἶδεν
914 1258 1220 1328 Ἱερεμίας,
1256 1258 1284 1308 ὀ
1322 1256 1425 1308 τῶν
1462 1272 1674 1326 προφη-

109 1347 202 1399 τῶν
250 1347 646 1413 πολυκίνδυνος,
695 1349 996 1420 ἱερωσύνης
1045 1347 1322 1413 ὑπόθεσιν,
1357 1343 1422 1419 ἧς
1468 1347 1534 1399 τὰ
1579 1349 1676 1416 μὲν

110 1435 340 1507 προφανῆ
373 1440 465 1492 καὶ
503 1441 821 1503 ἐπιπόλαια,
855 1441 950 1493 καὶ
986 1440 1059 1503 ὡς
1103 1441 1167 1497 ἂν
1201 1424 1296 1504 ’τις
1323 1440 1467 1492 εἴποι
1499 1440 1678 1509 προοί-

110 1549 210 1600 μισ,
242 1533 512 1585 στυπτικὰ
546 1534 640 1587 καὶ
676 1533 879 1604 τραχέα
911 1521 1192 1602 τυγχάνει,
1228 1533 1321 1585 καὶ
1347 1532 1678 1605 δριμύτητος

110 1626 315 1692 μέτοχα”
351 1623 420 1675 τά
449 1623 504 1676 δὲ
536 1623 741 1695 κρύφια
770 1625 862 1676 καὶ
891 1624 1156 1692 ὲσώτερα,
1198 1622 1437 1696 σταθερά
1480 1641 1539 1677 τε
1587 1623 1678 1677 καὶ

109 1715 304 1781 limata,
338 1716 432 1767 καὶ
460 1715 740 1786 στηρίζειν
774 1715 1068 1785 δυνάμενα.
1106 1716 1226 1786 Χρὴ
1262 1716 1440 1768 τοίνυν
1478 1718 1572 1769 καὶ
1612 1715 1680 1768 τὰ

1782 580 1926 618 nnnn
1974 563 2197 620 Paulum
2236 562 2492 626 innitaris,
2541 569 2634 617 aut
2665 578 2760 616 eos
2788 564 3044 618 laborare
3089 564 3248 625 doce,
3287 580 3374 618 aut

1779 671 2009 711 causam
2027 664 2082 709 et
2111 665 2432 725 praetextum
2475 655 2709 724 aliquem
2737 658 2991 717 ostende,
3033 654 3102 708 ob
3137 671 3297 723 quem
3325 665 3379 711 ct

1780 749 2013 814 alentnr,
2049 756 2103 802 et
2130 748 2366 816 quietem
2396 748 2741 811 obtinebunt,
2783 756 2836 800 et
2869 735 3134 816 improbis
3163 751 3374 816 Cogita-

1781 840 2019 895 tionibus
2050 841 2320 895 vacabunt
2358 858 2371 894 :
2407 840 2498 910 qui
2556 856 2654 893 nec
2700 840 2921 894 Christo
2970 833 3290 896 obedieutcs
3322 858 3379 896 se

1781 932 2042 1000 prmbent,
2074 946 2170 988 nec
2199 931 2352 985 Pauli
2395 931 2621 1001 vestigia
2653 941 2982 999 sequuntur.

2101 1049 2163 1105 L.
2197 1079 2267 1089 —-
2300 1047 2698 1106 STRATEGIO
2733 1046 3054 1102 LECTORI.

2169 1139 2311 1206 Quid
2334 1139 2594 1210 signiﬁcet
2622 1156 2790 1192 nuceu
2825 1141 2989 1210 virga.

1857 1259 2073 1328 Virgam
2099 1271 2326 1313 nuceam
2353 1256 2488 1330 vidit
2520 1253 2845 1311 Jeremias“
2874 1297 2888 1320 ,
2912 1255 2995 1308 vir
3019 1255 3069 1313 in
3099 1253 3365 1324 pluribus.

1780 1367 1945 1422 quam
1993 1350 2084 1404 alii
2145 1349 2445 1418 prophetae,
2495 1347 2754 1418 periculis
2796 1356 3066 1422 versatus,
3103 1348 3379 1400 saccrilotl

1785 1454 1970 1517 typqu
2012 1452 2066 1497 et
2101 1450 2488 1512 argumentum
2527 1459 2539 1495 :
2577 1441 2733 1509 cujus
2766 1441 3070 1510 perspicuis
3101 1449 3157 1493 et
3188 1454 3386 1508 super-

1785 1537 2007 1595 liciariae
2030 1544 2236 1606 partes,
2265 1543 2450 1602 atque,
2488 1542 2546 1587 ut
2570 1534 2841 1602 quispiam
2882 1532 3116 1586 fortasse
3150 1533 3369 1593 dixerit,

1784 1628 2110 1701 primordia,
2164 1625 2525 1695 astringentia
2573 1635 2628 1680 et
2677 1640 2873 1694 aspera
2931 1637 3080 1690 sunt,
3143 1625 3385 1679 acrimo-

1785 1723 1986 1792 nisque
2036 1721 2305 1791 praadita;
2353 1719 2583 1773 occulta:
2642 1727 2824 1773 autem
2880 1727 3046 1787 atque
3093 1717 3387 1772 interiores

109 1805 315 1857 ἐπίπονα
365 1805 465 1874 τῆς
521 1806 823 1874 ἱερωσύνης
877 1806 1066 1874 φέρειν
1115 1806 1412 1872 γενναίως,
1466 1805 1566 1858 καὶ·
1612 1807 1677 1858 τά

1804 1823 1968 1870 )artes
2007 1812 2231 1868 stabiles
2265 1820 2318 1866 et
2349 1810 2520 1864 [innec
2545 1821 2696 1875 sunt,
2738 1825 2801 1865 ac
2848 1809 3106 1888 fulciendi
3145 1811 3250 1863 vim
3294 1812 3389 1863 ha-

107 1896 293 1949 ιταθλα
317 1885 522 1966 ταύτης
556 1896 872 1967 περιμένειν
904 1897 1220 1966 προθύμως.

333 2199 464 2253 NA'.
519 2231 586 2241 —
634 2198 1015 2272 ΘΕΟΠΟΜΠῼ
1056 2200 1422 2270 ΤΡΙΒΟΥΝῼ.

372 2293 514 2360 Πέρὶ
547 2293 658 2359 τῆς
690 2294 1132 2360 καταραθείσης
1172 2291 1392 2360 συκῆς.

173 2404 274 2473 Τὴν
312 2407 486 2474 συκῆν
533 2407 632 2478 οὐχ
678 2407 866 2469 ἁπλῶς
895 2411 922 2460 ὁ
960 2409 1162 2476 Κύριος
1196 2409 1574 2478 κατηράσατο,
1607 2408 1682 2478 μὴ

110 2496 246 2550 τοῦτο
268 2498 475 2569 νόμιζε,
509 2493 554 2553 ὦ
595 2499 703 2551 τῶν
751 2499 912 2553 θείων
953 2502 1240 2571 ἁκόρεστε,
1265 2499 1380 2552 ἀλλ’
1406 2502 1494 2553 ῑνα
1534 2497 1682 2570 δείξῃ

112 2592 206 2652 τοῖς
234 2591 544 2660 ἀγνώμοσιν
583 2592 880 2656 Ἰουδαίοις,
911 2593 992 2645 δτι
1023 2592 1137 2662 ἔχει
1168 2591 1399 2661 δύναμιν
1426 2590 1520 2644 καὶ
1547 2591 1684 2660 πρὸς

113 2683 360 2753 τιμωρίαν
393 2683 696 2753 ἀρκοῦσαν.
719 2685 938 2754 Ἐπειδὴ
973 2686 1082 2756 γὰρ
1133 2688 1190 2737 ὲν
1234 2688 1369 2739 πᾶσι
1405 2687 1515 2750 τοῖς
1557 2685 1686 2740 θαύ-

119 2792 260 2842 μασιν
302 2777 455 2829 οὐδὲν
495 2777 655 2830 αὑτὸν
697 2780 1051 2848 παρασχόντα
1100 2781 1205 2830 τινὶ
1233 2779 1478 2848 λυπηρὸν
1509 2778 1687 2848 ἑωρά-

117 2885 300 2934 κεισαν,
338 2871 499 2938 μόνον
532 2871 844 2940 εὐεργετεῖν
886 2870 1049 2922 αὑτὸν
1099 2869 1486 2938 ὑπελάμϐανον
1525 2868 1688 2921 δύνα-

119 2962 242 3020 σθαι.
263 2964 358 3014 οὐκ
379 2963 576 3032 ἔχοντα
594 2963 704 3032 (50)
731 2962 936 3015 κακοῦν
964 2965 1091 3026 τοὺς
1121 2963 1390 3032 πονηρους
1413 2961 1685 3027 ἐξουσίαν.

129 3051 206 3104 Ἐκ
235 3054 327 3122 τῆς
357 3053 571 3122 ἀψύχου
612 3055 787 3106 τοίνυν
817 3053 1026 3116 οὐσίας,
1055 3052 1231 3105 πείθει
1266 3052 1357 3105 τὸν
1393 3053 1689 3122 ἀχάριστον

1785 1878 1935 1963 bent.
1985 1904 2352 1973 Quamobrem
2420 1911 2475 1957 et
2541 1902 2836 1957 sacerdotii
2897 1878 3114 1957 labores
3166 1911 3388 1957 strenue

1787 2003 1930 2057 ferre
1968 2008 2203 2069 oportet,
2253 2008 2306 2053 et
2340 1992 2522 2068 ipsius
2567 1999 2790 2066 praemia
2839 2008 3094 2068 prompto
3133 2006 3190 2051 et
3217 1996 3384 2051 alacri

1786 2093 1974 2147 animo
1999 2101 2339 2161 exspectare.

2073 2205 2158 2262 LI.
2190 2238 2260 2247 —
2293 2203 2718 2261 THEOPOMPO
2768 2197 3098 2262 TRIBUNU.

2309 2297 2385 2351 De
2413 2299 2698 2354 maledicta
2741 2299 2870 2369 ﬁcu.

1862 2415 2178 2476 Ficulneam
2214 2415 2479 2470 Dominus
2509 2415 2652 2470 haud
2672 2417 2788 2470 sine
2811 2429 2975 2469 causa
3001 2412 3389 2485 exsecratione

1788 2507 2230 2580 devinxit“°(ne
2273 2508 2326 2562 id
2362 2509 2668 2576 existimes,
2708 2508 2800 2577 qui
2853 2522 3035 2561 rerum
3080 2504 3387 2558 divinarum

1790 2599 2103 2672 ineXplebili
2160 2601 2456 2672 cupiditate
2507 2599 2760 2672 ﬂagras),
2811 2614 2994 2654 verum
3052 2611 3111 2651 ut
3161 2595 3388 2664 ingratis

1789 2693 1992 2750 Judteis
2036 2692 2164 2747 illud
2201 2695 2541 2757 ostenderet,
2574 2707 2632 2747 se
2684 2708 2805 2747 eam
2857 2692 2963 2746 vim
3005 2691 3226 2756 haltere,
3277 2703 3396 2757 qua:

1793 2785 2080 2840 inferendo
2130 2800 2350 2855 quoque
2405 2783 2676 2855 supplicio
2725 2799 2822 2852 par
2891 2792 3058 2837 esset.
3120 2781 3392 2847 Quoniam

1791 2877 1936 2930 enim
1981 2890 2106 2930 eum
2161 2877 2214 2928 in
2269 2875 2526 2929 omnibus
2563 2873 2845 2927 miraculis
2890 2871 3092 2925 nullam
3134 2871 3387 2940 cuiquam

1792 2966 2100 3021 molestiam
2133 2964 2386 3018 intulisse
2424 2974 2844 3033 perspexerant,
2882 2964 3086 3019 idcirco
3115 2979 3239 3018 eum
3269 2977 3394 3032 pro-

1795 3058 1952 3116 desse
2001 3067 2212 3110 tantum
2263 3071 2422 3125 posse
2461 3057 2855 3111 existimabant
2905 3075 2918 3108 :
2971 3071 3034 3111 ac
3088 3072 3194 3111 non
3261 3056 3392 3110 item

118 3144 286 3212 δῆμον,
318 3148 396 3198 ὅτι
434 3147 534 3200 καὶ
563 3145 875 3214 ἀμύνασθαι
902 3144 1147 3207 δύναται,
1186 3145 1280 3197 καὶ
1304 3146 1378 3208 ὡς
1401 3145 1608 3212 ἀγαθὸς
1628 3145 1689 3198 οὐ

1804 3164 1915 3202 eam
1961 3149 2335 3212 vim'habere,
2381 3162 2486 3216 qua
2537 3147 2814 3218 improbos
2860 3145 3002 3200 malo
3032 3145 3246 3200 allicere
3277 3162 3399 3215 pos-

120 3236 792 3307 βεῦούὶευται.“Εξηράνθη
841 3232 936 3289 οὗν
984 3237 1160 3300 ξύλον,
1201 3238 1285 3289 ἵνα
1339 3236 1550 3310 φοϐήσῃ
1594 3238 1682 3291 ἀν-

121 3331 530 3402 Θρώπους.”Δμα
559 3331 616 3382 δέ
649 3347 741 3405 τις
777 3331 951 3398 τούτῳ
997 3330 1091 3382 καὶ
1132 3329 1448 3400 ἀπόρρητος
1477 3329 1686 3398 συμπέ-

123 3423 332 3478 πλεκται
355 3424 536 3491 λόγος,
576 3422 724 3491 παρὰ
755 3422 1025 3492 γερόντων
1067 3421 1146 3482 εἰς
1176 3422 1323 3490 ἡμᾶς
1360 3420 1540 3488 σοφῶν
1569 3422 1688 3474 δια-

122 3518 357 3585 conﬁsa;
384 3533 395 3544 ·
433 3518 514 3567 ὅτι
556 3515 620 3567 τὸ
652 3514 808 3580 ξύλον
855 3515 953 3584 τῆς
1003 3513 1368 3582 παραϐάσεως
1417 3512 1598 3576 τοῦτο,
1630 3508 1689 3568 οὗ

122 3611 201 3658 καὶ
248 3612 353 3673 τοῖς
407 3609 632 3678 φύλλοις
679 3611 754 3670 εἰς
805 3608 1014 3678 σκέπην
1047 3609 1091 3660 οξ
1125 3606 1474 3676 παραὸάντες
1518 3607 1688 3676 ἐχρή-

124 3716 282 3754 σαντο.
308 3703 414 3754 Καὶ
446 3699 736 3769 κατηράθη
786 3700 938 3769 παρὰ
982 3697 1216 3768 Χριστοῦ
1268 3697 1690 3768 φιλανθρώπως,

126 3794 296 3860 μηκέτι
348 3794 562 3864 καρπὸν
612 3795 860 3859 ἐνεγκεῖν
909 3793 1082 3855 αἴτιον
1135 3790 1428 3860 ἁμαρτίας.
1470 3789 1690 3857 Ἐπειδὴ

123 3881 327 3953 δευτέρα
361 3883 497 3936 Θεοῦ
533 3884 827 3953 παρουσία,
858 3884 993 3953 πρὸς
1015 3881 1430 3953 θνανθρώπησιν
1465 3882 1564 3951 μὲν
1590 3881 1692 3932 οὐκ

125 3974 241 4036 ἐστι,
275 3978 404 4047 πρὸς
444 3977 500 4029 δὲ
529 3976 669 4028 τίσιν
696 3975 806 4028 τῶν
834 3975 1242 4045 πεπραγμένων
1275 3974 1511 4044 ἑκάστῳ.

1799 3254 1900 3296 set.
1939 3239 2309 3308 Quamobrem
2335 3256 2366 3294 a
2394 3240 2699 3294 substantia
2727 3240 2924 3294 animae
2954 3239 3190 3308 experti,
3227 3253 3395 3308 popu-

1799 3334 1911 3388 lum
1947 3335 2218 3405 ingmtum
2277 3332 2556 3396 admonet,
2615 3347 2673 3386 se
2721 3331 2913 3386 ulcisci
2959 3330 3178 3401 quidem
3229 3330 3403 3399 ipsius

1799 3427 2007 3483 scelera
2040 3441 2223 3495 posse,
2257 3429 2350 3482 sed
2396 3442 2494 3496 pro
2530 3442 2627 3480 sua
2665 3427 2912 3480 bonitate
2959 3423 3123 3481 nolle.
3177 3423 3405 3478 Exaruit

1801 3519 1966 3588 igitur
2001 3519 2188 3585 arbor,
2235 3528 2293 3573 ut
2328 3519 2641 3573 hominibus
2692 3529 2958 3574 terrorem
2999 3519 3228 3589 injiciat.
3261 3517 3402 3583 Quin

1804 3608 1857 3662 in
1891 3610 1990 3662 hac
2017 3623 2232 3677 quoque
2290 3624 2347 3663 re
2397 3624 2634 3664 arcanus
2677 3610 2898 3680 quidam
2942 3624 3123 3668 sermo
3158 3622 3404 3661 annexus

1803 3711 1913 3765 est,
1937 3716 1967 3754 a
1999 3700 2223 3755 senibus
2261 3703 2602 3771 sapientibus
2635 3703 2700 3756 ad
2733 3717 2832 3756 nos
2858 3713 3164 3771 grassatus,
3211 3714 3407 3766 nempe

1805 3784 1946 3846 hanc
2017 3794 2472 3863 transgressionis
2519 3795 2775 3850 arborem
2828 3809 2973 3859 esse,
3024 3795 3181 3863 cujus
3232 3792 3400 3846 etiam

1804 3884 1949 3940 fol-iis
1978 3887 2046 3940 ad
2075 3902 2277 3958 corpus
2307 3892 2597 3959 tegendum
2659 3890 2716 3953 ii,
2753 3889 2846 3960 qui
2892 3889 3206 3942 mandatum
3234 3885 3405 3937 viola-

1807 3987 1955 4042 runt,
2012 3979 2093 4033 usi
2154 3990 2302 4034 sunt.
2364 3982 2441 4035 Ac
2495 3981 2724 4049 proinde
2768 3981 3022 4034 Christus
3074 3979 3314 4032 humano
3345 3990 3409 4027 ac

130 4069 445 4124 misericordi
502 4071 690 4124 animo
737 4067 838 4122 hoc
895 4069 943 4120 ei
994 4069 1326 4134 imprecatus
1380 4073 1485 4130 est,
1541 4073 1696 4119 utne
1736 4069 1966 4136 posthac
1999 4069 2260 4137 fructum,
2331 4074 2544 4143 peccati
2578 4088 2826 4138 causam,
2901 4075 3089 4128 ferret.
3136 4069 3409 4138 Quando-

128 4161 319 4224 quidem
354 4163 628 4216 secundus
668 4161 761 4215 Dei
793 4160 1062 4214 adventus
1121 4173 1226 4211 nou
1262 4157 1376 4226 jam
1448 4159 1514 4210 ad
1582 4157 1977 4216 humanitatem
2023 4163 2205 4219 denuo
2255 4168 2642 4222 assumendam
2687 4167 2812 4231 erit,
2869 4181 3058 4221 verum
3127 4164 3196 4219 ad
3225 4162 3410 4218 scele-

132 4269 256 4317 rum,
280 4271 395 4325 qua
424 4257 662 4325 quisque
687 4253 1041 4322 perpetrarit,
1070 4252 1356 4306 ultionem.

418 4372 546 4424 NB’.
566 4401 635 4413 --
657 4370 1022 4440 ΛΑΜΠΕΤΙῼ
1060 4369 1374 4439 ΜΟΝΑΧῼ.

615 4463 774 4520 Κατὰ
813 4467 968 4518 Mart
974 4465 1077 4532 χαί
1081 4481 1182 4516 ων.

2044 4374 2148 4446 16
2175 4373 2284 4431 Lll.
2314 4406 2381 4416 —
2413 4373 2770 4430 LAMPETIO
2816 4371 3173 4430 MONACHO.

2322 4466 2520 4522 Contra
2552 4466 2902 4521 Manicha’os.

190 4579 373 4634 Πολλαὶ
403 4583 711 4653 προφάσεις
733 4583 841 4635 εἰσὶ
865 4584 964 4652 τῆς
994 4582 1206 4651 ἁτωχῆς
1229 4580 1338 4634 τῶν
1365 4580 1689 4652 βρωμάτων,

1878 4579 2058 4635 Multa:
2085 4593 2263 4634 causae
2292 4589 2452 4644 sunt,
2487 4579 2842 4648 quamobrem
2888 4593 2916 4631 a
2965 4577 3105 4632 cibis
3143 4576 3413 4645 quispiam

131 4670 211 4720 καὶ
245 4672 356 4738 ἔθος
393 4675 488 4728 καὶ
527 4674 712 4741 φύσις,
743 4675 836 4728 καὶ
869 4675 1087 4744 γνῶμαι
1135 4674 1201 4726 δι’
1235 4675 1564 4743 ἐγκράτειαν
1614 4691 1706 4726 τε-

131 4763 361 4837 λούμεναι
395 4771 532 4841 (51).
554 4771 628 4824 Τὸ
667 4773 766 4841 μὲν
794 4769 905 4841 γὰρ
935 4771 1084 4843 νόμῳ
1112 4770 1373 4834 πολλάκις
1405 4769 1702 4842 παραδίδο-

193 4924 231 4954 ⁶⁶
284 4925 390 4981 Jer.
426 4944 461 4991 ι,
508 4928 599 4981 Η.
683 4924 747 4957 ⁸⁵·
778 4924 944 4982 Marc.
969 4945 1042 4991 xl,
1075 4930 1160 4990 H,

1815 4689 1875 4728 se
1902 4674 2196 4735 abstineat,
2226 4673 2483 4726 nimirum
2519 4683 2573 4726 et
2600 4672 2962 4734 consuetudo,
3012 4681 3068 4725 et
3115 4681 3329 4733 natura,
3363 4681 3416 4725 et

1819 4767 2088 4832 instituta,
2137 4782 2258 4836 qua:
2307 4767 2658 4820 continentia:
2715 4779 2880 4820 causa
2925 4763 3219 4819 obeuntur.
3280 4762 3411 4817 Nam

1225 5081 1460 5138 VARle
1501 5079 1897 5138 LECTIONES
1929 5079 2021 5136 ΕΤ
2054 5079 2290 5139 NOTAE.

202 5239 302 5308 (i9)
362 5244 680 5303 luscribitur
735 5246 851 5300 hzec
895 5245 1121 5315 epistola
1180 5245 1231 5297 in
1286 5245 1444 5298 codd.
1505 5244 1612 5300 Alt.
1646 5257 1701 5298 et

141 5303 246 5434 iVat.
275 5303 372 5370 διο
436 5335 540 5373 ιιοη
604 5303 943 5387 Σρατηγίῳ,’
975 5321 1067 5371 sed
1108 5316 1407 5385 Σταγιρίῳ,
1443 5315 1699 5385 Stagirio.

162 5389 328 5434 ’ossn-

162 5389 328 5443 ’ossta.

207 5454 309 5526 (50)
362 5457 633 5512 Lacunam
667 5461 930 5514 asterisco
978 5458 1272 5512 indicatam
1317 5459 1570 5527 explesis,
1609 5475 1710 5509 au-

143 5529 362 5582 ﬂoribus
379 5531 534 5585 codd.
555 5531 765 5584 duobus
791 5532 898 5583 Alt.
918 5540 971 5584 et
1002 5528 1119 5582 Vat.
1143 5528 1270 5588 649,
1298 5530 1588 5584 inserendo
1615 5528 1709 5580 τοῦ

149 5597 272 5668 inter
297 5599 482 5668 ἔχοντα
515 5612 568 5654 et
600 5601 825 5654 κακοῦν.
861 5601 1029 5655 Versu
1083 5602 1209 5652 inde
1247 5601 1404 5668 tertio
1461 5615 1556 5667 pro
1616 5602 1707 5667 βε-

149 5663 410 5740 δούλευται
466 5672 627 5723 iidem
710 5672 912 5726 habent
954 5670 1302 5740 βεϐούληται.
1361 5663 1530 5723 νει-ἐυ
1584 5663 1709 5723 hinc

153 5737 301 5791 altero
353 5751 466 5809 post.
511 5742 819 5867 ἀπόρρητος
891 5737 1213 5810 particulam
1275 5739 1416 5810 τάχα
1460 5742 1510 5792 hi
1552 5742 1711 5798 ambo

156 5811 291 5862 codd.
322 5812 586 5867 inSerunt.
648 5814 773 5867 'ers.
812 5813 907 5867 ull.
939 5812 1189 5867 cod.Alt.
1228 5811 1350 5867 [cuit
1397 5811 1548 5864 ἔσται
1594 5813 1711 5864 loro

156 5811 291 5862 codd.
322 5812 586 5867 inserunt.
620 5811 773 5868 Vera.
812 5813 907 5867 ult.
939 5812 1059 5868 cod.
1083 5812 1189 5866 Alt.
1228 5811 1350 5879 legit
1397 5811 1548 5864 ἔσται
1594 5813 1712 5864 loro

1812 5244 1948 5298 ἔστι.
1985 5243 2049 5297 Et
2068 5252 2211 5310 post,
2232 5243 2366 5314 πρὸς
2384 5243 2464 5306 δέ,
2499 5251 2609 5295 tam
2647 5242 2788 5294 idem
2816 5243 2923 5296 Alt.
2955 5257 3116 5312 quam
3149 5243 3270 5297 Vat.
3297 5243 3424 5303 659.

1819 5317 2119 5385 adiungunt
2155 5314 2334 5384 κρίσιν
2364 5316 2456 5366 καὶ
2487 5331 2630 5382 τιμ..
2660 5326 2790 5385 etc_.,
2829 5329 2950 5382 quae
2993 5315 3128 5385 satis
3156 5315 3425 5368 verisimi-

1820 5382 1942 5439 liter
1981 5387 2148 5453 proba
2184 5382 2316 5437 sunt
2348 5393 2402 5437 et
2427 5387 2587 5438 editis
2615 5382 2974 5450 βτινῐιειειιςιίι.
3015 5383 3228 5438 Possm.

1896 5455 2194 5526 (51)Verba
2221 5454 2439 5524 γνῶμαι
2480 5456 2806 5526 τελούμεναι
2832 5454 3426 5526 cﬂerunturisingulari

1827 5543 2055 5597 numero
2089 5526 2142 5579 in
2192 5529 2402 5597 duobus
2437 5529 2594 5579 codd.
2633 5525 2742 5578 Alt.
2797 5537 2851 5580 et
2900 5527 3018 5580 Vat.
3056 5525 3185 5588 649,
3229 5525 3428 5597 γνώμη

1819 5596 2142 5666 τελουμένη.
2210 5596 2340 5662 Quae
2397 5609 2708 5665 sequuntur
2749 5600 2799 5649 itt
2857 5598 3007 5651 edito
3051 5598 3194 5650 haud
3267 5596 3429 5649 dubie

1822 5677 2076 5723 Inemtosa
2115 5668 2192 5737 τῷ
2248 5669 2347 5738 μὲν
2383 5669 2493 5739 γὰρ
2545 5669 2696 5738 νόμῳ
2755 5668 3017 5731 πολλάκις
3062 5667 3426 5739 παραδέδοται

1820 5740 1960 5801 ἔθος.
2001 5739 2228 5810 Corrtge
2255 5755 2322 5792 ex
2362 5741 2554 5792 iisdem
2587 5740 2747 5793 codd.
2791 5739 2852 5789 τὸ
2892 5741 2989 5806 μὲν
3022 5739 3132 5807 γὰρ
3167 5741 3425 5810 (relertur

1826 5815 1888 5864 ad
1918 5811 2033 5872 ἔθος
2070 5807 2302 5878 primum
2336 5825 2534 5865 nomen
2576 5822 3045 5876 enumeratorum)
3099 5811 3247 5877 νόμῳ
3299 5807 3419 5859 πολ·
