4002 6438
215 356 326 424 ὶὶδ

1133 350 1668 416 EPISTOLARUM
1713 351 1860 414 LIB.
1906 351 1956 411 Ῑ.
1997 376 2068 386 -
2103 351 2340 414 EPIST.
2385 351 2588 414 LXVI.

3414 351 3520 415 225

219 469 321 532 τήν
359 466 524 537 ῥίζαν
554 465 733 519 αὐτῶν
765 465 980 519 κεῖσθαι
1014 465 1111 537 τὴν
1132 464 1328 534 ἀξίνην
1378 462 1813 534 ἀποφηνάμενος¹

1926 476 2020 519 eos
2051 463 2407 533 comparavit.
2460 462 2528 518 ad
2583 475 2772 518 eorum
2824 459 3064 516 radicem
3096 459 3329 516 securim
3363 461 3513 532 posi-

216 561 317 627 τὴν
359 558 549 623 ὀξεῖαν
587 559 680 610 καὶ
710 557 974 627 σύντομον
998 557 1092 610 τοῦ
1153 542 1496 624 Εὐαγγε>.ίου
1529 555 1817 627 διαίρεσιν,

215 650 310 717 ὑφ’
343 643 418 720 ἧς
455 651 564 702 πᾶν
609 649 825 719 δένδρον
878 649 953 718 μὴ
993 646 1177 700 ποιοῦν
1225 647 1438 717 καρπὸν
1492 644 1678 708 καλὸν,
1728 645 1820 698 ὲκο

217 741 492 794 κόπτεται
512 739 647 811 (62),
680 741 778 794 οὐκ
803 739 1111 811 ὀρύσσεται.
1139 737 1204 790 Ἡ
1229 736 1338 806 γὰρ
1364 734 1473 805 (puti;
1495 735 1603 788 τῶν
1627 734 1818 806 ῥιζῶν,

216 834 246 885 ὁ
267 833 442 902 νόμος
470 832 690 903 δηλαδὴ,
717 831 1128 892 καταλείπεται,
1169 829 1254 897 ἐφ’
1279 828 1345 897 ἢν
1374 830 1401 880 ὁ
1427 828 1545 890 νέος
1574 826 1702 890 λαὸς
1723 827 1817 896 ἑγ-

219 923 594 993 κεντρίζεται.

736 1034 856 1088 εει.
882 1061 953 1073 -
983 1034 1071 1087 το
1109 1033 1310 1104 arm.

219 1145 285 1204 Τί
334 1150 537 1211 ἐστιν,
581 1168 598 1201 ι
641 1144 722 1204 οὗ
768 1149 830 1201 τὸ
881 1149 1074 1202 πτύον
1117 1150 1188 1201 ἐν
1232 1145 1307 1215 τῇ
1343 1148 1492 1216 χειρὶ
1527 1141 1742 1200 αὐτοῦ.
1791 1159 1810 1192 ι

293 1285 516 1340 Μαθεῖν
549 1284 716 1338 θέλων
744 1286 1027 1354 ὲσήμανας
1059 1283 1144 1347 τίς
1170 1285 1202 1353 ἡ
1238 1281 1329 1336 τοῦ
1361 1282 1533 1336 πτύου
1565 1281 1818 1350 ἐνέργεια

218 1381 282 1450 ἢν
316 1377 770 1449 μεταχειρίζεται
808 1377 944 1448 πρὸς
979 1363 1324 1445 καθαρισμὸν
1351 1373 1447 1443 τῆς
1482 1372 1689 1434 ἆλωνος
1716 1370 1817 1438 τῆς

219 1471 358 1532 ιδίας
413 1472 444 1524 ὁ
495 1469 724 1540 Κύριος.
775 1467 945 1521 Τοῦτο
995 1467 1175 1520 τοίνυν
1221 1468 1390 1531 ὲστίν,
1426 1465 1500 1529 ὡς
1533 1463 1707 1535 οἶμαι,
1756 1463 1816 1516 τὸ

217 1562 424 1632 νόημα,
483 1562 686 1622 ἅλωνα.
727 1559 823 1632 τὴν
860 1559 1143 1631 πάνδημον
1185 1558 1281 1628 τῆς
1317 1557 1646 1628 οἰκουμένης
1693 1555 1816 1608 Ἐκ-

216 1653 458 1724 κλησίαν
521 1652 940 1722 προσαγορεύει,
989 1653 1048 1703 ὲν
1187 1651 1365 1703 πάντα
1417 1649 1505 1702 τὸν
1556 1646 1816 1718 θερισμὸν

217 1743 542 1814 συναγείρει
568 1743 666 1813 τῆς
685 1741 1124 1814 ἀνθρωπότητος.
1162 1740 1343 1793 Πτύον
1361 1739 1439 1802 δὲ,
1477 1739 1574 1810 τὴν
1595 1738 1812 1792 δικαίαν

1926 564 2034 608 tam
2065 568 2185 609 esse
2219 553 2602 622 pronuntians,
2647 553 2749 608 hoc
2794 560 2877 609 est
2912 563 3125 607 acutam
3157 565 3223 607 ac
3254 565 3518 622 compen-

1925 645 2137 699 diosam
2171 644 2446 716 Evangelii
2479 644 2800 700 divisionem
2826 684 2840 710 ,
2871 658 2975 713 qua
3006 645 3186 699 omnis
3218 643 3384 699 arbor
3412 658 3516 698 non

1924 736 2131 792 faciens
2167 736 2402 791 fructum
2437 738 2658 799 bonum,
2699 734 3039 791 exscinditur
3071 735 3143 800 ⁸⁸,
3190 749 3295 790 non
3330 743 3514 790 autem

1926 829 2148 885 foditur.
2173 830 2452 898 Siquidem
2477 829 2528 883 id
2547 817 2690 898 quod
2707 841 2774 882 ex
2792 826 3071 882 radicibus
3087 826 3390 897 pullulavit,
3414 828 3519 882 hoc

1922 931 2004 975 cst
2036 921 2119 977 lex
2139 963 2151 985 ,
2183 920 2515 991 relinquitur
2541 940 2550 972 :
2581 919 2668 974 cui
2700 920 2929 989 populus
2958 934 3131 974 novus
3159 919 3440 974 inseritur.

2453 1028 2613 1086 LXV.
2645 1059 2718 1074 -
2750 1029 2982 1085 EIDEM.

1923 1145 2064 1213 Quid
2084 1146 2325 1213 titillud,
2347 1165 2363 1199 t
2389 1143 2556 1218 Cujus
2575 1146 2922 1201 ventilabrum
2957 1145 3010 1197 in
3049 1159 3208 1197 manu
3242 1145 3356 1210 ejus
3371 1145 3462 1197 °".
3489 1162 3509 1195 ι

1993 1284 2320 1354 Signiﬁcasti
2352 1298 2450 1356 per
2474 1283 2715 1347 litteras.
2749 1292 2800 1338 te
2832 1282 2974 1338 scire
3005 1296 3237 1352 cupere,
3266 1295 3518 1352 quaenam

1921 1374 2200 1429 ventilahri
2235 1374 2408 1439 illius,
2441 1375 2584 1444 quod
2617 1374 2883 1429 Dominus
2910 1373 2976 1429 ad
3005 1387 3146 1427 areae
3173 1387 3286 1428 sme
3317 1385 3517 1442 purga-

1922 1465 2120 1521 tionem
2153 1466 2339 1533 sumil,
2371 1466 2451 1522 vis
2487 1481 2550 1522 ac
2587 1464 2821 1521 facultas
2853 1467 2944 1522 sit.
2983 1465 3078 1520 llic
3115 1465 3304 1534 igitur,
3340 1463 3393 1517 ni
3433 1478 3519 1516 me

1917 1556 2101 1624 Opinio
2143 1555 2308 1619 fallit,
2355 1570 2549 1611 sensus
2590 1567 2694 1611 est.
2742 1556 2898 1611 Area:
2943 1555 3163 1611 nomine
3206 1555 3513 1607 universam

1916 1645 2065 1700 orbis
2102 1655 2370 1700 terrarum
2408 1645 2711 1702 Ecclesiam
2747 1644 3031 1714 intelligit,
3065 1645 3118 1698 in
3154 1659 3256 1712 qua
3296 1655 3518 1697 omnem

1922 1737 2174 1792 humana;
2203 1746 2409 1794 natura
2439 1751 2670 1792 messem
2699 1737 2864 1807 cogit.
2883 1735 3184 1791 Ventilabri
3218 1744 3397 1790 autem
3427 1750 3519 1790 vo-

206 1835 404 1902 -κρίσιν
434 1833 616 1896 καλεῖ,
647 1833 772 1903 ἥτις
801 1833 1018 1901 ἑκάστῳ
1041 1831 1138 1902 τὴν
1175 1831 1485 1901 πρόσφορον
1516 1829 1669 1894 τάξιν
1699 1828 1813 1898 ὀρί-

1925 1827 2119 1882 cabulo
2141 1827 2345 1897 justum
2372 1826 2638 1898 judicium
2667 1827 2924 1898 appellat,
2953 1827 3098 1896 quod
3122 1826 3342 1898 quidem
3369 1840 3516 1890 eum,

217 1923 410 1988 ζουσα,
443 1926 573 1987 τοὺς
617 1923 715 1993 μὲν
753 1920 1051 1992 ἀχυρώδεις
1088 1921 1182 1974 καὶ
1211 1918 1468 1991 χαύνους,
1511 1920 1605 1973 καὶ
1646 1917 1813 1972 παντὶ

219 2016 410 2086 ἀνέμῳ
444 2014 722 2085 ἁμαρτίας
757 2013 1169 2085 ῥιπιζομένους,
1197 2013 1277 2075 είς
1303 2009 1499 2064 καῦσιν
1527 2011 1808 2063 ἐκδίδωσι·

216 2108 342 2170 τοὺς
380 2105 442 2158 δὲ
492 2105 827 2176 καθαρότητι
874 2103 1076 2175 ἔργων,
1106 2104 1199 2158 καὶ
1244 2103 1532 2175 μετανοίας
1580 2103 1814 2172 καρποῖς

220 2199 650 2269 εὖθηνήσαντας,
687 2197 768 2259 εἰς
788 2196 1074 2269 ἀποθήκην
1099 2197 1212 2268 (65)
1232 2194 1568 2264 συνάγεσθαι
1604 2194 1752 2262 λέγει
1784 2197 1812 2248 ὁ

218 2289 429 2351 δίκαιος
479 2289 696 2359 κριτὴς,
747 2286 849 2357 τὴν
903 2287 1222 2357 πρέπουσαν
1269 2283 1404 2357 [τοῖς
1444 2287 1654 2346 πιστοῖς
1717 2284 1812 2336 καὶ

222 2381 392 2446 ἀξίοις
421 2380 593 2433 αὑτοῦ
623 2379 882 2449 ἐργάταις
922 2378 1018 2431 καὶ
1047 2379 1326 2448 ,γεωργοῖς
1351 2375 1372 2449 ]
1403 2378 1469 2446 ἢν
1495 2375 1590 2428 καὶ
1640 2374 1810 2446 μονὴν

220 2473 480 2544 ὀνομάζει
514 2473 801 2543 σωτήριον.
848 2471 996 2524 Ἐκεῖ
1028 2469 1139 2540 γάρ
1188 2472 1334 2522 ἐστιν
1372 2469 1540 2531 ὅντως
1577 2469 1609 2537 ἡ
1651 2467 1808 2538 μονή.

236 2565 295 2620 Ἦ
327 2567 438 2635 γὰρ
469 2562 722 2633 παροῦσα
755 2561 890 2632 ζωὴ,
921 2562 1096 2632 σκηνή
1131 2562 1280 2613 ἐστιν
1305 2559 1548 2630 εὐτελὴς,
1591 2559 1809 2630 σύνδρο-

225 2673 324 2727 μον
351 2656 556 2725 ἔχουσα
582 2657 648 2724 τῇ
686 2654 964 2724 συμπήξει
986 2652 1080 2706 καὶ
1107 2653 1208 2722 τὴν
1239 2650 1560 2706 κατάλυσιν.

1921 1919 2011 1988 qui
2050 1918 2246 1988 cuique
2287 1926 2445 1988 aptus
2486 1919 2579 1984 sit,
2623 1920 2850 1990 gradum
2895 1921 3235 1990 distinguens
3274 1932 3338 1972 ac
3377 1916 3517 1970 deli-

1923 2010 2096 2072 niens,
2131 2009 2375 2079 paleares
2408 2011 2648 2081 quidem,
2681 2022 2739 2066 ut
2777 2012 2849 2065 ita
2891 2012 3089 2076 dicam,
3125 2025 3186 2065 ac
3221 2009 3519 2065 dissolutos

1921 2100 2430 2173 homines,.quique
2464 2105 2531 2158 ad
2585 2119 2803 2159 omnem
2830 2104 3043 2174 peccati
3066 2115 3287 2158 ventum
3318 2103 3422 2158 huc
3451 2103 3518 2158 il-

1919 2189 2116 2261 lucque
2146 2192 2444 2262 jactantur,
2486 2195 2720 2250 flammis
2757 2195 2962 2251 addicit
2999 2213 3012 2248 :
3048 2209 3142 2250 eos
3182 2205 3384 2261 autem,
3421 2195 3517 2265 qui

1921 2298 2140 2352 operum
2175 2286 2430 2355 puritate,
2465 2302 2528 2341 ac
2561 2288 2896 2358 pteniteutia:
2927 2286 3198 2343 fructibus
3231 2288 3518 2344 abundan-

1923 2383 2075 2438 runt,
2113 2375 2164 2427 in
2203 2376 2458 2430 horreum
2495 2379 2814 2448 congregari
2849 2379 3033 2448 justus
3064 2379 3229 2449 iudex
3267 2379 3374 2443 ait,
3413 2382 3517 2434 hoc

1921 2477 2004 2522 est
2037 2470 2161 2537 piis,
2194 2484 2361 2539 seque
2390 2472 2567 2542 dignis
2598 2473 2866 2542 operariis
2899 2482 3064 2544 atque
3097 2473 3349 2544 agricolis
3380 2488 3514 2528 con-

1922 2575 2123 2628 gruens
2155 2563 2486 2626 domicilium
2518 2563 2584 2616 7°.
2621 2563 2794 2630 Quam
2827 2567 2990 2620 etiam
3022 2566 3316 2622 salutarem
3357 2581 3518 2620 man-

1923 2653 2130 2707 sionem
2159 2663 2460 2723 nuncupat.
2490 2654 2604 2710 Illic
2641 2657 2786 2710 enim
2824 2672 2950 2712 vere
2989 2659 3204 2715 mansio
3237 2669 3341 2715 est.
3378 2657 3513 2713 Nam

226 2766 463 2819 prmseus
494 2751 604 2803 vita
644 2749 933 2804 tentorium
970 2747 1074 2802 vile
1106 2757 1190 2802 est
1222 2766 1235 2802 :
1273 2747 1415 2817 quod
1453 2745 1614 2800 simul
1651 2753 1813 2816 atque
1852 2759 2191 2817 compactum
2268 2762 2332 2803 ac
2375 2747 2542 2803 fixum
2582 2755 2695 2816 est,
2740 2752 2932 2807 eodem
2976 2754 3237 2824 temporis
3313 2765 3519 2824 puncto

226 2844 473 2897 solt-itur.

566 2962 704 3028 Ξςτ.
729 2991 797 3001 -
818 2961 1143 3033 ΚΛΙΣΑΡΙῼ
1168 2959 1463 3017 ΚΟΜΗΤΙ.

223 3080 317 3146 εις
347 3081 411 3134 τὸ
441 3079 763 3150 εἰρημένον
787 3079 906 3134 ὑπὸ
930 3078 1038 3132 τοῦ
1069 3079 1312 3147 Κυρίου,
1352 3098 1370 3131 ι
1402 3081 1577 3148 Ἄφες
1609 3078 1758 3150 ἄρτι.
1791 3100 1810 3133 ι
1844 3072 1887 3130 C

294 3218 368 3271 T5
413 3219 628 3289 πρέπον
680 3218 896 3288 ἑκάστῳ
946 3216 1122 3288 καιρῷ
1168 3218 1490 3288 προσνέμων
1534 3219 1562 3270 ὁ
1605 3218 1812 3283 δίκαιος

229 3311 432 3380 κριτὴς,
468 3314 644 3378 ’Ἄφες
673 3311 817 3380 ἄρτι.
849 3310 927 3380 τῷ
959 3312 1179 3381 Ἰωάννῃ
1207 3311 1360 3378 ἔλεγε
1389 3313 1814 3382 παραιτουμένῳ

229 3397 284 3448 τὸ
319 3398 629 3468 βάπτισμα.
677 3398 893 3467 Ἐπειδὴ
931 3398 1039 3468 γὰρ
1079 3401 1284 3461 ἐκεῖνος
1331 3399 1408 3462 ὼς
1447 3398 1524 3469 τῷ
1559 3399 1671 3471 (64)
1720 3402 1815 3451 Δε-

232 3489 397 3560 σπότῃ
423 3490 484 3542 τὸ
522 3489 686 3551 σέϐας
729 3489 1044 3552 ἀποδιδοὺς,
1079 3488 1350 3552 ἆπτεσοαι
1391 3491 1490 3561 τῆς
1528 3489 1678 3552 θείας
1712 3490 1813 3543 οὐκ

230 3582 424 3650 ἐτόλμα
457 3583 722 3651 κεφαλῆς,
757 3601 774 3634 ι
803 3583 974 3650 Ἀφες
1007 3581 1154 3652 ἄρτι,
1179 3601 1196 3631 ι
1228 3582 1449 3651 ἤκουσε.
1489 3582 1623 3646 Νῦν,
1656 3583 1810 3653 φησι,

231 3675 499 3742 πτωχείας
559 3671 781 3742 καιρὸς,
834 3669 1294 3739 συγκατασάσεως
1361 3671 1594 3740 θεσμὸς,
1642 3657 1709 3724 δι’
1754 3671 1813 3723 ὃν

233 3764 487 3834 ἀνείληφα
553 3763 860 3833 ἄνθρωπον,
906 3761 1168 3832 λαμϐάνω
1218 3762 1280 3814 τὸ
1333 3761 1638 3834 βάπτισμα,
1678 3761 1811 3834 [ἵνα]

234 3856 429 3907 ἐκεῖνον
466 3854 696 3926 καθάρω
733 3854 830 3924 τῆς
864 3853 1251 3924 παραϐάσεως.
1293 3855 1368 3906 Οὐ
1406 3855 1564 3924 χρεία
1597 3855 1691 3908 νῦν
1713 3854 1813 3924 τῆς

234 3949 560 4016 Δεσποτικῆς
596 3945 862 4012 ἐξουσίας
915 3944 1051 3997 ἀλλὰ
1090 3947 1188 4014 τῆς
1220 3943 1472 4014 δουλικῆς
1512 3945 1810 4007 εὐτελείας.

237 4037 398 4102 Ἀιςες
437 4039 565 4107 άρτι
609 4037 960 4107 πληρωθῆναι
1009 4036 1108 4106 τὴν
1139 4035 1565 4105 εὐσπλαγχνίαν,
1609 4037 1698 4089 ἴνὰ
1739 4037 1814 4107 μὴ

236 4127 527 4199 ἐμποδισθῇ
565 4129 672 4180 τῶν
713 4128 1015 4197 ἀνθρώπων
1043 4126 1155 4200 (65)
1192 4128 1453 4198 σωτηρία.
1487 4127 1675 4192 Οὕτως
1703 4128 1812 4199 γάρ

237 4223 440 4290 πρέπον
480 4223 613 4293 ἡμῖν
648 4222 763 4272 ὲστι
801 4220 1084 4290 πληρῶσαι
1121 4221 1302 4272 πᾶσαν
1329 4218 1696 4289 δικαιοσύνην.
1724 4225 1813 4273 Δι-

239 4313 485 4384 καιοσύνη
521 4315 630 4383 γάρ
651 4313 787 4376 ἐστι,
820 4311 885 4364 τὰ
917 4310 1061 4380 πάθη
1085 4310 1194 4364 τῶν
1217 4309 1520 4382 ἀνθρώπων
1554 4311 1814 4376 ἀναδεξά-

2256 2962 2440 3018 LXVI.
2479 2994 2547 3005 -—
2585 2964 2915 3022 CIESARIO
2952 2965 3212 3024 COMlTl.

2079 3076 2146 3130 In
2177 3075 2313 3130 illud
2346 3079 2546 3132 dictum
2579 3095 2613 3133 a
2645 3079 2868 3136 Domino
2903 3097 2922 3137 :
2957 3100 2975 3134 ι
3015 3081 3145 3137 Siue
3175 3083 3354 3139 modo.
3391 3103 3411 3138 ι

1986 3212 2176 3269 Justus
2207 3215 2295 3270 ille
2324 3214 2514 3284 judex,
2555 3217 2700 3286 quod
2736 3217 2934 3288 cuique
2968 3219 3200 3291 tempori
3236 3221 3514 3284 convenit.

1915 3305 2240 3370 attribuens,
2274 3326 2290 3358 ι
2313 3306 2442 3362 Siue
2467 3310 2648 3372 modo,
2673 3328 2690 3360 ι
2722 3311 2788 3363 ad
2811 3308 3074 3367 Joannem
3094 3313 3326 3380 dicebat,
3347 3313 3517 3384 ipsius

1918 3397 2232 3466 baptizandi
2281 3415 2478 3455 munus
2519 3413 2888 3460 recusantem.
2934 3402 3070 3458 Nam
3114 3420 3235 3459 cum
3283 3405 3410 3472 ille,
3458 3415 3516 3461 ut

1918 3490 2145 3546 Domino
2183 3494 2588 3548 venerationem
2629 3495 2916 3561 exhibens,
2950 3496 3196 3551 divinum
3233 3508 3398 3567 caput
3434 3508 3518 3553 at-

1920 3589 2152 3635 trectare
2207 3583 2431 3638 minime
2483 3585 2727 3649 auderet,
2763 3605 2780 3638 ι
2819 3587 2952 3642 Sine
2999 3588 3178 3653 modo,
3218 3606 3236 3640 ι
3285 3589 3514 3645 audivit.

1915 3668 2103 3734 Nunc,
2138 3672 2331 3744 inquit,
2377 3677 2716 3746 paupertatis
2762 3687 2975 3746 tempus
3019 3689 3124 3742 est,
3168 3680 3516 3734 demissionis

1917 3763 2000 3818 lex
2041 3779 2055 3816 :
2091 3765 2207 3834 ejus
2240 3781 2427 3832 causa,
2464 3769 2534 3823 ob
2571 3783 2732 3838 quem
2779 3771 3176 3825 humanitatem
3215 3774 3514 3840 assumpsi,

1917 3856 2249 3925 baptismum
2299 3861 2528 3928 accipio,
2579 3872 2637 3914 ut
2682 3877 2805 3916 eum
2855 3877 2884 3916 a
2937 3863 3228 3918 maledicto
3274 3863 3511 3934 expiem.

1915 3945 2069 4001 Nunc
2111 3949 2390 4005 Dominica
2432 3954 2669 4021 potentia
2707 3967 2842 4021 Opus
2883 3969 2991 4008 non
3028 3963 3133 4017 est,
3176 3969 3364 4008 verum
3402 3971 3517 4010 ser-

1915 4036 2006 4090 vili
2034 4039 2334 4107 dejectione
2352 4055 2415 4095 ac
2455 4041 2682 4097 vilitate.
2714 4062 2732 4094 ι
2768 4042 2898 4096 Sine
2920 4044 3080 4096 modo
3113 4062 3131 4095 ι
3156 4048 3513 4100 commisera-

1919 4127 2119 4180 tionem
2159 4129 2362 4197 expleri
2392 4147 2404 4182 :
2433 4130 2537 4200 21
2566 4146 2632 4185 ne
2657 4132 2936 4186 hominum
2980 4133 3130 4188 salus
3159 4135 3512 4201 impediatur,

1924 4238 1941 4269 ι
1967 4221 2046 4272 sic
2069 4221 2210 4274 cnim
2235 4222 2393 4276 decet
2435 4238 2533 4276 nos
2571 4225 2795 4293 implere
2830 4241 3044 4281 omnem
3083 4227 3351 4296 justitiam
3380 4231 3448 4280 τί.
3491 4250 3507 4284 ι

1919 4309 2031 4364 lloc
2073 4311 2218 4365 enim
2262 4312 2492 4378 justitiae
2539 4329 2736 4370 munus
2781 4317 3046 4386 postulat,
3089 4329 3150 4373 ut
3190 4320 3284 4389 qui
3335 4322 3516 4377 homi-

242 4421 409 4472 μενον,
435 4403 671 4466 ἀπαθῶς
698 4403 840 4472 ὑπὲρ
871 4401 1050 4454 αὐτῶν
1086 4400 1184 4455 καὶ
1219 4399 1503 4471 βάπτισμα
1536 4399 1811 4466 δέξασθαι,

1925 4417 2048 4456 num
2095 4401 2408 4458 affectiones
2450 4406 2712 4474 suscepit,
2759 4422 2885 4462 vere
2928 4410 3258 4478 baptismum
3301 4427 3519 4484 quoque

239 4494 476 4567 λυτήριον
528 4499 626 4565 τῆς
670 4495 849 4548 αὐτῶν
883 4493 1180 4565 ἁμαρτίας,
1234 4493 1328 4546 καὶ
1387 4493 1656 4564 σύμϐολον
1714 4495 1812 4566 τῆς

239 4589 406 4640 αὐτῶν
427 4592 482 4642 ὲν
506 4587 633 4659 ἐμοὶ
664 4586 990 4657 ἀφθαρσίας.

1919 4509 2020 4563 pro
2061 4494 2188 4564 ipsis
2230 4497 2509 4563 suscipiat,
2553 4498 2646 4566 qui
2685 4507 2740 4551 ct
2781 4499 3020 4567 ipsorum
3060 4512 3283 4570 peccata
3319 4505 3515 4566 solvat,

1922 4595 1977 4639 et
2013 4601 2198 4640 eorum
2245 4587 2294 4638 iu
2339 4601 2421 4642 me
2459 4597 2656 4642 statum
2695 4590 2764 4645 ab
2799 4593 2945 4646 omni
2986 4595 3342 4663 corruptione
3380 4595 3513 4650 alie-

1929 4693 2055 4732 ntuu
2098 4679 2383 4746 signiticet.

268 4851 348 4942 "'
373 4851 564 4909 Matth.
588 4868 666 4918 ιιι,
703 4854 786 4907 10.
867 4853 932 4883 ⁸⁹⁶
969 4851 1098 4906 iliid.
1135 4850 1226 4904 ﬂ.
1302 4849 1347 4880 ⁷⁸
1371 4846 1527 4904 Joan.
1557 4865 1668 4916 xiv,
1699 4849 1754 4905 2.

1925 4849 2090 4906 faith.
2126 4867 2206 4918 Ill,
2239 4851 2326 4906 15.

1331 5027 1569 5083 VARUE
1613 5026 1998 5086 LECTIONES
2037 5029 2126 5083 ET
2165 5029 2401 5087 ΝΟΤᾹΞ.

318 5208 418 5276 (liii
459 5210 583 5264 Post
619 5209 946 5262 ἐκκόπτεται
997 5205 1155 5259 codd.
1189 5203 1298 5256 Alt.
1332 5212 1383 5256 et
1433 5202 1554 5257 Vat.
1590 5204 1694 5259 649
1724 5211 1819 5257 ιλιι-

254 5279 369 5396 ;lunt
410 5281 540 5349 μέν,
585 5293 815 5348 moxque
871 5287 992 5346 post
1038 5275 1332 5344 ὀρύσσεται
1392 5277 1690 5344 adiungunt
1736 5276 1815 5328 δέ.

278 5355 440 5396 'ossm-

291 5365 440 5404 tJSSIi‘l.

284 5488 292 5495 _
320 5422 419 5484 (οὗ)
445 5424 570 5490 Quae
607 5431 900 5489 sequuntur
930 5420 980 5472 in
1014 5414 1437 5495 f'llllOAVSl'SlbUS-
1465 5417 1586 5495 fere
1621 5418 1821 5495 tribus.

257 5488 322 5538 Slt'
351 5487 775 5546 Cttlt‘nddliusiex
806 5492 959 5541 t'tiilil.
1014 5487 1134 5540 V'at.
1173 5487 1275 5541 649
1309 5497 1362 5540 et
1417 5488 1520 5538 All.
1571 5491 1731 5539 scribi
1765 5499 1817 5540 et

258 5561 473 5615 ordinari
534 5574 752 5629 poSsuul
782 5605 794 5625 ,
849 5561 1066 5624 συνάγει
1121 5559 1217 5626 τὴν
1252 5558 1587 5629 πρέπουσαν,
1628 5559 1691 5625 ἦν
1726 5560 1818 5610 καὶ

264 5629 406 5698 μονὴν
435 5635 457 5683 ὁ
485 5627 687 5695 δίκαιος
713 5633 903 5701 κριτὴς
933 5635 1042 5692 τοῖς
1094 5631 1300 5687 πιστοῖς
1327 5630 1417 5678 καὶ
1447 5627 1613 5690 ἀξίοις
1648 5629 1812 5680 αὑτοῦ

265 5699 496 5768 ἐργάταις
541 5699 795 5773 ον’,μάζὲι
850 5699 1134 5769 σωτήριος.
1179 5700 1322 5750 ’1’Ζκ;ῐ
1354 5701 1478 5765 γὰρ,
1514 5708 1618 5752 etc.
1655 5699 1806 5752 γει-ε.

268 5775 445 5832 ιιιιιιυιι.
484 5787 597 5844 post
640 5771 837 5845 ἔχουσα
871 5775 1029 5826 Codd.
1062 5772 1178 5824 Val.
1221 5772 1326 5823 (3-5.9
1366 5782 1419 5822 ct
1450 5771 1554 5823 All.
1608 5771 1808 5825 addunt

1927 5207 2209 5271 πολλάκις.
2243 5209 2452 5268 Possm.

2262 5296 2382 5347 post
2423 5285 2497 5348 ὡς
2552 5288 2809 5346 omittunt
2839 5292 2998 5348 codd.
3035 5293 3151 5348 Vat.
3186 5294 3290 5351 649
3319 5305 3377 5354 et
3403 5299 3518 5356 Alt.

1992 5421 2101 5504 (ϋῦ)
2143 5419 2266 5472 Post
2292 5423 2596 5506 άνοριζ›πω·ι
2632 5430 2794 5506 iidem
2833 5435 2987 5489 codd.
3037 5437 3281 5492 inserunt
3306 5441 3361 5506 ή,
3393 5455 3518 5496 mox

1927 5495 2392 5578 pl'tll‘C‘i‘LZI.L0?'J"JY]
2434 5498 2600 5578 ii‘ilciu.
2651 5501 2833 5570 legunt
2892 5506 3262 5578 δικαιοσυνης,
3315 5495 3367 5561 éi
3423 5495 3520 5576 pro

1924 5561 2391 5648 fitﬁt'lgBihahent
2424 5567 2661 5648 άληθῶς.
2703 5561 2770 5625 Ῑιι
2813 5578 2918 5628 liue
2957 5595 3052 5646 [r0
3100 5561 3518 5648 1?};"c't'31tbvrév

1924 5636 2414 5716 53-0‘3i'9313ﬁlg.
2465 5637 2793 5716 l3.ti‘lier_itttis
2826 5636 2995 5702 codex
3038 5636 3392 5716 hace-liabet,
3422 5652 3517 5705 ἐπὶ

1921 5704 2016 5771 τῆς
2041 5704 2263 5774 ἐμαυτῷ
2296 5706 2625 5776 ἀφῦαρσίας,
2657 5713 2864 5770 Ροεειη,
