3978 6412
248 311 356 376 973
397 309 420 323 ‘

1103 303 1642 367 EPISTOLARUM
1683 303 1829 363 LIB.
1876 302 1990 362 ΠΙ.
2034 327 2103 337 -
2141 302 2380 364 EPIST.
2426 301 2660 363 CCCIV.

3436 301 3543 362 974

250 417 562 490 μαζομινη,
598 418 673 483 ὡς
703 419 1008 489 γέγραφας,
1041 416 1254 489 χαλεπὴ
1288 417 1570 487 τυγχάνει,
1607 418 1700 471 καὶ
1725 419 1837 478 τοῖς

1949 428 2050 492 tas,
2086 426 2143 470 ut
2172 419 2238 470 ad
2280 431 2367 470 me
2398 415 2633 478 scribis.
2668 413 2852 485 gravis
2891 421 3007 480 est,
3043 422 3208 484 atque
3242 428 3367 470 cum
3415 415 3538 470 aliis

246 510 432 575 ἄλλοις
459 510 920 583 παραϐαλλομένη
946 511 1083 582 (‘27),
1109 509 1470 580 χαλεπωτέρα
1505 508 1838 580 εὑρίσκεται,

244 603 312 656 τὸ
347 605 407 655 δὲ
464 603 602 673 μηδὲ
650 600 852 655 εἰδέναι
898 603 1060 662 αυτὸν
1096 603 1179 654 ὅτι
1229 603 1398 663 νοσεῖ,
1449 600 1843 672 χαλεπωτάτην

244 693 424 764 αὐτὴν
481 694 744 756 δείκνυσι,
790 693 844 746 τί
895 696 1025 763 ἡμῖν
1079 693 1348 766 ἐνοχλεῖς,
1404 693 1480 756 ὼς
1524 689 1843 758 δυναμένοις

245 783 553 855 ἀνήκεστον
608 782 950 855 θεραπεῦσαι
1003 785 1256 853 νόσημας
1312 783 1485 836 Τοῦτο
1543 781 1652 852 γὰρ
1702 779 1840 834 Θεοῦ

247 876 419 944 μόνου
463 877 677 948 χρῄζει,
727 876 820 930 τοῦ
852 876 944 929 καὶ
985 873 1173 927 παοῶν
1209 875 1301 928 καὶ
1337 875 1519 944 πάσης
1561 869 1839 944 περιγινο-

243 967 421 1040 μένου
455 969 676 1033 κακίας.
1111 961 1113 964 ⁴

803 1173 990 1233 τ..-
1029 1174 1278 1246 narro.

241 1269 387 1338 Περὶ
432 1268 542 1337 τῆς
591 1269 662 1321 ἐν
698 1267 828 1334 ταῖς
875 1267 1272 1345 δῃμηγορίαις
1338 1268 1682 1338 παῤῥησίας
1732 1269 1870 1345 τοῦ.

900 1343 1169 1396 Παύλου.
1276 1347 1281 1353 ’
1451 1354 1461 1358 ‘

309 1451 449 1506 Δίαν
483 1452 752 1525 θαυμάζω
797 1454 888 1508 τοῦ
916 1454 1165 1525 ἀοιδίμου
1205 1454 1423 1508 Παύλου
1447 1453 1547 1526 τὴν
1588 1453 1837 1524 ἀνδρίαν,

233 1543 359 1608 πῶς
391 1545 483 1598 καὶ
510 1547 826 1617 κρινόμενος
857 1547 1221 1618 ἐδημηγόρει,
1279 1547 1374 1600 καὶ
1413 1545 1646 1609 εὐθύνας
1675 1547 1842 1599 ἀπαι-

236 1633 501 1704 τούμενος
551 1634 818 1690 ἐδίδασκε.
876 1635 1212 1690 Διδασκὰλου
1288 1636 1388 1706 μὲν
1433 1635 1543 1706 γάρ
1591 1637 1709 1689 ἐστι
1780 1636 1842 1689 τὸ

235 1726 360 1795 μετ’
389 1722 636 1790 ἐξουσίας
683 1724 884 1799 λέγειν,
926 1727 1248 1805 κρινομένου
1297 1726 1354 1780 δὲ
1396 1726 1458 1780 τὸ
1507 1729 1731 1798 μετρεῖν
1762 1727 1838 1798 τῷ

230 1813 417 1886 καιρῷ
437 1816 562 1880 τοὺς
587 1815 798 1883 λόγους.
818 1815 956 1868 Ἀλλ’
978 1811 1134 1879 οὗτος
1159 1817 1237 1878 είς
1263 1817 1576 1870 τούναντίον
1599 1814 1798 1887 ἐχώρει
1814 1832 1829 1846 ·

232 1901 352 1976 εἶχε
377 1909 488 1978 γὰρ
514 1908 587 1960 ἑν-
621 1905 801 1976 ἑαυτῷ
844 1905 936 1959 τὸν
964 1907 1062 1976 τῆς
1108 1907 1301 1977 σοφίας
1353 1907 1589 1978 χορηγόν
1615 1925 1675 1960 τε
1735 1908 1830 1960 καὶ

229 1996 523 2070 πρύτανιν.

414 2218 539 2276 ΤΔ’.
571 2250 647 2264 -
678 2219 1032 2292 ΛΡΧΟΝΤῙῼ
1071 2223 1648 2295 ΠΟΛΙἸἙΥΟΜΕΝῼ.

321 2335 546 2399 Ἔοικας
575 2331 811 2404 ἀγνοεῖν,
855 2336 936 2420 ὅτι
969 2337 1030 2391 τὸ
1075 2336 1206 2390 αὐτὸ
1237 2337 1412 2408 ῥῆμα,
1447 2337 1544 2391 καὶ
1587 2335 1650 2390 τὸ
1695 2336 1828 2390 αὐτὸ

229 2426 430 2497 ὖνομα,
461 2429 557 2480 καὶ
585 2430 614 2480 6
639 2427 801 2492 αὐτὸς
825 2428 1002 2497 λόγος,
1043 2428 1118 2500 μὴ
1150 2430 1290 2500 μετὰ
1333 2429 1428 2484 τοῦ
1475 2429 1645 2484 αὑτοῦ
1669 2430 1825 2484 τόνου

229 2520 550 2591 λεγόμενος,
581 2521 712 2574 ποτε
745 2520 844 2591 μὲν
875 2521 1130 2592 ἐμφαίνει
1158 2521 1447 2595 λογισμοῦ,
1474 2524 1605 2576 ποτὲ
1647 2522 1705 2577 δὲ
1735 2525 1827 2592 όρο

229 2614 336 2685 γῆς
366 2613 600 2686 καρπόν.

748 2728 871 2782 TB'.
910 2758 982 2769 —
1018 2728 1302 2802 ΔΛΥΠΙῼ.

311 2838 374 2892 '0
405 2839 566 2909 φίλος
603 2842 633 2894 6
673 2839 784 2907 σὸς,
821 2842 1054 2896 παύσων
1076 2842 1205 2908 τοὺς
1237 2842 1612 2908 ὀνειδίσαντας
1644 2843 1826 2898 αὐτῶν

226 2930 332 3001 τὴν
362 2931 501 3000 πρὸς
530 2932 591 2984 σὲ
628 2932 1008 3005 γεγενημένην
1034 2934 1185 3005 αὐτῷ
1218 2935 1613 3006 μικροψυχίαν,
1643 2939 1824 2991 ἐκεῖσε

228 3023 460 3093 ἀφῖκτοο
505 3024 606 3097 ἧκε
640 3027 752 3096 γὰρ
778 3026 876 3098 τὴν
909 3027 1028 3080 νυν)⁸
1057 3027 1461 3100 φιλοφροσύνην
1487 3028 1598 3100 (28)
1626 3031 1686 3083 οὗ
1727 3030 1826 3101 μό-

1944 491 2142 561 collata
2163 505 2390 577 gravior
2424 507 2733 571 invenitur,
2765 520 2829 561 ac
2859 505 3098 575 denique
3131 507 3234 560 hoc
3266 521 3385 560 eam
3415 521 3543 577 gra-

1947 598 2223 654 vissimam
2275 605 2332 652 et
2378 598 2775 652 atrocissimam
2821 611 2942 652 esse
2987 598 3362 661 demonstrat,
3397 599 3544 668 quod

1945 691 2195 745 morbum
2231 705 2387 745 suum
2445 691 2695 760 ignorat,
2745 690 2873 758 quid
2925 690 3080 746 nobis
3112 691 3338 760 perinde
3369 691 3542 746 mole-

1945 783 2106 836 stiam
2147 783 2374 838 exhibes
2407 824 2422 848 ,
2463 793 2720 854 tanquam
2775 784 3063 840 incurabili
3099 787 3289 840 morbo
3337 786 3541 842 mederi

1943 877 2248 944 queamus?
2281 875 2391 930 Hoc
2432 876 2577 932 enim
2614 876 2780 931 Deum
2814 877 2986 932 solum
3030 877 3297 948 requirit,
3348 878 3439 948 qui
3486 889 3544 933 et

1946 971 2284 1026 turbulentas
2321 964 2627 1027 animorum
2663 975 3067 1051 permotiones,
3115 984 3171 1031 et
3216 990 3380 1031 omne
3419 977 3540 1031 vitii

1933 1071 2116 1127 ‘geuus
2142 1061 2315 1116 fundit
2351 1078 2414 1118 ac
2447 1062 2718 1134 proﬂigat.

2478 1178 2628 1238 CCC.
2652 1212 2724 1225 —
2751 1181 3001 1245 PETRO.

2088 1270 2165 1325 De
2202 1271 2444 1334 libertate
2473 1275 2719 1346 loquendi
2749 1277 2914 1332 Pauli
2944 1278 3000 1332 in
3031 1280 3393 1337 contionibus.

2015 1454 2207 1528 Magna
2242 1472 2330 1512 me
2361 1459 2723 1522 admiratione
2761 1461 2927 1530 allicit
2952 1463 3186 1520 celebris
3221 1464 3364 1520 illius
3385 1464 3541 1533 Pauli

1945 1545 2206 1602 fortitudo
2227 1549 2270 1616 ’,
2305 1564 2401 1619 per
2431 1567 2596 1622 quam
2623 1562 2677 1608 et
2705 1568 2827 1608 cum
2850 1554 2902 1607 in
2929 1555 3195 1624 judicium
3227 1547 3603 1623 vocaretur,\

1943 1642 2351 1699 concionaloris
2379 1659 2604 1700 munere
2640 1645 3004 1714 fungebatur,
3036 1657 3092 1703 et
3129 1665 3255 1704 cum
3291 1667 3456 1705 causa
3488 1654 3539 1708 ei

1943 1733 2173 1788 dicenda
2231 1745 2417 1797 esset,
2485 1739 2729 1792 doctoris
2783 1750 2966 1808 partes
3022 1742 3232 1802 obibat.
3293 1742 3541 1799 Doctoris

1940 1825 2086 1879 enim
2117 1837 2203 1887 est
2237 1842 2360 1884 cum
2396 1832 2720 1887 auctoritate
2754 1833 2938 1903 loqui:
2987 1835 3064 1892 rei
3101 1843 3283 1890 autem
3319 1853 3535 1894 sermo-

1941 1932 2040 1972 nes
2066 1932 2195 1973 suos
2215 1933 2314 1989 pro
2340 1929 2583 1992 tempore
2609 1923 2903 1977 moderari.
2929 1924 2997 1977 At
3022 1926 3111 1980 hic
3137 1937 3316 1980 tamen
3345 1938 3540 1986 contra

1939 2023 1998 2065 se
2049 2010 2310 2080 gerebat;
2359 2029 2464 2068 nec
2510 2013 2748 2070 mirum:
2797 2015 3036 2071 habebat
3081 2018 3227 2073 enim
3266 2023 3319 2075 in
3360 2021 3540 2092 seipse

1940 2104 2223 2172 sapientia:
2262 2106 2793 2165 sttbtninistratorem
2825 2123 2890 2164 ac
2920 2112 3338 2168 moderatorem.

1937 2216 2110 2274 CCCI.
2134 2250 2208 2262 -—
2230 2219 2634 2279 ARCHONTIO
2665 2222 3176 2285 MAGISTRATUM
3204 2228 3534 2292 GERENTI.

2008 2333 2146 2389 Ill-.td
2175 2336 2434 2406 ignorare
2466 2338 2688 2404 videris,
2717 2341 2861 2398 idem
2895 2345 3144 2412 verbum,
3175 2354 3230 2401 et
3264 2347 3406 2404 idem
3439 2363 3540 2405 no-

1938 2442 2063 2482 men
2095 2467 2110 2490 ,
2142 2437 2198 2482 et
2231 2431 2482 2488 eumdem
2513 2445 2826 2490 sermonem
2861 2477 2876 2502 ,
2938 2437 3138 2507 dispari
3187 2441 3540 2498 contentione

1935 2520 2236 2591 prolatum,
2265 2537 2412 2579 nunc
2437 2525 2657 2594 quidem
2681 2528 2910 2584 rationis
2939 2545 3002 2586 ac
3031 2531 3356 2600 prudentiae,
3392 2549 3538 2591 nunc

1937 2620 2117 2668 autem
2155 2613 2250 2669 irae
2281 2613 2516 2672 fructum
2549 2633 2661 2688 pm
2693 2635 2755 2675 se
2789 2618 2955 2677 ferre.

2431 2726 2633 2787 CCCII.
2656 2759 2730 2773 -
2765 2731 3043 2791 ALYPIO.

2001 2838 2227 2896 Amicus
2256 2849 2380 2896 tuus
2407 2883 2422 2906 ,
2471 2851 2530 2898 ut
2573 2844 2641 2899 lis
2675 2885 2690 2908 ,
2723 2846 2817 2915 qui
2860 2847 3195 2905 simultatem
3222 2865 3341 2908 eam
3365 2897 3380 2921 ,
3413 2869 3537 2927 quas

1938 2930 2038 3000 ipsi
2065 2938 2246 2987 tecum
2273 2931 2608 2994 intercessit.
2642 2934 2830 3002 probri
2854 2934 2973 2990 loco
2997 2936 3341 3007 objecerunt,
3370 2941 3536 2998 sileno

1937 3023 2076 3077 tlutn
2111 3024 2338 3088 indicat,
2375 3025 2517 3080 istuc
2546 3039 2606 3082 se
2637 3026 2886 3082 contulit.
2919 3027 3202 3084 Profectus
3242 3043 3327 3085 est
3363 3035 3532 3099 enim,

228 3132 331 3168 νον
381 3115 671 3186 καλύψων,
726 3117 864 3172 ἀλλὰ
913 3119 1007 3171 καὶ
1041 3118 1251 3172 σῦέσων
1294 3120 1396 3191 τὴν
1445 3120 1828 3192 προλαϐοῦσαν

1945 3125 1998 3168 ιιι
2015 3131 2130 3170 non
2149 3116 2310 3170 modo
2332 3126 2652 3186 prmsentem
2679 3121 2991 3174 comFtatem
3015 3136 3077 3175 ac
3099 3123 3534 3181 benevolentiam

226 3209 588 3280 δυσμένειαν·
619 3209 800 3276 δέδεξο
824 3211 1002 3265 τοίνυν
1028 3212 1192 3267 αὑτὸν
1224 3211 1447 3276 ὑπτίαις
1481 3214 1669 3284 χερσίν
1692 3214 1826 3284 (29).

374 3442 497 3497 TF’.
537 3473 615 3485 -α
643 3442 1163 3499 ΛΓΑΘΟΔΑΙΜΟΝΙ
1197 3444 1685 3515 ΓΡΔΜΜΑΤΙΚῼ.

299 3557 366 3612 El
399 3556 495 3610 καί
524 3573 666 3610 τισιν
706 3554 839 3618 ἴσως
867 3555 1227 3610 κολακεύουσι
1270 3573 1350 3622 σε,
1388 3556 1534 3622 εδοξε
1564 3557 1831 3628 λογισμοῦ

225 3647 394 3716 εἶναι,
432 3651 534 3702 οὐκ
561 3647 798 3722 ὁργῆςή
839 3648 1156 3720 ἀπόκρισις,
1207 3649 1334 3718 ἐμοὶ
1377 3650 1528 3702 δοκεῖ
1556 3647 1832 3721 θρασύτηο

224 3753 320 3800 τος
357 3735 562 3807 μᾶλλον
581 3730 724 3787 εἶναι
745 3733 779 3804 ἢ
804 3733 1041 3804 θράσους
1066 3735 1094 3786 6
1119 3737 1352 3805 καρπός.
1379 3733 1471 3787 Διὸ
1491 3734 1557 3805 δὴ
1580 3735 1832 3806 παραινῶ

229 3844 312 3883 σοι
345 3825 658 3898 ἔμπροσθεν
687 3825 789 3895 τῆς
817 3823 988 3895 ὀργῆς
1036 3822 1247 3876 τιθέναι
1286 3823 1379 3876 τὸν
1417 3824 1704 3896 λογισμὸν,
1737 3825 1831 3878 καὶ

225 3921 374 3976 οὕτω
433 3921 528 3972 καὶ
578 3917 761 3984 λέγειν
811 3918 908 3970 καὶ
959 3916 1215 3987 γράφειν.
1270 3916 1332 3970 El
1381 3917 1492 3988 γὰρ
1541 3918 1832 3987 συγχωρή.

229 4020 384 4077 σειας
415 4011 529 4082 (30)
565 4011 705 4081 αὐτῇ
740 4009 1025 4081 «pomaque
1057 4008 1152 4062 τοῦ
1194 4008 1480 4079 λογισμοῦ,
1513 4009 1692 4063 πάντα
1718 4009 1830 4064 ἄνω

227 4107 325 4160 καί
355 4106 506 4160 κάτω
533 4103 769 4172 ποιήσει.

494 4405 616 4458 τΔν.
655 4431 727 4444 --
763 4401 1054 4473 elaeatae
1091 4399 1558 4471 ΥηοΔιΑιιοΝυ.

1936 3219 2199 3278 superet,
2234 3212 2328 3266 sed
2370 3209 2536 3269 etiam
2571 3221 2629 3266 ιιι
2653 3213 2941 3281 pristinam
2973 3214 3140 3268 animi
3177 3214 3536 3275 oﬁ'ensioneen

1935 3303 2269 3372 exstinguat.
2314 3303 2540 3374 Supinis
2570 3305 2752 3376 itaque
2790 3307 3044 3362 manibus
3081 3322 3206 3361 eum
3248 3309 3460 3381 excipe.

2019 3434 2241 3490 (ICClll.
2269 3467 2340 3476 —
2363 3436 2944 3496 AGATl-IODEMONI
2972 3440 3460 3502 GRAMMATICO.

2004 3549 2075 3603 Et
2128 3549 2172 3602 si
2223 3550 2547 3619 quibusdam
2605 3552 2699 3605 tibi
2742 3553 2979 3608 fortasse
3023 3555 3530 3623 adhlandientibus,

1935 3655 2256 3708 responsum
2307 3650 2455 3696 tuum
2509 3657 2537 3696 a
2597 3645 2810 3700 ratione
2845 3660 2910 3699 ac
2939 3647 3178 3718 judicio,
3213 3665 3324 3705 non
3354 3651 3423 3706 ah
3451 3651 3532 3707 ira

1937 3733 2190 3789 manasse
2220 3735 2395 3788 visum
2429 3744 2508 3791 est
2540 3753 2554 3791 :
2585 3738 2718 3792 mihi
2747 3748 2929 3796 tamen
2972 3751 3161 3797 contra
3197 3744 3267 3798 ab
3299 3746 3529 3800 audacia

1933 3827 2116 3897 potius
2136 3834 2194 3884 et
2216 3829 2528 3883 temeritate
2559 3831 2870 3900 profectum
2899 3849 3020 3890 esse
3050 3836 3287 3894 videtur.
3323 3839 3530 3906 Quam-

1933 3917 2123 3970 obrem
2181 3916 2278 3970 tibi
2353 3915 2660 3971 faciendum
2720 3933 2842 3974 esse
2886 3934 3125 3986 censeo,
3163 3933 3226 3977 ut
3259 3927 3528 3981 rationem

1935 4007 2029 4061 im
2053 4017 2385 4077 anteponas:
2419 4008 2608 4078 sicque
2645 4017 2698 4064 et
2731 4011 2795 4065 ad
2825 4011 3178 4081 loquendum,
3213 4023 3268 4070 et
3296 4018 3363 4070 ad
3395 4019 3532 4073 scri-

1935 4098 2173 4153 bendum
2233 4107 2287 4153 te
2343 4113 2651 4169 compares.
2701 4099 2834 4155 Nam
2868 4103 2912 4157 si
2951 4104 3052 4174 ipsi
3091 4115 3218 4160 ante
3258 4109 3526 4164 rationem

1930 4189 2185 4258 prosilire
2213 4189 2566 4258 permiseris,
2599 4190 2738 4244 nihil
2770 4192 2875 4245 erit
2901 4197 3093 4262 ,quod
3148 4213 3255 4252 non
3310 4214 3525 4254 sursum

1933 4281 2296 4351 deorsumque
2327 4282 2527 4338 volvat.

2107 4393 2330 4452 CCCIV.
2356 4426 2426 4438 —
2455 4395 2858 4454 THEOPUILO
2896 4397 3360 4459 SUBDIACONO.

299 4543 429 4598 Ὅτι
479 4541 580 4613 μὲν
611 4542 679 4611 τῇ
727 4539 894 4612 πείρᾳ
927 4537 1028 4609 τὴν
1073 4539 1266 4609 φήμην
1311 4536 1557 4608 ὑπερέϐη
1585 4538 1614 4590 6
1645 4536 1826 4607 μακά-

2001 4533 2154 4602 Quod
2186 4537 2408 4607 quidem
2451 4539 2832 4608 experimcnto
2875 4538 3072 4594 lautam
3117 4544 3308 4599 beatus
3349 4544 3528 4599 Timo-

229 4651 346 4706 ριος
375 4631 665 4704 Τιμόθεος,
696 4631 791 4684 καὶ
815 4631 1079 4702 κρείττων
1103 4626 1172 4700 ἦν
1203 4630 1372 4700 ἀκοῆς
1399 4631 1480 4692 είς
1511 4627 1638 4682 Θέαν
1664 4629 1822 4700 ὲρχό-

231 4742 416 4798 μενος,
447 4724 685 4787 ἅπαντες
721 4724 770 4776 οἱ
805 4724 905 4794 τῆς
954 4721 1222 4794 μειλιχίου
1251 4711 1468 4793 ἐκείνης
1502 4719 1824 4786 ἀξιωθέντες

228 4815 521 4879 συνουσίας
559 4817 756 4871 ἴσασιν.
792 4817 914 4870 Ὀτι
944 4815 1000 4868 δὲ
1028 4817 1123 4870 καὶ
1154 4815 1317 4879 αὐτὸς
1344 4816 1598 4886 ηὐχόμην
1627 4814 1822 4870 τοσοῦ-

225 4928 321 4964 τον
349 4908 649 4980 δυνηθῆναι
681 4908 909 4980 φράσαι,
957 4908 1156 4962 ὁπόσον
1186 4910 1279 4962 καὶ
1313 4907 1594 4978 βούλομαι,
1621 4907 1822 4970 οὐδεὶς,

226 5004 304 5066 ὡς
333 4999 512 5073 οἶμαι,
544 5001 896 5071 ἀμφιϐάλλει.
933 5000 1157 5072 Ἐπειδὴ
1202 4999 1462 5066 εὔξασθαι
1487 4999 1584 5068 μὲν
1619 4999 1822 5071 ῥᾴδιον,

225 5095 415 5165 τυχεῖν
462 5093 519 5146 δὲ
567 5092 1008 5166 ἁπορώτερον,ἢ
1054 5093 1154 5146 ὅσα
1194 5091 1489 5164 πρόχειρον
1539 5089 1822 5157 εὕξασθαι,

323 5249 344 5278 ³
377 5249 498 5306 Act.
531 5263 682 5314 sxw,
715 5247 737 5298 l
777 5263 928 5318 seqq.

1936 4627 2097 4683 theus
2125 4629 2420 4699 superarit,
2450 4640 2808 4700 aspectuque,
2839 4645 3001 4699 quam
3036 4635 3314 4692 auditione
3336 4677 3349 4699 ,
3382 4653 3523 4704 praa-

1933 4722 2166 4777 stantior
2212 4724 2392 4784 fuerit.
2433 4736 2627 4779 omnes
2654 4725 2850 4792 quibus
2881 4727 3032 4780 suavi
3076 4727 3244 4795 ipsius
3289 4742 3525 4784 consue-

1935 4815 2123 4870 tudine
2155 4815 2257 4869 frni
2291 4817 2548 4871 donatum
2576 4825 2694 4880 est,
2720 4816 2890 4888 378
2924 4818 3264 4886 exploratum
3300 4821 3522 4875 hahent.

1934 4903 2089 4972 Quod
2116 4916 2298 4960 autem
2331 4907 2444 4975 ipse
2477 4922 2693 4976 quoque
2724 4917 2931 4960 tantum
2964 4909 3144 4977 eloqui
3177 4923 3335 4977 posse
3363 4924 3521 4979 Opta-

1935 4999 2062 5062 rim,
2098 5009 2360 5069 quantum
2399 4999 2579 5070 cupio,
2612 5016 2811 5065 nemo,
2845 5011 2902 5054 ιιι
2933 5003 3145 5069 opinor,
3187 5002 3422 5058 dubitat.
3451 5005 3525 5057 At

1935 5093 2193 5162 quoniam
2226 5101 2416 5163 optare
2439 5091 2601 5150 facile
2622 5102 2723 5161 est,
2744 5094 3002 5164 consequi
3035 5105 3218 5149 autem
3253 5095 3524 5153 (limCilitl‘l

1337 5375 1576 5433 V'ARIA‘.
1613 5377 2004 5433 LECTIONES
2045 5380 2132 5435 ET
2180 5380 2407 5437 NOTAE.

301 5535 415 5607 (9.7)
456 5533 598 5607 [dem
633 5535 778 5607 (λιιι,
807 5533 1381 5607 παρα>.αμ6ανομὲνη.
1409 5531 1623 5607 Possm.

277 5603 625 5692 .(ﬁlilliecle
650 5603 774 5660 Vat.
829 5603 935 5659 6.30
960 5603 1241 5660 substituit
1271 5608 1338 5674 τῇ
1384 5605 1500 5657 νυνὶ
1559 5605 1820 5675 (90.02.19!-

358 5713 384 5730 -.
425 5679 499 5728 In.

227 5695 413 5818 “(’39)
470 5747 736 5812 ’Υπτίαις
759 5748 994 5815 χερσίν.
1016 5745 1235 5813 Supinis
1271 5747 1518 5797 manilius
1541 5746 1814 5811 Μοῖραι-(ι,

1949 5537 2289 5608 proverbiale
2320 5547 2422 5600 est.
2457 5555 2554 5608 pro
2581 5556 2794 5596 summo
2824 5544 3004 5597 studio
3029 5557 3090 5599 ac
3119 5547 3537 5602 benevolentia.‘

1929 5607 2249 5681 SECALiliiitl,
2281 5607 2467 5681 obviis
2487 5612 2630 5663 ulnis
2657 5615 2926 5681 amplecti.
2955 5614 3120 5671 Βιττ.

2001 5679 2115 5746 (ﬁt!)
2157 5677 2288 5731 Coll.
2340 5680 2455 5734 Vat.
2491 5681 2618 5745 650,
2656 5677 3058 5755 συγχωρήσεις.
3099 5686 3301 5740 I’osstx.
