3978 6430
508 548 721 632 quidem
745 554 966 610 tacebo:
1019 560 1071 621 ty
1099 564 1227 604 vero
1281 563 1345 603 ex
1405 546 1488 601 bis
1521 545 1680 600 rebus
1703 581 1718 608 ,
1750 555 1888 610 quas
1917 548 2065 595 certo

507 647 945 722 cognitas‘ha’bes,
979 641 1279 699 encomium
1297 639 1394 708 ipsi
1414 646 1701 692 contexere
1719 648 1786 690 ne
1801 632 2061 704 graveris.

837 757 1035 817 CCCY.
1060 786 1131 798 ——
1159 752 1386 810 PETRO
1417 749 1731 807 LECTORI.

620 878 973 946 Posteaquam
1025 869 1374 927 consceleruti
1427 876 1587 938 atque
1643 861 1834 920 nefarii
1895 859 2064 919 Judmi

509 977 726 1040 propter
766 959 1181 1019 audacissimum
1222 957 1350 1012 illud
1395 964 1450 1012 et
1477 955 1698 1040 insuave
1730 948 1938 1040 facinus
1961 947 2068 1040 ad-

508 1033 692 1110 iterans
752 1049 1035 1104 Dominum
1096 1051 1462 1115 perpetratum
1520 1037 1764 1109 angelico
1827 1033 2068 1090 subsidio

507 1137 746 1196 destituti
779 1144 939 1199 sunt,
983 1145 1093 1188 tum
1121 1145 1246 1187 vero
1273 1129 1636 1184 Romanorum
1661 1122 1839 1194 gladio
1861 1119 2066 1183 traditi,

509 1242 658 1286 tanto
707 1239 935 1282 numero
984 1222 1121 1292 capti
1171 1228 1329 1283 sunt,
1367 1227 1445 1284 ut,
1499 1215 1591 1286 qui
1635 1221 2066 1284 conspexerunt,

508 1320 706 1377 adduci
732 1320 822 1373 vix
856 1323 1077 1388 possent
1101 1321 1160 1367 ut
1207 1311 1491 1369 crederent
1519 1319 1842 1390 quemquam
1877 1317 2065 1359 eorum

508 1410 810 1466 interiisse:
857 1420 920 1461 ac
961 1415 1174 1458 rursum
1235 1406 1416 1454 tantus
1485 1408 1747 1452 caesorum
1805 1403 2062 1447 numerus

512 1503 760 1555 inventus
786 1505 908 1560 est,
957 1499 1015 1547 ut
1041 1503 1231 1546 omnes
1273 1485 1610 1556 ambigerem
1633 1521 1647 1548 ,
1681 1495 1748 1534 an
1784 1478 2068 1562 quisquam

510 1601 698 1661 captus
744 1587 953 1642 fuisset.
983 1583 1119 1639 Cum
1148 1580 1292 1636 enim
1325 1577 1583 1635 adversus
1614 1584 1904 1628 conservos
1931 1569 2069 1624 dun-

512 1690 660 1736 taxat
685 1693 872 1733 eorum
905 1675 1053 1731 furor
1095 1681 1402 1733 acueretur,
1433 1666 1646 1738 parcius
1677 1662 2066 1734 plectebantur.

1677 338 1740 397 S.
1783 330 2075 398 ISIDORI
2112 325 2546 392 PELUSIOT£
3521 337 3524 340 '
3583 325 3706 384 7"!

505 481 588 526 est
618 481 733 539 qua:
762 463 918 520 facile
969 474 1033 516 ac
1083 466 1328 529 prompte
1374 460 1626 524 optantur
1653 495 1669 518 ,
1715 452 1918 506 idcirco
1967 463 2063 518 ego

2188 443 2277 512 γὼ
2328 443 2425 513 μὲν
2476 439 2719 509 σιγήσω³
2777 431 2840 486 σὺ
2885 429 2930 482 δ’
2979 425 3038 493 ἐξ
3068 415 3142 480 ὧν
3185 413 3436 491 ἀκριϐῶς
3471 405 3752 480 δῂυῆ

3507 72 3520 74 “
3541 72 3618 90 ιε’.-
3655 72 3658 74 “
3883 72 3900 86 .·

3501 143 3628 196 ,ιὲῆρ
3757 151 3764 154 ··

3511 185 3734 226 ἐμμένητε
3755 193 3760 196 “
3783 209 3788 214 -

3501 405 3540 422 -.
3563 379 3600 422 ν..
3685 373 3740 422 '1-

2166 533 2438 604 ιγκὼμιον
2465 531 2612 602 αὐτῷ
2638 529 2837 597 ὑφᾶναι
2875 523 2950 593 μὴ
2981 515 3318 589 παραιτήσῃ.

2430 735 2552 788 τεο.
2594 762 2661 773 -
2700 726 2924 797 nam;
2963 717 3404 789 ΑΝΔΓΝΩΣΊᾘ.

2238 849 2370 903 Ὅτε
2403 850 2452 901 oi
2482 846 2747 916 ἀλιτήριοι
2787 840 3024 895 Ἰουδαῖοι
3061 835 3162 904 τῆς
3193 830 3495 901 ἀΠελικῆς
3527 842 3740 916 συμμα-

2168 938 2307 1010 χίας,
2338 937 2426 990 διά
2451 937 2510 989 τδ
2535 913 2676 988 ma
2702 932 2797 985 τοῦ
2829 926 3098 984 Δεσπότου
3124 923 3225 993 τὴν
3269 918 3582 988 πάντολμον
3606 913 3750 1010 ἑκεί-

2167 1007 2265 1100 νην
2285 1028 2487 1082 λύσσαν
2511 1019 3140 1096 δεδραματουργηκέναι,
3167 1010 3576 1084 ἑγυμνὼθησαν
3593 1024 3608 1039 ο
3633 1007 3752 1100 τότε

2165 1098 2230 1191 δή
2262 1123 2330 1191 τῇ
2374 1119 2660 1190 Ῥωμαίων
2690 1111 3089 1185 παραδοθέντες
3115 1105 3326 1170 ἀσπίδι,
3364 1102 3615 1156 τοσοῦτοι
3633 1098 3754 1191 ,μὲν

2169 1189 2435 1274 ιάλιιισαν,
2463 1189 2538 1272 ὦς
2569 1208 2694 1269 τοὺς
2737 1201 3098 1273 τεθεαμένους
3135 1197 3249 1268 (5|)
3282 1194 3558 1256 ἀπιστεῖν,
3598 1189 3652 1241 εί
3670 1202 3754 1249 τις

2169 1301 2450 1356 ἀπώλετο·
2487 1296 2731 1352 τοσοῦτοι
2761 1295 2817 1347 δὲ
2845 1294 2896 1347 oi
2925 1286 3276 1346 πεπτωκότες
3314 1280 3648 1370 εὑρέθησαν,
3681 1275 3754 1370 ὡς

2169 1397 2396 1464 ἀπορεῖν
2422 1392 2666 1452 ἃπαντας
2697 1386 2752 1439 εί
2774 1402 2855 1448 τις
2885 1384 3143 1438 ἑάλωκεν.
3182 1377 3315 1430 Ὅτε
3356 1374 3455 1444 μὲν
3486 1367 3594 1440 γὰρ
3627 1367 3754 1436 περὶ

2167 1489 2295 1550 τοὺς
2329 1483 2647 1545 συνδούλους
2672 1482 2706 1551 ἡ
2755 1476 2922 1549 μανία
2951 1473 3197 1543 somno,
3233 1466 3475 1538 μετρίως
3515 1466 3750 1530 ἐσωφρο-

2169 1575 2393 1641 νίζοντο.
2433 1576 2562 1629 ὀτι
2595 1572 2650 1625 δὶ
2693 1567 2834 1624 κατά
2876 1564 2968 1618 τοῦ
3016 1561 3290 1615 Δεσπότου
3338 1558 3647 1641 ἐμάνησαν,
3680 1551 3754 1612 ὡς

2171 1640 2502 1730 συγγνώμης
2560 1656 2781 1727 μείζονα
2827 1650 3168 1710 πταίσαντες,
3218 1640 3574 1712 πανωλεθρίᾳ
3619 1653 3754 1730 mp:

511 1775 580 1832 At
621 1785 746 1824 cum
775 1767 1032 1822 adversus
1063 1762 1346 1819 Dominum
1383 1757 1533 1814 furor
1560 1755 1799 1825 ipsorum
1831 1750 2066 1807 exarsis-

2188 1728 2546 1822 ιδόθησανξοί
2575 1749 2673 1820 μὲν
2700 1747 2808 1817 γάρ
2836 1743 3003 1814 πυρὸς
3033 1740 3126 1793 καὶ
3159 1738 3407 1835 σιδήρρυ,
3435 1732 3573 1832 οί.δὶ
3599 1728 3755 1799 λιμοῦ

512 1873 614 1927 set,
649 1871 758 1914 tum
789 1871 915 1914 vero
943 1897 960 1924 ,
1005 1864 1065 1910 ut
1089 1850 1352 1922 ejusmodi
1384 1847 1588 1905 scelere
1621 1845 1857 1902 admisso
1886 1884 1900 1909 ,
1930 1844 2070 1912 quod

2188 1842 2331 1913 ἱργον
2363 1841 2627 1909 ιγένοντο.
2661 1839 2724 1890 Oi
2756 1836 2812 1889 δὲ
2846 1828 3281 1905 περιλειφθέντες
3309 1825 3400 1878 διά
3426 1822 3586 1876 τοῦτο
3614 1835 3758 1889 περι-

515 1953 721 2007 veniam
743 1962 955 2005 omnem
987 1951 1288 2016 superaret,
1323 1938 1672 1996 internecioni
1700 1935 1900 1991 addicti
1926 1941 2069 1989 sunt.

511 2039 618 2094 ﬁlii
649 2039 790 2093 enim
833 2037 1044 2089 flamma
1077 2043 1130 2088 et
1157 2032 1319 2098 ferro,
1353 2029 1444 2084 alii
1487 2027 1628 2081 fame
1659 2024 1900 2094 oppressi
1923 2030 2068 2077 sunt.

513 2125 616 2193 Qui
658 2136 834 2179 autem
857 2123 1009 2180 .cladi
1044 2120 1456 2192 superfuerunt,
1501 2115 1570 2170 ob
1605 2114 1658 2169 id
1704 2112 2072 2166 tantummodo

509 2230 794 2288 superesse
821 2213 1064 2284 permissi
1100 2218 1246 2274 sunt,
1279 2217 1337 2264 ut
1365 2215 1418 2263 et.
1449 2205 1571 2261 belli
1596 2203 1932 2259 calamitates
1960 2210 2070 2255 tra-

2173 1935 2310 1985 ιϊναι
2343 1926 2822 1999 συνεχωρήθησαν,
2855 1924 2943 1977 ῐνα
2972 1921 3065 1975 καὶ
3088 1918 3188 1981 τὰς
3203 1915 3297 1970 τοῦ
3330 1914 3570 1984 πολέμου
3597 1926 3752 1981 τραγο

2172 2022 2421 2092 ῳδήσωσι
2480 2016 2789 2089 συμφορὰς,
2836 2014 2930 2068 καὶ
2970 2012 3160 2080 ὥσπερ
3191 2006 3531 2077 αἰχμάλωτοι
3568 2016 3757 2072 μαστι-

2175 2113 2290 2180 γίαι
2340 2113 2436 2182 τὴν
2485 2111 2574 2181 ὑφ’
2605 2109 2740 2181 ἡλίῳ
2771 2105 3094 2179 περιιόντες,
3128 2102 3277 2154 ῐδωσι
3315 2095 3625 2166 πανταχόσε
3665 2096 3757 2146 ἀν-

2175 2205 2301 2258 θοῦν
2336 2203 2738 2273 σταυρωθέντος
2769 2200 2830 2254 τὸ
2864 2197 3044 2258 σέϐας.
3535 2220 3569 2228 ο

511 2277 686 2376 giculn
731 2308 780 2358 in
807 2277 1020 2360 modum
1059 2301 1417 2372 depforarent,
1441 2307 1496 2354 et
1527 2297 1672 2352 velut
1700 2293 1893 2363 captivi
1941 2294 2152 2364 quidam
2187 2298 2511 2352 verberones
2540 2295 2727 2350 orbem
2754 2291 3062 2348 universum
3094 2292 3474 2357 peragrantes,
3500 2277 3756 2336 Crucifixi

513 2396 712 2450 cultum
743 2410 805 2448 ac
844 2393 1241 2448 venerationem
1264 2387 1592 2444 omnibusin
1633 2388 1764 2444 locis
1799 2384 2074 2440 florentem
2121 2390 2506 2460 prospicerent.

777 2527 995 2586 CCCVI.
1030 2560 1099 2573 -—
1126 2523 1420 2582 CYRILLO
1456 2520 1809 2579 EPISCOPO.

587 2641 1044 2712 Quemadmodum
1080 2653 1208 2703 rex,
1242 2637 1332 2706 qui
1361 2635 1564 2705 legibus
1599 2641 1786 2703 paret,
1832 2631 1952 2685 viva
1988 2630 2075 2687 lex

513 2746 634 2793 est:
672 2734 859 2788 eodem
894 2731 1051 2785 modo
1089 2729 1342 2784 sacerdos
1370 2738 1584 2796 quoque
1614 2725 1702 2794 qui
1733 2724 2073 2778 sanctionnm

513 2823 1002 2880 ecclesiasticarum
1032 2817 1260 2888 imperio
1312 2816 1495 2870 subest
1523 2852 1538 2878 ,
1595 2812 1756 2867 tacita
1791 2826 1977 2866 norma
2024 2818 2079 2864 ct

516 2916 696 2986 regula
725 2923 825 2968 est.

875 3020 1119 3078 CCCVll.
1153 3051 1221 3064 ——
1255 3019 1457 3075 ISAIE
1485 3019 1721 3076 MILITI.

586 3161 1045 3230 Quemadmodum
1093 3161 1289 3216 sinceri
1325 3171 1486 3231 atque
1527 3162 1776 3218 ardentes
1807 3164 2078 3232 pudicitiae

517 3265 788 3310 amatores
821 3267 886 3308 ex
929 3268 1024 3308 sua
1053 3253 1302 3307 castitate
1341 3255 1406 3306 de
1436 3254 1556 3307 aliis
1580 3255 1742 3308 etiam
1769 3294 1783 3320 ,
1833 3256 2079 3323 quamvis

520 3347 742 3401 minime
774 3345 906 3401 tales
938 3345 1066 3409 sint,
1100 3359 1262 3413 puras
1286 3345 1582 3400 sententias
1613 3343 1820 3410 ferunt,
1845 3362 1943 3400 nec
1981 3347 2081 3399 im-

519 3437 768 3507 pudicum
792 3450 1114 3505 quemquam
1153 3449 1272 3488 esse
1309 3435 1674 3488 arbitrantur:
1707 3435 1892 3489 eodem
1921 3434 2080 3488 modo

516 3525 604 3592 qui
633 3523 873 3576 libidinis
906 3530 1074 3576 (nstro
1102 3533 1353 3591 tanquam
1386 3521 1532 3576 rabie
1555 3523 1783 3593 quadam
1808 3524 2081 3592 agitantur

519 3615 770 3684 (quorum
817 3622 867 3666 te
903 3627 1113 3682 quoque
1144 3628 1307 3666 unum
1335 3628 1453 3668 esse
1489 3613 1678 3684 aiunt)
1722 3628 1787 3667 ex
1819 3613 2078 3683 petulanti

520 3718 616 3758 sua
648 3702 869 3758 libidine
908 3705 1078 3768 alios,
1111 3704 1274 3757 etiam
1315 3705 1405 3772 qui
1441 3719 1544 3758 nou
1593 3711 1752 3776 sunt,
1790 3703 1921 3758 tales
1960 3719 2082 3759 esse

516 3793 778 3862 iudicant.
817 3793 1040 3865 Utrique
1082 3795 1223 3848 enim
1257 3811 1320 3849 ex
1359 3797 1469 3850 suis
1497 3795 1734 3852 moribus
1760 3796 1822 3851 de
1855 3798 2079 3851 aliorum

520 3899 729 3954 quoque
757 3886 957 3941 morbis
989 3886 1252 3941 calculum
1281 3884 1481 3939 ferunt.

773 4089 1035 4145 CCCVI".
1067 4119 1136 4130 —
1165 4086 1480 4143 ΔΜΜΟΜΟ
1515 4087 1840 4144 TRIBUNO.

590 4230 648 4284 Et
689 4225 805 4284 festi
842 4243 1056 4298 quoque
1093 4229 1194 4281 diei
1241 4236 1450 4291 tempus
1488 4240 1584 4280 suo
1615 4227 1816 4280 numini
1858 4241 2079 4294 respou-

2465 2526 2599 2593 τετυ.
2644 2555 2712 2568 -
2749 2521 3054 2591 ΚΥΡΙΛΛῼ
3091 2513 3481 2584 ΕΠΙΣΚΟΠῼ,

2252 2642 2463 2710 Ὠσπερ
2492 2638 2744 2710 βασιλεὺς
2793 2635 2898 2688 ὑπὸ
2924 2633 3032 2686 τῶν
3058 2629 3236 2700 νόμων
3283 2627 3610 2696 ἀρχόμενος,
3662 2624 3755 2692 ἔμ-

2178 2732 2347 2803 ψυχός
2381 2734 2496 2783 ἐστι
2521 2730 2684 2798 νόμος
2709 2743 2721 2758 ⁸
2751 2724 2893 2779 οὕτω
2923 2725 3013 2777 καὶ
3047 2721 3222 2793 ἱερεὺς
3254 2719 3360 2772 ὑπὸ
3391 2718 3501 2771 τῶν
3545 2716 3755 2786 θεσμῶν

2181 2822 2622 2894 βασιλευόμενος,
2643 2817 2820 2872 κανών
2855 2817 3000 2868 ἐστιν
3029 2812 3304 2882 ἄφθογγος
3334 2809 3474 2878 ('52).

2506 3025 2623 3078 TZ'.
2665 3053 2731 3064 —
2771 3020 2977 3092 ΗΣΛΙᾼ
3015 2995 3423 3088 ἐτΡΑτιιιΤῌ.

2253 3165 2460 3234 Ὠσπερ
2503 3163 2552 3215 oi
2584 3162 2792 3232 γνήσιοι
2843 3158 2934 3213 καὶ
2975 3157 3226 3226 διάπυροι
3273 3155 3373 3226 τῆς
3405 3151 3755 3222 σωφροσύνης

2181 3257 2408 3326 ἐρασταὶ
2436 3254 2500 3306 ὲκ
2528 3252 2626 3322 τῆς
2650 3249 2854 3314 οἰκείας
2880 3252 3119 3317 ἁγνείας,
3153 3249 3246 3302 καὶ
3274 3247 3403 3318 περὶ
3438 3246 3548 3298 τῶν
3590 3245 3756 3299 ἄλλων

2181 3348 2272 3398 καὶ
2305 3346 2430 3415 περὶ
2469 3343 2544 3414 μὴ
2576 3343 2745 3396 ὄντων
2799 3341 3052 3395 τοιούτων
3104 3339 3362 3402 πολλάκις
3390 3338 3639 3409 καθαρὰς
3666 3342 3755 3399 τὰς

2179 3439 2392 3507 ψήφους
2424 3437 2668 3508 φέρουσι,
2702 3435 2795 3488 καὶ¹
2824 3434 3010 3488 οὐδένα
3051 3432 3313 3502 ἡγοῦνται.
3341 3431 3644 3484 ἀκόλαστον
3685 3424 3754 3482 εἴ·

2179 3545 2296 3583 ναιο
2333 3528 2475 3581 οὕτω
2506 3527 2599 3581 καὶ
2627 3527 2676 3579 oi.
2709 3526 2786 3597 τῷ
2821 3527 2919 3594 τῆς
2961 3524 3248 3592 ἀσελγείας
3276 3523 3482 3594 οῐστρῳ
3525 3521 3752 3574 λυττῶνο

2180 3639 2292 3684 τες.
2323 3614 2398 3674 ὧν
2431 3615 2509 3682 εἷς
2544 3618 2638 3672 καὶ
2680 3619 2867 3682 αὐτὸς,
2907 3616 2982 3679 ὥς
3028 3633 3181 3686 φασι,
3216 3615 3531 3684 τυγχάνεις,
3575 3616 3637 3666 ἐκ
3666 3613 3756 3682 τῆς

2185 3711 2330 3781 σφῶν
2358 3710 2630 3779 λαγνείας,
2677 3708 2929 3770 καὶτοὺς
2986 3707 3061 3777 μὴ
3104 3707 3263 3769 ὄντας
3307 3707 3608 3768 τοιούτους,
3653 3721 3757 3757 τοι.

2183 3804 2368 3864 ούτους
2405 3797 2541 3854 εἶναι
2577 3799 2688 3869 (35)
2709 3797 3053 3868 ψηφίζονται.
3091 3799 3347 3851 Ἕκαστοι
3389 3798 3500 3867 γὰρ
3548 3800 3612 3849 ὲκ
3656 3794 3776 3849 τῶν.

2182 3892 2302 3946 καθ’
2347 3891 2592 3953 ἑαυτοὺς,
2623 3890 2713 3942 καὶ
2744 3889 2840 3952 τὰς
2876 3889 3000 3959 περὶ
3045 3888 3152 3942 τῶν
3183 3888 3357 3943 ἄλλων
3386 3889 3619 3960 φέρουσι
3657 3887 3758 3958 ψή-

2183 4001 2332 4050 φςυς.

2471 4095 2598 4147 TH’.
2636 4124 2705 4134 —
2744 4093 3064 4163 ᾹΜΜΩΝΙῼ
3099 4092 3467 4164 ΤΡΙΒΘΥΝῼ.

2253 4229 2357 4278 Καὶ
2392 4229 2418 4278 ὁ
2448 4229 2636 4298 καιρὸς
2665 4227 2763 4295 τῆς
2795 4223 3153 4293 πανηγύρεως
3183 4223 3542 4293 ὲπαληθεύων
3571 4227 3762 4280 ἑαυτὸν

520 4325 690 4384 deus,
723 4332 926 4374 natura:
961 4320 1218 4374 felicitate
1249 4327 1495 4371 ornatum
1525 4327 1624 4371 est.
1671 4318 1739 4372 Ut
1779 4318 1920 4372 enim
1959 4318 2074 4370 aui-

2188 4318 2437 4388 εὐμοιρίᾳ
2481 4320 2699 4388 φύσεως
2752 4318 3108 4384 κεκόσμηται.
3158 4315 3275 4368 ’Ὶνα
3325 4315 3436 4388 γὰρ
3490 4318 3654 4387 παρῶ
3705 4318 3762 4370 τὸ

521 4429 730 4470 morum
762 4428 873 4476 ver,
903 4411 1044 4480 quod
1073 4420 1192 4480 post
1233 4402 1576 4478 peccatorum
1614 4409 1841 4463 hiemem
1874 4407 2072 4472 ﬂoruit,

525 4507 740 4560 missum
772 4503 984 4568 faciam,
1016 4517 1082 4556 ne
1110 4502 1237 4555 illud
1265 4500 1506 4569 quidem,
1537 4515 1643 4568 quo
1669 4515 1894 4568 corpora
1926 4511 2084 4553 utun-

522 4607 625 4661 tur,
665 4593 1019 4649 admiratione
1047 4602 1216 4647 caret.
1263 4590 1541 4661 Siquidem
1567 4591 1844 4644 hibernam
1888 4590 2083 4643 intent-

519 4690 717 4757 periem
767 4686 1101 4753 subsequens
1131 4725 1145 4749 ,
1170 4684 1411 4737 aestivam
1441 4682 1738 4748 molestiam
1783 4682 2080 4734 antecedit:

519 4794 628 4847 quo
659 4776 910 4830 nimirum
957 4774 1082 4827 illud
1137 4775 1427 4837 ostendat,
1492 4772 1631 4842 quod
1683 4772 1774 4841 qui
1821 4771 2084 4824 scelerum

523 4870 707 4921 hieme
728 4865 1010 4919 defunctus
1069 4872 1149 4916 est
1183 4902 1196 4923 ,
1256 4862 1357 4915 nisi
1405 4877 1621 4916 vernum
1669 4872 1723 4916 et
1764 4876 1980 4928 gravem
2024 4877 2088 4914 ae

523 4961 856 5011 moderatum
885 4962 1082 5010 statum
1120 4956 1171 5007 in
1201 4955 1375 5022 seipso
1413 4955 1636 5007 retineat
1663 4991 1678 5014 ,
1707 4951 1896 5021 judicii
1927 4950 2084 5004 llam-

525 5048 624 5099 mis
651 5044 946 5099 addicetur.
989 5042 1054 5097 Ut
1088 5044 1231 5096 enim
1291 5043 1611 5096 necessitate
1656 5042 1886 5108 quadam
1922 5053 2080 5096 aestas

524 5137 632 5188 veri
661 5135 916 5198 succedit,
945 5134 1108 5204 379
1148 5133 1215 5186 ad
1245 5133 1489 5186 eumdem
1513 5136 1672 5188 etiam
1724 5134 1934 5185 modum
1961 5142 2081 5200 post

506 5226 777 5279 lenitatem
812 5235 864 5280 et
893 5226 1199 5296 patientiam
1224 5219 1481 5289 judicium
1514 5223 1736 5275 omnino
1767 5223 1962 5279 veniet.

2181 4409 2289 4462 τῶν
2318 4409 2510 4478 ’ψυχῶν
2537 4408 2660 4479 ἔαρ,
2690 4409 2751 4460 τὸ
2787 4408 2922 4477 μετά
2953 4408 3042 4459 τὸν
3081 4407 3322 4476 χειμῶνα
3356 4409 3469 4461 τῶν
3511 4411 3762 4481 ἁμαρτη-

2192 4501 2376 4570 μάτων
2411 4499 2673 4570 ἀνθῆσαν,
2707 4500 2824 4552 οὐδὲ
2857 4499 2914 4551 τὸ
2947 4499 3052 4552 τῶν
3084 4500 3350 4567 σωμάτων
3401 4499 3508 4564 ἔξω
3545 4501 3759 4568 θαύμα-

2186 4611 2273 4654 τος
2306 4591 2627 4659 καθέστηκε.
2663 4589 2774 4658 Τῆς
2803 4589 2909 4659 γὰρ
2953 4592 3232 4659 χειμερίου
3276 4588 3613 4659 δυσκρασίας
3647 4590 3762 4643 δεύ-

2186 4701 2340 4754 τερον
2366 4680 2628 4753 ὁρμηθὲν,
2657 4681 2757 4750 τῆς
2787 4681 3001 4751 θερινῆς
3029 4679 3302 4750 ὀχλήσεως
3330 4683 3646 4753 προτρέχει,
3679 4685 3763 4736 ἵνα

2186 4771 2353 4842 δείξῃ,
2387 4773 2466 4823 ὅτι
2506 4773 2532 4824 ὁ
2564 4769 2658 4823 τοῦ
2695 4771 2955 4840 χειμῶνος
2989 4770 3096 4821 τῶν
3131 4770 3545 4842 ἁμαρτημάτων
3586 4774 3761 4827 ἀπαλ-

2189 4865 2393 4931 λαγεὶς,
2428 4866 2472 4914 εξ
2511 4864 2585 4932 μὴ
2620 4861 2837 4932 ἐαρινὴν
2871 4862 2963 4914 καὶ
3007 4860 3297 4932 βεϐηκυῖαν
3340 4864 3679 4917 κατάστασιν
3708 4867 3762 4917 ἐν

2191 4955 2366 5024 ἑαυτῷ
2411 4955 2654 5023 φυλάξοι,
2691 4954 2770 5024 τῷ
2814 4954 2946 5023 πυρὶ
2997 4952 3091 5022 τῆς
3127 4954 3358 5024 κρίσεως
3389 4957 3762 5026 παραδοθήσε-

2189 5065 2299 5099 ται.
2334 5047 2543 5114 "Quae;
2571 5045 2678 5114 γὰρ
2711 5045 2924 5115 ἀνάγκῃ
2959 5044 3060 5097 τινί
3093 5047 3231 5112 μετά
3259 5045 3318 5097 τὸ
3358 5045 3460 5116 ἔαρ
3495 5047 3555 5100 τὸ
3585 5047 3758 5114 θέρος,

2187 5137 2329 5190 οὓτω
2363 5138 2455 5191 καὶ
2509 5137 2647 5206 μετὰ
2681 5137 2777 5206 τὴν
2834 5135 3177 5199 ἀνεξικακίαν
3227 5139 3260 5206 ἡ
3311 5139 3492 5208 κρίσις
3547 5141 3760 5203 πάντως

2188 5228 2542 5297 ἐπιφοιτήσει.

1601 5398 1832 5453 VARle
1869 5398 2246 5457 LECTIONES
2306 5403 2390 5456 ET
2435 5403 2666 5458 NUTA'J.

591 5559 698 5625 (5i)
725 5555 827 5609 Pro
849 5554 1201 5624 τεθεαμένους
1233 5557 1349 5608 cod.
1370 5553 1500 5625 “Vat.
1534 5556 1634 5609 650
1662 5554 1818 5625 habet
1853 5553 2057 5624 θεωμέ-

521 5623 661 5688 νονς.
684 5623 753 5679 ὀι
783 5640 924 5678 vers.
962 5623 1053 5676 ult.
1091 5636 1206 5692 post
1233 5623 1427 5678 ἀνθοῦν
1453 5625 1597 5677 addit
1633 5625 1707 5678 τό.
1733 5623 1940 5679 Possm.

595 5696 701 5766 (52)
746 5696 883 5749 Idem
919 5698 1059 5760 cod.,
1091 5693 1404 5764 εῠφθογγος.
1440 5694 1510 5747 in.

2242 5555 2350 5624 (δῖ)
2393 5559 2489 5634 Eii.
2525 5558 2718 5624 l‘.tris.,
2759 5562 2852 5616 καὶ
2880 5564 3005 5625 τοὺς
3038 5564 3111 5634 μὴ
3137 5563 3318 5628 ὂντας,
3357 5564 3635 5628 τοιούτους
3677 5557 3750 5619 ιῖ-

2171 5645 2276 5692 ναι,
2303 5641 2402 5682 ctc.
2444 5629 2598 5683 Εῡιτ.
