3978 6436
230 353 338 416 977

450 469 570 522 rex
611 501 682 514 -
733 470 1088 543 maerrem
1132 474 1596 548 ΠΡΕΣΒΥΤΕΡῼ.

306 581 370 633 Ei
424 579 621 648 βούλει,
671 577 716 636 ὧ
765 583 1027 652 βέλτιστε,
1063 585 1277 654 μεγάλα
1308 587 1478 654 δεῖξαι
1528 590 1594 642 τὰ
1627 589 1822 643 σαυτοῦ

232 671 660 743 κατορθώματα,
699 676 771 745 μὴ
805 677 947 744 μέγα
975 677 1180 746 φρόνει,
1213 679 1304 730 καὶ
1335 680 1455 732 τότε
1487 680 1657 734 ταῦτα
1699 681 1821 751 μεί-

1081 358 1613 420 EPISTOLARUM
1649 361 1793 421 LIB.
1843 362 1950 420 ΙΙΙ.
1982 388 2046 396 -
2073 362 2307 423 EPlST.
2348 363 2650 424 CCCKlIl.

3407 375 3512 432 978

2108 481 2335 538 CCCIX.
2367 514 2437 522 —
2466 479 2834 537 MARTYMO
2867 479 3344 538 PRESBYTERO.

2001 595 2056 650 Si
2084 595 2209 651 illud
2243 597 2336 652 tibi
2385 595 2564 650 studio
2595 607 2677 650 est
2705 636 2718 657 ,
2759 595 2840 648 vir
2869 596 3073 664 optime
3103 636 3117 660 ,
3166 605 3226 652 ut
3261 611 3378 666 quae
3413 598 3511 653 ahs

1927 699 1978 744 te
2007 703 2129 743 cum
2161 689 2362 743 virtute
2393 697 2675 758 geruntur,
2703 703 2894 757 Inagua
2929 703 3050 742 esse
3081 687 3368 743 videamur
3393 729 3407 754 ,
3443 706 3509 743 ne

229 766 363 826 ζονα
412 766 746 834 ἀποφαίνεις.
800 769 890 839 Μὴ
936 768 1162 842 νομίσῃς
1213 788 1263 822 τι
1310 772 1690 842 πεποιηκέναι,
1727 775 1822 826 καὶ

1924 779 2228 834 sablitniter
2253 794 2317 833 ac
2344 778 2627 848 magnifice
2661 780 2727 833 tle
2762 790 2814 832 te
2854 780 3097 843 sentias,
3141 793 3206 833 ae
3236 788 3346 832 tum
3392 795 3507 833 am-

227 854 356 906 τὸτε
385 855 761 928 λαμπρότερος
796 859 912 932 ἔσῃ.
942 859 1006 913 El
1036 860 1142 928 γὰρ
1175 864 1202 914 6
1231 862 1554 932 ἁμαρτωλὸς
1583 864 1820 933 νομίζων

226 939 373 995 εἶναι
416 946 558 998 τοῦθ’
585 948 724 1018 ὅπερ
765 949 900 1010 ἐστὶ,
938 949 1146 1010 δίκαιος
1179 951 1387 1018 γίνεται
1419 952 1628 1024 (ὥσπερ
1668 955 1761 1007 καὶ
1789 955 1817 1005 6

225 1037 518 1107 τελώνης)⁶
550 1042 579 1092 ὁ
621 1041 825 1103 δίκαιος
882 1041 1206 1112 ἁμαρτωλὸν
1257 1044 1448 1097 ἑαυτὸν
1502 1045 1822 1114 ἡγούμενος,

229 1127 348 1190 πῶς
378 1130 438 1181 οὐ
474 1132 794 1200 σεμνότερος
813 1135 924 1187 ἐστι
953 1136 1044 1188 καὶ
1077 1137 1491 1207 εὑκλεέστεροςξ
1526 1139 1588 1189 'H
1615 1139 1824 1206 εὐγνω-

230 1220 444 1290 μοσύνη
476 1222 732 1290 στέφανον
770 1225 1078 1296 ἁμαρτωλῷ
1129 1229 1358 1298 ἤνεγκεν
1390 1227 1530 1297 (οὐδὲ
1571 1227 1678 1298 γὰρ
1725 1244 1818 1280 τα-

229 1314 622 1383 πεινοφρονῶν,
663 1315 776 1370 ἀλλ’
805 1317 1085 1387 ἀληθεύων
1119 1321 1321 1389 ἔλεγε),
1344 1321 1814 1391 ταπεινοφροσύνη

225 1400 423 1472 δικαίῳ
480 1405 597 1468 πῶς
649 1407 710 1459 οὐ
746 1407 967 1478 μυρίους
999 1409 1182 1474 πλὲξει
1215 1405 1548 1480 στεφάνους’;

1922 871 2089 942 pliora
2141 887 2202 926 ea
2255 872 2464 925 reddes.
2511 868 2590 927 Ne
2624 879 2676 925 te
2711 870 2907 925 fecisse
2938 870 3249 924 existimes:
3302 885 3364 924 ac
3397 879 3508 922 tum

1929 961 2187 1032 majorem
2216 961 2554 1030 splendorem
2587 961 2962 1030 consequeris.
2996 960 3130 1012 Nam
3154 960 3198 1014 si
3231 969 3506 1028 peccator,

1927 1054 1978 1108 id
2013 1069 2093 1117 se,
2115 1055 2257 1122 quod
2286 1064 2391 1119 est,
2410 1067 2532 1107 esse
2563 1052 2836 1121 judicans,
2856 1054 3034 1122 justus
3059 1052 3510 1122 sllicitat-(quem-

1931 1143 2220 1197 admodum
2275 1141 2569 1210 publicano
2602 1140 2870 1211 contigit),
2909 1140 3036 1208 quid
3072 1139 3285 1192 tandem
3328 1139 3509 1192 alieni

1920 1240 2117 1298 potest,
2149 1230 2279 1299 quin
2309 1230 2513 1299 justus,
2549 1238 2902 1298 peccatorem'
2925 1243 2984 1283 se
3016 1241 3136 1283 esse
3164 1226 3507 1289 existimans,

1918 1319 2178 1389 majorem
2209 1320 2337 1375 hinc
2374 1319 2782 1375 venerationem
2830 1319 3172 1389 gloriamque
3210 1320 3311 1374 sibi
3360 1333 3509 1374 com-

1915 1420 2067 1480 paret
2084 1411 2106 1464 ζ’
2213 1410 2440 1466 candida
2477 1411 2688 1480 peccati
2712 1411 2919 1482 agnitio
2941 1425 3199 1467 coronam
3236 1412 3505 1479 peccaturi

225 1494 408 1546 attulit
442 1496 567 1562 (non
609 1497 750 1550 enim
800 1513 895 1567 per
925 1502 1090 1556 animi
1148 1504 1589 1567 submissionem,
1623 1503 1716 1558 sed
1749 1504 1975 1558 veritate
2041 1504 2266 1568 ductus,
2337 1503 2442 1560 hoc
2510 1503 2767 1575 dicebat),
2791 1503 2920 1574 quid
2948 1519 3127 1559 causa:
3159 1513 3260 1566 est,
3315 1503 3511 1572 quam-

223 1584 418 1640 obl-ent
452 1588 726 1642 humilitas
753 1591 899 1658 justo
922 1603 1206 1648 sexcentas
1228 1609 1462 1650 coronas
1499 1611 1605 1650 nnu
1640 1596 1857 1649 nectat?

531 1705 630 1757 Τι’.
674 1737 742 1746 ——
781 1708 1005 1779 ΠΕΤΡῼ
1046 1711 1505 1783 ΣΧΟΛΑΣΤΙΚῼ.

289 1792 492 1848 Πολλοὶ
522 1793 620 1864 μὲν
648 1795 951 1862 ἀνθρώπων
990 1800 1220 1869 (πάντας
1268 1800 1378 1873 γὰρ
1408 1803 1685 1856 αἰτιᾶσθαι
1715 1803 1813 1874 οὐχ

221 1884 414 1953 ὅσιον),
445 1885 514 1938 τὰ
544 1885 644 1956 μὲν
692 1888 837 1941 κακὰ
869 1890 964 1943 καὶ
1001 1893 1073 1962 μὴ
1118 1893 1380 1962 μαθόντες
1417 1896 1605 1965 δρῶσι,
1656 1895 1724 1949 τὰ
1755 1897 1812 1950 δὲ

220 1974 410 2040 ἀγαθὰ
438 1976 558 2029 οὐδὲ
595 1977 970 2050 διδασκόμενοι
1007 1984 1250 2037 συνίασιν
1273 2003 1285 2016 ·
1330 1987 1468 2040 ἀλλὰ
1498 1987 1565 2040 τὰ
1601 1986 1699 2057 μὲν
1727 2005 1812 2041 τι-

223 2065 440 2134 μωρίας
476 2067 703 2121 πνέοντα
746 2070 838 2138 ἀφ’
889 2073 998 2142 (3i)
1050 2076 1256 2128 ἑαυτῶν
1310 2077 1588 2143 ποιοῦντες
1632 2079 1812 2133 διατε-

220 2155 409 2208 λοῦσι’
443 2156 508 2210 τὰ
541 2158 599 2212 δὲ
630 2161 908 2230 στεφάνων
946 2167 1200 2235 πρόξενα,
1234 2169 1343 2222 οὐδ’
1372 2169 1810 2240 ἀναγκαζόμενοι

217 2246 678 2316 διαπράττονται·
739 2253 966 2309 κάκεῖνα
1035 2258 1133 2327 μὲν
1190 2261 1326 2328 μηδὲ
1389 2262 1810 2333 παραδείγματα

219 2339 482 2403 πολλάκις
507 2341 717 2410 ἔχοντες
749 2344 1011 2399 τίκτουσι·
1044 2350 1216 2403 ταῦτα
1248 2351 1328 2417 δὲ,
1373 2355 1467 2407 καὶ
1515 2355 1808 2424 παραδείγ-

221 2447 373 2495 ματα
421 2431 652 2498 ὁρῶντες
697 2438 1169 2508 παραγράφονται.
1231 2442 1498 2498 Τοσοῦτον
1545 2447 1806 2516 ἀπέχουσι

218 2519 316 2572 τοῦ
353 2521 659 2592 μιμεῖσθαι.
712 2526 817 2578 Τοῦ
853 2529 1011 2598 χάριν
1060 2530 1124 2601 δὴ
1159 2533 1329 2586 ταῦτα
1381 2537 1596 2606 γράφω,
1646 2539 1805 2609 τυχὸν

217 2609 324 2660 οὐκ
352 2611 602 2677 ἀγνοεῖςο
650 2614 729 2667 ὅτι
765 2617 1013 2687 Ζωσίμου
1050 2620 1141 2673 καὶ
1184 2622 1454 2691 Μάρωνος
1501 2625 1627 2688 τοὺς
1656 2626 1805 2695 βίους

220 2701 614 2773 ὲκωμῲδησας.

472 2884 618 2938 ΤΙΑ’.
661 2919 729 2929 --
780 2891 1035 2945 ΔΑΝΙΗΛ
1078 2893 1551 2970 ΠΡΕΣΒΥΤΕΡῼ.

304 2976 362 3027 '0
399 2977 559 3045 σοφὸς
609 2979 907 3045 Εὐστάθιος
944 2985 971 3035 6
1003 2984 1389 3058 πρεσϐύτερος,
1438 2991 1466 3042 6
1512 2990 1616 3043 ὑπὸ
1652 2990 1800 3056 θείας

2154 1713 2356 1769 CCCX.
2389 1743 2457 1754 —-
2487 1713 2716 1769 PETRU
2749 1712 3256 1789 SCHOLASTICO;

1992 1803 2244 1875 Plerique
2275 1807 2588 1862 mortalium
2609 1806 2808 1879 (neque
2838 1807 2983 1862 enim
3020 1821 3212 1861 omnes
3246 1818 3508 1860 accusare

1924 1896 2004 1951 fas
2042 1899 2157 1964 est)
2206 1898 2343 1952 mala
2373 1896 2592 1967 quidem
2632 1897 2796 1952 etiam
2829 1898 2948 1952 sine
2983 1897 3306 1966 cujusquam
3342 1895 3505 1948 disci-

1921 1992 2062 2060 plina
2097 1989 2325 2056 faciunt,
2357 1991 2494 2044 bona
2523 1998 2701 2043 autem
2730 1989 2974 2044 adhibito
2997 2003 3212 2058 quoque
3240 1987 3505 2057 magistro

1921 2097 2024 2136 non
2053 2080 2397 2151 intelligunt:
2434 2089 2598 2148 atque
2636 2095 2699 2134 ea
2733 2095 2850 2149 quae
2881 2095 3096 2150 pmnam
3123 2090 3177 2133 et
3201 2077 3504 2133 cruciatum

1917 2169 2167 2236 spirant,
2202 2182 2298 2222 sua
2341 2177 2534 2238 sponte
2572 2182 2734 2236 agere
2772 2182 2879 2223 non
2919 2167 3287 2222 intermittunt
3317 2206 3330 2230 ,
3383 2182 3504 2236 qua:

1917 2267 2099 2313 autem
2127 2272 2358 2316 coronas
2388 2268 2708 2324 accersunt,
2757 2272 2826 2313 ne
2867 2258 3042 2313 coacti
3080 2257 3295 2327 quidem
3327 2256 3503 2308 adtul-

1917 2354 2184 2408 nistrant:
2229 2359 2390 2422 atque
2434 2351 2560 2415 illa,
2605 2350 2822 2405 tametsi
2858 2363 3095 2419 perstepe
3140 2365 3207 2404 ne
3253 2347 3502 2418 exempla

1914 2445 2129 2515 quidem
2159 2444 2263 2499 ulla
2297 2427 2560 2509 habeant,
2601 2443 2817 2513 pariunt
2848 2460 2862 2496 :
2902 2443 3020 2496 haac
3052 2449 3232 2496 autem
3261 2481 3276 2504 ,
3337 2440 3500 2494 etiam

1914 2536 2182 2606 exemplis
2217 2545 2342 2592 ante
2371 2537 2557 2592 oculos
2585 2533 2899 2605 prepositis,
2936 2534 3265 2602 improbant,
3303 2533 3500 2586 nedum

1915 2630 2214 2685 imitentur.
2249 2629 2423 2697 Quam
2469 2630 2539 2684 ob
2565 2643 2787 2685 causam
2821 2628 2936 2682 haec
2970 2627 3240 2690 scribam,
3269 2624 3500 2681 furtasse

1915 2738 2016 2776 non
2047 2722 2304 2790 ignoras:
2360 2737 2556 2788 nempe
2601 2721 2727 2791 quia
2762 2719 2964 2775 Zosimi
2995 2728 3049 2773 ct
3076 2717 3313 2773 Maronis
3359 2718 3500 2772 vitas

1913 2814 2176 2870 comicum
2211 2815 2262 2868 in
2291 2815 2507 2870 modum
2543 2813 2875 2883 proscidisti.

2127 2905 2348 2963 CCCXL
2379 2935 2447 2947 -—
2487 2902 2761 2960 DANIELI
2795 2901 3259 2959 PRESBYTERU

1983 2997 2213 3066 Sapiens
2238 2996 2522 3068 presbyter
2544 2995 2882 3060 Eustathius,
2915 2997 3028 3066 qui,
3062 3009 3158 3064 pro
3187 2991 3368 3049 divino
3397 3006 3497 3046 suo

221 3065 644 3178 μισοτὶονέιρίας,
697 3069 790 3121 καὶ
837 3071 928 3122 ἐπὶ
955 3074 1021 3142 τῇ
1069 3073 1362 3148 ὁμωνυμίᾳ
1407 3078 1499 3166 τοῦ
1553 3080 1799 3149 ἐναγοῦς,

1919 3090 1962 3144 in
1996 3090 2268 3160 improbos
2303 3090 2463 3152 odio,
2500 3089 2664 3144 etiam
2694 3090 2832 3143 idem
2879 3090 2984 3144 sibi
3023 3104 3144 3144 cum
3187 3087 3400 3154 impuro
3441 3094 3496 3139 et

215 3157 293 3218 ὡς
352 3153 531 3221 οἶσθα,
602 3159 900 3215 Εὐσταθίου
961 3162 1365 3236 βαρυνόμενος,
1417 3153 1510 3222 καὶ
1573 3172 1803 3240 ἀμεῖψαι

216 3247 414 3300 ἑαυτοῦ
462 3248 558 3318 τὴν
621 3253 990 3323 προσηγορίαν
1036 3255 1357 3328 βουλόμενος
1407 3259 1634 3330 οἴχεται,
1703 3263 1804 3315 Τέ-

214 3341 386 3410 θνηκε
430 3343 558 3411 γὰρ,
593 3345 763 3396 εἰπεῖν
791 3346 920 3409 ἴσως
949 3348 1010 3400 οὗ
1045 3347 1221 3419 θέμις.
1263 3353 1329 3404 Ἠ
1379 3352 1487 3424 γὰρ
1524 3353 1631 3407 τῶν
1685 3355 1803 3423 φιλ-

213 3432 432 3500 αρὲτων
479 3433 688 3505 ἀνδρῶν
722 3436 996 3508 κοίμησις,
1029 3434 1104 3493 ὧν
1153 3435 1234 3504 εἷς
1258 3437 1325 3512 ἦν
1355 3443 1449 3496 καὶ
1488 3444 1667 3509 αὐτὸς,
1713 3464 1801 3499 τευ

213 3521 380 3595 λευτὴ
416 3525 515 3594 μέν
548 3528 663 3579 ἐστι
690 3527 796 3580 τῶν
840 3529 1117 3600 λυπηρῶν,
1145 3534 1287 3605 ἀρχὴ
1322 3535 1377 3588 δὲ
1410 3536 1516 3588 τῶν
1548 3537 1791 3605 ἀγαθῶν.

213 3614 290 3665 Τὸ
323 3614 434 3684 γὰρ
463 3615 569 3669 τῶν
604 3616 778 3671 ἄθλων
813 3619 1002 3690 πέρας,
1036 3623 1177 3694 ἀρχὴ
1204 3624 1310 3677 τῶν
1355 3628 1633 3696 στεφάνων
1672 3629 1803 3682 καθ-

213 3703 439 3773 έστηκε.

503 3893 648 3948 TlB’.
694 3925 759 3936 —
796 3897 1142 3971 ΠΑΛΛΑΔΙῼ
1184 3903 1510 3977 amnem.

289 3985 444 4053 Ἔχει
473 4002 525 4038 τι
572 3988 605 4055 ὴ
650 3987 796 4059 ψυχή
836 4007 936 4059 μου
987 3995 1305 4065 ἑπιρῤεπὲς,
1343 3991 1388 4050 ὦ
1423 4000 1565 4067 φίλε,
1615 4003 1693 4064 εἰς
1744 4002 1803 4053 τὸ

212 4076 494 4128 πιστεύειν
538 4077 637 4145 μὲν
682 4079 796 4142 τοῖς
848 4081 1126 4150 μεγίστοις
1175 4087 1619 4158 κατορθώμασιν,
1673 4091 1802 4143 ἁπι-

211 4166 363 4218 στεῖν
407 4163 464 4216 δὲ
498 4166 611 4229 τοῖς
664 4167 920 4236 μεγάλοις
974 4171 1354 4243 ἁμαρτήμασι.
1406 4176 1497 4229 Διὸ
1540 4177 1634 4229 καὶ
1675 4176 1803 4242 τοὺς

211 4257 399 4309 ἐκεῖνα
431 4257 530 4326 μὲν
567 4257 954 4329 διηγουμένους
999 4263 1238 4317 ἐπαινῶ·
1276 4268 1403 4332 τοὺς
1432 4267 1488 4321 δὲ
1527 4268 1718 4334 ταῦτα,
1753 4273 1802 4324 εἰ

212 4350 316 4418 μὲν
342 4349 634 4419 δυναίμην,
667 4351 1034 4422 ὲπιστομίξω·
1072 4358 1120 4408 εί
1151 4356 1208 4409 δὲ
1239 4360 1342 4429 μὴ,
1367 4359 1447 4429 τῷ
1484 4363 1802 4430 στυγνάζειν

1906 3183 2203 3244 scelerato,
2237 3191 2295 3235 ut
2326 3181 2506 3246 nosti,
2542 3180 2824 3235 Eustathio
2866 3196 3060 3235 nomen
3101 3193 3222 3235 esse
3256 3183 3500 3250 graviter

1904 3282 1956 3328 et
1989 3273 2218 3328 moleste
2258 3270 2463 3347 ferebat
2495 3311 2510 3338 ,
2549 3285 2612 3325 ac
2644 3285 2837 3326 nomen
2884 3285 3038 3325 suum
3067 3271 3355 3324 immutare
3401 3285 3495 3324 cu-

1905 3368 2082 3436 piebat
2105 3407 2119 3431 ,
2153 3365 2282 3419 hinc
2314 3365 2596 3420 abscessit.
2634 3361 2822 3433 Neque
2855 3363 3002 3417 enim
3049 3361 3288 3418 fortasse
3313 3361 3496 3416 dicere

1906 3457 1985 3512 fas
2019 3466 2122 3523 est,
2163 3465 2408 3510 mortuus
2438 3463 2540 3509 est.
2571 3451 2708 3510 Nam
2737 3453 3028 3523 proborum
3065 3451 3306 3507 virorum
3338 3451 3494 3521 (quo-

1905 3565 2022 3604 rum
2053 3561 2339 3602 numerum
2389 3545 2505 3615 ipse
2548 3559 2763 3614 quoque
2792 3541 3044 3616 augebat)
3080 3557 3304 3597 somnus
3331 3579 3345 3606 ,
3374 3555 3490 3595 mo-

1903 3638 2181 3693 lestiarum
2219 3636 2445 3707 quidem
2481 3635 2603 3690 linis
2642 3647 2753 3704 est,
2790 3636 3052 3690 bonorum
3082 3648 3212 3690 vero
3256 3635 3487 3689 initium.

1903 3728 2181 3796 Siquidem
2209 3726 2566 3783 certaminum
2607 3726 2730 3782 linis
2760 3767 2773 3792 ,
2806 3741 3132 3784 coronarum
3164 3726 3488 3797 principium

1900 3818 2135 3874 exsistit.

2161 3908 2412 3966 CCCX".
2440 3939 2508 3950 -—
2538 3908 2883 3966 PALLADIO
2917 3909 3237 3967 DlACONO.

1973 3999 2045 4054 Ea
2070 4002 2470 4070 quodammodo
2494 4001 2659 4056 animi
2691 4005 3052 4072 propensione
3069 4019 3210 4067 sum,
3237 4019 3269 4055 ο
3291 4003 3487 4064 amice,

1903 4101 1960 4144 ut
1994 4093 2245 4146 maximis
2273 4091 2492 4162 quidem
2522 4092 2813 4147 virtutibus
2848 4092 3006 4148 (idem
3036 4093 3360 4156 adhibeam,
3407 4093 3488 4145 iu-

1902 4181 2153 4252 gentibus
2184 4194 2364 4236 autem
2401 4183 2641 4252 peccatis
2668 4185 2942 4254 abrogant.
2980 4184 3060 4238 Ex
3090 4200 3198 4254 quo
3235 4184 3484 4247 efﬁcitur,

1902 4287 1959 4330 ut
1995 4292 2122 4344 eos,
2171 4278 2264 4348 qui
2298 4277 2386 4333 illa
2420 4290 2888 4342 commemorant,
2936 4279 3191 4336 laudibus
3221 4281 3482 4336 alliciam:

1901 4367 1968 4422 iis
1994 4380 2170 4423 autem
2206 4410 2219 4434 ,
2252 4371 2342 4439 qui
2384 4369 2500 4425 haec
2532 4380 2753 4424 narrant
2779 4414 2793 4439 ,
2841 4374 2884 4426 si
2915 4387 3129 4441 possum
3164 4412 3178 4438 ,
3210 4375 3485 4429 silentium

208 4440 542 4496 ἀναστέλλω.
581 4441 643 4495 Ei
677 4443 858 4499 τοίνυν
905 4445 999 4498 καὶ
1052 4449 1142 4500 τὸν
1195 4449 1284 4503 σὺν
1333 4451 1526 4522 ἐχθρὸν
1580 4453 1797 4526 ἄρρητά

1926 4460 2135 4514 ndieam
2163 4478 2176 4526 ;
2209 4460 2290 4514 sin
2325 4461 2529 4525 minus,
2558 4461 2771 4517 tristem
2801 4440 3005 4519 vultum
3030 4467 3367 4535 praeferendo
3392 4484 3485 4523 eos

208 4547 332 4584 τινα
367 4532 509 4586 κατὰ
555 4533 648 4586 σοῦ
686 4535 1092 4607 ρητορεύσαντα
1141 4541 1495 4613 ἑπεστόμισα,
1552 4546 1626 4616 μὴ
1673 4549 1797 4616 ἐμοὶ

209 4624 374 4696 χάριν
417 4623 546 4689 ἴσθι,
581 4625 718 4679 ἀλλὰ
745 4629 823 4699 τῷ
851 4629 968 4701 Θεῷ
1012 4631 1089 4702 τῷ
1122 4633 1381 4700 τοιαύτην
1412 4654 1504 4708 μοι
1537 4639 1795 4709 προαίρε-

211 4730 298 4767 σιν
328 4716 699 4788 χαρισαμένῳ.
754 4718 866 4772 Καὶ⁵
913 4721 1088 4792 πειρῶ
1136 4725 1364 4789 ἐκεῖνον,
1400 4726 1467 4780 δι’
1499 4722 1575 4782 ὧν
1621 4730 1830 4800 πράτο-

209 4821 343 4871 τιις,
375 4803 639 4874 ἐλέγχειν.
677 4806 834 4862 Οὕτω
883 4811 989 4882 γὰρ
1024 4812 1134 4882 ἐγὼ
1163 4814 1322 4886 χάριν
1368 4818 1607 4888 εἷς-ομ,αῆ
1639 4823 1685 4873 ει
1719 4823 1793 4893 μὴ

208 4895 538 4968 ἐλεγχοίμην
581 4899 719 4970 ὑπὲρ
770 4900 884 4968 σοῦ,
920 4902 1035 4956 ἀλλ’
1070 4905 1211 4977 ὑπὲρ
1258 4907 1357 4977 τῆς
1403 4909 1661 4980 ἀληθείας
1700 4914 1789 4966 τὸν

209 4984 367 5053 λόγον
403 4988 789 5058 ποιησάμενος.

486 5171 628 5226 Tlf".
671 5203 739 5213 —
770 5173 1139 5252 ‘AAMHETm
1186 5183 1510 5255 ΔΙΑΚΟΝῼ.

566 5263 708 5332 Περὶ
753 5263 862 5334 τῆς
901 5269 1063 5336 θείας
1092 5272 1427 5342 ἐπιδημίας.

283 5349 444 5413 Ἰσθι,
477 5344 522 5405 ὧ
555 5354 742 5423 σοφίας
782 5357 1052 5427 αὐτοφυὲς
1089 5363 1336 5433 ἄγαλμα,
1378 5367 1458 5419 ὅτι
1490 5370 1518 5421 6
1553 5371 1789 5425 καλλίνι-

1902 4549 2213 4618 reprimam.
2242 4551 2632 4619 Quamobrem,
2654 4555 2696 4608 si
2724 4555 2862 4608 hosti
2884 4571 3117 4627 quoque,
3146 4559 3237 4628 qui
3267 4559 3483 4614 infamia

1900 4642 2142 4712 qnazdam
2168 4645 2455 4700 adversum
2482 4656 2532 4700 te
2560 4647 2872 4716 prolocutus
2897 4646 3097 4716 fuerat,
3127 4666 3190 4705 os
3213 4652 3482 4716 obstruxi,

1901 4735 2140 4801 nemihi,
2175 4735 2268 4796 sed
2296 4736 2427 4802 Deo,
2461 4737 2552 4807 qui
2578 4739 2706 4793 mihi
2741 4740 2880 4796 hanc
2916 4741 3083 4796 animi
3116 4743 3485 4799 inductionem

1900 4825 2077 4889 dedit,
2112 4827 2341 4896 gratiam
2373 4828 2549 4885 habe:
2599 4839 2762 4900 atque
2785 4874 2800 4898 ,
2836 4846 2893 4887 ut
2921 4833 3071 4888 illum
3101 4874 3116 4898 ,
3143 4849 3240 4904 por
3268 4849 3330 4890 ea
3366 4851 3488 4905 quze

1900 4917 2036 4983 agis,
2057 4932 2336 4990 coarguas,
2363 4922 2588 4975 enitere.
2624 4921 2758 4976 Nam
2781 4925 2853 4978 ita
2880 4925 3095 4980 demum
3125 4940 3226 4996 ego
3254 4927 3483 4996 gratiam

1901 5005 1996 5058 tibi
2036 5007 2318 5063 habiturus
2355 5023 2498 5072 sum,
2539 5010 2582 5064 si
2617 5027 2722 5067 non
2761 5023 2872 5079 tua,
2909 5017 3003 5071 sed
3042 5017 3288 5072 veritatis
3323 5032 3484 5073 causa

1902 5097 2062 5153 verba
2099 5097 2296 5156 fecisse
2326 5105 2650 5173 comperiar.

2040 5191 2206 5262 380
2239 5192 2510 5250 CCCXIII.
2539 5227 2610 5236 —
2643 5197 2993 5256 LAMPETIO
3020 5199 3318 5258 [ΠΛΕΟΝο

2410 5288 2484 5344 De
2529 5289 2706 5344 divino
2745 5295 2992 5347 adventu.

1968 5373 2100 5429 Illud
2119 5377 2326 5445 scito,o
2356 5382 2596 5435 nativum
2634 5383 2915 5454 sapientis:
2939 5386 3314 5454 simulacrum,
3340 5391 3482 5460 quod

1279 5521 1509 5580 VARUE
1553 5527 1936 5587 LECTIONES
1975 5532 2064 5587 ET
2113 5533 2348 5591 NOTIE.

280 5664 396 5750 (ξι)
426 5665 532 5721 Pro
689 5677 806 5730 (·οιΙ.
851 5676 979 5750 Val.
1002 5678 1104 5732 650
1139 5681 1299 5736 hahcl
1339 5683 1424 5750 ἐφ’
1460 5694 1512 5738 ct
1565 5701 1703 5740 vers.
1741 5687 1772 5739 8

206 5736 462 5810 εὑρόντες
506 5736 688 5797 scribit
731 5763 828 5808 PI'O
881 5748 1133 5813 ὁρῶντες.
1185 5751 1338 5806 Vers.
1382 5736 1506 5821 heu.
1570 5736 1774 5826 ιιῖοὶὶἓδέε

1888 5692 2013 5815 llcgit
2044 5695 2068 5744 ὁ
2107 5701 2157 5745 ct
2205 5709 2342 5750 vers.
2384 5697 2477 5754 ttll.
2521 5713 2618 5770 pro
2655 5701 3078 5775 ἐκωμῲδησας,’
3113 5705 3476 5777 αιδμφδὴσας.

1971 5779 2098 5815 δδιν.

1971 5779 2098 5818 δδΙἿ.
