3978 6426
220 361 329 431 981

1047 366 1577 430 EPISTULARUM
1608 365 1759 423 LIB.
1803 363 1914 422 III.
1957 387 2024 396 —
2058 362 2297 422 EPIST.
2333 362 2625 422 CCCXIX.

3404 353 3528 416 982‘

230 481 440 546 σοφοῖς,
463 497 480 529 ι
500 479 746 534 τουτέστι
760 480 855 554 τὴν
871 482 1021 536 θείαν
1035 485 1193 554 χάριν
1205 483 1316 544 τοῖς
1328 481 1491 549 φοϐον
1501 481 1683 551 μένοις
1701 478 1811 548 ('58)

1928 478 2072 545 Quod
2108 479 2152 532 si
2185 479 2250 534 de
2291 479 2413 533 aliis
2457 479 2623 534 etiam
2661 479 2764 532 hoc
2795 475 2966 540 dixit,
3001 485 3095 544 per
3122 472 3414 542 sapientes,
3453 480 3512 526 ιιι

225 569 433 638 ὀρέγει·
479 589 497 622 ι
534 573 795 643 φρόνησιν
826 573 882 627 δὲ
914 579 1025 638 τοῖς
1056 574 1221 628 εἰδόσι
1251 575 1484 639 σύνεσιν,
1516 591 1533 624 ι
1565 572 1810 624 τουτέστι

222 660 338 712 τῶν
384 663 782 732 κεκρυμμένων
809 665 908 733 τὴν
950 664 1152 733 γνῶσιν
1182 667 1293 728 τοῖς
1328 663 1566 725 συνετῶς
1592 663 1684 714 ἐπὶ
1714 663 1806 714 τὸν

224 749 296 802 τὰ
337 751 567 806 τοιαῦτα
593 755 998 808 ἀποκαλύπτειν
1022 755 1316 824 δυνάμενον
1363 752 1806 823 κατατρέχουσιν.

237 841 311 893 ’Ἠ
344 841 527 904 πάλιν,
556 843 750 911 σοφίαν
793 843 891 914 μὲν
940 847 1051 908 τοῖς
1099 844 1278 914 σοφῶς
1323 844 1548 904 ἑαυτοὺς
1595 842 1809 909 ἄγουσι·

234 931 499 1001 ςρόνησιν
535 933 614 999 δὲ,
663 938 775 998 τοῖς
806 935 1021 989 σύνεσιν
1055 935 1409 1008 γεωργοῦσιν,
1446 935 1511 988 ἵν’
1541 935 1574 1004 ἡ
1618 931 1811 1003 προοιί⁹

235 1037 388 1089 ρεσις
423 1024 522 1093 τὴν
563 1025 723 1094 χάριν
769 1028 1172 1098 ἐπισπάσηται,
1209 1027 1304 1080 καὶ
1358 1024 1433 1097 μὴ
1495 1025 1636 1078 κατὰ
1679 1028 1815 1079 ἁπο-

234 1113 512 1182 κλήρωσιν
563 1115 693 1188 δόξῃ
745 1118 1080 1190 χαρίζεσθαι.
1133 1118 1278 1189 Πρὸς
1327 1116 1436 1186 γὰρ
1489 1116 1587 1179 τὰς
1635 1132 1814 1186 παρα·

234 1207 437 1268 σκευὰς
483 1207 575 1260 καὶ
626 1210 660 1279 ἡ
701 1209 861 1280 χάρις
908 1209 1224 1282 ἐφίπταται.
1259 1209 1331 1262 Ἦ
1379 1207 1577 1271 πάλιν,
1626 1204 1814 1276 ἐπειδὴ

232 1295 422 1349 πολλοὶ
456 1299 548 1352 καὶ
582 1300 688 1352 τῶν
720 1300 918 1364 ἔξωθεν
966 1301 1145 1371 σοφῶν
1182 1302 1274 1353 καὶ
1297 1300 1532 1353 συνετῶν
1579 1295 1812 1369 προσελ-

231 1383 418 1450 θόντες
465 1387 542 1457 τῷ
585 1389 713 1459 θείῳ
760 1390 1075 1461 κηρύγματι
1122 1392 1222 1462 τὴν
1264 1391 1432 1453 ὅντως
1470 1388 1685 1458 σοφίαν,
1718 1388 1812 1441 καὶ

228 1473 333 1543 τὴν
367 1475 447 1546 τῷ
485 1477 597 1530 ὄντι
629 1480 844 1533 σύνεσιν
876 1480 1176 1551 δρέψασθαι
1201 1481 1455 1550 ἤμελλον,
1488 1477 1646 1532 τοῦτο
1679 1495 1812 1550 προ-

231 1570 528 1639 εφήτευσε.

1920 587 2038 627 mea
2063 572 2244 640 opinio
2268 570 2391 634 fert,
2430 585 2526 624 eos
2549 568 2823 639 intelligit,
2863 567 2953 638 qui
2978 565 3167 620 divino
3191 573 3337 618 metu
3365 577 3507 633 prte-

1918 662 2012 714 diti
2037 671 2161 716 sunt
2189 659 2352 730 381
2375 658 2726 728 (principium
2751 655 2896 711 enim
2929 652 3207 724 sapientiae
3233 660 3318 706 est
3343 651 3505 704 timor

1922 752 2133 806 Domini
2167 749 2265 820 “),
2302 767 2396 820 per
2424 763 2519 805 eos
2553 759 2734 804 autem
2766 748 2858 818 qui
2903 744 3250 816 prudentiam
3302 743 3507 806 sciunt,

1919 861 2014 900 eos
2060 846 2152 915 qui
2204 843 2338 913 legis
2383 843 2694 910 cognitione
2744 851 2905 910 atque
2960 839 3208 893 doctrina
3258 834 3508 888 instructi

1921 945 2068 992 sunt.
2105 934 2240 992 Nam
2275 936 2320 990 si
2355 951 2382 988 a
2413 917 2550 990 falso
2586 933 2850 989 idolorum
2879 930 3024 986 cultu
3052 944 3112 984 se
3147 935 3421 989 avertant,
3448 939 3512 978 ac

1922 1027 2166 1084 coelestia
2190 1024 2408 1081 oracula
2430 1034 2756 1095 sequantur,
2782 1039 2963 1079 rerum
2986 1035 3197 1085 earum,
3221 1034 3342 1089 quae
3365 1016 3511 1071 nulla
3545 1051 3550 1056 -

1922 1121 2169 1176 oratione
2219 1119 2481 1188 explicari
2549 1127 2819 1190 possunt,
2878 1115 3163 1171 scientiam
3219 1110 3508 1179 accipient.

1927 1228 1944 1260 ι
1985 1210 2081 1263 Dat
2108 1209 2250 1265 enim
2285 1210 2420 1263 Deus
2463 1209 2785 1278 sapientiam
2814 1204 3150 1274 sapientibus
3172 1243 3186 1268 ,
3214 1221 3233 1253 ι
3275 1203 3374 1255 hoc
3406 1211 3508 1261 est,

1918 1298 2156 1353 divinam
2211 1298 2438 1366 gratiam
2476 1297 2575 1361 iis,
2625 1310 2653 1348 a
2697 1295 2896 1362 quibus
2952 1293 3196 1354 timetur,
3243 1294 3448 1359 prmhet
3496 1305 3509 1340 :

1924 1406 1944 1440 ι
1987 1388 2324 1464 prudentiam
2381 1396 2558 1441 autem
2595 1386 2894 1441 scientibus
2932 1383 3318 1453 prudentiam,
3350 1398 3370 1432 ι
3409 1380 3512 1433 hoc

1921 1487 2023 1542 est,
2053 1478 2356 1535 abditarum
2380 1493 2559 1532 rerum
2580 1478 2940 1547 cognitionem
2970 1475 3074 1538 his,
3096 1475 3186 1543 qui
3212 1471 3511 1542 prudenter

1922 1567 1989 1620 ad
2020 1581 2165 1630 eum,
2193 1567 2286 1636 qui
2316 1582 2402 1621 res
2435 1565 2741 1634 huiusmodi
2776 1563 3084 1633 patefacere
3115 1571 3316 1632 potest,
3371 1574 3506 1614 con-

233 1655 484 1724 fugiunt;
541 1659 620 1713 vel
667 1676 900 1725 rursum,
951 1661 1269 1730 sapientiam
1311 1662 1526 1730 quidem
1574 1660 1640 1716 iis
1674 1659 1768 1730 qui
1823 1657 2032 1726 seipsos
2085 1657 2359 1725 sapienter
2409 1666 2636 1726 regunt;
2699 1655 3055 1734 prudentiain
3107 1669 3235 1710 vero
3289 1654 3356 1708 iis
3412 1653 3505 1720 qui

229 1748 574 1811 prudentiam
631 1755 922 1815 excolunt,
967 1762 1026 1806 ut
1074 1753 1241 1806 anlmi
1291 1753 1527 1808 inductio
1579 1753 1806 1820 gratiam
1849 1749 2122 1813 attrahat,
2155 1761 2219 1802 ac
2246 1762 2352 1801 non
2385 1746 2525 1802 Deus
2580 1746 2724 1802 velut
2753 1747 3042 1802 sdrtitione
3081 1746 3314 1816 quadam
3376 1759 3506 1811 gra-

233 1838 430 1893 tiﬁcari
474 1842 734 1896 videatur.
770 1841 902 1897 Nam
938 1854 1099 1913 prout
1123 1859 1182 1898 se
1209 1845 1439 1913 quisque
1466 1844 1805 1914 przepararlt,
1842 1843 2014 1912 gratia
2044 1853 2256 1911 quoque
2288 1841 2522 1894 advolat.
2555 1839 2664 1894 Aut
2727 1855 2982 1904 rursum,
3024 1839 3280 1908 quoniam
3355 1834 3508 1888 multi

227 1932 396 1985 etiam
433 1935 595 1988 exiis
627 1936 716 2005 qui
756 1936 896 2007 apud
930 1945 1147 1992 exteros
1190 1938 1468 2007 sapientiae
1501 1938 1906 2007 prudentiaeque
1969 1934 2128 1988 laude
2204 1931 2505 1986 ﬂoruerunt
2532 1973 2547 1998 ,
2604 1933 2671 1985 ad
2723 1931 2961 1985 divinam
3050 1931 3508 2000 praedicationem

227 2021 782 2088 accedentes,veram
813 2026 1135 2093 sapientiam
1167 2041 1230 2080 ac
1257 2042 1435 2081 veram
1462 2025 1802 2097 prudentiam
1842 2022 2152 2094 percepturi
2177 2032 2356 2087 erant,
2397 2021 2602 2079 idcirco
2642 2020 2744 2074 hoc
2776 2019 3048 2088 prmisit.

759 2116 902 2171 TIZ'.
941 2145 1014 2156 -—
1050 2116 1270 2172 ΘΕΩΝῘ.

305 2225 420 2296 Οὐχ
447 2227 482 2297 ἡ
507 2225 738 2299 δύναμις
770 2228 929 2298 μόνον
951 2269 965 2293 ,
997 2223 1042 2284 ὦ
1073 2229 1365 2302 θαυμάσιε,
1397 2229 1491 2284 τοῦ
1523 2229 1814 2301 κηρύγμα-

226 2334 361 2384 τος,
402 2317 540 2372 ἀλλὰ
580 2319 675 2373 καὶ
717 2319 747 2372 ό
797 2319 910 2390 βίος
937 2321 1045 2375 τῶν
1075 2323 1451 2393 κηρυττόντων
1498 2321 1812 2393 συμϐαίνων

227 2409 309 2478 τῷ
337 2408 685 2479 κηρύγματι,
722 2410 846 2473 τοὺς
873 2409 1192 2480 ἀνθρώπους
1225 2413 1554 2483 ἐπηγάγετο.
1586 2411 1684 2476 Τίς
1705 2411 1811 2482 γὰρ

229 2496 298 2551 ἂν
330 2497 557 2568 ἐπείσθη
599 2499 926 2570 ἀνθρώποις,
967 2500 1098 2554 ἄλλα
1147 2503 1242 2570 μὲν
1283 2502 1620 2572 φράζουσιν,
1649 2501 1812 2572 ἔτερα

230 2587 288 2640 δὲ
320 2588 681 2658 πράττουσιν;
720 2591 780 2642 El
809 2589 915 2661 γὰρ
953 2591 1048 2644 νῦν
1089 2592 1274 2644 πολλοὶ
1301 2592 1621 2662 ῥιζωθέντες
1649 2594 1707 2644 ὲν
1746 2593 1812 2663 τῇ

231 2677 440 2743 πίστει,
458 2666 532 2732 ’ὲκ
557 2680 649 2732 τοῦ
678 2680 793 2751 βίου
822 2681 928 2732 τῶν
957 2681 1275 2752 ὑφηγητῶν,
1303 2683 1363 2735 οὐ
1394 2683 1553 2752 μόνον
1584 2681 1812 2735 ἐσαλεύ-

231 2767 410 2836 θησαν
435 2809 451 2833 ,
493 2769 628 2822 ἀλλὰ
671 2771 764 2822 καὶ
795 2770 1165 2841 αὐτόπρεμνοι
1217 2771 1679 2840 ἁνεσπάσθησαν·
1731 2770 1814 2833 τίς

231 2858 302 2912 ἂν
338 2853 503 2930 παρᾶ
523 2861 622 2929 τήν
651 2861 825 2932 ἀρχὴν
864 2865 938 2933 μὴ
961 2863 1105 2934 ὀρῶν
1134 2863 1412 2918 πολιτείαν
1441 2867 1556 2927 τοῖς
1583 2863 1812 2932 λεγομέ-

231 2967 348 3014 νοις
382 2951 783 3023 συμσαίνουσαν
813 2955 1072 3026 ὲπείσθη;
1105 2956 1199 3009 καὶ
1238 2955 1430 3019 ταῦτα,
1455 2956 1815 3026 κελευόμενος

230 3043 342 3096 τῶν
363 3043 632 3113 πατρῴων
663 3043 800 3097 θεῶν
817 3048 874 3098 τε
901 3046 996 3099 καὶ
1023 3045 1162 3101 ὲθῶν
1194 3045 1520 3117 ἀποστῆναι,
1547 3048 1640 3100 καὶ
1659 3045 1818 3099 πλοῦ-

228 3151 324 3187 τον
350 3135 449 3205 μὲν
480 3137 573 3189 καὶ
593 3138 802 3209 τρυφὴν
832 3138 927 3191 καὶ
961 3137 1152 3209 ἡδονὴν
1177 3141 1430 3210 μισῆσαι,
1454 3139 1811 3194 ἀσπάσασθαι

228 3225 287 3280 δὲ
309 3228 696 3300 άκτημοσύνην
720 3232 818 3284 καὶ
848 3231 1124 3302 νηστείαν,
1153 3233 1246 3285 καὶ
1279 3232 1526 3300 ἁγνείαν,
1559 3233 1654 3286 καὶ
1678 3231 1816 3303 πρὸς

233 3318 642 3393 καθημερινοὺς
676 3325 1201 3396 παρασκευάσασθαι
1236 3327 1520 3390 θανάτους.

550 3591 705 3646 TlH’.
744 3621 814 3631 —-
852 3593 1114 3664 tman
1152 3596 1474 3664 ΔΙΑΚΟΝῼ.

305 3679 471 3734 Οὒδδν
499 3680 865 3754 δυνατώτερον
901 3685 1134 3753 ἀρετῆς,
1167 3679 1212 3738 ὦ
1253 3686 1540 3755 ὁμώνυμε,
1577 3687 1695 3739 ούδὲ
1726 3704 1817 3740 τυτ-

233 3769 648 3840 ραννικώτερον.
689 3771 834 3843 Αὕτη
883 3771 990 3841 γάρ
1037 3773 1333 3845 ἐλέγχουσα
1362 3776 1460 3838 τὰς
1493 3775 1602 3827 τῶν
1637 3792 1817 3847 πραγ⁴

234 3861 424 3931 μάτων
458 3861 781 3931 μεταϐολὰς,
813 3863 904 3916 ὑπ’
935 3863 1114 3918 αὐτῶν
1142 3864 1461 3935 ἐλέγχεσθαι
1493 3867 1595 3920 οὐκ
1625 3866 1816 3935 ἀνέχε-

229 3967 361 4004 ται·
401 3951 536 4012 ἀλλὰ
581 3954 762 4016 πάσας
791 3954 886 4018 τὰς
916 3955 1071 4024 ἡνίας
1105 3954 1199 4007 τοῦ
1246 3957 1549 4027 πρέποντος
1589 3957 1816 4010 ἐπιϐάλ-

229 4043 399 4097 λουσα
420 4084 433 4110 ,
470 4045 674 4115 ἡνιοχεί
704 4045 797 4098 καὶ
821 4034 942 4113 ἄγει
977 4047 1112 4117 πρὸς
1141 4048 1276 4117 ὅπερ
1306 4047 1573 4116 βούλεται.

492 4154 640 4210 Τιεγ.
677 4187 746 4197 -
786 4158 1142 4229 asumma
1181 4160 1551 4230 ΕΠΙΣΚΟΠῼ.

303 4246 366 4298 EI
395 4246 488 4298 καὶ
524 4248 615 4299 ἐπὶ
647 4248 746 4314 τῆς
778 4247 1070 4313 Εύσεόίου,
1103 4248 1175 4312 ὼς
1208 4250 1509 4320 γέγραφας,
1551 4251 1814 4324 ἀναρχίας

232 4339 366 4407 (τὴν
398 4337 507 4407 γὰρ
546 4338 720 4410 ἀρχὴν
750 4338 912 4392 αὑτοῦ
948 4341 1212 4411 ἀναρχίαν
1242 4342 1466 4404 είκότως
1501 4341 1815 4412 κέκληκας)

228 4428 341 4481 τῶν
366 4428 726 4501 ἐγκλημάτων
752 4430 989 4502 τιμωρία
1013 4435 1356 4500 προηγεῖται,
1377 4429 1471 4483 καὶ
1490 4434 1546 4484 αἱ
1571 4432 1816 4495 κολάσεις

228 4523 362 4584 τοὺς
395 4523 647 4594 ἐλέγχους
682 4524 965 4592 φθάνουσι,
1005 4525 1078 4595 μὴ
1112 4524 1378 4595 θαύμαζε.
1422 4527 1668 4593 Ἀλογὶας
1709 4529 1817 4598 γὰρ

229 4611 308 4665 ὣν
335 4611 580 4685 Θρέμμα,
611 4615 702 4667 καὶ
729 4615 907 4685 πάσης
935 4616 1282 4686 δικαιοσύνης
1311 4617 1574 4686 ἀμύητος,
1610 4620 1812 4688 ταρὰτο

229 4720 348 4758 τειν
391 4705 453 4758 τὸ
488 4707 694 4760 δίκαιον
727 4709 824 4760 οὐκ
865 4710 1031 4762 ὀκνεῖ.
1066 4710 1186 4779 Χρὴ
1232 4708 1342 4780 (59)
1375 4710 1431 4762 δὲ
1472 4712 1570 4778 οὐχ
1600 4709 1807 4774 οὕτως·

2350 2111 2648 2169 lZCCXVlI.
2684 2141 2756 2155 --
2790 2109 3069 2166 THEONI.

2000 2226 2114 2285 Non
2202 2228 2604 2297 praedicationis
2661 2228 2924 2281 duntax..t
3007 2227 3238 2292 virtus,
3306 2225 3510 2283 eximie

1915 2320 2036 2386 vir,
2111 2321 2206 2376 scd
2262 2321 2424 2376 etiam
2483 2320 2892 2390 prtedicantium
2964 2321 3072 2373 vita
3132 2319 3507 2387 praedicationt

1924 2412 2274 2468 consentiens
2343 2411 2624 2468 hominum
2688 2411 2901 2465 animos
2981 2411 3274 2465 alliciebat.
3348 2409 3506 2476 Quis‘

1917 2517 2041 2556 nam
2088 2503 2231 2558 enim
2293 2501 2492 2572 alioqui
2545 2501 2854 2557 hominibus
2913 2499 3057 2556 aliud
3122 2500 3506 2568 loquentibus,

1917 2602 1972 2648 et
2065 2593 2209 2646 aliud
2286 2592 2568 2664 agentibus
2656 2586 2816 2645 Iidem
2907 2589 3288 2645 adhibuisset?
3371 2588 3508 2644 Nam

1922 2699 2046 2738 cum
2081 2699 2222 2738 nunc
2257 2682 2534 2752 permulti,
2569 2681 2705 2736 actis
2734 2681 2846 2750 jam
2881 2681 2935 2734 in
2976 2679 3086 2734 ﬁde
3115 2680 3408 2745 radicibus,
3439 2680 3511 2735 ob

1919 2774 2299 2842 magistrorum
2346 2781 2528 2826 tamen
2580 2771 2747 2824 vitam
2798 2785 2904 2823 non
2957 2770 3115 2823 modo
3153 2769 3462 2824 vacillarint
3492 2809 3509 2834 ,

1921 2880 2108 2919 verum
2130 2866 2294 2918 etiam
2324 2863 2583 2917 radicitus
2614 2862 2784 2917 evulsi
2831 2863 2963 2929 sint,
2994 2863 3266 2933 quisnam,
3302 2877 3510 2931 quaeso,

1918 2958 2022 3011 sub
2076 2957 2288 3010 initium
2326 2956 2493 3010 vitam
2543 2970 2668 3010 cum
2722 2956 3070 3013 sermonibus
3117 2964 3508 3024 congruentem

1919 3046 2142 3100 minime
2188 3046 2520 3115 perspiciens
2565 3048 2632 3099 ad
2674 3047 3007 3101 credendum
3069 3046 3335 3102 adductus
3373 3048 3506 3100 luis.

1920 3136 2042 3190 set?
2074 3133 2240 3206 quue
2272 3151 2394 3192 cum
2441 3137 2684 3206 paternis
2714 3136 2818 3192 diis
2855 3151 2920 3190 ac
2961 3137 3156 3192 ritibus
3215 3139 3510 3194 abscedere

1916 3227 2217 3296 juberetur,
2253 3238 2414 3297 atque
2443 3245 2574 3299 Opes
2617 3231 2837 3300 quidem
2867 3238 2922 3284 et
2967 3231 3209 3296 divitias,
3264 3241 3317 3288 et
3347 3232 3498 3286 volu-

1923 3328 2099 3389 ptates
2128 3319 2256 3374 odio
2295 3321 2570 3390 prosequi,
2626 3331 2999 3391 paupertatem
3043 3331 3224 3376 autem
3272 3334 3322 3377 ct
3387 3323 3502 3377 ine-

1847 3451 1888 3509 c
1922 3411 2066 3466 diam
2105 3421 2161 3468 et
2207 3412 2514 3468 castitatem
2557 3413 2836 3483 amplecti,
2871 3421 3032 3482 atque
3074 3413 3138 3468 ad
3163 3414 3508 3483 quolidianas

1927 3513 2131 3558 ηιοτιοε
2163 3517 2288 3558 8088
2313 3519 2650 3570 comparare.

2164 3593 2486 3650 CCCXVIII.
2521 3623 2591 3636 —-
2619 3593 2898 3650 ISIDORO
2939 3593 3262 3650 DIACONO.

1991 3685 2136 3741 Nihil
2165 3689 2363 3742 virtute
2381 3688 2576 3744 fortius
2607 3698 2713 3754 est,
2735 3690 2814 3743 vir
2841 3689 2972 3743 mihi
3004 3689 3368 3756 cognmninis,
3403 3705 3502 3743 nec

1922 3777 2232 3833 violentius.
2268 3777 2390 3848 Ipsa
2448 3780 2593 3833 enim
2648 3795 2827 3833 rerum
2882 3779 3221 3833 mutationes.
3260 3781 3506 3844 vincens,

1921 3870 1987 3923 ab
2017 3869 2150 3939 ipsis
2181 3869 2323 3924 vinci
2377 3871 2601 3925 minime
2654 3871 2891 3927 sustinet
2918 3889 2930 3924 :
2968 3887 3154 3924 verum
3186 3886 3377 3924 omnes
3408 3869 3504 3923 hu-

1921 3962 2057 4017 ncsti
2085 3978 2148 4017 ac
2174 3961 2356 4017 decori
2393 3962 2632 4016 habenas
2666 3964 2989 4028 immitteus,
3026 3964 3229 4031 aurigae
3277 3978 3505 4016 tnuncre

1926 4050 2186 4122 fungitur,
2213 4050 2468 4120 ducitque
2495 4066 2602 4120 quo
2638 4051 2788 4105 libet.

2149 4161 2429 4217 CCCXIX.
2458 4191 2531 4205 —
2557 4159 2896 4216 ASCLEPIO
2919 4157 3293 4216 ‘EPISCOPO.

1990 4254 2055 4308 Et
2109 4255 2154 4309 si
2211 4256 2426 4325 vigente
2474 4254 2714 4318 Eusebii,
2773 4263 2832 4306 ut
2897 4252 3186 4322 scripsisti,
3246 4255 3506 4308 anarchia

1921 4345 2110 4413 (ipsius
2136 4346 2281 4399 enim
2325 4346 2606 4415 imperium
2653 4344 2967 4397 anarchiam
3010 4344 3150 4398 haud
3191 4344 3288 4398 abs
3317 4359 3373 4399 re
3407 4360 3504 4414 ap-

1922 4437 2156 4505 pellasti)
2205 4438 2434 4492 erimina
2473 4436 2797 4506 snpplicium
2847 4435 3142 4500 antecedit,
3180 4428 3346 4504 atque
3385 4451 3508 4490 cru-

1921 4531 2101 4583 ciatus
2181 4529 2534 4599 probationes
2593 4540 2988 4588 antevertunt:
3049 4549 3116 4587 ne
3166 4541 3340 4584 tamen
3408 4531 3508 4583 hoc

1922 4622 2014 4676 tibi
2049 4623 2356 4676 mirandum
2411 4624 2645 4677 accidat.
2683 4621 2816 4678 Nam
2860 4640 2980 4677 cum
3028 4625 3143 4692 ipse
3176 4621 3505 4676 temeritatis

1921 4722 1974 4765 et
2014 4716 2263 4769 amentia:
2291 4713 2544 4769 almnnus
2576 4717 2668 4778 sit,
2702 4730 2764 4768 ac
2795 4715 3019 4784 justitim
3049 4713 3226 4768 ornuis
3260 4715 3408 4768 rudis
3449 4725 3504 4767 et

230 4794 371 4848 ἀλλὰ
402 4798 513 4860 τοῖς
546 4798 853 4867 ἐγκλήμασι
894 4799 990 4869 τὴν
1026 4799 1204 4867 κρίσιν
1237 4800 1650 4868 συμπεφυκέναι
1671 4840 1684 4862 ,
1721 4801 1816 4852 καὶ

1928 4807 2235 4874 imperitus,
2263 4806 2464 4860 idcirco
2494 4804 2584 4873 jus
2633 4807 2951 4872 perturbare
3003 4806 3224 4859 minime
3260 4816 3497 4858 veretur.

234 4888 376 4956 μετὰ
403 4891 528 4952 τοὺς
575 4891 830 4961 ἐλέγχους
859 4891 955 4962 τὴν
989 4892 1174 4944 πίστιν
1210 4893 1436 4945 ἕπεσθαι
1457 4909 1470 4921 ·
1507 4894 1599 4945 καὶ
1632 4894 1814 4945 τελευ-

231 4979 392 5033 ταίαν
425 4980 526 5049 τὴν
561 4982 741 5052 ψῆφον
777 4982 1063 5052 φέρεσθαι,
1094 4983 1190 5054 τὴν
1221 4983 1314 5037 τοῦ
1335 4985 1682 5055 «tempore;
1715 4986 1814 5054 φύ-

232 5087 350 5136 σιν,
387 5071 584 5142 μέτρον
611 5073 708 5142 τῆς
739 5073 893 5143 δίκης
924 5075 1230 5147 ὁρίζουσαν.

1923 4896 1994 4950 At
2029 4910 2134 4948 non
2180 4897 2251 4948 ita
2299 4893 2601 4948 iaciendum
2674 4903 2758 4948 est
2810 4913 2821 4947 :
2877 4909 3061 4948 verum
3109 4894 3406 4949 curandum
3453 4902 3511 4945 ut

1921 4989 2181 5054 judicium
2216 4987 2536 5041 criminihus
2585 4988 2943 5053 adnascatur,
2975 5003 3037 5040 ac
3070 4997 3192 5062 post
3227 4987 3502 5056 probatio-

1926 5094 2019 5131 nes
2065 5079 2191 5132 lides
2239 5089 2495 5147 sequatur
2547 5097 2557 5131 :
2600 5094 2659 5132 ac
2705 5087 2978 5148 postremo
3027 5079 3290 5133 sententia
3353 5077 3486 5132 l'cra-

237 5173 344 5226 tur,
397 5177 518 5232 qua:
571 5179 667 5234 pro
700 5166 870 5234 culpa:
913 5179 1106 5222 natura
1158 5184 1330 5239 patrne
1383 5172 1595 5225 modum
1635 5172 1944 5227 constituat.

337 5318 375 5346 “
419 5318 576 5370 Prov.
615 5335 650 5382 t,
683 5321 732 5373 7.

1329 5439 1566 5494 VAllIAS
1606 5442 1989 5498 LECTIONES
2031 5443 2118 5498 ET
2159 5442 2388 5498 ΝΟΤίΕ.

311 5585 441 5664 (58).
465 5584 606 5664 Idem
639 5589 757 5664 coll.
793 5599 913 5656 post
954 5592 1305 5662 φοϐουμένοις
1342 5596 1487 5650 addit
1532 5597 1713 5658 αὑτὸν,
1755 5607 1805 5650 cl

241 5672 382 5733 ιϊιε.
432 5659 553 5710 inde
601 5660 760 5733 t_ertio
802 5677 895 5725 pro
936 5659 1360 5733 κατατρέχουσιν
1400 5666 1587 5720 scribit
1639 5685 1803 5720 κατα-

251 5727 560 5793 ξίύγουσιν.
599 5727 810 5784 Possm.

1989 5599 2098 5673 (50)
2145 5598 2245 5652 Pro
2277 5599 2379 5673 χρὴ
2431 5600 2571 5673 idem
2607 5601 2731 5673 cod.
2775 5601 2903 5670 legit
2936 5604 3098 5672 χρῆν,
3129 5612 3183 5656 et
3215 5617 3357 5658 vers.
3406 5617 3501 5673 pe-

1917 5669 2051 5723 nult.
2096 5680 2216 5723 ante
2240 5672 2339 5740 τὴν
2364 5669 2456 5721 τοῦ
2493 5672 2641 5724 addit
2679 5669 2846 5740 7296;.
2877 5675 2952 5724 lo.
