3978 6434
188 358 303 422 985
1063 359 1603 421 EPISTOLARUM
1645 361 1790 422 LIB.
1838 361 1948 420 III.
1989 387 2060 396 -·-
2099 362 2336 422 EI’IS’I‘.
2379 361 2723 424 CCCXXVI.
3374 369 3480 432 986

192 470 475 541 τυγχάνῃ,
513 467 888 540 ποθεινότερόν
935 472 1072 524 ἐστι.
1110 471 1183 522 Τὸ
1224 472 1270 522 δ’
1314 471 1634 542 αὐτομάτως
1677 473 1788 538 (47)

1896 484 2107 541 partum
2149 484 2254 536 est,
2305 475 2557 542 quamvis
2600 477 2801 544 alioqui
2848 477 3104 547 exiguum
3155 478 3246 542 sit,
3273 477 3475 546 jucuu-

195 560 534 632 προσπεσὸν,
568 563 1063 633 εὐκαταφρόνητον,
1099 562 1202 616 κᾶν
1237 564 1457 634 ὑπάρχῃ
1500 565 1659 633 μέγα.

1904 563 2023 614 dius
2051 573 2100 616 et
2127 565 2349 620 suavius
2376 566 2626 620 exsistit:
2654 568 2798 636 quod
2820 577 3001 622 autem
3032 582 3161 622 casu
3199 583 3262 622 ac
3288 578 3482 636 sponte

1896 654 2142 720 contigit,
2182 656 2343 709 etiam
2393 658 2435 710 si
2479 672 2732 727 magnum
2767 657 2857 724 sit,
2895 659 2946 711 in
2975 669 3348 728 contemptum
3383 669 3466 711 ta-

1904 760 2022 797 men
2058 745 2215 799 facile
2246 748 2411 801 venit.

434 859 606 914 TKI".
654 889 720 900 —-
769 855 1016 926 ΖΩΣῙΜῼ
1072 853 1543 924 ΠΡΕΣΒΥΤΕΡῼ.

2050 853 2382 940 ρΟΕΧΧΙΙΙ.
2415 888 2483 899 --
2527 856 2790 914 ZOSIMO
2822 859 3310 915 PRESBITERO.

287 972 512 1042 Ἐπειδὴ
567 972 624 1024 αἱ
676 969 1027 1041 παραινέσεις
1077 968 1306 1036 ῐσχυσαν
1334 966 1514 1027 οὐδὲν,
1550 964 1651 1032 τῆς
1684 965 1781 1031 σῆς

1961 966 2418 1037 Quandoquidem
2454 971 2868 1026 celtortationes
2916 983 3082 1042 atque
3105 975 3329 1028 consilia
3362 979 3480 1030 nul-

203 1044 431 1137 μανίᾶς.
460 1064 560 1133 τῆς
587 1064 716 1134 περὶ
733 1063 831 1133 τὴν
863 1062 1080 1121 κακίαν,
1117 1059 1420 1130 κρείττονος
1453 1056 1789 1127 διορθώσεως

1896 1058 1996 1112 Iam
2033 1060 2141 1112 vim
2192 1061 2540 1126 habuerunt,
2576 1062 2720 1130 quod
2772 1063 2982 1116 scilicet
3041 1063 3305 1119 furiosum
3353 1067 3483 1120 illud

200 1159 526 1229 εὑρεθείσης
549 1198 564 1222 ,
611 1157 691 1219 είς
721 1154 884 1226 εὐχάς
913 1153 1076 1204 πάλιν
1105 1151 1440 1222 τρεπόμεθα.
1477 1150 1578 1218 Είη
1608 1148 1788 1201 τοίνυν

1896 1151 2255 1219 improbitatis
2289 1154 2551 1218 studium,
2577 1169 2683 1220 quo
2710 1153 2933 1223 llagras,
2963 1157 3110 1209 onmi
3137 1161 3484 1214 correctione

203 1250 267 1303 σὲ
295 1249 661 1318 ἀποφοιτῆσαι
690 1248 789 1317 μὲν
819 1245 918 1314 τῆς
954 1244 1157 1313 μανίας
1188 1241 1325 1313 (48),
1357 1242 1438 1304 είς
1458 1239 1583 1294 νοῦν
1612 1238 1667 1292 δὲ
1695 1237 1793 1291 σώ·

1901 1243 2095 1297 l'ortius
2129 1245 2402 1298 inventum
2440 1245 2530 1308 sit,
2559 1247 2625 1299 ad
2667 1256 2788 1300 vota
2835 1262 3049 1301 rursum
3087 1264 3172 1304 me
3200 1263 3483 1305 converto.

204 1358 386 1413 φρονα.
417 1342 590 1410 ἥκειν.

1900 1332 2058 1388 Faxit
2091 1336 2256 1402 igitur
2299 1336 2463 1398 Deus,
2517 1346 2573 1390 ut
2622 1337 2691 1390 ab
2733 1339 2838 1392 hoc
2877 1338 3064 1393 lurore
3101 1339 3386 1403 abscedas,
3428 1359 3490 1397 ac

1902 1427 2222 1493 prudentem
2265 1439 2501 1482 mentem
2533 1429 2745 1482 induas.

414 1545 585 1598 TKA'.
627 1574 694 1583 —-
731 1540 1115 1611 ΣΤΡΑΤΗΓΙῼ
1153 1538 1581 1593 ΜΟΝΑΖΟΝΤΙ.
2078 1537 2402 1594 CCCXXIV.
2433 1571 2502 1579 —
2528 1538 2924 1596 STRATEGIO
2951 1541 3310 1599 MONACllO.

281 1658 345 1710 υί
377 1653 581 1726 ἀρετῆς
612 1652 844 1723 ἐρῶντες
877 1651 971 1704 καὶ
1001 1650 1192 1719 σοφίας
1221 1649 1525 1709 ὲαλωκότες
1545 1691 1558 1712 ,
1594 1648 1794 1720 ἀκόρε-

1977 1653 2079 1722 Qui
2113 1654 2370 1706 virtutem
2415 1664 2625 1717 amant,
2660 1667 2724 1707 ac
2771 1655 3057 1724 sapientiae
3103 1657 3282 1711 studio
3328 1658 3493 1736 383

209 1766 330 1804 στοι
373 1748 480 1817 τὴν.
520 1745 820 1816 ἐπιθυμίαν
879 1744 1065 1806 ὄντες,
1116 1744 1177 1796 οὐ
1225 1742 1651 1812 διαλιμπὰνουσι
1709 1741 1798 1794 τὸν

1907 1754 2178 1809 tenentur,
2214 1743 2530 1812 inexplebili
2569 1743 2810 1810 quadam
2847 1745 3155 1815 cupiditate
3199 1733 3495 1817 ﬂagrantes

210 1842 359 1893 θεῖον
403 1837 586 1892 τοῦτον
623 1836 830 1907 πυρσὸν
877 1839 934 1888 ὲν
983 1837 1194 1897 ἑαυτοῖς
1227 1835 1579 1896 ἀνάπτοντες.
1626 1833 1797 1886 Τοῦτο

1904 1838 2142 1892 divinam
2176 1838 2317 1890 hanc
2345 1839 2514 1892 t'acem
2543 1837 2594 1892 in
2624 1838 2823 1893 animis
2857 1839 2972 1893 suis
2994 1840 3236 1895 excitare
3271 1840 3496 1895 minime

214 1931 320 2002 μὲν
345 1931 502 2002 ἔργον
526 1970 540 1995 ,
573 1929 641 1983 τὰ
671 1929 717 1982 δ’
750 1927 885 1981 ἄλλα.
926 1928 1103 1980 πάντα
1134 1926 1447 1995 νομίζοντες
1487 1921 1626 1978 εἶναι
1651 1927 1796 1996 πάρ-

1907 1929 2293 1994 intermittunt,
2329 1930 2431 1983 huc
2479 1930 2699 1997 quidem
2733 1946 2831 2000 pro
2859 1933 3005 1986 serio
3033 1948 3220 2000 opere,
3257 1933 3362 1986 alia
3400 1948 3498 1985 auo

211 2041 375 2097 ιργα.
428 2022 614 2092 Μικρὰ
663 2020 792 2089 γοῦν
855 2021 1037 2082 αὐτοῖς
1090 2020 1158 2071 τὰ
1195 2022 1306 2080 τοῖς
1356 2019 1535 2081 ἄλλοις
1588 2018 1798 2088 μεγάλα

1908 2033 2011 2075 tem
2043 2022 2223 2074 omnia
2271 2036 2367 2090 pro
2402 2021 2564 2075 rebus
2595 2021 2816 2076 levioris
2859 2037 3039 2092 opera:
3084 2025 3367 2078 ducentes.
3421 2024 3500 2075 At:

214 2112 360 2171 εἶναι
390 2114 648 2168 δοκοῦντα
672 2111 944 2180 φαίνεται,
974 2111 1068 2182 κα).
1097 2110 1296 2178 γελῶσι
1328 2111 1395 2163 τά
1423 2111 1796 2181 περιμάχητα,

1905 2124 2192 2184 prepterea
2222 2128 2384 2181 parva
2421 2112 2551 2181 ipsis
2570 2129 2692 2168 esse
2721 2114 3000 2180 videntur,
3030 2129 3152 2183 qum
3183 2116 3273 2168 alii
3295 2129 3491 2184 magna

216 2209 314 2262 xui
359 2207 592 2260 πατοῦσι
632 2204 703 2257 τὰ
737 2204 1075 2266 άπὸϐλεπτα,
1124 2205 1218 2256 καὶ
1256 2203 1364 2255 τῶν
1413 2204 1803 2274 ὑπερκοσμίων

1905 2206 2162 2274 etampla
2201 2205 2518 2258 existimant
2550 2221 2563 2257 :
2601 2214 2765 2273 atque
2805 2221 2868 2260 ea
2905 2207 2970 2260 de
2999 2207 3196 2276 quibus
3231 2207 3318 2260 alii
3354 2208 3500 2260 inter

219 2298 400 2368 μόνων
439 2297 701 2365 ἐφίενται.
741 2295 832 2361 Είς
861 2297 952 2348 τὸν
991 2295 1231 2349 τοιοῦτον
1259 2294 1438 2348 τοίνυν
1478 2294 1640 2365 χορὸν
1665 2337 1679 2360 ,
1709 2295 1803 2348 καὶ

1908 2310 1967 2349 se
2023 2295 2412 2364 digladiantur,
2467 2294 2601 2348 risui
2639 2295 2863 2362 habent,
2907 2307 2962 2351 et
3011 2312 3131 2364 quae
3185 2297 3273 2350 alii
3319 2298 3499 2366 suspi-

218 2386 386 2450 αὐτὸς
417 2385 632 2438 τελέσαι
672 2386 1089 2458 προῃρημένος,
1139 2385 1440 2453 ἀκοίμητον
1480 2372 1688 2448 δίκαιος
1737 2384 1804 2438 ἂν

1908 2385 2080 2446 ciunt,
2120 2385 2349 2454 pedibus
2389 2385 2734 2454 proculcant,
2771 2387 3131 2457 caelestiaque
3164 2387 3275 2442 sola
3328 2401 3496 2455 expe-

217 2479 340 2550 ιτης
365 2478 425 2532 τὸ
467 2478 570 2548 τῆς
595 2477 777 2548 ψυχῆς
807 2479 960 2547 ὄμμα
995 2478 1338 2547 διατηρῆσαι.

1913 2487 2055 2530 ιιιιιι.
2115 2477 2250 2532 Cum
2302 2478 2470 2548 igitur
2519 2479 2586 2531 ad
2643 2478 2958 2548 huiusmodi
3021 2481 3246 2534 chorum
3303 2493 3501 2533 nomen

219 2586 375 2629 tuum
405 2575 682 2631 ascribere
717 2577 768 2630 in
808 2577 1048 2630 animum
1085 2575 1386 2638 induxeris,
1449 2589 1659 2644 asquum
1704 2575 1948 2643 profecto
2015 2574 2199 2638 fuerit,
2279 2584 2330 2628 te
2374 2576 2679 2630 insomnem
2728 2576 2924 2630 anima:
3009 2575 3229 2630 oculum
3275 2587 3500 2629 conser-

218 2680 372 2720 vare.

698 2753 871 2809 ΤΚΒ.
918 2785 986 2797 —
1032 2755 1323 2826 ΣΕΡΗΝῼ.

2342 2757 2644 2815 CCCXXV.
2681 2789 2752 2800 —-
2779 2758 3073 2814 SERENO.

295 2880 431 2935 Δίαν
455 2877 720 2950 Θαυμάζω
742 2875 859 2940 πῶς
891 2876 1159 2947 πρότερον
1195 2877 1291 2946 μὲν
1311 2877 1378 2930 τὰ
1411 2877 1517 2930 ἴδια
1547 2877 1808 2947 χρήματα

1985 2870 2176 2942 Magna
2231 2847 2320 2926 me
2365 2871 2660 2926 admiratio
2711 2881 2895 2936 tenet,
2951 2871 3045 2940 qui
3105 2869 3219 2934 liat,
3271 2879 3327 2924 ut
3383 2885 3506 2924 cum

220 2977 305 3038 είς
339 2973 439 3042 τὴν
462 2971 648 3039 κοινὴν
681 2969 949 3036 ὠφέλειαν
971 3009 985 3032 ,
1019 2969 1066 3020 οἱ
1096 2967 1175 3038 τῷ
1199 2966 1329 3038 θείῳ
1363 2967 1506 3037 λόγῳ
1542 2967 1810 3037 μαθητευ-

1915 2965 2066 3033 prius
2109 2963 2169 3028 ii,
2199 2965 2292 3032 qui
2347 2965 2531 3018 divino
2577 2979 2831 3019 sermone
2879 2963 3113 3017 instituti
3154 2973 3330 3028 erant,
3376 2977 3510 3030 opes

227 3067 416 3127 θέντες
437 3061 820 3134 προὺτίθεσαν,
853 3062 968 3113 νυνὶ
1001 3060 1058 3112 δέ
1083 3076 1229 3121 τινες
1261 3059 1368 3112 τῶν
1395 3059 1690 3130 ὑφηγητῶν
1719 3059 1810 3110 τοῦ

1917 3071 2046 3110 suas
2075 3055 2142 3109 ad
2182 3070 2528 3111 communem
2567 3057 2858 3110 utilitatem
2909 3057 3316 3125 proposuerint,
3367 3072 3511 3108 nunc

219 3158 381 3225 λόγου
428 3155 522 3225 (οὐ
557 3154 665 3223 γὰρ
707 3151 922 3205 πάντων
989 3149 1466 3222 καταψηφίζεσθαι
1503 3151 1699 3221 θέμις)
1743 3151 1813 3204 τὰ

1916 3159 2110 3202 contra
2145 3149 2390 3202 nonnulli
2419 3163 2484 3204 ex
2516 3149 2788 3203 sermonis
2822 3147 3100 3217 magistris
3127 3157 3181 3200 et
3230 3149 3500 3215 interpre—

220 3249 381 3303 κοινὰ
419 3245 830 3315 σςνετερίζεσοαι
865 3243 1128 3313 τολμῶσι.
1162 3243 1506 3314 Πεποιήκασι
1533 3241 1667 3311 γοῦν
1705 3242 1812 3296 ἀπὸ

1921 3241 2070 3294 tibus
2098 3242 2297 3310 (neque
2324 3243 2470 3295 enim
2502 3255 2692 3295 omnes
2719 3240 3086 3294 condemnare
3123 3239 3204 3292 las
3228 3238 3333 3296 est)
3357 3227 3509 3293 eom-

219 3340 428 3410 ταύτης
464 3339 561 3407 τῆς
587 3336 837 3399 ἀτοπίας,
875 3336 969 3388 καὶ
992 3335 1118 3397 τοὺς
1150 3336 1523 3404 καρποφορεῖν
1549 3334 1813 3398 εἰωθότας

1920 3349 2111 3388 tnunes
2140 3348 2273 3403 opes
2314 3334 2380 3389 ad
2413 3348 2473 3388 se
2523 3340 2776 3387 avertere
2819 3347 2923 3385 non
2961 3343 3278 3386 vereantur.
3323 3331 3507 3400 Itaque

220 3430 631 3501 άποναρκῆσαι.
683 3427 812 3480 Δέον
866 3427 976 3496 γὰρ
1028 3429 1086 3479 ἐν
1141 3429 1207 3497 τῇ
1263 3426 1654 3497 εὐγνωμοσύνῃ
1704 3426 1813 3479 τῶν

1917 3427 1987 3481 ob
2020 3425 2326 3494 huiusmodi
2381 3426 2776 3481 absurditatem
2830 3427 2932 3479 hoc
2975 3425 3299 3488 eﬂ‘eceruut,
3337 3437 3395 3477 nt
3430 3427 3507 3477 illi

221 3523 482 3594 ὑπηκόων
532 3518 856 3574 ἀποκεῖσθαι
901 3519 1027 3580 τοὺς
1077 3518 1178 3588 τῆς
1239 3517 1567 3590 Ἐκκλησίας
1611 3516 1814 3588 equae.

1917 3520 2103 3580 etiam.
2135 3520 2226 3586 qui
2279 3517 2479 3573 oﬂerre
2509 3527 2928 3580 consueverant,
2964 3517 3326 3586 elanguerint.
3374 3517 3510 3571 Nam

228 3613 352 3677 οοὺς
373 3652 388 3677 ,
419 3609 580 3664 τοῦτο
610 3610 670 3664 οὺ
707 3607 1048 3681 συγχωροῦσι
1082 3609 1348 3677 γίνεσθαι.

1920 3627 2042 3666 cum
2096 3609 2359 3665 Ecclesia)
2403 3611 2694 3665 thesauros
2749 3611 2802 3664 in
2847 3609 3195 3664 subditorum
3241 3608 3512 3677 probitate

1109 3689 1122 3700 ’
1920 3699 2200 3768 animique
2247 3699 2487 3753 candore
2549 3701 2864 3755 reconditos
2899 3713 3021 3754 csse
3068 3707 3339 3768 oporteat,
3408 3699 3511 3755 hoc

1921 3793 2021 3861 ipsi
2061 3790 2174 3846 fieri
2204 3792 2426 3846 minime
2462 3791 2666 3847 sinunt.

675 3914 864 3980 ritq'.
918 3942 990 3954 -
1037 3912 1124 3984 τι)
1169 3910 1373 3977 arra.
2367 3901 2791 3957 cccxxv1.—
2823 3904 3074 3964 EIDEM..

298 4028 363 4082 Εί
392 4029 440 4081 oi
488 4026 810 4098 ίερωμένοι,
843 4029 938 4080 καὶ
981 4029 1029 4080 οἱ
1063 4027 1204 4095 ὑπὲρ
1237 4018 1312 4079 ὧν
1347 4027 1379 4096 ἠ
1417 4025 1687 4096 ἱερωσύνη
1728 4041 1814 4076 τε⁶

1997 4013 2054 4069 Si
2086 4012 2143 4077 ii,
2177 4011 2268 4080 qui
2298 4011 2472 4065 sacris
2497 4011 2784 4066 ordinibus
2825 4012 3021 4065 initiati
3060 4022 3204 4078 sunt,
3237 4020 3291 4066 et
3319 4010 3374 4071 ii,
3411 4024 3509 4079 pro

223 4120 400 4174 λεῖται
439 4123 498 4174 ὲν
527 4122 640 4182 τοῖς
672 4119 877 4182 αὐτοῖς,
917 4119 1003 4182 τίς
1043 4118 1352 4184 ὲξιλάσεται
1395 4117 1453 4170 τὸ
1479 4118 1666 4183 Θεῖον;
1694 4119 1815 4188 Χρὴ

1921 4106 2119 4173 quibus
2177 4102 2471 4158 sacerdotii
2521 4118 2716 4157 munus
2758 4103 2968 4166 obitur,
3017 4102 3070 4154 in
3114 4102 3306 4155 iisdem
3353 4101 3514 4155 rebus

225 4213 409 4266 τοίνυν
439 4213 496 4263 ἐν
534 4210 632 4280 μὲν
659 4211 779 4273 ταῖς
818 4210 925 4262 τῶν
955 4209 1274 4280 ἀρχομένων
1303 4208 1548 4278 γνώμαις
1590 4210 1817 4261 ἀποκεῖ-

1922 4207 2233 4262 versantur,
2261 4198 2514 4266 quisnam
2553 4195 2798 4250 divinum
2825 4197 3040 4251 Numen
3071 4192 3346 4263 placabit?
3371 4192 3514 4258 Quo-

229 4303 356 4357 σθαι
394 4302 520 4363 τοὺς
551 4301 658 4353 τῶν
697 4300 946 4368 πενήτων
975 4299 1306 4371 θησαυροὺς,
1350 4302 1476 4362 τοὺς
1508 4300 1552 4352 δ’
1587 4301 1817 4371 ἱερωμέ-

1924 4295 2071 4348 circa
2104 4306 2237 4359 opus
2260 4299 2343 4346 est.
2375 4300 2433 4343 nt
2460 4302 2762 4359 pauperum
2792 4285 3036 4341 thesauri
3069 4287 3121 4341 in
3161 4285 3507 4340 subditoru-u

227 4410 357 4456 νους
401 4395 468 4462 τῇ
525 4391 808 4462 ἱερουργία
864 4392 1001 4463 μόνῃ
1057 4390 1368 4460 σχολάζειν,
1409 4392 1497 4445 ἵνα
1540 4391 1817 4463 δυνηθεῖεν

1927 4382 2123 4436 animis
2152 4389 2206 4435 et
2235 4380 2513 4434 voluntate
2548 4379 2937 4443 recondantur,
2983 4377 3297 4432 sacerdotes
3325 4384 3507 4428 autem

227 4482 458 4554 εὐμενὲς
491 4483 552 4535 τὸ
580 4483 735 4536 Θεῖον
779 4485 989 4545 ἑαυτοῖς
1024 4501 1080 4535 τε
1118 4485 1212 4536 καὶ
1243 4487 1354 4546 τοῖς
1387 4483 1651 4553 ὑπηκόοις
1687 4485 1817 4538 καθ-

1926 4484 2282 4530 sacrosancto
2315 4475 2584 4526 duntaxat
2627 4471 2936 4526 ministerio
2969 4471 3100 4523 dent
3137 4482 3358 4537 cperam
3409 4486 3420 4519 :
3459 4475 3516 4517 ut

232 4575 413 4644 ιστᾷν.
467 4575 529 4627 El
578 4575 636 4628 δὲ
668 4574 932 4644 θεώμενοι
981 4577 1027 4627 οί
1060 4575 1179 4628 λαοὶ
1214 4577 1340 4638 τοὺς
1384 4576 1482 4645 τὴν
1521 4575 1817 4647 ίερωσύνης

1928 4567 2122 4628 Deum,
2159 4575 2270 4619 tum
2300 4565 2402 4619 sibi
2437 4564 2594 4632 ipsis,
2633 4570 2746 4616 tum
2798 4561 3030 4616 subditis
3062 4559 3355 4628 propitium
3389 4556 3513 4608 red-

229 4667 515 4734 ἁγιστείαν
561 4667 1017 4737 κεκληρωμένους
1039 4707 1052 4730 ,
1092 4668 1268 4720 πάντα
1301 4667 1370 4719 τὰ
1405 4666 1635 4736 βιωτικὰ
1663 4684 1817 4737 μετα·

1924 4658 2074 4713 dant.
2107 4659 2163 4712 Si
2199 4671 2327 4712 vero
2355 4656 2536 4724 populi
2570 4671 2684 4718 cos,
2716 4657 2807 4724 qui
2839 4652 3134 4710 sacerdotii
3169 4650 3517 4704 sanctitatem

231 4759 664 4829 χαριζομένους,
698 4736 1060 4828 ἐξήμϐλωσαν
1088 4760 1187 4829 τὴν
1209 4759 1514 4823 εὐλάϐειαν,
1545 4761 1646 4812 οὐκ
1666 4736 1817 4812 ἔστιν

1932 4748 2108 4802 sortiti
2143 4757 2298 4811 sunt,
2347 4747 2531 4800 omnia
2576 4760 2663 4808 ea,
2697 4760 2818 4813 quae
2859 4747 2926 4797 ad
2968 4745 3106 4795 hanc
3141 4740 3306 4793 vitam
3347 4736 3515 4807 periis

233 4847 422 4909 αὐτοῖς
450 4845 703 4900 τοσοῦτον
732 4846 1073 4916 μέμψασθαι,
1107 4848 1230 4899 ὅσον
1257 4846 1488 4909 ἐκείνοις
1513 4847 1624 4908 τοῖς
1654 4845 1817 4914 ὲμπὸι

1933 4848 2084 4902 nent,
2135 4846 2372 4890 tractare
2418 4846 2582 4904 atque
2622 4834 3012 4887 administrare
3065 4828 3474 4897 conspicientes
3503 4867 3516 4888 ,

237 4954 392 5010 ροις,
424 4939 516 4991 καὶ
555 4938 1015 5010 παλιγκαπήλοις,
1053 4939 1147 4990 καὶ
1189 4940 1369 4991 πᾶσαν
1409 4937 1622 4989 κινοῦσι
1655 4955 1817 5006 πραγ-

1936 4930 2238 4998 religiosam
2272 4929 2523 4997 pietatem
2569 4935 2949 4987 excusserunt,
2985 4940 3090 4976 non
3135 4931 3241 4975 tam
3289 4921 3389 4989 ipsi
3425 4938 3518 4972 ut:-

239 5027 469 5098 ματείας
503 5028 622 5081 ὁδὸν
657 5027 860 5083 ἄδικον.
899 5028 960 5081 Εί
1004 5027 1113 5098 γὰρ
1146 5026 1216 5080 τὰ
1250 5027 1372 5080 καθ’
1420 5027 1644 5089 ἑαυτοὺς
1679 5021 1817 5080 οὗτοι

1934 5021 2161 5077 cusandi
2204 5031 2531 5090 suut,quam
2587 5018 2960 5088 negotiatores
2989 5015 3066 5068 illi
3104 5025 3269 5081 atque
3318 5025 3511 5078 caupo-

233 5118 660 5188 διορθώσονται,
696 5120 852 5182 ἐλπίς
889 5123 1005 5173 ἐστι
1045 5120 1140 5172 καὶ
1163 5120 1231 5172 τὰ
1259 5119 1367 5172 τῶν
1403 5119 1548 5172 λαῶν
1577 5117 1817 5187 ἕψεσθαι.

1936 5131 2052 5177 nes,
2083 5115 2174 5184 qui
2223 5114 2464 5183 iniquam
2534 5126 2752 5166 onmem
2808 5119 2865 5164 et
2905 5108 3234 5164 sceleratam
3273 5112 3518 5173 questus

239 5212 473 5268 faciendi
539 5216 804 5270 rationem
839 5215 1045 5271 ineunt.
1117 5215 1252 5269 Nam
1298 5216 1343 5270 si
1392 5216 1492 5286 ipsi
1535 5230 1718 5270 mores
1759 5227 1888 5269 suos
1927 5211 2288 5276 correxerint,
2339 5224 2460 5281 spes
2512 5217 2597 5264 est
2651 5207 2863 5276 plebem
2915 5215 3135 5274 quoque
3210 5207 3521 5257 secuturam

240 5320 384 5362 esse.

1348 5420 1580 5477 VARle
1619 5418 2005 5476 LECTIONES
2041 5417 2129 5474 ET
2179 5415 2414 5474 ΝΟΤᾹΞ.

243 5574 321 5633 ὧν
368 5577 550 5648 μέντοι
585 5579 873 5650 πρόχειρος
912 5583 940 5634 ὁ
992 5578 1282 5650 πορισμὸς,
1318 5577 1582 5650 τοῦτωνγῂ
1631 5579 1817 5650 κτῆσις

1968 5574 2118 5650 *(4⁵7)
2159 5572 2291 5626 Cod.
2333 5570 2449 5626 Vat.
2491 5569 2596 5624 650
2629 5584 2726 5639 pro
2783 5565 3113 5638 αὐτομάτως
3170 5562 3348 5619 solum
3393 5554 3520 5630 legit

245 5597 321 5633 ων
368 5597 550 5648 μεντοι
585 5597 775 5648 προχει
820 5597 873 5643 ος
912 5597 940 5634 ο
992 5597 1282 5650 πορισμος,
1318 5597 1522 5631 τουτων
1549 5597 1582 5647 η
1631 5597 1817 5647 κτησις

245 5651 739 5719 εὐκαταφρόνητος.
765 5597 1063 5716 {enophon
1097 5648 1274 5702 l’wdia
1304 5649 1430 5715 Cyri
1459 5663 1476 5700 :
1515 5649 1722 5719 Ἐκεῖνο
1740 5647 1817 5698 δεῖ

2005 5597 2118 5646 με)
2159 5597 2264 5626 uuu

1929 5641 2019 5719 αὖἶ
2055 5644 2264 5719 Possim.

247 5708 722 5789 καταμαθεῖνξὸτῖ
765 5708 1004 5789 τοσούτῳ
1037 5719 1251 5786 τάγαθὰ
1290 5708 1488 5788 μᾶλλον
1514 5717 1819 5789 εὐφραίνει,
2004 5714 2114 5786 (68)
2158 5713 2302 5771 Idem
2347 5713 2490 5778 cod.,
2535 5709 2752 5774 κακίας.
2795 5708 2876 5763 lt).

246 5790 357 5852 ὅσῳ
389 5773 453 5843 ἂν
475 5773 672 5844 μᾶλλον
691 5774 1038 5854 προπονήσας
1057 5773 1140 5852 τις
1160 5791 1244 5842 ἐπ’
1271 5773 1410 5844 αὐτὰ
1442 5773 1632 5842 ﬁniat...
1654 5785 1817 5842 “ITT.
