3978 6478
484 349 585 414 987

552 558 668 630 Etsi
706 571 870 627 Musis
906 570 1009 643 legi
1067 571 1308 627 innitens
1344 580 1625 639 acceptam
1678 568 1932 640 iniuriam
1966 567 2049 623 ul.

484 666 615 721 cisci
636 664 986 730 constituisti,
1010 664 1141 720 illud
1163 672 1342 719 tamen
1371 663 1510 718 scito
1544 662 1663 718 ﬁeri
1684 662 1848 716 etiam
1868 675 2048 731 posse,

485 770 543 812 ut
576 758 668 829 qui
704 757 920 812 modum
959 757 1012 810 in
1048 756 1363 812 ulciscendo
1403 755 1644 821 excedit,
1678 753 1930 823 injuriam
1968 753 2049 805 in-

485 850 641 905 ierat.
676 847 812 904 Nam
845 864 968 904 cum
1000 849 1272 919 quispiam
1321 846 1556 916 majores
1586 846 1797 901 delictis
1830 845 2046 923 cr.ucia-

482 948 572 994 tus
597 939 783 1002 infert,
819 952 1030 992 rursum
1068 936 1284 1006 injuria
1327 949 1528 1007 auspex
1566 942 1669 990 est.
1706 933 1785 988 Ac
1821 934 2053 1004 proinde

484 1027 682 1083 melius
704 1024 919 1097 quidem
946 1036 1117 1095 atque
1167 1024 1476 1080 consultius
1503 1022 1664 1079 fuerit
1714 1022 1918 1077 illatam
1968 1023 2051 1077 in--

478 1116 955 1188 iuriamminlme
1016 1116 1250 1183 referre,
1285 1131 1469 1171 verum
1518 1114 1684 1169 animi
1738 1114 2050 1185 patientiam

484 1208 742 1264 adhibere
770 1229 784 1263 :
818 1222 923 1279 non
951 1217 1132 1269 tamen
1165 1207 1407 1277 ineptum
1438 1214 1600 1276 atque
1646 1204 1960 1270 absurdum,
1991 1215 2051 1259 ut

483 1300 572 1369 qui
598 1300 894 1369 patientem
933 1301 1176 1355 animum
1213 1306 1473 1369 prastare
1507 1299 1736 1365 nesciat,
1763 1298 2055 1353 mediocri-

483 1398 569 1447 ter
605 1405 725 1446 sese
750 1390 1060 1447 ulciscatur.
1112 1388 1249 1445 Nam
1280 1406 1324 1446 si
1358 1390 1410 1446 id
1447 1390 1735 1446 immodice
1766 1390 1877 1456 ﬂat,
1906 1404 2051 1455 eum,

491 1483 583 1551 qui
628 1491 903 1553 acceptam
946 1483 1199 1553 injuriam
1229 1483 1490 1548 vindicat,
1521 1483 1587 1537 ad
1633 1481 1795 1545 illius,
1818 1482 1918 1552 qui
1971 1480 2052 1535 la-

484 1575 705 1629 cessivit
758 1576 983 1647 gradum
1034 1575 1369 1632 transmittit.
1416 1576 1594 1649 Acde
1642 1574 1727 1630 his
1766 1574 2049 1629 hactenus.

482 1665 619 1720 Illud
661 1676 841 1722 autem
888 1667 1231 1737 neignores,
1267 1666 1351 1720 vir
1393 1666 1631 1736 sapiens,
1679 1663 2051 1735 legislatorem

1669 349 1731 409 S.
1774 347 2064 409 ISIDORI
2100 344 2536 407 PELUSIOT/E

552 455 897 546 CCC-XXVll.
933 485 1000 498 --
1033 453 1427 513 STRATEGIU
1477 452 1974 511 SCHOLASTICO.
2076 462 2123 517 Α

2329 452 2504 507 TKZ'.
2548 479 2617 492 -
2654 451 3040 523 erumna
3077 448 3547 525 sxoumtte.

2229 568 2293 641 El
2324 567 2419 621 καὶ
2445 566 2526 638 τῷ
2561 568 2710 638 νόμῳ
2746 566 3024 630 Μωῦσέως
3058 562 3503 639 ἐπερειδόμενος,
3530 562 3741 635 ἀμύνα-

2159 656 2283 709 σθαι
2318 656 2543 726 διέγνως
2563 675 2577 690 ·
2624 656 2740 711 ἀλλ’
2775 656 2883 711 ίσθι
2925 657 3006 710 ὃτι
3040 656 3159 711 ἔστι
3187 658 3284 711 καὶ
3315 658 3577 729 ἀμέτρως
3608 658 3757 727 ἀμυο

2157 747 2380 818 νόμενον
2405 748 2631 803 ἀδικεῖν.
2660 749 2830 803 Ὅταν
2852 749 2959 818 γάρ
2980 765 3064 811 τις
3084 748 3313 819 μείζους
3336 749 3447 802 τῶν
3470 749 3741 818 πταισμά-

2156 857 2264 894 των
2303 841 2541 913 ἐπιφέρῃ
2569 840 2670 905 τάς
2714 842 3012 913 τιμωρίας,
3056 841 3311 912 δεύτερον
3347 842 3511 912 ἄρχει
3553 840 3736 894 πάλιν.

2155 932 2361 987 Οὐκοῦν
2388 934 2609 1005 ἄμεινον
2643 934 2742 1005 μὲν
2772 934 2833 1007 τὸ
2866 935 2941 1005 μή
2975 931 3323 1004 ἀμύνασθαι,
3353 933 3495 988 ἀλλά
3534 933 3743 1003 φιλοσοο

2146 1028 2277 1093 ιφεῖν
2302 1043 2313 1056 ·
2342 1024 2442 1079 οὐκ
2462 1024 2725 1081 ἀπίθανον
2750 1025 2861 1097 (49)
2881 1025 2937 1080 δὲ
2964 1026 3055 1080 καὶ
3082 1026 3143 1080 τὸ
3163 1026 3474 1096 ἀμύνεσθαι
3506 1026 3741 1096 μετρίως

2154 1115 2247 1168 τὸν
2280 1115 2589 1185 φιλοσοφεῖν
2622 1116 2697 1186 μὴ
2722 1117 3105 1186 επιστάμενον.
3139 1115 3213 1168 Τὸ
3240 1115 3351 1185 γὰρ
3381 1115 3644 1185 ἀμέτρως
3666 1115 3743 1175 εἰς

2158 1208 2256 1280 τὴν
2283 1207 2377 1261 τοῦ
2403 1207 2461 1272 ἐξ
2494 1208 2666 1279 ἀρχῆς
2697 1208 3013 1273 ἀδικοῦντος
3042 1206 3196 1274 τάξιν
3247 1208 3621 1277 παραπέμπει
3653 1206 3743 1257 τὸν

2156 1300 2517 1370 ἀμυνόμενον.
2548 1300 2658 1354 Καὶ
2686 1299 2857 1355 ταῦτα
2888 1302 2984 1373 μὲν
3012 1303 3093 1366 είς
3118 1300 3397 1355 τοσοῦτον.
3431 1299 3528 1369 Μὴ
3561 1299 3744 1367 ἀγνόει

2151 1392 2238 1457 δὲ,
2266 1385 2312 1445 ὧ
2346 1392 2499 1460 accpi,
2542 1390 2676 1455 ώςό
2705 1390 3000 1463 νομοθέτης
3039 1394 3243 1463 Μωσῆς
3283 1389 3743 1462 προαναστέλλων

2149 1482 2257 1536 τῶν
2310 1483 2576 1538 Ἰουδαίων
2618 1483 2717 1555 τὴν
2744 1484 3048 1540 ἀκάθεκτον
3099 1486 3277 1557 ὁρμὴν
3307 1488 3324 1547 ί
3342 1486 3433 1538 ἴνα
3469 1482 3623 1552 φόϐῳ
3652 1479 3743 1534 τοί

2154 1574 2347 1657 παθεῖν
2392 1575 2468 1648 μὴ
2522 1574 2819 1647 δράσοιεν),
2857 1576 3016 1631 τοῦτο
3058 1575 3412 1647 συνεχώρησε
3464 1574 3668 1646 μᾶλλον
3708 1573 3742 1643 ἢ

2154 1668 2459 1725 εθέσπισεν.

483 1754 734 1825 Mosem,
765 1756 1085 1813 ellrenatum
1121 1756 1429 1813 Judaeorum
1495 1757 1752 1828 impetum
1784 1757 2163 1825 reprimentem
2202 1765 2331 1832 (quo
2398 1764 2649 1821 videlicet
2715 1766 3052 1835 perpetiendi
3082 1776 3226 1827 metu
3285 1767 3357 1822 ab
3441 1763 3746 1822 inferendis

480 1852 699 1921 injuriis
724 1852 1147 1923 deterrerentur)
1191 1853 1294 1909 hoc
1332 1854 1509 1924 potius
1549 1851 1877 1923 permisisse,
1910 1870 2072 1925 quam
2114 1861 2379 1923 sanxisse.

665 1964 831 2038 38E.
861 1964 1225 2024 CCCXXVIH.
1259 1998 1329 2010 —
1358 1966 1565 2023 AETIO
1601 1966 1858 2025 COMITI.

558 2077 659 2143 Qui
686 2078 773 2144 iis,
809 2094 838 2133 a
874 2079 1072 2148 quibus
1117 2082 1349 2150 primum
1379 2080 1645 2139 beneﬂcio
1678 2079 1855 2137 εσθαι
1902 2091 2050 2150 sunt,

483 2169 702 2224 etiamsi
756 2169 830 2223 illi
873 2172 1095 2226 minime
1144 2187 1297 2239 aqua
1338 2181 1544 2241 petant,
1581 2174 1833 2229 omnibus
1868 2184 2050 2230 tamen

483 2261 539 2314 in
591 2263 750 2315 rebus
795 2261 1162 2317 obsecundare
1204 2274 1475 2333 satagunt,
1509 2278 1630 2318 meo
1667 2264 1870 2335 judicio
1926 2281 2055 2337 pec-

486 2361 637 2419 cant,
671 2355 951 2421 quamvis,
982 2354 1107 2408 dum
1144 2356 1341 2425 iniqua:
1382 2357 1456 2409 rei
1496 2356 1785 2426 participes
1812 2371 1871 2413 se
1912 2372 2054 2427 pra-

484 2446 637 2509 bent,
669 2444 880 2511 culpam
907 2459 1059 2499 suam
1094 2446 1266 2501 altero
1302 2446 1425 2516 jure
1459 2446 1712 2505 obvelare
1740 2449 2053 2520 videantur,

487 2546 678 2601 nempe
704 2535 843 2600 quod
867 2534 954 2598 iis,
976 2548 1003 2586 a
1030 2536 1223 2604 quibus
1247 2535 1565 2591 beneficium
1590 2539 1924 2607 acceperint,
1941 2554 2060 2611 gra-

486 2622 617 2675 tiam
660 2623 976 2691 rependant.
1016 2626 1084 2679 At
1114 2640 1239 2680 vero
1272 2627 1533 2682 convenit
1574 2638 1631 2683 ut
1664 2630 1753 2697 qui
1792 2629 2060 2686 beneficio

486 2711 721 2771 affectus
744 2726 850 2781 est,
881 2716 952 2770 ita
983 2717 1307 2779 beneﬁcium
1350 2719 1567 2785 referat,
1602 2731 1658 2774 ut
1692 2721 1744 2775 in
1783 2721 1941 2778 bonis
1978 2732 2059 2777 at-

2515 1974 2697 2029 TKH".
2738 2004 2809 2015 --
2843 1972 3049 2045 ΔΕΤῘῼ
3086 1973 3389 2028 ΚΟΜΗΤΙ.

2231 2084 2296 2137 Οί
2328 2085 2439 2148 τοῖς
2471 2085 2530 2152 ἐξ
2559 2085 2735 2155 ἀρχῆς
2759 2085 3189 2157 εὐεργετήσασιν
3248 2084 3334 2147 εἰς
3368 2084 3593 2139 ἅπαντα
3621 2101 3747 2137 κατ-

2159 2174 2472 2229 ακολουθεῖν
2512 2176 2929 2240 σπουδάζοντες,
2957 2173 3060 2228 κάν
3096 2173 3171 2245 μὴ
3207 2173 3392 2226 δίκαια
3420 2174 3621 2226 ἐκεῖνοι
3666 2174 3749 2226 αι-

2158 2270 2329 2334 τοίεν,
2376 2270 2713 2341 ἁμαρτάνειν
2751 2287 2844 2342 μοι
2887 2266 3144 2322 δοκοῦσι·
3190 2266 3291 2321 κάν
3318 2267 3526 2321 δοκῶσι
3562 2282 3750 2320 κοινω-

2162 2359 2376 2424 νοῦντες
2408 2362 2470 2414 οὐ
2506 2362 2701 2432 δικαίῳ
2735 2362 3043 2433 πράγματι,
3076 2360 3272 2432 δικαίῳ
3302 2361 3477 2430 ἑτέρῳ
3510 2358 3622 2429 (50)
3652 2374 3749 2410 πε-

2169 2452 2462 2518 ριστέλλειν
2516 2454 2615 2525 τὴν
2680 2454 2917 2525 μέμψιν,
2982 2452 3061 2526 τῷ
3117 2452 3447 2523 ἀμείϐεσθαι
3501 2452 3631 2515 τοὺς
3685 2444 3747 2504 εὖ

2168 2544 2520 2612 ποιήσαντας.
2552 2544 2674 2615 Χρὴ
2712 2544 2769 2599 δὲ
2796 2544 2889 2597 τὸν
2933 2538 2993 2597 εὖ
3032 2542 3274 2596 παθόντα
3318 2542 3661 2595 ἀντευποιεῖν
3690 2542 3749 2593 ἑν

2166 2632 2350 2697 καλοῖς
2392 2633 2751 2705 ἀμειϐόμενον
2777 2674 2791 2699 ,
2837 2635 2937 2689 οὐκ
2970 2637 3028 2689 ὲν
3058 2637 3250 2697 κακοῖς
3298 2640 3745 2705 συμπράττοντα.

2166 2724 2315 2797 Δῦτη
2347 2726 2455 2794 γὰρ
2484 2726 2585 2780 οὐκ
2609 2726 2757 2781 εστιν
2785 2727 3016 2799 ἀμοιϐὴ,
3050 2726 3164 2781 ἀλλ’
3196 2726 3399 2781 ἀδικία.

487 2816 591 2870 que
635 2803 875 2860 honestis
913 2808 1073 2862 rebus
1116 2822 1261 2872 eum,
1285 2810 1440 2879 cujus
1486 2809 1747 2864 beneficio
1776 2826 1907 2867 usus
1936 2822 2040 2878 est,
2070 2828 2470 2885 remuneretur,
2503 2832 2611 2871 non
2645 2827 2827 2874 autem
2854 2819 2910 2874 in
2936 2818 3093 2875 malis
3143 2833 3361 2889 operam
3413 2818 3513 2887 ipsi
3564 2824 3741 2871 navet.

488 2892 614 2947 llzec
642 2895 785 2949 enim
817 2911 920 2949 non
951 2896 1314 2952 remuneratio
1340 2905 1440 2958 est,
1475 2898 1569 2952 sed
1614 2897 1898 2965 injustitla.

598 3007 919 3065 cccxxrx.
948 3040 1013 3052 .-
1054 3007 1415 3086 ιιιοιιιιιιο
1459 2996 1945 3069 passam-mo.

487 3101 555 3159 In
599 3102 754 3166 illud,
790 3119 808 3152 ι
845 3098 1073 3155 Cantate
1119 3099 1347 3155 Domino
1394 3102 1660 3157 canticum
1701 3119 1891 3158 nouunt
1927 3104 1994 3157 ".
2033 3123 2052 3157 ι

562 3216 682 3283 Quo
708 3225 950 3284 tempore
992 3215 1231 3285 pestiferi
1264 3216 1540 3272 daemones
1567 3231 1675 3271 una
1716 3232 1837 3277 cum
1887 3220 2059 3289 impe-

491 3318 672 3363 ratore
709 3322 806 3361 suo
837 3306 1048 3361 diabolo
1096 3306 1230 3360 nihil
1277 3308 1330 3361 in
1368 3308 1560 3363 ordine
1595 3322 1819 3365 manere
1858 3310 2062 3379 permi—

490 3406 699 3467 serunt,
743 3413 930 3455 vernm
972 3398 1118 3452 omni
1161 3398 1463 3468 iniquitatis
1505 3414 1570 3455 ac
1609 3401 1921 3470 rapacitatis
1972 3414 2065 3472 ge-

491 3506 620 3547 nere
654 3503 712 3545 se
761 3490 1171 3558 irtgurgitnntcs,
1210 3502 1309 3543 nec
1349 3489 1512 3545 ullam
1558 3490 1900 3546 contumeliae
1942 3506 2054 3547 suae

492 3591 656 3650 atque
717 3578 1029 3648 petulantia:
1078 3580 1392 3634 satietatem
1448 3591 1824 3649 agnoscentes,
1854 3593 2060 3638 morta-

494 3668 572 3723 les
594 3668 645 3721 in
677 3667 937 3721 malorum
969 3678 1272 3723 extremum
1310 3670 1688 3737 compulerunt
1714 3687 1728 3723 :
1766 3678 1881 3723 tum
1912 3685 2061 3737 vero,

494 3767 632 3823 tum,
661 3758 903 3827 inquam,
945 3758 1034 3812 ille
1061 3759 1302 3813 omnium
1339 3775 1454 3821 rex.
1484 3769 1540 3815 et
1564 3771 1823 3831 paternus
1854 3775 2055 3825 sermo,

493 3848 635 3919 quod
660 3858 714 3903 et
754 3849 966 3903 illorum
1004 3851 1345 3919 tyrannidem
1378 3852 1605 3917 odisset,
1635 3861 1689 3907 et
1720 3852 1914 3907 borum
1953 3853 2056 3905 mi-

492 3940 635 3995 seria
666 3949 1123 4003 commoveretur,
1146 3940 1439 3995 bumanam
1462 3951 1719 4009 naturam
1754 3941 1978 3996 subiens
2008 3944 2070 3996 in

493 4029 612 4086 acie
643 4030 814 4084 stetit.
844 4029 1033 4097 Itaque
1066 4040 1264 4099 tropaea
1297 4032 1491 4100 partim
1512 4031 1623 4100 jam
1660 4030 2058 4094 statuebantur,

494 4120 694 4190 partim
754 4120 1122 4192 erigebantur,
1169 4121 1364 4191 partim
1403 4120 1459 4175 in'
1500 4135 1595 4190 spe
1636 4132 1795 4176 erant
1838 4139 1852 4175 :
1895 4132 2058 4191 atque

493 4211 841 4268 barbaricum
890 4212 1106 4283 quidem
1159 4212 1459 4267 daemonum
1520 4226 1709 4282 agmen
1772 4228 1874 4266 una
1939 4228 2061 4265 cum

498 4319 599 4360 suo
649 4305 787 4360 duce
840 4286 1181 4375 calamitates
1225 4318 1352 4359 suas
1386 4304 1702 4373 deplorabat
1752 4320 1767 4357 :
1829 4309 2062 4359 lrtltnanu

499 4405 679 4452 autem
716 4406 909 4452 natura
953 4396 1020 4451 ad
1065 4396 1368 4451 libertatem
1411 4408 1669 4467 tanquam
1724 4398 2059 4467 postliminio

498 4490 837 4546 recurrebat.
868 4488 1056 4562 anue
1090 4493 1155 4546 de
1181 4506 1348 4546 causa
1386 4488 1706 4547 Psalmistes
1758 4491 1845 4555 iis,
1879 4492 1969 4559 qui
2005 4491 2057 4544 in

2352 3018 2528 3072 TKO’.
2588 3047 2657 3059 --ι
2711 3019 3027 3090 ΜΔΚΛΡῙῼ
3083 3019 3559 3093 ΠΡΕΣΒΥΤΕΡῼ.

2239 3106 2345 3172 Ek
2380 3105 2447 3159 τὸ
2472 3146 2489 3171 ,
2536 3124 2554 3159 ι
2592 3106 2815 3177 ’ᾼσατε
2844 3105 2923 3174 τῷ
2953 3108 3147 3176 Κυρίῳ
3180 3101 3348 3177 ᾆσμα
3376 3108 3615 3165 καινόν.
3657 3127 3675 3160 ι

2241 3216 2371 3271 Ὅτε
2406 3219 2454 3271 οἱ
2497 3218 2765 3289 ἀλιτήριοι
2794 3218 3047 3287 δαίμονες
3094 3218 3234 3287 μετά
3265 3216 3361 3270 τοῦ
3390 3217 3751 3290 στρατηγοῦν-

2167 3326 2258 3371 τος
2284 3310 2468 3373 αὐτοῖς
2515 3310 2787 3375 διαϐόλου,
2840 3310 2991 3365 οὐδὲν
3035 3309 3224 3363 εῐασαν
3258 3310 3317 3363 ὲν
3356 3310 3511 3376 τάξει
3548 3310 3744 3380 μένειν,

2170 3400 2305 3455 ἀλλά
2336 3401 2517 3473 πάσης
2546 3402 2762 3465 ἀδικίας
2804 3402 2899 3455 καὶ
2944 3400 3257 3465 πλεονεξίας
3302 3400 3745 3471 ἀμφοροὺμενοι,

2164 3493 2259 3545 καὶ
2293 3491 2506 3563 ὕϐρεως
2550 3490 2713 3562 κόρον
2758 3491 2857 3544 οὐκ
2899 3488 3101 3552 ειδότες
3140 3489 3234 3542 ἐπὶ
3275 3488 3338 3541 τὸ
3380 3487 3615 3558 ἔσχατον
3642 3487 3748 3540 τῶν

2162 3580 2351 3636 παθῶν
2403 3582 2515 3653 (5|)
2566 3582 2694 3643 τοὺς
2746 3578 3084 3651 ἀνθρώπους
3119 3578 3453 3649 ἀπήλασαν
3502 3578 3633 3630 τότε
3684 3576 3745 3645 δὴ

2160 3671 2282 3725 τότε
2313 3670 2464 3725 ὁτῶν
2486 3671 2741 3725 ἁπάντων
2772 3668 3049 3739 βασιλεὺς,
3072 3669 3099 3721 ό
3126 3667 3381 3738 πατρῷος
3409 3668 3607 3734 Λόγος,
3637 3666 3744 3720 τῶν

2172 3765 2269 3835 μὲν
2318 3764 2559 3835 μισήσας
2588 3762 2686 3833 τὴν
2727 3762 3038 3832 τυραννίδα,
3079 3760 3189 3817 τῶν
3236 3760 3293 3813 δὲ
3336 3760 3617 3830 οἰκτείρας
3654 3758 3750 3822 τάς

2172 3853 2484 3924 συμφορὰς,
2534 3852 2882 3923 ἀνθρωπείαν
2927 3850 3125 3913 ὑποδὺς
3160 3850 3345 3919 φύσιν,
3384 3852 3478 3904 ἐπὶ
3508 3853 3611 3922 τῆς
3657 3867 3752 3904 πα-

2170 3939 2440 4010 ρατάξεως
2480 3940 2629 4011 ἔστη.
2652 3940 2898 4011 Τρόπαια
2927 3938 3217 4011 τοιγαροῦν
3251 3939 3320 3992 τὰ
3351 3938 3452 4008 μὲν
3487 3940 3748 4010 εἱστήκει,

2169 4033 2236 4086 τὰ
2278 4032 2333 4085 δὲ
2363 4031 2641 4104 ἠγείρετο,
2668 4030 2738 4084 τά
2769 4030 2825 4084 δὲ
2847 4028 2915 4103 ἦν
2944 4030 3058 4101 (52)
3088 4033 3145 4084 ἐν
3174 4031 3377 4085 ἐλπίσι.
3413 4034 3525 4087 Καὶ
3563 4033 3626 4085 τὸ
3657 4032 3753 4104 μὲν

2173 4123 2444 4196 βάρϐαρον
2480 4123 2587 4177 τῶν
2626 4122 2899 4193 δαιμόνων
2932 4122 3118 4190 στῖφος
3149 4122 3287 4193 μετά
3311 4121 3407 4176 τοῦ
3446 4124 3754 4197 στρατηγοῦ

2170 4214 2269 4277 τὰς
2294 4212 2578 4283 συμφορὰς
2604 4210 2821 4266 ἔστενεν
2843 4228 2868 4267 ·,
2900 4213 2934 4281 ή
2959 4210 3120 4279 φύσις
3157 4211 3212 4264 δὲ
3248 4213 3281 4283 ή
3312 4212 3637 4283 ἀνθρωπεία
3676 4217 3757 4278 είς

2172 4305 2484 4397 ὲλευθφίαν
2514 4303 2789 4397 ἀνέτρεχεῗ.
2817 4303 2907 4357 Διὸ
2932 4304 3026 4355 καὶ
3052 4303 3080 4355 ό
3106 4302 3357 4397 Μελιρδὺς
3381 4300 3537 4375 ᾆσμα
3574 4307 3757 4361 καινὸν

2172 4399 2319 4471 ᾅδειν
2342 4394 2459 4461 τοῖς
2489 4395 2901 4467 ἐλευθερωθεῖσι
2929 4394 3349 4466 παρεκελεύετο.
3384 4397 3757 4469 Προφητικοῖς

2172 4490 2279 4561 γὰρ
2302 4487 2600 4559 ὀφθαλμοῖς
2626 4486 2818 4541 ἐθεᾶτο
2841 4485 2902 4541 τὸ
2937 4487 3149 4557 μέλλον.

495 4586 802 4642 libertatem
858 4587 1053 4642 asserti
1104 4585 1339 4651 fuerant,
1395 4596 1454 4639 ut
1522 4586 1791 4642 canticum
1866 4602 2062 4641 novum
2133 4596 2431 4651 canerent,
2480 4582 2803 4654 imperabat.
2863 4581 3141 4652 Siquidem
3196 4581 3532 4653 prapbeticis
3592 4584 3759 4641 oculis

498 4682 642 4753 quod
668 4682 908 4736 futurum
936 4688 1053 4736 erat
1078 4681 1355 4737 cernebat.

676 4790 972 4854 CCCXXX.
1007 4829 1073 4840 —
1108 4797 1491 4856 TllEODOSlO
1530 4799 1882 4857 EPISCOPO.

570 4911 675 4967 Per
704 4911 1233 4966 commiseratione":
1266 4925 1329 4965 ac
1355 4913 1843 4981 mansuetudinem,
1864 4914 1945 4967 vir
1972 4929 2060 4968 sa-

493 5003 859 5068 pientissime,
888 5001 1227 5057 calamitates
1253 5017 1461 5067 eorum,
1497 5004 1587 5072 qui
1630 5006 1682 5059 in
1736 5006 2061 5061 tentationes

494 5093 829 5159 inciderunt,
871 5094 1038 5146 lenire
1085 5095 1351 5157 adnitcrc,
1420 5105 1581 5163 atque
1639 5096 1784 5164 ipsos
1840 5097 1945 5151 leni
1998 5112 2062 5151 ac

604 5246 646 5277 ¹⁸
666 5244 808 5300 Psal.
842 5260 961 5309 xcv,
996 5245 1047 5297 l.

2096 4800 2144 4858 Ι)

2460 4798 2584 4853 TA'.
2619 4827 2691 4839 —
2721 4794 3046 4867 esoaosto
3080 4795 3458 4867 ΕΠΙΣΚΟΠῼ.

2240 4913 2420 4981 Οῐκτῳ
2456 4912 2551 4965 καὶ
2593 4910 2884 4981 πραότητι,
2913 4904 2957 4963 ὧ
3003 4907 3304 4977 σοφώτατε,
3340 4911 3754 4977 καταπραΰνειν

2171 5003 2344 5075 πειρῶ
2372 5002 2472 5067 τὰς
2498 5002 2607 5056 τῶν
2649 5004 2981 5074 πειρασμοῖς
3010 5004 3512 5072 περιπεπτωκότων
3551 5019 3757 5074 συμφο-

2174 5096 2294 5168 ράς,
2325 5098 2418 5150 καὶ
2442 5094 2695 5159 ὲκϐιάζου
2722 5096 2919 5158 αὐτοὺς
2951 5094 3095 5164 λόγῳ
3127 5094 3275 5165 ἠπίῳ
3299 5094 3437 5165 πρὸς
3463 5095 3754 5165 εὐθυμίαν,

1610 5360 1837 5416 ἼΑΚΙᾹΞ
1878 5360 2258 5420 LECTIONES
2292 5362 2379 5417 ET
2417 5360 2653 5418 ΝΟΤΕ.

580 5514 691 5584 (1.9)
722 5514 855 5568 Cod.
893 5512 1013 5567 Vat.
1041 5514 1167 5575 650,
1199 5513 1419 5584 ᾇτοπον.
1448 5514 1661 5577 Possm.

581 5582 693 5652 (50)
734 5584 838 5637 Pro
887 5584 1077 5653 δικαίῳ
1121 5582 1292 5654 ἑτέρῳ
1341 5585 1478 5639 idem
1528 5587 1650 5644 cvi].
1723 5589 1910 5644 scribit
1962 5604 2067 5644 uno

515 5656 691 5713 verbo,
723 5654 1059 5723 δικαιοτέρῳ.
1097 5654 1169 5709 In.

585 5724 695 5780 (fill
738 5724 838 5779 Pro
861 5724 1045 5776 παθῶν
1093 5724 1235 5779 idem
1264 5725 1384 5779 cod.
1436 5723 1557 5778 Vat.
1588 5723 1708 5780 650.
1770 5726 1915 5796 legit,
1969 5745 2069 5781 xa-

2176 5521 2499 5663 missum
2526 5592 2675 5663 abest
2702 5605 2736 5663 aq
2758 5589 2877 5663 cod.
2918 5588 3036 5663 Vat.
3064 5588 3194 5663 (550.
3227 5586 3383 5663 Vens.
3420 5591 3522 5649 ult.
3561 5606 3659 5663 pro
3688 5590 3747 5645 τὸ

2178 5660 2367 5731 μέλλον
2397 5661 2537 5718 idem
2574 5662 2691 5717 cod.
2726 5660 2886 5717 habet
2909 5660 2975 5715 τὰ
3009 5660 3286 5729 μέλλοντα.
3327 5660 3402 5719 In.

3729 111 3736 146 ξ
3753 89 3821 148 id":

3648 217 3723 269 _
3740 223 3758 245 ,
3806 210 3821 243 ἐν

3642 268 3665 281 ,ν
3706 250 3777 277 που
3818 270 3821 281 Α

3678 280 3693 307 ι“
3730 280 3747 305 ι
3818 298 3821 301 ν
