3976 6442
606 453 776 509 ΤΛΕ’.
804 483 873 493 -
910 456 998 526 To
1041 454 1224 524 arra
1272 453 1407 527 (eo).

285 560 351 625 El
411 565 800 632 πνευματικοῖς
850 562 1199 640 πνευματικὰ
1252 561 1514 635 (δηλονότι
1577 562 1800 633 ῥήματα

212 653 313 708 καὶ
354 653 626 723 ὀνόματα)
683 656 997 725 συγκρίνειν
1042 655 1069 708 ό
1099 652 1383 715 θεσπέσιος
1439 653 1797 724 ἐνομοθέτησε

211 747 447 814 Παῦλος,
499 751 766 820 προσήκει
810 750 903 803 καὶ
936 750 1082 820 ἡμᾶς
1135 748 1213 823 τῷ
1259 747 1448 801 κανόνι
1479 748 1654 820 τούτῳ
1680 767 1800 803 πει-

210 837 499 909 θομένους,
526 840 626 905 τὰς
658 840 807 904 θείας
837 840 1152 911 βασανίζειν
1174 838 1288 911 (61)
1310 839 1348 890 Γ
1353 839 1552 911 ραφάς.
1580 841 1800 913 Πρῶτον

210 931 529 1003 τοιγαροῦν,
552 934 613 986 τὸ
641 933 716 1004 μὴ
745 932 1006 987 δύνασθαι
1053 934 1171 999 πῶς
1202 934 1436 1005 εἴρηται,
1467 934 1795 1006 σκοπητέον·

211 1022 313 1073 καὶ
337 1020 513 1088 οὕτως
547 1024 637 1078 ἐπὶ
666 1024 946 1096 τὴννλύσιν
978 1024 1073 1078 τοῦ
1120 1023 1453 1097 ζητουμένου
1501 1026 1796 1098 βαδιστέον.

216 1112 426 1165 Ἀκουε
440 1114 618 1167 τοίνυν
641 1115 861 1184 πρῶτον
878 1115 972 1168 τοῦ
996 1116 1286 1186 νομοθέτου
1306 1118 1568 1182 Μωσέως.
1586 1119 1801 1173 Δίκαιον

217 1202 333 1274 γὰρ
366 1205 475 1258 ἀπὸ
506 1205 604 1275 μὲν
636 1206 734 1277 τῆς
777 1206 1017 1270 Παλαιᾶς
1063 1208 1338 1279 Διαθήκης
1390 1208 1715 1279 θεμελιῶσαι
1743 1212 1801 1264 τὸ

210 1291 398 1362 νόημα
421 1310 434 1323 ο
477 1295 584 1348 ἀπὸ
606 1294 664 1348 δὲ
695 1296 792 1366 τῆς
816 1297 1028 1368 Καινῆς
1071 1298 1433 1366 στεφανῶσαι.
1468 1300 1534 1356 Τί
1559 1318 1693 1371 φησι
1724 1301 1801 1373 τῷ

210 1383 367 1454 kaq);
405 1404 422 1437 ι
461 1388 535 1439 Οὐ
569 1387 772 1458 δυνήσῃ
809 1388 870 1441 τὸ
905 1389 1097 1459 Πάσχα
1130 1394 1302 1444 ποιεῖν
1332 1392 1389 1444 ὲν
1436 1392 1662 1464 οὐδεμιᾷ
1693 1393 1801 1447 τῶν

211 1476 432 1529 πόλεών
480 1494 595 1540 σου,
643 1478 759 1533 ἀλλ’
816 1480 897 1544 εἰς
941 1482 1032 1533 τὸν
1084 1480 1249 1543 τόπον
1292 1482 1351 1537 δν
1399 1482 1466 1536 ἂν
1504 1484 1789 1554 ἐκλέξηται

214 1566 427 1637 Κύριος
450 1567 478 1619 ό
508 1568 639 1632 Θεός
660 1586 774 1623 σου.
811 1589 829 1623 ι
879 1570 971 1632 Τὸ.
1013 1573 1085 1625 οὐ
1139 1572 1401 1643 δυνήσῃ,
1427 1575 1548 1629 ἀντὶ
1578 1576 1690 1638 τοῦ,
1727 1576 1801 1647 μὴ

211 1657 455 1723 ἕξοντος,
504 1662 641 1731 μηδὲ
670 1663 1064 1735 ὲγχωροῦντος,
1096 1664 1232 1736 μηδὲ
1274 1668 1797 1737 συγκεχωρημένου,

212 1750 355 1823 μηδὲ
422 1751 772 1823 ἐνδεχομένου
825 1754 939 1826 (69.)
1002 1754 1463 1819 τεθεικώς..”οτι
1520 1759 1627 1830 γὰρ
1658 1759 1791 1828 ἠδύ-

211 1858 378 1896 ναντο
432 1831 657 1914 ποιῆσαί
698 1845 757 1898 τὸ
814 1845 1007 1916 Πάσχα
1046 1846 1141 1900 καὶ
1207 1850 1267 1901 ἐν
1326 1847 1516 1912 ἄλλαις
1586 1850 1794 1916 πόλεσι,

208 1933 376 2005 δῆλόν
432 1936 569 1987 ἐστι.
610 1937 719 1989 Καὶ
752 1936 860 2007 γὰρ
896 1939 989 1991 καὶ
1030 1937 1127 1991 νῦν
1183 1927 1399 1992 ποιοῦσι
1444 1937 1565 2010 μὲν,
1623 1958 1799 2013 παρα-

210 2025 506 2097 νομοῦντες
535 2028 612 2081 δέ.
648 2028 713 2081 Τί
738 2026 830 2083 οὖν
860 2031 1028 2095 ἐστιν,
1074 2050 1091 2081 ι
1129 2034 1203 2086 Οὐ
1264 2034 1499 2107 δυνήσῃ;
1530 2056 1546 2087 ›
1569 2035 1684 2091 Οὐκ
1714 2038 1801 2103 ἐξ·-

209 2122 335 2174 ιστί
374 2138 477 2187 σοι,
528 2123 930 2196 οὐρπροσάξεις,
966 2127 1025 2179 οὐ
1073 2130 1342 2197 ποιήσεις.
1381 2131 1503 2184 ’Ότι
1535 2131 1590 2184 δὲ
1626 2132 1801 2202 ταύτῃ

209 2214 283 2284 τῇ
315 2213 493 2283 ἐννοίᾳ
526 2213 763 2284 εἴρηται,
803 2216 1035 2271 ἄκουσον
1084 2221 1181 2273 καὶ
1225 2220 1332 2273 τῶν
1372 2222 1684 2275 ἀποστόλων
1725 2225 1801 2293 τῷ

212 2308 488 2383 νομοθέτῃ
547 2311 984 2367 ἀκολουθούντων
1024 2315 1119 2368 καὶ
1148 2316 1467 2385 φραζόντων
1494 2334 1506 2347 ⁸
1549 2338 1565 2370 ι
1612 2317 1801 2388 Ἡμεῖς

211 2402 276 2455 οὺ
309 2402 606 2474 δυνάμεθα,
636 2404 673 2458 ἃ.
698 2404 1014 2476 ἠκούσαμεν
1044 2409 1141 2461 καὶ
1171 2409 1408 2479 εἴδομεν,
1445 2410 1518 2481 μὴ
1547 2410 1746 2464 λαλεῖν.
1765 2431 1781 2461 ι

213 2490 283 2542 τι
308 2487 436 2559 οὖν;
467 2492 565 2544 οὐκ
587 2492 845 2561 ἠδύναντο
872 2495 1092 2564 σιγῆσαι
1120 2512 1132 2559 ;
1167 2496 1311 2547 Πάνυ
1341 2496 1438 2564 μὲν
1468 2493 1580 2549 οὖν.
1607 2495 1672 2549 Τί
1706 2492 1809 2550 οὖν

212 2582 395 2634 εξπεῖν
446 2582 855 2653 ἐδουλήθησανς
908 2586 1021 2637 Οὐκ
1068 2585 1374 2656 ἐνδέχεται,
1427 2586 1551 2640 οὔτε
1600 2590 1800 2659 πρέπει

212 2675 345 2743 σιγῇ
378 2674 751 2745 παραδοθῆναι
799 2676 868 2728 τὰ
901 2676 1349 2749 ἀνακηρυχθῆναι
1404 2679 1673 2750 λαμπρῶς
1707 2683 1798 2734 καὶ

213 2765 406 2833 σαφῶς
434 2762 745 2833 ’ὀφείλοντι
800 2752 909 2819 Kal.
971 2769 1201 2823 Ιουδαῖοι
1244 2770 1306 2822 δὲ
1342 2770 1550 2839 ἔφασαν
1603 2774 1797 2844 (σεμνὴ

209 2857 268 2911 δὲ
298 2856 567 2927 δήπουθεν
602 2858 693 2909 καὶ
728 2860 760 2929 ή
791 2846 902 2913 τῶν
933 2861 1143 2932 ὲχθρῶν
1180 2864 1498 2936 μαρτυρίαν
1528 2866 1655 2919 ’Ότι
1690 2868 1797 2938 γὰρ

210 2948 455 3015 γνωστὸν
494 2952 717 3019 σημεῖον
748 2952 958 3020 γέγονε,
993 2954 1244 3023 φανερὸν,
1279 2956 1371 3009 καὶ
1412 2958 1471 3009 οὺ
1513 2957 1789 3028 δυνάμεθα

210 3038 518 3107 ἀρνεῖσθαι.
570 3040 668 3093 Διά
710 3041 803 3094 τοῦ
850 3041 925 3113 μὴ
981 3042 1264 3109 δύνασθαι,
1297 3047 1356 3097 τὸ
1391 3046 1467 3116 μὴ
1514 3049 1792 3118 ἐγχωροῦν

1052 344 1590 407 EPISTOLARUM
1642 344 1789 403 LIB.
1833 343 1945 403 III.
1988 369 2057 377 -
2112 342 2350 403 EPIST.
2378 342 2733 404 CCCXXXV.

2338 453 2687 509 CCCXXXV.
2716 484 2786 493 -ι
2816 452 3047 510 EIDEM.

1976 562 2032 617 Si
2062 562 2436 633 spiritualihus
2478 564 2777 635 spiritualia
2817 564 3004 635 (verba
3054 565 3263 622 scilicet
3302 575 3357 622 et
3386 583 3486 622 Ito-

1904 653 2071 723 mina)
2104 654 2406 723 comparari
2434 657 2690 724 praecepit
2731 655 2886 710 divus
2914 653 3114 712 Paulus
3142 658 3210 722 ³⁸,
3238 660 3490 714 convenit

1901 758 2032 799 sane
2076 752 2136 798 ut
2193 760 2294 799 nos
2350 759 2569 816 quoque
2630 741 2757 799 huic
2814 746 3013 815 regula:
3050 750 3490 819 obtemperantes

1902 836 2114 891 divinas
2167 835 2479 907 Scripturas
2521 839 2938 907 perpendamus.
3008 840 3247 896 Primum
3304 842 3487 911 igitur,

1904 943 2011 998 quo
2039 944 2226 992 sensu,
2264 944 2369 983 non
2410 942 2597 998 posse,
2638 929 2840 983 dictum
2890 930 2982 994 sit,
3024 928 3487 987 considerandum

1900 1031 1985 1074 est
2032 1035 2048 1073 :
2105 1028 2268 1089 atque
2318 1020 2390 1073 ita
2419 1020 2637 1073 demum
2686 1020 2755 1074 ad
2793 1022 3135 1089 (ιιιιεειίοηίεν
3163 1025 3487 1079 solutionem

1902 1110 2387 1180 proﬁciscendum.
2440 1107 2601 1165 Prius
2634 1111 2816 1180 itaque
2869 1110 3235 1182 legislaturem
3286 1115 3487 1171 Mosem

1901 1203 2047 1255 audi.
2084 1199 2324 1270 Equum
2360 1209 2445 1256 est
2504 1202 2651 1256 enim
2714 1217 2743 1256 a
2797 1201 2980 1258 Veteri
3030 1205 3249 1273 quidem
3300 1207 3491 1261 Testa-

1904 1298 2087 1345 mento
2133 1293 2459 1346 sententiam
2523 1292 2750 1346 fundare
2786 1310 2800 1347 :
2856 1310 2919 1348 ac
2954 1304 3141 1364 postea
3171 1298 3417 1351 eamdem
3459 1313 3490 1350 a

1900 1382 2051 1438 Novo
2102 1393 2360 1451 tanquam
2431 1396 2629 1437 corona
2670 1385 2901 1454 quadam
2946 1402 3162 1443 ornare.
3219 1389 3489 1456 Quidnam

1900 1490 2031 1544 ergo
2064 1476 2154 1530 ille
2186 1477 2256 1532 ad
2301 1476 2516 1548 plebem
2569 1478 2684 1532 ait?
2719 1497 2737 1531 ι
2779 1478 2894 1535 Νοιι
2932 1482 3135 1550 poteris
3176 1481 3381 1538 Pascha
3410 1484 3490 1537 t'a-

1902 1583 2026 1624 cere
2056 1569 2110 1624 in
2142 1569 2244 1623 ulla
2279 1584 2340 1623 ex
2367 1569 2589 1625 urbibus
2611 1571 2754 1627 tuis:
2788 1582 3149 1642 praeterquam
3182 1575 3235 1628 in
3261 1591 3325 1631 eo
3346 1574 3486 1639 loco.

1905 1675 2061 1730 quem
2124 1660 2348 1731 elegerit
2388 1659 2646 1717 Dominus
2692 1660 2833 1717 Deus
2870 1674 2993 1718 tuus
3032 1665 3097 1718 ".
3156 1684 3175 1717 ι
3221 1663 3352 1733 Hoc,
3386 1683 3490 1720 non

1904 1755 2119 1819 poteris,
2174 1767 2271 1822 pro
2292 1752 2480 1833 eqdem
2515 1753 2748 1824 positum
2783 1764 2864 1809 est
2893 1770 2958 1810 ac
2995 1755 3038 1810 si
3063 1756 3288 1812 dixisset
3328 1755 3488 1811 :Non

1906 1844 2048 1906 licet,
2078 1860 2180 1897 non
2214 1858 2532 1900 concessum
2564 1858 2629 1900 ac
2665 1848 2989 1916 permissum
3018 1857 3122 1905 est.
3171 1846 3306 1903 Nam
3344 1852 3490 1918 quod

1904 1937 1955 1989 in
1981 1937 2101 1990 aliis
2130 1936 2291 1991 etiam
2326 1936 2644 1992 civitatibus
2679 1937 2889 1993 Pascha
2924 1939 3206 1993 celebrare
3244 1953 3486 2009 possent,

1902 2030 2187 2097 por~picue
2220 2036 2455 2083 constat.
2512 2028 2654 2097 Quid
2683 2028 2849 2099 igitur
2890 2040 2974 2085 est
3010 2047 3038 2089 _:
3071 2030 3187 2085 Non
3250 2032 3491 2101 poteris?

1903 2119 2017 2195 Non
2047 2122 2141 2173 tibi
2186 2121 2329 2185 licet,
2364 2136 2468 2177 non
2503 2122 2721 2187 ofteres,
2764 2139 2868 2175 non
2904 2123 3089 2177 iacies.
3120 2122 3272 2189 Quod
3304 2136 3486 2180 autem

1906 2213 2010 2265 hoc
2037 2227 2200 2266 sensu
2227 2212 2673 2277 dictumsit,audi
2692 2214 2856 2268 etiam
2882 2216 3155 2284 apostolos
3184 2215 3487 2288 Legislato-

1906 2320 2015 2357 rem
2061 2308 2355 2374 sequentes
2396 2320 2460 2361 ac
2492 2306 2735 2361 dicentes
2780 2325 2793 2361 ;
2847 2328 2865 2359 ι
2898 2306 3009 2364 Νοε
3036 2318 3142 2364 non
3176 2306 3486 2378 pessumus.

1900 2382 2022 2463 qua:
2080 2396 2387 2451 audivimus
2439 2407 2492 2450 et
2547 2397 2805 2466 vidimus,
2857 2416 2960 2453 non
2999 2396 3140 2469 loqii‘i
3178 2402 3241 2454 ³³.
3294 2420 3310 2452 ι
3347 2403 3487 2469 Quid

1901 2502 2063 2554 ergo,
2098 2487 2211 2540 Non
2243 2499 2496 2558 poterant
2528 2489 2728 2543 silere?
2779 2488 3014 2545 Maxime
3049 2510 3195 2547 vero.
3221 2494 3488 2560 Quidnam

1904 2579 2065 2646 igitur
2091 2579 2270 2633 dicere
2310 2578 2632 2634 voluerunt?
2675 2581 2843 2651 387
2895 2580 3012 2637 Non
3064 2584 3240 2649 decet,
3276 2600 3374 2639 nec
3411 2585 3490 2639 fas

1902 2678 1985 2723 est
2047 2685 2108 2724 ea
2161 2671 2380 2727 silentio
2446 2673 2661 2727 tradere
2711 2690 2835 2743 quze
2892 2677 3038 2731 clare
3078 2680 3239 2747 atque
3296 2690 3489 2747 aperte

1902 2756 2180 2828 praedicari
2245 2763 2465 2817 debent.
2532 2761 2673 2830 Quin
2727 2763 2897 2821 Judaei
2954 2783 3169 2839 quoque
3231 2772 3490 2828 dixerunt

1902 2857 2088 2923 (grave
2129 2863 2313 2908 autem
2346 2853 2555 2909 scilicet
2574 2870 2657 2910 est
2689 2868 2854 2927 atque
2887 2863 3233 2925 auctoritatis
3268 2865 3487 2934 plenum

1902 2945 2029 2997 illud
2065 2944 2432 2999 testimonium
2465 2946 2607 3014 quod
2636 2948 2704 2999 ab
2745 2948 2992 3005 hostibus
3021 2952 3258 3024 ducitur)
3301 2972 3315 3007 :
3351 2955 3487 3010 Nam

1900 3035 2043 3103 quod
2077 3045 2263 3087 notum
2310 3035 2526 3103 signum
2570 3035 2770 3090 factum
2806 3048 2910 3104 est,
2941 3046 3176 3108 constat,
3221 3060 3321 3099 nec
3357 3062 3485 3116 pos-

215 3126 535 3196 μηνύοντες.
594 3130 703 3182 Καὶ
738 3130 766 3181 δ
830 3131 1151 3194 Ἀπόστολος
1217 3132 1275 3185 δέ
1324 3150 1459 3202 φησι
1507 3136 1638 3205 περὶ
1698 3135 1794 3189 τοῦ

1906 3141 2094 3181 sumus
2126 3140 2344 3197 negare.
2379 3128 2499 3195 Quo
2533 3131 2749 3199 quidem
2804 3132 2856 3184 in
2887 3132 3003 3188 loco
3031 3147 3126 3202 per
3159 3152 3265 3191 non
3307 3153 3485 3207 posse,

223 3218 365 3270 θεοῦ
418 3222 512 3271 καὶ
555 3221 809 3292 Πατρός·
862 3242 879 3273 ι
930 3222 1018 3277 Ἰἰν
1068 3217 1149 3287 οἷς
1201 3224 1463 3279 ἀδύνατον
1495 3227 1798 3296 ψεύσασθαι

212 3310 371 3362 Θεόν.
413 3330 432 3361 ι
469 3313 583 3364 Οὐκ
605 3313 887 3367 ἀσθένειάν
904 3332 1024 3369 τινα
1058 3319 1383 3388 κατηγορῶν
1413 3322 1509 3388 τῆς
1541 3336 1799 3389 παγκρα-

212 3400 478 3471 τοῦςυὶὸ)
524 3401 825 3473 δυνάμεως,
886 3405 1024 3459 ἀλλὰ
1092 3386 1358 3477 μεγίστην
1439 3386 1653 3481 eam),
1700 3386 1799 3465 -έτι

215 3494 569 3558 ἀνεπίδεκτός
594 3496 710 3548 ἐστι
743 3496 835 3549 τοῦ
864 3497 1095 3567 ψεύδους
1125 3501 1154 3552 ό
1175 3500 1274 3568 τῆς
1300 3500 1559 3571 ἀληθείας
1592 3505 1733 3573 πατή
1746 3521 1795 3575 ρ.

216 3588 329 3641 Καὶ
366 3588 634 3659 ἀλλαχόσε
690 3590 745 3643 δὲ
797 3590 1003 3662 ταύτην
1040 3593 1255 3663 ὀχυρῶν
1288 3593 1387 3665 τὴν
1426 3594 1634 3647 ἔννοιαν
1670 3595 1798 3667 ἔφη·

218 3697 238 3730 ι
274 3678 402 3731 Ἐὰν
469 3678 837 3750 ἀρνησώμεθα
892 3682 1076 3748 αὐτὸν,
1116 3683 1323 3745 ἐκεῖνος
1374 3684 1567 3747 πιστὸς
1623 3686 1795 3754 μένει·

211 3772 559 3845 ἀρνήσασθαι
600 3774 708 3846 γὰρ
736 3775 924 3829 ἑαυτὸν
964 3777 1021 3828 οὐ
1051 3776 1291 3830 δύναται.
1318 3796 1336 3828 ι
1368 3774 1479 3831 Kal.
1512 3778 1666 3831 τοῦτο
1693 3780 1799 3849 γὰρ

215 3864 318 3918 οὐκ
348 3864 632 3928 ἀσθενείας
683 3868 830 3919 ἐστὶν
878 3866 1178 3932 ἀπόδειξις,
1219 3868 1333 3921 ἀλλ’
1387 3870 1796 3941 ἀνυπερϐλήτου

217 3956 427 4027 ἰσχύος,
477 3959 561 4011 ὅτι
595 3958 694 4011 οὐκ
750 3963 985 4031 ἐγχωρεῖ
1033 3961 1131 4028 τὴν
1184 3962 1334 4015 θείαν
1386 3962 1548 4031 φύσιν
1601 3964 1798 4035 ἑαυτὴν

214 4049 582 4119 ἀρνήσασθαι.
644 4052 704 4103 Ei
749 4052 804 4103 δὲ
830 4054 922 4105 καὶ
953 4053 1121 4105 αὑτοῦ
1164 4053 1258 4106 τοῦ
1303 4055 1576 4125 Σωτῆρος,
1612 4050 1671 4108 οὗ
1700 4056 1799 4127 τὴν

212 4140 363 4202 λέξιν
399 4140 724 4212 κακούργως
771 4142 1097 4213 ἑρμηνεύειν
1155 4145 1523 4215 ἐπιχειροῦσιν
1563 4148 1617 4199 οἱ
1652 4149 1799 4219 αἱρε-

213 4232 382 4295 τικοὶ,
434 4234 740 4303 μαρτυρίαν
774 4235 879 4305 χρὴ
932 4240 1327 4307 προσαγαγεῖν,
1358 4237 1591 4291 ἄκουσον
1634 4239 1796 4292 αὑτοῦ

215 4324 519 4394 φράζοντος
547 4339 561 4353 ·
596 4344 613 4377 ι
654 4328 727 4378 oe
780 4327 1033 4380 δύνανται
1096 4330 1145 4380 οἱ
1199 4328 1303 4381 υἱοὶ
1343 4328 1437 4381 τοῦ
1507 4330 1797 4401 νυμφῶνος

214 4415 527 4483 νηστεύειν,
562 4418 648 4485 ἐφ’
679 4419 803 4471 ὅσον
840 4418 963 4489 μετ”
995 4420 1174 4473 αὐτῶν
1206 4421 1354 4472 ἐστιν
1403 4424 1430 4473 ό
1460 4418 1731 4492 Νυμφίος.
1774 4442 1793 4476 ι

1903 3234 2006 3273 ιιοη
2040 3219 2205 3273 licere
2235 3221 2636 3289 signiﬁcarunt.
2702 3221 3017 3294 Eodemque
3048 3231 3204 3281 modo
3249 3228 3489 3299 Aposw-

1842 3367 1851 3379 ,
1903 3309 2085 3365 lus-de
2113 3310 2223 3366 Deo
2258 3322 2313 3367 et
2340 3312 2501 3367 Patre
2528 3314 2643 3369 ait:
2675 3333 2694 3367 ι
2725 3315 2777 3369 in
2807 3317 3003 3385 quibus
3045 3318 3375 3387 impossibile
3405 3333 3491 3378 est

1903 3404 2125 3461 mentiri
2159 3406 2324 3461 Deum
2358 3406 2422 3459 “.
2466 3424 2484 3458 ›
2526 3403 2742 3473 Quibus
2776 3408 2957 3464 verbis
2994 3424 3099 3465 non
3147 3412 3490 3470 imbecillita-

1904 3499 1971 3553 tis
2005 3498 2288 3569 cujusdam
2316 3498 2741 3567 omnipotcntem
2779 3500 2922 3555 illam
2952 3502 3056 3555 vim
3086 3507 3327 3575 coarguit
3356 3525 3369 3559 :
3405 3514 3492 3562 ve-

1905 3606 2022 3643 rum
2055 3601 2244 3645 contra
2270 3605 2540 3646 summum
2575 3592 2743 3660 ipsius
2775 3593 2939 3647 robur
2973 3595 3194 3659 iudicat.
3228 3600 3369 3666 quod
3396 3598 3492 3655 ille

1901 3682 2145 3736 veritatis
2178 3691 2333 3752 pater
2364 3684 2631 3738 mendacii
2675 3685 3119 3755 minime‘capax
3167 3690 3257 3744 sit.
3308 3692 3491 3761 Atque

1900 3772 2007 3826 alio
2033 3789 2244 3827 rursum
2280 3774 2397 3829 loco
2430 3775 2677 3829 eamdem
2722 3779 3049 3833 sententiam
3096 3783 3368 3848 muniens,
3406 3785 3490 3839 bis

1901 3864 2087 3919 verbis
2121 3880 2251 3920 usus
2275 3877 2355 3919 est
2389 3883 2403 3919 :
2446 3884 2465 3917 ι
2494 3866 2551 3920 Si
2578 3869 2957 3935 negaverimus
2982 3886 3126 3935 eum,
3169 3874 3283 3941 ipse
3317 3874 3491 3930 ﬁdelis

1902 3963 2083 4008 manet
2122 3974 2136 4009 :
2182 3969 2382 4025 negare
2419 3956 2562 4010 enim
2596 3958 2829 4025 Seipsum
2861 3975 2966 4013 non
3001 3974 3176 4030 potest
3203 3965 3269 4021 ⁸⁵.
3306 3982 3323 4014 ι
3357 3964 3489 4019 Nam

1904 4045 1989 4099 hic
2024 4060 2237 4113 quoque
2290 4061 2395 4100 non
2446 4046 2801 4111 inﬁrmitatis,
2850 4052 2945 4104 sed
2991 4052 3285 4122 singularis
3329 4066 3493 4125 atque

1905 4136 2291 4206 insuperabilis
2324 4139 2578 4206 potentia:
2610 4152 2988 4208 argumentum
3023 4154 3129 4207 est,
3181 4147 3323 4214 quod
3374 4146 3515 4201 ﬁeri

1906 4245 2011 4283 non
2039 4237 2214 4298 potest
2242 4239 2299 4283 ut
2322 4230 2504 4285 divina
2531 4240 2722 4285 natura
2753 4234 2984 4302 seipsam
3012 4236 3305 4292 inﬁcietur.
3338 4237 3491 4305 Quod

1912 4321 1957 4373 si
1997 4320 2170 4389 ipsius
2198 4322 2362 4375 etiam
2413 4321 2717 4397 Salvatoris
2755 4324 2931 4394 (cujus
2983 4325 3185 4380 dictum
3245 4329 3488 4384 limretici

1905 4411 2139 4479 maligne
2173 4425 2239 4466 ac
2265 4414 2587 4469 veteratorie
2619 4414 2965 4481 interpretari
3023 4420 3311 4487 conantur)
3340 4420 3494 4473 testi-

228 4505 377 4558 Ἀντὶ
403 4505 522 4571 τοῦ,
555 4506 654 4560 οὐκ
683 4510 938 4579 ἐγχωρεῖ,
964 4512 1023 4563 οὐ
1052 4508 1274 4582 πρέπει,
1306 4511 1365 4563 οὐ
1383 4512 1669 4582 προσήκει,
1700 4513 1797 4566 οὐκ

1912 4503 2151 4556 monium
2186 4503 2431 4572 proferre
2476 4512 2711 4573 oportet,
2746 4505 2868 4557 audi
2904 4506 3078 4575 ipsum
3135 4507 3443 4575 loquentem
3476 4528 3489 4563 :

215 4596 516 4667 ινδέχεται,
566 4599 664 4669 οὐχ
715 4601 995 4670 ἁρμόττει.
1035 4600 1256 4654 Τούτων
1294 4598 1584 4672 τοιγαροῦν
1624 4601 1799 4666 οὕτως

214 4689 545 4760 εἰρημένων,
577 4690 605 4741 ὁ
636 4695 835 4753 σκοπὸς
859 4693 886 4744 ό
918 4693 1187 4763 σωτήριος
1210 4691 1370 4761 δῆλός
1388 4693 1526 4745 ἐστι.
1560 4692 1632 4745 Τὸ
1654 4694 1793 4763 γὰρ,

220 4798 240 4833 ι
276 4781 354 4835 Οὐ
387 4780 659 4836 δύναταιὸ
692 4783 817 4849 Υἱὸς
861 4786 1034 4837 ποιεῖν
1078 4785 1171 4852 ἀφ’
1198 4784 1405 4837 ἑαυτοῦ
1433 4785 1607 4850 οὐδὲν,
1645 4804 1665 4838 ›
1695 4786 1796 4841 οὐκ

214 4872 503 4926 ἀσθένειαν
561 4872 725 4925 αὐτοῦ
784 4875 1102 4945 κατηγορεῖ,
1167 4873 1303 4926 ἀλλά
1360 4874 1457 4927 καὶ
1526 4875 1797 4945 μεγίστην

1912 4612 1932 4645 ι
1974 4592 2089 4648 Non
2114 4604 2343 4664 possunt
2373 4594 2465 4667 iiii
2527 4597 2721 4664 Sponsi
2766 4596 3031 4665 jejunare.
3078 4599 3315 4666 quandiu
3370 4614 3491 4655 cum

1908 4687 2012 4741 illis
2038 4696 2120 4740 est
2149 4686 2391 4754 Sponsus
2422 4686 2488 4753 “,
2519 4706 2537 4736 ι
2570 4701 2669 4755 pro
2704 4702 2768 4742 eo
2795 4703 2859 4741 ac
2902 4688 2947 4741 si
2984 4687 3207 4742 dixisset
3239 4706 3251 4741 :
3278 4687 3395 4742 Non
3429 4690 3496 4745 ll-

1908 4790 2155 4843 cet,.non
2181 4778 2354 4841 decet,
2393 4793 2499 4833 non
2531 4777 2779 4847 quadrat,
2806 4794 2913 4832 non
2942 4779 3217 4832 convenit.
3260 4778 3354 4834 His
3393 4780 3495 4852 igi-

1908 4883 1996 4927 tur
2028 4873 2265 4926 adhunc
2301 4872 2518 4925 modum
2556 4870 2838 4939 expositis,
2877 4886 2983 4940 quo
3028 4870 3214 4924 tendat
3246 4868 3497 4928 Salvator

216 5028 261 5065 ⁸⁸
301 5025 473 5085 ICor.
516 5044 577 5093 tt,
612 5030 699 5085 15.
776 5033 820 5064 ³⁸
856 5032 1011 5089 Deut.
1042 5044 1156 5097 xvr,
1188 5032 1244 5099 5,
1270 5032 1323 5087 ϐ.
1404 5031 1450 5063 ’³
1474 5032 1595 5087 Act.
1632 5028 1820 5090 Iv,‘20.
1897 5027 1942 5059 “
1978 5027 2141 5081 ltcbr.
2177 5026 2366 5090 v1.18.
2444 5026 2488 5056 "
2521 5023 2562 5077 ll
2592 5024 2728 5080 Tim.
2763 5026 2937 5091 11,15.
2988 5027 3036 5060 "
3067 5025 3259 5083 Matth.
3286 5041 3364 5094 Ix,
3406 5025 3492 5083 lli.

1318 5162 1554 5220 VARle
1600 5160 1989 5218 LECTIONLS
2024 5161 2108 5217 ET
2155 5156 2399 5214 ΝΟΤᾹΞ.

293 5322 407 5396 (60)
462 5320 1112 5396 Confer_Theod_oretum
1180 5319 1392 5396 dialogo
1444 5319 1563 5396 cui_
1594 5318 1806 5396 tit_nlus,

225 5389 560 5463 Ἀτρεζπτος,
594 5404 643 5447 οι
666 5391 823 5463 Greg.
860 5391 1028 5459 Naz.;
1064 5394 1189 5448 item
1228 5391 1514 5461 Chrysost.
1543 5390 1596 5443 in
1631 5389 1801 5442 Joan—

222 5482 356 5520 nem.
398 5466 560 5519 ιιιττ.

296 5535 407 5605 (61)
452 5533 554 5587 Pro
595 5533 901 5605 βασανίζειν
954 5533 1073 5588 cod.
1111 5531 1236 5605 Yat.
1274 5532 1487 5605 scribit,
1539 5530 1798 5605 βαδὲζειν,

222 5615 279 5658 et
306 5601 453 5657 vers.
487 5601 602 5669 seq.
628 5618 723 5670 pro
752 5601 1026 5671 βαδιστέος
1061 5602 1221 5656 habet
1253 5602 1550 5672 χωρητέος.
1588 5602 1799 5672 Fusus.

298 5675 411 5745 (δὴ
465 5674 586 5727 ΙΙωο
626 5676 784 5726 verba
852 5673 1471 5756 μηδὲ-’ἐνδεχομένουιιι
1520 5671 1798 5750 subdiiitia

227 5742 707 5813 pra'termittuntur
747 5759 775 5797 a
826 5742 945 5798 cod.
987 5742 1103 5798 Val.
1135 5742 1262 5808 030,
1326 5743 1418 5809 qui
1476 5758 1573 5809 pro
1618 5744 1798 5794 statim

1917 5316 2165 5383 sequenti
2204 5312 2369 5369 verbo
2404 5313 2663 5376 τεθεικὼς
2702 5315 2851 5381 ponit
2876 5312 3195 5368 adverbium
3238 5313 3493 5372 θετικῶν.

1914 5387 2237 5459 ldemvecs.
2275 5394 2395 5459 post
2432 5393 2611 5445 sexto,
2647 5385 2734 5453 qui
2771 5385 2911 5438 inter
2953 5384 3269 5438 ἀποστόλων
3318 5398 3372 5440 et
3418 5386 3497 5459 τῷ

1912 5458 2100 5511 inserit
2131 5456 2261 5507 τῶν.
2300 5455 2377 5508 Id.

1986 5526 2096 5593 (63)
2130 5524 2233 5579 Pro
2258 5525 2612 5594 παγκρατοῦς
2632 5525 2769 5577 idem
2792 5524 3291 5593 Ιεςῑιπανσθενοῦς.
3318 5524 3495 5583 Versu

1912 5598 2037 5649 inde
2076 5596 2257 5658 tertio,
2312 5597 2512 5667 omittit
2544 5599 2680 5648 idem
2734 5595 2822 5647 illa
2882 5596 3066 5655 verba,
3124 5595 3497 5667 ἀρνησώμεθα

1910 5667 2071 5720 αὐτόν
2126 5676 2175 5717 ct
2229 5668 2344 5717 vice
2398 5664 2607 5738 illorum
2662 5668 2831 5738 solum
2882 5667 3029 5733 ponit
3077 5664 3493 5738 ἀπιστήσωμεν.

1915 5736 2068 5792 Veis.
2107 5750 2223 5804 seq.
2262 5744 2378 5804 post
2408 5735 2753 5804 ἀρνήσασθαι
2790 5740 2991 5789 omittit
3024 5738 3149 5802 γάρ.
3196 5738 3268 5790 In.
