3976 6452
215 334 333 399 997

987 326 1524 388 EPISTOLARUM
1558 325 1706 385 LIB.
1749 324 1864 385 ΙῙῙ.
1902 351 1972 359 -
2013 325 2250 408 EPIST.
2287 327 2748 389 CCCXXXV'III.

3434 329 3537 394 998

211 447 465 509 διανοίας
512 439 913 505 καταδέξασθαι
983 443 1047 494 τὸ
1114 439 1248 509 ὕψος
1284 438 1393 490 τῶν
1454 438 1825 508 λελεγμένων;

1940 441 2218 508 cupiamus
2257 442 2496 510 quidem,
2533 442 2693 495 linem
2731 439 2968 496 fortasse
3012 439 3192 495 facere
3244 457 3531 512 queamus.

217 540 288 593 El
327 535 511 591 δὲκαὶ
545 533 1103 606 τὴναντιδιαστολὴν
1156 531 1529 602 βασανίσειας,
1578 531 1831 600 εὑρήσεις

221 634 402 706 αὐτὴν
427 632 602 695 οὕτως
639 632 964 702 εἰρημένην,
1010 630 1085 692 ὡς
1127 630 1256 699 παρ’
1289 628 1449 698 ἡμῶν
1475 627 1822 712 ἡρμηνευθη.

219 728 367 782 Οὔτε
399 726 507 797 γὰρ
538 721 711 787 εἶπεν,
754 724 827 776 Οὐ
852 722 1076 776 δύναται
1111 722 1138 774 ὁ
1168 719 1296 782 Υἱὸς
1313 720 1490 771 ποιεῖν
1516 719 1607 785 ἀφ’
1634 716 1830 769 ἑαυτοῦ

230 821 413 882 οὐδὲν,
443 820 538 872 ἐὰν
596 816 671 888 μὴ
699 816 842 889 λάϐῃ
865 815 925 868 τὸ
954 812 1220 866 δύνασθαι
1253 811 1407 880 παρὰ
1444 809 1541 863 τοῦ
1591 809 1829 880 Πατρός.

220 911 403 964 Τοῦτο
431 909 541 978 γὰρ
572 907 652 978 τῷ
679 907 818 969 δντι,
848 905 926 976 τῷ
962 904 1038 975 μὴ
1067 902 1830 971 δύνασθαι,ἁντιδιασταλῆναι

221 1000 397 1070 ἐχρῆν
452 997 592 1068 (εἴγε
631 996 916 1050 ἀσθένειαν
962 993 1128 1048 αὑτοῦ
1167 995 1496 1064 κατηγορεῖν
1537 990 1731 1062 ἔμελλε
1763 991 1826 1043 τὸ

225 1091 441 1163 ρηθέν)·
491 1090 632 1144 ἀλλὰ
681 1090 772 1153 τίς
809 1108 827 1141 ι
869 1088 996 1142 Ἐὰν
1048 1088 1180 1160 μήτι
1231 1086 1404 1157 βλέπῃ
1455 1085 1547 1139 τὸν
1604 1083 1824 1156 Πατέρα

225 1183 511 1237 ποιοῦντα.
547 1201 565 1234 ι
618 1182 783 1252 Ὁρᾷς
811 1180 928 1244 πῶς
953 1179 1053 1250 τὴν
1083 1179 1356 1250 ἰσοτιμίαν
1384 1178 1479 1232 καὶ⁸
1510 1177 1572 1230 τὺ
1617 1177 1824 1237 ἰσοσθε-

220 1276 338 1340 νὲς,
375 1278 470 1330 καὶ
491 1278 553 1329 τὸ
594 1275 880 1346 ὁμοούσιον
922 1273 1234 1345 κηρύττει,

1934 528 2301 596 Quamobrem
2332 531 2435 585 -ltis
2485 530 2893 600 praetermissis.
2949 543 2979 583 a
3026 530 3341 585 nostrismct
3404 531 3535 600 ipsis

1928 625 2104 693 rebus
2131 631 2510 689 argumentum
2536 624 2816 677 ducamus.
2854 619 2998 675 Nihil
3029 637 3057 673 a
3103 622 3296 691 seipso
3359 621 3535 680 facit?

1932 711 2091 781 Atqui
2135 726 2256 775 nos,
2288 711 2485 779 quibus
2520 712 2860 788 nihilvilius
2893 723 3057 780 atque
3089 712 3357 781 abjectius
3401 714 3530 782 litigi

1930 814 2135 875 potest,
2173 805 2342 858 multa
2385 820 2413 859 a
2448 805 2604 858 nobis
2635 803 2889 867 facimus,
2921 819 2986 858 ac
3021 803 3212 858 vitium
3273 803 3533 874 fugimus,

1934 907 1990 952 et
2019 898 2278 952 virtutem
2305 905 2710 952 consectantur.
2736 896 2892 962 Quod
2924 896 2968 951 si
3005 895 3140 949 nihil
3165 911 3193 949 a
3220 888 3375 951 nobis
3405 899 3536 964 ipsis

1936 989 2198 1054 iacimus,
2236 1005 2339 1046 nec
2371 1006 2493 1044 cum
2525 1003 2843 1059 peccamus,
2883 987 3152 1059 supplicio
3189 987 3316 1059 jure
3356 986 3538 1046 aftici-

1935 1098 2079 1150 mur,
2117 1090 2219 1138 nec”
2240 1097 2362 1138 cum
2396 1083 2599 1136 virtute
2633 1081 2835 1150 aliquid
2863 1083 3125 1150 gerimus,
3151 1095 3386 1135 coronas
3405 1098 3537 1134 cou-

1935 1175 2242 1243 sequimur.
2273 1172 2507 1228 Videsne
2541 1171 3007 1242 Quemadmodum
3061 1170 3313 1226 vocabuli
3355 1172 3536 1225 humi‘

1935 1265 2060 1321 litas
2086 1280 2209 1319 cum
2237 1278 2467 1319 excessu
2498 1263 2696 1334 posita,
2744 1260 3013 1334 malignos
3036 1263 3203 1318 etiam
3237 1274 3292 1316 et
3325 1278 3536 1332 pra-po-

230 1380 418 1426 steros
470 1371 718 1426 homines
769 1369 1024 1434 adducat,
1059 1380 1118 1423 ut
1164 1373 1372 1429 eorum,
1405 1380 1527 1436 quae
1572 1365 1714 1420 dicta
1754 1373 1900 1427 sunt,
1944 1361 2356 1417 sublimitatem
2388 1361 2478 1429 pio
2523 1374 2687 1414 sensu
2736 1359 3056 1431 excipiant?
3086 1359 3238 1426 Quod
3277 1359 3323 1414 si
3370 1360 3536 1414 etiam

223 1464 637 1518 distinctionem
673 1463 845 1529 ipsam
875 1460 1151 1531 expendas
1185 1473 1346 1513 :eam
1375 1460 1473 1524 ita,
1509 1466 1566 1512 ut
1603 1473 1632 1511 a
1669 1457 1826 1511 nobis
1865 1453 2215 1524 explanatum
2275 1463 2378 1514 est,
2459 1452 2659 1506 dictam
2739 1467 2866 1508 esse
2944 1452 3272 1522 companies.
3341 1451 3533 1522 Neque

224 1556 375 1610 enim
406 1557 540 1610 dixit
573 1573 586 1608 :
615 1553 732 1607 Non
769 1562 941 1623 potest
987 1552 1155 1607 Filius
1190 1569 1218 1606 a
1257 1552 1437 1623 scipso
1477 1551 1658 1606 facere
1687 1548 2004 1619 quidquam,
2041 1547 2146 1600 nisi
2172 1554 2500 1613 potestatem
2537 1559 2567 1599 a
2601 1546 2760 1600 Patre
2833 1548 3110 1614 acceperit
3190 1546 3318 1619 (hoc
3380 1546 3531 1598 enim

223 1662 419 1702 revera
447 1647 778 1717 impotentia:
819 1660 914 1714 per
941 1644 1362 1699 distinctionettt,
1425 1639 2002 1718 adjungipoportebat,
2039 1640 2082 1694 si
2146 1639 2249 1692 hoc
2299 1639 2503 1692 dictum
2564 1632 2996 1692 imbecillitatem
3071 1637 3244 1708 ipsius
3286 1639 3540 1708 proditu-

223 1752 348 1791 rum
391 1736 787 1806 erat),'verum
833 1735 1005 1806 quid?
1062 1753 1082 1786 ι
1122 1734 1236 1789 Nisi
1296 1736 1438 1803 quod
1484 1734 1680 1788 viderit
1751 1732 1970 1786 Patrem
2037 1729 2354 1786 facientem.
2395 1747 2412 1781 ι
2468 1727 2816 1799 PerSpicisne
2883 1745 3121 1798 quanam
3145 1739 3306 1800 pacto
3372 1729 3540 1782 hono-

225 1831 305 1885 ris
332 1846 399 1884 ac
421 1829 634 1884 roboris
657 1829 1048 1898 mqualitatem,
1076 1828 1432 1898 eamdemque
1459 1828 1822 1883 substantiam
1863 1824 2159 1898 praedicet?

439 1932 627 2006 ΤΛΕΓ⁸
671 1969 739 1981 -——
792 1938 1004 1992 ΗΡΩΝΙ
1043 1938 1613 2008 ΠΟΛῙΤΕΥΟΜΕΝῼ.

297 2126 425 2188 Τοῖς
465 2127 522 2178 ὲν
554 2127 619 2196 τῇ
655 2127 851 2196 σκηνῇ,
896 2124 941 2177 ὡ
995 2124 1266 2195 βέλτιστε,
1307 2124 1514 2195 σπουδὴ
1566 2124 1825 2194 μεγίστη,

221 2216 286 2270 οὐ
334 2216 397 2268 τὸ
450 2215 808 2287 σωφρονίζειν
867 2217 1097 2279 πολλοὺς
1157 2217 1271 2279 τοῖς
1312 2216 1688 2288 σκώμμασιν,
1754 2216 1830 2280 ὡς

221 2309 383 2379 ἔφης,
417 2309 636 2374 σαυτὸν,
677 2309 771 2362 καὶ
817 2309 945 2370 τοὺς
993 2308 1291 2373 ἀκούοντάς
1328 2325 1422 2362 σου
1461 2308 1828 2379 παραλογιζόο

235 2416 421 2470 μενος,
485 2400 622 2453 ἀλλὰ
667 2401 728 2452 τὸ
777 2400 1006 2464 πολλοὺς
1057 2401 1419 2472 ἁμαρτάνειν.
1496 2402 1582 2456 Ἐν
1610 2401 1719 2472 γὰρ
1761 2404 1829 2472 τῇ

223 2488 401 2559 κακία
429 2489 536 2542 τῶν
572 2489 782 2544 θεατῶν
821 2491 920 2561 τὴν
960 2491 1266 2563 εὐημερίαν
1304 2490 1544 2561 ἔχουσιν,
1597 2491 1741 2544 ὥστε
1775 2492 1824 2543 εί

226 2583 430 2636 ἐκεῖνοι
497 2580 738 2652 βελτίους
793 2582 1058 2651 γένοιντο,
1101 2583 1311 2646 τούτοις
1355 2584 1421 2637 ἂν
1487 2583 1745 2638 ἀπόλοιτο
1795 2585 1828 2654 ή

223 2671 418 2743 τέχνη.
444 2671 584 2726 Οὔτε
604 2667 696 2726 οὖν
718 2673 926 2727 ἕλοιντο
947 2673 1329 2746 ἐπανορθῶσαι
1354 2675 1482 2738 τοὺς
1507 2675 1827 2737 πταίοντας,

225 2763 325 2819 καὶ
389 2763 753 2835 βουληθεῖσιν,
807 2766 906 2835 οὐχ
940 2761 1059 2820 οἷόν
1104 2784 1184 2822 τε.
1223 2767 1442 2838 Πέφυκε
1486 2766 1594 2838 γὰρ
1645 2766 1830 2830 αὐτοῖς

225 2856 323 2908 ἐπὶ
355 2854 419 2908 τὸ
453 2853 715 2925 βλάπτειν
746 2858 778 2927 ἡ
821 2857 1076 2928 μίμησις.

504 3150 672 3204 ΤΛΖ⁹.
709 3179 780 3191 -
811 3150 1140 3222 ΘΕΟΔΟΣΙῼ
1175 3148 1550 3221 ΕΠΙΣΚΟΠῼ.

2047 1931 2426 1992 CCCXXXV‘I.
2485 1961 2556 1976 -—
2623 1930 2880 1986 llERONl
2933 1930 3434 1989 REMPUBLICAM

2578 2001 2904 2059 GEIKEN'I‘I.

2007 2114 2286 2182 Scenieis,
2327 2114 2413 2167 vir
2443 2113 2671 2182 optime.
2716 2127 2990 2168 summum
3021 2113 3123 2168 hoc
3161 2114 3402 2170 studium
3433 2124 3539 2178 cst,

1939 2224 2048 2264 non
2084 2219 2141 2262 ut
2170 2224 2268 2279 per
2293 2207 2533 2274 ipsorum
2561 2207 2788 2262 cavillus
2831 2206 2986 2260 multi
3026 2206 3288 2263 meliores
3313 2207 3542 2263 reddan-

1933 2310 2022 2353 tur
2066 2299 2550 2371 (quemadmodum
2607 2299 2726 2368 ipse
2771 2299 2981 2365 dixisti,
3019 2300 3277 2369 teipsum,
3309 2311 3365 2355 et
3418 2315 3536 2365 eos,

1935 2393 2026 2462 qui
2060 2403 2110 2447 te
2133 2393 2384 2459 audiunt,
2420 2391 2742 2464 decipiens),
2775 2408 2964 2451 verum
2999 2404 3056 2448 ut
3102 2394 3256 2449 tnnlti
3291 2405 3538 2463 peccent.

1934 2486 2146 2541 Etenim
2175 2488 2620 2555 inspectatorum
2654 2486 3010 2556 improbitate
3036 2486 3352 2543 felicitatem
3384 2504 3542 2543 suam

1932 2580 2288 2634 constitutam
2335 2579 2560 2633 habent.
2616 2577 2693 2632 lta
2741 2578 2823 2642 lit,
2858 2579 2985 2634 utsi
3030 2580 3103 2633 illi
3139 2580 3389 2636 meliores
3420 2577 3543 2634 εἰεί-

1933 2672 2172 2735 ciautur,
2204 2686 2301 2725 sua
2337 2672 2424 2726 bis
2460 2686 2552 2725 ars
2573 2671 2816 2740 peritura
2853 2672 2944 2726 sit.
2977 2669 3147 2744 3-89
3172 2672 3540 2740 Quamobrem

1933 2778 2034 2818 nec
2059 2777 2296 2832 unquam
2329 2777 2446 2826 eos,
2473 2761 2565 2832 qtti
2606 2762 2951 2832 delinquunt,
3009 2766 3289 2834 corrigere
3337 2765 3392 2818 in
3425 2766 3544 2818 ani-

1933 2871 2085 2911 mum
2136 2857 2478 2922 induxcrint,
2509 2869 2632 2922 nec,
2669 2856 2938 2926 si't‘elint,
2966 2857 3019 2912 id
3057 2859 3289 2928 possint.
3325 2857 3542 2912 Mimica

1933 2950 2080 3004 enim
2109 2965 2296 3007 eorum
2337 2965 2428 3006 ars
2450 2956 2644 3004 natura
2695 2955 3076 3007 tantummodo
3132 2953 3201 3007 ad
3234 2951 3543 3007 nocendum

1935 3049 2249 3111 comparata
2278 3050 2380 3096 est.

2061 3138 2467 3209 cccxxxvu;
2498 3183 2571 3195 -
2601 3151 3002 3209 THEODOSIO
3040 3149 3407 3208 EPISCOPO.

331 3282 520 3349 Ωσπερ
546 3278 769 3348 ἄριστος
801 3277 984 3349 ἰατρὸς
1013 3276 1178 3349 τέχνῃ
1212 3277 1349 3350 πρὸς
1381 3278 1704 3349 συμμαχίαν
1731 3279 1828 3350 τῆς

2009 3300 2479 3370 Quemadmodum
2516 3300 2754 3369 optimus
2807 3300 3054 3355 medicus
3114 3302 3179 3354 ad
3225 3301 3549 3370 a’grotantis

227 3369 625 3443 ἀρρωστούσης
683 3370 902 3439 φύσεως
954 3368 1319 3440 ὡπλισμένος,
1373 3371 1502 3423 ὅταν
1565 3370 1832 3444 πολύτρο-

229 3479 325 3515 ποι
359 3461 472 3532 (65)
503 3461 829 3532 νοσημάτων
859 3461 999 3515 ἰδέαι
1023 3462 1085 3514 τὸ
1121 3462 1282 3533 σῶμα
1309 3463 1665 3536 πολιορκῶσι,
1694 3465 1832 3534 πρὸς

226 3553 290 3608 τὺ
321 3556 648 3621 κατεπεῖγον
690 3553 980 3622 ἱστάμενος
1014 3552 1083 3621 (ὁ
1131 3553 1241 3622 γὰρ
1284 3552 1403 3619 ἐξὸν
1443 3553 1635 3617 σῶσαι,
1673 3572 1830 3626 περι-

229 3643 510 3715 ορῶν,τῆς
536 3643 810 3704 ἀπωλείας
831 3642 1077 3714 δηλονότι
1107 3643 1308 3713 αἴτιος)
1344 3643 1412 3697 τὰ
1439 3645 1707 3716 ἀναϐολὴν
1739 3645 1834 3699 καὶ

231 3734 532 3806 ὑπέρθεσιν
573 3734 936 3805 ἐπιδεχόμενα
963 3738 1123 3805 τηρεῖ
1153 3735 1406 3807 δεύτερα,
1435 3736 1522 3789 ἵνα
1556 3736 1632 3808 μὴ
1658 3736 1832 3790 ταῦτα

230 3829 396 3895 δόξας
427 3825 802 3896 νενικηκέναι,
858 3823 949 3879 ὑπ’
996 3827 1206 3880 ἐκείνου
1241 3825 1381 3901 λάθῃ
1413 3826 1715 3898 νικώμενος
1735 3828 1830 3882 τοῦ

229 3921 329 3974 καὶ
375 3920 475 3990 τὴν
525 3918 759 3982 δόξασαν
805 3918 1136 3988 γεγενῆσθαι
1166 3918 1326 3989 νίκην
1355 3920 1436 3982 εἰς
1475 3915 1645 3991 ἧτταν
1672 3938 1832 3991 περι-

227 4011 543 4085 τρέποντος·
573 4010 715 4065 οὕτω
745 4013 837 4066 καὶ
865 4012 1048 4078 αὐτὸς,
1079 4015 1145 4084 τῇ
1180 4013 1392 4066 συνέσει
1421 4003 1521 4084 τὴν
1549 4015 1646 4084 τῆς
1668 4013 1832 4086 θερα-

231 4106 398 4170 πείας
422 4105 532 4158 τῶν
558 4105 753 4174 ψυχῶν
783 4106 1096 4176 ἐπιστήμην
1131 4105 1394 4176 κεράσας,
1423 4107 1560 4177 πρὸς
1611 4106 1672 4159 τὸ
1697 4123 1832 4160 κατ-

227 4201 454 4266 επείγον
506 4196 722 4268 βλέψον.
791 4197 1032 4250 Ἐκείνου
1083 4197 1194 4268 γὰρ
1245 4196 1487 4260 ίαθέντος
1543 4197 1699 4262 ἐλπὶς
1735 4199 1832 4251 καὶ

225 4294 302 4347 τὰ
329 4292 495 4346 λοιπὰ
521 4291 970 4362 συνιαθήσεσθαι.

750 4589 929 4645 ΤΛΗ’.
961 4622 1030 4632 -
1058 4590 1314 4645 ΩΡΙΩΝῘ.

300 4722 369 4775 Al
423 4721 524 4793 μὲν
574 4721 669 4775 τοῦ
711 4719 968 4791 σώματος
1001 4723 1189 4792 ἡδοναὶ
1237 4724 1522 4793 στωμύλαι
1555 4723 1667 4794 (66)
1700 4725 1827 4793 εἰσὶ,

228 4817 329 4869 καὶ
368 4815 547 4868 δειναὶ
587 4813 902 4882 γοητεῦσαι,
938 4815 1032 4868 καὶ
1076 4816 1166 4867 τὸν
1208 4815 1470 4886 λογισμὸν
1496 4818 1594 4886 τῆς
1628 4818 1833 4888 ἡγεμο-

226 4905 350 4968 νίας
400 4904 708 4970 ὲκῦάλλειν,
767 4906 859 4958 καὶ
910 4907 1089 4960 πάντα
1142 4906 1255 4961 ἄνω
1305 4909 1401 4960 καὶ
1430 4909 1583 4962 κάτω
1631 4913 1827 4966 ποιεῖν.

241 4995 384 5048 Ἀλλ’
416 4998 465 5048 εἰ
494 4997 521 5048 ὁ
551 4996 721 5067 θυμὸς
743 4989 829 5067 τῷ
859 4997 1106 5068 λογισμῷ
1140 5001 1544 5069 συμμαχήσειε,
1575 5000 1670 5054 καὶ
1690 5001 1829 5055 καθ-

228 5089 376 5158 άπερ
406 5089 757 5159 ὑπασπιστὴς
808 5078 1019 5159 βασιλεῖ
1052 5091 1409 5157 ὑπακούσειε,
1447 5092 1645 5165 ῥᾳδίως
1685 5095 1828 5146 ἐκεῖ·

229 5197 320 5233 ναι
378 5180 978 5251 καταγωνισθήσονται.
1033 5182 1260 5246 Δικαίας
1312 5185 1422 5256 γὰρ
1475 5185 1646 5254 ὀργῆς
1703 5187 1825 5238 κατ’

226 5271 412 5328 αὐτῶν
461 5273 776 5345 κινηθείσης
828 5275 928 5344 οὐχ
975 5276 1373 5346 ὑποστήσονται
1426 5278 1525 5348 τὴν
1569 5278 1822 5350 ἀπειλὴν,

1860 4649 1907 4704 D

1939 3407 2144 3452 natura:
2199 3391 2502 3450 subsidium
2555 3405 2673 3448 arte
2722 3395 3022 3448 insuuctus
3043 3406 3099 3451 ct
3124 3403 3546 3458 armatus,cum

1936 3483 2105 3538 variis
2140 3483 2451 3538 morborum
2490 3482 2785 3550 generibus
2847 3499 3046 3553 corpus
3098 3484 3401 3550 obsidetur,
3452 3487 3543 3539 ad-

1937 3590 2127 3630 versus
2185 3590 2333 3638 eum,
2370 3574 2462 3644 qui
2501 3576 2680 3630 acrius
2728 3584 2884 3644 urget
2950 3578 3000 3629 in
3053 3579 3336 3647 procinctu
3388 3591 3542 3636 stans

1938 3669 2049 3739 (qui
2081 3668 2223 3721 enim
2249 3683 2370 3721 cum
2403 3668 2634 3722 salutem
2685 3666 2881 3722 afferre
2932 3669 3113 3734 liccat,
3144 3671 3416 3726 id—lacere
3444 3688 3541 3727 ne-

1936 3759 2108 3832 gligit,
2139 3760 2394 3814 interitus
2427 3759 2638 3815 scilicet
2679 3777 2843 3816 causa
2895 3763 3002 3834 εει)
3042 3778 3160 3829 eos,
3198 3765 3288 3834 qui
3329 3781 3540 3820 moram

1937 3868 2001 3907 ac
2050 3852 2366 3906 dilationem
2404 3853 2729 3920 admittunt,
2790 3854 2841 3908 in
2905 3855 3177 3925 posterius
3224 3868 3430 3920 servat,
3473 3872 3542 3913 ne

1936 3943 2138 4012 alioqui
2166 3984 2179 4008 ,
2214 3942 2353 4004 dum.
2382 3943 2480 3998 bos
2527 3944 2725 3998 vicisse
2772 3946 2874 3999 sibi
2921 3948 3154 4012 videtur,
3196 3948 3265 4002 ab
3297 3949 3411 4014 illo,
3447 3950 3538 4019 qui

1936 4038 2096 4092 etiam
2132 4035 2418 4089 victoriam
2463 4049 2607 4099 eam,
2641 4051 2762 4106 quae
2809 4038 3090 4094 exstitisse
3138 4039 3444 4105 videbatur,
3484 4040 3539 4094 in

1935 4125 2145 4180 cladem
2204 4126 2493 4190 convertit,
2549 4126 2864 4194 imprudens
2923 4139 3213 4197 superetur
3269 4148 3282 4183 :
3343 4131 3536 4186 eodem

1936 4219 2097 4272 modo
2127 4229 2180 4271 tu
2209 4231 2424 4286 quoque
2481 4220 2860 4272 ntandatarum
2906 4221 3214 4275 animarum
3250 4222 3537 4277 scientiam

1935 4309 2222 4379 prudentia
2277 4316 2612 4379 temperans,
2661 4312 2727 4365 ad
2764 4312 2838 4376 id,
2873 4314 3014 4381 quod
3070 4316 3302 4386 amplius
3359 4327 3540 4388 urget,

1936 4402 2220 4456 oculorum
2261 4403 2434 4457 aciem
2473 4403 2709 4458 intende.
2746 4403 2883 4458 Nam
2935 4422 3001 4461 eo
3044 4417 3257 4474 sanato,
3292 4424 3417 4480 spes
3451 4420 3543 4466 est.

1938 4492 2058 4549 fore
2092 4504 2151 4549 ut
2177 4495 2381 4565 reliqua
2409 4496 2574 4552 etiam
2607 4506 2889 4550 sanentur.

2328 4600 2756 4659 CCCXXXVUI.
2781 4631 2848 4642 ——
2879 4601 3137 4660 ORIONI.

2015 4728 2268 4798 Corporis
2301 4728 2519 4800 quidem
2555 4730 2861 4800 voluptates
2901 4730 3093 4801 lepidae
3120 4743 3268 4797 sunt,
3305 4748 3540 4804 eamque

1937 4820 2047 4873 vim
2082 4820 2281 4874 habent
2314 4829 2373 4874 ut
2397 4821 2670 4876 hominem
2701 4821 2849 4874 velut
2884 4821 3176 4890 praestigiis
3207 4826 3535 4893 quibusdam

1938 4915 2186 4980 illiciant,
2217 4931 2279 4970 ac
2307 4919 2574 4972 rationem
2607 4932 2636 4972 e
2677 4919 2982 4988 principatu
3025 4920 3341 4986 exturbent,
3367 4932 3537 4994 atque

1937 5006 2119 5059 omnia
2148 5021 2363 5060 sursum
2401 5018 2455 5061 et
2479 5009 2732 5062 deorsum
2785 5010 3070 5064 misceant.
3107 5010 3176 5064 At
3218 5013 3262 5066 si
3315 5012 3393 5066 ira
3444 5029 3536 5066 ra-

1942 5096 2071 5150 tioni
2105 5100 2381 5168 suppetias
2408 5098 2568 5164 ferat,
2605 5115 2667 5154 ac
2718 5111 2972 5170 tanquam
3002 5103 3234 5172 stipator
3262 5106 3371 5174 regi
3405 5107 3538 5162 obe-

1937 5187 2178 5243 dientem
2206 5205 2264 5245 se
2295 5193 2558 5260 praebeat,
2584 5191 2728 5246 facili
2758 5194 2974 5264 negotio
3005 5194 3109 5249 illa:
3135 5198 3533 5266 opprimentur.

1935 5277 2086 5334 Justa
2115 5282 2257 5335 enim
2309 5282 2388 5336 ira
2437 5283 2702 5340 adversits
2735 5300 2830 5341 eas
2860 5287 3121 5352 excitata,
3163 5289 3338 5343 minas
3390 5291 3535 5346 haud

1305 5479 1535 5537 νΑΒΙᾹΞ
1573 5480 1965 5539 LECTlONES
2001 5483 2091 5537 ET
2131 5483 2365 5540 NOTAE.

301 5631 414 5704 (65)
455 5629 790 5704 Πολρτροποι
818 5633 882 5687 ad
913 5634 1128 5691 eodem.
1163 5637 1283 5691 cod.
1324 5645 1567 5692 mutatur
1618 5639 1669 5693 in
1722 5660 1819 5694 πο-

223 5700 724 5828 negantiam.
755 5702 788 5756 4
813 5704 923 5759 (ειό
964 5705 1102 5761 tollit
1153 5707 1292 5761 idem
1338 5707 1492 5778 signa
1525 5713 1823 5780 parenthe~

226 5788 328 5828 sis.
460 5790 466 5798 '
508 5788 520 5825 I
564 5811 574 5826 ι

226 5788 328 5830 IIS.
363 5788 574 5828 I’OSSIN.

2005 5639 2118 5713 (66)
2153 5641 2289 5721 Coll.
2329 5644 2446 5699 Val.
2486 5646 2611 5711 650,
2636 5646 2884 5721 αίμιξλαι.
2918 5645 3087 5721 Versu
3122 5650 3284 5718 epist.
3324 5653 3529 5721 penult.

1936 5715 2393 5782 παρεσκευάσατο
2419 5731 2516 5787 pro
2554 5715 2996 5786 παρεκελεύσατο
3021 5715 3168 5792 legit;
3215 5721 3289 5777 lb.
