3976 6426
518 334 621 398 999

520 537 799 592 victoriam
835 527 1050 589 rationi,
1095 540 1213 594 quia
1259 526 1449 578 victrix
1502 538 1623 579 esse
1669 522 1852 585 debet,
1887 533 2084 574 conce-

519 629 726 683 dentes.
763 622 935 688 Atque
960 619 1063 671 hoc
1093 615 1342 684 estquod
1374 612 1581 668 Psaltes
1615 613 1829 682 quidem
1862 609 2085 671 monuit,

519 725 573 770 tu
603 724 783 766 autem
841 707 1137 775 intelligere
1172 705 1324 774 cupis
1357 721 1371 756 :
1411 722 1428 754 ι
1471 702 1786 765 Irascitnini,
1825 710 1878 754 et
1924 700 2088 754 nolito

551 818 745 860 eccare
768 802 832 853 ⁸⁸.
877 819 895 852 ι

551 821 745 860 eccare
768 821 832 853 ··.
877 821 895 852 ι

517 821 893 967 :CCXXXIX.
949 927 1018 942 --
1098 898 1538 955 NEMESSIANO
1596 891 2084 951 SCllOLAS'l'lCO.

589 1014 1046 1086 Quemadmodum
1082 1010 1309 1080 gentiles
1338 1017 1390 1064 et
1420 1007 1633 1062 Iudaeos
1653 1047 1668 1069 ,
1691 1016 1745 1060 et
1770 1007 1812 1061 si
1841 1005 1931 1073 qui
1959 1013 2086 1058 sunt

516 1113 610 1182 qui
644 1121 827 1164 eorum
875 1106 1123 1174 dogmata
1156 1110 1552 1164 consectentur,
1581 1100 1772 1166 impios
1820 1109 1876 1149 et
1906 1110 2088 1149 vecor-

515 1203 610 1255 des
642 1211 760 1252 esse
785 1205 985 1257 statuo,
1017 1194 1158 1262 quod
1191 1195 1476 1261 prophetas
1524 1191 1656 1243 nihil
1710 1191 1776 1243 de
1807 1186 2088 1241 Salvatore

516 1291 717 1343 locutos
741 1300 862 1340 esse
893 1283 1269 1353 pronuntient:
1298 1280 1486 1334 eodem
1521 1279 1677 1332 modo
1699 1291 1813 1342 cos,
1845 1278 1932 1344 qui
1965 1277 2085 1330 uni-

516 1394 729 1436 versum
784 1377 952 1430 Vetus
997 1373 1400 1429 Testamentum
1452 1371 1518 1426 ad
1571 1373 1741 1440 ipsum
1796 1367 2087 1422 ιταιιδῐεεεο

517 1480 777 1525 conantur
809 1467 964 1535 culpa
1005 1464 1221 1517 minime
1261 1475 1448 1517 carere
1483 1465 1675 1527 sentio,
1713 1458 1897 1529 utqui
1929 1459 1982 1513 in
2021 1473 2083 1512 ea

516 1576 716 1632 pugna,
769 1572 931 1628 quam
995 1556 1278 1609 adversum
1333 1568 1430 1608 nos
1489 1554 1693 1616 ineunt,
1747 1550 2086 1605 adversarios

515 1651 786 1717 adjuvent.
838 1646 969 1702 Nam
995 1646 1122 1700 dum
1149 1663 1270 1718 quae
1295 1644 1360 1698 tle
1395 1643 1513 1712 ipso
1539 1658 1640 1695 non
1684 1652 1809 1695 sunt
1845 1644 1986 1697 dicta
2018 1641 2084 1695 ad

515 1743 689 1809 ipsum
715 1737 856 1791 velut
891 1737 1105 1791 obtorto
1138 1749 1266 1787 uaso
1313 1732 1526 1786 trahere
1585 1732 1649 1784 ab
1687 1732 1817 1801 ipsis
1859 1733 2084 1786 convins-
2116 1758 2157 1813 Β

513 1842 730 1894 cuntur,
749 1844 940 1882 eorum
975 1828 1136 1880 etiam
1182 1825 1235 1878 in
1290 1824 1392 1885 his,
1442 1838 1562 1893 qua:
1589 1837 1715 1877 vere
1764 1838 1828 1877 ac
1869 1823 2084 1877 disertis

519 1921 695 1976 verbis
723 1925 789 1974 de
816 1933 880 1974 co
909 1918 1046 1972 dicta
1080 1925 1227 1981 sunt,
1254 1913 1611 1983 suspicionem
1659 1917 1890 1980 pariunt.
1923 1914 2082 1983 Atqui

517 2029 622 2068 non
653 2015 727 2067 ita
749 2011 925 2065 facere
959 2009 1208 2064 convenit
1240 2025 1252 2060 :
1294 2022 1476 2061 verum
1509 2022 1568 2060 ea
1597 2008 1832 2076 quidem,
1865 2020 1982 2076 quae
2016 2009 2083 2059 ad

515 2118 637 2158 eum
695 2111 877 2170 aperte
935 2108 1198 2168 spectant,
1233 2097 1456 2161 dicere;
1490 2111 1606 2165 quae
1637 2106 1812 2150 autem
1858 2096 1922 2150 de
1951 2096 2082 2149 .aliis

517 2194 696 2257 rebus,
720 2206 782 2247 ea
817 2192 882 2245 de
912 2191 996 2244 his
1029 2191 1210 2253 rebus,
1237 2191 1303 2244 de
1342 2189 1538 2259 quibus
1568 2191 1712 2243 dicta
1764 2199 1908 2254 sunt,
1941 2190 2083 2243 dicta

514 2299 636 2339 esse
672 2284 870 2338 sinere.
900 2282 1030 2336 Nam
1079 2283 1191 2336 haec
1220 2283 1434 2337 domum
1478 2281 1722 2335 veritatis
1757 2295 1819 2334 ac
1859 2280 2082 2335 demon-

515 2377 793 2434 strationis
824 2377 1004 2444 regula
1049 2384 1149 2429 est.
1183 2374 1284 2441 Qui
1311 2384 1487 2429 autem
1535 2389 1621 2438 ea,
1676 2388 1793 2443 qua:
1843 2373 1908 2427 ad
1960 2387 2082 2427 eum

519 2467 736 2522 minime
783 2468 1034 2531 attinent,
1083 2464 1382 2537 proferunt,
1455 2466 1556 2521 hoc
1615 2464 1872 2528 efﬁciunt,
1919 2473 1974 2517 ιιι
2019 2477 2082 2519 ea

517 2558 708 2624 etiam,
732 2568 852 2627 qua:
883 2557 980 2626 ipsi
1014 2557 1362 2621 conveniunt,
1394 2564 1724 2608 evertuntur.

716 2648 961 2706 CCCXL.
1001 2679 1064 2690 —
1106 2645 1356 2703 ZOSIMO
1405 2638 1879 2701 PRESBYTERO.

583 2760 680 2816 Vir
703 2760 915 2830 quidam
944 2759 1198 2822 disertus,
1231 2765 1394 2827 atque
1427 2765 1481 2812 et
1509 2755 1746 2811 moribus
1775 2756 2000 2824 integer,
2027 2764 2083 2808 et

515 2853 626 2906 vita
661 2850 972 2920 splendidus
1007 2851 1162 2919 (nam
1208 2849 1349 2917 quod
1379 2849 1539 2902 etiam
1582 2847 1746 2918 390
1784 2847 1898 2916 ipse
1944 2844 2086 2898 lucu-

515 2943 654 2998 lenta
695 2942 1198 3012 dignitateoruatus
1237 2941 1326 3004 sit,
1355 2940 1678 3008 prmteribo:
1711 2936 1900 2992 umbra
1939 2936 2080 2992 enim

516 3035 617 3088 hoc
643 3043 727 3089 est
754 3043 809 3087 et
848 3031 1218 3101 insomnium),
1253 3046 1338 3086 me
1379 3023 1649 3092 convenit,
1680 3029 1913 3098 illudque
1958 3041 2082 3080 nar-

1676 323 1736 380 s.
1782 316 2068 381 lSlDORl
2117 312 2554 375 PELUSIOTIE

519 458 784 515 quaquam
820 437 1157 495 sustinebunt
1187 449 1198 488 :
1235 447 1416 486 verum
1450 434 1602 486 irrito
1622 441 1817 486 oonatn
1841 431 2079 488 abibunt,

2191 424 2324 477 ἀλλά
2371 422 2590 493 φροῦδοι
2637 421 2964 490 οἰχήσονται,
2993 417 3054 472 τὸ
3085 417 3286 504 νικᾲν,--
3305 415 3390 490 «εὖ
3869 413 3886 462 ῗίρ

3551 98 3566 142 ῗ
3758 112 3865 167 λὲιψ
3880 118 3895 135 ⁵

3618 172 3713 211 H.Js‘rft-r.
3794 180 3813 193 ﬁt
3826 168 3859 213 ,δέ

3555 277 3578 298 ..τ
3603 275 3616 288 ~'
3651 275 3678 300 ·;
3809 275 3838 296 :.-
3888 294 3891 303 ,

3551 427 3580 458 ι
3601 405 3756 458 μιν·
3869 413 3882 438 ⁵ί

2191 516 2336 566 λοντι
2383 512 2629 582 λογισμῷ
2679 513 3062 582 ἐπιτρέψασαι.
3105 511 3213 563 Kal.
3253 501 3408 564 τοῦτ’
3449 505 3602 566 Im

2189 608 2216 658 ό
2237 605 2489 676 Μελῳδὸς
2529 604 2630 675 μέν
2668 603 3108 669 παρεκελεύσατο
3123 642 3137 666 ,
3158 603 3224 655 σὺ
3242 601 3302 655 δέ
3325 599 3532 672 μαθεῖν’
3569 597 3768 670 13001-

2191 714 2290 760 σας
2317 714 2330 728 ·
2373 717 2392 749 ι
2443 695 2773 766 ὀργίζεσθε,
2806 697 2900 749 καὶ
2938 695 3011 764 μὴ
3041 695 3412 765 ἁμαρτάνετε.
3451 712 3469 744 ι

2363 893 2529 950 τΛΘ’.
2555 924 2625 934 -
2649 895 3090 967 ΝΕΜΕΣΣΙΔΝῼ
3130 895 3593 966 ΣΧΟΛΛΣΤΙΚῼ.

2261 1004 2472 1075 Ὠσπερ
2522 1003 2809 1076 Ἕλληνας,
2844 1004 2939 1058 καὶ
2983 1003 3295 1066 Ἰουδαίους,
3322 1005 3414 1056 καὶ
3445 1004 3498 1056 εί
3521 991 3665 1066 τινες
3699 1001 3764 1054 τά

2189 1094 2410 1147 ἐκείνων
2438 1092 2737 1162 ἐζήλωσαν,
2761 1093 2977 1156 ἀσεϐεῖς
3008 1107 3069 1144 τε
3100 1091 3197 1144 καὶ
3220 1091 3484 1160 ἀνοήτους
3513 1088 3628 1158 (67)
3655 1088 3764 1157 ὁρί-

2190 1184 2370 1249 ζομαι.
2428 1184 2892 1254 ἀποφαινομένους
2942 1186 3109 1258 μηδὲν
3180 1183 3314 1252 περὶ
3365 1181 3460 1236 τοῦ
3514 1180 3764 1249 Σωτῆρος

2187 1272 2312 1335 τοὺς
2355 1274 2637 1341 προφήτας
2697 1273 3002 1342 εἰρηκέναι·
3044 1272 3217 1336 οὕτως
3265 1272 3392 1335 τοὺς
3439 1272 3626 1323 πᾶσαν
3670 1267 3767 1339 τὴν

2190 1362 2430 1416 Παλαιὰν
2460 1365 2538 1425 είς
2567 1361 2725 1415 αὺτῦν
2758 1362 3080 1432 μεταφέρειν
3109 1361 3511 1435 πειρωμένους,
3541 1361 3643 1414 οὐκ
3663 1360 3767 1425 ἐξω

2188 1457 2365 1519 αἰτίας
2398 1454 2604 1524 τίθημι,
2648 1457 2742 1509 ἀτε
2773 1455 2837 1525 δὴ
2869 1456 2926 1508 ἐν
2954 1456 3020 1524 τῇ
3048 1453 3174 1506 καθ’
3206 1455 3365 1526 ήμῶν
3394 1455 3544 1524 μάχῃ
3570 1451 3769 1523 τρόπον

2187 1549 2307 1603 τινὰ
2353 1553 2464 1611 τοῖς
2507 1544 2765 1612 διαδίκοις
2816 1549 3290 1618 συμπράττοντας.
3345 1547 3438 1611 Τῷ
3473 1547 3586 1616 γὰρ
3615 1543 3766 1612 ἐλέγ-

2189 1640 2378 1711 χεσθαι
2419 1640 2548 1710 παρ’
2601 1641 2824 1693 ἐκείνων
2874 1647 3003 1707 περι
3049 1636 3213 1691 αὑτοῦ
3269 1638 3343 1707 μὴ
3383 1636 3651 1708 εἰρημένα
3688 1637 3769 1699 εἰς

2187 1731 2348 1786 αὐτὸν
2374 1731 2554 1784 ἕλκειν
2584 1730 2983 1800 ἐκϐιαζόμενοι,
3007 1726 3213 1780 τούτων
3239 1729 3343 1781 κάν
3367 1731 3481 1790 τοῖς
3514 1727 3644 1796 περὶ
3672 1726 3770 1780 αὒ-

2184 1824 2278 1877 τοῦ
2314 1823 2528 1894 ἀληθῶς
2567 1824 2658 1876 καὶ
2690 1820 2986 1894 διαρρήδην
3019 1819 3353 1892 είρημένρις,
3387 1820 3647 1872 ὑπόνοιαν
3684 1817 3768 1870 τί-

2186 1933 2390 1970 κτουσι.
2412 1914 2531 1986 Χρὴ
2559 1915 2603 1968 δ’
2627 1915 2724 1982 οὐχ
2742 1913 2936 1978 οὓτως,
2962 1912 3097 1966 ἀλλά
3117 1911 3186 1964 τά
3216 1908 3314 1980 μιν
3335 1910 3414 1970 είς
3428 1910 3594 1962 αὐτὸν
3621 1911 3768 1980 εἰρη-

2187 2006 2344 2076 μένα,
2373 2004 2560 2073 σαφῶς
2584 2006 2784 2072 λέγειν,
2804 2003 2871 2056 τά
2885 2003 2940 2056 δέ
2959 2001 3084 2070 περὶ
3102 1999 3278 2055 ἀλλων
3305 1997 3652 2068 πραγμάτων
3675 1999 3768 2068 ἐᾷν

2186 2099 2319 2168 περὶ
2342 2097 2568 2152 ἐκείνων
2615 2095 2888 2166 είρῆσϐαι,
2919 2096 3045 2162 περὶ
3071 2086 3146 2146 ὧν
3177 2092 3414 2162 εῑρηται.
3453 2081 3624 2150 Οὗτος
3660 2086 3767 2156 γὰρ

2187 2190 2280 2243 καὶ
2313 2188 2570 2259 ἀληθείας
2601 2187 2694 2240 καὶ
2721 2182 3046 2248 ἀποδείξεως
3076 2182 3220 2253 ὅρος.
3251 2179 3476 2234 Οἱδέτά
3500 2179 3579 2250 μὴ
3601 2194 3769 2250 προσ-

2185 2281 2383 2351 ήκοντα
2435 2279 2818 2348 προφέροντες,
2865 2275 2958 2328 καὶ
3007 2273 3075 2327 τὰ
3125 2273 3483 2342 προσήκοντα
3539 2269 3769 2339 ἀνατρέ-

2187 2369 2383 2423 πεσθαι
2417 2366 2913 2439 παρασκευάζουσι.

2465 2637 2601 2692 ma
2635 2667 2700 2678 —
2732 2624 2982 2707 zoziaip
3017 2633 3488 2705 ΠΡΕΣΒΥΤΕΡῼ.

2269 2749 2431 2819 Ἀνὴρ
2476 2748 2761 2819 ἐλλόγιμος
2789 2749 2880 2801 καὶ
2923 2746 3080 2816 όρθδς
3113 2746 3212 2816 μέν
3235 2745 3328 2799 τὸν
3370 2745 3596 2816 τρόπον,
3627 2739 3764 2814 λαμ-

2186 2839 2320 2911 πρὸς
2353 2839 2409 2893 δὲ
2439 2840 2530 2894 τὸν
2566 2840 2678 2910 βίον
2713 2839 2796 2911 (τὸ
2824 2839 2931 2910 γάρ
2963 2839 3056 2892 καὶ
3099 2837 3373 2908 ἀξιώματι
3405 2827 3570 2890 αὐτὸν
3624 2836 3764 2906 λαμ-

2186 2931 2312 3002 πρῷ
2372 2931 2769 3002 κεκοσμῆσθαι,
2825 2931 3072 3001 παρήσω·
3128 2930 3256 2984 σκιά
3307 2930 3415 3000 γάρ
3459 2929 3621 2982 τοῦτο
3671 2926 3767 2981 καὶ

2183 3022 2360 3093 δναρ),
2383 3021 2618 3092 ἐντυχὼν
2642 3023 2773 3093 ήμῖν
2799 3020 3245 3092 ἀπήγγειλεν,δτι
3267 3020 3541 3093 προσῆλθε
3567 3021 3666 3093 μὲν
3687 3019 3764 3088 τῷ

516 3127 652 3180 ravit
695 3139 753 3180 se
785 3124 852 3179 ad
896 3123 1262 3178 venerandum
1297 3120 1513 3190 quidem
1547 3119 1714 3173 altare
1759 3116 2074 3179 accessisse,

2191 3113 2368 3184 σεπτῷ
2401 3113 2772 3184 θυσιαστηρίῳ
2818 3112 2928 3167 τῶν
2957 3111 3115 3167 θείων
3150 3113 3472 3184 μυστηρίων
3526 3113 3762 3182 μεταλη-

515 3228 575 3270 ιιι
605 3216 784 3270 divina
819 3216 1072 3286 mysteria
1103 3213 1440 3284 perciperet:
1475 3219 1530 3264 at
1557 3211 1644 3266 ubi
1683 3217 1753 3275 te,
1787 3209 2076 3269 hominem,

515 3317 670 3360 :ctate
701 3305 914 3376 quidem
947 3319 1152 3366 senem,
1183 3303 1644 3373 dignitateautem
1685 3301 2076 3371 presbyterum,

517 3396 737 3450 libidine
771 3410 948 3449 autem
992 3395 1274 3466 vigentem,
1302 3403 1462 3462 atque
1488 3407 1696 3456 omnes,
1725 3403 1952 3462 quorum
1981 3389 2079 3443 iin-

517 3488 774 3556 pudicitia
797 3486 1072 3541 hominum
1101 3499 1347 3542 sermone
1369 3483 1689 3548 celebratur,
1716 3492 2080 3550 superantem,

517 3575 624 3628 illic
673 3582 850 3628 astare
898 3573 1197 3642 conspexit,
1227 3571 1414 3641 pedem
1449 3570 1739 3635 retulisse;
1789 3570 1930 3638 quod
1978 3568 2082 3621 sci-

519 3667 640 3720 licet
670 3664 941 3734 indignam
987 3678 1097 3720 rem
1135 3678 1253 3720 esse
1297 3662 1557 3724 duxisset.
1591 3671 1936 3720 sacrosancta
1969 3675 2084 3730 my.

517 3757 681 3812 steria
712 3772 806 3826 per
839 3758 1099 3824 impuram
1136 3769 1198 3810 ac
1224 3755 1504 3810 scelestam
1535 3765 1750 3809 manum
1779 3755 2078 3823 suscipere.

519 3845 629 3916 Ego
665 3861 789 3902 vero
820 3845 902 3902 Itis
948 3847 1139 3901 att-litis
1185 3857 1440 3919 quantum
1476 3848 1653 3901 animo
1692 3847 1882 3900 vulnus
1926 3862 2084 3904 acce-

519 3940 708 4007 perim,
753 3939 931 3993 dicere
981 3939 1382 4007 praetermittam
1431 3952 1445 3990 :
1480 3928 1672 4007 quibus
1695 3947 1871 3994 autent
1906 3938 2084 3993 verbis

519 4045 639 4083 eum
691 4030 1003 4098 gravissime
1055 4029 1513 4097 reprehenderim,
1558 4044 1842 4097 exponam.
1900 4030 2078 4095 Nullo,

517 4121 759 4188 inquam,
797 4120 1136 4183 detrimento,
1168 4121 1248 4171 vir
1277 4118 1690 4188 sapientissime.
1719 4119 1786 4185 is,
1809 4119 1899 4188 qui
1923 4121 2087 4173 susci-

2184 3207 2447 3276 ψόμενος’
2491 3204 2821 3276 θεασάμενος
2867 3203 2926 3258 δι
2970 3221 3028 3258 σε
3073 3205 3222 3276 αὐτῷ
3264 3204 3633 3280 παρεστῶτα.
3668 3207 3763 3261 άν-

2186 3297 2401 3367 θρωπον
2464 3297 2778 3370 πρεσϐύτην
2840 3284 2940 3369 μὶν
2995 3297 3093 3369 τήν
3151 3298 3393 3370 ἠλικίαν,
3459 3297 3763 3369 πρεσϐύτε-

2187 3405 2277 3458 ρον
2319 3390 2376 3442 δέ
2418 3391 2516 3460 τὴν
2546 3388 2724 3456 ἀξίαν,
2769 3389 3088 3461 ἀκμάζοντα
3128 3390 3185 3443 δὲ
3236 3394 3303 3462 τῇ
3348 3391 3612 3462 λαγνείᾳ,
3669 3391 3763 3445 καὶ

2187 3481 2392 3544 πάντας
2431 3482 2556 3544 τοὺς
2602 3483 2688 3534 ἐπ’
2736 3481 2991 3552 ἀσελγείᾳ
3036 3481 3399 3552 βεδοημίνους
3455 3483 3761 3555 ὑπερακον-

2185 3572 2429 3639 τίσαντα,
2453 3573 2533 3634 εἰς
2561 3573 2802 3627 τούπίσω
2831 3572 3138 3644 κεχώρηκε,
3170 3572 3245 3644 μὴ
3271 3572 3510 3649 ἀξιώσας
3547 3577 3617 3630 τά
3642 3575 3764 3648 ίερά

2190 3667 2462 3736 μυστήρια
2491 3665 2579 3718 διὰ
2611 3667 2812 3735 μιαρᾶς
2844 3665 3019 3738 χειρὸς
3047 3665 3321 3730 δέξασθαι.
3367 3667 3522 3736 Ἐγὼ
3544 3667 3593 3722 δ’
3615 3670 3762 3731 ὅπως

2189 3757 2288 3826 μὲν
2339 3757 2584 3827 ἐπλήγην
2630 3758 2726 3826 τὴν
2769 3757 2944 3828 ψυχὴν
2996 3757 3166 3811 ταῦτα
3205 3758 3468 3827 ἀκούσας,
3506 3762 3758 3833 παρήσω·

2183 3848 2219 3903 ἀ
2259 3851 2303 3902 δ’
2349 3851 2554 3902 ἐκεῖνον
2595 3850 2936 3919 κατακράτος
2968 3850 3326 3922 ἐμεμψάμην,
3358 3851 3520 3918 λέξω.
3574 3855 3757 3914 Οὐδὲν,

2186 3942 2342 4011 ἔφην,
2389 3935 2434 3996 ὧ
2473 3942 2772 4012 σοφώτατε,
2808 3943 3259 4014 παραόλάπτεται
3310 3947 3338 3998 ὁ
3370 3947 3682 4016 δεχόμενος,
3712 3949 3762 3999 εἰ

2187 4035 2280 4086 καὶ
2319 4035 2346 4085 ὁ
2385 4033 2558 4095 διδοὺς
2589 4033 2806 4100 ἀνάξιος
2847 4029 3004 4088 ἐἶναι
3029 4035 3232 4108 δοκοίη,
3259 4038 3381 4090 οὐδὲ
3413 4039 3483 4092 τὰ
3522 4039 3761 4109 ἄκραντα

2188 4126 2467 4195 χραίνεται
2500 4127 2794 4196 μυστήρια,
2830 4127 2877 4178 εί
2918 4127 2946 4178 δ
2975 4127 3160 4209 ,ἱερεὺς
3209 4129 3418 4193 πάντας
3440 4130 3761 4202 ἀνθρώπους

515 4212 613 4280 pit,
641 4209 885 4274 ailicitur,
924 4208 1087 4264 etiam
1140 4207 1283 4263 si'is
1331 4211 1422 4278 qui
1462 4211 1648 4267 tribuit
1677 4211 1926 4281 indignus
1968 4226 2085 4265 esse

2191 4219 2267 4277 είς
2298 4217 2494 4270 κακίαν
2527 4216 2903 4287 παρελάσειεν.
2955 4207 3018 4272 El
3046 4219 3089 4270 δ’
3134 4221 3403 4285 ἀπιστεῖς,
3458 4224 3631 4277 ἐννόει
3674 4223 3761 4275 τὸν

517 4301 790 4365 videatur;
833 4315 1006 4368 neque
1057 4300 1476 4354 incontaminata
1531 4303 1787 4371 mysteria
1821 4315 2083 4370 conspur-

2191 4309 2417 4379 κόρακα,
2464 4309 2524 4361 τὸ
2552 4307 2860 4378 ἀκάθαρτον
2889 4309 2981 4361 καὶ
3018 4309 3330 4378 μισότεκνον
3364 4310 3526 4374 ζῶον,
3551 4313 3618 4364 δι’
3648 4305 3709 4365 οὗ
3733 4313 3762 4364 ὁ

517 4401 725 4455 cantur,
771 4390 977 4444 etiamsi
1015 4392 1267 4445 sacerdos
1318 4405 1505 4446 omnes
1537 4390 1787 4446 mortales
1831 4392 2085 4461 improbi-

2191 4401 2581 4472 οὐρανοδρόμος
2620 4398 2715 4452 καὶ
2761 4399 3186 4470 οὐρανοπολίτης
3243 4401 3431 4465 Ἠλίας
3480 4404 3759 4474 ἐτρέφετο.

523 4491 630 4534 tate
672 4492 911 4548 superet.
944 4480 1094 4546 Quod
1137 4483 1181 4536 si
1213 4482 1340 4536 mihi
1375 4481 1597 4548 difﬁdis,
1631 4497 1850 4538 corvum
1885 4485 2083 4556 cogita,

2191 4492 2298 4546 Kal
2341 4492 2474 4546 ἀλλα
2519 4491 2575 4543 δὲ
2630 4490 2800 4544 πολλὰ
2846 4490 3002 4560 ἔφην,
3039 4491 3182 4562 άπερ
3236 4492 3448 4563 γράψαι
3502 4511 3586 4546 σοι
3620 4494 3763 4546 δυεῖν

517 4571 806 4640 impurum,
838 4573 1077 4640 inquam,
1127 4573 1255 4626 illud
1284 4583 1445 4644 atque
1495 4577 1546 4628 in
1595 4577 1767 4644 pullos
1812 4591 1935 4631 suos
1966 4594 2085 4632 cru-

2191 4582 2371 4636 ἕνεκεν
2400 4581 2824 4654 παρῃτησάμην,
2847 4580 2940 4634 τοῦ
2971 4599 3030 4634 τε
3069 4583 3141 4652 μὴ
3180 4583 3354 4652 μῆκος
3394 4585 3654 4654 περιττὸν
3697 4588 3759 4654 τῇ

514 4662 634 4716 dele
666 4663 897 4724 animal,
933 4663 1088 4730 cujus
1124 4678 1286 4732 opera
1322 4667 1410 4720 ille
1459 4669 1507 4719 in
1550 4667 1743 4722 (celum
1798 4684 2085 4723 excurrens

2191 4674 2445 4744 ἐπιστολῇ
2477 4673 2812 4744 προσθεῖναι,
2840 4675 2931 4725 τοῦ
2957 4691 3014 4726 τε
3043 4674 3116 4744 μὴ
3139 4674 3286 4741 δόξαι
3316 4674 3436 4728 λίαν
3463 4676 3529 4728 ut
3561 4679 3629 4730 σά
3675 4679 3764 4730 ἐκ·

513 4765 577 4806 ac
604 4751 722 4806 cwli
752 4752 883 4804 citis
931 4751 1073 4806 Elias
1111 4754 1356 4808 alebatur
1385 4755 1448 4810 ⁸⁷.
1497 4760 1672 4826 Atque
1720 4761 1826 4813 alia
1873 4763 2085 4829 insuper

2191 4766 2485 4836 τραγῳδεῖν
2517 4765 2683 4820 κακά.
2728 4766 2936 4836 Ὥσπερ
2966 4766 3141 4820 τοίνυν
3175 4767 3369 4837 ἐκείνῳ
3398 4769 3763 4840 ἐμεμψάμην,

515 4841 678 4894 multa
712 4843 842 4904 dixi,
874 4857 990 4911 qua:
1026 4843 1223 4912 duplici
1253 4848 1317 4898 de
1357 4862 1520 4900 causa
1555 4852 1620 4902 ad
1655 4861 1704 4904 te
1737 4851 1972 4909 scribere
2003 4869 2085 4906 re-

2191 4856 2331 4911 οὕτω
2358 4859 2454 4910 καὶ
2485 4858 2567 4909 σοὶ
2597 4859 2863 4929 παραινῶ,
2998 4858 3359 4928 μεταγνῶναι,
3385 4860 3418 4932 ἢ
3454 4861 3764 4930 ἀποστῆναι

2121 4453 2163 4506 ι)

516 4934 696 4988 cnsavi
742 4952 754 4986 :
811 4936 999 4997 altera,
1069 4952 1135 4989 ne
1192 4952 1641 5004 supervacaneam
1722 4943 2080 5010 prolixitatem

2191 4949 2283 5001 τοῦ
2319 4949 2529 5002 -σεπτοῦ
2574 4947 2992 5022 θυσιαστηρίου,
3043 4951 3130 5005 ἵνα
3158 4951 3259 5023 ’μή
3310 4953 3436 5015 τοὺς
3475 4955 3764 5024 προσιέναι

514 5021 750 5088 cpistola:
809 5024 1103 5090 adderent;
1156 5025 1357 5090 altera,
1411 5043 1476 5081 ne
1531 5039 1618 5082 tua
1687 5034 1812 5086 vitia
1859 5035 2082 5089 nimium

2191 5041 2337 5110 αὐτῷ
2369 5043 2782 5113 προῃρημένους
2838 5044 2924 5097 διὰ
2961 5044 3066 5097 τῶν
3118 5045 3318 5098 σαυτοῦ
3347 5044 3603 5117 πράξεων
3655 5047 3765 5099 ἀπ-

515 5126 840 5180 cxaggcrare
872 5115 1073 5176 videar.
1105 5116 1562 5181 Quemadmodum
1615 5123 1776 5192 igitur
1833 5126 1905 5180 illi
1963 5143 2085 5183 suc-
2192 5134 2460 5198 ελαύνοις.

513 5220 719 5302 FWSU"
754 5222 832 5258 δ¹⁰
868 5215 1036 5302 Α⁰¹¹³¹¹¹
1077 5218 1125 5262 ιθ
1160 5227 1348 5267 ¹¹¹⁰¹¹θ⁰
1385 5224 1441 5267 υι
1470 5227 1561 5269 θυι
1591 5219 1897 5286 ΓθεῙΡίδεῖιε.
1929 5236 2017 5279 aut
2042 5244 2070 5281 a
2115 5232 2418 5284 venerando
2448 5229 2601 5283 altari
2662 5229 2913 5286 abs/tedas
2944 5247 2959 5294 ε
3011 5247 3078 5287 ne
3128 5232 3327 5302 aliani
3395 5247 3511 5298 eos,
3559 5232 3649 5302 qui
3695 5226 3765 5284 ad

514 5299 684 5364 ipsum
718 5299 973 5352 accedere
1030 5301 1338 5367 instituunt,
1373 5320 1466 5374 per
1512 5320 1628 5363 tuas
1662 5312 1904 5367 actiones
1947 5317 2280 5375 submoveas.

593 5452 636 5485 ³⁸
659 5419 880 5521 Ρδιιιῖιν,
905 5456 957 5510 5.
1051 5458 1092 5488 ³⁷
1120 5457 1184 5511 ιιι
1212 5458 1342 5529 Reg.
1371 5477 1500 5526 xvn,
1527 5466 1576 5517 4.

1571 5597 1803 5652 VARle
1845 5597 2226 5660 LFL'TIONES
2264 5605 2351 5663 ET
2391 5605 2596 5664 ΝΟΤιΕ

585 5698 691 5768 (67)
734 5699 872 5757 Idem
897 5707 1038 5774 cod.,
1080 5708 1334 5776 ἀνόμους.
1371 5712 1443 5766 lo.
