3976 6494
1133 467 1669 532 EPISTOLARUM
1710 465 1855 525 LIB.
1899 459 2014 525 ΙΙΙ.
2053 481 2120 492 --·
2155 453 2394 515 EPIST.
2438 447 2740 511 CCCXLV'.
3417 427 3552 494 100%

749 583 931 639 TMA'.
985 609 1039 622 -
1071 581 1322 652 anno.
1874 583 1919 638 Α
2418 555 2691 616 cccxu.
2727 585 2797 652 έ
2827 547 3080 652 PAULo.

253 686 353 752 Εἰς
397 683 465 737 τὸ
516 675 928 752 γεγραμμένον
955 693 1007 752 _¢
1034 676 1172 752 pina
1218 639 1311 728 ἐπ’
1347 671 1505 740 ἄρτῳ
1550 671 1717 740 μόνῳ
1753 664 1848 732 ζή-

2111 659 2175 714 ln
2203 656 2359 719 illud,
2389 673 2406 705 ι
2448 651 2573 707 Non
2601 651 2655 707 in
2687 647 2799 703 solo
2827 659 2961 718 pane
2994 642 3119 699 vivit
3149 641 3304 698 homo
3330 639 3394 694 ³⁸.
3421 659 3437 691 ι

321 704 353 752 ς
397 704 465 737 τ⁰
516 704 926 803 τ⁸²³²¹⁵¹¹¹ἑέῗὲἷ
937 704 1291 815 4.1025202"
1304 761 1324 796 ι

248 479 380 547 1001

337 864 555 936 Ἐπειδὴ
616 860 859 930 Ἑϐραῖοι
913 855 1325 929 τεσσαράκοντα
1386 854 1483 926 ἐτη
1526 850 1604 923 τῷ
1662 849 1845 919 μάννα

2022 845 2292 915 Quoniam
2354 839 2592 904 Hebraei,
2669 851 2793 892 cum
2869 829 3232 903 quadraginta
3284 837 3556 881 annorum

249 926 599 1027 τρεφόμενοι,
649 926 752 1004 οὐκ
802 926 1126 1018 ἀξιοπίστω,
1180 946 1305 1000 ὅσον
1341 943 1458 996 κατ’
1507 937 1849 1011 ἀνθρώπινον

2004 942 2128 995 latio
2153 933 2352 992 manna
2379 934 2660 988 alerentur
2680 926 2871 1002 (quod,
2893 927 2937 982 si
2971 926 3266 980 humanam
3290 926 3557 975 rationem

251 1016 537 1116 λογίσμδν,
567 1016 706 1115 πρὸς
740 1041 893 1113 ἰσχὺν
925 1016 1196 1111 σωμάτων
1226 1036 1572 1107 τυγχάνοντι,
1602 1031 1850 1102 διέμενον

2004 1042 2186 1099 ιεοιεε,
2229 1030 2297 1084 ad
2355 1027 2525 1083 robur
2574 1021 2899 1094 corporibus
2967 1016 3304 1073 afferendum
3365 1029 3558 1086 parum

252 1110 350 1194 siti.
372 1110 467 1207 τῆς
490 1110 900 1207 ῐσηςνὰλκῆςντε
923 1110 1019 1185 καὶ
1050 1129 1263 1202 ῥώμης,
1297 1131 1428 1192 ἴσως
1453 1126 1511 1180 δὲ
1539 1125 1634 1190 καὶ
1667 1120 1853 1194 μείζο-

2004 1120 2386 1190 loneumerat),
2407 1119 2459 1173 in
2479 1118 2675 1175 eadem
2702 1111 3020 1169 fortitudine
3043 1125 3108 1166 ac
3136 1110 3332 1166 robore
3352 1117 3560 1180 persta-

251 1248 346 1293 νος
366 1200 639 1285 ἀπέλαυον
663 1200 947 1297 δυναμεως
978 1225 1070 1286 (οὐ
1242 1224 1276 1294 ὴ
1296 1220 1495 1294 τροφὴ,
1525 1218 1641 1273 ἀλλ’
1663 1218 1692 1270 ὁ
1713 1216 1854 1277 θεῖος

2004 1226 2108 1286 int,
2137 1230 2202 1270 ac
2231 1212 2466 1270 fortasse
2498 1207 2762 1279 majorem
2793 1205 2965 1262 etiam
3001 1203 3109 1259 vim
3143 1200 3561 1272 consequeban-

250 1291 382 1396 ὅρος
409 1322 685 1394 διεκράτει
712 1291 815 1373 καὶ.
841 1316 942 1380 τὰς
982 1291 1164 1388 ψυχας
1183 1291 1302 1369 -καὶ
1328 1291 1399 1370 τὰ
1427 1291 1716 1384 σώματα),
1748 1308 1854 1381 ἔφη

2004 1323 2044 1362 ιι·
2066 1307 2201 1378 (non
2229 1304 2376 1361 enim
2413 1300 2700 1364 alimonia,
2739 1296 2836 1353 sed
2869 1296 3110 1352 divinum
3134 1295 3413 1352 decretum
3447 1291 3562 1348 ani-

252 1385 633 1488 6369005“,
668 1414 807 1484 ὅπερ
841 1385 1037 1482 μαθείν
1063 1385 1155 1481 [in
1196 1407 1462 1479 ὲθέλησας
1495 1403 1642 1478 (68)ο
1681 1421 1701 1454 ι
1740 1403 1856 1458 Οὐκ

2004 1415 2074 1456 tas
2099 1409 2152 1455 et
2191 1409 2424 1467 corpora
2459 1391 2868 1461 conservabat),
2918 1389 3146 1457 idcirco,
3182 1388 3234 1443 id
3288 1385 3432 1456 quod
3469 1386 3566 1442 tibi

255 1511 349 1564 ἐπ’
378 1479 543 1582 ’ἄρτῳ
567 1479 726 1580 μόνῳ
769 1479 994 1578 ζήσεται
1052 1479 1363 1580 άνθρωποςι,
1399 1499 1515 1556 ἀλλ’
1558 1496 1654 1553 ἐπὶ
1691 1496 1857 1550 παντὶ

2004 1491 2151 1563 tponi
2203 1487 2480 1561 quaesisti,
2531 1485 2810 1558 legislator
2868 1483 3004 1540 dixit
3047 1501 3062 1540 :
3115 1500 3136 1536 ι
3195 1480 3312 1537 Non
3363 1480 3416 1536 in
3452 1479 3567 1536 solo

259 1573 474 1675 ῥήματι
512 1573 948 1671 εκπορευομένῳ
977 1596 1068 1650 διὰ
1114 1573 1385 1667 στόματος
1429 1589 1588 1646 Θεοῦ.
1622 1608 1641 1642 ι
1677 1589 1856 1660 Ὅπερ

2004 1599 2100 1640 aue
2137 1583 2273 1640 vivit
2299 1582 2485 1646 homo,
2528 1580 2624 1636 sed
2654 1581 2706 1634 in
2742 1577 3091 1634 omni'verbo
3136 1575 3278 1646 quod
3323 1573 3571 1645 procedit

386 1695 414 1746 ὁ
448 1667 686 1765 Χριστὸς
719 1667 1148 1761 διακρουόμενος
1187 1687 1250 1740 τὸ
1298 1681 1612 1740 διαϐολικδν
1673 1677 1857 1752 μηχά-

2004 1694 2025 1734 c
2050 1692 2145 1734 ore
2173 1676 2289 1732 Dei.
2333 1694 2352 1727 ι
2394 1674 2549 1742 Quod
2579 1673 2747 1729 etiam
2777 1671 3054 1736 Christus,
3088 1667 3416 1724 diabolicam
3455 1682 3571 1721 ma-

257 1802 444 1856 νημα,
503 1764 892 1855 προεϐάλλετο,
924 1779 1020 1834 καὶ
1050 1777 1337 1833 κατέσεισε
1372 1773 1467 1829 τοῦ
1501 1770 1858 1844 πειράζοντος

2004 1771 2172 1826 iiinam
2225 1767 2576 1841 propulsans,
2606 1764 2862 1837 opposuit
2914 1783 2928 1818 :

257 1874 360 1946 τὴν
398 1873 580 1945 ἰσχύν.

781 1968 964 2024 TMB'.
999 1999 1067 2010 -—-
1104 1965 1331 2020 ΘΕΩΝῙ.
1889 1964 1932 2018 Β

513 2063 650 2132 Περὶ
701 2060 1021 2131 Ἀρειανῶν
1053 2058 1153 2114 καὶ
1186 2054 1583 2128 Εὐνομιανῶν

338 2153 708 2208 Λανθάνουσιν
775 2151 1049 2223 αἱρετικοὶ
1097 2150 1166 2204 δι’
1225 2142 1302 2204 ὧν
1363 2147 1859 2212 κατασκευάζουσι,

260 2245 357 2300 διὰ
405 2244 612 2300 τούτων
660 2244 1044 2315 ἁλισκόμενοι,
1080 2244 1176 2297 καὶ
1224 2241 1290 2294 δι’
1326 2233 1402 2295 ὧν
1431 2241 1589 2311 νικᾷν
1633 2238 1860 2302 οῐονται,

260 2337 357 2390 διὰ
408 2335 614 2390 τούτων
653 2330 923 2406 λαμπρῶς
977 2333 1309 2406 ἡττώμενοι.
1368 2333 1432 2387 Et
1488 2332 1600 2403 γὰρ
1655 2331 1864 2399 κτίσμα

275 2429 434 2483 ἐστὶν
461 2429 490 2481 ὁ
534 2428 681 2494 Υἱὸς,
729 2428 852 2482 οὐδὲ
899 2428 961 2481 τὸ
996 2427 1180 2498 μεῖζον
1225 2425 1345 2479 κατ’
1375 2423 1574 2489 αὐτοὺς
1622 2423 1861 2476 ἵσταται.

265 2520 346 2574 τὺ
375 2520 485 2592 γὰρ
527 2518 712 2592 μεῖζον
759 2520 980 2589 λέγεται
1010 2521 1077 2571 ἐκ
1130 2518 1496 2590 συγκρίσεως,
1537 2517 1631 2572 καὶ
1662 2517 1763 2570 οὐκ
1801 2517 1866 2568 ὲκ

264 2609 373 2681 τῆς
402 2609 736 2682 ἀσυγκρίτου
773 2611 1070 2682 ὑπεροχῆς.
1109 2609 1277 2663 Ποίαν
1307 2604 1400 2662 οὖν
1434 2607 1723 2678 σύγκρισιν
1753 2604 1868 2678 ἔχει

267 2699 335 2752 τὸ
359 2699 565 2770 κτίσμα
597 2699 732 2769 πρὸς
755 2699 846 2754 τὸν
883 2699 1150 2770 Κτίστηνς
1190 2697 1502 2770 λεγέτωσαν
1534 2699 1582 2752 οἱ
1612 2699 1786 2768 σοφοί.

790 2976 972 3031 mra
1012 3005 1082 3014 -
1121 2973 1369 3045 ΠΕΤΡῼ.

350 3070 426 3126 Οὐ
461 3069 656 3143 μικρὸν
695 3067 912 3132 συνετὸς
944 3068 1243 3138 ἀκροατὴς,
1275 3069 1303 3120 ὁ
1334 3065 1409 3137 μὴ
1445 3066 1606 3138 μόνον
1636 3066 1874 3137 θαύματι

274 3163 593 3218 διακόπτων
630 3159 724 3213 τοῦ
774 3159 934 3227 λόγου
969 3158 1060 3211 τὸν
1090 3157 1313 3228 δρόμον,
1348 3157 1482 3210 ἀλλὰ
1511 3156 1606 3211 καὶ
1645 3156 1876 3211 ἐπιναῦν

273 3256 348 3310 τὰ
380 3253 758 3325 δυσθεώρητα,
797 3252 889 3306 καί
921 3269 972 3304 τι
1007 3248 1138 3321 παρ’
1173 3248 1369 3303 ἑαυτοῦ
1402 3249 1681 3321 εἰσφέρειν
1715 3247 1874 3301 δυνά-

2982 1772 3150 1833 atque
3206 1760 3307 1815 hac
3357 1760 3573 1814 ratione

1963 1863 2248 1919 tentatoris
2281 1862 2426 1917 vires
2454 1859 2737 1917 concussit
2766 1873 2829 1914 ac
2854 1856 3140 1927 perfregit.

2411 1949 2705 2008 CCCXL".
2729 1982 2796 1993 —
2837 1947 3120 2005 TIIEONI.

2361 2045 2435 2100 De
2464 2046 2677 2100 Arionis
2709 2053 2758 2098 et
2804 2041 3181 2099 Eunomianis.

2038 2139 2154 2196 Non
2213 2139 2655 2194 animadvertunt.
2716 2136 2963 2192 haeretici
3012 2151 3112 2206 per
3168 2149 3230 2192 ea
3289 2137 3427 2208 ipsa,
3457 2154 3578 2210 qua:

1968 2225 2240 2299 astruunt,
2270 2246 2330 2288 se
2363 2231 2591 2298 irretiri,‘
2618 2245 2683 2285 ac
2719 2244 2817 2300 per
2843 2244 2907 2285 ea
2937 2229 3053 2298 ipsa
3083 2228 3372 2300 perspicue
3406 2231 3575 2300 vinci,

1968 2339 2066 2396 per
2122 2337 2243 2394 quae
2298 2337 2359 2379 se
2413 2323 2632 2379 vincere
2664 2322 3028 2378 arbitrantur.
3063 2321 3200 2377 Nam
3247 2322 3293 2378 si
3327 2333 3576 2379 creatum

1970 2417 2230 2489 quiddam
2253 2427 2341 2474 est
2357 2417 2546 2485 Filius,
2575 2430 2643 2471 ne
2674 2415 2854 2486 majus
2891 2415 3114 2487 quidem
3143 2416 3213 2472 de
3235 2431 3426 2472 eorum
3453 2433 3580 2473 sen-

1973 2513 2138 2568 tentia
2188 2519 2317 2568 stat.
2369 2511 2540 2579 Maius
2573 2509 2718 2565 enim
2770 2524 2835 2564 ex
2891 2509 3304 2576 comparatione
3354 2510 3576 2576 dicitur,

1974 2619 2079 2660 non
2108 2615 2288 2659 autem
2310 2616 2378 2658 ex
2405 2599 2817 2670 incomparabili
2853 2600 3238 2670 praecellentia.
3272 2600 3577 2670 Quamnam

1975 2699 2145 2770 igitur
2186 2699 2237 2752 id
2271 2696 2418 2768 quod
2451 2705 2695 2751 creatum
2719 2705 2823 2762 est,
2853 2709 2978 2750 cum
3008 2694 3268 2752 Creatore
3289 2710 3574 2767 compara-

1978 2791 2184 2846 tionem
2217 2789 2435 2854 habeat,
2491 2786 2769 2857 sapientes
2802 2795 2858 2841 et
2895 2785 3092 2843 eruditi
3132 2787 3383 2843 homines
3419 2787 3582 2844 velim

1977 2891 2273 2952 exponant.

2315 2973 2471 3046 39],
2520 2972 2839 3031 CCCXLIII.
2879 3006 2950 3016 ——
2986 2973 3238 3030 PETRO.

2056 3068 2174 3125 Non
2205 3070 2357 3139 parvi
2397 3069 2658 3125 momenti
2690 3083 2780 3124 res
2807 3076 2890 3124 est
2916 3077 3112 3124 acutus
3137 3077 3193 3124 et
3227 3083 3393 3140 sagax
3425 3069 3584 3125 audi-

1985 3174 2091 3228 tor,
2118 3161 2208 3231 qui
2242 3175 2347 3215 non
2383 3169 2594 3216 tantum
2623 3161 2694 3216 ob
2730 3160 3148 3216 admirationem
3174 3163 3439 3217 orationis
3459 3176 3592 3218 cur-

1983 3269 2105 3308 sum
2140 3253 2510 3323 interrumpit,
2549 3267 2737 3308 verum
2768 3253 2932 3308 etiam
2967 3266 3029 3309 ea
3071 3268 3191 3322 qua:
3229 3254 3416 3310 ardua:
3452 3269 3586 3310 con-

278 3364 464 3419 μενος.
502 3347 626 3401 ’Ὁτι
667 3345 724 3400 δὲ
751 3345 814 3398 οὐ
846 3344 1060 3416 μικρὸν,
1098 3343 1239 3416 μετὰ
1284 3343 1396 3397 τῶν
1431 3341 1607 3397 ἄλλων
1635 3341 1744 3395 τῶν
1778 3359 1876 3412 με·

2004 3344 2362 3415 ιοωιιιοιίοιιὶε
2388 3355 2536 3410 sunt,
2574 3343 2873 3414 echgitat,
2916 3352 3081 3415 atque
3111 3358 3140 3398 a
3179 3344 3362 3416 seipso
3385 3345 3592 3417 aliquid

276 3438 466 3508 γάλων
513 3439 608 3492 καὶ
649 3437 945 3510 ὲξαιρέτων
983 3431 1058 3492 ὧν
1091 3436 1390 3508 ἠπείλησεν
1422 3436 1451 3488 ὁ
1482 3435 1614 3499 Θεὸς
1643 3435 1751 3489 ἀπὸ
1779 3435 1882 3503 τῆς

291 3529 653 3601 Ἰερουσαλὴμ
715 3527 1108 3600 παραιρεῖσθαι
1171 3528 1304 3598 (69),
1358 3526 1453 3581 καὶ
1509 3525 1602 3580 τὸν
1660 3525 1881 3579 συνετὸν

277 3618 561 3692 ἀκροατὴν
606 3618 889 3685 ὲνὲταξεν·
934 3617 1034 3671 οὐκ
1073 3617 1142 3672 ἂν
1187 3617 1347 3670 τοῦτο
1393 3616 1594 3687 φήσας,
1629 3617 1676 3668 εί
1713 3615 1881 3688 μηδὲν

283 3715 434 3787 μέγα
464 3712 756 3768 συνετέλει.
800 3714 891 3768 Διὸ
917 3714 1011 3768 καὶ
1041 3715 1069 3766 ὁ
1101 3709 1513 3784 Παροιμιαστὴς
1549 3710 1677 3780 ἔφη,
1720 3729 1736 3760 ι
1777 3705 1884 3772 υῦς

279 3806 583 3876 ἀκροατοῦ,
607 3805 873 3877 ἐπιθυμία
899 3804 1086 3876 σοφοῦ.
1121 3823 1138 3855 ι
1167 3805 1242 3858 Οὐ
1270 3803 1379 3876 γὰρ
1410 3803 1637 3867 πολλοὺς
1663 3803 1882 3869 πόνους,

281 3895 407 3951 οὗθ’
443 3896 680 3968 ἱδρῶτας
706 3897 858 3967 αὑτῷ
887 3897 1140 3967 παρέχει,
1169 3897 1286 3949 ἀλλ’
1308 3895 1566 3966 ἀφορμὰς
1598 3895 1760 3965 μόνον
1790 3895 1886 3948 καὶ

284 3986 586 4061 σπέρματα
617 3989 859 4043 ἀπαιτεῖ.
889 3988 1032 4060 Πρὸς
1058 3987 1168 4057 γὰρ
1195 3986 1292 4058 τὴν
1335 3986 1613 4057 γεωργίαν
1657 3987 1689 4059 ἡ
1727 3986 1883 4040 σύνε-

286 4094 377 4140 σις
403 4078 586 4150 ἀρκεῖ.

1990 3452 2216 3509 erogare
2266 3445 2463 3508 potest.
2514 3437 2779 3508 Qnodque
2829 3452 2936 3492 non
2987 3438 3138 3508 parvi
3202 3439 3462 3494 momenti
3498 3439 3593 3504 sit,

1992 3529 2118 3582 hinc
2160 3536 2373 3583 constat
2410 3529 2552 3597 quod
2588 3527 2730 3583 Deus
2782 3543 2886 3582 una
2944 3543 3067 3583 cum
3121 3529 3332 3599 magnis
3377 3527 3503 3585 aliis
3542 3539 3598 3584 et

1991 3619 2206 3676 eximiis
2244 3621 2427 3686 rebus,
2459 3635 2576 3690 qua:
2616 3635 2675 3675 se
2713 3618 3226 3692 Ilierosolymitanae
3257 3621 3375 3678 urbi
3408 3621 3591 3679 detra-

2002 3722 2217 3766 cturum
2268 3711 2598 3778 minabatur,
2641 3712 2964 3780 prudentem
3005 3727 3222 3782 quoque
3252 3726 3315 3767 ac
3343 3725 3596 3783 sagacem

1997 3804 2298 3858 auditorem
2326 3801 2598 3872 adiunxit.
2649 3801 2801 3869 Quod
2835 3801 3083 3871 profecto
3120 3817 3226 3857 non
3279 3801 3526 3867 dixisset,
3551 3802 3598 3856 si

1997 3893 2130 3948 nihil
2171 3893 2352 3966 magni
2406 3894 2520 3964 ipse
2564 3893 2862 3948 conferret.
2907 3893 3093 3965 anue
3122 3894 3192 3950 de
3218 3909 3382 3950 causa
3413 3893 3602 3950 Parm-

1995 3983 2218 4040 miastes
2247 3986 2332 4040 his
2361 3985 2539 4042 verbis
2564 4001 2696 4041 usus
2724 3994 2840 4042 est:
2883 4004 2902 4037 ι
2936 3985 3102 4043 Auris
3141 3986 3430 4052 auditoris,
3457 3985 3602 4042 desi-

1994 4076 2202 4132 derium
2244 4085 2326 4131 est
2366 4077 2624 4146 sapientis
2652 4077 2717 4131 ”.
2757 4095 2775 4128 ι
2812 4075 3001 4146 Neque
3039 4071 3187 4132 enim
3222 4075 3424 4132 multos
3447 4075 3602 4132 labo-

289 4185 381 4226 res
410 4185 475 4226 ac
533 4171 760 4226 sudores
788 4169 888 4238 ipsi
939 4170 1181 4236 exhibet,
1249 4183 1436 4225 verum
1519 4178 1838 4238 argumenta
1871 4170 2135 4222 duntaxat
2168 4183 2230 4224 ac
2282 4169 2488 4224 semina
2537 4171 2787 4237 requirit.
2844 4169 3124 4241 Siquidem
3171 4169 3239 4225 ad
3282 4169 3492 4226 cultum
3538 4184 3602 4226 ac

289 4273 535 4335 segetem
577 4261 776 4332 ingenii
810 4260 1078 4332 sagacitas
1113 4259 1334 4316 sufficit.

543 4351 723 4406 TMA’.
762 4379 833 4391 ——
865 4351 1099 4404 IEPAKI
1138 4349 1635 4419 ΛΔΜΠΡΟΤΑΤῼ.

375 4444 537 4510 "laet,
581 4437 626 4497 ὦ
669 4441 1039 4514 καθαρότητος
1073 4442 1320 4513 τέμενος,
1353 4441 1427 4506 ὡς
1455 4442 1556 4512 ἅδῃ
1594 4441 1735 4496 κατὰ
1785 4442 1877 4494 πᾶα

296 4553 402 4591 σαν
444 4535 544 4607 τὴν
599 4534 785 4587 πόλιν·
841 4532 1144 4606 παράδοξον
1176 4534 1284 4605 γὰρ
1329 4533 1491 4604 ἔργον
1519 4533 1722 4596 ἀνύσας
1754 4533 1893 4603 (70),

296 4627 738 4698 παραδοξότερον
785 4626 917 4680 αὐτὸ
966 4627 1276 4697 πεποίηκας
1320 4625 1399 4698 τῷ
1426 4625 1604 4695 τάχει.
1638 4619 1747 4678 Ἦν
1797 4625 1896 4695 μὲν

299 4719 411 4792 γὰρ
439 4720 534 4772 καὶ
581 4718 714 4772 αὐτὸ
754 4718 879 4773 καθ’
909 4718 1073 4772 ἑαυτὸ
1107 4718 1274 4789 μέγα,
1305 4718 1366 4772 τὸ
1397 4717 1455 4771 δὲ
1484 4718 1651 4789 τάχος
1686 4715 1897 4787 μεῖζον,

301 4809 509 4882 μᾶλλον
535 4809 593 4862 δὲ
626 4808 883 4879 μέγιστον
912 4809 1046 4864 αὐτὸ
1069 4809 1263 4874 ἔδειξε,
1297 4809 1583 4880 κοσμῆσαν
1613 4807 1711 4880 τὴν
1737 4806 1900 4879 χάριν

297 4901 401 4957 καὶ
429 4904 799 4975 χαριεστέραν
828 4904 1150 4975 πεποιηκός.
1187 4902 1476 4973 Διὰλαμπε
1501 4902 1680 4954 τοίνυν
1709 4902 1766 4956 ὲν
1789 4903 1902 4964 τοῖς

297 4994 568 5058 τοιούτοις
600 4994 1012 5066 κατορθώμασι.
1041 4995 1248 5067 Πρέπει
1271 4993 1380 5065 γάρ
1399 5010 1500 5048 σοι.

630 5178 1233 5250 ΤΜΕ¹.--ΑΡΠΟΚΡᾼ
1267 5178 1577 5251 meum.

417 5270 559 5339 Περὶ
592 5270 702 5340 τῆς
726 5271 1037 5342 δυνάμεως
1062 5273 1172 5328 τοῦ
1199 5275 1362 5328 θείου
1389 5274 1790 5342 κηρύγματος.

383 5361 447 5428 El
481 5361 734 5434 ἀγχίνοια
763 5363 1054 5436 ἀνθρώπου
1095 5368 1195 5436 τῆς
1239 5365 1350 5419 τῶν
1381 5363 1732 5436 γραμμάτων
1760 5363 1905 5433 είδή-

396 5477 442 5508 "
475 5478 666 5535 Matth.
694 5496 769 5549 tv,
801 5484 853 5536 4.
940 5482 983 5513 ⁸³
1018 5481 1185 5537 Eccli.
1220 5498 1345 5545 xxv,
1385 5482 1472 5539 ιε.

1930 4599 1972 4653 D

2187 4349 2509 4409 CCCXLIV.
2551 4383 2616 4392 —
2656 4351 2935 4408 lllERACI
2985 4350 3423 4408 CLARISSIMO.

2077 4443 2189 4499 Hoc
2213 4446 2354 4500 scias
2381 4446 2562 4510 velim,
2586 4461 2617 4499 ο
2646 4445 2866 4516 pietatis
2890 4445 3201 4512 delubrum,
3235 4456 3288 4501 te
3323 4453 3433 4501 tota
3469 4446 3599 4502 urbe

2004 4537 2288 4594 celebrari.
2354 4537 2489 4594 Nam
2536 4555 2658 4594 cum
2715 4539 3034 4594 admirabile
3084 4553 3223 4608 opus
3273 4536 3601 4602 confeceris,

2003 4629 2379 4687 admirabilius
2434 4631 2562 4686 illud
2626 4646 2722 4702 per
2778 4631 3116 4687 celeritatem
3175 4629 3423 4686 effecisti.
3475 4629 3606 4685 Erat

2004 4721 2147 4775 enim
2182 4721 2233 4776 id
2263 4722 2481 4792 quidem
2535 4736 2632 4793 per
2683 4736 2744 4777 se
2793 4735 3013 4792 quoque
3049 4736 3304 4793 magnum
3335 4735 3351 4776 :
3379 4731 3435 4775 at
3463 4721 3606 4776 cele-

2006 4812 2138 4867 ritas
2177 4812 2353 4883 majus
2401 4813 2599 4882 ipsum,
2661 4813 2769 4868 imo
2821 4814 3122 4869 maximum
3182 4812 3437 4880 reddidit,
3498 4828 3604 4884 qua

2006 4900 2330 4959 beneficium
2373 4913 2626 4959 ornatum
2660 4914 2765 4968 est,
2812 4905 3128 4976 gratiusque
3191 4918 3257 4958 ac
3319 4902 3608 4959 iucundius

2006 4994 2282 5051 ell'ectum.
2313 4996 2679 5064 Quamobrem
2723 4997 2776 5052 in
2825 4998 3134 5069 hujusmodi
3186 4997 3481 5053 virtutibus
3523 4996 3610 5053 fac

2011 5085 2247 5142 elucens.
2276 5087 2332 5141 Id
2372 5088 2516 5143 enim
2553 5099 2605 5142 Ie
2641 5087 2863 5158 dignum
2893 5098 2998 5144 est.

2211 5177 2502 5233 CCCXLV.
2533 5211 2604 5220 --
2636 5178 2986 5237 ABPOCRZE
3016 5178 3402 5237 SOPIIISTIE.

2313 5270 2388 5324 De
2427 5272 2619 5326 virtute
2666 5272 2860 5328 divina:
2887 5273 3304 5343 prtedirationis.

2088 5361 2142 5417 Si
2171 5363 2393 5416 humani
2427 5363 2629 5434 ingenii
2677 5363 2998 5430 acrimonia,
3027 5365 3333 5420 litterarum
3366 5365 3612 5421 scientia:

1393 5600 1627 5655 VARIA‘I
1671 5597 2060 5654 LECTIONES
2103 5598 2189 5652 ET
2229 5597 2440 5655 ΝΟΤᾹΞ

392 5755 505 5829 (68)
543 5755 650 5811 Pro
689 5753 952 5829 ἐθελησας
988 5755 1111 5829 cod.
1155 5755 1273 5829 Yat.
1303 5755 1410 5811 650
1449 5757 1642 5813 scribit
1705 5755 1907 5828 ἐζήτη-

325 5824 445 5892 σας,
483 5824 536 5883 et
569 5826 876 5897 praecedens
904 5825 937 5894 ἢ
967 5826 1122 5880 ιοΙΙίι.
1159 5824 1367 5897 Possm.

397 5899 511 5967 ((39)
554 5894 698 5951 Idem
733 5894 883 5960 cod.,
917 5895 1326 5966 παραινεῖσθαι.
1364 5898 1434 5953 lo.

563 5994 835 6055 Ριιτιιοι..
879 5993 992 6055 GR.
1026 5993 1342 6059 LXXVIII.

2093 5754 2207 5828 (70)
2250 5753 2400 5828 Hzcc,
2454 5756 2861 5828 napidoﬁov....
2899 5757 3128 5824 ἀνύσας,
3188 5758 3473 5816 omittebat
3521 5757 3615 5820 ed.

2016 5824 2224 5894 Paris;
2260 5824 2634 5884 adduntur’ex
2667 5828 2788 5884 cod.
2825 5827 3000 5884 Vatic.
3037 5829 3161 5885 650.
3199 5828 3361 5887 Eutr.

3123 5999 3203 6059 32
