3976 6464
260 422 396 491 Ποῦ

1103 424 1637 487 EPISTOLARUM
1671 422 1817 484 LIB.
1860 421 1976 482 Ill.
2015 445 2086 457 -·
2125 417 2363 479 EPIST.
2408 412 2635 474 CCCLI.

3392 397 3526 465 1006

260 544 453 616 ρήσειν
503 537 838 610 προσδοκῶν,
879 535 1090 607 ἠλίθιόν
1119 553 1169 587 τι
1206 533 1502 596 πέπονθας.
1535 533 1610 587 Οὐ
1642 530 1751 602 γὰρ
1780 530 1844 582 ἂν
1875 583 1878 593 γ

1971 527 2112 582 ium.
2150 524 2206 581 Si
2239 534 2416 577 autem
2446 523 2547 575 hoc
2576 533 2639 574 ea
2679 531 2774 588 spe
2806 523 2967 586 atque
3003 514 3412 583 exspectatione
3447 514 3528 569 fe-

258 631 410 701 ἀλοίη
457 633 542 698 ἐφ’
583 625 662 691 οἷς
695 629 795 700 ἤδη
840 629 1010 692 ἑάλως
1043 625 1183 680 κατά
1229 625 1327 697 τὴν
1369 624 1478 679 τῶν
1510 624 1840 696 γραψάντων

258 723 464 794 ἀψευδῆ
493 721 818 793 μαρτυρίαν.

473 1011 651 1067 ΤΜθι.
683 1041 753 1052 --
788 1008 1115 1082 eanomp
1159 1007 1629 1078 ΠΡΕΣΒΥΤΕΡῼ.

337 1121 496 1185 Ἰσθι,
542 1115 586 1174 ὦ
634 1117 1072 1187 θαυμασιώτατε,
1105 1119 1188 1172 ὅτι
1235 1118 1361 1188 μήτ’
1397 1115 1652 1183 ἐξειπὼν,
1707 1115 1846 1187 μήτε

261 1211 667 1282 κοινωσάμενος
703 1211 814 1282 (74)
849 1213 983 1281 μοιὸ
1010 1211 1182 1265 δοκῶν
1208 1206 1348 1264 εἶναι
1383 1209 1534 1277 φίλος
1562 1208 1711 1280 (ᾔδει
1740 1208 1848 1278 γὰρ

263 1306 364 1358 οὐκ
413 1304 754 1370 ἀνεξόμενον,
805 1301 926 1355 οὐδὲ
983 1301 1409 1371 συγχωρήσοντα
1480 1299 1630 1370 αὐτῷ
1690 1297 1848 1351 λύσαι

264 1397 619 1467 πολυχρόνιον
655 1394 874 1465 φιλίαν)
932 1395 1213 1464 πέπρακεν
1243 1392 1278 1446 ἃ
1329 1393 1600 1464 πέπραχε.
1633 1391 1723 1444 Διὸ
1756 1392 1850 1443 καὶ

261 1489 363 1557 τῆς
387 1486 569 1555 φιλίας
601 1485 758 1556 ἡμῶν
786 1485 1174 1555 ἀπεκηρύχθη.

539 1687 668 1742 TN’.
705 1715 766 1726 -—
799 1683 1062 1754 ΕΡΜΕΙᾼ
1092 1680 1574 1752 ΓΡΑΜΜΑΤΙΚῼ.

264 1779 410 1849 Περὶ
468 1777 596 1844 τοῦ,
652 1796 671 1829 ‹
733 1777 1080 1839 Φάσκοντες
1140 1771 1290 1830 εἶναι
1346 1775 1526 1843 σοφοὶ
1590 1772 1849 1842 ἐμωράν-

903 1850 1123 1912 θησαν.
1175 1863 1192 1896 ι

339 1955 684 2019 Κινδυνεύεις
733 1955 970 2023 ἀγνοεῖν,
1017 1953 1098 2006 ὅτι
1131 1955 1187 2006 oi.
1228 1950 1456 2022 ποιηταὶ
1499 1951 1626 2012 τοὺς
1662 1949 1851 2004 πλεον-

268 2048 579 2116 εκτήμασιν
610 2045 887 2112 εὐγενείας
917 2042 1227 2112 ὲμπρέπειν
1266 2042 1367 2095 οὐκ
1396 2040 1641 2112 ἔχοντας,
1687 2037 1850 2110 μυθο-

267 2141 480 2208 λογίαις
512 2137 759 2199 ἀπίστοις
789 2136 1110 2205 ἐσέμνυναν.

505 2242 677 2298 TNA’.
715 2253 785 2284 ι·-
820 2241 1122 2314 ᾹΝΤΩΝΙῼ
1150 2239 1614 2313 ΣΧΟΛΑΣΤΙΚῼ.

355 2359 413 2412 Ὀ
457 2357 560 2426 τῆς
582 2355 878 2426 παρθενίας
912 2354 1084 2424 ἁγὼν,
1130 2355 1308 2426 μέγας
1342 2352 1442 2424 μὲν
1476 2352 1568 2404 καὶ
1604 2350 1857 2422 λαμπρὸς

270 2453 366 2504 καί
417 2449 599 2512 ἔνθεος
652 2447 827 2518 (πρὸς
877 2446 985 2518 γὰρ
1031 2445 1128 2518 τὴν
1177 2446 1420 2517 ἔμφυτον
1471 2443 1565 2497 τοῦ
1608 2443 1857 2513 σώματος

268 2543 467 2613 ⁴ἡδονὴν
521 2543 548 2593 ὁ
605 2539 902 2610 πόλεμος),
941 2542 996 2592 ὲν
1043 2540 1100 2592 δὲ
1157 2541 1268 2601 τοῖς
1303 2536 1483 2599 ἄλλοις
1531 2535 1711 2598 ἄθλοις
1743 2535 1856 2604 (75)

269 2631 625 2702 ἐξευμαρίξει
653 2631 775 2694 τοὺς
831 2629 1048 2693 πόνους.
1095 2629 1322 2698 Ῥᾳδίως
1355 2628 1466 2700 γὰρ
1520 2627 1858 2698 φιλοχρημα-

269 2725 395 2786 τίας
447 2726 731 2794 κρατήσει,
785 2722 987 2792 κόσμου
1038 2719 1383 2792 σωματικοῦ,
1439 2719 1629 2790 ἀνδρός
1666 2735 1725 2771 τε
1765 2717 1860 2769 καὶ

273 2815 482 2867 παίδων
517 2814 590 2883 μὴ
629 2811 1007 2883 φροντίζουσα,
1038 2811 1102 2864 δι’
1133 2811 1161 2863 ὃ
1189 2813 1216 2863 ὁ
1241 2811 1348 2863 τῶν
1381 2809 1684 2881 χρημάτων
1710 2824 1861 2880 πορι-

274 2905 414 2976 σμὸς
441 2905 735 2971 ἀναγκαῖος
763 2898 902 2955 εἶναι
932 2905 1042 2964 τοῖς
1072 2901 1422 2971 ἀφιλοσὸφοις
1465 2900 1646 2953 δοκεῖ’
1674 2897 1859 2952 πένθει

272 3013 336 3050 τε
361 2997 634 3056 ἀνάλωτος
659 2993 828 3048 ἔσται.
865 2995 939 3047 Οὐ
973 2993 1082 3064 γὰρ
1112 2992 1312 3064 ἤνθησε
1343 2991 1589 3055 κλάδους,
1616 2986 1698 3054 οἷς
1733 3007 1859 3042 συν-

273 3087 500 3141 απθθοῦσι
541 3086 634 3139 καὶ
677 3087 731 3138 αἱ
774 3085 1049 3155 φροντίδες
1087 3085 1180 3136 καὶ
1224 3084 1291 3136 τὰ
1322 3081 1491 3153 πένθη
1530 3081 1667 3153 (76).
1719 3079 1864 3134 Ζών-

275 3197 388 3232 των
424 3178 525 3248 μὲν
558 3176 666 3247 γὰρ
708 3175 814 3228 τῶν
857 3175 1084 3239 παίδων,
1121 3174 1522 3242 ἀναγκάζονται
1558 3175 1861 3246 μεριμνᾷν,
1891 3214 1937 3274 c

277 3267 594 3322 τεθνεώτων
643 3265 702 3318 δὲ
770 3265 1005 3318 πενθεῖν.
1072 3263 1303 3316 Ὀδυνῶν
1363 3280 1422 3316 τε
1474 3265 1568 3316 καὶ
1614 3262 1863 3334 ἀθυμιῶν

279 3362 386 3427 ἕξω
419 3360 758 3429 ὲσκὴνωται,
798 3358 919 3428 μηδ’
956 3356 1147 3426 ἀνδρὸς
1177 3355 1537 3426 δουλευομένη
1582 3357 1865 3427 φρονήμα-

279 3472 372 3518 τος
392 3496 406 3518 ,
441 3455 578 3523 μήτε
608 3452 759 3505 ὠδῖσι
789 3454 908 3513 ταῖς
941 3450 1033 3502 τοῦ
1071 3449 1304 3503 θανάτου
1344 3449 1550 3516 γείτοσι
1577 3448 1866 3502 διακοπτο-

285 3547 445 3616 μένη.
479 3546 553 3596 Οὐ
589 3541 1130 3616 παρευδοκιμουμένη
1167 3541 1348 3611 ζηλοῖ,
1394 3541 1493 3594 οὐκ
1529 3539 1866 3611 ἀγαπωμένη

283 3636 592 3691 ὑπτιοῦται.
641 3637 756 3688 Οὐκ
795 3633 1271 3705 ἀποστρεφόμενον
1310 3633 1629 3697 κολακεύει,
1680 3634 1740 3686 οὐ
1777 3652 1867 3704 μι-

285 3728 484 3781 σοῦντα
514 3725 780 3787 θωπεύει,
816 3726 914 3794 οὐχ
943 3725 1232 3793 ὑϐρίζοντα
1261 3725 1697 3795 ἀποστρέφεται,
1733 3724 1869 3779 ἀλλὰ

289 3820 507 3872 πάντων
525 3816 728 3870 τούτων
751 3816 856 3868 τῶν
876 3815 1190 3885 ἀνηκέστων
1211 3816 1396 3868 κακῶν
1420 3816 1531 3887 (77)
1554 3818 1865 3890 ἀπαλλαγὴ,

283 3913 318 3980 ἡ
352 3912 486 3980 πρδς
516 3909 614 3978 τὴν
645 3907 884 3977 ἔμφυτον
922 3905 1212 3976 ἐπιθυμίαν
1243 3907 1392 3978 μάχη
1415 3946 1429 3971 ,
1457 3902 1524 3978 ἧς
1573 3909 1864 3979 κρατοῦσα,

288 4002 468 4054 πάντα
514 4000 697 4051 ἐκεῖνα
737 3996 1117 4050 ὑποκύπτοντα
1161 3997 1292 4066 ἔχει.
1327 3999 1416 4050 Διὸ
1446 3999 1539 4051 καὶ
1569 4001 1596 4049 ὁ
1632 3999 1740 4051 τῶν
1773 4000 1867 4051 ἀν·-

286 4091 578 4161 θρωπίνων
607 4090 945 4160 πραγμάτων
973 4089 1215 4160 ἁκριῦῶς
1240 4089 1534 4158 βασανίσας
1558 4091 1654 4161 τὴν
1685 4095 1866 4160 φύσιν,

285 4186 498 4256 ῑγραφε
533 4185 658 4253 περὶ
698 4182 805 4234 τῶν
840 4182 1015 4235 πάντα
1055 4182 1550 4251 ὑπομενόντων’τὰ
1596 4183 1864 4255 δυσχερῆ,

287 4272 378 4326 ῐνα
406 4271 566 4340 μόνον
598 4270 696 4340 τὴν
731 4270 836 4322 ἀπὸ
870 4271 965 4339 τῆς
999 4271 1293 4338 ἐπιθυμίας
1321 4271 1521 4323 λύτταν
1565 4274 1638 4344 μὴ
1671 4275 1867 4346 χειρώσ-

289 4378 491 4414 σωνται
513 4399 526 4424 ,
567 4377 584 4410 ι
611 4359 799 4428 etiam
827 4362 891 4430 τῇ
923 4361 1083 4428 σαρκὶ
1117 4360 1329 4424 ἕξουσιν
1360 4363 1406 4413 ol
1435 4361 1683 4418 τοιοῦτοι.
1730 4364 1868 4432 Ἐγὼ

283 4453 344 4507 δὲ
375 4453 530 4521 ὑμῶν
575 4451 843 4522 φείδομαι.
896 4470 911 4500 ι
986 4451 1119 4503 Ἀλλ’
1163 4452 1350 4523 ἐπειδὴ
1397 4454 1581 4507 πο)λοὶ
1627 4457 1727 4526 μὲν
1771 4457 1868 4528 τὴν

1945 621 2088 685 cisti,
2130 627 2384 686 tanquam
2422 613 2629 680 judicio
2659 609 2907 686 superior
2931 622 3059 663 vere
3085 607 3445 674 discessurus,
3474 609 3527 662 in

1943 710 2173 781 quadam
2208 685 2450 778 profecto
2483 703 2708 760 stultitia
2737 685 2996 758 versaris.
3029 701 3218 774 Neque
3261 701 3406 755 enim
3437 700 3527 755 ille

1945 802 2013 858 ob
2068 816 2131 855 ea
2177 799 2551 862 convineetur,
2604 797 2672 851 ob
2732 809 2852 864 quae
2902 804 2954 848 tu
3004 789 3113 862 jam
3159 793 3312 861 juxta
3343 806 3530 846 verum

1945 910 2153 962 eorum,
2184 894 2273 963 qui
2314 892 2671 961 scripserunt,
2713 888 3078 944 testimonium
3138 887 3421 942 convictus
3449 899 3530 939 es.

2049 1000 2365 1059 CCCXLIX.
2399 1031 2469 1041 ——
2501 995 2892 1054 THEODOSIO
2938 994 3422 1052 PRESBYTEBO.

2017 1114 2146 1168 Illud
2183 1113 2340 1176 scito,
2372 1110 2454 1164 vir
2495 1123 2810 1179 cumprimis
2847 1107 3185 1169 admiranue,
3234 1119 3379 1166 eum.
3437 1104 3530 1173 qui

1948 1206 2108 1261 amici
2139 1206 2374 1275 speciem
2423 1217 2536 1272 prae
2569 1215 2627 1256 se
2671 1198 2901 1261 ferebat,
2941 1212 3000 1252 re
3031 1197 3161 1251 mihi
3201 1198 3424 1252 minime
3455 1196 3532 1250 si-

1947 1295 2200 1369 gniﬁcata
2246 1311 2343 1350 nec
2395 1292 2792 1349 communicata
2863 1290 3045 1360 (norat
3091 1292 3235 1343 enim
3294 1304 3379 1344 me
3429 1303 3531 1342 non

1950 1403 2352 1460 perpessurum,
2397 1400 2498 1440 nec
2553 1383 2654 1454 ipsi
2703 1383 3119 1454 permissurum,
3147 1391 3201 1435 ut
3238 1379 3533 1434 amicitiam

1951 1489 2212 1537 vetustam
2277 1478 2652 1549 discinderet),
2703 1491 2765 1531 ea
2814 1473 3013 1532 fecisse
3075 1491 3194 1546 quae
3256 1473 3402 1530 fecit.
3460 1476 3539 1528 Ac

1951 1573 2178 1643 proinde
2209 1573 2277 1626 al)
2303 1570 2537 1625 amicitia
2575 1580 2755 1624 nostra
2781 1569 3117 1638 proscriptus
3142 1578 3246 1623 est.

2162 1680 2356 1736 CCCL.
2383 1711 2452 1720 ——-
2481 1677 2766 1733 HERMIAS
2810 1677 3294 1734 GRAMMATICO.

1957 1773 2029 1825 De
2045 1789 2125 1836 eo,
2171 1790 2189 1822 ι
2228 1770 2470 1824 Dicentcs
2499 1784 2609 1823 esse
2637 1768 2895 1836 sapientes
2920 1769 3067 1822 stulti
3110 1771 3239 1837 [acti
3268 1780 3388 1823 sunt
3420 1769 3486 1822 δ’.
3517 1789 3534 1821 ι

2027 1953 2161 2008 lllud
2205 1953 2458 2022 ignorare
2490 1951 2712 2015 videris,
2763 1960 2974 2020 poetas,
3001 1966 3097 2006 eos
3146 1953 3236 2023 qui
3271 1953 3415 2007 veris
3449 1967 3544 2006 no-

1955 2045 2184 2100 bilitatis
2224 2043 2439 2098 dotibus
2469 2043 2711 2098 eminere
2754 2057 2859 2096 non
2911 2051 3179 2110 poterant.
3219 2043 3544 2098 incredibili-

1959 2139 2058 2192 bus
2082 2135 2278 2191 fabulis
2312 2149 2626 2189 cxornasse.

2134 2244 2358 2300 CCCLI.
2404 2275 2474 2286 —
2526 2234 2830 2298 ANTONIO
2862 2242 3361 2300 SCHOLASTICO.

2031 2349 2369 2419 Virginitatis
2424 2359 2701 2406 certamen
2757 2364 3009 2417 magnum
3071 2351 3289 2420 quidem
3327 2359 3380 2406 et
3412 2367 3549 2422 pra:-

1961 2442 2166 2498 clarum
2221 2458 2298 2505 ae
2343 2443 2582 2498 divinum
2650 2450 2734 2497 est
2790 2441 2936 2515 (nam
2996 2443 3256 2498 adversus
3304 2444 3549 2513 corporis

1963 2535 2290 2605 voluptatem
2323 2533 2421 2604 ipsi
2469 2534 2666 2589 bellum
2711 2535 2838 2602 est),
2872 2543 2926 2588 at
2960 2535 3010 2588 iu
3060 2535 3183 2589 aliis
3236 2535 3548 2590 certamini-

1963 2628 2062 2682 bus
2109 2627 2320 2680 labores
2369 2625 2582 2681 minuit.
2652 2625 2862 2680 Etenim
2910 2627 3259 2697 pecuniarum
3307 2642 3546 2682 amorem

1964 2713 2122 2769 facile
2154 2715 2353 2777 vincet,
2381 2730 2503 2768 cum
2543 2716 2786 2783 corporis
2838 2725 3112 2782 ornatum,
3144 2732 3207 2772 ac
3251 2719 3448 2784 virum,
3496 2729 3549 2774 et

1964 2806 2185 2868 liberos.
2230 2806 2298 2859 ob
2345 2820 2465 2876 quae
2505 2807 2854 2876 pecuniarum
2927 2810 3172 2878 qumsitio
3241 2812 3550 2868 hominibus

1965 2912 2152 2968 parum
2200 2898 2533 2968 phiJOSOphis

1967 2993 2110 3045 nime
2138 3000 2310 3046 curet.
2345 2990 2559 3046 Mmrori
2618 2993 2782 3046 etiam
2839 2993 3258 3063 haudquaquam
3320 2996 3553 3050 obnoxia

1967 3084 2104 3148 erit;
2167 3099 2272 3138 non
2319 3086 2464 3139 enim
2529 3100 2707 3140 ramos
2759 3085 2998 3153 protulit,
3060 3102 3181 3142 cum
3240 3089 3438 3156 quibus
3501 3098 3555 3142 et

1969 3188 2114 3227 cura:
2163 3185 2218 3228 et
2275 3190 2540 3230 maerores
2577 3174 2844 3229 cillerent.
2891 3174 3206 3232 Viventibus
3251 3179 3449 3248 quippe
3496 3180 3556 3232 li-

1973 3264 2080 3328 liis,
2147 3264 2382 3320 sollicito
2420 3267 2600 3320 animo
2637 3281 2759 3320 esse
2801 3276 3099 3335 coguntur;
3149 3277 3322 3322 morte
3375 3279 3555 3325 autem

1973 3356 2192 3421 functis,
2243 3357 2295 3410 in
2371 3357 2517 3412 luctu
2588 3358 2813 3411 versari.
2870 3358 2916 3412 A
2982 3359 3259 3416 doloribus
3319 3363 3446 3418 item
3502 3377 3559 3420 et

1969 3446 2130 3517 393
2160 3448 2322 3502 animi
2350 3448 2642 3517 angoribus
2669 3449 2925 3503 immunis
2949 3461 3056 3515 cst,
3087 3460 3143 3506 ut
3170 3468 3292 3521 quae
3323 3471 3420 3511 nec
3451 3457 3554 3511 viri

1971 3539 2294 3607 arrogantia:
2339 3548 2595 3609 tanquam
2641 3541 2694 3594 in
2740 3543 3057 3596 servitutem
3104 3547 3407 3611 addicatur,
3457 3566 3556 3605 nec

1971 3642 2159 3699 partus
2194 3631 2472 3686 doloribus
2502 3632 2693 3688 mortis
2722 3633 2913 3687 vicinis
2943 3636 3388 3707 interrumpatur.
3420 3640 3553 3696 Cum

1971 3733 2280 3791 superatur,
2320 3723 2573 3777 invidiam
2611 3739 2715 3777 non
2753 3726 2990 3793 concipit
3029 3745 3041 3781 :
3081 3743 3212 3793 non,
3247 3746 3367 3784 cum
3405 3748 3558 3785 ama—

1975 3818 2059 3862 tur
2084 3813 2278 3880 supino
2308 3813 2491 3867 animo
2519 3823 2638 3878 est;
2673 3829 2776 3868 non
2810 3817 3081 3871 aversanti
3110 3833 3168 3872 se
3198 3830 3506 3876 assentatur
3540 3843 3551 3876 :

1973 3913 2078 3953 non
2111 3900 2238 3954 odio
2273 3902 2489 3956 habenti
2529 3903 2802 3958 blanditur
2837 3923 2850 3958 :
2891 3922 2994 3962 non
3029 3922 3178 3974 eum,
3215 3926 3244 3963 a
3281 3927 3386 3980 quo
3422 3927 3551 3967 con-

1975 3991 2210 4044 tumeliis
2239 3991 2491 4057 aﬂicitur,
2522 4005 2802 4050 aversatur
2831 4016 2843 4050 :
2875 4012 3060 4053 verum
3093 4002 3161 4054 ab
3193 4004 3444 4058 omnibus
3473 4005 3555 4059 his

1971 4081 2240 4150 pestiferis
2276 4083 2419 4138 vitiis
2457 4085 2625 4138 libera
2660 4098 2744 4140 est
2780 4103 2954 4158 pugna
2991 4090 3252 4147 adversus
3285 4093 3553 4163 cupidita-

1976 4183 2077 4228 tem
2105 4189 2132 4226 a
2163 4185 2353 4227 natura
2382 4175 2598 4231 insitam
2626 4197 2637 4231 :
2663 4193 2821 4247 quam
2848 4194 2968 4234 cum
2994 4194 3235 4250 superat,
3261 4186 3436 4238 omnia
3466 4186 3556 4239 iila

1971 4265 2072 4318 sibi
2106 4267 2346 4332 subjecta
2379 4267 2563 4323 habet.
2593 4269 2708 4334 Qua
2743 4271 2904 4324 etiam
2936 4271 3000 4326 de
3032 4289 3194 4328 causa
3232 4276 3304 4339 is,
3337 4277 3424 4344 qui
3458 4278 3551 4331 huc

1974 4370 2250 4409 manarum
2286 4373 2466 4412 rerum
2503 4368 2752 4414 naturam
2788 4374 3039 4416 accurate
3074 4369 3455 4432 perpenderat,
3491 4370 3557 4422 de

1974 4448 2059 4514 iis,
2090 4451 2180 4514 qui
2214 4450 2490 4507 molestias
2519 4468 2707 4508 omnes
2736 4453 3022 4517 suStinem,
3055 4467 3113 4509 ut
3146 4459 3406 4511 duntaxat
3436 4460 3557 4514 libi-

286 4544 652 4613 ἀποστολικὴν
685 4542 1013 4614 συμόουλὴν,
1054 4543 1128 4606 ὡς
1158 4544 1246 4596 διὰ
1286 4546 1626 4617 πραγμάτων
1657 4549 1730 4619 μὴ
1753 4548 1859 4601 δειο

1973 4542 2112 4595 dinis
2146 4541 2346 4597 rabiem
2384 4545 2607 4600 minime
2636 4545 2917 4614 subigam,
2952 4548 3226 4603 scribebat
3262 4569 3274 4602 :
3313 4569 3331 4602 ι
3366 4552 3556 4605 Tribu-

286 4637 568 4706 κνυμένην
608 4635 996 4705 ἀτιμάζοντες,
1031 4637 1090 4687 τὸ
1135 4636 1179 4688 δ’
1208 4636 1405 4704 ἀληθὲς
1439 4641 1505 4708 τῇ
1538 4639 1698 4711 ἡδονῇ
1749 4657 1870 4692 συν-

285 4725 614 4797 ηγοροῦντές
645 4742 825 4793 φασιν,
856 4727 956 4788 ὅτι,
982 4725 1157 4794 θλίψιν
1199 4727 1297 4795 μὲν
1325 4732 1425 4780 ο·;κ
1453 4729 1663 4799 ἔχουσιν
1697 4735 1744 4785 oi
1777 4733 1868 4786 τὸν

284 4819 465 4888 γάμον
509 4818 924 4888 ἀσπασάμενοι,
957 4819 1090 4873 ἀλλὰ
1136 4821 1226 4872 καὶ
1255 4821 1444 4891 τέρψιν
1491 4824 1580 4876 καὶ
1619 4828 1863 4895 τρυφήν⁶

285 4909 476 4963 πολλοὶ
505 4909 563 4962 δὲ
583 4910 844 4980 δεινότητι
878 4910 1177 4980 χρώμενοι,
1202 4914 1295 4966 καὶ
1325 4915 1724 4987 ἀνδρειοτέρους
1750 4919 1869 4971 ἑαυ-

284 5004 413 5064 τοὺς
443 5001 552 5055 τῶν
579 5003 676 5071 τὴν
702 5002 923 5070 ἁγνείαν
953 5003 1300 5074 ὲστεμμένων
1335 5006 1598 5076 οἰόμενοι,
1636 5010 1693 5061 οὑ
1725 5009 1868 5062 δεόν-

367 5182 407 5213 “
444 5177 597 5235 Rom.
646 5195 684 5246 ι,
722 5179 808 5232 i2.
867 5180 908 5210 δ’
948 5181 962 5232 l
995 5181 1119 5234 Cor.
1165 5197 1260 5244 vn,
1293 5179 1384 5234 '28.

1977 4633 2231 4690 lationem
2278 4636 2460 4689 carnis
2509 4637 2784 4692 habebunt
2833 4640 3158 4707 huiusmodi.
3213 4641 3320 4712 Ego
3373 4653 3553 4696 autem

1977 4725 2128 4780 vobis
2163 4742 2326 4795 parco
2356 4727 2416 4781 ".
2462 4747 2478 4779 ι
2518 4732 2586 4784 At
2622 4733 2875 4799 quoniam
2913 4733 3162 4800 permulti
3202 4735 3554 4802 apostolicum

1975 4820 2285 4884 consilium,
2311 4822 2452 4890 quod
2480 4837 2572 4890 per
2598 4839 2681 4877 res
2710 4824 2856 4893 ipsas
2885 4825 3104 4880 minime
3131 4826 3558 4892 demonstratur,

1977 4922 2425 4976 contemnentes,
2474 4916 2582 4968 imo
2631 4931 2817 4971 revera
2861 4916 3148 4985 voluptatis
3198 4919 3558 4988 patrocinium

1979 5005 2367 5072 suscipientes,
2405 5021 2527 5072 cos,
2564 5009 2653 5076 qui
2691 5010 3092 5063 matrimonium
3128 5009 3361 5080 amplexi
3397 5019 3557 5075 sunt,

1385 5299 1621 5354 VARI'IE
1665 5298 2051 5355 LECTIONES
2078 5300 2180 5352 ἘΓ
2224 5300 2450 5356 NOTAE.

364 5457 473 5529 (74)
516 5456 620 5510 Pro
660 5456 1060 5529 κοινωσάμενος
1105 5456 1243 5509 idem
1272 5459 1399 5529 cod:
1438 5458 1564 5527 legit
1595 5474 1855 5524 κοινωνη-

289 5527 546 5600 σέιμενος,
569 5537 621 5580 et
652 5541 792 5600 vers.
825 5528 919 5600 ult.
949 5541 1044 5595 pro
1085 5527 1470 5600 ἀπεκηρύχθη,
1509 5529 1741 5597 ἀπέστη.
1778 5529 1851 5580 In.

363 5595 621 5668 (75l-Pro
652 5595 832 5668 ἄθλοις
864 5598 1000 5650 idem
1027 5599 1144 5668 cod.
1181 5595 1373 5651 scribit
1398 5595 1597 5668 λόγοις,
1631 5611 1685 5653 et
1710 5595 1853 5651 \‘crs.

288 5671 318 5722 7
355 5666 440 5738 ἐρ.
481 5685 576 5738 pro
599 5667 968 5738 ἀφιλοσόφοις,
1001 5666 1422 5738 φιλοσῳμάτοις.
1459 5667 1669 5722 PnSSIN.

359 5735 494 5802 (76f
517 5740 778 5802 Ἦνθησε
829 5737 1095 5803 κλάδοις,
1131 5735 1222 5804 οἷς
1262 5740 1640 5794 avrai-601701
1677 5741 1771 5792 καί
1801 5743 1860 5793 nl

288 5809 602 5879 φροντίδες
628 5808 722 5861 καὶ
749 5808 817 5860 τὰ
845 5809 1053 5876 πένθη.
1112 5808 1394 5876 Eleganter
1443 5810 1767 5880 περιφραζει
1803 5815 1861 5864 li-

1969 5461 2146 5511 beros.
2184 5460 2274 5513 Sic
2308 5459 2472 5514 Eveui
2502 5463 2643 5529 apud
2671 5458 3022 5516 Plutarchum
3055 5469 3108 5515 et
3146 5460 3553 5516 Artemidorum

1971 5529 2217 5585 laudatus
2254 5545 2446 5585 versus
2485 5531 2757 5585 exclamat
2789 5550 2800 5584 :

1978 5645 2094 5700 Ἴδὲ
2124 5645 2236 5712 ὅση
2268 5647 2431 5713 λύπη
2458 5647 2598 5711 παῖς
2624 5646 2796 5714 πατρὶ
2823 5646 3018 5700 πάντα
3048 5647 3288 5714 χρόνον.
3314 5644 3477 5698 Ριὶττ.

2041 5737 2155 5805 t7?)
2188 5736 2331 5808 Idem
2358 5742 2504 5796 cml..
2540 5741 2769 5796 κακιῶν.
2798 5739 2954 5794 Vers.
2992 5738 3115 5794 inde
3151 5749 3344 5806 quarto
3389 5738 3552 5808 μόνον

1975 5819 2143 5862 mutat
2170 5807 2219 5860 in
2257 5807 2440 5878 μόνην.
2478 5810 2685 5866 Pessm.

2604 2901 2912 2954 necessaria
2971 2916 3092 2955 esse
3167 2905 3402 2966 videtur.
3452 2906 3554 2959 mi-
3640 2932 3646 2936 -
