3976 6424
493 514 896 572 tribulationem
932 506 1130 564 habere
1165 513 1388 576 negant,
1422 512 1607 554 verum
1643 495 2055 553 obieetationcm
2090 498 2129 552 Α

497 607 677 675 potius
719 618 781 657 sc
821 602 1073 664 delicias.
1116 613 1177 652 ac
1218 594 1458 666 plerique
1497 592 1661 647 etiam
1700 590 1803 642 vim
1847 587 2058 640 dicendi

497 699 842 757 adhibentes,
894 707 1082 762 parum
1134 686 1515 744 convenienter
1561 689 1808 738 asserunt
1857 679 2060 750 ignava:

497 788 688 841 animas
717 785 858 839 istud
889 787 1262 854 argumentum
1289 791 1410 832 esse
1437 795 1449 832 :
1477 790 1601 830 nam
1629 775 1751 830 dum
1781 769 2061 826 celibatus

496 877 766 932 sanctitati
801 889 920 931 sese
947 874 1211 937 dicarunt,
1240 867 1573 941 generationi
1607 865 1805 920 aditum
1837 860 2060 931 praeclu-

497 977 713 1031 serunt,
747 965 1076 1022 matrimonii
1105 972 1355 1032 expertes
1385 965 1665 1014 manentes
1699 972 1712 1009 :
1745 963 1904 1023 atque
1935 952 2060 1006 dum

498 1075 594 1128 per
628 1056 994 1114 difﬁcultatum
1035 1055 1332 1108 nuditatem
1371 1051 1630 1104 adversus
1667 1059 1844 1099 rerum
1885 1053 2058 1096 muta-

498 1151 672 1206 tiones
705 1160 921 1205 strenue
953 1161 1013 1202 se
1057 1151 1337 1215 gesserunt
1381 1139 1628 1197 similiter
1671 1136 2062 1206 quodammodo

499 1242 722 1305 faciunt,
747 1247 807 1294 ut
833 1239 876 1292 si
905 1239 1024 1307 quis
1052 1247 1278 1304 corpore
1301 1245 1521 1296 vacans,
1547 1228 1805 1298 glorietur
1829 1241 1888 1281 se
1919 1223 2063 1278 nullo

499 1332 678 1386 ulcere
711 1328 848 1384 allici
887 1341 1044 1396 posse
1076 1342 1089 1378 :
1122 1324 1308 1378 eodem
1343 1321 1486 1376 enim
1524 1319 1680 1378 modo
1716 1316 1814 1387 ipsi
1851 1329 2063 1384 quoque

499 1425 802 1493 inopinatas
838 1419 1178 1474 fortuitarum
1217 1429 1395 1469 rerum
1436 1409 1772 1466 incursiones
1808 1406 2064 1476 pertime-

500 1521 739 1577 scentes,
771 1508 1154 1578 gignendorum
1186 1505 1482 1559 liberorum
1517 1501 1687 1571 legem
1720 1507 2062 1566 contempse-

502 1611 720 1670 runt,ut
751 1603 840 1668 qui
869 1597 1113 1654 videlicet
1142 1595 1401 1650 adversus
1428 1592 1752 1646 mutationes
1779 1587 2067 1644 sterilitate

501 1709 619 1749 sese
654 1676 999 1754 muniverint,
1033 1702 1094 1742 ac
1129 1700 1222 1757 per
1253 1701 1370 1741 eam
1407 1685 1509 1738 boc
1543 1682 1643 1738 sibi
1677 1679 2062 1749 compararim,

500 1797 558 1839 ut
592 1784 730 1839 vinci
765 1791 820 1836 et
852 1781 970 1850 capi
1005 1794 1109 1834 non
1144 1777 1387 1847 possint;
1422 1789 1518 1830 nos
1553 1782 1730 1827 autem
1767 1772 1854 1838 qui
1894 1769 2060 1839 inopi-

501 1875 641 1929 natis
688 1869 1002 1928 mut'ationis
1051 1869 1338 1923 momentis
1384 1880 1480 1920 nos
1523 1866 1666 1933 ipsos
1713 1861 2060 1924 tradidimus,

503 1979 599 2020 nec
620 1963 863 2020 calonum
884 1975 1032 2015 more
1049 1959 1306 2013 adversus
1323 1970 1439 2010 eam
1459 1952 1700 2009 collocati
1719 1955 1870 2006 extra
1890 1949 2062 2003 aciem

505 2055 779 2120 stetimus,
821 2066 1030 2116 verum,
1068 2049 1179 2103 vita
1223 2055 1405 2103 nostra
1447 2045 1616 2114 ipsius
1660 2041 1779 2096 telis
1820 2039 2064 2109 exposita

502 2159 864 2212 concessaque
897 2143 942 2197 ei
979 2139 1306 2211 amplissima
1342 2136 1612 2200 facultate,
1645 2147 1743 2188 nos
1779 2133 1831 2186 in
1870 2131 2062 2200 quibus

501 2241 600 2310 ipsi
662 2237 882 2292 libuerit
937 2234 1094 2288 rebus
1136 2230 1361 2286 feriendi
1407 2228 1664 2282 adversus
1707 2240 1825 2280 eam
1871 2221 2064 2276 armati

501 2347 706 2395 sumus,
747 2330 880 2383 adeo
915 2336 974 2380 nt
1007 2324 1165 2378 etiam
1202 2337 1322 2378 cum
1357 2320 1724 2382 vulnersmur,
1764 2330 1866 2370 non
1907 2313 2066 2369 feria-

503 2438 644 2487 mur,
674 2430 728 2476 et
758 2434 879 2474 cum
910 2415 1015 2471 telo
1045 2413 1193 2484 petiti
1224 2425 1432 2476 sumus,
1463 2411 1580 2464 sine
1609 2408 1797 2461 aculeo
1826 2406 2065 2474 conliga-

502 2530 626 2570 mur
644 2522 804 2580 atque
827 2509 879 2563 in
907 2521 1084 2562 rerum
1114 2503 1457 2559 molcstarum
1479 2498 1848 2568 experimento
1873 2495 2065 2566 dogma

504 2606 630 2661 illud
655 2603 1056 2664 conﬁrmantes,
1078 2597 1329 2649 nimirum
1355 2593 1606 2648 virtutem
1633 2590 1946 2644 ntntationis
1973 2589 2068 2643 do—

504 2697 670 2752 minio
714 2691 932 2746 minime
973 2686 1270 2756 subiectam
1311 2696 1459 2747 esse,
1499 2681 1860 2735 certissimum
1907 2679 2068 2733 docu-

505 2795 742 2841 mentum
768 2782 996 2836 edimus.
1019 2778 1286 2847 Quoniam
1312 2775 1475 2846 igitur
1495 2773 1568 2828 illi
1597 2772 1900 2842 huiusmodi
1926 2786 2070 2840 quaa-

505 2881 627 2933 dam
667 2875 981 2941 colligentes
1026 2873 1079 2923 in
1121 2870 1402 2923 adversam
1444 2877 1652 2936 partem
1693 2863 2068 2929 declamitant,

505 2968 648 3039 quod
668 2966 873 3022 scilicet
890 2979 923 3017 a
943 2961 1268 3032 virginitatis
1288 2959 1503 3030 quidem
1525 2955 1911 3012 certaminibus
1930 2954 2069 3008 vinci

505 3074 566 3116 se
591 3068 751 3127 atque
781 3071 808 3108 a
842 3064 990 3124 tergo
1021 3051 1249 3120 relinqui
1279 3049 1619 3110 erubescant,
1649 3046 1945 3116 speciosam
1979 3060 2072 3098 au-

2095 1830 2136 1885 Β

507 3163 611 3208 tem
637 3147 1000 3205 defensionem
1026 3142 1266 3214 proferre
1289 3140 1641 3204 arbitrentur,
1666 3153 1762 3208 per
1785 3139 1928 3208 ipsas
1951 3138 2070 3206 qui-
2096 3169 2138 3228 ο

503 3241 628 3298 dem
678 3255 766 3294 res
816 3248 975 3306 atque
1026 3236 1078 3289 in
1128 3233 1258 3302 ipsis
1302 3231 1685 3287 certaminibus
1735 3229 2065 3299 intelligent,

509 3342 708 3403 quanto
739 3339 794 3385 et
827 3329 979 3382 uxori
1014 3326 1258 3391 maritus,
1291 3335 1345 3380 et
1381 3325 1575 3379 marito
1610 3337 1764 3389 uxor,
1797 3332 1852 3377 et
1887 3321 2070 3377 uxoris

512 3439 575 3480 ac
603 3422 830 3480 llliorum
861 3433 990 3474 cura
1020 3419 1084 3472 ad
1117 3418 1342 3474 salutem
1375 3415 1760 3485 impedimento
1790 3416 1860 3471 sit
1895 3433 1908 3468 :
1941 3430 2070 3470 con-

516 3517 795 3570 vincuntur
826 3521 1004 3566 autem
1040 3522 1181 3564 nunc
1211 3521 1421 3577 quoque
1456 3522 1552 3576 per
1579 3521 1639 3561 ea
1677 3508 1727 3560 in
1763 3507 1926 3560 imam
1960 3520 2070 3558 ma-

512 3608 679 3661 lorum
714 3601 1022 3672 voraginem
1059 3597 1299 3667 impelli,
1326 3612 1421 3666 per
1456 3611 1572 3666 qua:
1608 3596 1710 3661 ipsi
1748 3610 1834 3661 se,
1873 3595 2070 3664 partim

511 3697 732 3750 delicias
749 3702 808 3747 et
831 3693 1126 3759 voluptates
1154 3696 1519 3757 percepturos,
1547 3684 1710 3756 39‘
1737 3685 1932 3753 partim
1960 3697 2073 3737 ma-

505 3785 654 3853 jores
674 3794 910 3837 coronas
935 3786 1317 3834 consecuturos
1342 3790 1459 3829 esse
1485 3775 1842 3853 centideuant.
1871 3773 2075 3838 Quibus

513 3877 655 3930 enim
687 3869 1183 3944 perturbationibus
1211 3882 1313 3921 non
1340 3865 1556 3920 obnoxii
1587 3844 1746 3918 sunt?t
1771 3863 1929 3930 Quod
1951 3876 2076 3916 cau-

515 3977 664 4033 pona:
687 3975 856 4032 genus
883 3973 987 4014 non
1017 3955 1284 4011 tractant?
1310 3953 1451 4020 Quot
1478 3952 1747 4007 molestias
1771 3951 2072 4021 perferunt,

515 4068 614 4109 nec
639 4067 728 4107 eas
756 4049 1030 4106 sentiunt?
1056 4046 1193 4114 Quid
1221 4046 1362 4099 enirn
1393 4045 1514 4099 bonl
1545 4059 1639 4098 eos
1669 4059 1774 4098 non
1803 4041 2076 4111 praeterit?

514 4143 651 4209 Quid
684 4151 860 4193 autem
891 4140 1030 4205 apud
1062 4151 1153 4190 eos
1186 4134 1423 4197 habitat,
1455 4134 1596 4202 quod
1627 4133 1837 4186 laudem
1869 4146 2076 4188 merea-

514 4233 636 4288 tur?
659 4230 769 4285 Nec
800 4239 974 4282 tamen
1008 4228 1121 4281 haec
1147 4239 1212 4279 eo
1241 4237 1623 4286 commemoro,
1652 4223 1792 4291 quod
1823 4223 1958 4288 illos,
1988 4222 2079 4292 qui

514 4322 828 4379 lionorabile
875 4317 1200 4374 connubium
1252 4317 1670 4385 amplectuntur,
1719 4315 1986 4369 abdicem
2016 4328 2080 4368 ac

514 4412 843 4484 proscribarn
887 4407 1126 4477 (absit!)
1163 4419 1344 4458 verum
1387 4414 1444 4458 ut
1485 4418 1608 4468 eos,
1648 4405 1738 4472 qui
1779 4403 1983 4458 lubrica
2024 4413 2078 4457 et

1665 384 1748 443 .S.
1795 378 2085 441 'lSlDORI
2125 371 2560 437 PELUSIOT/E

2159 506 2264 551 τως
2301 488 2569 554 λέγουσιν,
2601 484 2681 537 ὅτι
2725 475 2984 549 ἀγεννοῦς
3021 473 3179 529 τοῦτο
3216 471 3400 546 ψυχῆς
3425 469 3752 544 τεκμήριον.

2162 580 2292 641 Ταῖς
2322 578 2429 647 γάρ
2453 579 2552 644 τῆς
2578 574 2821 644 ἀγαμίας
2852 567 3149 638 ἁγιστείαις
3175 560 3592 636 ἀφιερώσαντες
3621 561 3756 616 ἐσυ-

2160 668 2283 728 τοὺς
2306 709 2319 728 ,
2350 664 2686 718 ἀπέκλεισαν
2715 664 2782 732 τῇ
2814 659 3024 729 γενέσει
3055 657 3151 718 τὰς
3196 653 3468 720 διεξόδους
3489 693 3509 732 ,
3553 651 3753 724 γάμων

2161 759 2395 828 ἀμύητοι
2425 756 2710 826 μείναντες
2735 730 2874 816 .-καὶ
2897 753 2961 820 τῇ
2987 748 3095 801 τῶν
3127 744 3388 813 ἀναγκῶν
3414 730 3530 814 (78)
3561 739 3759 812 γυμνό-

2160 867 2284 921 τητι
2319 850 2453 919 πρὸς
2487 846 2585 910 τάς
2627 842 2927 914 μεταϐολάς
2964 841 3072 895 τῶν
3122 838 3471 908 πραγμάτων
3504 849 3748 888 νεανιευ-

2164 943 2422 1012 σάμενοι,
2455 937 2835 1009 παραπλήσιόν
2874 952 2926 988 τι
2970 931 3218 986 ποιοῦσιν
3242 970 3258 996 ,
3309 926 3627 1000 ώσπερανεί
3677 943 3758 989 τις

2162 1033 2447 1103 ἀσώματος
2491 1030 2776 1099 τυγχάνων
2829 1023 3155 1096 ἐνηϐρύνετο
3202 1021 3281 1092 τῷ
3316 1021 3564 1092 ἄτρωτος
3596 1012 3754 1071 εἶναι.

2163 1128 2273 1180 Καὶ
2317 1125 2425 1195 γὰρ
2472 1123 2566 1176 κα)⁸
2599 1122 2752 1176 αὐτοὶ
2785 1120 2883 1183 τάς
2914 1117 3263 1188 παραλόγους
3299 1113 3410 1167 τῶν
3444 1111 3760 1181 ἀϐουλήτων

2164 1217 2384 1287 ἐφόδους
2416 1216 2694 1277 δείσαντες
2715 1253 2732 1279 ,
2767 1213 2858 1267 τὸν
2882 1211 2979 1280 τῆς
3013 1207 3367 1276 παιδογονίας
3402 1204 3607 1273 θεσμὸν
3641 1202 3758 1272 ἠτί-

2168 1328 2365 1381 μασαν,
2414 1309 2641 1378 ἀτεκνίᾳ
2679 1308 2904 1368 ἑαυτοὺς
2939 1304 3074 1374 πρὸς
3123 1301 3226 1364 τὰς
3277 1296 3587 1369 μεταϐολὰς
3633 1296 3759 1365 ὀχυ-

2169 1402 2474 1474 ρώσαντες,
2507 1399 2601 1453 καὶ
2642 1398 2700 1450 τὸ
2732 1398 3005 1450 ἀνάλωτον
3035 1393 3124 1446 διὰ
3155 1392 3363 1461 ταύτης
3396 1404 3760 1460 πραγματευ-

2168 1495 2414 1565 σάμενοι.
2459 1493 2651 1562 Ἡμεῖς
2687 1489 2743 1543 δέ
2786 1490 2908 1552 ταῖς
2941 1487 3039 1556 τῆς
3079 1482 3386 1556 μεταϐολῆς
3424 1480 3761 1552 παραλόγοις

2167 1589 2359 1659 ῥοπαῖς
2392 1585 2727 1656 παραδόντες
2757 1581 3004 1647 ἑαυτοὺς,
3032 1579 3129 1632 καὶ
3156 1579 3218 1630 ού
3246 1576 3424 1646 ψιλῶν
3442 1575 3598 1640 τάξιν
3626 1572 3761 1644 πρὸς

2166 1680 2337 1749 αὐτὴν
2383 1677 2642 1745 ταγέντες
2667 1717 2679 1739 ,
2718 1674 2822 1740 ἐξω
2867 1675 2963 1743 τῆς
2994 1671 3274 1740 φάλαγγος
3319 1667 3588 1738 ἔστημεν,
3624 1663 3763 1718 ἀλλά

2165 1775 2278 1836 τοῖς
2334 1771 2547 1840 βέλεσιν
2593 1769 2776 1830 αὐτοῖς
2825 1764 3114 1826 ὑποθέντες
3162 1762 3261 1833 τὴν
3312 1759 3615 1819 πολιτείαν,
3669 1755 3762 1809 καὶ

2166 1861 2428 1930 ἀφθονίαν
2463 1857 2839 1930 παρασχόντες
2860 1857 2940 1918 είς
2965 1854 3000 1908 ἀ
3032 1851 3306 1923 βούλοιντο
3334 1851 3598 1920 πλήττειν
3624 1847 3760 1916 (79),

2163 1954 2299 2024 πρὸς
2349 1953 2563 2022 ἐκείνην
2605 1945 2993 2019 ἐφραξάμεθα,
3038 1945 3115 2006 ὡς
3151 1943 3248 1994 καὶ
3283 1939 3761 2010 τιτρωσκομένους

2167 2045 2242 2115 μὴ
2273 2042 2636 2112 πλήττεσθαι,
2669 2039 2762 2093 καὶ
2795 2035 3108 2108 βληθέντας,
3139 2034 3382 2104 ἀκεντρα
3413 2029 3752 2096 τοξεύεσθαι,

2165 2135 2260 2188 καὶ
2285 2133 2438 2202 ἐν’τῇ
2481 2132 2591 2185 τῶν
2619 2129 2894 2184 δυσκόλων
2926 2128 3093 2198 πείρᾳ
3123 2127 3183 2179 τὸ
3212 2125 3392 2194 δόγμα
3428 2121 3755 2193 βεὸαιούμε-

2165 2241 2267 2289 νοι,
2309 2222 2386 2286 ὡς
2428 2221 2596 2294 ἀρετὴ
2629 2220 2742 2291 (80)
2779 2218 3079 2290 μεταϐολῆς
3109 2217 3425 2278 ἀδέσποτος,
3461 2214 3561 2284 τὴν
3595 2215 3754 2282 ἀκρι-

2165 2314 2435 2383 σεστάτην
2462 2315 2769 2383 ἐκφέρομεν
2811 2310 3065 2381 βάσανον.
3126 2307 3279 2360 Ἐπεὶ
3313 2297 3495 2358 τοίνυν
3537 2302 3762 2356 τοιαῦτά

2169 2422 2290 2458 τινα
2344 2403 2686 2472 συνείροντες
2755 2395 3310 2470 καταρητορεύουσιν,
3376 2393 3760 2464 αίσχυνόμενοι

2171 2499 2268 2570 μὲν
2309 2498 2401 2550 ἐπὶ
2435 2495 2513 2566 τῷ
2561 2493 2945 2562 ἀπολελεῖφθαι
2976 2492 3083 2544 τῶν
3112 2492 3210 2562 τῆς
3243 2489 3542 2561 παρθενίας
3570 2487 3762 2553 ἄθλων,

2168 2591 2523 2663 εὐπρόσωπον
2552 2588 2608 2641 δέ
2641 2587 2928 2649 δοκοῦντες
2974 2585 3272 2652 ἀπολογίαν
3323 2581 3761 2652 προεάλλεσθαι,

2168 2684 2405 2738 εἴσονται
2442 2681 2541 2753 μὲν
2567 2680 2654 2733 διὰ
2702 2680 2811 2732 τῶν
2837 2677 3183 2748 πραγμάτων
3223 2677 3317 2729 ἐπὶ
3345 2675 3458 2728 τῶν
3491 2673 3763 2738 ἐπάθλων,

2170 2777 2295 2829 ὅσον
2323 2775 2546 2843 γυναικὶ
2584 2771 2683 2842 μὲν
2714 2771 2873 2842 ἀνὴρ,
2907 2771 3058 2842 ἀνδρὶ
3090 2769 3145 2822 δὲ
3176 2768 3336 2839 γυνὴ,
3372 2767 3469 2821 καὶ
3500 2766 3760 2836 γυναικδς

2172 2870 2265 2922 καὶ
2299 2866 2507 2920 παίδων
2533 2862 2812 2936 φροντίδες
2839 2862 3093 2931 ἐμπόδιόν
3121 2861 3236 2915 ἐστι
3264 2861 3404 2931 πρὸς
3464 2860 3759 2930 σωτηρίαν·

2173 2963 2483 3032 ἐλέγχονται
2513 2960 2569 3013 δέ
2599 2961 2692 3012 καὶ
2723 2958 2816 3012 νῦν
2856 2960 2934 3022 εἰς
2967 2958 3071 3010 τῶν
3105 2956 3292 3010 κακῶν
3327 2954 3440 3025 (81)
3476 2953 3756 3024 πυθμένα,

2172 3053 2260 3106 διά
2293 3050 2466 3104 ταῦτα
2497 3048 2981 3119 συνελαυνόμενοι,
3013 3048 3079 3100 δι’
3112 3047 3147 3100 ἃ
3178 3045 3274 3099 καὶ
3317 3047 3368 3098 ei
3407 3045 3508 3116 μὲν
3554 3044 3765 3117 τρυφῆς

2171 3143 2266 3196 καὶ
2291 3142 2529 3203 ἀνέσεως
2565 3139 2974 3193 άπολαύσεσθαι
2997 3180 3011 3203 ,
3047 3140 3098 3191 oi
3123 3137 3180 3190 δὲ
3208 3139 3302 3192 καὶ
3341 3137 3610 3208 μειζόνων
3646 3154 3762 3190 στε-

2177 3234 2361 3301 φάνων
2390 3229 2791 3298 ἀξιωθήσεσθαι
2822 3229 3253 3300 προσεδόκησαν.
3291 3228 3476 3292 Ποίοις
3513 3228 3625 3297 γάρ
3660 3229 3762 3282 πά-

2171 3324 2319 3376 θεσιν
2347 3323 2446 3392 οὐχ
2481 3322 2797 3375 ὑπόκεινται
2824 3338 2838 3384 ;
2873 3321 3037 3374 Ποίαν
3069 3321 3125 3373 δὲ
3157 3319 3461 3390 καπηλείαν
3490 3321 3554 3373 οὑ
3598 3337 3758 3390 μετα-

2172 3413 2534 3484 χειρίζονται;
2569 3411 2748 3475 Πόσας
2781 3410 2838 3464 δέ
2885 3410 3077 3481 ἀηδίας
3125 3411 3514 3480 ὑπομένοντες,
3549 3411 3650 3463 οὐκ
3681 3412 3764 3463 αι-

2176 3501 2496 3566 σθάνονται;
2545 3500 2610 3553 Τί
2667 3501 2776 3571 γάρ
2810 3498 2917 3553 τῶν
2965 3498 3147 3553 καλῶν
3188 3500 3390 3562 αὐτοὺς
3435 3501 3500 3553 οὐ
3555 3517 3762 3570 παριπ-

2173 3592 2361 3656 πεύει;
2392 3591 2542 3644 Τί·δέ
2575 3595 2903 3661 κατασκηνοῖ
2927 3593 3055 3662 παρ’
3088 3592 3273 3654 αὐτοῖς
3301 3593 3530 3644 ἐπαίνου
3585 3591 3760 3656 diter»;

2175 3685 2286 3738 Καὶ
2325 3682 2520 3752 ταῦτα,
2553 3683 2612 3736 οὐ
2641 3684 2770 3748 τοὺς
2799 3684 2888 3737 τὸν
2929 3685 3107 3754 τίμιον
3143 3675 3320 3753 γάμον
3349 3683 3764 3752 ἀσπαζομένους

2176 3774 2572 3844 ἀποκηρύττων
2603 3775 2745 3842 λέγω
2780 3775 3002 3846 (ἄπαγε)
3029 3774 3165 3827 ἀλλὰ
3198 3776 3324 3837 τοὺς
3368 3775 3637 3846 άθυρώτῳ
3676 3778 3766 3828 καὶ

2177 3865 2440 3936 όλισθηρᾷ
2462 3864 2676 3936 γλώττῃ
2703 3865 2814 3936 (82)
2840 3865 3153 3935 τολμῶντας
3183 3866 3274 3918 τὸν
3300 3867 3479 3936 γάμον
3502 3867 3606 3938 τῆς
3634 3884 3766 3937 παρ·

2180 3955 2360 4017 θενίας
2405 3955 2755 4024 ὕπερτιθέναι
2810 3955 3106 4024 κωμῳδῶν.
3162 3956 3327 4026 Ὅσον
3383 3956 3494 4027 γάρ
3542 3957 3764 4028 caput;

2179 4048 2302 4114 γῆς,
2334 4046 2428 4097 καὶ
2471 4045 2616 4116 ψυχὴ
2659 4045 2910 4116 σώματος
2958 4046 3224 4115 διαφέρειο
3256 4046 3516 4100 τοσοῦτον
3617 4063 3760 4115 παρ-

2181 4137 2331 4190 θενία
2360 4137 2452 4189 τοῦ
2498 4138 2678 4206 γάμου
2723 4139 3046 4209 διενήνοχεν.
3117 4138 3331 4207 Ἐκείνη
3379 4139 3480 4210 μὲν
3531 4141 3642 4212 γάρ
3692 4143 3763 4192 τά

2183 4231 2426 4297 πρωτεῖα
2457 4229 2515 4281 ἐν
2546 4231 2612 4299 τῇ
2641 4230 2944 4300 παρατάξει
2976 4230 3118 4299 ἔχει,
3155 4231 3247 4283 καὶ
3286 4231 3346 4284 τὸ
3383 4232 3641 4302 μέτωπον
3675 4248 3765 4284 κο-

2185 4321 2314 4386 σμεῖ
2336 4318 2435 4387 τῆς
2464 4319 2762 4388 φάλαγγος,
2780 4321 2887 4374 ’καὶ
2908 4320 2975 4372 τὸ.
3001 4321 3228 4391 λαμπρά
3250 4322 3492 4392 τρόπαια
3529 4323 3760 4394 ἵστησιν·

2181 4403 2332 4472 οὗτος
2375 4409 2429 4461 δὲ
2489 4409 2802 4481 σύμμετρος
2862 4410 2958 4476 ὢν,
3011 4413 3104 4466 καὶ
3180 4416 3292 4475 τοῖς
3349 4413 3767 4486 ἀσθενεστέροις

513 4500 772 4573 petulanti
813 4499 991 4568 lingua
1034 4494 1433 4551 matrimonium
1474 4495 1766 4565 virginitati
1811 4493 2070 4548 anteferre

2184 4500 2415 4571 ἔρεισμα
2441 4501 2646 4565 δοθεὶς,
2676 4502 2896 4557 δύναται
2939 4503 3037 4574 μὲν
3080 4503 3276 4568 σώζειν
3304 4505 3430 4567 τοὺς
3473 4505 3767 4573 φυλάττον-

503 4593 734 4652 audent,
760 4589 1137 4658 perStringam.
1158 4584 1368 4651 Quanto
1390 4583 1531 4638 enim
1556 4583 1748 4639 ceslum
1776 4593 1914 4639 terra
1942 4599 2077 4653 prmo

502 4681 744 4741 .stantius
774 4687 877 4741 est,
906 4688 959 4732 et
987 4680 1159 4732 anima
1191 4690 1415 4744 corpore
1444 4693 1457 4728 :
1491 4684 1696 4729 tantum
1725 4677 1884 4730 etiam
1917 4676 2079 4746 virgi-

516 4775 657 4827 nitas
686 4769 933 4838 conjugio
962 4767 1248 4823 antecellit.
1281 4767 1370 4820 illa
1403 4769 1544 4822 enim
1579 4769 1778 4836 primas
1810 4777 1988 4836 partes
2020 4769 2073 4823 in

502 4864 632 4920 .acie
668 4867 830 4924 lenet,
866 4872 931 4913 ac
961 4857 1241 4928 phalangis
1269 4855 1498 4911 frontem
1536 4864 1787 4922 exornat,
1823 4856 2077 4912 illustria-

2185 4608 2305 4656 τας,
2355 4593 2416 4644 ού
2466 4593 2571 4662 μὴν
2605 4595 2684 4657 είς
2739 4595 2837 4665 τὴν
2873 4595 2971 4664 τῆς
3022 4594 3315 4666 παρθενίας
3363 4592 3555 4661 ἀνάξει
3605 4615 3768 4668 κορυο

2178 4684 2307 4752 φὴν.
2342 4683 2451 4752 (83)
2474 4683 2564 4734 Διὸ
2591 4683 2683 4736 καὶ
2713 4686 2741 4736 ό
2766 4685 3131 4754 πνευματικὸς
3159 4685 3318 4754 νόμος
3344 4686 3456 4756 (84)
3507 4690 3636 4750 τοὺς
3667 4692 3766 4758 γή-

2188 4790 2394 4842 μαντας
2423 4775 2516 4825 καὶ
2544 4774 2823 4844 ἀμπέλους
2851 4775 3223 4843 φυτεύσαντας
3252 4780 3329 4841 είς
3362 4778 3455 4832 τὸν
3485 4781 3629 4834 κατά
3662 4782 3767 4835 τῶν

2184 4855 2567 4934 πνευματικῶν
2591 4859 2688 4937 τῆς
2721 4866 2982 4938 πονηρίας
3017 4868 3249 4940 πόλεμον
3280 4868 3516 4934 ἐξελθεῖν
3546 4873 3766 4945 ’ἀπηγό-

1602 5038 1837 5100 VARIE
1874 5040 2258 5098 LECTIONES
2293 5043 2382 5098 ET
2431 5041 2665 5099 ΝΟΤΔΕ.

586 5216 695 5286 (78)
735 5215 875 5286 idem
911 5216 1411 5286 θοᾶηνάναγκαίων.
1443 5216 1650 5273 Possm.

590 5218 695 5286 (78)
735 5218 875 5269 ldem
911 5218 1411 5286 θοὰςάναγκαίων.
1443 5218 1650 5273 Possm.

590 5287 698 5406 (792
741 5284 866 5338 Post
914 5286 1163 5355 πλήττειν
1217 5287 1358 5367 idem
1401 5288 1565 5372 addit,
1596 5285 1757 5351 οὕτω,
1800 5297 1854 5342 et
1912 5289 2070 5355 paulo

590 5363 638 5406 st
703 5354 1024 5406 φραξάμεθα
1056 5364 1224 5406 mutat
1258 5371 1307 5406 ιιι
1337 5355 1735 5406 ἐφθεγεαιιεθα.
1771 5359 1922 5406 Vers.
1951 5369 2070 5406 post

2253 5220 2361 5289 (82)
2398 5218 2732 5302 Hrecverba,
2775 5221 3063 5304 d0updrrtp‘
3089 5225 3184 5276 xui.
3217 5225 3482 5297 ὀλισθηρᾷ
3519 5227 3759 5299 γλώττῃ,

2182 5289 2375 5344 absunt
2403 5305 2586 5344 omnia
2621 5306 2650 5344 a
2683 5293 2803 5346 cod.
2847 5292 2963 5346 Vat.
2997 5295 3120 5348 650.
3153 5294 3229 5347 In.

2253 5358 2365 5406 {83)
2410 5360 2730 5406 Seauentia-
2773 5361 2995 5406 δύναται
3032 5364 3127 5406 ultu
3157 5364 3350 5406 ντήιῖσιν
3384 5367 3514 5406 τοῖιν
3563 5368 3759 5406 mirlée-

1259 5289 1358 5367 lein
1401 5289 1565 5367 addit
1596 5289 1854 5367 οὕτω,-ρι
1912 5289 2070 5355 paulo
2182 5289 2375 5367 absunt
2403 5293 2586 5367 omnia
2621 5293 2803 5367 a_cod_.
2847 5289 2963 5346 Vat.
2997 5289 3120 5348 650.
3153 5294 3229 5347 lo.

515 5354 638 5476 30st
671 5354 1024 5425 ἐφραξάμεθα
1056 5364 1224 5438 mutat
1258 5357 1307 5407 in
1337 5355 1735 5426 ἐφθεγξάμεθα.
1771 5354 1924 5414 Vers.
1949 5369 2070 5427 post

557 5464 570 5489 ,
602 5440 697 5493 pro
725 5423 1010 5493 βληθέντες
1036 5427 1222 5478 scribit
1245 5424 1555 5493 βληθέντας.
1586 5428 1660 5482 Ιο.

2253 5358 2365 5428 (8⁸5)
2410 5360 2731 5428 Sequentia,
2773 5361 2995 5415 δύναται
3027 5364 3127 5434 μὲν
3157 5364 3350 5427 σώζειν
3384 5367 3514 5428 τοὺς
3563 5368 3762 5436 φυλάτο

2176 5443 2365 5491 τοντας
2385 5470 2398 5492 ,
2454 5431 2514 5482 οὑ
2554 5430 2660 5493 μὴν
2689 5432 2771 5493 εἰς
2800 5433 2898 5493 τὴν
2921 5432 3020 5493 τῆς
3048 5435 3342 5493 παρθενίας
3375 5437 3561 5493 ἀνάξει
3608 5454 3762 5493 κορυ·

557 5464 570 5489 ,
602 5440 697 5493 pro
725 5430 1010 5510 βληθέντες
1036 5430 1222 5505 scribit
1245 5430 1555 5493 βληθέντας.
1586 5430 1660 5482 Ιο.

586 5493 837 5568 (80)_Pro
875 5512 948 5556 ως
994 5495 1330 5568 ἀρετὴίιιιειιι
1360 5497 1475 5549 cod.
1515 5499 1640 5565 legit
1664 5498 1738 5560 ὡς
1777 5497 1883 5568 γάρ
1930 5499 2070 5560 ἐστι,

2176 5443 2365 5510 τοντας
2385 5470 2398 5492 ,
2454 5431 2514 5482 οὑ
2554 5430 2660 5501 μὴν
2689 5432 2771 5493 εἰς
2800 5433 2898 5512 τὴν
2921 5430 3342 5506 τῆςπαρθενίας
3375 5430 3586 5502 ἀνάξει’
3608 5454 3766 5506 κορυ-

2178 5499 2306 5567 φήν,
2343 5500 2481 5552 idem
2532 5507 2653 5553 cod.
2686 5505 2942 5555 transfert
2986 5504 3052 5556 ab
3087 5506 3177 5557 illo
3211 5506 3329 5560 loco
3372 5508 3424 5560 in
3458 5523 3604 5562 vers.
3640 5519 3762 5568 post

586 5504 696 5564 (δυ)
737 5504 837 5547 t’ro
875 5504 948 5556 ως
994 5504 1158 5564 ἁρετὴ
1194 5504 1330 5547 Idem
1360 5504 1475 5549 cod.
1515 5504 1738 5565 legitrb;
1777 5504 1883 5568 γάρ
1930 5504 2070 5560 ἐστι,

517 5571 570 5644 et
597 5563 900 5644 paulo_p05t
926 5579 1116 5618 nomen
1144 5564 1436 5628 ἀδέσποτος
1463 5569 1610 5634 ponit
1646 5568 1698 5621 in
1737 5569 2069 5622 nominativo

2178 5504 2306 5567 φήν,
2343 5504 2481 5578 idem
2532 5507 2653 5553 cod.
2686 5505 2942 5555 transfert
2986 5504 3052 5556 ab
3087 5504 3177 5557 illo
3211 5506 3329 5560 loco
3372 5508 3424 5560 in
3458 5523 3604 5562 vers.
3640 5504 3762 5575 post

2177 5569 2353 5644 5,1ubt
2396 5584 2457 5644 ea
2514 5571 2747 5624 collocat
2774 5583 2890 5639 post
2915 5573 3294 5644 νάπηγόρευσε.
3344 5577 3417 5630 In.

517 5591 570 5684 ιῖῖ
598 5591 753 5644 νξιιηιυ
783 5591 900 5631 μυδι.
926 5591 1116 5618 ιιυιιιυιι
1144 5591 1433 5628 ausoauso;
1463 5591 1610 5634 μυιιιι
1646 5591 1698 5621 Ill
1737 5591 2069 5622 IIUllllllatHU
2177 5591 2230 5632 ὃ,
2270 5591 2353 5621 IlUl
2396 5591 2457 5622 ea
2514 5591 2747 5624 ςυιιοείιι
2774 5591 2890 5639 ροει
2928 5591 3294 5645 απηγορευσε.
3344 5591 3417 5630 ID.

517 5632 833 5714 μοίρῃ-ιι).
907 5702 932 5713 _
1483 5705 1494 5714 _
1564 5705 1604 5714 ’ν
1755 5707 1768 5714 _
1871 5706 1883 5714 _
1997 5705 2024 5714 _
2248 5638 2696 5714 (8d)__Deuteron.
2752 5657 2842 5714 xx,
2879 5643 2949 5714 κϐ.
2988 5643 3228 5714 Similem
3288 5647 3603 5714 allegoriam
3636 5647 3758 5701 vide

582 5700 691 5768 (Si)
731 5703 823 5764 Είς
866 5702 972 5754 τῶν
1014 5720 1138 5756 κακ.
1181 5703 1367 5758 scribit
1398 5705 1516 5758 cod.
1564 5705 1676 5758 Vat.
1723 5707 1802 5767 είς
1835 5706 1927 5758 τὸν
1955 5705 2065 5758 τῶν

520 5786 570 5822 κ.
603 5781 704 5824 etc.
737 5770 885 5826 Vers.
916 5787 1029 5840 seq.
1065 5772 1364 5827 ἀπολαῦσαι
1398 5790 1492 5844 pro
1523 5775 1944 5829 ἀπολαύσεσθαι.
1988 5776 2060 5827 Ιι).

2176 5700 2313 5775 apud
2338 5700 2600 5763 Clemenl.
2636 5709 2788 5764 Alex.
2831 5700 2924 5766 lib.
2968 5727 3002 5765 ιι
3036 5712 3318 5784 Stromat.,
3350 5700 3551 5785 p349.
3586 5700 3753 5772 Iun.
