3976 6468
245 417 384 483 ιοοθ

1147 409 1678 474 EPIS’I‘OLARUM
1717 411 1865 471 ΜΒ.
1913 410 2026 473 lll.
2057 432 2125 448 -
2160 407 2398 470 El’lST.
2441 401 2696 468 CCCLH.

3415 385 3552 450 idid

243 548 432 603 ρευσε.
457 531 550 604 Μὴ
579 529 758 584 τοίνυν
790 529 839 584 oi
864 527 1092 599 τοιούτῳ
1122 527 1479 599 κατεχόμενοι
1509 526 1695 597 δεσμῷ
1721 527 1833 589 τοῖς
1863 539 1877 586 Α

1963 539 2045 595 [ue
2077 531 2279 594 troprea
2312 519 2507 579 statuit
2544 539 2559 576 :
2597 519 2706 575 hoc
2739 523 2922 573 autem
2960 527 3083 571 cum
3122 510 3401 568 mediocre
3433 507 3541 572 sit,

240 623 560 695 λελυμένοις
596 621 928 692 ἁμιλλᾶσθαι
959 619 1280 674 οἱέσθωσαν·
1325 620 1446 675 οὐδὲ
1473 619 1580 692 γὰρ
1612 613 1724 672 οἷόν
1753 634 1836 672 τε.

239 714 395 785 Μηδὲ
424 715 472 768 oi
503 713 876 786 χρηματισμῷ
903 712 995 767 καὶ
1027 710 1218 783 κόσμῳ
1241 710 1542 784 σωματικῷ
1569 710 1691 765 ὅλον
1715 711 1842 765 εαυ-

239 807 352 861 τῶν
383 805 676 871 ἀναθέντες
716 806 809 859 τὸν
836 803 970 875 βίον,
1012 803 1389 874 νομιζέτωσαν
1421 802 1513 857 ῐσα
1560 797 1700 856 ἆθλα
1742 801 1842 874 λή-

239 894 445 966 ψεσθαι
470 893 580 949 τῶν
607 892 1038 966 ἀφιερωσάντων
1073 894 1302 958 ἑαυτοὺς
1322 935 1336 960 ,
1366 893 1462 947 καὶ
1492 891 1559 946 τὰ
1601 890 1694 946 τοῦ
1726 893 1842 946 Κυ-

245 987 370 1058 ρίου
411 984 827 1058 μεριμνώντωνο
887 981 1024 1039 ἀλλὰ
1067 982 1126 1036 ὲν
1172 986 1238 1056 τῇ
1283 981 1642 1057 προσηκούσῃ
1691 982 1844 1048 τάξει

242 1077 476 1138 ἑαυτοὺς
498 1076 862 1147 φυλάττοντες
884 1115 899 1140 ,
931 1074 1006 1146 μὴ
1032 1072 1406 1138 ὁπλιζέτωσαν
1426 1071 1676 1148 γλῶτταν
1703 1073 1845 1128 κατὰ

240 1169 357 1223 τῶν
387 1170 470 1232 είς
494 1166 594 1239 τὴν
625 1167 878 1238 οὐράνιον
913 1166 1157 1239 κορυφὴν
1189 1165 1531 1222 ἀναϐάντων.
1565 1164 1640 1219 Οὐ
1675 1163 1786 1236 γὰρ
1817 1166 1845 1218 ὁ

241 1258 428 1330 γάμος
451 1257 644 1312 κακόνο
684 1259 894 1326 ἄπαγε·
934 1257 1073 1313 ἀλλὰ
1101 1256 1195 1311 καὶ
1222 1256 1450 1326 ἔννομον
1493 1255 1589 1310 καὶ
1631 1253 1844 1327 σύμμε-

242 1366 375 1420 τρον
402 1348 628 1419 ἀγαθόν.
679 1348 840 1425 ’ἀλλὰ
873 1348 941 1402 τὰ
982 1348 1315 1420 ὲπισυρὲντα
1345 1347 1423 1418 τῷ
1457 1348 1620 1421 γάμῳ
1662 1348 1841 1412 κακὰ,

246 1437 414 1491 ἱκανὰ
461 1437 556 1492 καὶ
597 1437 697 1507 τὴν
726 1436 822 1491 τοῦ
870 1437 1048 1508 γάμου
1089 1436 1365 1509 ἀμϐλῦναι
1413 1438 1630 1510 ἡδονήν.
1677 1438 1741 1491 Ei
1786 1438 1844 1492 δὲ

246 1529 342 1582 καὶ
378 1528 548 1600 μηδὲν
574 1529 778 1584 τούτων
809 1530 1067 1601 ἐπήγετο,
1110 1529 1219 1583 οὐδ’
1261 1529 1438 1594 οὕτως
1462 1532 1531 1602 τῇ
1572 1529 1846 1603 παρθενίᾳ

247 1617 702 1689 παραϐάλλεσθαι
731 1619 941 1684 δίκαιος
965 1615 1052 1690 ἦν.
1093 1622 1157 1673 "0
1189 1618 1246 1672 δέ
1278 1636 1346 1691 με
1369 1621 1464 1673 καὶ
1487 1617 1844 1689 ἐπειγόμενον

249 1710 635 1798 παραδραμεῖν
671 1711 771 1764 οὐκ
804 1711 891 1782 ἐᾷ,
923 1709 1081 1764 τοῦτο
1113 1710 1328 1781 ῥητέον·
1373 1710 1459 1763 ὅτι
1487 1712 1519 1782 ἡ
1558 1710 1656 1781 μὲν
1700 1727 1845 1780 παρ-

249 1799 406 1854 θενία
433 1799 530 1856 καῖ
555 1801 723 1856 τᾶλλα
745 1801 1026 1873 χειροῦται
1063 1801 1234 1872 πάθη,
1261 1803 1289 1855 ὁ
1309 1800 1366 1854 ss
1395 1801 1573 1872 γάμος
1602 1801 1697 1854 καὶ
1733 1801 1846 1864 τοϊς

1947 624 2115 687 atque
2155 611 2603 671 imbecillioribus
2647 605 2962 665 adminiculi
3007 605 3130 661 loco
3177 614 3539 665 concessum,

1943 715 2122 780 potest
2157 705 2376 778 quidem
2410 718 2538 772 eos,
2573 701 2666 774 qul
2706 700 2880 772 ipsum
2918 699 3148 755 illazsum
3189 694 3541 757 custodiunt,

1944 811 2170 854 servare
2201 815 2228 852 :~
2249 803 2305 852 at
2339 809 2443 851 non
2479 793 2608 848 item
2642 792 2710 848 ad
2743 787 3071 859 virginitatis
3105 784 3380 854 fastigium
3415 783 3547 838 sub-

1945 888 2166 945 vehere.
2196 886 2356 944 Unde
2385 884 2551 939 etiam
2580 881 2881 953 spiritualis
2911 879 3019 946 lex,
3048 891 3165 942 eos,
3191 875 3288 948 qui
3317 888 3545 930 uxorem

1945 983 2251 1047 duxerant,
2295 995 2360 1036 ac
2398 979 2535 1035 vites
2578 976 2989 1048 plantaverant,
3030 971 3099 1026 ad
3138 969 3339 1026 bellum
3381 965 3544 1031 illud,

1945 1076 2090 1148 quod
2128 1088 2253 1130 cum
2293 1071 2669 1145 spiritualibus
2708 1067 2968 1140 nequitia:
3001 1063 3326 1134 suscipitur,
3358 1059 3546 1131 egredi

1946 1168 2138 1226 vetuit.
2175 1166 2310 1236 Qute
2342 1179 2466 1222 cum
2503 1165 2575 1219 ita
2613 1164 2756 1231 sint,
2794 1175 2900 1218 non
2937 1160 2993 1215 in
3026 1172 3092 1214 ea
3131 1154 3388 1228 Opinione
3425 1167 3549 1209 ver-

1945 1267 2136 1329 sentur
2157 1257 2193 1314 ii
2221 1257 2315 1329 qui
2345 1254 2654 1324 huiusmodi
2680 1252 2914 1309 vinculis
2946 1247 3233 1306 constricti
3264 1253 3544 1308 tenentur,

1949 1355 2007 1404 ut
2028 1362 2152 1404 cum
2180 1346 2286 1411 his,
2310 1347 2401 1417 qui
2429 1344 2589 1400 soluti
2617 1359 2681 1400 ac
2709 1341 2866 1400 liberi
2891 1351 3042 1407 sunt,
3067 1347 3282 1396 certare
3308 1351 3366 1392 se
3390 1349 3552 1406 posse

1945 1439 2262 1495 existiment
2291 1437 2415 1509 (nec
2442 1437 2589 1494 enim
2619 1421 2674 1492 id
2707 1435 2824 1491 lieri
2859 1432 3061 1506 potest)
3095 1446 3195 1488 nec
3225 1430 3316 1502 qui
3349 1443 3552 1499 augen-

1946 1531 2030 1586 dis
2063 1528 2290 1600 opibns,
2322 1529 2648 1601 corporique
2681 1527 3000 1584 adornando
3035 1525 3348 1582 universam
3381 1521 3548 1576 vitam

1947 1637 2101 1677 suam
2135 1620 2477 1686 addixerunt,
2508 1619 2700 1676 eadem
2734 1617 2955 1689 praemia
2977 1629 3046 1672 se
3075 1624 3398 1687 accepturos
3428 1626 3552 1667 esse

1951 1713 2305 1778 arbitrentur,
2335 1727 2457 1782 quae
2488 1709 2558 1778 ii,
2592 1709 2685 1780 qui
2719 1709 2827 1765 Deo
2861 1717 3002 1765 totos
3030 1723 3090 1763 se
3119 1711 3513 1763 consecrarunt
3533 1741 3550 1767 ,

1951 1816 2017 1857 ac
2046 1815 2166 1870 quae
2197 1801 2413 1857 Domini
2457 1809 2584 1856 sunt
2625 1809 2818 1855 curant
2850 1819 2866 1854 :
2903 1813 3094 1856 verum
3137 1797 3191 1853 in
3224 1795 3548 1866 congruenti

249 1891 438 1957 ἄλλοις
458 1893 740 1948 ἁλίσκεται
769 1893 986 1947 πάθεσι.
1016 1893 1109 1958 Τίς
1139 1892 1247 1964 γὰρ
1276 1893 1363 1946 ἵνα
1389 1893 1547 1946 παισὶ
1568 1891 1854 1966 χορηγήσει

1963 1893 2126 1964 gradu
2153 1892 2363 1963 seipsos
2391 1900 2660 1959 tenentes,
2687 1893 2951 1948 adversus
2974 1901 3089 1958 eos,
3117 1889 3207 1961 qui
3235 1888 3302 1943 ad
3329 1888 3552 1943 caeleste

251 1983 465 2055 τροφὰς
485 2025 499 2051 ,
525 1985 587 2038 οὐ
613 1985 791 2040 πάντα
821 1987 966 2039 ποιεί
996 1985 1064 2040 τὰ
1095 1986 1169 2056 μὴ
1201 1986 1481 2057 πρέποντα
1507 1986 1603 2041 καὶ
1630 1987 1707 2049 εἰς
1736 2002 1851 2038 κιν-

253 2074 448 2139 δύνους
487 2075 680 2130 ἑαυτὸν
713 2079 929 2146 ῥιπτεῖ,
975 2077 1070 2129 καὶ
1111 2077 1191 2136 εἰς
1218 2075 1456 2144 πέλαγος
1477 2115 1492 2139 ,
1526 2078 1620 2129 καὶ
1647 2076 1726 2139 είς
1753 2074 1852 2146 οη-

259 2163 395 2236 ρίων
422 2163 609 2236 βοράν.
645 2156 806 2218 Οὗτοι
850 2162 944 2219 οὖν
975 2165 1049 2229 ὡς
1094 2165 1328 2236 ἀνδρεῖοι
1373 2166 1466 2218 καὶ
1496 2167 1855 2237 τροπαιοῦχοι

258 2255 661 2326 ἐναϐρύνεσθαι
683 2245 900 2310 θέλουσι
927 2257 1061 2326 (85).
1086 2257 1197 2310 Καὶ
1222 2257 1304 2320 τίς
1327 2255 1580 2319 ἀνέξεται
1602 2274 1615 2323 ;
1641 2257 1722 2321 τίς
1746 2258 1855 2328 γὰρ

257 2348 446 2412 αὐτοῖς
477 2349 773 2420 ἐπαρκέσει
804 2351 993 2421 καιρὸς
1021 2349 1157 2421 πρὸς
1185 2350 1246 2402 τὸ
1268 2349 1442 2404 ταῦτα
1467 2351 1536 2404 τὰ
1563 2350 1856 2422 τραύματα

257 2439 636 2512 θεραπεῦσαις
678 2441 772 2505 Τίς
811 2441 866 2495 δὲ
895 2443 956 2495 οὗ
1007 2441 1336 2510 συναλγήσει
1376 2443 1492 2505 τοῖς
1527 2443 1634 2496 ὑπὸ
1663 2440 1854 2496 τοσού-

256 2548 370 2586 των
401 2531 578 2602 βελῶν
623 2532 1165 2604 κατατετρωμένοιςς
1202 2532 1455 2585 Τοσαῦτα
1501 2533 1611 2604 γὰρ
1660 2533 1858 2597 αὐτοὺς

261 2622 514 2694 περιέχει
541 2624 719 2688 κακὰ,
757 2618 844 2677 οἷα
881 2623 989 2676 οὐδ’
1023 2624 1317 2695 ἐννοῆσαι,
1361 2625 1486 2678 οὐδὲ
1527 2627 1736 2695 φράσαι
1770 2626 1860 2680 διὰ

260 2715 326 2768 τὸ
371 2713 577 2788 πλῆθος
617 2715 863 2772 δυνατόν.
901 2715 1268 2770 Παυὲσθωσαν
1313 2711 1405 2770 οὖν
1447 2715 1556 2772 τῶν
1603 2717 1860 2771 τοιούτων

262 2806 466 2875 λόγων,
499 2807 594 2862 καὶ
636 2807 708 2878 μὴ
737 2808 876 2862 κατὰ
903 2809 1000 2879 τῆς
1033 2808 1333 2876 παρθενίας
1361 2809 1735 2874 ὀπλιζέτωσαν
1763 2807 1862 2879 τὴν

264 2898 533 2967 γλῶτταν·
569 2899 683 2953 ἀλλ’
714 2900 788 2965 ὼς
819 2900 1065 2970 βασιλίδα
1093 2901 1265 2970 αὐτὴν
1299 2901 1738 2973 γεραιρέτωσαν,
1766 2902 1862 2955 καὶ

266 2989 362 3043 ὑπ’
396 2990 536 3061 αὐτῇ
569 2990 971 3055 ταττέσθωσαν,
1015 2992 1102 3044 ἵνα
1153 2991 1326 3062 ἔχοιεν
1353 2990 1522 3062 αὐτὴν
1557 2993 1651 3046 καὶ
1689 2993 1862 3064 ὑπερ-

266 3079 611 3145 ασπίζουσαν
653 3082 750 3134 καὶ
788 3081 1218 3153 πρεσβεύουσαν.
1269 3081 1435 3152 Ἡλίῳ
1472 3083 1572 3152 μὲν
1602 3085 1711 3155 γὰρ
1737 3084 1864 3146 τοὺς

266 3171 368 3242 τὴν
405 3173 708 3245 παρθενίαν
759 3175 880 3245 (ἵνα
907 3175 1002 3228 καὶ
1039 3174 1311 3244 οὐρανίοις
1345 3176 1642 3245 χρήσωμαι
1672 3192 1854 3247 παρα.-

265 3263 589 3335 δείγμασι)·
625 3263 822 3336 σελήνῃ
858 3264 915 3320 δδ
934 3265 1061 3328 τοὺς
1108 3265 1207 3336 τὴν
1243 3265 1600 3336 ἐγκράτειαν,
1642 3265 1864 3337 ἄστροις
1890 3263 1910 3302 ‘-

266 3354 330 3409 δὲ
359 3356 488 3420 τοὺς
524 3355 617 3410 τὸν
637 3357 816 3428 τίμιον
857 3357 1036 3429 γάμον
1069 3357 1503 3429 ἀσπασαμένους
1534 3359 1630 3413 καὶ
1669 3361 1860 3431 διατη-

272 3447 578 3521 ρήσαντας,
621 3449 1068 3522 παραϐάλλεσθαι
1125 3451 1313 3522 θέμις,
1371 3451 1608 3522 μάλιστα
1655 3453 1858 3525 ἐπιψη-

269 3540 531 3610 φίσαντος
549 3541 642 3596 τοῦ
665 3542 952 3596 θεσπεσίου
974 3543 1322 3609 Παύλου,καὶ
1340 3544 1611 3613 λέγοντος·
1644 3562 1662 3597 t
1690 3545 1860 3617 ’Ἄλλη

267 3632 396 3701 δόξα
440 3634 628 3706 ἡλίου,
659 3634 755 3690 καὶΙ
783 3634 917 3708 ἄλλη
954 3636 1083 3701 δόξα
1113 3625 1382 3712 σελήνης,
1429 3637 1520 3692 καὶ
1549 3637 1684 3708 ἄλλη
1732 3637 1860 3704 δόξα

269 3725 542 3798 ἀστέρων.
591 3744 612 3778 ι
1127 3715 1132 3734 ¹

1954 1999 2214 2041 cacumen
2257 1982 2654 2050 ascenderunt,
2697 1983 2939 2053 linguam
2987 1998 3055 2038 ne
3099 1989 3320 2038 acuant.
3365 1977 3553 2047 Neque

1954 2078 2097 2135 enim
2129 2075 2432 2146 coniugium
2453 2076 2652 2130 malum
2673 2082 2756 2130 est
2775 2072 3016 2146 (absitl),
3047 2087 3230 2129 verum
3247 2070 3548 2141 legitimum

1955 2171 2117 2226 etiam
2157 2184 2221 2226 ac
2261 2168 2534 2225 mediocre
2573 2166 2796 2223 bonum.
2834 2167 2906 2220 At
2949 2165 3089 2220 mala
3135 2180 3199 2220 ea
3241 2173 3299 2218 et
3343 2164 3553 2217 incom-

1958 2263 2138 2327 moda,
2180 2276 2302 2333 qua:
2345 2260 2751 2315 matrimonium
2793 2273 2978 2315 secum
3023 2257 3213 2322 trahit,
3258 2255 3326 2309 ad
3367 2264 3552 2310 retun-

1957 2355 2186 2411 dendam
2214 2363 2270 2408 et
2302 2352 2662 2408 hcbetandam
2697 2350 3029 2406 matrimonii
3057 2347 3388 2419 voluptatem
3420 2347 3554 2402 satis

1960 2461 2209 2518 magnam
2234 2446 2341 2501 vim
2374 2445 2595 2501 habent.
2623 2446 2800 2514 Atque
2824 2443 2986 2498 etiam
3013 2442 3058 2498 si
3085 2440 3220 2498 nihil
3247 2439 3440 2496 horum
3467 2452 3561 2494 sev

1961 2555 2082 2594 cum
2121 2539 2394 2605 traheret,
2430 2553 2498 2595 ne
2531 2537 2611 2592 sic
2642 2537 2864 2607 quidem
2901 2544 3083 2591 tamen
3120 2534 3342 2604 dignum
3375 2540 3552 2596 esset,

1960 2629 2103 2700 quod
2140 2644 2264 2684 cttm
2300 2628 2616 2698 virginitate
2649 2627 3012 2682 conferretur.
3052 2624 3206 2693 Quod
3244 2632 3425 2678 autem
3465 2634 3555 2676 me

1962 2720 2126 2776 etiam
2159 2729 2568 2791 properantem,
2599 2718 2882 2789 praeterire
2909 2732 3015 2772 non
3049 2715 3198 2780 sinit,
3231 2715 3335 2770 hoc
3368 2713 3553 2769 dicen-

1963 2811 2089 2865 tium
2120 2819 2233 2875 est,
2265 2823 2460 2879 nempe
2486 2809 2629 2879 quod
2659 2806 2944 2879 virginitas
2971 2806 3077 2862 alia
3101 2807 3269 2860 etiam
3299 2803 3429 2859 vitia
3461 2817 3558 2859 ex-

1965 2912 2166 2973 pugnat
2191 2920 2204 2957 :
2233 2901 2634 2958 matrimonium
2664 2911 2844 2955 autem
2872 2898 2993 2954 aliis
3019 2912 3235 2970 quoque
3261 2897 3407 2952 vitiis
3434 2911 3559 2952 eor-

1967 2995 2182 3065 ripitur.
2222 2994 2432 3062 Quotus
2468 2994 2613 3050 enim
2650 2993 2880 3063 quisque
2915 3001 3036 3058 est,
3076 2991 3166 3062 qui
3208 3001 3266 3046 ut
3301 2989 3560 3045 alimenta

1966 3085 2091 3142 ﬁliis
2134 3086 2530 3152 subministrat,
2575 3100 2681 3140 non
2724 3084 2929 3149 omnia,
2970 3098 3091 3153 quae
3131 3096 3319 3152 parum
3365 3095 3563 3137 conve-

1967 3179 2142 3246 niant,
2171 3178 2356 3245 faciat,
2381 3188 2546 3249 atque
2571 3177 2624 3232 in
2655 3174 2896 3246 pericula
2922 3183 2976 3231 et
3007 3175 3058 3229 in
3088 3173 3330 3244 pelagus,
3356 3186 3420 3226 ac
3446 3171 3563 3227 bel-

1973 3271 2079 3330 lnis
2113 3273 2165 3328 in
2197 3273 2433 3344 praedam
2465 3285 2524 3326 se
2554 3267 2850 3339 conjiciat?
2872 3266 2940 3321 At
2976 3265 3194 3322 interim
3228 3274 3406 3320 tamen
3438 3263 3562 3328 isti,

1973 3373 2035 3421 ut
2076 3363 2245 3421 fortes
2286 3374 2339 3420 et
2379 3362 2635 3436 laurigeri
2675 3360 2896 3432 gloriari
2935 3358 3144 3416 volunt.
3189 3357 3254 3412 Et
3296 3355 3419 3426 quis
3460 3355 3564 3412 hoc

1969 3455 2153 3513 ferat?
2179 3455 2336 3524 Quod
2366 3453 2509 3510 enim
2541 3454 2607 3508 ad
2643 3455 2758 3507 hiet:
2784 3451 3012 3507 vulnera
3046 3449 3389 3520 persananda
3423 3458 3560 3502 tem-

1972 3547 2120 3618 poris
2149 3545 2386 3614 spatium
2417 3541 2684 3600 suﬂieiet?
2713 3541 2975 3609 Quisnam
3007 3550 3191 3596 autem
3224 3553 3437 3604 eorum,
3467 3537 3560 3608 qui

1971 3646 2049 3694 tot
2081 3637 2204 3692 telis
2232 3637 2460 3692 sauciati
2491 3642 2654 3701 sunt,
2690 3633 2862 3689 vicem
2900 3645 3004 3687 non
3039 3630 3257 3687 doleat?
3286 3629 3389 3684 Tot
3420 3629 3562 3686 enim

1967 3744 2063 3786 eos
2106 3729 2246 3784 mala
2288 3727 2658 3794 circumdant,
2701 3733 2759 3780 ut
2797 3739 2861 3781 ea
2907 3726 2976 3781 ob
3019 3724 3421 3780 multitudinem
3466 3736 3566 3776 nec

270 3826 457 3874 mente
503 3817 916 3886 comprehendi,
962 3832 1061 3875 nec
1101 3818 1284 3876 verbis
1330 3820 1593 3888 explicari
1639 3822 1867 3890 possint.
1911 3820 2278 3889 Quamobrem
2307 3818 2618 3890 huiusmodi
2646 3815 2988 3874 sermonibus
3029 3816 3189 3872 linem
3254 3814 3556 3886 imponant.

269 3922 340 3965 ac
363 3922 470 3964 non
498 3909 758 3966 adversus
780 3907 1142 3974 virginitatem
1171 3909 1407 3981 linguam
1435 3911 1710 3966 instruant
1736 3930 1750 3966 :
1776 3926 1966 3968 verum
2037 3921 2094 3965 ut
2166 3912 2409 3980 reginam
2447 3911 2618 3978 ipsam
2662 3909 2868 3962 honore
2904 3916 3323 3977 prosequantur,
3395 3905 3557 3974 eique

274 4015 339 4055 se
361 3999 680 4070 subjiciant,
706 4008 766 4055 ut
789 4013 908 4055 eam
933 4007 988 4056 et
1013 4001 1490 4077 propugnatricem'
1512 4009 1564 4056 et
1595 4000 1760 4072 395
1792 4001 2239 4058 interventricem
2306 4001 2560 4056 habeant.
2589 3997 2702 4054 Soli
2760 3996 2904 4052 enim
2933 3998 3015 4066 (ut
3040 3995 3358 4052 cmlestibus
3419 4011 3528 4065 que

271 4106 383 4163 que
423 4090 688 4162 exemplis
735 4089 878 4160 utar)
921 4103 1045 4156 eos,
1086 4093 1176 4161 qui
1214 4093 1586 4160 virginitatem
1633 4095 1863 4164 amplexi
1905 4104 2051 4159 sunt,
2079 4093 2220 4148 luna:
2252 4101 2432 4148 autem
2463 4105 2580 4158 eos,
2635 4089 2729 4160 qui
2780 4089 3196 4155 continentiam,
3228 4101 3293 4143 ac
3323 4087 3560 4158 denique

273 4183 453 4240 stellis
481 4197 606 4251 eos,
637 4183 728 4254 qui
763 4184 1082 4242 lionorahile
1111 4186 1442 4241 conuubium
1475 4187 1709 4257 amplexi
1743 4202 1870 4244 sunt
1901 4198 2067 4258 atque
2099 4195 2531 4248 conservat-unt,
2593 4197 2915 4254 comparare
2948 4181 3108 4246 licet,
3142 4182 3378 4234 maxime
3435 4193 3558 4234 cum

275 4277 498 4333 divinus
547 4275 743 4333 Paulus
794 4277 1061 4335 calculum
1110 4294 1266 4335 suum
1314 4281 1514 4348 addat,
1556 4296 1622 4336 ac
1671 4285 1815 4338 dicat
1862 4301 1875 4338 :
1917 4301 1935 4336 t
1972 4281 2091 4338 Alia
2122 4279 2293 4352 gloria
2324 4279 2483 4344 solis,
2515 4276 2618 4332 alia
2650 4276 2820 4346 gloria
2850 4275 3020 4336 lunas.
3078 4273 3180 4326 alia
3211 4273 3382 4342 gloria
3423 4271 3560 4325 stel-

277 4371 314 4425 I:
335 4382 458 4424 rum
479 4370 546 4422 “.
587 4387 606 4422 ο
1119 4441 1122 4444 ς

743 4458 910 4514 TNB’.
943 4489 1012 4499 -
1043 4462 1129 4532 Tn
1178 4462 1381 4534 arm.

361 4573 600 4628 Ἐκεῖνον
637 4573 798 4645 μόνον
832 4575 897 4629 ἂν
946 4575 1121 4645 ἔγωγε
1156 4578 1256 4649 ζῇν
1294 4577 1500 4648 κυρίως
1545 4579 1864 4650 ὑρισαίμην,
1899 4541 1946 4597 D

272 4662 371 4717 τὸν
394 4662 506 4717 τῶν
533 4664 864 4733 σωματικῶν
905 4665 1094 4720 παθῶν
1123 4667 1409 4739 κρείττονα
1435 4669 1530 4724 καὶ
1568 4669 1863 4741 ἀνώτερον.

285 4755 350 4810 '0
375 4754 486 4828 γὰρ
515 4755 744 4820 ἐκείνοις
775 4757 970 4810 ἑαυτὸν
994 4757 1300 4826 ὑποζεύξας
1322 4800 1336 4826 ,
1362 4763 1459 4814 καὶ
1487 4762 1631 4816 κατὰ
1663 4762 1866 4834 κράτος

274 4847 372 4899 ὑπ’
404 4844 587 4901 αὐτῶν
618 4844 1002 4918 ἐλαυνόμενος,
1041 4847 1104 4901 οὐ
1135 4848 1295 4920 μόνον
1320 4849 1402 4913 είς
1425 4850 1488 4903 τὸ
1516 4849 1864 4920 ἔσχατονςτε-

273 4938 445 5008 λευτᾷ
489 4937 786 5008 βάραθρον,
818 4938 935 4992 ἀλλ’
965 4939 1086 4992 οὐδὲ
1112 4940 1214 5011 ζῇν
1251 4940 1486 4996 ἐνταῦθα
1527 4942 1750 4996 δύναται
1777 4943 1865 4998 διὰ

276 5031 377 5093 τὰς
403 5029 464 5096 ἐξ
491 5029 674 5083 αὐτῶν
711 5029 921 5102 λύπας,
943 5031 1039 5085 καὶ
1065 5032 1190 5096 τοὺς
1224 5033 1448 5103 φόϐους,
1472 5036 1568 5088 καὶ
1599 5037 1724 5099 τοὺς
1752 5053 1866 5089 κιν-

274 5123 468 5186 δύνους
487 5165 502 5188 ,
524 5123 622 5176 κα)⁸
642 5123 734 5176 τὸν
767 5123 961 5195 μυρίον
986 5125 1167 5179 αὐτῶν
1189 5126 1378 5198 ἑσμόν.
1415 5128 1518 5183 Ἂν
1538 5145 1598 5181 τε
1623 5128 1730 5200 γὰρ
1765 5128 1863 5183 θά-

277 5231 441 5278 νατος
483 5214 869 5288 προσδοκηθῇ,
928 5216 1158 5287 τέθνηκε
1200 5220 1297 5272 καὶ
1345 5219 1452 5290 πρὸ
1493 5219 1588 5272 τοῦ
1631 5219 1863 5273 θανάτου

276 5307 359 5378 τῷ
386 5306 516 5360 deer
545 5305 608 5361 ἄν
629 5323 690 5358 τε
718 5307 979 5382 νόσος,ἄν
1005 5326 1065 5362 τε
1103 5308 1284 5382 ὕϐρις,
1325 5311 1391 5365 ἄν
1409 5328 1469 5364 τε
1503 5311 1684 5379 πενία,
1715 5313 1779 5366 ἄν
1809 5329 1869 5366 τε

275 5397 468 5472 ἕτερόν
515 5415 568 5454 τι
629 5397 739 5452 τῶν
787 5398 1084 5472 ἀδοκήτων,
1148 5401 1400 5456 ἀπόλωλε
1456 5403 1550 5454 καὶ
1606 5404 1716 5456 ἀπὸ
1771 5405 1872 5474 τῆς

347 5557 396 5590 ⁸³
423 5557 445 5615 l
474 5559 598 5614 Cor.
627 5571 716 5622 ιιν,
746 5558 834 5612 ιιι.

2463 4464 2701 4521 CCCLII.
2735 4493 2804 4504 —
2840 4461 3070 4519 EIDEM.

2049 4583 2182 4637 Eum
2226 4583 2475 4652 equidem
2516 4583 2628 4652 ipse
2669 4581 2842 4635 solum
2886 4582 3103 4650 pmprie
3142 4581 3323 4634 virere
3363 4590 3566 4636 statue-

1977 4678 2080 4732 rim
2099 4718 2116 4743 ,
2143 4676 2234 4746 qui
2267 4674 2513 4745 corporis
2541 4673 2884 4744 passionibus
2916 4672 3350 4742 prmstantiorcm
3379 4687 3444 4728 ac
3473 4686 3562 4726 su-

1978 4769 2286 4824 blimiorem
2323 4782 2384 4823 se
2416 4768 2638 4838 praabet.
2673 4764 2805 4820 Nam
2841 4765 2933 4834 qui
2967 4766 3206 4835 seipsum
3242 4765 3346 4820 illis
3381 4766 3566 4834 subie-

1977 4861 2079 4926 cit,
2111 4870 2272 4930 atquc
2303 4861 2370 4915 ab
2400 4860 2466 4914 iis
2496 4873 2706 4914 summa
2736 4858 2786 4911 vi
2819 4858 3151 4929 exagitator,
3185 4872 3290 4913 non
3321 4858 3482 4915 modo
3510 4862 3564 4914 iu

1977 4963 2280 5006 extremam
2311 4950 2463 5007 exitii
2492 4948 2805 5019 voraginem
2837 4949 3066 5018 desinit,
3098 4950 3194 5006 sed
3226 4965 3292 5006 uc
3325 4950 3414 5006 hic
3445 4951 3565 5020 qui~

1976 5043 2096 5098 dem
2121 5043 2304 5098 vivere
2331 5051 2527 5112 potest,
2555 5043 2626 5096 ob
2653 5055 2770 5105 eas,
2795 5056 2916 5112 qua:
2942 5041 3009 5097 ab
3035 5042 3140 5098 illis
3170 5057 3417 5109 manant,
3447 5061 3562 5099 mo-

1976 5134 2182 5199 lestias,
2221 5145 2278 5190 et
2318 5145 2513 5199 metus,
2556 5143 2612 5189 ct
2656 5132 2921 5206 pericu-la,
2963 5143 3022 5201 et
3063 5135 3332 5190 inlinitum
3376 5153 3564 5192 eorum

1979 5238 2225 5280 examen.
2268 5224 2402 5281 Nam
2446 5226 2560 5282 sive
2606 5239 2753 5281 mors
2797 5236 3170 5297 exspectetur,
3211 5237 3357 5282 metu
3401 5229 3564 5283 etiam

1982 5327 2106 5370 ante
2140 5326 2372 5372 mortem
2408 5316 2750 5372 exanimatur
2785 5335 2800 5372 :
2837 5318 2950 5372 sive
2987 5318 3240 5381 morbus,
3277 5318 3396 5374 sive
3431 5333 3560 5374 con-

1984 5405 2234 5474 tumelia,
2268 5407 2386 5462 sire
2417 5417 2736 5478 paupertas,
2773 5404 2887 5462 sive
2921 5407 3078 5461 aliud~
3097 5406 3356 5476 quiddam
3394 5409 3567 5474 iuppi-

1385 5717 1620 5772 ιτιιιιιε
1661 5716 2046 5775 ιΕαΤιοΝΕξς
2089 5718 2170 5772 [CT
2227 5719 2452 5775 ΝΟΤεΕ.

372 5862 481 5923 ζξέῗι)
526 5859 624 5915 l‘m
654 5863 859 5917 θέλοντι
905 5865 1048 5934 punit
1087 5866 1182 5920 ιιι]
1250 5865 1344 5918 \..t

1408 5867 1548 5920 7-731!
1651 5877 1697 5921 al
1745 5883 1861 5921 κνιί
1913 5882 2026 5938 Im“
2064 5873 2106 5924 ⁵-
2141 5884 2237 5935 Νη

2272 5868 2440 5931 Livy:
2465 5866 2650 5921 strui-ii
2682 5886 2793 5919 τηιῖιη
2932 5869 3134 5920 Γιερδιξν
