3976 6402
515 360 644 422 1011

1709 364 1768 421 S.
1813 359 2098 423 lSIDORI
2137 362 2568 423 PELUSIOT.E

3625 349 3758 412 1012

513 475 658 531 nati,
694 470 855 523 etiam
897 483 958 521 cx
1002 468 1111 522 sola
1151 469 1461 536 suspicione
1503 469 1660 535 periit
1697 482 1747 523 et
1785 472 2064 524 esstinctm

2189 471 2441 535 ὑπονοίας
2489 469 2684 540 μόνης,
2731 469 2822 521 καὶ
2870 467 3210 536 διέφθαρται.
3261 463 3403 516 Ἀλλ’
3435 462 3537 530 οὐχ
3581 461 3607 512 6
3650 461 3755 513 τῶν

508 574 609 618 est.
655 565 718 614 At
761 575 866 614 non
913 560 966 613 in
1015 560 1202 614 eadem
1247 575 1410 614 causa
1453 568 1569 622 est,
1608 562 1699 630 qui
1745 563 2061 617 turbulentis

510 651 671 705 animi
708 649 1134 718 permotionibus
1167 650 1474 705 dominatur
1504 667 1517 705 :
1554 665 1739 704 verum
1774 662 1828 707 et
1862 653 2069 705 timori-

511 747 609 798 bus
640 752 689 796 et
725 741 1009 810 periculis,
1045 755 1105 795 ac
1141 741 1369 809 denique
1401 742 1546 794 omni
1585 744 1878 796 mutatione
1911 756 2070 808 supe-

511 835 618 889 rior
643 845 722 888 est
751 852 764 887 :
792 848 898 888 non
927 833 1066 903 quod
1094 833 1223 886 nihil
1253 833 1488 902 patiatur
1513 834 1649 904 (hoc
1674 836 1814 890 enim
1840 833 2070 887 fortasse

511 928 625 982 fieri
659 929 884 998 nequit),
915 927 1028 988 sed,
1060 925 1200 994 quod
1235 925 1405 979 multo
1436 926 1611 993 majus
1643 934 1799 993 atque
1830 924 2066 977 admira-

512 1019 667 1074 bilius
702 1030 957 1087 tropaeum
995 1017 1191 1080 eilicit,
1230 1018 1357 1087 quia
1392 1032 1454 1071 ea
1491 1017 1740 1083 impetum
1779 1015 2026 1071 facientia
2049 1057 2064 1081 ,

509 1121 565 1166 et
596 1111 886 1171 velitantia,
923 1110 1136 1179 telaque
1168 1110 1435 1164 mittentia
1468 1115 1801 1162 contemnat.

679 1237 942 1293 CCCLIII.
974 1267 1044 1278 —
1076 1235 1428 1294 ’ΠΜΟΤΠΕΟ
1463 1233 1887 1292 CLARISSIMO.

577 1347 643 1402 Et
672 1347 714 1402 si
743 1348 1077 1409 Chaeremon,
1105 1357 1161 1400 ut
1189 1345 1479 1415 scripsisti,
1504 1336 1616 1409 ilic,
1642 1347 1880 1416 inquam,
1901 1345 2066 1400 Euse-

510 1441 582 1496 bii
610 1441 858 1510 stipator,
886 1455 950 1494 ex
984 1440 1150 1508 ipsius
1176 1439 1564 1494 consuetudine
1595 1450 1756 1507 atque
1785 1437 2066 1491 familiari-

511 1542 620 1586 tate
636 1543 914 1594 executus,
935 1532 998 1584 ad
1016 1545 1174 1585 omne
1191 1529 1364 1586 scelus
1382 1539 1631 1598 tanquam
1650 1539 1817 1584 (nstro
1835 1528 2064 1598 qundam

511 1622 784 1686 incitatur,
821 1637 918 1676 nec
954 1621 1109 1676 fidem
1147 1621 1418 1692 agnoscit,
1450 1635 1634 1676 verum
1667 1619 1737 1674 ob
1771 1618 2068 1689 iniquitatis

511 1706 779 1768 licentiam
798 1712 1144 1780 jurejurando
1166 1712 1404 1766 abutitur
1426 1710 1903 1783 (reconciliationis
1921 1711 2064 1765 enim

510 1801 713 1857 fmdera
746 1803 1005 1871 percutit,
1037 1810 1089 1855 et
1123 1801 1477 1870 implacabilis
1507 1810 1722 1867 manet;
1753 1810 1904 1868 pacta
1936 1799 2064 1864 init,

509 1902 562 1949 et
601 1881 888 1956 rescindit;
924 1891 1091 1961 iurat,
1126 1901 1180 1946 et
1221 1891 1425 1946 fraudis
1463 1891 1742 1946 materiam
1783 1900 1942 1960 atque
1984 1890 2067 1944 ln-

508 1993 868 2037 strumentum
901 1981 1209 2051 iuramenta
1241 1983 1690 2050 babet);attamen
1724 1997 1844 2037 meo
1869 1981 2073 2049 judicio

509 2075 576 2135 is,
617 2074 707 2144 qui
752 2089 874 2128 eum
916 2081 1115 2138 tuetur,
1155 2087 1295 2127 nunc
1339 2072 1553 2143 quidem
1597 2071 1859 2126 scelerum
1909 2070 2074 2139 ipsius

507 2164 716 2232 cuipam
761 2163 990 2233 percipit
1033 2183 1046 2218 :
1091 2173 1276 2232 postea
1325 2172 1504 2218 autem
1550 2163 1866 2233 ampliorem
1910 2163 2070 2219 etiam

507 2255 752 2325 supplicii
791 2266 996 2325 partem
1032 2257 1308 2326 percipiet.

720 2383 981 2440 CCCLIV.
1014 2415 1082 2425 —
1119 2382 1346 2440 PAULO
1383 2381 1857 2441 PRESBYTERO.

577 2493 859 2548 Sacerdoti
889 2509 987 2564 pro
1013 2495 1202 2563 opibus
1228 2502 1309 2546 est
1332 2493 1544 2546 virtutis
1573 2502 1944 2548 ornamentum
1975 2507 2071 2562 pro

507 2584 778 2652 voluptate
813 2586 1056 2648 castitas,
1094 2600 1194 2655 pro
1228 2585 1354 2641 luxu
1391 2586 1690 2655 frugalitas,
1727 2601 1822 2654 pro
1860 2586 2066 2652 laetitia,

503 2688 712 2739 eorum,
750 2674 943 2742 quibus
985 2683 1210 2744 pressi,
1254 2673 1320 2730 ad
1359 2676 1608 2730 virtutem
1654 2676 2066 2732 incrementum.

506 2765 658 2833 Quod
689 2766 734 2820 si
766 2767 886 2834 quis
913 2767 1182 2820 contraria
1214 2767 1299 2821 his
1327 2767 1570 2822 instituta
1603 2779 1852 2834 sequens,
1887 2780 2069 2820 sacer-

507 2856 638 2910 dotii
672 2856 891 2911 nomine
920 2856 1202 2927 gloriatur,
1235 2857 1324 2912 hic
1353 2856 1612 2926 profanus
1639 2865 1743 2922 est,
1776 2868 1938 2928 atque
1969 2858 2070 2912 iut-

507 2946 658 3016 perio
693 2946 966 3015 indignus.

660 3073 898 3131 CCCLV.
934 3103 1000 3118 --
1036 3073 1393 3132 ﬂARTYRIO
1432 3075 1904 3134 PRESBYTERO.

880 3186 953 3241 De
992 3188 1203 3241 Ariam's
1237 3196 1286 3241 et
1326 3186 1692 3242 Eunomianis.

575 3319 632 3372 Si
665 3318 928 3372 humanas
957 3314 1269 3371 affectiones
1299 3315 1462 3385 (quod
1491 3329 1556 3370 ne
1583 3315 1727 3371 dictu
1758 3315 1922 3387 396
1949 3317 2069 3386 qui-

506 3413 624 3465 dem
654 3412 734 3464 fas
759 3409 863 3480 est)
893 3425 985 3478 per
1009 3409 1187 3463 omnia
1218 3419 1492 3477 sequatur,
1522 3408 1612 3477 qui
1643 3408 1874 3463 divinam
1902 3423 2066 3478 gene-

504 3503 764 3556 rationem
793 3499 1066 3563 describit,
1093 3499 1220 3552 illud
1251 3500 1442 3554 merito
1469 3499 1655 3554 audire
1680 3509 1862 3568 queat.
1888 3500 1942 3554 Si
1972 3500 2065 3555 tibi

502 3596 646 3650 circa
677 3593 1076 3663 generationem
1108 3591 1319 3646 affectio
1351 3592 1588 3662 ﬁngitur,
1614 3601 1668 3646 et
1694 3595 1823 3648 mihi
1853 3608 2068 3663 quoque

501 3689 647 3742 circa
682 3685 1012 3740 creationem
1051 3703 1065 3740 :
1104 3699 1274 3751 neque
1307 3686 1449 3738 enim
1484 3687 1535 3738 id
1572 3684 1714 3754 quod
1748 3695 1964 3740 creatur
1998 3685 2064 3754 (si

503 3776 796 3832 imbecilles
823 3775 1096 3830 huminum
1115 3775 1466 3844 cogitationes
1491 3776 1727 3844 sequar),
1757 3777 1960 3847 absque
1989 3777 2069 3830 af-

503 3869 734 3924 fectione
761 3875 995 3921 creatur.
1027 3865 1121 3921 Sin
1154 3875 1357 3932 autem,
1389 3877 1442 3920 ut
1476 3869 1743 3922 divinitati
1778 3878 2064 3923 censeuta-

502 3975 660 4014 neum
695 3967 806 4023 est,
841 3973 902 4015 ea
938 3957 1186 4028 quidem,
1219 3973 1338 4028 quae
1375 3959 1672 4028 purissima
1705 3960 1780 4015 illi
1813 3961 2064 4016 essentia

501 4048 849 4111 conveniunt,
883 4048 1161 4112 admittat,
1195 4063 1312 4118 qua:
1349 4060 1529 4104 autem
1566 4051 1740 4103 aliena
1776 4061 1829 4104 et
1862 4050 2066 4105 absona

501 4149 644 4202 sunt,
685 4147 992 4207 praetereat,
1031 4139 1178 4203 illud,
1218 4140 1261 4193 si
1306 4140 1463 4193 modo
1504 4155 1649 4194 sana!
1692 4141 1917 4196 rationis
1959 4149 2062 4208 est,

500 4225 738 4299 cogitare
763 4227 940 4289 debet,
970 4230 1109 4298 quod
1136 4229 1390 4298 quoniam
1418 4230 1661 4291 mortalis
1687 4229 1751 4283 ad
1779 4231 1919 4285 hunc
1944 4246 2060 4286 nio-

500 4320 625 4374 dum
663 4319 854 4388 gignit,
893 4320 1214 4374 immortalis
1250 4335 1355 4374 non
1395 4320 1521 4374 item
1563 4341 1574 4375 :
1609 4322 2058 4390 quemadmodum

501 4412 750 4467 videlicet
779 4412 829 4465 in
863 4412 1094 4465 creando
1123 4411 1211 4464 ille
1239 4426 1359 4465 cum
1391 4411 1599 4476 labore,
1630 4411 1717 4465 hic
1751 4413 1882 4464 citra
1913 4410 2060 4466 labo-

503 4519 613 4559 rem
651 4511 819 4567 creat.
853 4501 976 4556 Haec
1009 4503 1149 4556 enim
1187 4518 1369 4557 secum
1407 4513 1682 4572 reputans,
1719 4503 1810 4558 illa
1845 4518 2058 4573 quoque

499 4594 863 4650 oculatissima
906 4609 1076 4656 mens,
1115 4609 1177 4647 ac
1214 4595 1358 4648 velut
1397 4595 1578 4649 divino
1621 4595 1840 4650 numine
1878 4609 2061 4650 corre-

501 4701 609 4757 pta,
645 4686 874 4740 terrenis
904 4687 1154 4740 omnibus
1183 4688 1445 4754 exemptis
1473 4687 1780 4754 prateritis,
1812 4687 2060 4755 splendo-

502 4793 611 4833 rem
639 4778 840 4845 gloriae,
865 4788 917 4831 et
945 4778 1166 4848 figuram
1195 4787 1426 4847 patet-nte
1448 4779 1762 4834 substantia:
1779 4780 1843 4846 “,
1867 4779 2057 4833 Filium

503 4873 639 4924 haud
671 4871 940 4926 immerito
967 4871 1246 4924 definivit:
1278 4885 1371 4940 per
1397 4871 1522 4924 illud
1553 4872 1803 4924 nimirum
1836 4881 2058 4925 coaeter-

502 4964 742 5028 uitatem,
769 4980 863 5032 per
897 4964 998 5018 hoc
1032 4973 1207 5018 autem
1248 4977 1367 5016 eum
1407 4979 1687 5032 personam
1733 4966 2058 5019 constituere

501 5056 896 5109 demonstrans.
933 5055 1372 5123 Quandoquidem
1405 5055 1546 5108 enim
1577 5057 1748 5123 prius,
1781 5057 1920 5123 quod
1955 5057 2054 5126 by-

2181 563 2372 617 παθῶν
2401 563 2614 633 κρατῶν
2646 561 2906 622 τοιοῦτος’
2947 559 3084 614 άλλά
3134 560 3230 611 καὶ
3269 556 3472 625 φόϐων,
3511 554 3605 606 καὶ
3645 570 3751 605 κιν-

2176 655 2368 721 δᾶνων,
2412 655 2505 708 καὶ
2545 653 2848 724 μεταϐολῆς
2882 653 3099 721 ἁπάσης
3129 651 3360 716 ἕστηκεν
3403 645 3756 714 ὑψηλότερος.

2177 747 2236 798 ού
2265 744 2341 813 τῷ
2377 744 2542 814 μηδὲν
2566 745 2854 813 ὑπομένειν
2883 742 3073 811 (τοῦτο
3106 740 3216 809 γάρ
3247 741 3376 801 ἴσως
3405 735 3721 807 ἀμήχανον)
3741 775 3756 795 ,

2176 835 2290 888 ἀλλ’
2334 835 2362 887 6
2421 836 2515 888 καὶ
2555 834 2732 904 πολλῷ
2779 834 2964 903 μεῖζόν
3011 836 3126 886 ἔστι
3180 831 3273 883 καὶ
3322 826 3756 897 παραδοξότερον

2176 929 2318 980 ποιεῖ
2356 926 2414 978 τὸ
2439 927 2697 997 τρόπαιον
2721 926 2799 994 τῷ
2837 927 2930 979 καὶ
2969 923 3420 996 προσσα).λόντων
3451 919 3630 972 αὐτῶν
3667 918 3756 968 καὶ

2174 1018 2676 1090 ἁκροῦολιξομένων
2716 1019 2810 1072 καὶ
2846 1016 3320 1083 κατατοξευόντων
3350 1012 3737 1079 καταφρονεῖν.

2382 1239 2551 1293 τΝΓσ.
2596 1269 2665 1280 -
2706 1238 3004 1310 TtMoem
3043 1233 3536 1302 ΛΔΜΠΡΟΤΑΤῼ.

2248 1350 2308 1402 Εί
2339 1349 2435 1403 καὶ
2463 1349 2790 1420 Χαιρήμων,
2816 1348 2891 1411 ὡς
2918 1347 3235 1418 γέγραφας.
3265 1347 3292 1399 6
3342 1343 3604 1397 Εὐσεὸίου
3658 1342 3757 1395 ὕπ-

2172 1439 2464 1508 ασπιστὴς,
2493 1441 2554 1492 ὲκ
2588 1441 2686 1507 τῆς
2724 1437 2887 1491 αύτοῦ
2919 1436 3204 1498 συνουσίας
3239 1434 3582 1504 ἡκονημένος
3622 1432 3758 1499 πρὸς

2173 1532 2353 1584 πᾶσαν
2382 1529 2578 1584 κακίαν
2605 1530 2825 1600 οἰστρᾷ,
2863 1529 2958 1582 καὶ
2987 1527 3170 1580 πίστιν
3199 1527 3299 1580 οὐκ
3328 1521 3491 1589 οἶδεν,
3530 1524 3644 1576 ἀλλ’
3672 1525 3755 1576 ἐπ’

2173 1623 2385 1685 ἀδικίας
2424 1622 2577 1692 ἀδείᾳ
2603 1622 2713 1692 (86)
2755 1621 3017 1690 κέχρηται
3059 1620 3171 1682 τοῖς
3205 1619 3390 1687 ὅρκοις
3433 1616 3754 1684 (σπένδεται

2173 1711 2300 1782 γὰρ,
2335 1711 2428 1764 καὶ¹
2479 1712 2628 1780 μένει
2679 1711 3020 1781 ἀκήρυκτος·
3069 1708 3343 1778 συνθήκας
3382 1709 3620 1759 ποιεῖται
3661 1705 3755 1758 καὶ

2173 1799 2326 1852 λύει·
2377 1800 2571 1868 ὄμνυσι
2633 1802 2727 1853 καὶ
2778 1800 3113 1871 πανουργίας
3169 1801 3380 1869 ἑφόδιον
3448 1800 3566 1869 εχει
3633 1799 3756 1860 τοὺς

2174 1893 2369 1964 ὅρκους
2397 1890 2560 1963 (87))’
2611 1893 2750 1946 ἀλλά
2793 1911 2856 1961 γε
2902 1896 2931 1946 6
2972 1892 3160 1946 τοῦτον
3212 1891 3572 1962 συγκροτῶν,
3629 1891 3755 1960 παρ’

2171 1986 2295 2054 ἐμοὶ
2340 1986 2538 2056 κριτῇ,
2586 1983 2680 2037 νῦν
2719 1985 2817 2054 μὲν
2877 1982 3186 2054 καρποῦται
3235 1981 3344 2035 τῶν
3392 1981 3606 2034 κακιῶν
3653 1983 3750 2050 τὴν

2171 2077 2369 2130 αἰτίαν⁹
2415 2075 2641 2146 ὕστερον
2688 2077 2744 2130 δὲ
2781 2075 3002 2145 καὶτῆς
3030 2075 3186 2146 δίκης
3228 2073 3290 2126 τὸ
3318 2073 3484 2127 πλέον
3524 2072 3750 2144 καρειιτιὶι⁸

2173 2186 2343 2222 σεται.

2417 2385 2585 2441 TNA'.
2634 2417 2704 2427 —
2753 2386 2983 2457 mter
3022 2383 3499 2454 ΠΡΕΣΒΠΕΡῼ.

2241 2496 2331 2563 Τῷ
2355 2495 2638 2568 ἱερωμένῳ
2668 2494 2896 2558 πλοῦτος
2922 2495 3020 2564 μὲν
3063 2495 3091 2546 6
3130 2497 3229 2566 τῆς
3280 2493 3490 2564 ἀρετῆς
3523 2491 3747 2562 κόσμος,

2170 2588 2334 2659 ἡδονὴ
2359 2589 2415 2641 δὲ
2443 2591 2475 2659 ἡ
2508 2587 2830 2657 σωφροσύνη
2850 2625 2866 2650 ,
2909 2586 3088 2656 τρυφὴ
3116 2586 3174 2638 δὲ
3216 2587 3248 2655 ἡ
3289 2586 3594 2654 αὐτάρκεια
3617 2625 3631 2645 ,
3663 2583 3750 2634 εὑ-

2172 2680 2413 2750 φροσύνη
2463 2680 2519 2732 δὲ
2560 2682 2593 2750 ἡ
2631 2679 2738 2732 τῶν
2777 2678 3032 2746 ὑπηκόων
3069 2677 3207 2748 πρὸς
3246 2677 3450 2748 ἀρετὴν
3487 2675 3748 2736 ἐπίδοσις·

2171 2772 2219 2822 εἰ
2262 2769 2318 2822 δέ
2359 2786 2450 2830 -τις
2493 2769 2755 2822 τάναντία
2804 2767 3009 2821 τούτων
3053 2767 3388 2836 ἐπιτηδεύων
3451 2765 3748 2836 ἱερωσύνης

2170 2859 2395 2928 ὀνόματι
2438 2859 2820 2929 ἐναϐρύνεται,
2853 2851 3008 2920 οὗτος
3050 2857 3269 2928 άνίερος
3304 2857 3608 2926 τυγχάνει,
3658 2853 3748 2906 καὶ

2171 2951 2267 3022 τῆς
2300 2952 2474 3022 ἀρχῆς
2515 2950 2745 3015 ἀνάξιος.

2363 3078 2535 3132 TNE'.
2581 3108 2650 3120 ..-
2691 3079 3045 3149 ΜΑΡΤΥΡιο
3084 3079 3554 3150 arenarum.

2434 3185 2577 3255 Περὶ
2631 3185 2940 3255 Ἄρειανῶν
2967 3186 3063 3240 καί
3091 3185 3482 3257 εὐνομίαν-ὧν.

2240 3319 2301 3371 Ei
2352 3317 2450 3388 μὶν
2487 3319 2599 3380 τοῖς
2638 3317 2998 3388 ἀνθρωπίνοις
3036 3319 3264 3373 πάθεσιν
3303 3321 3478 3390 (ὅπερ
3517 3321 3641 3375 οὐδὲ
3676 3323 3750 3375 εί-

2171 3411 2292 3462 πείν
2330 3409 2490 3479 θέμις
2531 3409 2672 3462 κατὰ
2713 3410 2885 3464 πάντα
2921 3411 3102 3480 εψοιτο
3129 3412 3156 3463 6
3191 3413 3290 3484 τὴν
3316 3414 3470 3466 θείαν
3497 3414 3750 3484 γέννησιν

2169 3501 2522 3573 ὑπογράφων,
2561 3501 2787 3556 άκοῦσαι
2815 3501 2851 3556 ἃ
2887 3502 2971 3572 εἴη
3005 3503 3242 3570 δίκαιος,
3264 3505 3345 3556 ὅτι
3381 3506 3436 3558 εί
3468 3524 3549 3558 σοι
3581 3507 3750 3570 πάθος

2170 3591 2462 3646 πλάττεται
2493 3594 2620 3664 περὶ
2646 3592 2745 3664 τὴν
2770 3594 3042 3664 γέννησιν,
3070 3596 3238 3664 κάμοὶ
3261 3597 3392 3667 περὶ
3421 3596 3520 3665 τὴν
3552 3599 3744 3651 κτίσιν.

2169 3685 2303 3738 osse
2332 3686 2437 3756 γὰρ
2461 3686 2520 3737 τὸ
2547 3686 2860 3756 κτιζόμενον
2885 3688 2972 3756 (εί
2995 3690 3106 3749 τοῖς
3129 3687 3376 3740 ἀσθενέσι
3403 3689 3514 3742 τῶν
3544 3689 3748 3760 ἀνθρὼ-

2169 3796 2286 3833 πων
2336 3779 2612 3850 λογισμοῖς
2663 3779 2930 3850 ὲψοίμην)
2979 3779 3206 3842 ἀπαθῶς
3263 3780 3547 3844 κτίζεται·
3604 3784 3650 3834 εί
3691 3781 3746 3834 δὲ

2167 3868 2518 3940 θεοπρεπῶς.
2557 3869 2626 3922 τὰ
2661 3870 2759 3940 μὲν
2815 3871 3156 3941 ἁρμόττοντα
3203 3874 3266 3942 τῇ
3309 3873 3578 3943 ἀκηράτῳ
3613 3874 3744 3942 (87⁸)

2164 3963 2319 4031 οὐσίᾳ
2377 3961 2761 4029 καταδέξοιτο,
2811 3962 2880 4015 τὰ
2929 3962 2987 4015 δὲ
3043 3963 3229 4033 άπηχῆ
3281 3963 3742 4034 παριππεύσειεν,

2165 4055 2414 4124 ἐννοῆσαι
2445 4054 2648 4122 ὀφείλει
2678 4054 2793 4122 εἴγε
2828 4054 2889 4107 τὸ
2926 4055 3230 4123 λογιστικὸν
3275 4056 3592 4126 ἐρρωμένον
3634 4055 3742 4126 ἔχει

2164 4146 2245 4199 ὅτι
2288 4145 2476 4216 ἐπειδὴ
2517 4145 2545 4196 6
2587 4145 2776 4214 θνητὸς
2816 4144 2988 4208 οὕτως
3035 4146 3230 4200 τίκτει.
3268 4147 3296 4198 6
3343 4146 3613 4210 ἀθάνατος
3647 4149 3742 4218 οὐχ

2163 4236 2336 4298 οὕτως
2358 4253 2370 4265 ·
2404 4235 2590 4306 ὥσπερ
2619 4231 2713 4290 οὖν
2745 4235 2838 4289 καὶ
2865 4239 2892 4289 6
2926 4239 3142 4300 κτίζων,
3174 4238 3201 4289 6
3236 4239 3332 4289 ιιὲν
3366 4238 3506 4306 μετὰ
3542 4239 3736 4301 πόνου,

2162 4329 2188 4379 6
2226 4328 2280 4380 δὲ
2311 4328 2550 4397 ἀμογητὶ
2584 4326 2776 4392 κτίζει.
2812 4325 2995 4379 Ταῦτα
3025 4326 3129 4396 γὰρ
3159 4327 3416 4396 ἐννοήσας
3452 4328 3550 4380 καὶ
3577 4332 3605 4380 6
3648 4345 3738 4382 ποι

2161 4419 2466 4489 λυόμματος
2491 4418 2613 4480 νοῦς
2634 4461 2648 4484 ,
2673 4419 2767 4471 καὶ
2795 4417 2982 4487 ὥσπερ
3006 4417 3188 4480 ἔνθους
3213 4418 3500 4488 γενόμενος
3521 4462 3535 4484 ,
3569 4422 3740 4474 πάντα

2162 4514 2230 4567 τά
2277 4514 2438 4583 γήῖνα
2491 4513 2906 4582 παραδείγματα
2958 4511 3353 4582 παραδραμὼν,
3397 4513 3737 4586 ἀπαύγασμα

2165 4605 2262 4674 τῆς
2287 4604 2475 4674 δόξης,
2508 4605 2601 4657 καὶ
2626 4603 2952 4674 χαρακτῆρα
2978 4602 3080 4671 τῆς
3116 4603 3468 4667 ὑποστάσεως
3504 4605 3606 4674 τῆς
3637 4623 3739 4659 πα-

2164 4698 2384 4766 τρικῆς,
2416 4694 2505 4748 τὸν
2533 4695 2648 4747 υίὸν
2675 4695 2898 4756 είκότως
2927 4694 3186 4764 ὡρίσατο·
3222 4693 3299 4764 τῷ
3329 4695 3428 4765 μὲν
3462 4696 3524 4748 τὸ
3555 4699 3739 4750 συναΐ-

2159 4787 2290 4847 διον,
2325 4786 2401 4853 τῷ
2439 4785 2496 4838 δὲ
2536 4787 2597 4838 τὸ
2637 4787 2996 4838 ἐνυπόστατον
3032 4783 3319 4854 παριστάς.
3371 4785 3590 4860 Ἐπειδὴ
3630 4787 3740 4856 γάρ

2158 4875 2217 4926 τὸ
2255 4875 2464 4942 πρῶτον
2495 4873 2865 4927 ἀνυπόστατον
2892 4873 3192 4941 φαντασίαν
3217 4876 3344 4936 ίσως
3369 4877 3509 4927 τισὶν
3534 4876 3734 4940 ἔτικτε,

2156 4966 2243 5019 διὰ
2275 4967 2368 5019 τοῦ
2396 4967 2646 5037 δευτέρου
2678 4967 2776 5038 τὴν
2805 4966 3152 5019 ὑποστάσεων
3179 4967 3466 5035 ποιητικὴν
3496 4969 3735 5022 ὑπόστα-

2160 5074 2242 5109 σιν
2273 5058 2690 5128 ἔχαρακτήρισε.

500 5145 730 5212 postasis
765 5160 954 5213 expers
989 5159 1165 5214 esset,
1202 5151 1432 5218 speciem
1468 5147 1696 5204 fortasse
1728 5157 1889 5219 atque
1925 5151 2361 5220 imaginationem
2412 5154 2680 5207 nonnullis
2746 5152 3006 5223 pariebat,
3074 5153 3274 5208 idcirco
3303 5167 3400 5222 per
3462 5154 3733 5223 posterius

500 5240 829 5310 iiypostasim
864 5241 1220 5311 hypostascon
1251 5243 1568 5299 eiﬁcientcnt
1605 5247 1830 5300 notavit.

569 5395 788 5450 “Hebr.
820 5413 857 5462 t,
892 5398 944 5449 3.

1585 5512 1816 5567 νΑῐιιίΕ
1867 5513 2244 5569 LECflONES
2296 5515 2382 5570 ΕΤ
2427 5517 2653 5571 ΝυΤᾸΕ.

567 5663 672 5726 (8m
711 5663 811 5714 Pro
847 5662 1001 5730 ἀδείᾳ
1032 5663 1168 5715 idem
1209 5665 1326 5714 cmi.
1365 5663 1524 5716 habet
1547 5665 1652 5721 ἀεί.
1696 5667 1901 5721 Possm.

572 5734 678 5802 (87')
719 5733 912 5789 Confer
943 5731 1177 5787 Salvian.
1211 5735 1300 5788 lib.
1338 5733 1407 5786 De
1433 5735 1700 5800 gubernat.
1737 5738 1848 5792 Dei.
1880 5738 2040 5792 litn.

2216 5672 2344 5743 (87‘)
2366 5673 2467 5727 Pro
2496 5673 2752 5744 ἀκττράτῳ
2779 5675 2914 5730 idem
2945 5675 3059 5731 rod.
3085 5677 3207 5746 legit
3238 5678 3481 5749 ἐκράτῳ.
3513 5685 3720 5738 l‘osstzt.
