3976 6462
463 339 596 407 1015
1647 340 1709 400 S.
1750 336 2035 399 ISlDOIlI
2075 333 2506 397 ΡΕΙᾸΙΞΙΟΤᾹΞ
3328 333 3338 337 ”

648 445 914 505 CCCLIX.
936 474 1006 490 -
1028 444 1331 503 AUSONIO
1358 442 1822 502 CORRECTORI.
2050 455 2095 510 Α

2342 444 2514 499 τηου.
2554 472 2616 486 .-
2660 438 2956 511 Annulo
2996 422 3479 493 noeentum.
3654 436 3686 487 ε

528 557 966 629 Quandoquidem
998 557 1065 612 ad
1098 557 1499 629 subripiendam
1531 572 1633 613 non
1669 557 1885 613 fortium
1914 566 2025 611 tan-

2211 555 2426 623 Ἐπειδὴ
2449 553 2619 607 δεινδν
2650 553 2683 624 ἠ
2714 548 2969 605 κολακεία
2994 549 3055 603 ού
3089 546 3253 619 μόνον
3278 544 3393 600 τῶν
3412 540 3700 617 ἀνδρῶν,

460 666 597 717 tum,
629 653 723 707 sed
758 652 924 707 etiam
950 652 1270 722 prudentum
1304 652 1540 706 virorum
1580 660 1810 708 mentem
1838 666 2025 706 assen-

2136 647 2261 704 nm
2287 645 2379 700 καὶ
2411 646 2520 697 τῶν
2557 643 2843 714 ἐμφρόνων
2878 640 3075 709 κλέψαι
3104 639 3197 693 τὸν
3224 636 3355 692 νοῦν
3375 651 3391 668 ⁸
3423 636 3519 690 διὰ
3544 630 3706 722 τρῦτο

458 747 588 799 tatio
621 757 870 813 magnam
901 720 1004 795 vim
1035 741 1196 797 habet
1223 759 1237 796 :
1288 742 1491 797 idcirco
1516 756 1621 797 non
1656 741 1849 810 injuria
1879 752 2023 797 metu

2130 738 2351 799 εἰκότως
2389 734 2482 789 τοῦ
2511 734 2679 804 φόϐου
2708 733 2911 801 ταύτην
2953 731 3096 801 φημὶ
3124 728 3504 797 δυνατιιντέραν
3535 720 3700 779 εἶναι.

456 833 810 889 valentiorem
838 847 955 889 eam
989 847 1110 888 esse
1169 846 1372 889 assero.
1410 832 1489 888 llli
1533 834 1735 889 etenim
1785 832 2026 904 plerique

2129 829 2219 900 Τῷ
2258 829 2358 900 μὲν
2400 828 2512 896 γὰρ
2545 824 2891 895 αἰσχύνονται
2930 821 3117 875 πολλοὶ
3142 815 3321 887 εἶξαι·
3361 819 3464 888 τῆς
3489 816 3547 870 δὲ
3584 814 3699 887 (91)

456 924 651 981 cedere
710 932 1012 981 verentur:
1078 916 1242 979 huic'
1276 932 1457 981 autem
1506 924 1762 980 libentius
1829 925 2025 980 animis

2130 921 2298 991 ἡδέως
2330 918 2624 989 ἡττῶνται,
2652 916 2890 988 ἀκρίτως
2920 914 3015 968 καὶ
3052 911 3439 983 ἀϐασανίστως
3471 908 3700 971 ἑαυτοὺς

456 1015 855 1081 succumbunt,
887 1024 1094 1072 temere
1149 1014 1401 1071 videlicet
1442 1028 1507 1070 ac
1555 1014 1693 1070 citra
1724 1015 2023 1071 cruciatum

890 1024 1094 1072 temere
1149 1014 1401 1071 videlicet
1442 1028 1507 1070 ac
1555 1014 1693 1070 citra
1724 1015 2023 1071 cruciatum
2126 1010 2460 1083 tvstsdmc,

456 1105 667 1176 seipsos
694 1105 969 1161 dedentes.

895 1209 1140 1267 CCCLX.
1164 1242 1236 1254 —
1264 1209 1589 1273 LEONTIO.

2611 1206 2732 1263 τε.
2771 1236 2843 1248 --
2879 1204 3196 1276 ΔΕΟΝΤΙῼ.

530 1318 609 1373 Ne
646 1318 883 1387 mireris,
918 1320 998 1375 vir
1026 1320 1250 1390 optime,
1281 1336 1403 1387 nec,
1440 1318 1579 1375 ultra
1614 1335 1777 1392 quam
1808 1336 1905 1392 par
1930 1320 2021 1385 sit,

2198 1319 2289 1391 Μὴ
2312 1317 2579 1387 θαύμαζε,
2614 1310 2659 1370 ὦ
2688 1316 2896 1385 ἄριστε,
2950 1314 3086 1385 μηδὲ
3138 1312 3244 1378 ἔξω
3274 1310 3372 1366 τοῦ
3397 1309 3701 1381 πρέποντος

461 1409 664 1466 doloris
699 1410 881 1481 jaculo
915 1413 1212 1482 conﬁgatur
1249 1398 1462 1468 animus
1510 1423 1632 1467 tuus
1663 1452 1677 1475 ,
1740 1423 2023 1481 propterea

2128 1408 2553 1477 ἐξακοντιζέσθω
2572 1423 2664 1460 σου
2688 1407 2747 1459 τὸ
2773 1407 3049 1477 φρόνημα,
3068 1407 3117 1457 εί
3146 1402 3538 1473 κεκλεισμένης
3563 1398 3698 1471 (92),

458 1502 602 1570 quod
622 1542 637 1568 ,
669 1516 789 1557 cum
822 1500 1037 1558 Zosimo
1060 1541 1073 1565 ,
1101 1512 1157 1557 ut
1180 1504 1479 1573 srripsisti,
1514 1505 1761 1573 loquendi
1809 1503 2027 1560 libertas

2130 1498 2201 1561 ὡς
2230 1496 2536 1569 γέγραφας,
2574 1496 2822 1571 Ζωσίμου
2851 1496 2952 1566 τῆς
2986 1494 3328 1567 παρρησίας,
3356 1492 3417 1545 ού
3456 1490 3700 1558 κιγκλίσι

458 1592 638 1648 clausa
664 1592 753 1658 sit,
786 1607 894 1663 non
928 1592 1180 1647 cancellis
1210 1593 1529 1663 quibusdam
1563 1603 1615 1647 et
1640 1592 1858 1663 januis,
1892 1606 2026 1662 quas

2130 1589 2223 1642 xu".
2248 1587 2441 1657 θύραις
2469 1587 2634 1653 τισὶν,
2668 1587 2733 1650 ἇς
2767 1603 2909 1649 τινες
2935 1585 3002 1639 ἂν
3020 1586 3114 1639 καὶ
3141 1584 3547 1655 παρανοίξειαν,
3564 1581 3697 1637 ἀλλὰ

457 1683 619 1738 etiam
670 1682 886 1752 quidam
922 1682 1149 1739 fortasse
1189 1683 1399 1747 aperire
1436 1694 1673 1751 queant,
1716 1697 1899 1737 verum
1947 1692 2024 1736 tot

2128 1678 2404 1741 τοσούτοις
2435 1678 2530 1731 καὶ
2548 1677 2889 1748 τηλικούτοις
2930 1675 3297 1747 ἐγκλήμασιν,
3328 1674 3407 1728 ετι
3439 1673 3535 1728 καὶ
3568 1673 3698 1728 ἀθυ-

376 1820 379 1823 ,
460 1788 522 1829 ac
552 1774 716 1829 tantis
736 1773 1077 1838 criminibus,
1105 1774 1282 1829 adhuc
1307 1785 1482 1830 tamen
1511 1774 1704 1844 lingua:
1727 1772 1941 1844 pctuian

2132 1771 2443 1844 ρογλωττεῖ.
2475 1770 2688 1842 Ὠσπερ
2732 1770 2841 1841 γὰρ
2872 1771 2983 1833 τοῖς
3025 1768 3349 1841 κατορθοῦσι
3386 1766 3701 1839 μετριάζειν

464 1864 687 1921 laboret.
718 1860 791 1921 Ut
815 1865 959 1921 enim
997 1864 1065 1919 iis
1090 1904 1106 1930 ,
1136 1864 1227 1934 qui
1257 1864 1459 1935 aliquid
1486 1879 1551 1920 ex
1582 1866 1779 1919 virtute
1804 1874 2022 1933 gerunt,

2134 1862 2271 1933 μετὰ
2300 1860 2368 1915 τὰ
2392 1858 2791 1932 κατορθώματα
2828 1858 2967 1923 ἔθος,
2998 1858 3143 1912 οὔτω
3186 1859 3279 1912 καὶ
3311 1860 3426 1920 τοῖς
3452 1858 3702 1929 ἁμαρτά-

465 1965 745 2026 poatquam
778 1955 990 2010 virtutis
1014 1956 1326 2011 muneribus
1368 1954 1631 2023 perfuncti
1663 1963 1815 2019 sunt,
1844 1954 2025 2009 mode-

2132 1971 2281 2006 νουσι
2320 1951 2456 2022 μετὰ
2498 1952 2567 2004 τὰ
2607 1952 2927 2022 πταίσματα
2967 1949 3307 2022 ἐπαίρεσθαι.
3339 1951 3403 2004 El
3436 1950 3492 2003 δὲ
3523 1949 3702 2019 βούλει

464 2050 620 2105 etiam
656 2049 915 2105 adhibere
936 2063 1053 2105 mos
1089 2059 1201 2104 est:
1239 2052 1318 2106 sic
1348 2050 1511 2105 etiam
1536 2050 1626 2115 iis,
1656 2049 1745 2119 qui
1774 2058 2024 2118 peccant,

2134 2042 2406 2109 ἀπόδειξιν
2439 2044 2628 2098 τούτου
2653 2042 2859 2108 λαϐεῖν,
2886 2042 2983 2096 θία
3008 2042 3133 2106 τοὺς
3162 2044 3309 2114 τρεῖς
3340 2042 3541 2105 παῖδας
3564 2040 3704 2094 ὲκεί-

464 2150 581 2212 post
612 2140 808 2197 delicta
832 2142 1110 2211 superbire
1153 2151 1314 2211 atque
1346 2142 1543 2198 animis
1573 2140 1775 2197 elTerri.
1804 2139 1954 2207 Quod
1980 2140 2023 2193 si

2134 2151 2255 2196 νους
2284 2134 2411 2196 τοὺς
2434 2132 2749 2203 κρείττονας
2766 2131 2859 2185 τοῦ
2893 2132 3059 2201 πυρὸς
3081 2131 3169 2185 διὰ
3193 2130 3545 2202 δικαιοσύνην
3573 2131 3702 2184 ἁπο-

464 2229 626 2299 bujus
658 2230 735 2287 rei
760 2240 1133 2299 argumentum
1166 2245 1361 2299 capere
1381 2231 1552 2300 cupis,
1600 2230 1844 2300 perspice
1872 2229 2027 2298 quid-

2135 2224 2455 2292 φανθέντας,
2487 2224 2540 2276 τί
2591 2238 2786 2291 φασιν·
2839 2240 2857 2272 ι
2900 2222 3273 2294 Ἦμάρτομεν,
3318 2224 3699 2293 ἠνομήσαμεν,

464 2335 588 2376 nam
612 2328 720 2378 tres
746 2320 819 2376 illi
845 2320 1018 2391 pueri,
1041 2322 1130 2392 qui
1164 2320 1236 2378 ob
1268 2324 1399 2377 vita:
1423 2322 1743 2391 probitatem
1773 2335 1837 2376 ac
1871 2320 2027 2390 justi-

2135 2314 2493 2385 ἠδικήσαμεν.
2535 2331 2553 2365 ι
2595 2316 2658 2367 Ol
2690 2313 2748 2367 δὲ
2790 2313 3053 2377 Ἰουδαῖοι,
3082 2308 3162 2378 οἷς
3205 2314 3355 2368 οὐδὲν
3398 2315 3705 2386 ἁμάρτημα

466 2412 595 2467 tiam
631 2412 755 2483 igne
785 2412 1093 2483 superiores
1135 2413 1503 2478 exstiterunt,
1544 2414 1754 2468 dicant:
1789 2431 1807 2465 ι
1834 2412 2032 2467 Pecca-

2133 2408 2431 2476 ἄπρακτον,
2465 2406 2589 2459 οὐδὲ
2626 2405 2785 2475 λόγος
2808 2406 3033 2475 αἰσχρὸς
3063 2406 3299 2478 apem;
3329 2402 3420 2477 ἦν,
3449 2406 3702 2475 ἔφασκον·

467 2497 641 2552 vimus
664 2538 680 2562 ,
711 2496 894 2568 inique
922 2499 1130 2571 egimus
1153 2539 1168 2565 ,
1216 2501 1530 2569 iujustitiam
1570 2500 1795 2557 fecimus
1813 2500 1881 2554 “.
1905 2519 1924 2552 ι
1965 2500 2032 2553 At

2140 2514 2158 2549 t
2218 2495 2597 2567 Ἐφυλάξαμεν
2636 2496 2706 2549 τὰ
2765 2496 3164 2566 προστάγματά
3209 2513 3322 2559 σου,
3377 2498 3475 2550 καί
3520 2496 3591 2549 τὰ
3632 2496 3706 2549 δι-

464 2596 648 2643 contra
664 2587 854 2654 Judaei,
880 2591 968 2658 qui
993 2604 1091 2645 nec
1112 2591 1179 2648 ab
1198 2591 1305 2647 ullo
1328 2592 1555 2657 scelere,
1580 2607 1677 2647 nec
1705 2592 1774 2647 ab
1801 2592 2032 2647 obsceno

2142 2588 2436 2659 καιώματά
2470 2604 2563 2641 σου
2584 2604 2597 2617 ·
2628 2588 2721 2641 καὶ
2765 2586 2861 2642 νῦν
2904 2585 3283 2657 μακαρίζομεν
3312 2586 3650 2658 ἀλλοτρίους.
3684 2603 3703 2637 a

467 2677 575 2734 ullo
604 2692 853 2734 sermone
896 2678 1300 2744 abstinuerant,
1349 2680 1433 2736 his
1474 2681 1657 2737 verbis
1699 2680 2029 2736 utebantur:

2142 2680 2232 2749 Μὴ
2259 2679 2437 2733 τοίνυν
2484 2678 2621 2749 μηδὲ
2673 2678 2833 2742 αὐτὸς
2878 2677 3172 2749 ταράττου,
3226 2677 3363 2750 μηδὲ
3412 2678 3630 2748 ἀπηχὲς
3662 2693 3710 2729 τι

470 2783 491 2819 ι
526 2762 926 2823 Custodivlmus
962 2777 1224 2838 pmcepta
1248 2777 1337 2822 tua
1366 2778 1421 2824 et
1432 2768 1842 2837 iustiﬁcationes
1875 2778 2032 2825 tuas:

2144 2768 2383 2840 φθέγγου
2436 2769 2532 2822 καὶ
2572 2767 2807 2839 ἀπῳδὸν,
2860 2765 3142 2835 γινώσκων
3170 2768 3253 2821 ὅτι
3296 2767 3454 2821 τοῦτο
3485 2766 3714 2839 μάλιστα

469 2872 534 2913 ac
562 2872 707 2913 nunc
730 2858 933 2915 alienos
960 2859 1146 2915 beatos
1170 2860 1605 2929 praedicamus“.
1629 2879 1649 2913 ι
1677 2861 2035 2929 Quamobrem

1962 2876 2035 2915 aut
2144 2860 2341 2931 δεῖγμά
2372 2861 2487 2913 ἔστι
2523 2859 2621 2929 τῆς
2651 2854 2886 2927 ἐσχάτης
2912 2856 3078 2911 αὐτοῦ
3120 2856 3532 2928 παραπληξίας.

471 2961 571 3002 nec
611 2956 665 3002 tu
698 2963 911 3019 quoque
933 2951 1286 3019 perturberis,
1308 2964 1406 3007 nec
1433 2951 1724 3007 absurdum
1747 2951 2037 3021 quidquam
2073 2958 2126 3005 et
2194 2952 2456 3006 absonum
2532 2948 2908 3019 proloquaris:
2958 2947 3089 3004 illud
3143 2964 3243 3019 pro
3292 2959 3442 3005 certo
3492 2948 3715 3015 habens,

470 3048 727 3098 extremae
763 3041 932 3111 ipsius
957 3042 1286 3112 stupiditatis
1317 3043 1496 3099 hocin
1538 3044 1726 3115 primis
1751 3052 2125 3114 argumentum
2164 3058 2305 3100 esse.

585 3147 755 3221 398
782 3147 1048 3207 CCCLXl.
1080 3180 1147 3192 —
1177 3149 1456 3207 HIERACI
1497 3150 1931 3208 CLARISSIMO.
2067 3138 2110 3197 (ἶ
2364 3156 2407 3208 Τ
2410 3156 2528 3209 ΞΜ.
2564 3185 2633 3196 -
2660 3155 2897 3209 IEPAKI
2944 3122 3440 3225 AAMHPOTA'l‘Q.

539 3253 655 3310 Non
684 3271 822 3313 terea
848 3267 1021 3313 statua
1054 3260 1483 3332 auro-refulgens
1510 3262 1725 3319 actione
1754 3273 1843 3319 tua
1880 3263 2038 3333 digna

2215 3265 2291 3319 Οὐ
2341 3264 2521 3336 χαλκῆ
2558 3264 2722 3319 εἰκὼν
2754 3265 2941 3336 χρυσῷ
2972 3266 3444 3336 ἀπαστράπτουσα
3475 3265 3581 3337 τῆς
3623 3266 3716 3335 σῆς

473 3359 592 3415 est,
617 3352 710 3406 sed
741 3350 846 3405 vita
887 3350 1045 3407 ﬁnem
1083 3366 1187 3408 non
1216 3352 1443 3408 habens.
1480 3352 1628 3408 Illam
1662 3354 1804 3409 enim
1834 3364 2039 3424 tempus

2148 3358 2397 3431 πράξεως
2426 3358 2574 3426 ἀξία,
2606 3357 2743 3412 ἀλλά
2766 3357 2880 3429 ζωὴ
2906 3357 3059 3421 τέλος
3088 3358 3188 3411 οὐκ
3229 3357 3450 3428 ἔχουσα.
3485 3358 3599 3430 Τὴν
3626 3358 3718 3428 μὲν

476 3442 614 3497 delet
640 3458 654 3497 :
684 3442 822 3499 hanc
846 3453 1026 3499 autem
1054 3445 1272 3512 saecula,
1304 3460 1423 3517 qua:
1449 3445 1607 3501 linem
1641 3445 1909 3514 nesciunt,
1946 3460 2040 3503 co-

2146 3449 2253 3519 γὰρ
2284 3450 2311 3501 ό
2333 3449 2524 3520 χρόνος
2557 3449 2848 3519 ἀφανίζει·
2886 3450 2984 3521 τὴν
3028 3448 3086 3502 δὲ
3133 3449 3327 3513 αἰῶνες
3374 3450 3716 3521 στεφανοῦσι,

476 3545 690 3591 ronaut.

2147 3542 2403 3613 τελευτὴν
2427 3541 2504 3613 μὴ
2528 3543 2901 3613 ἐπιστάμενοι.

643 3640 938 3699 CCCLX".
959 3673 1031 3687 -
1052 3644 1457 3702 HERMOCENI
1483 3645 1835 3705 EPISCOPO.
2373 3650 2533 3706 TEB’.
2574 3681 2643 3692 —-
2681 3650 3073 3705 EPMOI‘ENEI
3111 3648 3487 3719 ΕΠΙΣΚΟΠῼ.

544 3751 1003 3818 Quemadmodum
1039 3768 1219 3809 sermo
1253 3754 1486 3809 actionis
1515 3769 1707 3825 expers
1742 3769 1963 3810 mancus
1991 3761 2046 3809 et

2226 3762 2436 3832 Ὥσπερ
2464 3759 2623 3827 λόγος
2650 3760 2934 3829 ἄπρακτος
2984 3757 3180 3828 ἀτελής
3200 3774 3214 3789 ·
3249 3757 3424 3822 οὕτως
3457 3758 3555 3813 καὶ
3584 3759 3717 3829 πρᾶ-

479 3840 820 3911 imperfectus
861 3851 986 3898 est:
1038 3844 1112 3898 ita
1157 3845 1320 3899 etiam
1349 3846 1493 3899 actio
1522 3888 1537 3913 ,
1572 3860 1693 3915 quae
1733 3860 1762 3899 a
1796 3859 2045 3901 sermone

2152 3854 2235 3920 εις
2258 3852 2472 3921 ἄλογος.
2514 3852 2609 3904 Ἐκ
2643 3851 2848 3904 τούτων
2876 3851 2985 3921 γὰρ
3012 3851 3235 3921 ἀμφοῖν,
3268 3851 3318 3903 εί
3344 3850 3443 3904 καὶ
3481 3850 3559 3921 μὴ
3599 3848 3711 3920 βού-

480 3933 765 3991 deseritur.
810 3933 887 3989 Ex
920 3934 1007 3990 his
1037 3936 1181 3992 enim
1212 3937 1473 3992 ambabus
1498 3938 1678 4003 rebus,
1710 3937 1925 3993 etiamsi
1950 3954 2046 3992 uo-

2151 3941 2329 3995 λοιντο
2356 3943 2402 3993 oi
2427 3939 2523 4011 τὴν
2550 3939 2836 4009 ἐλλόγιμον
2868 3938 3085 4009 σοφίαν,
3113 3938 3319 4009 φαῦλόν
3344 3957 3401 3993 τι
3424 3941 3522 3994 καὶ
3552 3957 3720 4023 πεπα-

480 4026 578 4080 lint
607 4024 675 4090 ii,
706 4027 798 4096 qui
832 4027 1087 4083 disertam
1114 4028 1440 4098 sapientiam
1486 4029 1644 4099 vilem
1676 4030 1965 4100 quamdam
1993 4038 2049 4084 et

2152 4032 2390 4104 τημένον
2422 4030 2657 4103 πρᾶγμα
2703 4030 3029 4102 παραλόγοις
3068 4031 3328 4102 οἰόμενοι,
3374 4031 3405 4085 ὁ
3448 4031 3609 4101 ὀρθὸς
3634 4031 3720 4085 καὶ

478 4119 765 4189 protritam
794 4133 906 4175 rem
931 4132 1048 4175 esse
1074 4119 1239 4174 stulte
1262 4119 1575 4189 opinantur,
1612 4128 1759 4173 recta
1785 4127 1839 4174 et
1865 4119 2048 4188 splen-

2155 4123 2403 4195 λαμπρὸς
2434 4122 2900 4194 χαρακτηρίζεται
2929 4122 3037 4175 τῶν
3067 4122 3363 4193 ὑφηγητῶν
3394 4122 3531 4192 βίος.
3573 4142 3591 4174 t
3632 4124 3720 4184 ’ος

480 4208 601 4263 dida
625 4209 997 4280 magistrorum
1024 4209 1136 4264 vita
1168 4209 1478 4281 insignitur.
1512 4207 1642 4276 «Qui
1688 4210 1832 4264 enim
1864 4210 2050 4266 fecerit

2155 4214 2263 4286 γὰρ
2290 4215 2355 4269 ἂν
2382 4214 2581 4286 ποιήσῃ
2608 4213 2703 4267 καὶ
2730 4212 2937 4285 διδάξῃ,
2982 4212 3157 4284 μέγας
3190 4213 3526 4285 κληθήσεται
3553 4215 3613 4266 ἐν
3656 4218 3718 4285 τῇ

480 4309 535 4355 et
565 4299 827 4364 docuerit,
852 4314 1079 4370 magnus
1106 4299 1389 4355 vocabitur
1409 4299 1461 4354 in
1487 4314 1651 4369 regno
1675 4299 2043 4355 ctelorum‘h

2160 4305 2407 4377 βασιλείᾳ
2435 4305 2543 4358 τῶν
2569 4303 2835 4373 οὐρανῶν.
2865 4321 2882 4354 ι
2915 4304 2978 4357 Εἰ
3002 4303 3057 4356 δὲ
3089 4304 3193 4375 χρὴ
3219 4304 3507 4373 σύγκρισιν
3526 4306 3719 4378 ἀμφοῖν

483 4387 637 4456 Quod
676 4391 721 4444 si
753 4390 939 4446 ambas
980 4392 1120 4445 inter
1146 4404 1211 4445 se
1243 4405 1561 4460 comparare
1587 4401 1837 4463 oportet,
1868 4392 2049 4448 facere

2159 4395 2508 4468 ποιήσασθαι,
2544 4394 2767 4465 ἄμεινον
2795 4393 3057 4466 πράττειν
3094 4395 3170 4466 μὴ
3199 4394 3450 4464 λέγοντα,
3484 4396 3519 4467 ἢ
3546 4396 3717 4466 λέγειν

485 4493 547 4535 ac
576 4492 683 4535 non
712 4479 858 4550 loqui
901 4489 1139 4552 prastat,
1174 4495 1338 4551 quam
1372 4481 1518 4552 loqui
1546 4498 1610 4537 ac
1643 4498 1748 4539 non
1776 4482 1974 4539 facere.

1056 4489 1139 4549 Lat,
1174 4495 1338 4551 quam
1372 4481 1518 4552 loqui
1546 4498 1610 4537 ac
1643 4498 1748 4539 non
1776 4482 1974 4539 facere.
2078 4494 2124 4551 Ῑ)
2157 4488 2231 4561 μὴ
2269 4486 2602 4558 πράττοντα.

660 4608 974 4667 CCCLXlll.
1000 4641 1071 4653 —
1094 4610 1481 4667 APOLLONIO
1520 4609 1870 4667 EPISCOPO.

2382 4614 2545 4670 ΤΞΡ.
2583 4644 2655 4655 —
2686 4613 3083 4683 ΑΠΟΛΛΩΝῐᾷ
3119 4612 3488 4684 ΕΠΙΣΚΟΠῼι

558 4739 823 4806 Quoniam
857 4752 972 4803 eos,
1003 4738 1091 4808 qui
1123 4738 1195 4792 ita
1223 4738 1420 4793 conditi
1454 4747 1612 4805 sunt,
1650 4748 1709 4792 ut
1743 4738 1950 4793 arbitrii
1980 4738 2046 4792 li-

2236 4742 2451 4813 Ἐπειδὴ
2475 4741 2536 4794 τὸ
2582 4726 2864 4811 βιάζεσθαι
2909 4741 3005 4793 καὶ
3047 4738 3225 4792 ἕλκειν
3262 4739 3399 4811 πρὸς
3441 4740 3716 4793 εὐσέϐειαν

488 4834 749 4885 hertatem
781 4828 1042 4895 habeant,
1083 4828 1281 4885 invitos
1309 4836 1361 4884 et
1395 4839 1748 4899 repugnantes
1774 4829 1841 4883 ad
1874 4829 2046 4898 pieta-

2155 4835 2279 4897 τοὺς
2326 4832 2705 4899 ἀντεξουσίους
2747 4830 3059 4900 γεγονότας,
3112 4830 3386 4902 εὐπρεπὲς
3409 4831 3523 4884 οὔτ’
3554 4831 3714 4897 ἐστὶν,

490 4929 651 4975 tatem
710 4920 964 4986 trahere,
1014 4935 1112 4976 nec
1162 4920 1444 4974 honestum
1480 4904 1626 4983 ‘est,
1673 4934 1772 4973 nec
1808 4919 2047 4973 videtur:

2157 4924 2280 4978 οὕτε
2313 4924 2486 4977 δοκεῖ’
2525 4922 2604 4993 τῷ
2648 4920 2854 4975 πείθειν
2884 4914 2946 4975 οὗ
2986 4922 3175 4992 καιρός
3205 4922 3321 4975 ἐστι
3356 4922 3714 4993 χρησάμενος,

492 5012 691 5066 idcirco
707 5012 773 5065 da
793 5026 1035 5082 operam,
1060 5022 1116 5065 ut
1137 4996 1411 5075 suasione,
1438 5012 1525 5066 ubi
1556 5012 1769 5066 occasio
1798 5026 1854 5066 se
1880 5008 2057 5076 oﬂ‘ert,

2157 5013 2358 5086 φώτιζε
2386 5014 2461 5085 τῷ
2479 5013 2662 5086 σαυτῷ
2687 5013 2785 5085 βίῳ
2805 5014 2933 5076 τοὺς
2958 5014 3017 5068 ὲν
3049 5014 3227 5084 σκότῳ
3258 5012 3650 5086 διατρίϐοντας.

495 5103 730 5166 adhibita
759 5143 775 5169 ,
823 5117 921 5171 per
962 5112 1105 5158 tuam
1143 5105 1307 5157 vitam
1348 5119 1411 5159 ac
1440 5117 1649 5169 mores,
1696 5117 1825 5171 eos,
1878 5102 1969 5173 qui
2003 5101 2057 5157 in

500 5194 739 5250 tenebris
768 5194 989 5263 degunt,
1026 5194 1315 5251 illumiues.

560 5354 604 5387 ⁸⁸
629 5355 783 5446 Dant
809 5370 890 5423 ιιι,
922 5354 1022 5421 20;
1054 5369 1133 5420 Ix,
1157 5355 1211 5408 'l.
1294 5354 1336 5387 δ’
1375 5354 1595 5411 Malach.
1646 5370 1722 5421 tu,
1761 5354 1843 5416 l3,
1876 5354 1963 5409 14.
2036 5354 2081 5388 ⁸⁸
2114 5354 2130 5409 l

935 5354 1022 5421 29;
1054 5369 1133 5420 Ix,
1157 5355 1211 5408 'l.
1294 5354 1336 5387 δ’
1375 5354 1595 5411 Malach.
1646 5370 1722 5421 tu,
1761 5354 1843 5416 l3,
1876 5354 1963 5409 14.
2036 5354 2081 5388 ’⁵⁸
2114 5354 2304 5410 Matth.
2335 5370 2387 5421 ν,
2422 5354 2505 5409 19.

1478 5473 1483 5481 ’
1571 5492 1800 5548 vanus
1844 5490 2229 5549 LECTIONES
2266 5490 2355 5545 ET
2397 5489 2628 5545 moras.

568 5649 648 5713 (9|
718 5648 974 5703 Cutl.\'at.
1002 5648 1125 5709 650.
1155 5651 1221 5717 τῇ
1253 5646 1329 5700 δέ,
1366 5646 1565 5701 Dossm.

570 5650 678 5790 αὩῖ
718 5718 817 5775 Pro
849 5717 1234 5790 κεκλεισμένης
1265 5721 1383 5774 cod.
1421 5718 1565 5774 Vatic

1778 5680 1783 5687 -
2166 5644 2439 5715 κλιμένης.
2473 5642 2647 5715 Vers.
2672 5656 2787 5715 seq.
2821 5656 2919 5715 pro
2951 5639 3243 5715 xtyxlictl
3271 5658 3340 5713 qu

2166 5644 2439 5715 κλιμένης.
2473 5642 2647 5715 Vers.
2672 5656 2787 5715 seq.
2821 5656 2919 5715 pro
2951 5639 3243 5715 κιγκλίσιν(
3271 5658 3576 5715 quanquam
3608 5643 3716 5702 hazc

570 5664 648 5713 (Ul
718 5664 974 5703 uou'at.
1002 5664 1125 5709 uno.
1155 5664 1221 5717 τῃ
1253 5664 1329 5700 οε.
1367 5664 1565 5701 Possm.
1778 5680 1783 5687 -
2166 5664 2287 5699 κΑιι

570 5664 678 5790 (92;
718 5718 817 5775 Pro
849 5717 1234 5791 κεκλεισμένης
1265 5721 1383 5774 cuti.
1421 5718 1591 5776 Vatic.
1640 5719 1742 5775 650
1786 5718 1914 5789 legit
1963 5735 2049 5772 κε⁴
2160 5664 2287 5785 γετί)

2294 5711 2393 5771 oua
2419 5722 2497 5772 est
2531 5714 2689 5770 lectio
2721 5712 2987 5781 ἐγκλείσςι
3022 5711 3164 5780 legit.
3203 5714 3279 5767 Ιυ.
