3976 6436
224 338 362 404 1017

443 453 604 512 τΞΔν.
641 487 709 496 -
745 455 1187 512 ΝΕΙΛΑΜΜΩΝΙ
1229 459 1554 531 ΔΙΑΚΟΝῼ.

296 564 362 617 Ol
385 564 485 633 μὲν
509 565 815 628 πταίοντες,
837 567 931 620 καὶ
956 569 1064 631 τοῖς
1102 568 1269 638 ίεροτς
1297 569 1619 639 μυστηρίοις
1648 586 1810 639 προσ-

229 655 373 708 ιέναι
408 655 482 728 μὴ
521 656 851 727 τολμῶντες,
886 657 1230 728 εὑγνώμονές
1283 661 1410 725 εἰσι,
1449 661 1542 716 καὶ
1597 660 1809 731 ταχέως

225 745 324 798 καὶ
358 748 440 811 είς
467 747 527 800 τὸ
558 747 632 820 μὴ
674 750 1012 822 ἁμαρτάνειν
1046 753 1491 823 περιστήσονται.
1523 753 1586 806 Ol
1625 753 1681 806 δὲ
1719 753 1813 806 καὶ

235 838 716 910 πλημμελοῦντες,
752 844 845 896 καὶ
870 842 976 895 τῶν
999 841 1289 914 ἀχράντων
1322 843 1640 915 μυστηρίων
1686 862 1810 912 μια-

226 933 356 1000 ραῖς
385 931 544 1002 χερσὶ
586 932 893 1003 τολμῶντες
935 932 1224 999 ἅπτεσθαι,
1262 928 1336 988 ὧν
1364 929 1465 1001 εἷς,
1501 933 1683 997 καθὼς
1715 934 1812 1003 γέ-

224 1040 474 1093 γραφας,
512 1025 607 1078 καὶ
635 1025 902 1095 Ζώσιμος,
956 1028 1163 1098 μυρίων
1203 1027 1312 1080 εἰσὶ
1340 1027 1622 1097 τιμωριῶν
1649 1026 1808 1090 ἄξιοι.

240 1113 496 1184 Ἐνόχους
529 1116 639 1187 γὰρ
660 1117 888 1179 ἑαυτοὺς
917 1117 1298 1187 ἀποφαίνουσι,
1327 1115 1466 1170 κατά
1491 1118 1588 1186 τὴν
1607 1115 1810 1188 ἀψευδῆ

223 1205 324 1258 τοῦ
384 1207 598 1262 Παύλου
650 1209 855 1280 φωνὴν,
891 1208 985 1263 τοῦ
1021 1209 1270 1280 σώματος
1307 1209 1398 1261 καὶ
1437 1209 1531 1262 τοῦ
1581 1209 1813 1279 αἵματος

225 1295 326 1348 τοῦ
364 1297 594 1369 Κυρίου.
631 1298 723 1352 Διὸ
753 1300 818 1370 δὴ
851 1301 961 1363 τοῖς
1008 1301 1107 1371 μὲν
1153 1300 1390 1370 πρώτοις
1430 1299 1491 1352 ού
1521 1299 1661 1352 πάνυ
1697 1301 1815 1350 επι-

225 1387 440 1442 τίθεται
489 1392 516 1442 ὁ
555 1389 823 1454 διάϐολος,
859 1390 1013 1454 εἰδὼς
1066 1392 1148 1444 ὅτι
1187 1392 1280 1444 καὶ
1333 1391 1642 1454 πταίουσιν,
1695 1390 1812 1444 ἀλλ’

227 1476 326 1532 οὖν
360 1497 421 1548 γε
451 1479 812 1550 γινώσκοντες
840 1485 950 1544 τοῖς
975 1481 1140 1546 θείοις
1168 1483 1228 1536 τὸ
1255 1482 1418 1545 σέϐας
1448 1483 1776 1552 φυλάττουσι
1798 1498 1812 1512 °

226 1574 346 1634 τοῖς
379 1571 436 1624 δὲ
479 1572 757 1645 δευτέροις
783 1575 894 1637 τοῖς
937 1574 1030 1626 καὶ
1074 1573 1454 1646 πλημμελοῦσι
1494 1574 1589 1628 καὶ
1631 1573 1817 1645 μηγι-

228 1662 559 1727 νώσκουσιν,
589 1664 623 1734 ἢ
657 1664 988 1732 γινώσκουσι
1023 1667 1143 1734 μὲν,
1176 1664 1580 1736 καταφρονοῦσι
1611 1665 1692 1726 δὲ,
1725 1665 1815 1718 καὶ

224 1754 341 1809 τῶν
378 1755 540 1826 ίερῶν
586 1756 901 1827 μυστηρίων
941 1757 1214 1828 τολμῶσιν
1242 1758 1504 1829 ἅψασθαι,
1550 1760 1666 1824 ὅλος
1695 1760 1816 1812 ἐπι-

1053 345 1587 408 EPISTOLARUM
1631 347 1777 408 LIB.
1819 347 1935 409 III.
1967 373 2032 384 -
2073 351 2311 412 EPIST.
2355 352 2688 414 CCCLXVI.

3373 351 3507 417 1018

2106 464 2428 522 CCCLXIV.
2459 499 2528 511 —-
2554 463 2949 522 NlLAMMONl
2975 464 3299 522 DIACONO.

1990 576 2090 644 Qui
2141 585 2394 648 peccant,
2436 586 2601 647 atque
2638 575 2705 631 ad
2751 591 2908 632 saera
2947 571 3203 647 mysteria
3245 577 3509 632 accedere

1922 672 2143 726 minime
2174 670 2390 733 audent,
2417 667 2859 739 sineerojudicio
2886 671 3096 740 praediti
3123 682 3269 736 sunt,
3290 684 3352 724 ac
3387 684 3509 724 eou-

1922 754 2099 809 l'estim
2126 770 2193 811 eo
2221 756 2556 811 adducentur
2576 797 2590 820 ,
2628 769 2683 810 ut
2712 772 2740 811 a
2778 767 3001 826 peccato
3031 758 3358 814 abstineant.
3407 758 3508 826 Qui

1921 854 2104 902 autem
2144 856 2391 917 peccant,
2424 858 2478 903 et
2504 849 2936 905 ineontaminata
2971 852 3230 922 mysteria
3261 852 3511 908 scelestis

1922 937 2174 992 manibus
2201 938 2470 1008 attingere
2492 954 2597 994 non
2628 941 2875 996 dubitant
2903 941 2977 1012 (in
3005 955 3236 1011 quorum
3262 954 3510 1006 numero,

1924 1037 1981 1083 ut
2010 1029 2223 1094 scribis,
2253 1029 2509 1085 losimus
2539 1033 2704 1086 etiam
2739 1030 2844 1098 est)
2867 1071 2881 1096 ,
2927 1034 3202 1088 sexcentis
3235 1031 3513 1100 suppliciis

1923 1117 2068 1188 digni
2098 1127 2241 1174 sunt.
2297 1117 2439 1175 Reos
2487 1122 2634 1177 enim
2661 1163 2676 1186 ,
2720 1123 2874 1192 juxta
2915 1123 3136 1178 minime
3196 1122 3511 1177 mendacem

1925 1211 2072 1265 Pauli
2103 1224 2289 1266 vocem
2315 1252 2329 1276 ,
2361 1212 2607 1281 corporis
2635 1223 2689 1268 et
2733 1213 3018 1284 sanguinis
3055 1212 3270 1267 Domini
3301 1213 3513 1282 seipsos

1925 1301 2155 1356 reddunt
2179 1301 2242 1353 ⁶⁹.
2290 1299 2656 1367 Quamobrem
2696 1303 2862 1358 etiam
2894 1303 3098 1374 primos
3137 1303 3358 1374 quidem
3396 1303 3513 1357 dia-

1923 1390 2079 1446 bolus
2106 1391 2250 1445 haud
2287 1391 2441 1446 valde
2470 1394 2804 1463 aggreditur,
2845 1393 2986 1462 quod
3025 1393 3236 1448 scilicet
3264 1393 3516 1462 explora-

1927 1492 2037 1537 tum
2071 1485 2295 1550 habeat,
2323 1499 2417 1539 eos
2442 1524 2456 1550 ,
2490 1487 2744 1554 quamvis
2774 1497 3023 1555 peccent,
3057 1495 3237 1540 tamen
3275 1486 3326 1539 id
3350 1499 3519 1557 agno-

1925 1583 2138 1628 scentes
2174 1573 2369 1627 divinis
2416 1574 2577 1629 rebus
2602 1576 3005 1630 venerationem
3043 1590 3376 1630 conservare
3415 1594 3427 1628 :
3465 1585 3520 1627 at

1928 1679 2056 1720 vero
2087 1664 2139 1719 in
2165 1665 2458 1730 secundos,
2486 1667 2590 1721 hoc
2620 1675 2838 1732 esteos,
2871 1668 2963 1737 qui
3000 1679 3249 1737 peccant,
3275 1682 3373 1722 nec
3401 1680 3521 1735 pec-

1925 1767 2107 1812 catum
2136 1766 2476 1828 agnoscunt,
2510 1769 2625 1827 aut,
2653 1758 2780 1814 licet
2811 1767 3112 1830 agnoscant
3133 1803 3147 1827 ,
3177 1768 3358 1814 tamen
3385 1773 3520 1813 eon-

228 1841 504 1912 κωμάζει,
534 1843 833 1914 τεκμήριον
863 1847 962 1914 τῆς
986 1847 1325 1919 ἀναλγησίας
1359 1848 1571 1919 καὶτῆς
1599 1848 1819 1918 διαφθο-

1936 1849 2195 1915 ;ειιιιιυιΐῑ,
2221 1865 2284 1904 ac
2315 1861 2660 1904 sacrosancta
2681 1852 2940 1920 mysteria
2961 1852 3275 1921 contingere
3298 1849 3522 1904 minime

233 1936 336 2002 ρᾶς
371 1934 470 2003 τῆς
506 1935 828 2000 παντελοῦς,
862 1936 1007 1989 τοῦτ’
1033 1932 1170 1990 εἶναι
1203 1938 1428 2002 εἰκότως
1454 1940 1720 2008 οἰόμενος.
1757 1942 1821 1992 Ὃ

227 2027 293 2094 δὴ
320 2027 418 2078 καὶ
438 2025 530 2078 ἐπὶ
546 2027 640 2080 τού
673 2026 926 2096 προδότου
954 2027 1273 2098 πεποίηκεν.
1308 2031 1381 2082 Ού
1422 2029 1550 2100 γὰρ.
1577 2030 1654 2094 ὼς
1689 2032 1818 2102 ἡγῇ,

225 2115 324 2168 τοῦ
377 2117 711 2171 Δεσποτικοῦ
761 2121 1120 2191 καταφρονῶν
1161 2120 1414 2191 σώματος
1455 2121 1705 2192 εἰσῆλθεν
1742 2126 1823 2186 εἰς

242 2211 430 2275 αὑτὸν,
456 2211 594 2266 ἀλλὰ
623 2213 720 2282 τῆς
753 2217 1015 2284 πονηρίας
1049 2214 1215 2267 αὐτοῦ
1247 2215 1577 2282 καταγνοὺς,
1602 2217 1682 2268 ὅτι
1713 2214 1823 2268 λοι-

227 2302 332 2356 πὸν
358 2303 556 2356 ἀνίατα
584 2304 731 2355 νοσεῖ
753 2321 767 2336 ·
794 2303 1086 2374 προδοῦναι
1114 2302 1213 2373 μὲν
1240 2303 1640 2372 διανοούμενος,
1663 2320 1824 2374 μετα-

229 2398 381 2466 σχεῖν
400 2396 458 2448 δὲ
485 2393 558 2466 μὴ
586 2396 1047 2466 παραιτούμενος,
1078 2396 1251 2466 ᾤχετο
1275 2396 1444 2464 ἄγων.
1474 2395 1534 2449 ΕΞ
1562 2396 1666 2467 γὰρ
1685 2393 1822 2448 εἶδεν

238 2489 403 2541 αὑτὸν
435 2487 680 2550 εὔλαϐῶς
709 2488 898 2557 ἔχοντα
935 2490 1062 2560 περὶ
1098 2490 1153 2541 τὸ
1191 2490 1332 2542 θεῖον
1372 2491 1692 2560 μυστήριον,
1729 2490 1822 2543 καὶ

228 2580 736 2652 παραιτησάμενον,
770 2579 899 2643 ἴσως
937 2580 1001 2635 ἂν
1059 2581 1134 2644 ὠς
1167 2581 1246 2634 ἔτι
1275 2582 1515 2652 νήφοντα
1549 2580 1822 2654 παρώδευ-

229 2690 344 2725 σεν.
392 2671 548 2724 Ἐπεὶ
570 2671 612 2723 δ’
643 2665 780 2723 εἶδεν
810 2671 971 2724 αὐτὸν
1005 2671 1109 2724 ὑπὸ
1138 2672 1236 2740 τῆς
1261 2672 1698 2743 φιλοχρηματίας
1724 2689 1824 2724 κα-

232 2763 608 2836 ρηϐαροῦντα,
638 2763 732 2816 καὶ
773 2765 974 2834 μηκέτι
1007 2764 1097 2816 τὸν
1128 2764 1286 2834 ὀρθὸν
1315 2765 1507 2834 ἔχοντα
1540 2764 1821 2834 λογισμὸν,

229 2856 348 2910 ἀλλ’
386 2854 826 2924 ὲκὸακχευθέντα
866 2855 972 2909 ὑπὸ
1014 2857 1116 2924 τῆς
1164 2854 1465 2924 ἀκορέστου
1512 2853 1703 2924 μέθης.
1746 2855 1822 2908 Οὐ

235 2948 346 3019 μὴν
385 2946 465 3010 δὲ,
501 2945 638 2999 ἀλλὰ
673 2946 768 2999 καὶ
791 2945 1142 3017 τολμήσαντα
1173 2945 1436 3014 ἅψασθαι,
1469 2939 1543 2999 ὧν
1584 2944 1823 3014 ἅψασθαι

233 3041 477 3096 τοιοῦτον
502 3041 632 3094 ὄντα
656 3039 756 3093 ούκ
790 3040 979 3110 ὲχρῆν,
1005 3040 1105 3110 τῆς
1144 3040 1482 3110 ἀναλγησίας
1518 3039 1684 3093 αὐτοῦ
1727 3057 1826 3094 κα-

231 3133 492 3201 ταγνοὺς,
515 3131 634 3195 ὅλος
664 3131 745 3194 είς
769 3129 933 3183 αὑτὸν
973 3129 1242 3201 ἐχώρησε.

1930 1949 2220 2007 verentur,
2248 1947 2392 1994 totus
2427 1954 2486 1994 se
2529 1940 2810 2008 insinuat,
2857 1940 3000 1995 istud
3031 1955 3229 2009 nempe
3263 1938 3521 2009 perfecta:

1926 2033 2259 2103 stupiditatis
2309 2042 2365 2088 et
2407 2033 2773 2101 corruptionis
2817 2043 3198 2102 argumentum
3242 2047 3363 2089 esse
3413 2048 3518 2087 non

1927 2129 2022 2183 abs
2054 2142 2114 2182 re
2151 2128 2498 2183 existimans.
2532 2127 2684 2195 Quod
2719 2129 2884 2184 etiam
2912 2129 2964 2182 in
3001 2128 3276 2198 proditore
3309 2140 3521 2196 quoque

1927 2219 2075 2274 fecit.
2119 2218 2237 2274 Non
2269 2219 2449 2284 enim,
2507 2220 2962 2287 quemadmodum
3015 2231 3068 2274 tu
3115 2229 3315 2290 putas,
3367 2233 3432 2274 eo
3465 2219 3520 2271 in

1926 2312 2100 2381 ipsum
2132 2311 2411 2379 ingressus
2441 2320 2524 2366 est
2546 2351 2561 2374 ,
2598 2313 2741 2380 quod
2778 2313 3119 2367 Dominicum
3165 2325 3362 2380 corpus
3389 2326 3518 2365 eou-

1928 2409 2216 2469 temueret,
2247 2404 2340 2457 sed
2370 2418 2494 2458 cum
2535 2403 2704 2470 ipsius
2745 2404 3149 2473 improbitatem
3177 2413 3517 2473 perspectam

1926 2494 2188 2559 haberet,
2223 2510 2417 2565 nempe
2446 2496 2591 2565 quod
2609 2496 2724 2562 jam
2756 2495 3049 2550 iucurabili
3080 2497 3268 2551 morbo
3303 2504 3520 2550 tenere-

1928 2595 2043 2649 tur,
2071 2587 2248 2655 utqui
2275 2585 2567 2640 Dominum
2594 2587 2810 2656 quidem
2859 2587 3093 2656 prodere
3123 2586 3175 2640 in
3209 2586 3390 2639 animo
3424 2584 3520 2638 lia-

1928 2679 2099 2740 beret,
2139 2691 2237 2732 nec
2283 2690 2460 2732 tamen
2491 2677 2750 2750 mysteria
2784 2679 3064 2747 percipere
3089 2685 3397 2743 recusaret,
3431 2676 3516 2730 id-

1927 2769 2074 2823 circo
2133 2784 2255 2823 eum
2322 2770 2566 2824 abduxit.
2620 2770 2760 2823 Nam
2811 2770 2854 2825 si
2895 2783 3018 2824 eum
3084 2786 3212 2840 erga
3271 2768 3515 2824 divinum

1927 2858 2240 2930 mysterium
2283 2859 2540 2930 religiose
2585 2875 2648 2913 ac
2687 2868 2998 2914 reverenter
3027 2858 3301 2923 allectum,
3333 2859 3384 2912 id
3425 2857 3519 2911 de-

1927 2960 2238 3019 precantem
2273 2950 2690 3018 conspexisset,
2739 2948 3174 3015 fortasseipsutu
3202 2987 3215 3012 ,
3265 2955 3520 3015 tauquam

1927 3042 2107 3095 adhuc
2131 3054 2275 3094 sanae
2309 3055 2372 3094 ae
2403 3041 2601 3095 sobria:
2625 3041 3113 3095 meutisltominem
3143 3039 3515 3110 praateriisset.

1931 3129 2296 3199 Posteaquam
2339 3141 2520 3186 autem
2567 3146 2677 3200 pra:
2710 3132 2939 3185 avaritia
2972 3141 3230 3199 tanquam
3255 3127 3526 3199 vertigine

235 3228 602 3292 laborantem,
629 3239 729 3279 nec
742 3225 852 3295 jam
878 3225 1110 3294 amplius
1135 3226 1331 3282 mentis
1350 3234 1651 3294 compotem
1675 3240 1818 3290 esse,
1861 3241 2049 3281 verum
2085 3227 2153 3280 ab
2229 3226 2542 3295 inexplebili
2584 3226 2895 3281 temulentia
2942 3227 2996 3279 in
3033 3226 3270 3280 furorem
3339 3233 3522 3279 actum

235 3321 392 3384 vidit,
431 3326 598 3388 atque
650 3315 785 3371 adeo
817 3315 871 3370 in
903 3331 1022 3371 eam
1060 3319 1342 3373 audaciam
1373 3318 1573 3374 elatum
1600 3360 1615 3385 ,
1645 3327 1704 3374 ut
1728 3334 1816 3384 ea,
1855 3319 2022 3391 399
2041 3335 2160 3390 quae
2183 3320 2250 3374 ab
2280 3321 2546 3390 ejusmodi
2577 3320 2797 3375 homine
2857 3319 3050 3388 attingi
3117 3318 3340 3373 minime
3365 3331 3531 3388 opor-

238 3413 404 3478 tebat,
440 3413 713 3483 attingere
752 3413 977 3471 minime
1004 3425 1306 3484 vereretur,
1347 3427 1458 3472 tum
1490 3432 1620 3474 vero
1659 3418 1829 3489 ipsius
1868 3428 2147 3490 stuporem
2180 3432 2502 3488 agnoscens,
2534 3426 2679 3473 totus
2742 3417 2794 3471 in
2831 3433 2956 3472 eum
2989 3431 3047 3471 se
3118 3415 3326 3486 injecit.

593 3529 759 3585 TEE'.
787 3557 861 3572 -
893 3529 1120 3601 Tum
1165 3529 1468 3600 ΥΠΑΡΧῼ.

312 3636 448 3690 Τότε
477 3638 506 3691 ὁ
533 3637 694 3708 ὀρθὸς
721 3639 820 3708 τῆς
862 3638 1020 3708 δίκης
1064 3639 1190 3710 ὅρος
1222 3636 1479 3701 σώζεται,
1515 3632 1559 3690 ὦ
1588 3637 1827 3707 ἀρχικῆς

241 3726 447 3796 ἀρετῆς
480 3726 880 3796 ἀψευδέστατον
922 3727 1385 3799 βασανιστήριον,
1431 3728 1560 3780 ὅταν
1612 3730 1677 3799 τῇ
1730 3727 1829 3797 μὲν

237 3819 482 3879 αἰτιάσει
507 3820 540 3890 ἡ
563 3819 745 3891 κρίσις
776 3819 1139 3892 ἀκολουθήσῃ,
1162 3821 1228 3889 τῇ
1258 3818 1315 3872 δὲ
1337 3820 1561 3892 κρίσειὸ
1583 3819 1826 3891 ἐλεγχος,

240 3908 318 3979 τῷ
345 3909 403 3963 δὲ
456 3909 728 3980 ἐλέγχῳή
771 3909 1038 3980 impegi)
1092 3909 1229 3980 πρὸς
1277 3909 1376 3981 τὴν
1423 3911 1687 3982 ποιότητα
1732 3909 1826 3965 τοῦ

241 4001 640 4072 ἁμαρτήματος
671 4000 783 4072 (95)
815 4000 914 4072 τὴν
951 4002 1225 4072 τιμωρίαν
1257 3999 1539 4076 ὁρίζουσα.

322 4126 505 4195 Τεςν.
547 4155 619 4169 --
655 4129 1116 4201 ΜΑΡΤιΝιΑΝΩ,
1153 4130 1428 4201 ΖΩΣΙΜῼ,
1468 4131 1757 4195 ΜΑΡΩΝΙ,

852 4199 1215 4271 ΕΥΣΤΑΘιᾳ.

313 4307 695 4369 Κινδυνεύετε,
728 4308 806 4371 ὡς
859 4308 1226 4380 πυνθάνομαι,
1258 4310 1652 4380 πεφραγμένας
1695 4309 1828 4364 ἀπο-

245 4400 449 4470 γνώσει
479 4401 578 4463 τὰς
596 4399 766 4463 ἀκοὰς
795 4399 962 4471 ἔχειν,
990 4401 1086 4454 καὶ
1100 4401 1176 4466 ὡς
1205 4401 1271 4456 ἂν
1303 4401 1538 4457 ἔκπαλαι
1566 4401 1835 4456 καθοσιώ-

248 4509 440 4555 σαντες
484 4493 713 4555 ὲαυτοὺς
756 4495 875 4556 ταῖς
909 4494 1225 4564 τιμωρίαις,
1260 4495 1663 4566 παροξύνεσθαι
1698 4497 1835 4567 πρὸς

248 4588 371 4648 τοὺς
412 4584 819 4654 παραινοῦντας
862 4585 932 4638 τά
983 4585 1268 4640 κάλλιστα.
1315 4587 1458 4654 Ἐγὼ
1485 4588 1541 4641 δὲ
1593 4587 1832 4658 εὔχομαι

248 4677 394 4748 ὑμᾶς
444 4679 760 4744 ἀνενεγκεῖν
813 4679 878 4730 ὲκ
919 4677 1020 4748 τῆς
1071 4678 1288 4748 μανίας,
1336 4679 1435 4748 οὐχ
1490 4680 1572 4732 ὅτι
1629 4679 1833 4748 βλάϐην

247 4770 628 4839 ὑποστήσομαι
649 4767 729 4838 μὴ
758 4769 1162 4838 ἀνενεγκόντων
1189 4770 1363 4841 ὑμῶν,
1399 4769 1538 4841 πλὴν
1572 4772 1620 4823 ει
1647 4773 1721 4841 μή
1751 4789 1834 4835 τις

2188 3527 2481 3585 CCCLXV.
2508 3559 2580 3570 ——
2603 3527 2843 3584 TAURO
2880 3525 3280 3583 HYPARCHO.

2002 3638 2140 3693 Tum
2173 3640 2405 3707 denique
2433 3647 2583 3694 recta
2610 3638 2836 3708 justitia:
2863 3636 3045 3708 regula
3073 3632 3390 3705 servatur(o
3419 3635 3526 3688 vir-

1933 3731 2064 3787 tutis
2091 3732 2232 3785 illius
2261 3771 2276 3796 ,
2317 3746 2437 3801 quae
2488 3746 2515 3784 a
2549 3730 2812 3800 praefecto
2845 3728 3141 3800 requiritur
3183 3727 3526 3782 verissimum

1933 3823 2208 3894 examen),
2265 3838 2388 3878 cum
2441 3822 2847 3878 accusationem
2899 3821 3221 3891 disceptatio
3252 3819 3525 3888 sequitur,

1935 3914 2380 3983 disceptationem
2415 3915 2680 3981 probatio,
2708 3915 3079 3982 probationem
3107 3913 3398 3977 sententia,
3427 3927 3526 3980 pro

1934 4005 2185 4062 criminis
2213 4005 2476 4074 qualitate
2509 4005 2834 4074 supplicium
2871 4005 3239 4060 constituens.

1967 4130 2286 4189 CCCLXVI.
2317 4159 2388 4170 —-
2419 4129 2872 4191 MARTINIANO,
2912 4128 3188 4196 ZOSIMO,
3229 4129 3490 4185 MAllONl

2452 4201 2542 4256 ET
2577 4199 2998 4257 EUSTATHIO.

2009 4313 2397 4382 Desperatione
2428 4313 2681 4380 obseptas
2713 4326 2873 4366 aures
2906 4351 2918 4375 ,
2977 4321 3036 4365 ut
3063 4308 3226 4365 audio
3253 4350 3267 4374 ,
3323 4309 3526 4364 habere

1936 4406 2231 4468 videmini,
2270 4414 2466 4474 atque,
2517 4414 2574 4457 ut
2606 4404 2696 4473 qui
2721 4402 3051 4472 jampridem
3089 4417 3184 4456 vos
3220 4403 3366 4469 ipsos
3395 4417 3524 4469 sup-

1936 4498 2112 4568 pliciis
2151 4494 2502 4557 devoveritis,
2534 4496 2796 4550 adversus
2827 4510 2921 4550 cos
2947 4494 3036 4564 qui
3060 4495 3262 4564 optima
3295 4493 3524 4548 consilia

1938 4589 2091 4644 vobis
2120 4588 2423 4658 porrigunt,
2461 4587 2738 4641 iracundia
2769 4587 3005 4641 incitari.
3045 4587 3154 4655 Ego
3184 4600 3333 4650 vero.
3369 4595 3428 4639 ut
3456 4601 3522 4640 ex

1938 4681 2042 4736 hac
2069 4680 2277 4733 insania
2303 4679 2630 4748 emergatis,
2673 4686 2830 4747 opto,
2863 4693 2967 4730 non
3007 4680 3172 4746 quod,
3211 4677 3314 4730 nisi
3351 4691 3526 4732 emer-

1937 4774 2144 4840 seritis,
2201 4772 2514 4827 detrimenti
2557 4772 2852 4842 quidquam
2903 4770 3028 4824 hinc
3073 4769 3358 4824 subiturus
3421 4770 3524 4824 sim

248 4859 404 4926 λέγει
433 4857 533 4928 τὴν
561 4858 804 4928 ἀθυμίαν
832 4858 931 4930 τὴν
959 4861 1399 4932 προγιγνομένην
1423 4863 1593 4932 μοιὲκ
1613 4863 1824 4916 τούτου.

1938 4865 2064 4936 (nisi
2121 4875 2296 4920 tamen
2347 4863 2616 4932 quispiam
2650 4876 2951 4938 \mmrorem
2977 4902 2992 4926 ,
3035 4861 3125 4931 qui
3161 4861 3285 4916 hinc
3322 4861 3388 4914 ad
3442 4876 3526 4914 me

250 4950 343 5012 Είς
394 4947 504 5017 γὰρ
534 4947 626 5001 τὸν
656 4947 752 5000 τοῦ
782 4949 975 5018 μισθοῦ
1018 4949 1174 5018 λόγον
1216 4952 1370 5004 οὐδὲν
1407 4952 1828 5022 παραϐλαδήσο-

253 5059 371 5110 μαι.
414 5039 558 5094 Ἀλλ’
583 5040 772 5112 ἐπειδὴ
808 5042 1161 5114 ποθεινοτέρα
1187 5061 1278 5114 μοι
1315 5045 1469 5114 ὑμῶν
1501 5047 1533 5116 ἡ
1564 5046 1828 5116 σωτηρία,

249 5132 346 5202 τῆς
381 5131 494 5186 τῶν
550 5131 764 5203 μισθῶν
810 5135 1184 5200 ἀπολαύσεως.
1233 5137 1296 5190 El
1347 5138 1404 5191 δέ
1454 5157 1539 5201 τις
1587 5139 1826 5204 ἀπιστεῖ,

252 5221 442 5294 πόρρω
468 5223 568 5293 μὲν
594 5223 879 5294 τυγχάνων
907 5227 1127 5298 φιλικῆς
1156 5227 1323 5296 ἕξεως
1353 5229 1620 5283 ἁλώσεται
1647 5230 1828 5284 καὶτὰ

253 5313 449 5368 ἑαυτοῦ
490 5313 650 5385 μόνον
677 5314 857 5387 ζητῶν
881 5319 1266 5392 φωραθήσεται
1307 5320 1443 5391 (94).
1476 5323 1539 5376 El
1572 5323 1629 5376 δὲ
1663 5321 1821 5392 ἐλεγ-

329 5470 374 5503 δο
408 5467 577 5527 lCor.
607 5484 685 5535 χι,
725 5470 816 5524 27.

1937 4957 2096 5022 redit,
2129 4963 2551 5012 commemoret:
2586 4969 2708 5009 nam
2742 4954 2883 5025 quod
2926 4954 2990 5007 ad
3022 4954 3228 5021 praemii
3262 4951 3524 5007 rationem

1943 5049 2168 5112 attinet,
2227 5047 2359 5102 nihil
2391 5045 2572 5103 damni
2613 5044 2843 5112 faciam)
2872 5083 2887 5110 ,
2922 5060 3108 5100 verum
3143 5042 3288 5113 quod
3323 5041 3526 5109 majore

1937 5138 2131 5194 salutis
2161 5148 2376 5202 vestrre,
2403 5152 2565 5207 quam
2594 5137 2800 5207 praemii
2826 5134 3190 5204 consequendi
3224 5133 3522 5203 cupiditate

1938 5241 2146 5288 tenear.
2175 5229 2327 5297 Quod
2360 5230 2404 5286 si
2431 5227 2552 5298 quis
2576 5229 2704 5284 mihi
2731 5227 2948 5295 difﬁdit,
2982 5227 3027 5282 is
3059 5226 3215 5296 longe
3239 5228 3306 5282 ab
3338 5226 3528 5281 amici-

1934 5325 2022 5378 tiae
2047 5321 2232 5386 habitu
2259 5331 2498 5379 remotus
2520 5336 2641 5378 esse
2667 5328 2722 5376 et
2743 5321 2827 5377 sui
2853 5328 3064 5375 tantum
3091 5317 3264 5388 ipsius
3300 5318 3525 5374 utilitati

1341 5587 1578 5644 VARUE
1613 5587 1999 5645 LEC’I‘IONES
2041 5587 2130 5642 ET
2174 5588 2413 5645 ΝΟΤᾸΞ.

287 5695 589 5826 $933023“
605 5699 998 5772 ἁμαρτήματος
1046 5700 1182 5756 idem
1230 5701 1349 5758 cod.
1386 5702 1511 5772 legit
1555 5700 1830 5772 πταίσμα-

2011 5701 2123 5771 (94)
2151 5700 2275 5774 “me
2301 5742 2315 5762 .
2348 5701 2443 5755 xui.
2466 5700 2534 5755 τὰ
2563 5701 2826 5756 ἑαυτοῦ...
2863 5701 3274 5774 φωραθήσεται,
3307 5701 3526 5774 omitte-

1937 5770 2027 5827 bat
2074 5774 2202 5828 cdit.
2255 5771 2454 5841 l‘aris.,
2497 5779 2553 5828 ut
2598 5788 2748 5830 versa
2783 5783 2903 5845 post
2935 5770 3126 5844 quinto
3168 5773 3370 5839 verba,
3398 5775 3423 5825 ὸ
3472 5772 3528 5824 δὲ
