3976 6462
288 356 420 423 ιοει

642 463 763 518 TO'.
800 495 866 504 —
901 466 1164 538 ΕΡΜῘΝῼ
1203 465 1500 519 ΚΟΜΗΤΙ.

366 595 555 648 Πολλοὶ
585 595 683 664 μὲν
716 594 1069 665 τροπαιοῦχοι
1095 593 1317 664 ἀνδρίαν
1361 593 1715 664 κτησάμενοι,
1758 591 1877 662 φιλ-

287 685 580 756 ανθρωπίᾳ
605 687 730 748 τοὺς
771 687 1046 756 ὑπηκόους
1084 686 1430 738 διεσώσαντο.
1459 686 1569 738 Καὶ
1590 684 1682 746 οὓς
1719 685 1878 740 ἀκον-

291 794 397 840 τας
432 777 928 843 κατεδουλώσαντο,
975 778 1200 841 τούτους
1232 778 1457 840 ἑκόντας
1493 774 1873 846 ἐχειρώσαντο.

298 870 368 922 Ἦ
405 871 504 940 μὲν
528 871 635 941 γὰρ
662 871 849 941 ἀνδρία
878 871 1022 940 δεινὴ
1071 871 1129 922 τὸ
1165 869 1239 939 μὴ
1280 870 1526 939 ὑπάρχον
1548 865 1874 936 κτήσασθαι,

285 963 319 1030 ἡ
359 961 417 1014 δὲ
446 963 685 1031 πραότης
723 963 852 1014 αὐτὸ
891 961 951 1011 τὸ
997 959 1192 1030 κτηθὲν
1230 960 1468 1029 ἀμείνων
1510 955 1764 1026 φυλάξαι.
1813 956 1878 1007 υἱ

285 1053 347 1106 δὲ
380 1053 474 1105 τοῦ
503 1054 675 1123 πράου
709 1052 1072 1123 τροπαιοῦχον
1105 1051 1403 1122 αὐχοῦντες
1429 1045 1570 1102 εἶναι
1602 1043 1877 1118 φοιτηταί,

287 1145 391 1197 καὶ
424 1145 518 1198 τοῦ
544 1144 796 1216 οὐρανίου
832 1143 1098 1214 βασιλέως
1133 1143 1485 1214 στρατιῶται,
1521 1139 1614 1203 οὓς
1647 1140 1696 1192 οί
1727 1138 1878 1208 παρά

286 1235 392 1306 τὴν
443 1237 616 1307 ἀρχὴν
653 1235 994 1289 ὑπασπισταὶ
1036 1236 1302 1306 πραότητι
1362 1234 1587 1295 ἑκόντας
1647 1228 1879 1302 ἐχειρώ-

288 1344 477 1390 σαντο,
504 1326 725 1390 τούτους
758 1327 1047 1399 ἀλαζονείᾳ
1086 1330 1316 1390 ἄκοντας
1348 1326 1734 1380 ἀποσοϐοῦσιν.
1770 1322 1880 1386 Οὒς

288 1419 404 1488 γὰρ
444 1420 644 1472 ἐκεῖνοι
686 1419 912 1481 ἑκόντας
957 1421 1039 1482 είς
1069 1420 1168 1489 τὴν
1207 1419 1383 1490 ἀρχὴν
1437 1418 1877 1488 παρεστήσαντο,

286 1511 521 1574 τούτους
550 1513 646 1564 καὶ
679 1513 753 1581 μὴ
789 1511 1146 1581 βουλομένους
1168 1511 1255 1564 διὰ
1273 1511 1371 1581 τῆς
1388 1509 1599 1563 ἑαυτῶν
1628 1508 1880 1578 τυραννί-

287 1600 384 1664 δος
418 1601 832 1656 ἀπελαύνουσιν.
870 1603 958 1666 Ὠς
984 1603 1092 1672 γὰρ
1124 1601 1402 1671 λυμεῶνες
1433 1600 1527 1653 καὶ
1556 1600 1879 1668 ἀλάστορες,

289 1694 395 1762 οὐχ
430 1694 506 1756 ὠς
555 1693 815 1765 ποιμένες
875 1697 989 1757 τοῖς
1037 1694 1300 1764 ὑπηκόοις
1347 1691 1770 1763 προσφέρονται.
1814 1689 1880 1743 Τί

287 1781 388 1839 οὖν
413 1788 683 1856 ποιητέον,
717 1786 854 1856 ἔφης
876 1803 891 1852 ;
917 1787 1082 1839 Οὐδὲν
1106 1787 1235 1841 ἀλλο
1259 1785 1292 1856 ἢ
1318 1786 1520 1856 ἀρετὴν
1550 1782 1877 1848 ἀσκοῦντας,

287 1878 354 1931 τὸ
394 1877 537 1932 θετον
561 1881 852 1948 ἀναμένειν
883 1878 1234 1948 δικαστήριον
1263 1877 1396 1947 (97).

1065 355 1609 418 EPISTULARUM
1647 355 1794 416 LIB.
1836 355 1951 415 III.
1991 381 2060 392 --
2099 353 2335 416 EPIST.
2379 351 2782 414 CCCLXXIII.

3432 341 3568 407 1022

2255 460 2556 518 CCCLXX.
2583 489 2658 506 --
2689 453 3006 514 llERMINO
3031 451 3291 512 COMITI.

2053 593 2200 648 Multi
2249 592 2466 662 quidem
2527 589 2801 652 victores,
2857 603 2952 642 eos
2985 602 3121 656 quos
3157 587 3359 641 virtute
3406 596 3570 655 atque

1979 683 2146 737 animi
2181 680 2548 752 magnitudine
2574 679 2750 745 adepti
2783 687 2962 740 erant,
2987 677 3323 731 humanitate
3348 689 3573 730 conser-

1978 783 2209 830 varunt:
2249 785 2304 828 et
2336 788 2474 843 quos
2513 772 2714 826 invitos
2753 771 2806 824 in
2849 769 3167 823 servitutem
3217 768 3566 836 redegerant,

1979 867 2194 922 eosdem
2235 865 2465 919 libentes
2490 870 2802 916 tenuerunt.
2843 857 3055 910 Etenim
3085 856 3342 910 fortitudo
3369 855 3435 909 ad
3495 856 3568 919 id,

1979 962 2123 1031 quod
2161 974 2264 1011 non
2291 956 2526 1019 habeas,
2557 949 3017 1020 contparaudmu,
3059 963 3307 1017 magnam
3341 947 3445 999 vim
3477 947 3576 1000 hac

1979 1051 2107 1106 bet:
2155 1047 2442 1104 clementia
2468 1054 2648 1098 autem
2684 1053 2737 1096 et
2761 1040 3016 1100 facilitas,
3045 1039 3111 1092 ad
3142 1040 3216 1102 id,
3252 1039 3396 1107 quod
3428 1051 3573 1104 quie-

1981 1140 2144 1195 situm
2173 1147 2291 1201 est,
2332 1125 2594 1191 tuendum
2633 1141 2797 1200 atque
2835 1129 3272 1185 conservandum
3307 1128 3569 1192 majorem

1980 1231 2212 1286 obtinet.
2242 1229 2312 1281 At
2345 1233 2534 1281 contra
2568 1223 2634 1288 ii,
2659 1224 2750 1292 qui
2777 1221 2912 1276 leuis
2947 1230 3002 1275 et
3032 1219 3304 1274 mansueti
3343 1217 3573 1272 victoris

1981 1317 2306 1387 discipulos,
2352 1331 2417 1371 ac
2451 1313 2693 1370 caelestis
2736 1312 2878 1382 regis
2918 1310 3115 1365 milites
3162 1325 3222 1364 se
3273 1323 3394 1364 esse
3448 1323 3573 1378 pro-

1983 1412 2207 1466 ﬁtentur
2235 1448 2250 1474 ,
2286 1423 2382 1464 eos
2408 1447 2424 1472 ,
2458 1421 2594 1475 quos
2622 1404 2779 1473 primi
2835 1402 3098 1458 satellites
3151 1417 3249 1472 per
3292 1401 3571 1455 lenitatem

1981 1513 2173 1572 Sponte
2206 1507 2485 1569 ceperunt,
2535 1511 2632 1567 per
2667 1495 2864 1549 fastum
2893 1503 2947 1548 et
2977 1494 3345 1561 arrogantiam
3376 1492 3576 1546 invitos

1982 1594 2323 1648 Submoveut.
2355 1588 2491 1642 Nam
2527 1601 2662 1656 quos
2707 1585 2779 1640 illi
2819 1585 3114 1639 libentibus
3172 1583 3369 1638 animis
3403 1583 3576 1651 impe-

1986 1686 2066 1740 rio
2097 1697 2217 1743 suo
2249 1697 2315 1737 ac
2361 1681 2550 1736 ditioni
2608 1677 2993 1747 subiecerunt:
3037 1677 3156 1742 ltos,
3198 1675 3361 1729 etiam
3410 1691 3574 1745 repit-

1984 1786 2244 1848 gnantes,
2277 1789 2370 1844 per
2404 1771 2746 1844 tyrannidem
2778 1785 2929 1823 suam
2961 1769 3258 1837 expellunt.
3296 1767 3574 1837 Siquidem

1985 1877 2044 1924 ut
2084 1868 2392 1937 perdituros
2436 1871 2491 1916 et
2529 1862 2838 1924 carniﬁces,
2869 1875 2979 1914 non
3009 1869 3190 1913 autem
3221 1871 3280 1914 ut
3308 1867 3576 1928 pastores,

290 1983 435 2034 eos,
483 1969 677 2038 quibus
708 1981 984 2037 prmsunt,
1030 1979 1285 2024 tractant.
1346 1969 1484 2037 Quid
1528 1968 1695 2040 igitur
1744 1967 1891 2022 facto
1930 1978 2066 2036 Opus
2103 1969 2218 2026 est,
2266 1955 2490 2028 inquis?
2545 1953 2691 2010 Nihil
2756 1953 2938 2018 aliud,
3016 1968 3180 2023 quam
3217 1963 3276 2007 ut
3318 1954 3578 2008 virtutem

291 2061 542 2116 colentes
573 2061 810 2115 divinum
853 2061 1088 2116 tribunal
1130 2073 1527 2131 exspectemus.

437 2174 608 2228 TUA'.
631 2203 702 2215 —
729 2175 1061 2247 ΘΕΟΔΟΣΙῼ
1085 2177 1539 2250 ΠΡΕΣΒΥΤΕΡῼ
1569 2178 1732 2252 (97·).

384 2307 445 2363 ’0
478 2309 579 2379 μὲν
606 2311 696 2364 τὸν
719 2310 1158 2382 ἐγκρατέστατον
1183 2312 1277 2366 καὶ
1302 2314 1744 2385 αὐταρκέστατον
1771 2312 1883 2384 βίον

292 2400 573 2472 ἑλόμενος,
603 2405 668 2472 τῇ
708 2403 807 2472 μὲν
832 2403 977 2474 ψυχῇ
1010 2403 1263 2475 λαμπρός
1291 2406 1408 2459 ἐστι
1437 2406 1530 2459 καὶ
1573 2405 1771 2476 μέγας,
1805 2405 1884 2475 τῷ

287 2495 348 2548 δὲ
384 2493 485 2564 βίῳ
539 2495 787 2565 εὐτελής.
837 2494 1042 2549 Πολλοῦ
1100 2495 1208 2565 γὰρ
1249 2494 1401 2560 ἄξιος
1447 2495 1543 2562 ὢν,
1597 2496 1883 2550 ἀναλίσκει

287 2585 468 2652 ὀλίγα.
517 2584 576 2638 ’0
602 2585 658 2638 δὲ
706 2586 797 2638 τὸν
844 2586 1188 2658 ἁϐροδίαιτον
1236 2587 1348 2658 βίον
1395 2589 1591 2658 τιμῶν,
1629 2591 1726 2643 καὶ
1780 2591 1882 2661 τὴν

290 2677 741 2747 φλεγμαίνουσαν
771 2679 1053 2747 τράπεζαν
1084 2677 1316 2747 διώκων,
1360 2682 1427 2751 τῇ
1478 2682 1577 2750 μὲν
1607 2682 1752 2751 ψυχῇ
1786 2699 1883 2735 τα-

292 2767 479 2829 πεινός
505 2767 623 2820 ἔστι
663 2768 758 2820 καὶ
806 2769 1022 2838 μικρὸς,
1056 2771 1151 2822 καὶ
1186 2771 1424 2842 χαρίτων
1452 2771 1680 2843 ἔρημος,
1714 2773 1792 2843 τῷ
1826 2773 1884 2825 δὲ

293 2857 395 2926 βίῳ
421 2857 746 2926 πολυτελής.
787 2858 1016 2922 Οὐδενὸς
1050 2859 1160 2930 γὰρ
1191 2859 1342 2925 ἄξιος
1383 2858 1459 2912 ὣν
1497 2861 1726 2915 πλεῖστα
1751 2862 1884 2914 ἁνα-

291 2948 490 3000 λίσκει.
539 2949 633 3001 Διὸ
683 2949 893 3012 ἐκεῖνος
953 2950 1053 3020 μὲν
1117 2951 1210 3004 ᾶτε
1263 2950 1466 3018 ὀλίγοις
1521 2951 1880 3022 ἀρκούμενος,

293 3038 706 3092 πλουσιώτατον
737 3040 926 3093 ἑαυτὸν
959 3037 1098 3094 εἶναι
1146 3044 1389 3114 ἡγεῖται·
1438 3035 1594 3107 οὗτος
1625 3043 1682 3096 δὲ
1712 3044 1886 3096 πολλὰ

291 3129 631 3195 ἀναλίσκων,
687 3132 767 3196 είς
805 3132 905 3195 τὰς
934 3131 1044 3185 τῶν
1073 3133 1244 3197 πέλας
1301 3134 1489 3199 οὐσίας
1533 3133 1633 3198 τὰς
1679 3134 1884 3207 μιαράς

295 3220 498 3274 ἑαυτοῦ
547 3223 734 3292 ῥίπτει
763 3226 974 3294 χεῖρας.
1033 3225 1124 3277 Διὸ
1175 3226 1269 3278 καὶ
1315 3225 1645 3278 πενέστατον
1694 3226 1884 3280 ἑαυτὸν

298 3311 444 3372 εἶναι
469 3319 707 3388 ἡγεῖται.
743 3319 839 3382 Τίς
889 3315 984 3372 οὖν
1021 3319 1128 3372 τῶν
1160 3319 1467 3392 έχεφρόνων
1495 3321 1588 3373 τὸν
1627 3320 1727 3390 μὲν
1748 3320 1886 3394 πρό-

295 3425 454 3481 τερον
485 3411 546 3464 ού
591 3409 848 3482 ζηλώσει,
871 3412 961 3464 τὸν
990 3413 1046 3465 δὲ
1067 3411 1320 3484 δεύτερον
1343 3414 1405 3466 ού
1431 3415 1687 3483 μισήσεις

574 3612 742 3666 TOB'.
781 3641 851 3650 -
889 3612 1094 3666 esum
1134 3614 1604 3686 ΠΡΕΣΒΥΤΕΡῼ.

853 3705 989 3773 Περὶ
1024 3705 1332 3772 Μάρωνος.

363 3832 506 3888 Δίαν
536 3834 709 3905 ἥσθην
745 3835 1051 3907 πυθόμενος
1072 3839 1153 3892 ὅτι
1183 3840 1211 3891 ὁ
1246 3837 1336 3901 σὸς
1378 3839 1616 3904 διάδικυς
1655 3839 1886 3911 ὥρμησε

300 3928 403 3998 μὲν
457 3925 598 3978 κατά
634 3925 727 3979 σοῦ
762 3927 836 3990 ὡς
881 3930 1127 3982 αὐτοϐοεὶ
1182 3930 1588 4003 περιεσόμενος.
1640 3932 1883 4004 Ἐρῤἀγη

294 4015 353 4070 δὲ
382 4013 632 4084 καθάπερ
665 4017 723 4067 έν
757 4018 870 4079 τοῖς
919 4018 1268 4090 Ὀλυμπικοῖς
1299 4019 1506 4089 ἀγῶσιν
1538 4021 1761 4094 ὑπὸτῆς
1785 4022 1886 4093 σῆς

295 4105 617 4176 φιλοσοφίας
653 4109 1031 4178 νενικημένος.

297 4311 468 4366 'ror'.
507 4342 576 4352 --
613 4311 1254 4386 ΕΡΜΙΝῼμᾼΩῨΡΟΘΕῼ,
1285 4317 1520 4371 IEPAKI
1552 4317 1886 4375 AAMIIPO-

903 4383 1082 4455 ΤΑΤῼ
1123 4383 1257 4455 (98').

382 4500 441 4552 '0
494 4497 594 4568 μὲν
636 4497 838 4568 ἀρετὴν
876 4496 1084 4587 ἀσκών,
1124 4500 1386 4568 στέφανον
1436 4502 1550 4572 ἔχει
1595 4502 1880 4572 λαμπρόν·

296 4594 325 4647 ὀ
386 4592 442 4646 δὲ
476 4589 760 4661 κατορθῶν
809 4590 928 4661 μὲν,
961 4591 1036 4659 μὴ
1080 4593 1381 4664 ἡγούμενος
1433 4595 1881 4664 κατωρθωκέναι,

298 4682 395 4735 καὶ
425 4681 591 4734 αὐτοῦ
620 4680 710 4733 τοῦ
748 4679 891 4732 οὕτω
925 4681 1228 4736 διακεῖσθαι
1259 4687 1441 4754 χάριν,
1479 4686 1742 4756 στέφανον
1774 4686 1882 4752 ἕξει

2106 2168 2430 2230 CCCLXXI.
2453 2199 2521 2209 —
2546 2161 2944 2221 TllEODOSlO
2987 2161 3466 2219 PRESBYTERO.

2058 2307 2159 2376 Qui
2196 2307 2365 2360 vitam
2410 2303 2644 2358 maxime
2687 2301 3057 2356 continentem
3092 2307 3148 2353 et
3184 2298 3442 2369 frugalem
3475 2297 3576 2352 sibi

1991 2399 2415 2456 conscetandam
2447 2395 2747 2467 proposuit,
2782 2393 2968 2446 animo
3000 2405 3229 2458 magnus
3258 2402 3311 2444 et
3339 2389 3579 2458 splendi-

1986 2495 2087 2549 dus
2115 2502 2236 2559 est,
2269 2491 2447 2546 victus
2491 2499 2671 2542 autem
2718 2485 2867 2541 cultu
2903 2483 3101 2539 tenuis.
3144 2483 3278 2538 Nam
3307 2499 3430 2537 cum
3462 2483 3581 2552 ipse

1987 2583 2166 2656 magni
2205 2581 2367 2652 pretii
2407 2579 2497 2644 sit,
2529 2591 2698 2647 pauca
2727 2575 3005 2644 expendit.
3049 2573 3120 2628 At
3145 2575 3234 2644 qui
3265 2575 3386 2628 vitae
3417 2573 3580 2628 lauti-

1988 2677 2114 2729 tiam
2166 2677 2217 2727 iu
2270 2672 2442 2740 pretio
2475 2671 2637 2724 habet
2682 2681 2746 2720 ac
2785 2665 3056 2736 turgidam
3110 2679 3357 2719 mensam
3389 2679 3582 2721 conse-

1985 2775 2185 2828 ctatur,
2219 2765 2401 2816 animo
2425 2761 2642 2832 quidem
2673 2774 2874 2829 parvus
2919 2768 2973 2814 et
3009 2759 3251 2826 abiectus
3294 2767 3411 2823 est,
3457 2773 3580 2826 gra-

1989 2859 2184 2921 tiisque
2214 2871 2438 2919 vacuus,
2470 2855 2613 2908 victu
2647 2860 2824 2907 autem
2846 2850 3114 2922 profusus.
3135 2848 3268 2905 Nam
3302 2866 3424 2905 cum
3457 2850 3572 2918 ipse

1986 2947 2186 3002 nullius
2215 2947 2376 3015 pretii
2407 2945 2512 3010 sit,
2545 2943 2776 3013 plurima
2810 2943 3056 2996 insumit.
3103 2941 3221 3009 Quo
3261 2940 3341 3006 iit,
3372 2949 3429 2994 ut
3465 2940 3576 3004 ille,

1987 3039 2177 3109 paucis
2212 3045 2521 3099 contentus,
2554 3034 2993 3102 copiosissimum
3019 3048 3080 3086 se
3110 3047 3232 3087 esse
3260 3031 3576 3087 existimet:

1988 3131 2077 3187 hic
2112 3141 2292 3186 autem
2323 3129 2571 3198 ingentes
2601 3124 2763 3198 ἀοι
2789 3136 3038 3193 sumptus
3064 3123 3291 3187 faciens,
3325 3125 3376 3177 in
3405 3124 3582 3193 proxi-

1988 3237 2201 3275 morum
2261 3219 2401 3273 bona
2453 3217 2749 3271 sceleratas
2805 3228 2934 3269 suas
2979 3229 3172 3269 manus
3216 3213 3422 3282 injiciat
3453 3254 3468 3275 .
3518 3230 3582 3268 ac

1989 3312 2218 3384 proinde
2250 3311 2654 3380 pauperrimttm
2692 3321 2751 3360 se
2801 3320 2922 3360 esse
2965 3306 3280 3360 arbitretur.
3321 3307 3578 3373 Quisnam

1909 3418 1956 3480 (ς
1989 3405 2151 3475 igitur
2179 3418 2325 3457 sana:
2358 3401 2555 3455 mentis
2599 3400 2836 3471 priorem
2893 3403 3114 3457 beatum
3146 3415 3248 3456 non
3280 3401 3582 3470 praedicet;

1987 3495 2282 3551 secundum
2314 3504 2493 3547 autem
2529 3494 2702 3549 oderit
2738 3511 2802 3549 ac
2833 3494 3172 3550 detestetur?

2164 3607 2588 3665 CCCLXXIl.---
2619 3608 2872 3664 TliEONI
2912 3604 3398 3664 PRESBYTERO.

2607 3699 2679 3753 De
2712 3699 2951 3754 Marone.

2058 3837 2250 3908 Magna
2297 3835 2574 3904 voluptate
2607 3833 2834 3888 allectus
2867 3848 3016 3899 sum,
3053 3848 3173 3890 cum
3207 3833 3332 3888 illud
3366 3833 3578 3901 audivi,

1988 3929 2360 3983 adversarium
2400 3938 2585 3990 tuum,
2623 3925 2676 3979 in
2721 3935 2770 3979 te
2797 3924 3015 3993 quidem
3056 3927 3314 3995 impetum
3352 3927 3577 3991 fecisse,

1991 4031 2243 4090 tanquam
2277 4029 2327 4073 te
2357 4019 2542 4073 statim
2575 4019 2913 4087 superiorem
2961 4020 3232 4085 futurum;
3272 4017 3579 4087 disruptum

1988 4123 2166 4166 autem
2228 4113 2422 4178 fuisse,
2480 4126 2587 4165 non
2643 4126 2799 4165 secus
2845 4120 3009 4180 atque
3040 4111 3093 4164 in
3126 4110 3422 4181 Olympicis
3464 4125 3583 4166 cer-

1988 4203 2302 4268 taminibus,
2335 4218 2364 4256 a
2401 4209 2454 4256 te
2489 4202 2753 4271 sapientia
2788 4202 2988 4254 victum
3020 4211 3182 4269 atque
3221 4211 3578 4270 prostratum.

1987 4315 2356 4373 CCCLXXIH.
2394 4346 2464 4357 --
2502 4313 2837 4376 HERMINO,
2870 4313 3262 4376 DOROTHEO,
3299 4312 3580 4368 lilEBACI

2556 4385 3001 4440 CLABISSIMO.

2056 4503 2106 4559 is
2133 4503 2371 4572 quidem,
2401 4502 2492 4571 qui
2521 4503 2771 4557 virtutem
2797 4501 2946 4562 colit,
2977 4501 3291 4570 praeclaram
3325 4513 3579 4553 coronam

1989 4595 2185 4660 liabet;
2220 4601 2274 4647 at
2309 4595 2398 4662 qui
2433 4593 2652 4648 virtutis
2687 4591 2862 4648 oﬂicia
2905 4604 3200 4664 prrestans,
3243 4591 3464 4646 minime
3500 4599 3584 4642 ta-

1989 4701 2110 4740 men
2147 4699 2204 4739 se
2248 4683 2566 4752 prastitisse
2599 4684 2893 4749 existimat,
2933 4686 3032 4737 hoc
3059 4684 3222 4736 etiam
3261 4681 3407 4749 ipso,
3439 4678 3582 4747 quod

297 4772 700 4842 λαμπρότερον.
744 4772 1094 4845 Ἀντίρῤοπον
1123 4775 1232 4844 γὰρ
1276 4777 1382 4829 τῶν
1441 4778 1880 4848 κατορθωμάτων

1992 4778 2062 4831 ita
2092 4776 2315 4831 aﬂ'ectus
2333 4778 2424 4843 sit,
2448 4776 2864 4845 splendidiorem
2891 4790 3144 4830 coronant
3166 4774 3448 4828 habiturus
3477 4779 3583 4828 est.

300 4863 438 4923 ἐστὶ,
495 4864 556 4915 τὸ
610 4864 976 4934 κατορθοῦντα
1019 4865 1092 4937 μὴ
1141 4869 1391 4935 ἡγεῖσθαι
1441 4869 1883 4938 κατωρθωκέναι.

299 4952 516 5007 Μᾶλλον
551 4951 606 5004 δὲ
656 4952 812 5004 τοῦτο
863 4954 1036 5024 παρὸν
1094 4955 1193 5022 μὲν
1243 4958 1469 5010 κάκεῖνα
1514 4958 1751 5010 δείκνυσι
1791 4977 1888 5028 με·

300 5045 465 5113 γάλα,
510 5045 650 5098 ἀπὸν
681 5045 738 5098 δὲ
791 5047 886 5098 καὶ
929 5047 997 5099 τὰ
1048 5049 1280 5118 μέγιστα
1329 5053 1784 5123 κατασμικρύνει.
1830 5054 1888 5106 '0

302 5137 629 5208 βουλόμενος
676 5138 968 5210 τοιγαροῦν
1021 5141 1234 5209 μεγάλα
1290 5143 1485 5196 ἑαυτοῦ
1533 5146 1757 5215 ποιῆσαι
1819 5146 1888 5198 τὰ

1989 4867 2105 4922 Non
2139 4869 2366 4923 minoris
2395 4870 2570 4931 enim,
2615 4883 2774 4937 quam
2817 4869 3043 4922 virtutes
3079 4867 3228 4934 ipsae,
3263 4865 3437 4918 laudis
3471 4872 3578 4926 est,

1993 4975 2114 5015 cum
2169 4975 2236 5014 ex
2291 4961 2489 5014 virtute
2531 4959 2734 5029 aliquid
2781 4974 2971 5029 geras,
3022 4958 3243 5011 minime
3299 4965 3482 5010 tamen
3528 4966 3582 5010 te

1993 5052 2229 5122 gessisse
2260 5053 2536 5106 arbitrari.
2573 5052 2710 5115 lino,
2749 5062 2805 5104 ut
2836 5049 3038 5104 rectius
3073 5049 3283 5118 loquar,
3326 5049 3429 5104 hoc
3457 5063 3579 5102 cum

1997 5145 2174 5212 adest,
2211 5144 2298 5198 illa
2333 5159 2550 5215 quoque
2581 5159 2778 5215 magna
2809 5160 2931 5203 esse
2966 5145 3214 5202 iudicat:
3248 5158 3370 5199 cum
3398 5152 3582 5199 autem

1401 5317 1634 5374 VARUE
1685 5319 2073 5378 LECTIONES
2120 5323 2209 5379 ET
2246 5321 2482 5380 NOTAE.

377 5467 488 5548 (977)
522 5464 669 5548 “Vide
725 5471 1012 5543 Augustin.
1077 5486 1241 5528 serm.
1275 5473 1345 5529 54
1390 5483 1443 5530 et
1490 5490 1604 5548 seq.
1635 5478 1699 5531 de
1725 5481 1876 5534 verb.

309 5538 576 5605 Apustoli.
613 5536 777 5595 RtTT.

1986 5479 2420 5623 ?O€;ér;.1‘itu1us
2442 5552 2599 5622 hujus
2621 5555 2883 5623 cpistolm,
2919 5554 2970 5608 in
3002 5553 3122 5609 cod.
3156 5553 3272 5608 Vat.
3296 5552 3402 5608 650
3430 5551 3590 5606 valde

375 5607 511 5697 (‘97:)
545 5605 764 5697 Pugllt‘t‘s
829 5614 1020 5697 simul.
1053 5613 1539 5697 harem-inscribitur
1564 5619 1786 5685 epistola
1822 5621 1872 5674 in

1992 5605 2233 5697 diversus
2281 5605 2538 5697 ουσιίῖιᾷ
2576 5605 2682 5678 sier
2704 5605 3576 5697 ἐέιῖ’Ᾱρςςὸῦτίτὲῥερὂυτέρῳέ

302 5680 425 5758 cod.
463 5677 583 5758 Vat.
631 5677 760 5758 £50,
814 5699 918 5758 non
945 5685 1118 5758 solum
1138 5681 1474 5758 _Theodt_t_sio
1530 5677 1870 5758 presbytero,

306 5750 400 5802 sed
467 5747 562 5802 καὶ
631 5749 916 5823 Ἐλισσαίῳ
995 5753 1296 5825 μονάζοντι,
1358 5747 1548 5812 Elisa'o
1597 5747 1870 5817 monacho:

1988 5693 2140 5746 Vers.
2176 5691 2211 5744 2
2258 5704 2378 5758 post
2409 5693 2709 5763 ἡγούμενος
2749 5696 2892 5750 idem
2926 5691 3046 5753 cod}
3084 5691 3326 5753 addito!
3362 5707 3416 5752 et
3459 5691 3506 5750 πί.
3547 5695 3582 5741 ’5

1983 5763 2376 5831 ροειὴγεῖσθαι
2403 5763 2644 5830 adiungit
2677 5765 2755 5822 τὸ.
2793 5765 2870 5822 ID.
