3976 6488
320 375 464 442 1025

1137 371 1673 436 EPISTOLARUM
1714 371 1858 430 LIB.
1903 370 2018 431 III.
2056 394 2127 405 -
2165 369 2403 431 EPIST.
2445 367 2876 430 CCCLXXXII.

3473 363 3611 431 1026

315 490 509 561 εὐχαῖς
540 486 776 542 σαλεύει.
809 485 986 556 Εὗχου
1015 487 1195 542 τοίνυν
1227 488 1320 541 καὶ
1349 485 1511 549 αὐτὸς
1541 486 1691 549 ὅπως
1721 485 1876 556 κρείτ

2013 485 2082 539 tis
2109 498 2171 539 ac
2219 484 2473 553 precibus
2523 480 2771 536 ﬂuctuat.
2817 479 3182 546 Quamobrem
3239 479 3356 552 ipse
3389 493 3608 551 quoque

314 597 428 635 των
459 581 725 653 χειμῶνος
749 579 999 651 γένηται.

545 696 721 753 ΤΟΘ’.
759 728 830 739 -
866 695 1174 768 ΘΕΟΔΩΡῼ
1213 691 1674 762 ΣΧΟΛΔΣΤΙΚῼ.

390 806 529 862 Οὔτε
570 808 804 873 ἀλαζόνα
834 803 972 862 εἶναι
1018 806 1146 878 χρὴ,
1193 803 1317 859 οὔτε
1362 805 1567 859 κόλακα
1588 820 1604 836 ο
1635 802 1752 858 ἀλλ’
1793 805 1906 872 ἀμ-

310 896 566 968 φοτέρων
613 896 721 951 τῶν
765 897 973 952 κακιῶν
1001 895 1080 967 (4)
1107 893 1313 949 τούτων
1354 894 1454 965 τὴν
1491 892 1760 964 ἀμετρίαν
1809 908 1906 944 κο-

309 987 585 1052 λάζοντα,
647 989 954 1062 ἐλευθέριον
1011 983 1189 1052 εἶναι,
1265 989 1401 1057 μήτε
1471 986 1554 1049 είς
1616 983 1905 1039 αὐθάδειαν

307 1080 712 1149 ἀποκλίνοντα,
772 1082 911 1152 μήτε
1001 1080 1084 1144 είς
1155 1077 1584 1150 δουλοπρέπειαν
1665 1075 1904 1130 καταπί-

306 1185 539 1226 πτοντα.

555 1265 685 1318 TII'.
725 1292 795 1303 —
833 1262 1142 1336 ΤΙΜΟΘΕῼ
1190 1255 1651 1335 Σχοωτικο.

378 1372 656 1438 Μάνθανε,
709 1366 754 1428 ὦ
803 1373 1103 1444 σοφώτατε,
1153 1375 1249 1430 καὶ
1301 1374 1730 1446 ρητορικὼτατε,
1760 1375 1899 1446 ὅπερ

301 1463 664 1532 κινδυνεύεις,
694 1464 772 1528 ὡς
816 1464 1014 1530 ἔοικεν,
1045 1467 1280 1533 ἀγνοεῖν,
1314 1465 1398 1518 ὃτι
1446 1466 1496 1519 εί
1532 1464 1776 1535 συμϐαίη
1807 1463 1898 1533 φί-

298 1556 420 1619 λοις
476 1555 613 1627 πρὸς
664 1553 929 1626 ἀλλήλους
985 1554 1359 1626 διενεχθῆναι,
1414 1555 1448 1625 ἢ
1505 1553 1741 1626 ἐχθροῖς,
1797 1555 1897 1625 ούχ

296 1645 507 1716 ὁμοίως
547 1642 956 1713 διαγωνιοῦνται
981 1661 995 1676 ο
1042 1643 1154 1703 ἀλλ’
1203 1645 1252 1696 οἱ
1289 1644 1387 1714 μὲν
1417 1645 1493 1709 ὼς
1534 1645 1895 1715 διαλλαγησό-

298 1753 457 1812 μενοι
501 1735 824 1803 διοίσονται,
861 1736 908 1789 οί
949 1735 1008 1789 δὲ
1059 1734 1134 1796 ὡς
1184 1736 1495 1807 ἀκήρυκτον
1545 1736 1758 1802 ἕξοντες
1800 1738 1895 1792 τὸν

296 1828 430 1881 πόλε
438 1845 556 1899 μον.

511 1916 685 1972 ΤΠΑι.
723 1947 795 1958 -
829 1916 1133 1989 ΔοΡοθεςι
1171 1914 1665 1990 ΛΑΜΠΡΟΤΑΤῼ.

381 2027 526 2096 Ἐγὼ
555 2027 648 2082 καὶ
674 2031 1043 2102 μετριόφρονα
1066 2030 1217 2084 καλῶ
1242 2031 1337 2085 καὶ
1367 2031 1771 2103 μεγαλόφρονα,
1791 2032 1884 2086 τὸν

294 2120 537 2191 μέγιστα
585 2120 686 2191 μὲν
733 2121 1122 2194 κατορθοῦντα,
1158 2112 1256 2193 τῆς
1304 2123 1361 2177 δὲ
1413 2123 1506 2176 ἐπὶ
1541 2123 1617 2194 τῷ
1669 2125 1884 2195 μεγάλα

291 2211 562 2283 πράττειν
589 2211 663 2284 μὴ
698 2213 1144 2286 ἀντιποιούμενον
1169 2215 1350 2285 δόξης,
1373 2215 1510 2271 ἀλλὰ
1538 2220 1717 2289 σιωπῇ
1750 2217 1883 2289 κρύ-

291 2320 502 2358 πτοντα
527 2303 598 2356 τὰ
625 2305 1098 2378 πλεονεκτήματα,
1135 2306 1230 2360 καὶ
1276 2306 1418 2362 κατά
1453 2307 1563 2362 τῶν
1603 2308 1773 2372 πέλας
1807 2308 1883 2382 μὴ

290 2395 682 2466 ἐπιφυόμενον.
713 2397 803 2468 Τῷ
834 2398 936 2469 μὲν
965 2398 1091 2469 γὰρ¹
1116 2398 1322 2470 πρᾶξαι
1359 2398 1591 2470 μεγᾶλα,
1632 2401 1883 2471 μεγάλως

289 2485 586 2557 ἐφρόνησε.
615 2485 694 2556 τῷ
737 2486 794 2540 δὲ
840 2487 1066 2559 κρύψαι,
1122 2489 1395 2559 μετρίως·
1439 2489 1518 2562 τῷ
1547 2491 1657 2563 γὰρ
1691 2492 1883 2564 μικρό-

290 2593 454 2647 φρονι
485 2578 579 2631 τὸν
612 2579 992 2650 μεγαλόφρονα
1018 2580 1417 2647 ἀντισταλτέον,
1450 2583 1544 2636 καὶ
1574 2584 1636 2636 ού
1680 2584 1759 2655 τῷ
1788 2602 1882 2640 τα-

287 2666 628 2740 πεινόφρονι.
676 2668 866 2738 Μικρά
910 2669 1019 2742 γὰρ
1065 2673 1274 2742 φρονεῖ,
1307 2672 1336 2724 ό
1381 2672 1649 2745 τάγήῖνα
1678 2674 1882 2746 ὀνειρο-

285 2760 492 2815 πολῶν.
541 2760 773 2829 Μεγάλα
811 2756 889 2825 δὲ,
916 2762 946 2814 ὁ
984 2761 1052 2815 τά
1085 2762 1432 2835 ὑπερκόσμια
1466 2763 1665 2835 ζητῶν.
1698 2767 1789 2820 Διὸ
1814 2767 1878 2838 δὴ

285 2855 383 2908 καὶ
408 2854 518 2907 ἀπὸ
548 2853 792 2923 μεγάλης
826 2853 925 2924 μὲν
957 2854 1052 2907 καὶ
1085 2855 1296 2927 ὑψηλῆς
1333 2856 1571 2922 διανοίας
1598 2859 1878 2913 τίκτεσθαι

287 2944 578 3016 συμϐαίνει
607 2944 705 3016 τὴν
739 2945 1260 3019 ταπεινοφροσύνην,
1298 2948 1405 3003 ἀπὸ
1451 2949 1507 3002 δὲ
1544 2952 1751 3020 μικρᾶς
1781 2952 1879 3004 καὶ

286 3036 502 3108 φαύλης
544 3036 641 3108 τὴν
671 3029 1007 3100 ἀλαζονείαν.
1061 3036 1400 3110 Εύγνώμονα
1428 3040 1486 3094 δὲ
1530 3043 1591 3094 οὐ
1624 3041 1878 3096 ταπεινό-

283 3146 461 3202 φρονα
492 3129 737 3198 κλητέον,
775 3128 864 3181 τὸν
913 3128 1176 3184 πταίοντα
1236 3130 1356 3201 μὲν,
1404 3131 1774 3200 ὁμολογοῦντα
1816 3132 1874 3185 δὲ

283 3227 380 3280 καὶ
413 3223 883 3296 γνωσιμαχοῦντα,
933 3219 1044 3286 οἷος
1087 3221 1157 3296 ἦν
1197 3227 1227 3279 ό
1267 3225 1528 3298 τελώνης.
1574 3226 1872 3294 Κινόδοξον

282 3318 363 3383 δὲ,
392 3318 486 3371 τὸν
521 3319 606 3388 ἐφ’
637 3314 720 3378 οἷς
751 3315 826 3387 μὴ
864 3318 1093 3387 πράττει
1140 3317 1458 3383 δοξάζεσθαι
1510 3319 1869 3391 βουλόμενονσ

282 3409 560 3481 φιλόδοξον
607 3411 693 3477 δὲ,
729 3411 821 3464 τὸν
856 3412 941 3480 ἐφ’
992 3410 1073 3474 οἷς
1124 3413 1356 3484 πράττει
1403 3412 1870 3486 ἐναϐρυνόμενον·

283 3507 639 3577 ὑπερήφανον
679 3505 758 3569 δὲ,
807 3504 899 3559 τὸν
932 3505 1242 3578 πράττοντα
1290 3506 1423 3577 μὲν,
1474 3511 1873 3580 σεμνυνόμενον

281 3594 363 3659 δὲ,
412 3595 506 3647 καὶ
557 3595 682 3658 τοὺς
732 3593 926 3658 ἄλλους
966 3595 1330 3661 ὀνειδίζοντα·
1367 3597 1742 3669 μεγαλόψυχον
1793 3599 1870 3668 δὲ,

281 3685 375 3740 τὸν
410 3687 507 3739 καὶ
534 3685 632 3758 τὴν
659 3687 960 3758 εὐημερίαν
987 3688 1242 3758 μετρίως,
1274 3691 1368 3742 καὶ
1395 3691 1495 3758 τὴν
1520 3689 1866 3762 δυσπραγίαν

279 3777 550 3845 γενναίως
580 3776 812 3846 φέροντα
834 3792 848 3805 ·
877 3775 1215 3847 μικρόψυχον
1244 3777 1319 3841 δὲ,
1361 3777 1452 3830 τὸν
1498 3778 1755 3831 τάναντία
1791 3778 1871 3850 τῷ

282 3871 651 3944 μεγαλοψύχῳ
681 3871 989 3944 πράττοντά
1020 3889 1080 3924 τε
1118 3873 1212 3926 καὶ
1255 3874 1550 3943 πάσχοντα.

2013 585 2132 631 vota
2163 575 2268 644 fac,
2312 586 2370 630 ut
2403 584 2723 645 tempestate
2756 576 3008 643 superior
3035 574 3252 628 evadat.

2080 685 2452 746 CCCLXXIX.
2488 719 2560 731 —-
2597 684 2978 744 TiiEODOBO
3029 684 3529 742 SCIIOLASTICO.

2078 805 2188 860 Nec
2213 819 2411 860 vanum
2440 813 2498 860 et
2524 813 2874 874 arrogantem
2915 817 3035 857 esse
3060 811 3301 872 Oportet,
3337 816 3438 857 nec
3464 802 3604 858 adu-

2005 897 2261 961 latorem,
2292 911 2474 952 verum
2508 897 2793 964 utriusque
2829 895 2938 951 vitii
2972 907 3253 949 excessum
3283 892 3600 963 fugientem,

2005 989 2236 1045 liberum
2263 1003 2388 1044 esse
2430 1003 2443 1040 :
2478 988 2557 1043 sic
2588 1003 2784 1056 nempe
2812 998 2874 1042 ut
2903 1001 3003 1041 nec
3043 985 3098 1040 in
3129 985 3404 1040 fastidium
3432 993 3488 1040 et
3519 985 3604 1037 in-

2003 1081 2288 1138 solentiam
2313 1080 2581 1150 quispiam
2605 1079 2860 1142 declinet,
2889 1093 2990 1133 nec
3023 1079 3076 1133 in
3109 1076 3364 1133 servilem
3405 1091 3601 1147 quam-

2003 1172 2124 1229 dam
2157 1172 2324 1226 animi
2359 1170 2702 1227 affectionem
2734 1170 3070 1240 prolabatur.

2109 1262 2462 1320 CCCLXXX.
2485 1286 2554 1304 -ε-
2585 1260 2950 1318 TlMOTllEO
2989 1257 3490 1318 SCHOLASTICO.

2075 1379 2253 1442 Disce,
2294 1392 2327 1432 ο
2375 1377 2780 1448 sapientissime
2816 1385 2870 1446 et
2911 1375 3292 1436 disertissime,
3327 1373 3388 1444 id
3429 1371 3592 1441 quod.

2001 1480 2062 1524 ut
2094 1479 2345 1538 apparet,
2373 1468 2618 1539 ignoras,
2660 1480 2856 1536 nempe
2885 1464 3027 1534 quod
3056 1463 3102 1517 si
3148 1459 3340 1515 amicis
3373 1469 3467 1514 aut
3491 1457 3595 1513 ini-

2001 1562 2159 1617 micis
2228 1562 2370 1615 iuter
2393 1574 2453 1615 se
2473 1559 2738 1613 dissidere
2752 1556 3051 1625 contingat,
3079 1568 3186 1609 non
3213 1551 3404 1606 eodem
3434 1548 3596 1604 modo

1998 1651 2396 1708 concertabunt
2426 1663 2646 1704 :verum
2669 1647 2746 1704 illi
2779 1647 3017 1715 quidem,
3044 1653 3101 1699 ut
3125 1643 3180 1698 in
3209 1650 3449 1697 mutuam
3471 1654 3592 1714 grp-

2000 1745 2130 1798 tiam
2158 1742 2406 1805 redituri,
2448 1741 2816 1805 contendent;
2850 1741 2904 1794 Ιιὶ
2933 1748 3138 1804 autem,
3176 1745 3235 1790 ut
3266 1731 3594 1805 inexpiabile

1917 1851 1960 1907 Β
1993 1837 2190 1892 bellum
2220 1836 2483 1891 habituri.

2089 1923 2466 1984 CCCLXXXI.
2504 1955 2578 1965 —
2624 1919 3006 1978 DOROTHEO
3043 1915 3484 1976 CLARlSSlMO.

2055 2040 2167 2112 Ego
2192 2051 2246 2097 et
2278 2040 2581 2095 modestum
2608 2047 2662 2093 et
2691 2037 2856 2090 animi
2908 2033 3286 2106 magnitudine
3322 2037 3589 2101 praestan-

1983 2145 2090 2190 tcm
2117 2149 2240 2188 eum
2269 2147 2426 2198 voco,
2454 2132 2544 2199 qui
2571 2145 2692 2185 cum
2729 2117 2984 2183 maximis
3016 2125 3236 2179 virtutis
3260 2121 3582 2176 muneribus

1983 2225 2258 2297 fungatur,
2290 2240 2393 2278 non
2422 2233 2598 2305 tamen
2632 2223 2702 2278 ob
2735 2234 2956 2290 magnas
2981 2226 3036 2274 et
3072 2215 3363 2287 prmclaras
3407 2216 3584 2270 actio-

1982 2330 2078 2371 nes
2143 2315 2370 2385 gloriam
2422 2301 2662 2379 ail‘ectat,
2723 2325 2911 2366 verum
2953 2309 3180 2362 virtutes
3209 2318 3339 2359 suas
3369 2301 3590 2357 silentio

1983 2409 2132 2478 tegit,
2169 2422 2269 2462 nec
2295 2408 2347 2461 in
2375 2406 2656 2477 proximos
2697 2402 2946 2458 insultat.
2981 2400 3264 2467 Quatenus
3293 2397 3438 2451 enim
3470 2408 3585 2448 ma-

1981 2515 2082 2570 gna
2106 2498 2291 2562 efﬁcit,
2323 2497 2605 2568 magnifice
2632 2497 2832 2563 sensit;
2868 2504 3138 2564 quatenus
3163 2501 3342 2544 autem
3380 2502 3441 2544 ea
3487 2500 3586 2542 oc-

1981 2592 2226 2651 cultavit,
2277 2589 2542 2645 modeste.
2589 2586 2872 2657 Siquidem
2926 2586 2990 2651 is,
3029 2584 3124 2654 qui
3177 2595 3342 2653 parvo
3387 2579 3571 2663 animo

1981 2695 2085 2752 est,
2123 2683 2466 2753 magnanimo
2493 2680 2692 2751 oppnni
2725 2678 2884 2735 debet
2910 2694 2923 2730 :
2955 2692 3062 2732 non
3086 2684 3269 2729 autem
3300 2670 3579 2727 submisso

1980 2783 2037 2831 et
2068 2774 2280 2830 humili.
2313 2772 2522 2846 Exigue
2548 2771 2693 2827 enim
2717 2770 2909 2838 sentit,
2935 2768 3026 2839 qui
3061 2777 3278 2822 terrena
3323 2762 3581 2818 insomnii

1980 2880 2166 2920 errore
2191 2865 2294 2920 sibi
2335 2864 2523 2934 fingit;
2558 2875 2753 2932 magne
2781 2871 2960 2916 autem
2988 2868 3043 2914 et
3079 2857 3321 2920 excelse,
3362 2854 3454 2925 qui
3494 2868 3580 2920 ea,

1979 2971 2100 3028 qua:
2121 2957 2322 3011 mundo
2354 2954 2674 3010 sublimiora
2713 2962 2862 3017 sunt,
2908 2952 3128 3021 quaerit.
3167 2947 3320 3004 Unde
3357 2945 3523 3000 etiam
3550 2958 3582 2998 a

1982 3064 2178 3118 magna
2206 3048 2420 3118 quidem
2442 3055 2496 3101 et
2517 3044 2736 3101 sublimi
2763 3053 2944 3099 mente
2964 3042 3132 3097 animi
3156 3037 3580 3097 submissionem

1981 3155 2045 3194 ac
2072 3140 2394 3195 modestiam
2425 3138 2701 3206 procreari
2743 3135 3048 3207 contingit;
3109 3148 3139 3187 a
3179 3147 3346 3202 parva
3398 3136 3582 3184 autem

1979 3244 2033 3289 et
2059 3234 2174 3300 viii,
2201 3233 2592 3301 arrogantiam.
2617 3230 2684 3283 At
2710 3230 2989 3284 enimvero
3022 3240 3145 3282 eum
3174 3221 3363 3295 judicii
3403 3222 3582 3278 since-

1980 3326 2142 3379 ritate
2162 3325 2589 3395 prmditummon
2621 3331 2805 3375 autem
2835 3321 3165 3383 modestum,
3201 3330 3394 3370 vocare
3416 3315 3580 3369 debe-

1979 3433 2122 3484 mus,
2158 3416 2398 3490 quicum
2435 3421 2642 3483 peccet,
2683 3411 2734 3464 id
2776 3409 3088 3474 conﬁtetur,
3137 3422 3203 3463 ac
3237 3405 3581 3475 paenitudine

1980 3509 2217 3570 ducitur,
2257 3515 2316 3560 ut
2361 3504 2708 3576 publicanus.
2748 3501 3044 3567 Κενόδοξον
3098 3509 3310 3563 autem,
3350 3498 3453 3552 hoc
3497 3505 3581 3550 est

1978 3600 2155 3655 inanis
2181 3598 2365 3668 glorire
2390 3597 2581 3653 morbo
2609 3594 2966 3657 laborantem,
2990 3592 3085 3664 qui
3125 3592 3194 3646 ob
3228 3605 3311 3655 ea,
3335 3605 3456 3660 quae
3478 3588 3580 3644 mi-

1979 3693 2124 3746 nime
2162 3692 2294 3760 agit,
2322 3689 2546 3759 gloriam
2605 3688 2863 3757 consequi
2898 3687 3076 3755 cupit;
3107 3681 3383 3754 φιλόδοξον
3425 3695 3576 3746 vero,

1981 3784 2034 3838 id
2063 3794 2147 3839 est
2188 3784 2376 3853 gloria
2415 3792 2714 3846 amantem,
2761 3796 2909 3846 eum,
2949 3780 3040 3850 qui
3076 3778 3146 3834 ob
3177 3793 3238 3832 ea
3281 3791 3402 3846 quae
3434 3773 3568 3846 agit.

1980 3875 2082 3931 sibi
2117 3876 2325 3945 placet:
2365 3873 2691 3929 insolentem
2730 3873 2882 3937 item,
2917 3872 3010 3942 qui
3046 3869 3176 3925 facit
3204 3869 3448 3940 quidem,
3480 3869 3577 3921 sed

273 3977 347 4018 eo
376 3964 598 4019 nomine
641 3962 925 4035 gloriatur,
958 3964 1218 4035 aliosque
1291 3967 1506 4035 probris
1550 3966 1744 4034 allicit;
1825 3970 2229 4040 magnanimum
2275 3981 2458 4036 porro,
2487 3982 2640 4031 eum,
2681 3966 2775 4036 qui
2811 3975 2867 4021 et
2904 3980 2992 4022 res
3048 3965 3319 4021 secundas
3390 3964 3572 4018 modc—

278 4064 417 4121 rate,
457 4066 514 4111 et
556 4057 805 4112 sinistras
843 4055 1059 4112 fortiter
1099 4071 1162 4113 ac
1203 4067 1427 4114 strenue
1475 4059 1610 4126 fert;
1664 4061 2001 4134 μικρόψυχον
2036 4063 2289 4131 denique,
2351 4061 2452 4115 hoc
2478 4058 2641 4132 503
2671 4069 2754 4116 est
2821 4059 2975 4129 parvi
3039 4059 3204 4118 animi
3273 4057 3575 4114 hominem.

278 4147 374 4217 qui
410 4146 683 4202 contraria
726 4147 1076 4215 magnanimo
1105 4147 1256 4215 facit,
1287 4164 1351 4204 ac
1377 4151 1710 4208 moderatur.

745 4236 913 4294 TﬂB'.
956 4270 1026 4280 —
1063 4240 1150 4312 Tn
1197 4233 1403 4313 ΑΥΤῼ.

2383 4241 2786 4301 CCCLXXXll.
2821 4273 2897 4290 -ι
2923 4240 3162 4298 ΕΙΟΕΜ.

352 4351 414 4405 Ei
455 4353 572 4415 καὶ,
609 4352 685 4416 ὡς
714 4351 1018 4424 γέγραφας,
1048 4355 1077 4407 ὁ
1106 4354 1263 4425 λόγος
1295 4356 1386 4410 τὸν
1420 4358 1612 4428 κρότον
1641 4343 1863 4430 ἐγέννη-

2040 4357 2180 4425 Etsi,
2208 4368 2266 4414 ut
2296 4358 2393 4414 abs
2433 4367 2485 4414 te
2513 4359 2776 4428 scriptum
2815 4368 2921 4426 est,
2961 4356 3138 4413 oratio
3178 4356 3426 4430 plausum
3477 4373 3571 4429 pe-

279 4459 376 4496 σεν
396 4460 410 4475 ’
442 4443 561 4497 ἀλλ’
592 4439 686 4497 οῦν
713 4462 778 4514 γε
823 4447 916 4498 καὶ
955 4447 983 4499 ὁ
1011 4449 1202 4518 κρότος
1233 4449 1325 4503 τὸν
1367 4449 1527 4519 λόγον
1555 4451 1872 4523 ἐπέρρωσεν

278 4535 511 4607 ἔρεισμα
533 4536 613 4606 τῷ
647 4538 862 4591 τεκόντι
906 4539 1116 4607 φανείς.
1161 4540 1303 4594 Ἀλλ’
1335 4541 1523 4614 ἐπειδὴ
1555 4543 1812 4607 πολλάκις
1842 4543 1872 4596 ό

277 4628 476 4697 κρότος
504 4628 595 4682 τὸν
646 4630 743 4699 μὲν
771 4630 930 4699 λόγον
977 4634 1180 4707 νευροῖ,
1213 4632 1303 4686 τὸν
1336 4633 1392 4686 δὲ
1430 4635 1630 4706 τρόπον
1660 4634 1754 4688 τοῦ
1787 4634 1873 4687 λέ-

277 4734 471 4788 γοντος
499 4720 842 4790 λυμαίνεται,
869 4723 950 4785 είς
968 4713 1274 4795 ’ὑπτίότητα
1296 4726 1459 4790 αὑτὸν
1486 4727 1868 4800 χειραγωγῶν,

278 4810 534 4884 παραινῶ
578 4815 644 4883 τῇ
694 4816 759 4885 σῇ
809 4813 1043 4878 συνέσει,
1090 4815 1322 4886 μάλιστα
1369 4819 1467 4889 μὲν
1503 4819 1582 4890 τῷ
1629 4820 1748 4891 Θεῷ
1794 4823 1871 4877 εί-

277 4901 430 4990 δέναι
458 4901 641 4975 χάριν,
669 4905 748 4976 τῷ
797 4905 890 4958 καὶ
918 4905 1178 4978 τοιαύτην
1220 4908 1473 4964 δεδωκότι
1507 4911 1668 4985 χάριν
1690 4929 1703 4941 ·
1732 4914 1781 4966 εί
1808 4914 1868 4968 δὲ

277 4993 374 5045 καὶ
417 4993 662 5047 ἐπαινεῖν
715 4993 894 5064 βούλει
940 4995 1038 5067 (ὡς
1086 4996 1197 5068 γὰρ
1245 4997 1380 5070 ἔφης
1430 4999 1713 5068 ἀδύνατον.
1787 5003 1862 5074 μὴ

272 5080 495 5152 κρότοις
526 5082 618 5134 τὸν
648 5081 804 5152 λόγον
856 5085 1224 5160 ἀμείϐεσθαι),
1254 5091 1345 5144 τὸν
1394 5091 1554 5161 λόγον
1603 5092 1862 5158 ἐπαινῶν,

271 5173 350 5236 ὡς
385 5172 586 5244 βούλει,
641 5174 715 5245 μὴ
743 5175 958 5248 άμετρα
1010 5177 1204 5248 ὕφαινε
1237 5181 1356 5235 κατ’
1390 5183 1530 5255 ἐμοῦ
1578 5184 1855 5255 ἐγκώμια,

273 5263 364 5318 ἴνα
395 5265 470 5336 μή
509 5281 578 5335 με
611 5265 908 5338 ύπτιώσῃς.

1975 4452 2118 4522 perit
2153 4466 2169 4507 :
2200 4459 2255 4505 at
2281 4451 2447 4509 etiam
2479 4451 2714 4506 orationi
2745 4449 2966 4522 plausus
2997 4453 3166 4507 robur
3211 4451 3566 4521 comparavit,

1974 4544 2172 4614 quippe
2201 4543 2291 4612 qui
2331 4543 2545 4613 parenti
2597 4541 2915 4597 adminiculi
2953 4542 3069 4597 loco
3108 4541 3288 4598 fuerit.
3327 4543 3399 4596 At
3431 4558 3569 4613 quo-

1975 4632 2120 4687 niam
2171 4645 2546 4701 szepenumero
2597 4646 2697 4687 usu
2739 4631 2912 4698 venit,
2956 4641 3012 4686 ut
3061 4632 3281 4700 plausus
3333 4633 3566 4690 orationi

1971 4724 2187 4795 quidem
2211 4723 2377 4779 robur
2391 4731 2689 4792 comparet,
2709 4738 2894 4778 verum
2911 4725 3144 4779 oratoris
3167 4739 3345 4780 mores
3362 4724 3568 4780 inliciat

1970 4824 2026 4871 et
2057 4814 2370 4880 iabefactet,
2395 4815 2461 4868 ad
2483 4815 2833 4884 supinitatcm
2880 4813 3130 4869 videlicet
3155 4831 3220 4871 ac
3260 4817 3565 4872 socordiam

1971 4923 2093 4964 eum
2141 4919 2395 4979 tanquam
2429 4917 2676 4977 porrecta
2737 4923 2898 4961 manu
2941 4907 3168 4972 ducens,
3220 4909 3563 4977 prudentiam

1971 5012 2118 5057 tuam
2164 5016 2380 5068 moneo,
2414 5001 2650 5055 maxime
2687 5000 2906 5070 quidem
2943 5009 3003 5055 ut
3049 4999 3180 5064 Deo,
3235 5002 3326 5072 qui
3373 5003 3566 5072 hujus-

1970 5092 2114 5148 modi
2148 5093 2372 5164 gratiam
2404 5092 2634 5162 largitus
2663 5100 2765 5157 est,
2803 5093 3031 5161 gratiam
3078 5093 3299 5161 habeas,
3341 5095 3486 5162 quod
3516 5095 3561 5150 si

1971 5187 2136 5242 etiam
2180 5185 2401 5241 laudare
2437 5187 2518 5241 vis
2551 5186 2754 5258 (negas
2791 5187 2936 5242 enim
2977 5187 3090 5241 iieri
3133 5201 3295 5257 posse
3332 5194 3392 5240 ut
3437 5201 3565 5241 ora-

1968 5278 2099 5333 tioni
2149 5278 2374 5350 plausus
2423 5279 2642 5333 tandem
2671 5293 2776 5334 non
2821 5279 3204 5350 rependatur),
3255 5281 3558 5334 orationem

273 5361 492 5431 quidem
522 5362 784 5419 arbitratu
818 5375 909 5421 tuo
954 5367 1200 5437 laudans,
1243 5385 1311 5425 ne
1344 5369 1537 5426 nimias
1565 5371 1851 5430 adversum
1894 5390 1980 5430 me
2026 5373 2218 5429 laudes
2274 5383 2560 5440 conteras,
2596 5383 2654 5429 ut
2682 5389 2749 5430 ne
2789 5390 2876 5432 me
2914 5375 3165 5446 supinum
3204 5383 3371 5450 atque
3405 5374 3559 5445 igna-

272 5466 399 5507 vum
430 5451 646 5508 reddas.

1377 5613 1619 5669 VABUE
1658 5614 2046 5672 LECTIONES
2082 5617 2170 5672 ET
2217 5618 2446 5676 ΝΟΤΑΞ.

352 5764 426 5836 μ)
459 5763 565 5820 Pro
599 5772 707 5820 τῶν
740 5765 946 5820 κακιῶν
984 5768 1102 5823 cod.
1148 5765 1261 5823 Val.
1300 5770 1404 5826 650
1445 5775 1578 5846 legit
1617 5776 1724 5830 τῶν
1755 5778 1880 5832 κακέ

1990 5776 2200 5834 Possm.
