3976 6512
449 389 578 452 1031
1645 381 1702 439 S.
1747 377 2030 439 ISIDORI
2070 376 2501 438 PELUSIOTAE
3559 364 3701 430 1032

449 494 792 567 providentiae
823 491 1179 562 tranquillitas
1209 490 1309 544 tria
1353 487 1711 560 pulcherrima
1757 488 1860 546 hoc
1899 487 2014 542 loco

2122 485 2473 554 διαφθαρῆναι
2511 479 2568 534 τδ
2597 478 2768 544 ζῶον
2809 479 2991 567 ἕτερον
3023 479 3100 544 δὲ,
3145 476 3203 531 τὸ
3239 478 3313 548 μή
3346 474 3692 567 ζημιωθῆναι

446 563 548 670 sibi
605 585 944 640 inl‘ormanda
1006 583 1286 652 proposuit
1353 597 1366 634 :
1430 595 1594 635 unum
1644 579 1890 651 quidem,
1936 593 2013 670 ne

2123 572 2205 626 τὸν
2254 572 2540 640 δεσπότην.
2594 567 2787 638 Τρίτον
2841 566 2929 631 δὲ,
2979 567 3041 620 τὸ
3098 567 3506 635 καταλλαγῆναι
3552 563 3693 636 πρὸς

447 651 629 747 pereat
665 674 902 742 animal;
952 674 1205 738 alterum,
1250 688 1317 728 ne
1356 681 1559 727 tantam
1605 671 1854 728 dominus
1899 669 2014 738 eius

2125 664 2296 734 φιλίαν
2341 661 2464 725 τούς
2493 658 2736 729 ἐχθρούς.
2782 659 2840 711 '0
2871 656 2980 727 γὰρ
3013 656 3198 710 παθὼν
3246 651 3329 720 εὖ,
3385 655 3434 708 εί
3480 653 3576 707 καὶ
3607 653 3695 705 λί-

444 741 704 835 iacturam
755 764 961 831 faciat;
1011 764 1228 820 tertium
1272 763 1523 834 denique,
1572 773 1630 817 ut
1683 761 1883 815 inimici
1946 759 1999 812 in

2126 751 2225 805 Βων
2257 747 2702 818 ἀναισθητότερος
2748 745 2856 815 εἴη,
2895 745 3187 798 σπουδάσει
3228 741 3569 814 ἀμείψασθαι
3601 741 3696 794 τὸν

448 832 670 928 gratiam
714 857 954 911 redeant.
1001 854 1100 921 Qui
1149 854 1292 908 enim
1333 832 1598 908 beneficio
1647 851 1870 906 affectus
1907 857 2013 914 est,

2127 840 2451 913 εὐεργέτηνο
2483 840 2509 891 ό
2548 837 2605 890 δὲ
2635 837 2928 907 εὐεργέτην
2975 837 3432 906 ἐπιγραφόμενος,
3479 836 3582 888 οὐκ
3628 832 3697 886 ἂν

448 927 551 1004 nisi
590 963 750 1002 sensu
784 946 953 1016 magis
1011 959 1170 1014 quam
1217 943 1421 1014 lapides
1461 944 1702 1014 privatus
1745 942 1838 1007 sit,
1880 941 1928 996 ei
1984 955 2013 993 a

2129 933 2292 1002 δήπου
2339 929 2529 1000 ἐχθρὸν
2575 928 2654 982 ἔτι
2701 932 2946 998 ὁριεῖται.
2995 929 3158 999 Ὁρᾷς
3203 927 3318 990 πῶς
3369 929 3400 996 ή
3451 927 3699 996 άρῤητος

447 1053 553 1108 quo
581 1037 898 1092 beneﬁcium
935 1035 1226 1103 acceperit,
1261 1049 1358 1104 par
1391 1033 1505 1105 pari
1539 1031 1739 1087 referre
1781 1029 2015 1084 curabit.

2130 1025 2284 1092 σοφία
2313 1021 2447 1094 πρὸς
2491 1021 2801 1091 άγαθότητα
2843 1021 2934 1074 καὶ
2973 1020 3381 1091 φιλανθρωπίαν
3415 1017 3700 1090 βλέπουσα

448 1128 598 1182 Alter
627 1141 752 1181 vero
778 1122 1048 1179 beneﬁcus
1071 1125 1315 1187 audiens,
1349 1121 1622 1178 inimicum
1654 1135 1758 1175 non
1788 1119 2018 1189 amplius

971 1138 1048 1178 :us
1071 1125 1315 1187 audiens,
1349 1121 1622 1178 inimicum
1654 1135 1758 1175 non
1788 1119 2019 1189 amplius
2125 1115 2402 1186 νομοθετεῖ
2430 1113 2541 1184 (9);

382 1242 388 1247 ·
449 1235 513 1274 eo
570 1218 783 1272 nomine
829 1213 1070 1271 deﬂuiet.
1123 1210 1311 1272 Viden’
1375 1215 1466 1286 qui
1541 1211 1828 1270 inen‘abilis
1906 1213 1993 1267 illa
2072 1211 2332 1284 sapientia
2389 1212 2456 1264 ad
2509 1210 2802 1264 bonitatem
2858 1215 2913 1262 et
2962 1205 3351 1262 humanitatem
3411 1202 3698 1259 collimatis

451 1315 591 1382 leges
617 1323 741 1370 suas
764 1309 946 1365 ferat?

692 1396 1373 1456 CCCXC.—LAMPETlO
1431 1391 1754 1456 DIACONO.

2415 1396 2513 1463 Tt,’
2551 1426 2620 1439 —
2651 1391 3013 1461 ΛΑΜΠΕΤΙῼ
3043 1388 3365 1458 ΔιΑκοΝςι.

521 1496 632 1566 Etsi
663 1511 1003 1582 hyperbolice
1040 1510 1246 1566 dictum
1295 1526 1417 1567 esse
1460 1512 1676 1581 quidam
1729 1509 2013 1566 existima-

2180 1511 2244 1565 Εί
2299 1511 2395 1565 καὶ
2441 1508 2812 1580 ὑπερϐολικῶς
2856 1505 3104 1576 νομιοῦσί
3149 1520 3292 1570 τινες
3331 1501 3584 1574 εἰρῆσθαι
3627 1501 3691 1555 τὸ

453 1601 556 1656 turi
591 1611 733 1665 sunt,
771 1600 823 1654 id
850 1603 990 1672 quod
1031 1603 1273 1657 dicturus
1319 1617 1435 1656 sum
1463 1606 1608 1672 (non
1636 1603 1781 1656 enim
1812 1615 1896 1654 me
1923 1598 2012 1654 fu-

2128 1602 2496 1675 ρηθησόμενον
2527 1597 2666 1671 (οίδα
2702 1599 2808 1669 γὰρ
2838 1597 3065 1659 πολλοὺς
3115 1593 3356 1664 ἀγεννῶς
3403 1595 3495 1648 καὶ
3527 1592 3698 1648 ἀνάν-

450 1692 526 1762 git
553 1692 746 1747 multos
772 1695 958 1761 ignave
1013 1702 1177 1761 atque
1242 1692 1546 1748 effeminate
1582 1693 1799 1748 an‘ectos
1821 1691 2017 1765 esse);

2128 1697 2260 1767 δρως
2291 1693 2403 1765 (10)
2447 1690 2848 1762 διακειμένους)
2898 1689 3008 1757 ἐγὼ
3036 1688 3137 1758 τὴν
3177 1686 3416 1758 ἐμαυτοῦ
3466 1684 3698 1755 γνώμην

448 1795 548 1848 ego
575 1791 748 1834 tamen
807 1783 1125 1836 sententiam
1161 1797 1334 1836 meam
1376 1783 1570 1838 dicam.
1601 1783 1851 1838 Arbitror
1869 1783 2013 1837 enim

2127 1785 2334 1856 φράσω.
2379 1783 2653 1854 Ἣγοῦμαι
2691 1781 2820 1852 γὰρ,
2858 1776 3168 1841 εἷναίτινας
3202 1779 3330 1841 τοὺς
3360 1775 3697 1848 ἀποδεξομέ-

450 1872 733 1926 nonnnllos
772 1872 906 1938 fore,
938 1875 1027 1942 qui
1081 1887 1200 1928 eam
1232 1875 1548 1942 approbent.
1584 1873 1733 1939 Quod
1772 1875 1816 1928 si
1849 1875 2010 1928 etiam

2128 1892 2239 1937 ιους
2269 1893 2282 1905 ο
2315 1876 2364 1928 εί
2390 1874 2445 1926 δὲ
2478 1875 2571 1928 καὶ
2599 1873 2786 1943 μηδεὶς
2810 1868 3144 1936 ἀποδέξοιτο,
3173 1870 3206 1940 ή
3235 1867 3465 1938 ἀλήθεια
3494 1884 3698 1938 προκε-

451 1977 607 2018 nemo
655 1964 1104 2032 comprobaturus
1144 1965 1237 2029 sit,
1271 1965 1469 2018 veritas
1494 1963 1833 2033 praeferatur.
1859 1961 2003 2030 Quid

2125 1966 2345 2037 κρίσθω.
2383 1965 2448 2017 Τί
2477 1960 2569 2018 οὖν
2593 1965 2742 2016 ἐστιν
2772 1961 2798 2014 ὃ
2829 1960 3089 2032 βούλομαι
3125 1960 3366 2030 φράσαις
3403 1959 3695 2029 Συντόμως

451 2054 612 2120 igitur
632 2063 714 2108 est
744 2054 883 2122 quod
911 2054 1096 2110 dicere
1155 2055 1318 2111 volo?
1348 2055 1592 2110 Breviter
1635 2055 2014 2124 exponendum

2125 2057 2350 2111 λεκτέον.
2395 2054 2624 2107 ’Ἥδιστα
2670 2053 2736 2107 ἂν
2775 2052 2885 2123 (Η)
2939 2051 3147 2113 πάντας
3181 2050 3568 2120 εὐεργετήσας,
3615 2049 3695 2112 ὼς

451 2153 551 2198 est.
583 2143 1020 2203 Libentius.cum
1052 2145 1116 2200 de
1144 2146 1394 2204 omnibus
1411 2145 1546 2201 bene
1569 2146 1793 2201 meritus
1815 2159 2015 2211 essem,

2123 2149 2325 2212 πάντας
2368 2146 2652 2217 ἀδικήσας,
2678 2145 2825 2214 δοίην
2863 2143 3038 2213 δίκην,
3073 2142 3104 2212 ἢ
3135 2141 3397 2212 ἀδικήσας
3428 2141 3569 2203 τινὰ,
3614 2140 3693 2202 ῶς

453 2244 707 2302 tanquam
738 2235 828 2304 qui
864 2235 1057 2304 injuria
1113 2250 1304 2292 omnes
1352 2234 1674 2301 effecissent,
1703 2250 1892 2306 pmnas
1924 2235 2018 2289 da—

2122 2242 2330 2303 πάντας
2381 2237 2785 2309 εὐεργετήσας,
2841 2233 3244 2304 στεφανωθείην
3295 2234 3389 2287 καὶ
3442 2233 3692 2303 ἀναῤῥη-

452 2340 565 2380 rem
596 2344 610 2379 :
639 2341 801 2396 quam
858 2341 977 2380 cum
1007 2342 1172 2381 unum
1209 2327 1488 2394 laesissem,
1521 2337 1776 2397 tanquam
1811 2327 1877 2382 de
1903 2341 2018 2380 om-
2118 2333 2289 2403 θείην,

452 2418 608 2471 nibus
661 2419 798 2472 bene
860 2420 1106 2484 meritus,
1155 2435 1354 2474 corona
1411 2421 1642 2476 donaret
1699 2435 1762 2476 ac
1822 2420 2016 2488 prmdi-

451 2525 626 2564 me“
933 2592 1198 2649 cccxcr.
1222 2624 1292 2634 —
1310 2591 1539 2648 EIDEM.
2597 2594 2753 2662 rem.
2791 2621 2861 2634 --
2898 2591 2985 2662 Ta
3003 2589 3219 2659 -Αγτςι

459 2679 522 2736 In
553 2680 682 2753 illud
701 2680 1087 2753 leeronomii
1106 2685 1168 2736 de
1195 2683 1355 2736 stellis
1377 2685 1592 2748 dictum,
1614 2702 1630 2733 ι
1645 2681 1773 2747 Qua
1789 2684 2023 2737 attribuit

2134 2687 2240 2740 Τοῦ
2285 2685 2764 2753 Δευτερονομίου.
2805 2683 2908 2747 Είς
2946 2680 3015 2753 τὸ,
3061 2671 3374 2753 εἰρημένον
3405 2677 3538 2744 περὶ
3576 2672 3704 2752 τῶν

619 2749 870 2804 Dominus
904 2751 1040 2806 Deus
1071 2763 1189 2806 tuus
1220 2753 1456 2807 omnibus
1489 2754 1721 2823 gentibus
1755 2755 1820 2807 δι.
1856 2771 1872 2791 ι

2193 2749 2480 2823 ἀστέρων,
2510 2773 2526 2805 ι
2545 2749 2616 2807 'A'
2631 2755 2913 2821 ἀπένειμε
2935 2751 3148 2820 Κύριος
3183 2750 3214 2802 ό
3231 2749 3377 2814 Θεός
3405 2762 3520 2799 σου
3544 2749 3703 2801 πᾶσι

2198 2825 2320 2878 τοῖς
2356 2826 2618 2878 ἔθνεσιν.
2661 2842 2678 2874 ι

528 2902 666 2970 Quid
696 2913 796 2964 est,
825 2903 1023 2971 inquis,
1065 2906 1203 2973 quod
1240 2903 1306 2960 de
1335 2903 1646 2959 ccelestibus
1670 2904 2026 2963 luminaribus

2198 2843 2320 2890 τοις
2356 2843 2618 2878 sai-ww.
2661 2843 2678 2874 ι

2195 2912 2259 2962 Τί
2291 2914 2462 2973 ἐστιν,
2494 2909 2650 2978 ἔφης,
2680 2908 2742 2960 τὸ
2787 2909 2915 2979 περὶ
2946 2907 3053 2960 τῶν
3082 2904 3350 2975 οὐρανίων
3393 2901 3701 2972 φωστήρων

460 2995 661 3047 dictutn
689 3005 792 3057 est,
831 3011 848 3045 ι
888 2992 1015 3058 Quae
1049 2993 1236 3047 tribuit
1269 2995 1526 3048 Dominus
1556 2993 1696 3050 Deus
1751 3005 1872 3052 tuus
1905 3012 2026 3052 om-

2130 3001 2442 3071 εἰρημένον,
2480 3017 2496 3049 ι
2550 3000 2616 3051 Ἃ
2647 2996 2909 3067 ἀπένειμε
2947 2997 3147 3066 Κύριος
3186 2993 3214 3044 ὁ
3254 2993 3386 3056 Θεός
3432 3009 3523 3044 σου
3561 2991 3698 3043 πᾶσι

461 3086 619 3139 nibus
669 3085 1024 3140 nationibus?
1063 3103 1080 3136 ι
1125 3085 1260 3138 Audi
1293 3085 1472 3152 igitur.
1505 3086 1585 3138 Ad
1643 3087 1941 3141 doctrinam
1972 3099 2027 3141 et

2133 3094 2238 3153 τοῖς
2281 3089 2522 3154 έθνεσιν;
2583 3108 2603 3140 ι
2649 3088 2846 3141 Ἀκουε
2878 3086 3078 3150 τοίνυν,
3118 3084 3382 3154 ἀπένειμε
3432 3081 3569 3154 πρὸς
3619 3082 3703 3135 δι-

459 3175 854 3229 institutionem
908 3188 969 3228 ac
996 3174 1354 3242 cognitionem
1382 3188 1443 3228 ea
1491 3174 1698 3240 tribuit,
1727 3186 1783 3228 nt
1819 3192 1885 3231 ex
1939 3191 2024 3231 re-

2129 3174 2437 3238 δασκαλίαν,
2485 3175 2621 3243 πρὸς
2651 3174 2956 3238 παίδευσιν,
2993 3173 3131 3244 πρὸς
3167 3173 3390 3242 γνῶσιν,
3421 3172 3485 3225 ἵν’
3517 3173 3580 3224 ὲκ
3600 3170 3699 3244 τοῦ

463 3279 581 3317 rum
611 3266 950 3320 conditarum
1007 3265 1372 3334 magnitudine
1425 3263 1672 3328 Creator,
1708 3268 1797 3335 qui
1850 3266 2025 3323 oculis

2131 3231 2545 3338 μεγέθουςίκαί
2579 3231 2678 3334 τῆς
2706 3231 2970 3334 καλλονῆς
3001 3231 3126 3317 τῶν*
3152 3231 3465 3334 κτισμάτων
3491 3263 3520 3315 ὁ
3547 3231 3701 3332 γενε-

461 3357 608 3410 cerni
643 3371 747 3410 non
783 3366 977 3425 potest,
1011 3357 1384 3426 conspiciatur.
1436 3355 1548 3411 lloc
1597 3369 1774 3411 autem
1820 3358 2025 3414 idcirco

2129 3359 2398 3427 σιουργὸς,
2446 3359 2675 3427 ἀόρατος
2708 3356 2804 3421 ῶν,
2865 3356 3162 3429 θεωρῆται.
3222 3355 3392 3408 Τοῦτο
3447 3355 3504 3408 δὲ
3565 3353 3695 3425 ἔφη,

461 3447 616 3512 dixit,
659 3447 910 3515 quoniam
951 3446 1188 3501 Hebraeis
1218 3462 1320 3500 una
1361 3463 1482 3503 cum
1539 3463 1718 3502 rerum
1751 3449 2026 3505 creatione

2128 3448 2314 3518 ἐπειδὴ
2352 3451 2464 3510 τοῖς
2505 3446 2781 3515 Ἑϐραίοις
2826 3445 2963 3516 μετὰ
2989 3446 3089 3516 τῆς
3119 3445 3349 3508 κτίσεως
3379 3444 3474 3498 καὶ
3519 3446 3553 3515 ή
3598 3444 3695 3498 τοῦ

460 3537 592 3606 iegis
618 3551 832 3608 quoque
856 3539 1100 3592 doctrina
1148 3539 1272 3592 data
1324 3551 1432 3604 est,
1464 3541 1731 3594 artiﬁcem
1761 3549 1814 3597 et
1841 3542 2021 3598 arclti-

2129 3538 2288 3609 νόμου
2310 3537 2624 3592 διδασκαλία
2651 3537 2828 3605 ἐδόθη,
2852 3537 3300 3607 άνακηρύττουσα
3323 3535 3412 3588 τὸν
3433 3536 3699 3605 δημιουρ-

463 3637 656 3682 tectum
683 3628 977 3698 praedicans
1026 3639 1078 3682 et
1105 3630 1507 3686 concelebrans.
1535 3631 1687 3698 Quod
1719 3631 1766 3686 si
1798 3633 2020 3702 quidam

2126 3629 2222 3698 γὸν
2261 3629 2355 3681 καὶ
2386 3627 2657 3698 τεχνίτην.
2688 3627 2752 3679 El
2772 3627 2829 3678 δέ
2856 3644 2998 3690 τινες
3029 3625 3230 3680 οἴονται
3254 3625 3696 3696 άπονενεμῆσθαι

462 3720 579 3772 ideo
608 3719 803 3772 tributa
856 3734 917 3774 ea
964 3734 1085 3774 esse
1118 3729 1326 3788 putent,
1356 3732 1414 3775 ut
1465 3721 1596 3791 ipsis
1652 3722 2021 3778 adorationem

2127 3721 2262 3789 πρὸς
2296 3721 2358 3772 τὸ
2394 3720 2771 3790 προσκυνῆσαι
2813 3720 3018 3782 αὐτοῖς,
3059 3718 3329 3789 λαμπρῶς
3360 3718 3456 3789 τὴν
3487 3717 3694 3772 οίκείαν

463 3809 787 3872 adhibeant,
847 3809 1112 3862 inscitiam
1189 3824 1341 3863 suam
1403 3810 1687 3879 perspicue
1743 3813 2019 3881 produnt:

2124 3810 2480 3866 ἀπαιδευσίαν
2541 3809 2913 3880 στηλιτεύουσι
2968 3808 3110 3879 (12),
3166 3809 3348 3878 πάσης
3398 3808 3498 3878 τῆς
3541 3810 3692 3878 ἱερᾶς

461 3899 658 3968 quippe
689 3915 808 3954 cum
847 3899 1097 3954 universa
1135 3899 1416 3970 Scriptura
1448 3915 1606 3956 sacra
1647 3916 1762 3970 eos,
1798 3905 1888 3972 qui
1921 3902 2023 3959 hoc

2125 3901 2346 3973 Γραφῆς
2377 3901 2728 3970 αἰτιωμένης,
2755 3899 2848 3951 καὶ
2876 3898 3258 3970 καταφορικῶς
3280 3896 3689 3970 κατηγορούσης

463 3991 639 4045 facere
695 3993 813 4046 ausi
865 4003 1010 4059 sunt,
1043 4002 1474 4064 accuset,atque
1526 3993 1792 4049 acerrime
1839 4008 2020 4063 repre‘

1552 3993 1792 4049 tcert'ime
1839 4008 2020 4063 repre.
2122 3992 2230 4045 τῶν
2269 3991 2428 4045 τοῦτο
2458 3990 2683 4060 ποιῆσαι
2714 3989 3122 4059 τολμησάντων.

463 4083 677 4136 bendaL

565 4170 728 4242 406
755 4171 1039 4230 CCCXC“.
1058 4173 1422 4229 ——IllERACl
1481 4172 1914 4230 CLARISSIMO.

1861 4172 1914 4230 Ο.
2358 4176 2516 4244 Τῌῖ.
2563 4205 2630 4214 -
2672 4175 2904 4230 lEPAKl
2939 4175 3431 4245 ΛΑΜΠΡΟΤΑΤῼ.

531 4262 648 4317 Non
679 4279 926 4330 parvum,
957 4265 1040 4318 vir
1103 4267 1327 4334 optime,
1355 4281 1540 4320 verum
1599 4275 1857 4336 quantum
1913 4280 2024 4320 ma-

2207 4267 2429 4336 Ἀρετῆς
2459 4269 2678 4336 σημεῖον
2711 4266 2770 4318 οὐ
2800 4267 3014 4335 μικρὸν,
3039 4260 3084 4319 ὧ
3113 4266 3322 4336 ἄριστε,
3353 4264 3468 4317 ἀλλ’
3489 4262 3564 4326 ὣς
3593 4261 3688 4316 δυ-

460 4355 664 4408 ιίιιιιιιῐι
696 4355 780 4408 edi
839 4365 1034 4424 potest,
1091 4357 1308 4412 virtutis
1348 4358 1604 4412 indicium
1656 4357 1900 4420 exhibes,
1929 4358 2019 4426 qui

2125 4358 2284 4411 νατὸν
2339 4358 2432 4409 καὶ
2478 4358 2731 4426 μέγιστον
2779 4357 3052 4427 ἐκφέρεις,
3105 4355 3486 4427 προῃρημένος
3532 4354 3691 4420 δόξαν

463 4443 652 4499 b0nam
690 4444 863 4512 potius
885 4445 1077 4500 famam
1109 4447 1557 4519 colligere,quam
1594 4449 1840 4518 ingentes
1885 4461 2016 4517 opes

2123 4448 2290 4520 καλὴν
2330 4447 2632 4518 κτήσασθαι
2680 4448 2878 4516 μᾶλλον
2908 4449 2940 4517 ἢ
2988 4448 3213 4502 πλοῦτον
3246 4448 3418 4519 μέγαν
3452 4463 3689 4515 συναγα-

463 4535 739 4589 cumulare
775 4540 826 4592 in
869 4542 1106 4593 animum
1134 4539 1432 4596 induxeris.
1466 4539 1825 4605 Quamobrem
1871 4540 1915 4592 si
1961 4539 2014 4593 in

2123 4541 2239 4606 γεῖν
2263 4537 2394 4607 (l3).
2429 4537 2591 4595 ’Ὥστε
2619 4537 2684 4590 ἂν
2726 4537 2990 4608 ὲμμείνῃς
3028 4537 3199 4608 ταύτῃ
3241 4540 3305 4608 τῇ
3347 4535 3560 4607 γνώμη,
3588 4535 3689 4587 οὐκ

465 4630 848 4683 liae'sententia
886 4633 1210 4699 perstiteris,
1247 4648 1350 4686 non
1382 4631 1614 4687 defuturi
1667 4641 1812 4698 sunt,
1852 4631 1940 4701 qui
1973 4642 2026 4685 te

2121 4630 2418 4699 ἀπορήσεις
2447 4628 2557 4682 τῶν
2586 4630 3102 4698 ὲγκωμιασομένων,
3141 4629 3234 4683 καὶ
3266 4629 3431 4682 πᾶσιν
3473 4625 3687 4697 ἀνθρώ-

465 4721 712 4774 laudibus
759 4723 973 4784 vcbnnt,
1016 4737 1077 4776 ac
1123 4724 1460 4792 prudentiam
1523 4732 1670 4777 tuam
1724 4724 1791 4777 ad
1839 4738 2026 4778 omnes

1657 4737 1670 4775 I
1724 4724 1791 4777 ad
1839 4738 2026 4778 omnes
2124 4739 2249 4784 ποις
2281 4721 2381 4792 τὴν
2415 4721 2512 4792 σὴν
2541 4722 2800 4793 φρόνησιν
2825 4721 3065 4790 ἀγόντων
3096 4720 3227 4793 (14).

464 4811 716 4865 mortales
755 4811 1044 4875 perferant.

531 4965 575 4996 “
601 4966 755 5022 Deut.
789 4980 860 5029 tv,
893 4965 975 5020 l9.

1547 5075 1780 5132 VARUE
1819 5075 2202 5132 LECTIONES
2237 5076 2326 5132 ET
2361 5076 2594 5133 NOTIE.

536 5234 609 5304 (9)
656 5235 858 5318 genter"
888 5238 1048 5318 epist.
1077 5237 1180 5290 410
1218 5237 1553 5318 mirabilius
1588 5237 1707 5318 libri
1747 5249 1800 5318 et
1830 5237 2014 5295 Philo-
2123 5251 2203 5318 est
2231 5241 2562 5318 linielsidori
2590 5242 2864 5318 sententiae
2893 5245 3106 5318 (melius
3127 5260 3265 5310 esse,
3303 5256 3361 5301 ut
3392 5246 3514 5317 quis
3546 5249 3681 5303 bene

464 5321 617 5383 nem;
661 5307 786 5359 item
831 5305 1112 5375 Augustin.
1145 5324 1307 5363 sertn.
1350 5307 1450 5361 168
1499 5317 1550 5361 et
1597 5307 1702 5360 254
1748 5308 1822 5362 De
1853 5319 2006 5378 temp.
2126 5314 2191 5364 de
2214 5311 2465 5383 omnibus
2509 5312 2734 5383 meritus
2771 5305 2950 5380 inique
2981 5305 3264 5382 plectatur,
3291 5305 3454 5383 quain
3491 5318 3683 5372 imme-

463 5375 633 5455 Rtrrn.
689 5443 722 5455 ,ι
828 5446 840 5455 _
901 5445 980 5455 η
1203 5445 1214 5455 ⁸
1282 5445 1324 5455 ﬂ
1457 5447 1550 5455 ____
1806 5447 1826 5455 _
1868 5446 1891 5455 Α
1954 5375 1963 5378 ⁷
2125 5395 2250 5434 rens
2275 5381 2703 5455 atqueingignus
2728 5375 2942 5455 praemio
2970 5375 3262 5455 adiciatur}
3285 5375 3411 5442 illud
3444 5386 3683 5442 Platonis

530 5444 640 5512 (10)
688 5443 786 5518 Pro
819 5445 1090 5517 ἀνάνδρως
1118 5445 1237 5501 cod.
1282 5445 1402 5503 Vat.
1451 5447 1555 5503 650
1581 5447 1770 5502 scribit
1799 5446 2016 5517 ἆνδραςι

2127 5443 2482 5526 paradoiona
2510 5443 2772 5526 Praestare
2805 5453 2981 5521 puniri
3009 5453 3076 5508 ob
3111 5443 3327 5525 peccata
3352 5497 3367 5522 ,
3395 5471 3552 5526 quam
3581 5458 3682 5511 im-

462 5516 667 5570 Possm.
728 5516 737 5518 ἡ
990 5516 997 5517 “
1901 5516 1908 5517 “
2126 5519 2371 5583 punitum
2401 5520 2568 5573 abire.
2607 5518 2769 5574 Rtrr.

527 5585 638 5658 (ll)
673 5583 919 5658 Ἥδιστα
946 5585 1041 5658 ἄν.
1082 5584 1264 5651 Forte,
1308 5586 1455 5658 ἣδιον
1482 5587 1567 5641 ἄν.
1617 5586 1673 5640 ln
1711 5585 2014 5658 huiusmodi

2184 5587 2295 5658 (19)
2326 5586 2528 5658 genua
2564 5591 2698 5658 tales
2729 5592 2964 5658 graviter
2988 5591 3344 5648 coneiOnatur
3369 5594 3477 5652 Leo
3502 5595 3573 5652 Μ.
3610 5595 3685 5652 lo.

459 5657 600 5706 enim
627 5655 1117 5723 comparationibus
1149 5672 1252 5710 non
1287 5655 1608 5724 superlativo
1633 5695 1647 5718 ,
1673 5656 1767 5710 sed
1795 5670 2014 5723 compa-
2182 5655 2293 5724 (13)
2326 5656 2443 5712 Vid.
2476 5656 2524 5711 J.
2560 5655 2853 5724 Stoliazitrtt,
2887 5677 3050 5715 serm.
3082 5662 3203 5718 466.
3235 5666 3308 5718 lo.

464 5735 629 5776 rattvo
655 5727 801 5780 locus
827 5734 924 5780 est.
956 5727 1037 5781 Ad
1073 5741 1183 5780 rem
1214 5727 1355 5795 quod
1394 5728 1602 5795 attinet,
1634 5741 1738 5782 non
1768 5726 2018 5782 absimile
2184 5726 2294 5799 (ll)
2320 5729 2452 5783 (20d.
2489 5728 2606 5782 Vat.
2642 5728 2745 5785 650
2772 5730 3030 5800 ᾁσόντων.
3062 5730 3218 5788 Poss.
