3976 6464
237 341 380 430 ιω
1057 341 1541 402 EPISTOLARUJ

501 441 694 514 τιτι.
734 483 804 496 -
837 447 1166 519 ᾹΡΠΟΚΡᾼ
1205 436 1541 516 ΣΟΦΙΣΤῌ¹.

307 597 376 653 οι
413 597 514 660 τὰς
538 594 647 648 τῶν
673 590 848 660 λόγων
897 588 1152 656 δυνάμεις
1185 580 1708 652 ἀποδοκιμάζοντες,
1759 573 1826 628 οὐ

239 689 568 745 λανθάνουσι
605 684 666 738 τὸ
696 683 798 754 τῆς
832 679 1038 742 οἰκείας
1068 675 1295 743 ἀλογίας
1328 673 1531 735 ὄνειδος
1574 670 1669 723 ἐπὶ
1686 665 1827 721 καύ-

241 799 341 846 τας
373 777 708 853 μεταφέρειν
724 773 1056 843 τολμῶντες.
1084 770 1148 822 Οί
1170 768 1225 821 δὲ
1258 765 1463 829 ταύτας
1486 760 1829 832 ἀποδεχόμε-

240 891 322 928 νοι
357 872 479 944 μὶν,
508 871 637 924 ὅταν
657 869 724 938 τῇ
753 862 984 934 ἀληθείᾳ.
1005 857 1480 944 συναγωνίζοιντο,
1508 855 1832 920 κακίζοντες

238 965 297 1019 δὲ
325 942 458 1020 ὅταν
490 963 558 1032 τῇ
606 957 778 1028 κακίᾳ
809 953 1216 1024 συμπράττοιεν
1237 967 1250 982 ·
1280 942 1426 1003 οὗτοι
1462 949 1560 1002 καὶ
1603 946 1702 1018 τὴν
1733 947 1831 1016 τῆς

241 1055 670 1128 ἀνθρωπότητος
699 1047 985 1117 εὐγένειαν
1018 1045 1220 1109 ίσασιν,
1245 1042 1327 1095 ὅτι
1345 1037 1490 1111 λόγῳ
1517 1039 1829 1109 τετίμηται,

241 1144 471 1218 καὶ’τὴν
498 1143 601 1213 τῆς
632 1136 972 1208 κακουργίας
1005 1133 1114 1188 τῶν
1157 1133 1258 1186 οὐκ
1288 1130 1467 1202 ὀρθῶς
1501 1132 1612 1192 τοῖς
1651 1128 1835 1195 λόγοις

242 1237 549 1311 χρωμένων
573 1233 675 1287 οὐκ
706 1226 963 1298 ἀγνοοῦσι
999 1225 1319 1295 σκαιότητα.

460 1438 626 1505 TLA'.
665 1465 729 1478 --
757 1429 1065 1500 ΔΩΡΟΘΕῼ
1103 1423 1602 1492 ΛΑΜΠΡΟΤΑΤῼ.

327 1575 611 1635 ’Δπιστεῖν
644 1572 741 1644 μέν
769 1587 852 1625 σοι
883 1568 985 1622 οὐκ
1019 1564 1128 1636 ἔχω
1147 1581 1160 1594 ·
1196 1560 1453 1633 παραινῶ
1484 1558 1542 1612 δὲ
1571 1557 1648 1630 μὴ
1673 1572 1839 1611 σκαν-

239 1669 588 1736 ’δαλίζεσθαῃ
624 1665 738 1720 ἀλλ’
779 1659 1076 1731 ἀναμένειν
1131 1656 1230 1728 τὴν
1280 1654 1582 1708 ἀδέκαστον
1633 1648 1837 1721 κρίσιν.

248 1763 360 1819 Καὶ
389 1760 502 1830 γὰρ
545 1753 882 1828 παραινέσας
928 1748 1179 1815 τοιαῦτα,
1210 1747 1308 1800 καὶ
1339 1745 1499 1800 ἄλλον
1547 1741 1717 1812 ἄνδρα
1755 1752 1844 1809 με·

1057 333 1591 402 EPISTOLARUM
1626 331 1775 394 LIB.
1815 327 1931 391 III.
1973 349 2043 364 -
2078 320 2318 386 EPIST.
2356 318 2688 382 CCCXCIV.

1856 443 1905 498 Δ

3388 304 3408 368 1
3419 305 3527 372 034

2095 425 2409 488 CCCXClll.
2425 457 2498 468 —
2513 417 2916 482 HARPOCRJE
2967 414 3360 477 SOPHISTE.

2004 567 2105 636 Qui
2130 564 2402 622 sermonis
2434 560 2746 618 facultatem
2799 555 3136 627 improbant,
3163 568 3272 609 non
3304 540 3390 609 est
3426 553 3529 607 ob-

1931 671 2150 716 scurum
2177 655 2308 725 quin
2369 652 2601 709 inscitia
2645 664 2762 707 sum
2810 662 2876 703 ac
2898 645 3141 702 infantiae
3170 645 3432 714 probrum
3471 641 3526 696 in

1931 765 2052 806 eam
2101 747 2354 804 derivare
2396 745 2659 801 audeant.
2708 740 2814 807 Qui
2864 748 3046 794 autem
3103 750 3227 791 eam
3271 733 3528 805 probant,

1933 856 2056 897 cum
2095 837 2343 893 veritatis
2393 833 2767 906 patrocinium
2798 829 3049 898 suscipit,
3087 828 3402 897 vituperant
3427 838 3533 880 au-

1935 942 2064 999 tem,
2096 945 2222 986 cum
2279 925 2615 998 improbitati
2679 937 2902 993 operam
2954 927 3138 984 naval,
3177 918 3234 974 bl
3274 917 3530 972 nimirum

1935 1033 1990 1082 et
2028 1025 2281 1080 humanae
2339 1026 2551 1074 naturai
2597 1014 2967 1079 nobilitatem,
3002 1020 3064 1067 ut
3115 1026 3237 1083 qua:
3275 1021 3534 1066 sermone

1938 1117 2138 1172 donata
2163 1113 2256 1180 sit,
2286 1110 2562 1182 cognitam
2618 1117 2784 1180 atque
2846 1110 3190 1177 perspectam
3222 1102 3451 1167 habent,
3483 1108 3542 1156 et

1939 1205 2292 1278 malignitatis
2318 1218 2507 1259 eorum
2541 1202 2634 1272 qui
2667 1198 3018 1256 sermonibus
3051 1212 3158 1252 non
3191 1203 3342 1252 recte
3370 1203 3543 1250 utun-

1943 1309 2048 1363 tur,
2076 1296 2468 1353 absurditatem
2506 1292 2933 1362 haudquaquam
2969 1288 3248 1359 ignorant.

2082 1423 2401 1482 CCCXCJV.
2415 1451 2486 1464 --
2501 1417 2884 1480 DOROTHEO
2943 1415 3396 1477 CLARISSIHO.

2019 1563 2207 1619 Fidem
2263 1560 2516 1631 equidem
2575 1558 2673 1616 tibi
2725 1558 2994 1626 abrogare
3051 1568 3302 1626 nequeo,
3350 1566 3544 1609 verum

1946 1658 2077 1713 illud
2111 1666 2164 1711 te
2197 1669 2413 1720 moneo,
2447 1661 2505 1708 ut
2533 1666 2602 1707 ne
2646 1649 2968 1716 otfendaris,
3011 1647 3110 1704 sed
3155 1648 3545 1717 incorruptum

1942 1749 2207 1819 iudicium
2275 1753 2580 1816 exspectes.
2645 1743 2781 1798 Nam
2834 1744 3002 1799 etiam
3075 1755 3177 1813 per
3231 1736 3547 1808 huiusmodi

254 1854 562 1924 σοπόνηρον
602 1844 911 1909 ἁνέστειλα,
952 1839 1131 1896 ταύτά
1175 1855 1257 1892 σοι
1289 1837 1578 1908 φράσαντα
1604 1832 1699 1886 καὶ
1741 1846 1844 1884 κα-

1960 1840 2376 1898 admonitionem
2405 1838 2571 1893 alium
2605 1835 2898 1906 quemdam
2922 1834 3100 1889 virum
3161 1832 3547 1902 improborum

248 1922 772 2020 ταρρητορεύσαντα
805 1933 1001 2005 αὐτὴν,
1034 1933 1129 1986 καὶ
1148 1931 1404 2002 φήσαντα
1429 1944 1443 1958 ·
1473 1927 1537 1981 Οἱ
1572 1925 1670 1997 μὲν
1702 1922 1843 1977 ἀπό-

255 2015 460 2102 στολοι,
497 2033 596 2088 ατε
617 2030 694 2102 τῷ
720 2028 852 2099 θείῳ
881 2023 1164 2095 Πνεύματι
1186 2020 1590 2090 σεσοφισμένοι,
1625 2017 1722 2071 καὶ
1747 2015 1844 2080 τὴν

265 2125 618 2195 Ἐκκλησίαν,
662 2121 737 2184 ὡς
764 2115 1096 2186 δεσποτικὴν
1134 2113 1355 2186 νύμφην
1388 2110 1532 2165 οὓτω
1553 2108 1847 2179 διεκόσμη-

253 2231 376 2284 σαν,
410 2218 490 2280 ὡς
520 2216 660 2287 μήτε
697 2211 805 2264 τῶν
845 2208 1108 2282 χειρόνων
1147 2207 1287 2276 αὐτῇ
1329 2203 1497 2276 μηδὲν
1527 2201 1843 2272 διενοχλείν,

255 2314 382 2385 μήτ’
418 2307 562 2364 εἷναί
583 2325 636 2361 τι
670 2303 914 2366 κάλλιον,
947 2299 974 2354 5
1003 2299 1110 2372 χρὴ
1133 2297 1212 2368 τῷ
1238 2295 1429 2366 θεσμῷ
1451 2293 1843 2385 προστεθῆναι.

253 2380 414 2466 itas;
459 2400 518 2453 δὲ
562 2397 673 2452 τῶν
721 2392 817 2449 νῦν
858 2391 950 2446 τὸν
998 2387 1379 2444 διδασκαλικὸν
1425 2386 1527 2440 οὑκ
1571 2380 1669 2438 οἷδ’
1699 2385 1848 2448 ὅπως

258 2489 796 2565 ιμπεπιστευμένων
839 2482 1054 2555 θρόνον,
1075 2480 1318 2551 τολμῶσι
1345 2475 1710 2548 νεωτερίζειν,
1754 2477 1849 2530 καὶ

261 2582 354 2637 τδν
386 2579 519 2652 παρ’
540 2576 766 2631 ἐκείνων
783 2571 1029 2643 κοσμίως
1053 2569 1150 2626 καὶ
1176 2567 1414 2632 εὐσεϐῶς
1445 2565 1851 2638 θεμελιωθέντα

261 2673 465 2744 θεσμὸν
497 2667 893 2739 ἀτιμάσαντες,
927 2663 998 2718 τὰ
1022 2665 1201 2717 οίκεῖα
1255 2659 1632 2734 προκρίνουσι,
1665 2659 1761 2712 τὸν
1790 2656 1853 2722 ἐξ

259 2762 436 2835 ἀρχῆς
464 2760 671 2828 κόσμον
696 2755 1048 2827 ἀτιμότερον,
1072 2753 1142 2807 δι’
1172 2746 1248 2808 ὧν
1281 2750 1495 2806 ποιοῦσι
1511 2749 1848 2823 νομίζοντες.

264 2858 381 2909 Ἵνα
398 2853 510 2924 γὰρ
529 2851 599 2906 τὰ
629 2849 766 2905 ἄλλα
790 2847 975 2919 παρῶ,
1001 2847 1059 2900 ἓν
1086 2846 1168 2909 είς
1192 2844 1220 2898 ὃ
1251 2843 1432 2898 πάντα
1476 2842 1645 2898 τείνει
1676 2840 1849 2908 λέξω·

261 2946 456 3017 ὲκείνῳ
497 2943 607 3014 γὰρ
649 2941 762 3014 (15)
793 2939 874 3010 τῷ
895 2938 1177 3010 χρήμασιν
1199 2934 1517 3005 ὠνήσασθαι
1545 2933 1854 3005 προσδοκή-

263 3055 418 3095 σαντι
445 3037 548 3106 τὴν
573 3029 944 3102 ἀποστολικὴν
971 3029 1149 3096 ἀξίαν,
1176 3027 1597 3098 ἐπιπληξόιντων
1629 3027 1724 3080 καὶ
1749 3041 1856 3096 φη-

267 3133 502 3193 σάντων,
535 3147 554 3179 (
579 3125 653 3179 Τὸ
671 3122 938 3196 ἀργύριόν
969 3138 1062 3175 σου
1097 3121 1193 3176 σὺν
1223 3121 1305 3174 σοὶ
1325 3119 1412 3191 εἴη
1436 3121 1518 3182 είς
1550 3117 1851 3183 ἀπώλειαν,

1948 1933 2073 1987 odio
2099 1929 2438 2000 ﬂagrantem,
2467 1926 2724 1999 repressi,
2749 1925 2842 1995 qui
2872 1923 3084 1986 eadem,
3118 1938 3238 1993 qua
3271 1931 3325 1976 tu
3358 1922 3550 1991 loque-

1951 2025 2132 2086 batur,
2167 2033 2334 2091 atque
2371 2021 2638 2076 adversus
2696 2017 2828 2073 illud
2859 2015 3224 2081 declamabat,
3255 2014 3551 2083 verbisque

1951 2115 2266 2185 huiusmodi
2337 2114 2647 2168 utebatur:
2687 2109 2918 2180 apostoli
2988 2107 3229 2179 quidem,
3295 2116 3483 2177 utpote
3520 2119 3553 2159 a

1950 2209 2138 2264 divino
2183 2207 2391 2278 Spiritu
2427 2206 2707 2276 sapienter
2750 2201 3038 2268 instructi,
3075 2199 3376 2256 Ecclesiam
3409 2212 3552 2268 quo-

1950 2316 2057 2373 que
2090 2312 2148 2356 ut
2170 2300 2383 2356 Domini
2415 2296 2772 2371 sponsamita
2793 2303 3161 2361 exornarunt,
3187 2303 3246 2349 ut
3278 2308 3381 2349 nec
3415 2291 3552 2347 mali

1952 2393 2248 2464 quidquam
2277 2391 2380 2462 ipsi
2415 2389 2725 2446 molestiam
2779 2388 3088 2454 exhiberet,
3118 2401 3220 2441 nec
3249 2385 3548 2455 quidquam

1955 2484 2146 2540 melius
2179 2492 2345 2550 esset,
2379 2483 2524 2552 quod
2559 2481 2626 2537 ad
2666 2481 2838 2550 ipsius
2863 2488 3118 2534 ornatum
3156 2476 3374 2549 adiungi
3426 2489 3555 2547 pos-

1961 2583 2064 2627 set.
2108 2573 2180 2626 At
2207 2571 2454 2628 nonnulli
2485 2585 2554 2626 ex
2602 2571 2712 2637 his,
2740 2570 2939 2641 quibus
2969 2583 3116 2624 nunc
3162 2566 3464 2639 magisterii
3491 2580 3559 2621 ac

1955 2664 2224 2722 doctrinas
2287 2664 2518 2720 thronus
2564 2664 2709 2719 haud
2747 2662 2862 2718 scio
2914 2676 3153 2732 quonam
3188 2671 3349 2732 pacto
3408 2674 3561 2715 com-

1957 2757 2159 2812 missus
2194 2765 2297 2822 est,
2326 2771 2417 2811 res
2461 2770 2632 2812 novas
2683 2753 2865 2810 moliri
2913 2753 3135 2817 audent,
3172 2766 3236 2807 ac
3259 2751 3431 2823 legem
3457 2751 3559 2806 bo-

1957 2859 2112 2905 neste
2137 2848 2334 2918 pieque
2360 2847 2429 2903 ab
2462 2847 2570 2902 illis
2608 2846 2892 2901 fundatam
2919 2858 3018 2916 pro
3058 2843 3229 2900 nihilo
3271 2844 3556 2910 ducentes,

1957 2956 2056 2997 sua
2100 2940 2413 3012 proferunt,
2471 2947 2711 2996 veterem
2769 2938 2984 2994 scilicet
3035 2945 3312 3004 ornatum,
3343 2952 3442 3008 per
3490 2951 3560 2992 ea

1959 3046 2079 3104 qua:
2131 3040 2318 3102 agunt,
2373 3031 2619 3086 viliorem
2696 3040 2862 3101 atque
2914 3031 3375 3101 contemptiorem
3438 3043 3564 3087 esse

1957 3124 2284 3194 iudicantes.
2326 3123 2395 3178 Et
2463 3133 2522 3179 nt
2576 3124 2682 3178 alia
2741 3124 2992 3193 exempla
3048 3125 3326 3186 omittam.
3393 3137 3562 3178 unum

261 3224 346 3277 ὅτι
390 3221 492 3292 τὴν
531 3215 744 3286 δωρεὰν
781 3211 878 3266 τοῦ
921 3210 1058 3265 Θεοῦ
1093 3210 1353 3281 ἐνόμισας
1405 3207 1494 3262 διὰ
1553 3205 1855 3278 χρημάτων

1963 3216 2407 3272 commemorabo
2470 3213 2614 3284 quod
2677 3216 2862 3270 omnia
2939 3213 3376 3282 comprehendit.
3424 3210 3562 3266 Nam

264 3309 524 3377 κτᾶσθαι,
553 3308 654 3362 οὐκ
686 3305 806 3359 ἐστι
833 3321 914 3357 σοι
943 3302 1099 3374 μερὶς
1131 3302 1257 3355 οὗτε
1282 3301 1486 3373 κλῆρος
1515 3301 1574 3352 ὲν
1597 3299 1677 3370 τῷ
1710 3298 1855 3367 λόγῳ

264 3404 478 3473 τούτῳ·
525 3419 540 3452 ι
577 3394 724 3454 οὗτοι
745 3395 955 3458 τούτοις
989 3395 1224 3465 μάλιστα
1263 3394 1375 3455 τοῖς
1425 3389 1727 3463 ἱερωσύνην
1769 3391 1858 3441 ὲν-

269 3496 568 3566 εχείρισαν,
593 3493 710 3553 τοῖς
728 3487 921 3559 ῶσπερ
943 3486 1000 3553 ἐξ
1026 3487 1234 3558 ἀγορᾶς
1256 3485 1426 3555 αὐτὴν
1449 3482 1852 3554 ὠνησαμένοις.

267 3589 382 3643 Καὶ
410 3587 470 3640 οὺ
506 3582 666 3638 τοῦτό
691 3599 776 3634 πω
800 3579 994 3642 δεινὸν,
1022 3577 1225 3648 καίπερ
1253 3576 1313 3630 ὃν
1336 3575 1510 3629 δεινόν
1530 3590 1542 3604 ·
1579 3573 1718 3627 ἀλλὰ
1759 3573 1856 3626 καὶ

274 3680 459 3752 μεῖζον
496 3674 792 3748 φρονοῦσιν
817 3673 912 3724 ἐπὶ
948 3669 1182 3742 τούτῳῆ
1215 3671 1394 3740 ’ἑτεροι
1431 3668 1522 3721 ἐπὶ
1559 3667 1859 3734 καλοκάγα-

271 3772 366 3843 θίᾳ
386 3772 484 3824 καὶ
516 3762 898 3837 ἀκτημοσύνῃ.
935 3763 1046 3814 Καὶ
1077 3761 1208 3814 ὅταν
1239 3760 1336 3830 μὲν
1358 3758 1552 3823 δόξωσι
1587 3758 1740 3829 παρά
1775 3774 1861 3809 tua

271 3879 380 3918 νων
441 3855 842 3928 λοιδορεῖσθαι,
896 3852 1059 3916 εὐθὺς
1110 3851 1171 3905 τὸ
1223 3849 1578 3904 ἀποστολικὸν
1640 3848 1861 3918 ἀξίωμα

272 3950 652 4022 προφέρουσιν
685 3944 770 4016 (οὐ
797 3942 905 4013 γὰρ
929 3943 1096 4013 ἡμᾶς,
1129 3941 1316 4009 φασιν,
1343 3939 1482 3994 ἀλλὰ
1512 3941 1611 4011 τὴν
1641 3942 1863 3992 ἐπισκο-

267 4040 380 4111 eripi
411 4033 664 4109 ὕϐρισαν)
697 4048 710 4062 ⁸
747 4033 874 4086 ὅταν
910 4030 968 4084 δὲ
995 4031 1091 4104 δέῃ
1129 4048 1182 4084 τι
1226 4030 1432 4100 πρᾶξαι
1461 4029 1570 4082 τῶν
1607 4029 1861 4095 δεόντων,

269 4135 371 4189 οὐκ
401 4131 483 4185 ἔτι
511 4127 670 4183 τοῦτο
705 4127 1094 4198 προφέρουσιν,
1119 4124 1195 4187 ὼς
1222 4123 1340 4188 ἐξὸν
1375 4123 1562 4185 αὐτοῖς
1595 4124 1862 4193 τιμᾶσθαι

273 4227 372 4298 μὲν
406 4225 482 4290 ὡς
517 4220 870 4284 ἀποστόλους,
902 4217 977 4288 μὴ
1015 4215 1277 4286 πράττειν
1306 4214 1361 4267 δὲ
1389 4215 1465 4278 ὠς
1500 4215 1858 4280 ἀποστόλους.

273 4318 489 4385 Ὠσπερ
515 4314 697 4367 τοίνυν
720 4312 926 4371 ἐκεῖνος
958 4307 1203 4370 πεισθεὶς
1235 4307 1569 4378 τῇὴμετέρᾳ.
1600 4305 1864 4378 παραινέ-

273 4425 381 4472 σει,
419 4407 517 4462 καὶ
561 4403 804 4466 ἀκούσας
838 4402 921 4455 ὄτι
952 4397 1302 4455 ἀτοπώτατόν
1359 4401 1476 4454 ἐστι
1533 4399 1604 4454 τὰ
1653 4399 1863 4454 ἑαυτῶν

272 4499 553 4571 παρέντας
605 4494 774 4561 κακὰ,
843 4492 911 4547 τὰ
974 4492 1084 4546 τῶν
1147 4490 1322 4545 ἄλλων
1378 4493 1862 4563 περιεργάζεσθαι,

1966 3325 2089 3365 cum
2121 3308 2211 3365 ille
2255 3310 2347 3379 qui
2402 3307 2762 3379 apostolicam
2813 3308 3138 3378 dignitatem
3195 3306 3424 3375 pecunia
3449 3320 3566 3361 em-

1965 3410 2183 3473 pturum
2215 3417 2275 3458 se
2313 3412 2660 3474 speraverat,
2713 3402 3037 3472 obiurgatus
3072 3401 3236 3456 fuerit
3271 3416 3337 3456 ac
3369 3401 3558 3455 audie-

1969 3497 2062 3563 rit,
2101 3517 2119 3550 ‹
2160 3496 2396 3552 Pecunia
2427 3506 2520 3552 tua
2548 3505 2728 3552 tecum
2786 3495 2859 3550 sit
2914 3495 2968 3549 in
3002 3495 3389 3566 perditionem,
3427 3508 3564 3564 quo-

1967 3589 2114 3644 niam
2173 3589 2373 3643 donum
2428 3588 2525 3642 Dei
2571 3587 2899 3644 existimasti
2961 3586 3195 3658 pecunia
3251 3586 3558 3657 possideri°

1970 3695 2078 3733 non
2129 3687 2214 3734 est
2271 3679 2368 3733 tibi
2405 3693 2531 3749 pars
2590 3695 2692 3735 nec
2742 3695 2865 3736 sors
2896 3680 2950 3734 in
2987 3679 3092 3734 hoc
3137 3693 3395 3734 sermone
3425 3678 3509 3734 “z
3539 3697 3560 3731 ι

1967 3764 2058 3820 isti
2083 3771 2272 3821 contra
2303 3767 2600 3823 sacerdotii
2631 3783 2828 3824 munus
2848 3769 2915 3824 iis
2933 3768 3240 3839 praesertim
3268 3768 3565 3824 commise-

1971 3865 2118 3922 runt,
2159 3858 2254 3928 qui
2315 3866 2576 3929 tanquam
2629 3861 2682 3914 in
2743 3859 2864 3915 foro
2921 3861 3098 3930 ipsum
3152 3870 3428 3916 emerunt.
3453 3859 3566 3917 Nec

1972 3962 2103 4004 vero
2134 3949 2240 4006 hoc
2265 3951 2446 4006 adhuc
2479 3966 2647 4021 grave
2699 3961 2803 4018 est,
2835 3953 3086 4019 quamvis
3129 3953 3332 4025 alioqui
3370 3969 3559 4024 grave,

1971 4054 2161 4095 verum
2194 4041 2358 4096 etiam
2409 4043 2512 4099 hoc
2552 4045 2775 4100 nomine
2825 4045 2997 4116 magis
3040 4043 3360 4114 eﬂ‘eruntur,
3388 4062 3553 4116 quam

1976 4132 2071 4187 alii
2127 4133 2197 4190 ob
2245 4134 2578 4204 probitatem
2623 4151 2688 4192 ac
2737 4137 3102 4194 voluntariam
3163 4149 3566 4209 paupertatem.

1970 4225 2148 4294 Atque
2177 4240 2301 4282 cum
2327 4242 2356 4280 a
2393 4227 2719 4296 quibusdam
2768 4231 3036 4286 conviciis
3066 4231 3255 4301 impeti
3285 4232 3564 4301 videntur,

1972 4318 2156 4372 statim
2189 4317 2541 4388 apostolicam
2577 4320 2902 4390 dignitatem
2936 4322 3224 4394 proferunt
3247 4323 3388 4396 (non
3417 4325 3566 4382 enim

1974 4424 2093 4476 nos,
2127 4409 2399 4481 inquiunt,
2443 4412 2540 4469 sed
2570 4414 2942 4484 episcopatum
2992 4416 3321 4471 contumelia
3359 4417 3563 4476 atfece-

1975 4502 2158 4572 runt),
2191 4517 2314 4557 cum
2348 4511 2531 4560 autem
2561 4505 2768 4575 aliquid
2812 4520 3026 4575 eorum,
3054 4522 3176 4577 quae
3206 4507 3366 4564 oliicii
3417 4521 3562 4577 sunt,

272 4568 489 4662 ἀπῆλθε
517 4588 734 4661 χαλινὸν
763 4583 1017 4657 ἐμϐαλὼν
1046 4587 1111 4656 τῇ
1152 4583 1345 4638 ἑαυτοῦ
1384 4583 1622 4658 γλώττῃ,
1653 4586 1747 4640 καὶ
1781 4603 1864 4639 σι-

1975 4568 2245 4660 agendum
2278 4603 2385 4660 est,
2415 4608 2523 4650 non
2561 4568 2796 4666 amplius
2839 4600 2944 4652 hoc
2994 4568 3298 4668 proferunt,
3341 4568 3570 4670 perinde

273 4685 380 4756 τὴν
396 4680 596 4738 ἑαυτοῦ
619 4678 1145 4750 καταψηφισάμενος
1172 4693 1185 4707 ⁸
1207 4676 1352 4732 οὕτω
1373 4679 1470 4732 καὶ
1492 4680 1556 4733 σὺ
1584 4679 1858 4750 πείσθητι,

273 4779 375 4833 καὶ
403 4777 512 4831 ἀπὸ
540 4774 650 4830 τῶν
695 4772 1060 4839 διδασκάλων,
1108 4771 1245 4844 πρὸς
1293 4773 1493 4828 σαυτὸν
1533 4773 1733 4845 τρέψον
1763 4773 1862 4842 τὴν

274 4868 527 4940 ῐρευναν.

1973 4693 2139 4753 atque
2171 4687 2274 4741 hoc
2335 4685 2466 4756 ipsis
2510 4685 2697 4753 liceat,
2724 4687 2920 4744 honori
2969 4689 3156 4745 haberi
3189 4698 3247 4744 ut
3309 4691 3566 4762 apostoli,

1973 4792 2078 4832 non
2109 4787 2290 4834 autem
2323 4779 2504 4835 facere
2527 4789 2587 4835 ut
2621 4782 2869 4850 apostoli.
2907 4780 3379 4849 Quemadmodum
3402 4783 3572 4856 igitur

1981 4869 2094 4934 ille,
2150 4885 2278 4925 cum
2337 4872 2570 4928 consilio
2621 4883 2810 4930 nostro
2885 4876 3182 4944 paruisset,
3213 4884 3380 4948 atque
3437 4878 3568 4934 illud

277 4962 566 5028 nudiisset,
587 4961 1042 5018 absurdissimum
1066 4975 1206 5028 esse,
1243 4962 1391 5018 vitiis
1427 4962 1629 5018 nostris
1657 4962 1896 5029 omissis,
1942 4963 2173 5020 aliorum
2208 4965 2372 5038 407
2408 4968 2539 5024 vitia
2567 4969 2866 5041 inquirere,
2907 4971 3063 5027 freno
3101 4972 3297 5044 lingua:
3345 4973 3567 5044 iniecto,

279 5069 347 5112 ac
375 5056 557 5126 seipse
578 5055 795 5111 silentio
847 5054 1076 5110 multato
1134 5055 1312 5111 abiit:
1343 5055 1534 5112 eodem
1591 5055 1752 5112 modo
1801 5065 1857 5111 tu
1898 5071 2115 5128 quoque
2152 5059 2492 5131 obtempera,
2519 5073 2574 5119 et
2605 5078 2635 5119 a
2715 5063 2992 5135 magistris
3044 5064 3112 5121 ad
3158 5064 3390 5136 teipsum
3463 5066 3567 5122 hu-

266 5151 513 5227 iusmodi
541 5150 1028 5222 perscrutationem
1065 5161 1342 5207 converte.

343 5348 388 5382 ⁸⁸
417 5348 540 5405 Act.
561 5363 682 5412 vm,
712 5347 804 5402 20.

1398 5503 1631 5565 νΑιιιΑε
1664 5507 2054 5568 LEC'l'lONES
2087 5513 2177 5569 ET
2218 5511 2460 5570 ΝΟΤῶ.

371 5668 1012 5748 (ρξ’.)ῃριυαξέεσυιηιιιιιη
1067 5673 1187 5732 post
1245 5664 1330 5719 ἵνα
1386 5668 1516 5740 γὰρ,
1554 5674 1820 5742 usquead

1960 5673 2069 5748 :ivtp
2100 5674 2228 5745 γάρ,
2259 5674 2545 5730 omittebat
2603 5675 2687 5731 ed.
2746 5674 2921 5730 Paris.
2982 5673 3269 5728 Adduntnr
3329 5687 3390 5728 ex
3444 5671 3563 5727 cod.

279 5732 476 5796 Vnica
490 5735 617 5793 650.
652 5732 811 5788 Ευιτ.

598 5819 880 5911 pm...
925 5848 1040 5911 Gn.
1105 5849 1428 5915 Lxxvnt.

3130 5851 3206 5910 33
