  <div class='ocr_page' id='page_1' title='image "/cluster/home/n/w/nwhite01/storage/ocr_20150623/78/ien.35556001661065/529.png"; bbox 0 0 3976 6446; ppageno 0'>
   <div class='ocr_carea' id='block_1_1' title="bbox 435 309 1799 470">
    <p class='ocr_par' dir='ltr' id='par_1_1' title="bbox 435 309 1799 470">
     <span class='ocr_line' id='line_1_1' title="bbox 502 309 1799 364; baseline -0.012 0"><span class='ocrx_word' id='word_1_1' title='bbox 502 309 564 364; x_wconf 89' lang='grc'><em>.”</em></span> <span class='ocrx_word' id='word_1_2' title='bbox 1639 309 1697 350; x_wconf 67' lang='grc' dir='ltr'><strong>δ.</strong></span> <span class='ocrx_word' id='word_1_3' title='bbox 1749 309 1799 348; x_wconf 81' lang='lat' dir='ltr'><strong>t:</strong></span> 
     </span>
     <span class='ocr_line' id='line_1_2' title="bbox 435 309 1799 470; baseline -0.014 0"><span class='ocrx_word' id='word_1_4' title='bbox 435 309 570 372; x_wconf 47' lang='lat' dir='ltr'><strong>imo</strong></span> <span class='ocrx_word' id='word_1_5' title='bbox 645 406 934 470; x_wconf 77' lang='lat' dir='ltr'><strong>CCCXCV.</strong></span> <span class='ocrx_word' id='word_1_6' title='bbox 954 398 1268 460; x_wconf 75' lang='lat' dir='ltr'><strong>—PETll0</strong></span> <span class='ocrx_word' id='word_1_7' title='bbox 1301 397 1799 458; x_wconf 81' lang='lat' dir='ltr'><strong>SCIlOLASTlCO.</strong></span> 
     </span>
    </p>
   </div>
   <div class='ocr_carea' id='block_1_2' title="bbox 507 510 2015 588">
    <p class='ocr_par' dir='ltr' id='par_1_2' title="bbox 507 510 2015 588">
     <span class='ocr_line' id='line_1_3' title="bbox 507 510 2015 588; baseline -0.014 -4"><span class='ocrx_word' id='word_1_8' title='bbox 507 529 736 584; x_wconf 77' lang='lat' dir='ltr'><strong>Sacrum</strong></span> <span class='ocrx_word' id='word_1_9' title='bbox 775 533 1102 582; x_wconf 86' lang='lat' dir='ltr'><strong>conventum</strong></span> <span class='ocrx_word' id='word_1_10' title='bbox 1163 517 1412 588; x_wconf 81' lang='lat' dir='ltr'><strong>equidem</strong></span> <span class='ocrx_word' id='word_1_11' title='bbox 1462 516 1578 584; x_wconf 87' lang='lat' dir='ltr'><strong>ipse</strong></span> <span class='ocrx_word' id='word_1_12' title='bbox 1617 529 1738 570; x_wconf 91' lang='lat' dir='ltr'><strong>eum</strong></span> <span class='ocrx_word' id='word_1_13' title='bbox 1799 510 2015 584; x_wconf 90' lang='lat' dir='ltr'><strong>proprie</strong></span> 
     </span>
    </p>
   </div>
   <div class='ocr_carea' id='block_1_3' title="bbox 437 606 2017 684">
    <p class='ocr_par' dir='ltr' id='par_1_3' title="bbox 437 606 2017 684">
     <span class='ocr_line' id='line_1_4' title="bbox 437 606 2017 684; baseline -0.012 -9"><span class='ocrx_word' id='word_1_14' title='bbox 437 634 556 677; x_wconf 72' lang='lat' dir='ltr'><strong>esse</strong></span> <span class='ocrx_word' id='word_1_15' title='bbox 585 617 840 684; x_wconf 79' lang='lat' dir='ltr'><strong>dixerim,</strong></span> <span class='ocrx_word' id='word_1_16' title='bbox 869 613 960 683; x_wconf 81' lang='lat' dir='ltr'><strong>qui</strong></span> <span class='ocrx_word' id='word_1_17' title='bbox 1000 625 1028 666; x_wconf 84' lang='lat' dir='ltr'><strong>a</strong></span> <span class='ocrx_word' id='word_1_18' title='bbox 1060 611 1206 667; x_wconf 82' lang='lat' dir='ltr'><strong>nulla</strong></span> <span class='ocrx_word' id='word_1_19' title='bbox 1255 609 1398 678; x_wconf 71' lang='lat' dir='ltr'><strong>turpi</strong></span> <span class='ocrx_word' id='word_1_20' title='bbox 1438 606 1793 678; x_wconf 89' lang='lat' dir='ltr'><strong>permistione</strong></span> <span class='ocrx_word' id='word_1_21' title='bbox 1828 611 2017 660; x_wconf 87' lang='lat' dir='ltr'><strong>conta-</strong></span> 
     </span>
    </p>
   </div>
   <div class='ocr_carea' id='block_1_4' title="bbox 372 696 2018 778">
    <p class='ocr_par' dir='ltr' id='par_1_4' title="bbox 372 696 2018 778">
     <span class='ocr_line' id='line_1_5' title="bbox 372 696 2018 778; baseline -0.009 -15"><span class='ocrx_word' id='word_1_22' title='bbox 372 775 374 778; x_wconf 92' lang='lat'><strong><em>_</em></strong></span> <span class='ocrx_word' id='word_1_23' title='bbox 443 711 696 772; x_wconf 71' lang='grc' dir='ltr'>ιιιιιιοιυιι,</span> <span class='ocrx_word' id='word_1_24' title='bbox 731 719 915 760; x_wconf 85' lang='lat' dir='ltr'><strong>verum</strong></span> <span class='ocrx_word' id='word_1_25' title='bbox 941 702 1195 758; x_wconf 88' lang='lat' dir='ltr'><strong>castitate</strong></span> <span class='ocrx_word' id='word_1_26' title='bbox 1227 708 1392 769; x_wconf 84' lang='lat' dir='ltr'><strong>atque</strong></span> <span class='ocrx_word' id='word_1_27' title='bbox 1417 697 1542 753; x_wconf 87' lang='lat' dir='ltr'><strong>aliis</strong></span> <span class='ocrx_word' id='word_1_28' title='bbox 1574 696 1833 751; x_wconf 89' lang='lat' dir='ltr'><strong>virtutum</strong></span> <span class='ocrx_word' id='word_1_29' title='bbox 1855 706 2018 764; x_wconf 75' lang='lat' dir='ltr'><strong>gene-</strong></span> 
     </span>
    </p>
   </div>
   <div class='ocr_carea' id='block_1_5' title="bbox 445 797 861 856">
    <p class='ocr_par' dir='ltr' id='par_1_5' title="bbox 445 797 861 856">
     <span class='ocr_line' id='line_1_6' title="bbox 445 797 861 856; baseline -0.014 -2"><span class='ocrx_word' id='word_1_30' title='bbox 445 802 590 856; x_wconf 79' lang='lat' dir='ltr'><strong>ribus</strong></span> <span class='ocrx_word' id='word_1_31' title='bbox 609 797 861 856; x_wconf 72' lang='lat' dir='ltr'><strong>exsultat.</strong></span> 
     </span>
    </p>
   </div>
   <div class='ocr_carea' id='block_1_6' title="bbox 635 895 1855 968">
    <p class='ocr_par' dir='ltr' id='par_1_6' title="bbox 635 895 1855 968">
     <span class='ocr_line' id='line_1_7' title="bbox 635 895 1855 968; baseline -0.013 0"><span class='ocrx_word' id='word_1_32' title='bbox 635 909 864 968; x_wconf 79' lang='lat' dir='ltr'><strong>CCCXC</strong></span> <span class='ocrx_word' id='word_1_33' title='bbox 869 907 951 966; x_wconf 75' lang='lat' dir='ltr'><strong>Vl.</strong></span> <span class='ocrx_word' id='word_1_34' title='bbox 967 937 1036 950; x_wconf 88' lang='lat'><strong>—-</strong></span> <span class='ocrx_word' id='word_1_35' title='bbox 1051 900 1353 965; x_wconf 71' lang='lat' dir='ltr'><strong>AUSONIO</strong></span> <span class='ocrx_word' id='word_1_36' title='bbox 1391 895 1855 958; x_wconf 74' lang='lat' dir='ltr'><strong>CORRECTORI.</strong></span> 
     </span>
    </p>
   </div>
   <div class='ocr_carea' id='block_1_7' title="bbox 513 1009 2020 1087">
    <p class='ocr_par' dir='ltr' id='par_1_7' title="bbox 513 1009 2020 1087">
     <span class='ocr_line' id='line_1_8' title="bbox 513 1009 2020 1087; baseline -0.011 -8"><span class='ocrx_word' id='word_1_37' title='bbox 513 1023 834 1085; x_wconf 80' lang='lat' dir='ltr'><strong>Prudentia,</strong></span> <span class='ocrx_word' id='word_1_38' title='bbox 883 1034 1034 1080; x_wconf 91' lang='lat' dir='ltr'><strong>cum_</strong></span> <span class='ocrx_word' id='word_1_39' title='bbox 1069 1016 1426 1087; x_wconf 78' lang='lat' dir='ltr'><strong>pecuniarum</strong></span> <span class='ocrx_word' id='word_1_40' title='bbox 1495 1025 1732 1068; x_wconf 81' lang='lat' dir='ltr'><strong>amorem</strong></span> <span class='ocrx_word' id='word_1_41' title='bbox 1793 1009 2020 1080; x_wconf 76' lang='lat' dir='ltr'><strong>expulit,</strong></span> 
     </span>
    </p>
   </div>
   <div class='ocr_carea' id='block_1_8' title="bbox 429 1102 2021 1175">
    <p class='ocr_par' dir='ltr' id='par_1_8' title="bbox 429 1102 2021 1175">
     <span class='ocr_line' id='line_1_9' title="bbox 429 1102 2021 1175; baseline -0.011 -2"><span class='ocrx_word' id='word_1_42' title='bbox 429 1116 746 1173; x_wconf 38' lang='lat' dir='ltr'><strong>icertissitua</strong></span> <span class='ocrx_word' id='word_1_43' title='bbox 789 1120 845 1168; x_wconf 90' lang='lat' dir='ltr'><strong>et</strong></span> <span class='ocrx_word' id='word_1_44' title='bbox 905 1110 1188 1166; x_wconf 87' lang='lat' dir='ltr'><strong>verissima</strong></span> <span class='ocrx_word' id='word_1_45' title='bbox 1242 1123 1330 1164; x_wconf 88' lang='lat' dir='ltr'><strong>res</strong></span> <span class='ocrx_word' id='word_1_46' title='bbox 1372 1114 1477 1171; x_wconf 87' lang='lat' dir='ltr'><strong>est,</strong></span> <span class='ocrx_word' id='word_1_47' title='bbox 1507 1106 1573 1160; x_wconf 90' lang='lat' dir='ltr'><strong>ad</strong></span> <span class='ocrx_word' id='word_1_48' title='bbox 1611 1119 1772 1175; x_wconf 89' lang='lat' dir='ltr'><strong>quam</strong></span> <span class='ocrx_word' id='word_1_49' title='bbox 1812 1102 2021 1173; x_wconf 74' lang='lat' dir='ltr'><strong>iustitia</strong></span> 
     </span>
    </p>
   </div>
   <div class='ocr_carea' id='block_1_9' title="bbox 443 1194 2021 1280">
    <p class='ocr_par' dir='ltr' id='par_1_9' title="bbox 443 1194 2021 1280">
     <span class='ocr_line' id='line_1_10' title="bbox 443 1194 2021 1280; baseline -0.01 -16"><span class='ocrx_word' id='word_1_50' title='bbox 443 1208 767 1280; x_wconf 72' lang='lat' dir='ltr'><strong>exploretur.</strong></span> <span class='ocrx_word' id='word_1_51' title='bbox 811 1204 880 1260; x_wconf 83' lang='lat' dir='ltr'><strong>At</strong></span> <span class='ocrx_word' id='word_1_52' title='bbox 908 1203 952 1260; x_wconf 91' lang='lat' dir='ltr'><strong>si</strong></span> <span class='ocrx_word' id='word_1_53' title='bbox 996 1204 1142 1259; x_wconf 84' lang='lat' dir='ltr'><strong>hunc</strong></span> <span class='ocrx_word' id='word_1_54' title='bbox 1200 1200 1506 1267; x_wconf 84' lang='lat' dir='ltr'><strong>admiserit,</strong></span> <span class='ocrx_word' id='word_1_55' title='bbox 1540 1200 1628 1270; x_wconf 86' lang='lat' dir='ltr'><strong>jus</strong></span> <span class='ocrx_word' id='word_1_56' title='bbox 1659 1195 1888 1268; x_wconf 68' lang='lat' dir='ltr'><strong>quaestui</strong></span> <span class='ocrx_word' id='word_1_57' title='bbox 1922 1194 2021 1250; x_wconf 90' lang='lat' dir='ltr'><strong>ha-</strong></span> 
     </span>
    </p>
   </div>
   <div class='ocr_carea' id='block_1_10' title="bbox 445 1284 1946 1356">
    <p class='ocr_par' dir='ltr' id='par_1_10' title="bbox 445 1284 1946 1356">
     <span class='ocr_line' id='line_1_11' title="bbox 445 1284 1946 1356; baseline -0.013 0"><span class='ocrx_word' id='word_1_58' title='bbox 445 1302 573 1356; x_wconf 86' lang='lat' dir='ltr'><strong>bere</strong></span> <span class='ocrx_word' id='word_1_59' title='bbox 597 1313 663 1353; x_wconf 90' lang='lat' dir='ltr'><strong>ac</strong></span> <span class='ocrx_word' id='word_1_60' title='bbox 688 1293 1012 1354; x_wconf 86' lang='lat' dir='ltr'><strong>sententiam</strong></span> <span class='ocrx_word' id='word_1_61' title='bbox 1054 1289 1364 1348; x_wconf 71' lang='lat' dir='ltr'><strong>adulterare</strong></span> <span class='ocrx_word' id='word_1_62' title='bbox 1402 1289 1627 1344; x_wconf 89' lang='lat' dir='ltr'><strong>minimc</strong></span> <span class='ocrx_word' id='word_1_63' title='bbox 1655 1284 1946 1342; x_wconf 74' lang='lat' dir='ltr'><strong>recusabit.</strong></span> 
     </span>
    </p>
   </div>
   <div class='ocr_carea' id='block_1_11' title="bbox 600 1419 1865 1489">
    <p class='ocr_par' dir='ltr' id='par_1_11' title="bbox 600 1419 1865 1489">
     <span class='ocr_line' id='line_1_12' title="bbox 600 1419 1865 1489; baseline -0.013 0"><span class='ocrx_word' id='word_1_64' title='bbox 600 1430 937 1489; x_wconf 76' lang='lat' dir='ltr'><strong>CCCXCVII.</strong></span> <span class='ocrx_word' id='word_1_65' title='bbox 963 1425 1437 1484; x_wconf 74' lang='grc' dir='ltr'><strong>-ἸἨΕΟΒΟΞΙΟ</strong></span> <span class='ocrx_word' id='word_1_66' title='bbox 1509 1419 1865 1480; x_wconf 84' lang='lat' dir='ltr'><strong>EPISCOPO.</strong></span> 
     </span>
    </p>
   </div>
   <div class='ocr_carea' id='block_1_12' title="bbox 517 1532 2022 1614">
    <p class='ocr_par' dir='ltr' id='par_1_12' title="bbox 517 1532 2022 1614">
     <span class='ocr_line' id='line_1_13' title="bbox 517 1532 2022 1614; baseline -0.011 -10"><span class='ocrx_word' id='word_1_67' title='bbox 517 1547 644 1604; x_wconf 84' lang='lat' dir='ltr'><strong>Scio</strong></span> <span class='ocrx_word' id='word_1_68' title='bbox 676 1560 762 1600; x_wconf 88' lang='lat' dir='ltr'><strong>me</strong></span> <span class='ocrx_word' id='word_1_69' title='bbox 803 1557 1045 1614; x_wconf 71' lang='lat' dir='ltr'><strong>persaepe</strong></span> <span class='ocrx_word' id='word_1_70' title='bbox 1107 1540 1238 1599; x_wconf 89' lang='lat' dir='ltr'><strong>mihi</strong></span> <span class='ocrx_word' id='word_1_71' title='bbox 1282 1540 1382 1611; x_wconf 89' lang='lat' dir='ltr'><strong>ipsi</strong></span> <span class='ocrx_word' id='word_1_72' title='bbox 1419 1534 1722 1609; x_wconf 84' lang='lat' dir='ltr'><strong>bujusmodi</strong></span> <span class='ocrx_word' id='word_1_73' title='bbox 1749 1532 2022 1605; x_wconf 85' lang='lat' dir='ltr'><strong>quoddam</strong></span> 
     </span>
    </p>
   </div>
   <div class='ocr_carea' id='block_1_13' title="bbox 446 1627 2028 1706">
    <p class='ocr_par' dir='ltr' id='par_1_13' title="bbox 446 1627 2028 1706">
     <span class='ocr_line' id='line_1_14' title="bbox 446 1627 2028 1706; baseline -0.012 -10"><span class='ocrx_word' id='word_1_74' title='bbox 446 1637 729 1696; x_wconf 84' lang='lat' dir='ltr'><strong>consilium</strong></span> <span class='ocrx_word' id='word_1_75' title='bbox 753 1632 1050 1706; x_wconf 67' lang='lat' dir='ltr'><strong>praebuisse</strong></span> <span class='ocrx_word' id='word_1_76' title='bbox 1083 1648 1098 1686; x_wconf 84' lang='lat'><strong>:</strong></span> <span class='ocrx_word' id='word_1_77' title='bbox 1125 1629 1176 1687; x_wconf 87' lang='lat'><strong>0</strong></span> <span class='ocrx_word' id='word_1_78' title='bbox 1211 1629 1435 1696; x_wconf 82' lang='lat' dir='ltr'><strong>lsidore,</strong></span> <span class='ocrx_word' id='word_1_79' title='bbox 1468 1627 1726 1699; x_wconf 86' lang='lat' dir='ltr'><strong>quoniam</strong></span> <span class='ocrx_word' id='word_1_80' title='bbox 1773 1638 1864 1680; x_wconf 87' lang='lat' dir='ltr'><strong>res</strong></span> <span class='ocrx_word' id='word_1_81' title='bbox 1912 1637 2028 1678; x_wconf 87' lang='lat' dir='ltr'><strong>ma-</strong></span> 
     </span>
    </p>
   </div>
   <div class='ocr_carea' id='block_1_14' title="bbox 1639 279 2513 350">
    <p class='ocr_par' dir='ltr' id='par_1_14' title="bbox 1639 279 2513 350">
     <span class='ocr_line' id='line_1_15' title="bbox 1639 279 2513 350; baseline -0.009 0"><span class='ocrx_word' id='word_1_82' title='bbox 1639 288 1697 350; x_wconf 89' lang='lat' dir='ltr'><strong>S.</strong></span> <span class='ocrx_word' id='word_1_83' title='bbox 1744 287 2030 348; x_wconf 74' lang='lat' dir='ltr'><strong>[SIDORI</strong></span> <span class='ocrx_word' id='word_1_84' title='bbox 2075 279 2513 345; x_wconf 61' lang='lat' dir='ltr'><strong>I‘ELUSIU&#39;LE</strong></span> 
     </span>
    </p>
   </div>
   <div class='ocr_carea' id='block_1_15' title="bbox 3563 271 3712 340">
    <p class='ocr_par' dir='ltr' id='par_1_15' title="bbox 3563 271 3712 340">
     <span class='ocr_line' id='line_1_16' title="bbox 3563 271 3712 340; baseline -0.007 0"><span class='ocrx_word' id='word_1_85' title='bbox 3563 271 3712 340; x_wconf 66' lang='grc' dir='ltr'>ωσι</span> 
     </span>
    </p>
   </div>
   <div class='ocr_carea' id='block_1_16' title="bbox 2399 388 3432 462">
    <p class='ocr_par' dir='ltr' id='par_1_16' title="bbox 2399 388 3432 462">
     <span class='ocr_line' id='line_1_17' title="bbox 2399 388 3432 462; baseline -0.007 -18"><span class='ocrx_word' id='word_1_86' title='bbox 2399 392 2561 460; x_wconf 56' lang='grc' dir='ltr'>Τιιεπ</span> <span class='ocrx_word' id='word_1_87' title='bbox 2604 419 2672 431; x_wconf 61' lang='grc' dir='ltr'><strong>-α</strong></span> <span class='ocrx_word' id='word_1_88' title='bbox 2711 390 2939 462; x_wconf 64' lang='lat' dir='ltr'><strong>narrt;</strong></span> <span class='ocrx_word' id='word_1_89' title='bbox 2979 388 3432 460; x_wconf 69' lang='lat' dir='ltr'><strong>:xozmzrtxu.</strong></span> 
     </span>
    </p>
   </div>
   <div class='ocr_carea' id='block_1_17' title="bbox 2191 493 3701 575">
    <p class='ocr_par' dir='ltr' id='par_1_17' title="bbox 2191 493 3701 575">
     <span class='ocr_line' id='line_1_18' title="bbox 2191 493 3701 575; baseline -0.006 -18"><span class='ocrx_word' id='word_1_90' title='bbox 2191 503 2510 575; x_wconf 80' lang='grc' dir='ltr'>Πανήγυριν</span> <span class='ocrx_word' id='word_1_91' title='bbox 2542 501 2718 571; x_wconf 74' lang='grc' dir='ltr'>ἔγωγε</span> <span class='ocrx_word' id='word_1_92' title='bbox 2741 501 2947 572; x_wconf 83' lang='grc' dir='ltr'>κυρίως</span> <span class='ocrx_word' id='word_1_93' title='bbox 2972 493 3114 552; x_wconf 82' lang='grc' dir='ltr'>εἶναί</span> <span class='ocrx_word' id='word_1_94' title='bbox 3139 516 3306 569; x_wconf 80' lang='grc' dir='ltr'>φημι,</span> <span class='ocrx_word' id='word_1_95' title='bbox 3329 496 3428 568; x_wconf 73' lang='grc' dir='ltr'>τὴν</span> <span class='ocrx_word' id='word_1_96' title='bbox 3460 494 3568 550; x_wconf 80' lang='grc' dir='ltr'>ὑπὸ</span> <span class='ocrx_word' id='word_1_97' title='bbox 3597 512 3701 567; x_wconf 80' lang='grc' dir='ltr'>μη-</span> 
     </span>
    </p>
   </div>
   <div class='ocr_carea' id='block_1_18' title="bbox 2119 589 3701 669">
    <p class='ocr_par' dir='ltr' id='par_1_18' title="bbox 2119 589 3701 669">
     <span class='ocr_line' id='line_1_19' title="bbox 2119 589 3701 669; baseline -0.004 -18"><span class='ocrx_word' id='word_1_98' title='bbox 2119 599 2309 669; x_wconf 77' lang='grc' dir='ltr'>δεμιᾶς</span> <span class='ocrx_word' id='word_1_99' title='bbox 2362 599 2600 668; x_wconf 80' lang='grc' dir='ltr'>αἰσχρᾶς</span> <span class='ocrx_word' id='word_1_100' title='bbox 2657 593 2941 667; x_wconf 66' lang='grc' dir='ltr'>ἐπιμιξίας</span> <span class='ocrx_word' id='word_1_101' title='bbox 2996 593 3386 665; x_wconf 70' lang='grc' dir='ltr'>χραινομένην,</span> <span class='ocrx_word' id='word_1_102' title='bbox 3442 589 3581 646; x_wconf 83' lang='grc' dir='ltr'><strong>ἀλλά</strong></span> <span class='ocrx_word' id='word_1_103' title='bbox 3634 593 3701 662; x_wconf 72' lang='grc' dir='ltr'>τῇ</span> 
     </span>
    </p>
   </div>
   <div class='ocr_carea' id='block_1_19' title="bbox 2122 686 3312 764">
    <p class='ocr_par' dir='ltr' id='par_1_19' title="bbox 2122 686 3312 764">
     <span class='ocr_line' id='line_1_20' title="bbox 2122 686 3312 764; baseline -0.008 -17"><span class='ocrx_word' id='word_1_104' title='bbox 2122 691 2314 764; x_wconf 81' lang='grc' dir='ltr'><strong>ἁγνείᾳ</strong></span> <span class='ocrx_word' id='word_1_105' title='bbox 2346 691 2440 745; x_wconf 71' lang='grc' dir='ltr'><strong>καὶ</strong></span> <span class='ocrx_word' id='word_1_106' title='bbox 2459 693 2580 755; x_wconf 86' lang='grc' dir='ltr'>ταῖς</span> <span class='ocrx_word' id='word_1_107' title='bbox 2601 691 2822 760; x_wconf 82' lang='grc' dir='ltr'><strong>ἀρεταῖς</strong></span> <span class='ocrx_word' id='word_1_108' title='bbox 2851 686 3312 761; x_wconf 70' lang='grc' dir='ltr'>ιναὸρυνομένην.</span> 
     </span>
    </p>
   </div>
   <div class='ocr_carea' id='block_1_20' title="bbox 2345 895 3494 970">
    <p class='ocr_par' dir='ltr' id='par_1_20' title="bbox 2345 895 3494 970">
     <span class='ocr_line' id='line_1_21' title="bbox 2345 895 3494 970; baseline -0.005 -16"><span class='ocrx_word' id='word_1_109' title='bbox 2345 902 2524 968; x_wconf 50' lang='grc' dir='ltr'>Τυςν.</span> <span class='ocrx_word' id='word_1_110' title='bbox 2567 930 2637 940; x_wconf 87' lang='lat'><strong>-—</strong></span> <span class='ocrx_word' id='word_1_111' title='bbox 2677 899 2975 970; x_wconf 76' lang='grc' dir='ltr'><strong>ΑΥΣΟΝΙῼ</strong></span> <span class='ocrx_word' id='word_1_112' title='bbox 3014 895 3494 952; x_wconf 82' lang='grc' dir='ltr'><strong>ΚΟΡΡΗΚΤΩΡΙ.</strong></span> 
     </span>
    </p>
   </div>
   <div class='ocr_carea' id='block_1_21' title="bbox 2207 1004 3709 1082">
    <p class='ocr_par' dir='ltr' id='par_1_21' title="bbox 2207 1004 3709 1082">
     <span class='ocr_line' id='line_1_22' title="bbox 2207 1004 3709 1082; baseline -0.007 -14"><span class='ocrx_word' id='word_1_113' title='bbox 2207 1015 2271 1068; x_wconf 83' lang='grc' dir='ltr'><em>Ἦ</em></span> <span class='ocrx_word' id='word_1_114' title='bbox 2303 1014 2537 1079; x_wconf 81' lang='grc' dir='ltr'>σύνεσις,</span> <span class='ocrx_word' id='word_1_115' title='bbox 2574 1014 2703 1068; x_wconf 79' lang='grc' dir='ltr'>ὅταν</span> <span class='ocrx_word' id='word_1_116' title='bbox 2737 1013 2827 1066; x_wconf 84' lang='grc' dir='ltr'><strong>τὸν</strong></span> <span class='ocrx_word' id='word_1_117' title='bbox 2863 1011 2972 1066; x_wconf 84' lang='grc' dir='ltr'><strong>τῶν</strong></span> <span class='ocrx_word' id='word_1_118' title='bbox 3003 1008 3304 1082; x_wconf 77' lang='grc' dir='ltr'>χρημάτων</span> <span class='ocrx_word' id='word_1_119' title='bbox 3340 1004 3709 1078; x_wconf 73' lang='grc' dir='ltr'>ὲξοστρακίσῃ</span> 
     </span>
    </p>
   </div>
   <div class='ocr_carea' id='block_1_22' title="bbox 2130 1095 3713 1177">
    <p class='ocr_par' dir='ltr' id='par_1_22' title="bbox 2130 1095 3713 1177">
     <span class='ocr_line' id='line_1_23' title="bbox 2130 1095 3713 1177; baseline -0.008 -16"><span class='ocrx_word' id='word_1_120' title='bbox 2130 1108 2328 1177; x_wconf 75' lang='grc' dir='ltr'>ἔρωτα,</span> <span class='ocrx_word' id='word_1_121' title='bbox 2362 1103 2787 1175; x_wconf 85' lang='grc' dir='ltr'>βασανιστήριόν</span> <span class='ocrx_word' id='word_1_122' title='bbox 2828 1104 2948 1156; x_wconf 72' lang='grc' dir='ltr'>ἐστι</span> <span class='ocrx_word' id='word_1_123' title='bbox 2979 1099 3328 1170; x_wconf 80' lang='grc' dir='ltr'><strong>δικαιοσύνης</strong></span> <span class='ocrx_word' id='word_1_124' title='bbox 3366 1095 3713 1168; x_wconf 81' lang='grc' dir='ltr'>ἀψευδέστα-</span> 
     </span>
    </p>
   </div>
   <div class='ocr_carea' id='block_1_23' title="bbox 2125 1186 3709 1265">
    <p class='ocr_par' dir='ltr' id='par_1_23' title="bbox 2125 1186 3709 1265">
     <span class='ocr_line' id='line_1_24' title="bbox 2125 1186 3709 1265; baseline -0.008 -13"><span class='ocrx_word' id='word_1_125' title='bbox 2125 1215 2237 1252; x_wconf 87' lang='grc' dir='ltr'>τον.</span> <span class='ocrx_word' id='word_1_126' title='bbox 2267 1197 2332 1253; x_wconf 84' lang='grc' dir='ltr'><strong>Εί</strong></span> <span class='ocrx_word' id='word_1_127' title='bbox 2364 1196 2421 1250; x_wconf 76' lang='grc' dir='ltr'>δὲ</span> <span class='ocrx_word' id='word_1_128' title='bbox 2459 1194 2650 1248; x_wconf 80' lang='grc' dir='ltr'>τοῦτον</span> <span class='ocrx_word' id='word_1_129' title='bbox 2676 1194 2976 1265; x_wconf 88' lang='grc' dir='ltr'>προσίοιτο,</span> <span class='ocrx_word' id='word_1_130' title='bbox 3002 1189 3347 1261; x_wconf 80' lang='grc' dir='ltr'>καπηλεῦσαι</span> <span class='ocrx_word' id='word_1_131' title='bbox 3388 1188 3450 1242; x_wconf 81' lang='grc' dir='ltr'><strong>τὸ</strong></span> <span class='ocrx_word' id='word_1_132' title='bbox 3477 1186 3709 1252; x_wconf 87' lang='grc' dir='ltr'>δίκαιον,</span> 
     </span>
    </p>
   </div>
   <div class='ocr_carea' id='block_1_24' title="bbox 2129 1284 3362 1358">
    <p class='ocr_par' dir='ltr' id='par_1_24' title="bbox 2129 1284 3362 1358">
     <span class='ocr_line' id='line_1_25' title="bbox 2129 1284 3362 1358; baseline -0.006 -18"><span class='ocrx_word' id='word_1_133' title='bbox 2129 1289 2220 1342; x_wconf 73' lang='grc' dir='ltr'>καὶ</span> <span class='ocrx_word' id='word_1_134' title='bbox 2247 1286 2497 1342; x_wconf 79' lang='grc' dir='ltr'>νοθεύσαι</span> <span class='ocrx_word' id='word_1_135' title='bbox 2523 1287 2621 1358; x_wconf 79' lang='grc' dir='ltr'>τὴν</span> <span class='ocrx_word' id='word_1_136' title='bbox 2650 1285 2831 1356; x_wconf 75' lang='grc' dir='ltr'>ψῆφον</span> <span class='ocrx_word' id='word_1_137' title='bbox 2851 1285 2913 1339; x_wconf 88' lang='grc' dir='ltr'><strong>ού</strong></span> <span class='ocrx_word' id='word_1_138' title='bbox 2944 1284 3362 1357; x_wconf 78' lang='grc' dir='ltr'>παραιτήσοιτο.</span> 
     </span>
    </p>
   </div>
   <div class='ocr_carea' id='block_1_25' title="bbox 2397 1414 3445 1488">
    <p class='ocr_par' dir='ltr' id='par_1_25' title="bbox 2397 1414 3445 1488">
     <span class='ocr_line' id='line_1_26' title="bbox 2397 1414 3445 1488; baseline -0.008 -13"><span class='ocrx_word' id='word_1_139' title='bbox 2397 1421 2557 1487; x_wconf 56' lang='lat' dir='ltr'><strong>TkZ&#39;.</strong></span> <span class='ocrx_word' id='word_1_140' title='bbox 2599 1448 2667 1458; x_wconf 92' lang='lat'><strong>—</strong></span> <span class='ocrx_word' id='word_1_141' title='bbox 2705 1417 3040 1488; x_wconf 72' lang='grc' dir='ltr'>ΘΕοΑοΣιςι</span> <span class='ocrx_word' id='word_1_142' title='bbox 3074 1414 3445 1486; x_wconf 77' lang='grc' dir='ltr'><strong>ΕΠΙΣΚΟΠῼ.</strong></span> 
     </span>
    </p>
   </div>
   <div class='ocr_carea' id='block_1_26' title="bbox 2201 1525 3712 1602">
    <p class='ocr_par' dir='ltr' id='par_1_26' title="bbox 2201 1525 3712 1602">
     <span class='ocr_line' id='line_1_27' title="bbox 2201 1525 3712 1602; baseline -0.006 -15"><span class='ocrx_word' id='word_1_143' title='bbox 2201 1528 2336 1587; x_wconf 67' lang='grc' dir='ltr'>Οἶδα</span> <span class='ocrx_word' id='word_1_144' title='bbox 2374 1531 2638 1595; x_wconf 78' lang='grc' dir='ltr'><strong>πολλάκις</strong></span> <span class='ocrx_word' id='word_1_145' title='bbox 2669 1528 2894 1602; x_wconf 80' lang='grc' dir='ltr'>ὲμαυτῷ</span> <span class='ocrx_word' id='word_1_146' title='bbox 2925 1525 3268 1600; x_wconf 77' lang='grc' dir='ltr'><strong>παραινέσας</strong></span> <span class='ocrx_word' id='word_1_147' title='bbox 3288 1525 3515 1581; x_wconf 87' lang='grc' dir='ltr'>τοιαῦτά</span> <span class='ocrx_word' id='word_1_148' title='bbox 3551 1543 3675 1579; x_wconf 90' lang='grc' dir='ltr'>τινα</span> <span class='ocrx_word' id='word_1_149' title='bbox 3700 1540 3712 1554; x_wconf 86' lang='grc'><strong>·</strong></span> 
     </span>
    </p>
   </div>
   <div class='ocr_carea' id='block_1_27' title="bbox 2133 1615 3718 1693">
    <p class='ocr_par' dir='ltr' id='par_1_27' title="bbox 2133 1615 3718 1693">
     <span class='ocr_line' id='line_1_28' title="bbox 2133 1615 3718 1693; baseline -0.002 -18"><span class='ocrx_word' id='word_1_150' title='bbox 2133 1615 2205 1675; x_wconf 81' lang='grc' dir='ltr'><strong><em>Ὦ</em></strong></span> <span class='ocrx_word' id='word_1_151' title='bbox 2243 1620 2502 1693; x_wconf 80' lang='grc' dir='ltr'>Ἰσίδωρε,</span> <span class='ocrx_word' id='word_1_152' title='bbox 2532 1621 2719 1690; x_wconf 81' lang='grc' dir='ltr'>ἐπειδὴ</span> <span class='ocrx_word' id='word_1_153' title='bbox 2748 1619 2817 1673; x_wconf 86' lang='grc' dir='ltr'><strong>τά</strong></span> <span class='ocrx_word' id='word_1_154' title='bbox 2861 1618 3072 1690; x_wconf 79' lang='grc' dir='ltr'>μεγάλα</span> <span class='ocrx_word' id='word_1_155' title='bbox 3115 1620 3421 1689; x_wconf 78' lang='grc' dir='ltr'>πράγματα</span> <span class='ocrx_word' id='word_1_156' title='bbox 3456 1617 3718 1688; x_wconf 81' lang='grc' dir='ltr'>μεγάλοις</span> 
     </span>
    </p>
   </div>
   <div class='ocr_carea' id='block_1_28' title="bbox 446 1705 2033 1814">
    <p class='ocr_par' dir='ltr' id='par_1_28' title="bbox 446 1705 2025 1802">
     <span class='ocr_line' id='line_1_29' title="bbox 446 1705 2025 1802; baseline -0.011 -16"><span class='ocrx_word' id='word_1_157' title='bbox 446 1745 563 1802; x_wconf 64' lang='lat' dir='ltr'><strong>gnte</strong></span> <span class='ocrx_word' id='word_1_158' title='bbox 591 1705 802 1798; x_wconf 75' lang='lat' dir='ltr'><strong>magnis</strong></span> <span class='ocrx_word' id='word_1_159' title='bbox 832 1724 1084 1796; x_wconf 90' lang='lat' dir='ltr'><strong>periculis</strong></span> <span class='ocrx_word' id='word_1_160' title='bbox 1137 1721 1332 1780; x_wconf 87' lang='lat' dir='ltr'><strong>coulici</strong></span> <span class='ocrx_word' id='word_1_161' title='bbox 1377 1720 1577 1788; x_wconf 86' lang='lat' dir='ltr'><strong>solent,</strong></span> <span class='ocrx_word' id='word_1_162' title='bbox 1600 1733 1688 1785; x_wconf 88' lang='lat' dir='ltr'><strong>ea,</strong></span> <span class='ocrx_word' id='word_1_163' title='bbox 1708 1731 1816 1788; x_wconf 90' lang='lat' dir='ltr'><strong>qua</strong></span> <span class='ocrx_word' id='word_1_164' title='bbox 1846 1715 2025 1784; x_wconf 89' lang='lat' dir='ltr'><strong>decet,</strong></span> 
     </span>
    </p>
   </div>
   <div class='ocr_carea' id='block_1_29' title="bbox 2149 1705 3722 1814">
    <p class='ocr_par' dir='ltr' id='par_1_29' title="bbox 2149 1705 3722 1782">
     <span class='ocr_line' id='line_1_30' title="bbox 2149 1705 3722 1782; baseline -0.005 -15"><span class='ocrx_word' id='word_1_165' title='bbox 2149 1711 2399 1776; x_wconf 87' lang='grc' dir='ltr'>ιινδύνοις</span> <span class='ocrx_word' id='word_1_166' title='bbox 2453 1712 2599 1782; x_wconf 82' lang='grc' dir='ltr'>φιλεῖ</span> <span class='ocrx_word' id='word_1_167' title='bbox 2639 1709 3060 1782; x_wconf 75' lang='grc' dir='ltr'><strong>κατορθοῦσθαι,</strong></span> <span class='ocrx_word' id='word_1_168' title='bbox 3094 1710 3294 1780; x_wconf 78' lang='grc' dir='ltr'>χρῆσαι</span> <span class='ocrx_word' id='word_1_169' title='bbox 3328 1711 3392 1778; x_wconf 77' lang='grc' dir='ltr'>τῇ</span> <span class='ocrx_word' id='word_1_170' title='bbox 3425 1705 3722 1779; x_wconf 79' lang='grc' dir='ltr'>πρεπούσῃ</span> 
     </span>
    </p>
   </div>
   <div class='ocr_carea' id='block_1_30' title="bbox 455 1810 2026 1893">
    <p class='ocr_par' dir='ltr' id='par_1_30' title="bbox 455 1810 2026 1893">
     <span class='ocr_line' id='line_1_31' title="bbox 455 1810 2026 1893; baseline -0.008 -17"><span class='ocrx_word' id='word_1_171' title='bbox 455 1821 704 1893; x_wconf 86' lang='lat' dir='ltr'><strong>loquendi</strong></span> <span class='ocrx_word' id='word_1_172' title='bbox 750 1820 1004 1874; x_wconf 89' lang='lat' dir='ltr'><strong>libertate</strong></span> <span class='ocrx_word' id='word_1_173' title='bbox 1056 1824 1233 1872; x_wconf 79' lang='lat' dir='ltr'><strong>utere.</strong></span> <span class='ocrx_word' id='word_1_174' title='bbox 1272 1812 1548 1870; x_wconf 85' lang='lat' dir='ltr'><strong>Fortassis</strong></span> <span class='ocrx_word' id='word_1_175' title='bbox 1590 1812 1921 1868; x_wconf 87' lang='lat' dir='ltr'><strong>erubescent</strong></span> <span class='ocrx_word' id='word_1_176' title='bbox 1965 1810 2026 1878; x_wconf 88' lang='lat' dir='ltr'><strong>ii,</strong></span> 
     </span>
    </p>
   </div>
   <div class='ocr_carea' id='block_1_31' title="bbox 455 1902 2028 1984">
    <p class='ocr_par' dir='ltr' id='par_1_31' title="bbox 455 1902 2028 1984">
     <span class='ocr_line' id='line_1_32' title="bbox 455 1902 2028 1984; baseline -0.004 -20"><span class='ocrx_word' id='word_1_177' title='bbox 455 1917 544 1984; x_wconf 76' lang='lat' dir='ltr'><strong>qui</strong></span> <span class='ocrx_word' id='word_1_178' title='bbox 583 1915 634 1968; x_wconf 92' lang='lat' dir='ltr'><strong>in</strong></span> <span class='ocrx_word' id='word_1_179' title='bbox 661 1911 897 1982; x_wconf 89' lang='lat' dir='ltr'><strong>peccatis</strong></span> <span class='ocrx_word' id='word_1_180' title='bbox 924 1912 1250 1967; x_wconf 84' lang='lat' dir='ltr'><strong>erubescere</strong></span> <span class='ocrx_word' id='word_1_181' title='bbox 1297 1906 1524 1962; x_wconf 90' lang='lat' dir='ltr'><strong>minime</strong></span> <span class='ocrx_word' id='word_1_182' title='bbox 1556 1910 1774 1960; x_wconf 93' lang='lat' dir='ltr'><strong>norunt.</strong></span> <span class='ocrx_word' id='word_1_183' title='bbox 1798 1902 1879 1958; x_wconf 88' lang='lat' dir='ltr'><strong>Ac</strong></span> <span class='ocrx_word' id='word_1_184' title='bbox 1905 1905 2028 1974; x_wconf 85' lang='lat' dir='ltr'><strong>qui-</strong></span> 
     </span>
    </p>
   </div>
   <div class='ocr_carea' id='block_1_32' title="bbox 452 1996 2030 2072">
    <p class='ocr_par' dir='ltr' id='par_1_32' title="bbox 452 1996 2030 2072">
     <span class='ocr_line' id='line_1_33' title="bbox 452 1996 2030 2072; baseline -0.004 -13"><span class='ocrx_word' id='word_1_185' title='bbox 452 2010 576 2062; x_wconf 90' lang='lat' dir='ltr'><strong>dem</strong></span> <span class='ocrx_word' id='word_1_186' title='bbox 649 2004 882 2058; x_wconf 76' lang='lat' dir='ltr'><strong>fortasse</strong></span> <span class='ocrx_word' id='word_1_187' title='bbox 938 2000 1144 2072; x_wconf 88' lang='lat' dir='ltr'><strong>aliquid</strong></span> <span class='ocrx_word' id='word_1_188' title='bbox 1200 1999 1426 2055; x_wconf 84' lang='lat' dir='ltr'><strong>eilicies.</strong></span> <span class='ocrx_word' id='word_1_189' title='bbox 1457 1996 1552 2053; x_wconf 91' lang='lat' dir='ltr'><strong>Sin</strong></span> <span class='ocrx_word' id='word_1_190' title='bbox 1603 2005 1785 2052; x_wconf 89' lang='lat' dir='ltr'><strong>autem</strong></span> <span class='ocrx_word' id='word_1_191' title='bbox 1824 1996 2030 2067; x_wconf 81' lang='lat' dir='ltr'><strong>aliquid</strong></span> 
     </span>
    </p>
   </div>
   <div class='ocr_carea' id='block_1_33' title="bbox 449 2088 2029 2166">
    <p class='ocr_par' dir='ltr' id='par_1_33' title="bbox 449 2088 2029 2166">
     <span class='ocr_line' id='line_1_34' title="bbox 449 2088 2029 2166; baseline -0.002 -18"><span class='ocrx_word' id='word_1_192' title='bbox 449 2099 612 2152; x_wconf 75' lang='lat' dir='ltr'><strong>etiam</strong></span> <span class='ocrx_word' id='word_1_193' title='bbox 650 2092 923 2166; x_wconf 79' lang='lat' dir='ltr'><strong>injucundi</strong></span> <span class='ocrx_word' id='word_1_194' title='bbox 951 2092 1198 2163; x_wconf 88' lang='lat' dir='ltr'><strong>patiaris,</strong></span> <span class='ocrx_word' id='word_1_195' title='bbox 1218 2106 1341 2147; x_wconf 90' lang='lat' dir='ltr'><strong>cum</strong></span> <span class='ocrx_word' id='word_1_196' title='bbox 1366 2088 1648 2161; x_wconf 85' lang='lat' dir='ltr'><strong>prophetis</strong></span> <span class='ocrx_word' id='word_1_197' title='bbox 1671 2097 1724 2144; x_wconf 89' lang='lat' dir='ltr'><strong>et</strong></span> <span class='ocrx_word' id='word_1_198' title='bbox 1749 2089 2029 2161; x_wconf 82' lang='lat' dir='ltr'><strong>apostolis,</strong></span> 
     </span>
    </p>
   </div>
   <div class='ocr_carea' id='block_1_34' title="bbox 453 2181 2031 2261">
    <p class='ocr_par' dir='ltr' id='par_1_34' title="bbox 453 2181 2031 2261">
     <span class='ocr_line' id='line_1_35' title="bbox 453 2181 2031 2261; baseline -0.002 -20"><span class='ocrx_word' id='word_1_199' title='bbox 453 2203 615 2261; x_wconf 71' lang='lat' dir='ltr'><strong>atque</strong></span> <span class='ocrx_word' id='word_1_200' title='bbox 646 2188 766 2244; x_wconf 88' lang='lat' dir='ltr'><strong>aliis</strong></span> <span class='ocrx_word' id='word_1_201' title='bbox 794 2188 999 2243; x_wconf 87' lang='lat' dir='ltr'><strong>sanctis</strong></span> <span class='ocrx_word' id='word_1_202' title='bbox 1043 2186 1180 2241; x_wconf 88' lang='lat' dir='ltr'><strong>viris</strong></span> <span class='ocrx_word' id='word_1_203' title='bbox 1235 2183 1482 2255; x_wconf 89' lang='lat' dir='ltr'><strong>patieris,</strong></span> <span class='ocrx_word' id='word_1_204' title='bbox 1509 2197 1632 2238; x_wconf 90' lang='lat' dir='ltr'><strong>cum</strong></span> <span class='ocrx_word' id='word_1_205' title='bbox 1682 2182 1880 2252; x_wconf 81' lang='lat' dir='ltr'><strong>quibus</strong></span> <span class='ocrx_word' id='word_1_206' title='bbox 1909 2181 2031 2249; x_wconf 90' lang='lat' dir='ltr'><strong>tibi,</strong></span> 
     </span>
    </p>
   </div>
   <div class='ocr_carea' id='block_1_35' title="bbox 452 2273 2030 2353">
    <p class='ocr_par' dir='ltr' id='par_1_35' title="bbox 452 2273 2030 2353">
     <span class='ocr_line' id='line_1_36' title="bbox 452 2273 2030 2353; baseline -0.004 -19"><span class='ocrx_word' id='word_1_207' title='bbox 452 2284 543 2353; x_wconf 76' lang='lat' dir='ltr'><strong>qui</strong></span> <span class='ocrx_word' id='word_1_208' title='bbox 573 2295 714 2337; x_wconf 90' lang='lat' dir='ltr'><strong>unus</strong></span> <span class='ocrx_word' id='word_1_209' title='bbox 741 2295 772 2334; x_wconf 89' lang='lat' dir='ltr'><strong>e</strong></span> <span class='ocrx_word' id='word_1_210' title='bbox 799 2279 959 2347; x_wconf 80' lang='lat' dir='ltr'><strong>vulgo</strong></span> <span class='ocrx_word' id='word_1_211' title='bbox 981 2293 1061 2343; x_wconf 90' lang='lat' dir='ltr'><strong>es,</strong></span> <span class='ocrx_word' id='word_1_212' title='bbox 1095 2277 1394 2346; x_wconf 90' lang='lat' dir='ltr'><strong>optandum</strong></span> <span class='ocrx_word' id='word_1_213' title='bbox 1443 2283 1546 2340; x_wconf 88' lang='lat' dir='ltr'><strong>est,</strong></span> <span class='ocrx_word' id='word_1_214' title='bbox 1575 2273 1790 2328; x_wconf 89' lang='lat' dir='ltr'><strong>etiamsi</strong></span> <span class='ocrx_word' id='word_1_215' title='bbox 1836 2289 1941 2329; x_wconf 90' lang='lat' dir='ltr'><strong>non</strong></span> <span class='ocrx_word' id='word_1_216' title='bbox 1978 2273 2030 2328; x_wconf 89' lang='lat' dir='ltr'><strong>in</strong></span> 
     </span>
    </p>
   </div>
   <div class='ocr_carea' id='block_1_36' title="bbox 455 2366 2030 2439">
    <p class='ocr_par' dir='ltr' id='par_1_36' title="bbox 455 2366 2030 2439">
     <span class='ocr_line' id='line_1_37' title="bbox 455 2366 2030 2439; baseline -0.002 -14"><span class='ocrx_word' id='word_1_217' title='bbox 455 2373 766 2434; x_wconf 79' lang='lat' dir='ltr'><strong>virtutibus,</strong></span> <span class='ocrx_word' id='word_1_218' title='bbox 819 2381 875 2425; x_wconf 89' lang='lat' dir='ltr'><strong>at</strong></span> <span class='ocrx_word' id='word_1_219' title='bbox 921 2381 1072 2426; x_wconf 88' lang='lat' dir='ltr'><strong>certe</strong></span> <span class='ocrx_word' id='word_1_220' title='bbox 1134 2369 1188 2424; x_wconf 92' lang='lat' dir='ltr'><strong>in</strong></span> <span class='ocrx_word' id='word_1_221' title='bbox 1255 2366 1694 2439; x_wconf 88' lang='lat' dir='ltr'><strong>perpessionibus</strong></span> <span class='ocrx_word' id='word_1_222' title='bbox 1736 2367 2030 2422; x_wconf 86' lang='lat' dir='ltr'><strong>numerari.</strong></span> 
     </span>
    </p>
   </div>
   <div class='ocr_carea' id='block_1_37' title="bbox 459 2457 2028 2529">
    <p class='ocr_par' dir='ltr' id='par_1_37' title="bbox 459 2457 2028 2529">
     <span class='ocr_line' id='line_1_38' title="bbox 459 2457 2028 2529; baseline -0.004 -10"><span class='ocrx_word' id='word_1_223' title='bbox 459 2466 652 2521; x_wconf 81' lang='lat' dir='ltr'><strong>Verum</strong></span> <span class='ocrx_word' id='word_1_224' title='bbox 679 2462 743 2517; x_wconf 90' lang='lat' dir='ltr'><strong>ad</strong></span> <span class='ocrx_word' id='word_1_225' title='bbox 775 2463 916 2518; x_wconf 87' lang='lat' dir='ltr'><strong>hunc</strong></span> <span class='ocrx_word' id='word_1_226' title='bbox 951 2461 1165 2516; x_wconf 83' lang='lat' dir='ltr'><strong>modum</strong></span> <span class='ocrx_word' id='word_1_227' title='bbox 1190 2469 1382 2517; x_wconf 85' lang='lat' dir='ltr'><strong>contra</strong></span> <span class='ocrx_word' id='word_1_228' title='bbox 1414 2458 1542 2514; x_wconf 92' lang='lat' dir='ltr'><strong>mihi</strong></span> <span class='ocrx_word' id='word_1_229' title='bbox 1581 2457 1695 2529; x_wconf 86' lang='lat' dir='ltr'><strong>ipse</strong></span> <span class='ocrx_word' id='word_1_230' title='bbox 1733 2458 1985 2529; x_wconf 85' lang='lat' dir='ltr'><strong>respondi</strong></span> <span class='ocrx_word' id='word_1_231' title='bbox 2015 2475 2028 2512; x_wconf 92' lang='lat'><strong>:</strong></span> 
     </span>
    </p>
   </div>
   <div class='ocr_carea' id='block_1_38' title="bbox 457 2549 2036 2625">
    <p class='ocr_par' dir='ltr' id='par_1_38' title="bbox 457 2549 2036 2625">
     <span class='ocr_line' id='line_1_39' title="bbox 457 2549 2036 2625; baseline -0.004 -15"><span class='ocrx_word' id='word_1_232' title='bbox 457 2557 588 2610; x_wconf 78' lang='lat' dir='ltr'><strong>Aliis</strong></span> <span class='ocrx_word' id='word_1_233' title='bbox 617 2553 836 2625; x_wconf 84' lang='lat' dir='ltr'><strong>quidem</strong></span> <span class='ocrx_word' id='word_1_234' title='bbox 877 2553 931 2607; x_wconf 93' lang='lat' dir='ltr'><strong>in</strong></span> <span class='ocrx_word' id='word_1_235' title='bbox 979 2552 1142 2608; x_wconf 81' lang='lat' dir='ltr'><strong>rebus</strong></span> <span class='ocrx_word' id='word_1_236' title='bbox 1195 2550 1460 2623; x_wconf 73' lang='lat' dir='ltr'><strong>praeclare</strong></span> <span class='ocrx_word' id='word_1_237' title='bbox 1522 2549 1781 2619; x_wconf 87' lang='lat' dir='ltr'><strong>loqueris,</strong></span> <span class='ocrx_word' id='word_1_238' title='bbox 1818 2565 1882 2605; x_wconf 90' lang='lat' dir='ltr'><strong>ac</strong></span> <span class='ocrx_word' id='word_1_239' title='bbox 1943 2550 2036 2604; x_wconf 90' lang='lat' dir='ltr'><strong>tibi</strong></span> 
     </span>
    </p>
   </div>
   <div class='ocr_carea' id='block_1_39' title="bbox 459 2641 2038 2716">
    <p class='ocr_par' dir='ltr' id='par_1_39' title="bbox 459 2641 2038 2716">
     <span class='ocr_line' id='line_1_40' title="bbox 459 2641 2038 2716; baseline -0.003 -14"><span class='ocrx_word' id='word_1_240' title='bbox 459 2662 660 2705; x_wconf 87' lang='lat' dir='ltr'><strong>morem</strong></span> <span class='ocrx_word' id='word_1_241' title='bbox 689 2658 877 2716; x_wconf 72' lang='lat' dir='ltr'><strong>gerere</strong></span> <span class='ocrx_word' id='word_1_242' title='bbox 911 2654 1131 2713; x_wconf 83' lang='lat' dir='ltr'><strong>paratus</strong></span> <span class='ocrx_word' id='word_1_243' title='bbox 1152 2658 1293 2699; x_wconf 86' lang='lat' dir='ltr'><strong>sum.</strong></span> <span class='ocrx_word' id='word_1_244' title='bbox 1313 2642 1384 2697; x_wconf 78' lang='lat' dir='ltr'><strong>At</strong></span> <span class='ocrx_word' id='word_1_245' title='bbox 1407 2655 1643 2712; x_wconf 87' lang='lat' dir='ltr'><strong>quonam</strong></span> <span class='ocrx_word' id='word_1_246' title='bbox 1679 2651 1839 2710; x_wconf 88' lang='lat' dir='ltr'><strong>pacto</strong></span> <span class='ocrx_word' id='word_1_247' title='bbox 1869 2641 2038 2698; x_wconf 88' lang='lat' dir='ltr'><strong>libere</strong></span> 
     </span>
    </p>
   </div>
   <div class='ocr_carea' id='block_1_40' title="bbox 461 2732 2040 2810">
    <p class='ocr_par' dir='ltr' id='par_1_40' title="bbox 461 2732 2040 2810">
     <span class='ocr_line' id='line_1_41' title="bbox 461 2732 2040 2810; baseline -0.004 -18"><span class='ocrx_word' id='word_1_248' title='bbox 461 2736 775 2810; x_wconf 79' lang='lat' dir='ltr'><strong>loquemur?</strong></span> <span class='ocrx_word' id='word_1_249' title='bbox 800 2734 963 2791; x_wconf 86' lang='lat' dir='ltr'><strong>Sicne</strong></span> <span class='ocrx_word' id='word_1_250' title='bbox 993 2743 1051 2788; x_wconf 94' lang='lat' dir='ltr'><strong>ut</strong></span> <span class='ocrx_word' id='word_1_251' title='bbox 1087 2748 1297 2790; x_wconf 89' lang='lat' dir='ltr'><strong>meram</strong></span> <span class='ocrx_word' id='word_1_252' title='bbox 1315 2732 1623 2788; x_wconf 84' lang='lat' dir='ltr'><strong>libertatem</strong></span> <span class='ocrx_word' id='word_1_253' title='bbox 1662 2732 2040 2799; x_wconf 89' lang='lat' dir='ltr'><strong>adhibeamus,</strong></span> 
     </span>
    </p>
   </div>
   <div class='ocr_carea' id='block_1_41' title="bbox 460 2819 2041 2897">
    <p class='ocr_par' dir='ltr' id='par_1_41' title="bbox 460 2819 2041 2897">
     <span class='ocr_line' id='line_1_42' title="bbox 460 2819 2041 2897; baseline -0.006 -15"><span class='ocrx_word' id='word_1_254' title='bbox 460 2847 527 2884; x_wconf 78' lang='lat' dir='ltr'><strong>au</strong></span> <span class='ocrx_word' id='word_1_255' title='bbox 560 2837 618 2883; x_wconf 92' lang='lat' dir='ltr'><strong>ut</strong></span> <span class='ocrx_word' id='word_1_256' title='bbox 648 2829 821 2897; x_wconf 88' lang='lat' dir='ltr'><strong>ipsam</strong></span> <span class='ocrx_word' id='word_1_257' title='bbox 852 2824 1120 2880; x_wconf 84' lang='lat' dir='ltr'><strong>suavitate</strong></span> <span class='ocrx_word' id='word_1_258' title='bbox 1163 2820 1569 2891; x_wconf 79' lang='lat' dir='ltr'><strong>temperemus?</strong></span> <span class='ocrx_word' id='word_1_259' title='bbox 1598 2819 1872 2886; x_wconf 85' lang='lat' dir='ltr'><strong>Quosdam</strong></span> <span class='ocrx_word' id='word_1_260' title='bbox 1897 2820 2041 2875; x_wconf 90' lang='lat' dir='ltr'><strong>enim</strong></span> 
     </span>
    </p>
   </div>
   <div class='ocr_carea' id='block_1_42' title="bbox 460 2911 2044 2991">
    <p class='ocr_par' dir='ltr' id='par_1_42' title="bbox 460 2911 2044 2991">
     <span class='ocr_line' id='line_1_43' title="bbox 460 2911 2044 2991; baseline -0.006 -14"><span class='ocrx_word' id='word_1_261' title='bbox 460 2921 717 2991; x_wconf 88' lang='lat' dir='ltr'><strong>uovi,qui</strong></span> <span class='ocrx_word' id='word_1_262' title='bbox 749 2918 863 2973; x_wconf 89' lang='lat' dir='ltr'><strong>acri</strong></span> <span class='ocrx_word' id='word_1_263' title='bbox 928 2930 992 2972; x_wconf 89' lang='lat' dir='ltr'><strong>ac</strong></span> <span class='ocrx_word' id='word_1_264' title='bbox 1053 2913 1362 2969; x_wconf 82' lang='lat' dir='ltr'><strong>vehementi</strong></span> <span class='ocrx_word' id='word_1_265' title='bbox 1403 2911 1798 2982; x_wconf 74' lang='lat' dir='ltr'><strong>obiurgationis</strong></span> <span class='ocrx_word' id='word_1_266' title='bbox 1845 2924 2044 2981; x_wconf 72' lang='lat' dir='ltr'><strong>genere</strong></span> 
     </span>
    </p>
   </div>
   <div class='ocr_carea' id='block_1_43' title="bbox 459 3003 2038 3079">
    <p class='ocr_par' dir='ltr' id='par_1_43' title="bbox 459 3003 2038 3079">
     <span class='ocr_line' id='line_1_44' title="bbox 459 3003 2038 3079; baseline -0.007 -11"><span class='ocrx_word' id='word_1_267' title='bbox 459 3013 633 3069; x_wconf 70' lang='lat' dir='ltr'><strong>sanati</strong></span> <span class='ocrx_word' id='word_1_268' title='bbox 665 3022 832 3067; x_wconf 89' lang='lat' dir='ltr'><strong>sunt:</strong></span> <span class='ocrx_word' id='word_1_269' title='bbox 874 3007 1136 3079; x_wconf 80' lang='lat' dir='ltr'><strong>quosdam</strong></span> <span class='ocrx_word' id='word_1_270' title='bbox 1163 3019 1401 3071; x_wconf 86' lang='lat' dir='ltr'><strong>rursum,</strong></span> <span class='ocrx_word' id='word_1_271' title='bbox 1437 3005 1529 3074; x_wconf 92' lang='lat' dir='ltr'><strong>qui</strong></span> <span class='ocrx_word' id='word_1_272' title='bbox 1558 3019 1623 3060; x_wconf 90' lang='lat' dir='ltr'><strong>eo</strong></span> <span class='ocrx_word' id='word_1_273' title='bbox 1673 3003 1860 3060; x_wconf 87' lang='lat' dir='ltr'><strong>obtriti</strong></span> <span class='ocrx_word' id='word_1_274' title='bbox 1886 3013 2038 3067; x_wconf 88' lang='lat' dir='ltr'><strong>sunt,</strong></span> 
     </span>
    </p>
   </div>
   <div class='ocr_carea' id='block_1_44' title="bbox 2135 1798 3724 1878">
    <p class='ocr_par' dir='ltr' id='par_1_44' title="bbox 2135 1798 3724 1878">
     <span class='ocr_line' id='line_1_45' title="bbox 2135 1798 3724 1878; baseline -0.006 -18"><span class='ocrx_word' id='word_1_275' title='bbox 2135 1805 2420 1878; x_wconf 76' lang='grc' dir='ltr'>παρρησία</span> <span class='ocrx_word' id='word_1_276' title='bbox 2443 1819 2456 1834; x_wconf 91' lang='grc'><strong>·</strong></span> <span class='ocrx_word' id='word_1_277' title='bbox 2488 1803 2630 1874; x_wconf 79' lang='grc' dir='ltr'>τάχα</span> <span class='ocrx_word' id='word_1_278' title='bbox 2676 1819 2790 1866; x_wconf 79' lang='grc' dir='ltr'><strong>πως</strong></span> <span class='ocrx_word' id='word_1_279' title='bbox 2839 1799 3296 1872; x_wconf 79' lang='grc' dir='ltr'>ὲρυθριάσουσιν,</span> <span class='ocrx_word' id='word_1_280' title='bbox 3343 1801 3390 1851; x_wconf 92' lang='grc' dir='ltr'><strong>οί</strong></span> <span class='ocrx_word' id='word_1_281' title='bbox 3427 1798 3564 1869; x_wconf 70' lang='grc' dir='ltr'>μηδὲ</span> <span class='ocrx_word' id='word_1_282' title='bbox 3595 1799 3724 1869; x_wconf 67' lang='grc' dir='ltr'>ἐρυ-</span> 
     </span>
    </p>
   </div>
   <div class='ocr_carea' id='block_1_45' title="bbox 2137 1888 3725 1970">
    <p class='ocr_par' dir='ltr' id='par_1_45' title="bbox 2137 1888 3725 1970">
     <span class='ocr_line' id='line_1_46' title="bbox 2137 1888 3725 1970; baseline -0.007 -18"><span class='ocrx_word' id='word_1_283' title='bbox 2137 1899 2296 1970; x_wconf 78' lang='grc' dir='ltr'>θριᾷν</span> <span class='ocrx_word' id='word_1_284' title='bbox 2326 1897 2384 1950; x_wconf 81' lang='grc' dir='ltr'>ὲν</span> <span class='ocrx_word' id='word_1_285' title='bbox 2405 1898 2517 1959; x_wconf 86' lang='grc' dir='ltr'>τοῖς</span> <span class='ocrx_word' id='word_1_286' title='bbox 2540 1894 2883 1966; x_wconf 80' lang='grc' dir='ltr'><strong>πταίσμασιν</strong></span> <span class='ocrx_word' id='word_1_287' title='bbox 2911 1890 3022 1964; x_wconf 85' lang='lat' dir='ltr'><strong>(l6)</strong></span> <span class='ocrx_word' id='word_1_288' title='bbox 3049 1891 3271 1954; x_wconf 80' lang='grc' dir='ltr'>εἰδότες.</span> <span class='ocrx_word' id='word_1_289' title='bbox 3298 1890 3458 1953; x_wconf 83' lang='grc' dir='ltr'><strong>Ἴσως</strong></span> <span class='ocrx_word' id='word_1_290' title='bbox 3491 1889 3591 1960; x_wconf 80' lang='grc' dir='ltr'>μὲν</span> <span class='ocrx_word' id='word_1_291' title='bbox 3609 1888 3725 1961; x_wconf 83' lang='grc' dir='ltr'>γὰρ</span> 
     </span>
    </p>
   </div>
   <div class='ocr_carea' id='block_1_46' title="bbox 2136 1979 3726 2059">
    <p class='ocr_par' dir='ltr' id='par_1_46' title="bbox 2136 1979 3726 2059">
     <span class='ocr_line' id='line_1_47' title="bbox 2136 1979 3726 2059; baseline -0.008 -15"><span class='ocrx_word' id='word_1_292' title='bbox 2136 1987 2562 2059; x_wconf 83' lang='grc' dir='ltr'>κατορθώσειας.</span> <span class='ocrx_word' id='word_1_293' title='bbox 2590 1985 2653 2039; x_wconf 84' lang='lat' dir='ltr'><strong>Ei</strong></span> <span class='ocrx_word' id='word_1_294' title='bbox 2683 1985 2743 2038; x_wconf 80' lang='grc' dir='ltr'>δέ</span> <span class='ocrx_word' id='word_1_295' title='bbox 2771 2002 2825 2038; x_wconf 86' lang='grc' dir='ltr'><strong>τι</strong></span> <span class='ocrx_word' id='word_1_296' title='bbox 2860 1984 2956 2038; x_wconf 70' lang='grc' dir='ltr'>καὶ</span> <span class='ocrx_word' id='word_1_297' title='bbox 2987 1983 3202 2037; x_wconf 89' lang='grc' dir='ltr'>πείσαιο</span> <span class='ocrx_word' id='word_1_298' title='bbox 3225 1981 3412 2053; x_wconf 85' lang='grc' dir='ltr'>ἄχαρι,</span> <span class='ocrx_word' id='word_1_299' title='bbox 3450 1981 3588 2051; x_wconf 87' lang='grc' dir='ltr'><strong>μετά</strong></span> <span class='ocrx_word' id='word_1_300' title='bbox 3611 1979 3726 2033; x_wconf 84' lang='grc' dir='ltr'><strong>τῶν</strong></span> 
     </span>
    </p>
   </div>
   <div class='ocr_carea' id='block_1_47' title="bbox 2136 2070 3726 2152">
    <p class='ocr_par' dir='ltr' id='par_1_47' title="bbox 2136 2070 3726 2152">
     <span class='ocr_line' id='line_1_48' title="bbox 2136 2070 3726 2152; baseline -0.006 -19"><span class='ocrx_word' id='word_1_301' title='bbox 2136 2081 2456 2152; x_wconf 79' lang='grc' dir='ltr'><strong>προφητῶν,</strong></span> <span class='ocrx_word' id='word_1_302' title='bbox 2479 2078 2576 2134; x_wconf 80' lang='grc' dir='ltr'>καὶ</span> <span class='ocrx_word' id='word_1_303' title='bbox 2601 2076 2708 2130; x_wconf 87' lang='grc' dir='ltr'><strong>τῶν</strong></span> <span class='ocrx_word' id='word_1_304' title='bbox 2729 2075 3068 2141; x_wconf 82' lang='grc' dir='ltr'>ἀποστόλων,</span> <span class='ocrx_word' id='word_1_305' title='bbox 3095 2073 3320 2128; x_wconf 78' lang='grc' dir='ltr'>καὶτῶν</span> <span class='ocrx_word' id='word_1_306' title='bbox 3350 2071 3525 2127; x_wconf 79' lang='grc' dir='ltr'>ἄλλων</span> <span class='ocrx_word' id='word_1_307' title='bbox 3548 2070 3726 2140; x_wconf 86' lang='grc' dir='ltr'>ἁγίων</span> 
     </span>
    </p>
   </div>
   <div class='ocr_carea' id='block_1_48' title="bbox 2136 2161 3725 2244">
    <p class='ocr_par' dir='ltr' id='par_1_48' title="bbox 2136 2161 3725 2244">
     <span class='ocr_line' id='line_1_49' title="bbox 2136 2161 3725 2244; baseline -0.006 -20"><span class='ocrx_word' id='word_1_308' title='bbox 2136 2172 2322 2244; x_wconf 82' lang='grc' dir='ltr'>πείσῃ,</span> <span class='ocrx_word' id='word_1_309' title='bbox 2354 2169 2472 2241; x_wconf 87' lang='grc' dir='ltr'>μεθ’</span> <span class='ocrx_word' id='word_1_310' title='bbox 2506 2161 2580 2222; x_wconf 80' lang='grc' dir='ltr'>ὧν</span> <span class='ocrx_word' id='word_1_311' title='bbox 2616 2185 2699 2222; x_wconf 89' lang='grc' dir='ltr'><strong>σοι</strong></span> <span class='ocrx_word' id='word_1_312' title='bbox 2748 2167 3002 2221; x_wconf 77' lang='grc' dir='ltr'>εὐκταῖόν</span> <span class='ocrx_word' id='word_1_313' title='bbox 3045 2166 3195 2218; x_wconf 72' lang='grc' dir='ltr'>ἐστιν</span> <span class='ocrx_word' id='word_1_314' title='bbox 3237 2165 3318 2217; x_wconf 77' lang='grc' dir='ltr'><strong>ἑνὶ</strong></span> <span class='ocrx_word' id='word_1_315' title='bbox 3365 2163 3474 2216; x_wconf 89' lang='grc' dir='ltr'><strong>τῶν</strong></span> <span class='ocrx_word' id='word_1_316' title='bbox 3508 2162 3725 2216; x_wconf 76' lang='grc' dir='ltr'>πολλῶν</span> 
     </span>
    </p>
   </div>
   <div class='ocr_carea' id='block_1_49' title="bbox 2135 2249 3726 2330">
    <p class='ocr_par' dir='ltr' id='par_1_49' title="bbox 2135 2249 3726 2330">
     <span class='ocr_line' id='line_1_50' title="bbox 2135 2249 3726 2330; baseline -0.006 -15"><span class='ocrx_word' id='word_1_317' title='bbox 2135 2262 2268 2327; x_wconf 71' lang='grc' dir='ltr'>τιν-τι,</span> <span class='ocrx_word' id='word_1_318' title='bbox 2295 2263 2345 2314; x_wconf 88' lang='grc' dir='ltr'><strong>εί</strong></span> <span class='ocrx_word' id='word_1_319' title='bbox 2376 2260 2469 2314; x_wconf 71' lang='grc' dir='ltr'><strong>καὶ</strong></span> <span class='ocrx_word' id='word_1_320' title='bbox 2501 2258 2578 2330; x_wconf 85' lang='grc' dir='ltr'>μὴ</span> <span class='ocrx_word' id='word_1_321' title='bbox 2608 2259 2667 2311; x_wconf 84' lang='grc' dir='ltr'>ὲν</span> <span class='ocrx_word' id='word_1_322' title='bbox 2694 2259 2808 2320; x_wconf 88' lang='grc' dir='ltr'>τοῖς</span> <span class='ocrx_word' id='word_1_323' title='bbox 2831 2255 3280 2328; x_wconf 83' lang='grc' dir='ltr'>κατορθώμασιν,</span> <span class='ocrx_word' id='word_1_324' title='bbox 3312 2252 3427 2308; x_wconf 85' lang='grc' dir='ltr'>ἀλλ’</span> <span class='ocrx_word' id='word_1_325' title='bbox 3458 2249 3555 2308; x_wconf 80' lang='grc' dir='ltr'><strong>οὖν</strong></span> <span class='ocrx_word' id='word_1_326' title='bbox 3577 2270 3643 2323; x_wconf 82' lang='grc' dir='ltr'><strong>γε</strong></span> <span class='ocrx_word' id='word_1_327' title='bbox 3665 2255 3726 2306; x_wconf 79' lang='grc' dir='ltr'>ἐν</span> 
     </span>
    </p>
   </div>
   <div class='ocr_carea' id='block_1_50' title="bbox 2136 2346 3730 2423">
    <p class='ocr_par' dir='ltr' id='par_1_50' title="bbox 2136 2346 3730 2423">
     <span class='ocr_line' id='line_1_51' title="bbox 2136 2346 3730 2423; baseline -0.006 -16"><span class='ocrx_word' id='word_1_328' title='bbox 2136 2356 2250 2418; x_wconf 63' lang='lat' dir='ltr'><strong>toi;</strong></span> <span class='ocrx_word' id='word_1_329' title='bbox 2305 2352 2626 2422; x_wconf 84' lang='grc' dir='ltr'>παθήμασιν</span> <span class='ocrx_word' id='word_1_330' title='bbox 2677 2349 3056 2423; x_wconf 83' lang='grc' dir='ltr'>ἀριθμεῖσθαι.</span> <span class='ocrx_word' id='word_1_331' title='bbox 3119 2347 3262 2402; x_wconf 80' lang='grc' dir='ltr'>Ἀλλ’</span> <span class='ocrx_word' id='word_1_332' title='bbox 3311 2346 3730 2418; x_wconf 82' lang='grc' dir='ltr'>ἀνταπεκρίθην</span> 
     </span>
    </p>
   </div>
   <div class='ocr_carea' id='block_1_51' title="bbox 2138 2435 3728 2516">
    <p class='ocr_par' dir='ltr' id='par_1_51' title="bbox 2138 2435 3728 2516">
     <span class='ocr_line' id='line_1_52' title="bbox 2138 2435 3728 2516; baseline -0.006 -17"><span class='ocrx_word' id='word_1_333' title='bbox 2138 2444 2363 2516; x_wconf 78' lang='grc' dir='ltr'>ἐμαυτῷ</span> <span class='ocrx_word' id='word_1_334' title='bbox 2403 2444 2598 2513; x_wconf 80' lang='grc' dir='ltr'>λέγων,</span> <span class='ocrx_word' id='word_1_335' title='bbox 2630 2445 2712 2498; x_wconf 79' lang='grc' dir='ltr'>ὅτι</span> <span class='ocrx_word' id='word_1_336' title='bbox 2742 2442 2814 2496; x_wconf 89' lang='grc' dir='ltr'><strong>τά</strong></span> <span class='ocrx_word' id='word_1_337' title='bbox 2861 2441 2961 2514; x_wconf 77' lang='grc' dir='ltr'>μὲν</span> <span class='ocrx_word' id='word_1_338' title='bbox 2991 2441 3126 2496; x_wconf 79' lang='grc' dir='ltr'>ἄλλα</span> <span class='ocrx_word' id='word_1_339' title='bbox 3166 2435 3226 2494; x_wconf 79' lang='grc' dir='ltr'><strong>εὖ</strong></span> <span class='ocrx_word' id='word_1_340' title='bbox 3256 2439 3459 2507; x_wconf 82' lang='grc' dir='ltr'>λέγεις,</span> <span class='ocrx_word' id='word_1_341' title='bbox 3491 2439 3588 2493; x_wconf 86' lang='grc' dir='ltr'><strong>καί</strong></span> <span class='ocrx_word' id='word_1_342' title='bbox 3641 2455 3728 2492; x_wconf 86' lang='grc' dir='ltr'><strong>σοι</strong></span> 
     </span>
    </p>
   </div>
   <div class='ocr_carea' id='block_1_52' title="bbox 2138 2531 3728 2607">
    <p class='ocr_par' dir='ltr' id='par_1_52' title="bbox 2138 2531 3728 2607">
     <span class='ocr_line' id='line_1_53' title="bbox 2138 2531 3728 2607; baseline -0.003 -18"><span class='ocrx_word' id='word_1_343' title='bbox 2138 2536 2356 2607; x_wconf 75' lang='grc' dir='ltr'>ἕτοιμός</span> <span class='ocrx_word' id='word_1_344' title='bbox 2382 2537 2498 2603; x_wconf 87' lang='grc' dir='ltr'>είμι</span> <span class='ocrx_word' id='word_1_345' title='bbox 2530 2535 2837 2588; x_wconf 84' lang='grc' dir='ltr'>πείθεσθαι.</span> <span class='ocrx_word' id='word_1_346' title='bbox 2867 2533 2995 2597; x_wconf 86' lang='grc' dir='ltr'>Πῶς</span> <span class='ocrx_word' id='word_1_347' title='bbox 3013 2533 3070 2587; x_wconf 76' lang='grc' dir='ltr'><strong>δὲ</strong></span> <span class='ocrx_word' id='word_1_348' title='bbox 3099 2531 3163 2602; x_wconf 87' lang='grc' dir='ltr'>δὴ</span> <span class='ocrx_word' id='word_1_349' title='bbox 3191 2531 3728 2603; x_wconf 75' lang='grc' dir='ltr'>παρρησιασόμεθα;</span> 
     </span>
    </p>
   </div>
   <div class='ocr_carea' id='block_1_53' title="bbox 2140 2621 3732 2696">
    <p class='ocr_par' dir='ltr' id='par_1_53' title="bbox 2140 2621 3732 2696">
     <span class='ocr_line' id='line_1_54' title="bbox 2140 2621 3732 2696; baseline -0.003 -16"><span class='ocrx_word' id='word_1_350' title='bbox 2140 2621 2291 2695; x_wconf 73' lang='grc' dir='ltr'><strong>τΔριιι</strong></span> <span class='ocrx_word' id='word_1_351' title='bbox 2321 2626 2545 2696; x_wconf 79' lang='grc' dir='ltr'>ἀκράτῳ</span> <span class='ocrx_word' id='word_1_352' title='bbox 2570 2629 2636 2696; x_wconf 82' lang='grc' dir='ltr'>τῇ</span> <span class='ocrx_word' id='word_1_353' title='bbox 2679 2624 2966 2696; x_wconf 72' lang='grc' dir='ltr'>παρρησίᾳ</span> <span class='ocrx_word' id='word_1_354' title='bbox 2997 2624 3357 2696; x_wconf 77' lang='grc' dir='ltr'>χρησάμενοι,</span> <span class='ocrx_word' id='word_1_355' title='bbox 3388 2623 3422 2694; x_wconf 77' lang='grc' dir='ltr'>ἢ</span> <span class='ocrx_word' id='word_1_356' title='bbox 3451 2623 3732 2694; x_wconf 82' lang='grc' dir='ltr'>κεράσαν-</span> 
     </span>
    </p>
   </div>
   <div class='ocr_carea' id='block_1_54' title="bbox 2143 2712 3733 2789">
    <p class='ocr_par' dir='ltr' id='par_1_54' title="bbox 2143 2712 3733 2789">
     <span class='ocr_line' id='line_1_55' title="bbox 2143 2712 3733 2789; baseline 0 -18"><span class='ocrx_word' id='word_1_357' title='bbox 2143 2735 2234 2782; x_wconf 86' lang='grc' dir='ltr'><strong>τες</strong></span> <span class='ocrx_word' id='word_1_358' title='bbox 2275 2718 2443 2787; x_wconf 82' lang='grc' dir='ltr'>αὐτὴν</span> <span class='ocrx_word' id='word_1_359' title='bbox 2485 2718 2818 2789; x_wconf 72' lang='grc' dir='ltr'>προσηνείᾳς</span> <span class='ocrx_word' id='word_1_360' title='bbox 2859 2712 2991 2771; x_wconf 78' lang='grc' dir='ltr'>Οἶδα</span> <span class='ocrx_word' id='word_1_361' title='bbox 3018 2718 3127 2787; x_wconf 77' lang='grc' dir='ltr'>γὰρ</span> <span class='ocrx_word' id='word_1_362' title='bbox 3151 2719 3302 2779; x_wconf 73' lang='grc' dir='ltr'>τινὰς</span> <span class='ocrx_word' id='word_1_363' title='bbox 3352 2715 3452 2786; x_wconf 81' lang='grc' dir='ltr'>μὲν</span> <span class='ocrx_word' id='word_1_364' title='bbox 3496 2715 3602 2769; x_wconf 81' lang='grc' dir='ltr'><strong>ὑπὸ</strong></span> <span class='ocrx_word' id='word_1_365' title='bbox 3626 2716 3733 2787; x_wconf 80' lang='grc' dir='ltr'><strong>τῆς</strong></span> 
     </span>
    </p>
   </div>
   <div class='ocr_carea' id='block_1_55' title="bbox 2147 2806 3734 2879">
    <p class='ocr_par' dir='ltr' id='par_1_55' title="bbox 2147 2806 3734 2879">
     <span class='ocr_line' id='line_1_56' title="bbox 2147 2806 3734 2879; baseline -0.001 -18"><span class='ocrx_word' id='word_1_366' title='bbox 2147 2808 2383 2879; x_wconf 80' lang='grc' dir='ltr'>σφοδρᾶς</span> <span class='ocrx_word' id='word_1_367' title='bbox 2419 2810 2792 2876; x_wconf 76' lang='grc' dir='ltr'>ἐπιτιμήσεως</span> <span class='ocrx_word' id='word_1_368' title='bbox 2821 2807 3070 2869; x_wconf 75' lang='grc' dir='ltr'>ἰαθεντας</span> <span class='ocrx_word' id='word_1_369' title='bbox 3096 2823 3109 2836; x_wconf 93' lang='grc'><strong>·</strong></span> <span class='ocrx_word' id='word_1_370' title='bbox 3145 2806 3296 2870; x_wconf 82' lang='grc' dir='ltr'>τινὰς</span> <span class='ocrx_word' id='word_1_371' title='bbox 3325 2808 3381 2860; x_wconf 83' lang='grc' dir='ltr'>δὲ</span> <span class='ocrx_word' id='word_1_372' title='bbox 3417 2806 3734 2878; x_wconf 67' lang='grc' dir='ltr'>ἐπιτριϐέν-</span> 
     </span>
    </p>
   </div>
   <div class='ocr_carea' id='block_1_56' title="bbox 2145 2896 3735 2969">
    <p class='ocr_par' dir='ltr' id='par_1_56' title="bbox 2145 2896 3735 2969">
     <span class='ocr_line' id='line_1_57' title="bbox 2145 2896 3735 2969; baseline 0.003 -20"><span class='ocrx_word' id='word_1_373' title='bbox 2145 2914 2266 2962; x_wconf 88' lang='grc' dir='ltr'>τας,</span> <span class='ocrx_word' id='word_1_374' title='bbox 2298 2901 2392 2949; x_wconf 70' lang='grc' dir='ltr'><strong>καὶ</strong></span> <span class='ocrx_word' id='word_1_375' title='bbox 2425 2899 2503 2962; x_wconf 86' lang='grc' dir='ltr'><strong>είς</strong></span> <span class='ocrx_word' id='word_1_376' title='bbox 2539 2897 2924 2968; x_wconf 83' lang='grc' dir='ltr'>χαλεπωτέραν</span> <span class='ocrx_word' id='word_1_377' title='bbox 2947 2896 3471 2969; x_wconf 78' lang='grc' dir='ltr'>παιδοτριόηθὲντας</span> <span class='ocrx_word' id='word_1_378' title='bbox 3493 2900 3695 2954; x_wconf 86' lang='grc' dir='ltr'>κακίαν</span> <span class='ocrx_word' id='word_1_379' title='bbox 3716 2918 3735 2932; x_wconf 73' lang='grc' dir='ltr'><strong>ο</strong></span> 
     </span>
    </p>
   </div>
   <div class='ocr_carea' id='block_1_57' title="bbox 2146 2986 3740 3062">
    <p class='ocr_par' dir='ltr' id='par_1_57' title="bbox 2146 2986 3740 3062">
     <span class='ocr_line' id='line_1_58' title="bbox 2146 2986 3740 3062; baseline 0.004 -21"><span class='ocrx_word' id='word_1_380' title='bbox 2146 2986 2339 3050; x_wconf 76' lang='grc' dir='ltr'>ἄλλους</span> <span class='ocrx_word' id='word_1_381' title='bbox 2384 2987 2442 3040; x_wconf 83' lang='grc' dir='ltr'>δὲ</span> <span class='ocrx_word' id='word_1_382' title='bbox 2494 2987 2591 3057; x_wconf 79' lang='grc' dir='ltr'>τῆς</span> <span class='ocrx_word' id='word_1_383' title='bbox 2629 2987 2858 3060; x_wconf 83' lang='grc' dir='ltr'>μετρίας</span> <span class='ocrx_word' id='word_1_384' title='bbox 2905 2986 3221 3061; x_wconf 78' lang='grc' dir='ltr'>συμὸυυλῆς</span> <span class='ocrx_word' id='word_1_385' title='bbox 3271 2990 3369 3044; x_wconf 78' lang='grc' dir='ltr'><strong>καὶ</strong></span> <span class='ocrx_word' id='word_1_386' title='bbox 3414 2991 3740 3062; x_wconf 76' lang='grc' dir='ltr'>παρρησίας</span> 
     </span>
    </p>
   </div>
   <div class='ocr_carea' id='block_1_58' title="bbox 463 3082 2033 3178">
    <p class='ocr_par' dir='ltr' id='par_1_58' title="bbox 463 3096 2033 3178">
     <span class='ocr_line' id='line_1_59' title="bbox 463 3096 2033 3178; baseline -0.007 -15"><span class='ocrx_word' id='word_1_387' title='bbox 463 3118 625 3178; x_wconf 79' lang='lat' dir='ltr'><strong>atque</strong></span> <span class='ocrx_word' id='word_1_388' title='bbox 654 3106 720 3160; x_wconf 87' lang='lat' dir='ltr'><strong>ad</strong></span> <span class='ocrx_word' id='word_1_389' title='bbox 777 3103 1084 3175; x_wconf 76' lang='lat' dir='ltr'><strong>graviorem</strong></span> <span class='ocrx_word' id='word_1_390' title='bbox 1142 3097 1551 3170; x_wconf 86' lang='lat' dir='ltr'><strong>improbitatem</strong></span> <span class='ocrx_word' id='word_1_391' title='bbox 1607 3096 1864 3151; x_wconf 89' lang='lat' dir='ltr'><strong>eruditi:</strong></span> <span class='ocrx_word' id='word_1_392' title='bbox 1908 3096 2033 3152; x_wconf 68' lang='lat' dir='ltr'><strong>alios</strong></span> 
     </span>
    </p>
   </div>
   <div class='ocr_carea' id='block_1_59' title="bbox 2149 3082 3737 3178">
    <p class='ocr_par' dir='ltr' id='par_1_59' title="bbox 2149 3082 3737 3178">
     <span class='ocr_line' id='line_1_60' title="bbox 2149 3082 3737 3178; baseline 0.006 -43"><span class='ocrx_word' id='word_1_393' title='bbox 2149 3082 2660 3178; x_wconf 66' lang='grc' dir='ltr'>καταγελάσαντας,</span> <span class='ocrx_word' id='word_1_394' title='bbox 2716 3085 2810 3136; x_wconf 77' lang='grc' dir='ltr'><strong>καὶ</strong></span> <span class='ocrx_word' id='word_1_395' title='bbox 2861 3085 3017 3138; x_wconf 81' lang='grc' dir='ltr'>οὐδὲν</span> <span class='ocrx_word' id='word_1_396' title='bbox 3061 3086 3234 3158; x_wconf 75' lang='grc' dir='ltr'>αὐτὴν</span> <span class='ocrx_word' id='word_1_397' title='bbox 3268 3082 3411 3141; x_wconf 79' lang='grc' dir='ltr'>εἶναι</span> <span class='ocrx_word' id='word_1_398' title='bbox 3442 3091 3737 3163; x_wconf 79' lang='grc' dir='ltr'>ἡγησαμέ-</span> 
     </span>
    </p>
   </div>
   <div class='ocr_carea' id='block_1_60' title="bbox 466 3187 2041 3265">
    <p class='ocr_par' dir='ltr' id='par_1_60' title="bbox 466 3187 2041 3265">
     <span class='ocr_line' id='line_1_61' title="bbox 466 3187 2041 3265; baseline -0.006 -15"><span class='ocrx_word' id='word_1_399' title='bbox 466 3196 719 3265; x_wconf 77' lang='lat' dir='ltr'><strong>dcnique,</strong></span> <span class='ocrx_word' id='word_1_400' title='bbox 763 3193 853 3262; x_wconf 88' lang='lat' dir='ltr'><strong>qui</strong></span> <span class='ocrx_word' id='word_1_401' title='bbox 880 3192 1209 3248; x_wconf 88' lang='lat' dir='ltr'><strong>moderatam</strong></span> <span class='ocrx_word' id='word_1_402' title='bbox 1234 3187 1660 3245; x_wconf 87' lang='lat' dir='ltr'><strong>admonitionem</strong></span> <span class='ocrx_word' id='word_1_403' title='bbox 1698 3195 1862 3256; x_wconf 86' lang='lat' dir='ltr'><strong>atque</strong></span> <span class='ocrx_word' id='word_1_404' title='bbox 1913 3201 2041 3241; x_wconf 83' lang='lat' dir='ltr'><strong>ora-</strong></span> 
     </span>
    </p>
   </div>
   <div class='ocr_carea' id='block_1_61' title="bbox 470 3280 2048 3348">
    <p class='ocr_par' dir='ltr' id='par_1_61' title="bbox 470 3280 2048 3348">
     <span class='ocr_line' id='line_1_62' title="bbox 470 3280 2048 3348; baseline -0.004 -7"><span class='ocrx_word' id='word_1_405' title='bbox 470 3287 629 3345; x_wconf 82' lang='lat' dir='ltr'><strong>tionis</strong></span> <span class='ocrx_word' id='word_1_406' title='bbox 687 3286 995 3344; x_wconf 76' lang='lat' dir='ltr'><strong>libertatem</strong></span> <span class='ocrx_word' id='word_1_407' title='bbox 1042 3281 1276 3338; x_wconf 91' lang='lat' dir='ltr'><strong>ludibrio</strong></span> <span class='ocrx_word' id='word_1_408' title='bbox 1334 3280 1662 3345; x_wconf 86' lang='lat' dir='ltr'><strong>habuerunt,</strong></span> <span class='ocrx_word' id='word_1_409' title='bbox 1690 3292 1921 3348; x_wconf 88' lang='lat' dir='ltr'><strong>eamque</strong></span> <span class='ocrx_word' id='word_1_410' title='bbox 1949 3293 2048 3348; x_wconf 92' lang='lat' dir='ltr'><strong>pro</strong></span> 
     </span>
    </p>
   </div>
   <div class='ocr_carea' id='block_1_62' title="bbox 469 3365 2051 3445">
    <p class='ocr_par' dir='ltr' id='par_1_62' title="bbox 469 3365 2051 3445">
     <span class='ocr_line' id='line_1_63' title="bbox 469 3365 2051 3445; baseline -0.008 -14"><span class='ocrx_word' id='word_1_411' title='bbox 469 3377 638 3433; x_wconf 91' lang='lat' dir='ltr'><strong>nihilo</strong></span> <span class='ocrx_word' id='word_1_412' title='bbox 662 3381 939 3445; x_wconf 85' lang='lat' dir='ltr'><strong>putarunt.</strong></span> <span class='ocrx_word' id='word_1_413' title='bbox 971 3370 1216 3438; x_wconf 86' lang='lat' dir='ltr'><strong>Quonam</strong></span> <span class='ocrx_word' id='word_1_414' title='bbox 1253 3367 1419 3437; x_wconf 76' lang='lat' dir='ltr'><strong>igitur</strong></span> <span class='ocrx_word' id='word_1_415' title='bbox 1455 3368 1618 3423; x_wconf 92' lang='lat' dir='ltr'><strong>modo</strong></span> <span class='ocrx_word' id='word_1_416' title='bbox 1667 3365 1935 3435; x_wconf 86' lang='lat' dir='ltr'><strong>quispiam</strong></span> <span class='ocrx_word' id='word_1_417' title='bbox 1973 3374 2051 3420; x_wconf 92' lang='lat' dir='ltr'><strong>tot</strong></span> 
     </span>
    </p>
   </div>
   <div class='ocr_carea' id='block_1_63' title="bbox 471 3457 2050 3531">
    <p class='ocr_par' dir='ltr' id='par_1_63' title="bbox 471 3457 2050 3531">
     <span class='ocr_line' id='line_1_64' title="bbox 471 3457 2050 3531; baseline -0.009 -7"><span class='ocrx_word' id='word_1_418' title='bbox 471 3467 674 3531; x_wconf 84' lang='lat' dir='ltr'><strong>morbis</strong></span> <span class='ocrx_word' id='word_1_419' title='bbox 706 3481 872 3522; x_wconf 89' lang='lat' dir='ltr'><strong>unum</strong></span> <span class='ocrx_word' id='word_1_420' title='bbox 904 3462 1204 3520; x_wconf 87' lang='lat' dir='ltr'><strong>remedium</strong></span> <span class='ocrx_word' id='word_1_421' title='bbox 1247 3459 1479 3515; x_wconf 75' lang='lat' dir='ltr'><strong>sileret?</strong></span> <span class='ocrx_word' id='word_1_422' title='bbox 1518 3471 1860 3528; x_wconf 90' lang='lat' dir='ltr'><strong>quonamque</strong></span> <span class='ocrx_word' id='word_1_423' title='bbox 1892 3457 2050 3511; x_wconf 90' lang='lat' dir='ltr'><strong>modo</strong></span> 
     </span>
    </p>
   </div>
   <div class='ocr_carea' id='block_1_64' title="bbox 469 3550 2048 3626">
    <p class='ocr_par' dir='ltr' id='par_1_64' title="bbox 469 3550 2048 3626">
     <span class='ocr_line' id='line_1_65' title="bbox 469 3550 2048 3626; baseline -0.008 -8"><span class='ocrx_word' id='word_1_424' title='bbox 469 3578 562 3619; x_wconf 79' lang='lat' dir='ltr'><strong>cos</strong></span> <span class='ocrx_word' id='word_1_425' title='bbox 625 3560 864 3626; x_wconf 82' lang='lat' dir='ltr'><strong>curabit,</strong></span> <span class='ocrx_word' id='word_1_426' title='bbox 899 3574 1021 3614; x_wconf 89' lang='lat' dir='ltr'><strong>cum</strong></span> <span class='ocrx_word' id='word_1_427' title='bbox 1078 3569 1256 3612; x_wconf 65' lang='lat' dir='ltr'><strong>causa!</strong></span> <span class='ocrx_word' id='word_1_428' title='bbox 1287 3568 1355 3610; x_wconf 80' lang='lat' dir='ltr'><strong>ex</strong></span> <span class='ocrx_word' id='word_1_429' title='bbox 1386 3553 1616 3610; x_wconf 82' lang='lat' dir='ltr'><strong>diversis</strong></span> <span class='ocrx_word' id='word_1_430' title='bbox 1673 3550 2048 3607; x_wconf 77' lang='lat' dir='ltr'><strong>affectionibus</strong></span> 
     </span>
    </p>
   </div>
   <div class='ocr_carea' id='block_1_65' title="bbox 469 3645 2049 3722">
    <p class='ocr_par' dir='ltr' id='par_1_65' title="bbox 469 3645 2049 3722">
     <span class='ocr_line' id='line_1_66' title="bbox 469 3645 2049 3722; baseline -0.007 -12"><span class='ocrx_word' id='word_1_431' title='bbox 469 3655 755 3712; x_wconf 68' lang='lat' dir='ltr'><strong>oriuntur?</strong></span> <span class='ocrx_word' id='word_1_432' title='bbox 799 3651 966 3722; x_wconf 73' lang='lat' dir='ltr'><strong>Ergo,</strong></span> <span class='ocrx_word' id='word_1_433' title='bbox 1004 3650 1073 3706; x_wconf 86' lang='lat' dir='ltr'><strong>ad</strong></span> <span class='ocrx_word' id='word_1_434' title='bbox 1118 3651 1383 3718; x_wconf 88' lang='lat' dir='ltr'><strong>meipsum</strong></span> <span class='ocrx_word' id='word_1_435' title='bbox 1439 3646 1550 3702; x_wconf 76' lang='lat' dir='ltr'><strong>dixi</strong></span> <span class='ocrx_word' id='word_1_436' title='bbox 1597 3646 1650 3700; x_wconf 90' lang='lat' dir='ltr'><strong>id</strong></span> <span class='ocrx_word' id='word_1_437' title='bbox 1699 3646 1840 3715; x_wconf 90' lang='lat' dir='ltr'><strong>quod</strong></span> <span class='ocrx_word' id='word_1_438' title='bbox 1885 3645 2049 3699; x_wconf 89' lang='lat' dir='ltr'><strong>etiam</strong></span> 
     </span>
    </p>
   </div>
   <div class='ocr_carea' id='block_1_66' title="bbox 473 3733 2053 3805">
    <p class='ocr_par' dir='ltr' id='par_1_66' title="bbox 473 3733 2053 3805">
     <span class='ocr_line' id='line_1_67' title="bbox 473 3733 2053 3805; baseline -0.006 -6"><span class='ocrx_word' id='word_1_439' title='bbox 473 3760 617 3800; x_wconf 88' lang='lat' dir='ltr'><strong>nunc</strong></span> <span class='ocrx_word' id='word_1_440' title='bbox 647 3745 714 3800; x_wconf 86' lang='lat' dir='ltr'><strong>ad</strong></span> <span class='ocrx_word' id='word_1_441' title='bbox 733 3754 785 3799; x_wconf 90' lang='lat' dir='ltr'><strong>te</strong></span> <span class='ocrx_word' id='word_1_442' title='bbox 809 3743 930 3800; x_wconf 89' lang='lat' dir='ltr'><strong>dico</strong></span> <span class='ocrx_word' id='word_1_443' title='bbox 962 3758 977 3795; x_wconf 86' lang='lat'><strong>:</strong></span> <span class='ocrx_word' id='word_1_444' title='bbox 1007 3739 1066 3795; x_wconf 90' lang='lat' dir='ltr'><strong>Si</strong></span> <span class='ocrx_word' id='word_1_445' title='bbox 1113 3749 1168 3794; x_wconf 89' lang='lat' dir='ltr'><strong>tu</strong></span> <span class='ocrx_word' id='word_1_446' title='bbox 1194 3738 1344 3795; x_wconf 90' lang='lat' dir='ltr'><strong>solus</strong></span> <span class='ocrx_word' id='word_1_447' title='bbox 1372 3735 1589 3792; x_wconf 81' lang='lat' dir='ltr'><strong>futurus</strong></span> <span class='ocrx_word' id='word_1_448' title='bbox 1614 3749 1784 3802; x_wconf 89' lang='lat' dir='ltr'><strong>esses,</strong></span> <span class='ocrx_word' id='word_1_449' title='bbox 1813 3733 1903 3805; x_wconf 90' lang='lat' dir='ltr'><strong>qui</strong></span> <span class='ocrx_word' id='word_1_450' title='bbox 1927 3748 2053 3802; x_wconf 84' lang='lat' dir='ltr'><strong>ope-</strong></span> 
     </span>
    </p>
   </div>
   <div class='ocr_carea' id='block_1_67' title="bbox 476 3824 2052 3902">
    <p class='ocr_par' dir='ltr' id='par_1_67' title="bbox 476 3824 2052 3902">
     <span class='ocr_line' id='line_1_68' title="bbox 476 3824 2052 3902; baseline -0.008 -10"><span class='ocrx_word' id='word_1_451' title='bbox 476 3852 590 3892; x_wconf 87' lang='lat' dir='ltr'><strong>ram</strong></span> <span class='ocrx_word' id='word_1_452' title='bbox 635 3835 869 3902; x_wconf 89' lang='lat' dir='ltr'><strong>luderes,</strong></span> <span class='ocrx_word' id='word_1_453' title='bbox 919 3830 1381 3898; x_wconf 87' lang='lat' dir='ltr'><strong>cunctari,atque</strong></span> <span class='ocrx_word' id='word_1_454' title='bbox 1437 3828 1490 3882; x_wconf 90' lang='lat' dir='ltr'><strong>id</strong></span> <span class='ocrx_word' id='word_1_455' title='bbox 1548 3839 1747 3881; x_wconf 83' lang='lat' dir='ltr'><strong>munus</strong></span> <span class='ocrx_word' id='word_1_456' title='bbox 1798 3824 2052 3897; x_wconf 74' lang='lat' dir='ltr'><strong>defugere</strong></span> 
     </span>
    </p>
   </div>
   <div class='ocr_carea' id='block_1_68' title="bbox 476 3915 2050 3998">
    <p class='ocr_par' dir='ltr' id='par_1_68' title="bbox 476 3915 2050 3998">
     <span class='ocr_line' id='line_1_69' title="bbox 476 3915 2050 3998; baseline -0.008 -15"><span class='ocrx_word' id='word_1_457' title='bbox 476 3936 771 3998; x_wconf 83' lang='lat' dir='ltr'><strong>oporteret.</strong></span> <span class='ocrx_word' id='word_1_458' title='bbox 805 3926 942 3982; x_wconf 88' lang='lat' dir='ltr'><strong>Cum</strong></span> <span class='ocrx_word' id='word_1_459' title='bbox 965 3932 1146 3979; x_wconf 89' lang='lat' dir='ltr'><strong>autem</strong></span> <span class='ocrx_word' id='word_1_460' title='bbox 1195 3931 1250 3978; x_wconf 91' lang='lat' dir='ltr'><strong>et</strong></span> <span class='ocrx_word' id='word_1_461' title='bbox 1275 3919 1453 3976; x_wconf 80' lang='lat' dir='ltr'><strong>Moses</strong></span> <span class='ocrx_word' id='word_1_462' title='bbox 1482 3928 1537 3974; x_wconf 92' lang='lat' dir='ltr'><strong>et</strong></span> <span class='ocrx_word' id='word_1_463' title='bbox 1559 3917 1704 3973; x_wconf 88' lang='lat' dir='ltr'><strong>Elias</strong></span> <span class='ocrx_word' id='word_1_464' title='bbox 1725 3915 2050 3983; x_wconf 85' lang='lat' dir='ltr'><strong>etJoannes,</strong></span> 
     </span>
    </p>
   </div>
   <div class='ocr_carea' id='block_1_69' title="bbox 479 4010 2053 4090">
    <p class='ocr_par' dir='ltr' id='par_1_69' title="bbox 479 4010 2053 4090">
     <span class='ocr_line' id='line_1_70' title="bbox 479 4010 2053 4090; baseline -0.009 -15"><span class='ocrx_word' id='word_1_465' title='bbox 479 4022 553 4090; x_wconf 89' lang='lat' dir='ltr'><strong>pii</strong></span> <span class='ocrx_word' id='word_1_466' title='bbox 587 4035 650 4076; x_wconf 86' lang='lat' dir='ltr'><strong>ac</strong></span> <span class='ocrx_word' id='word_1_467' title='bbox 681 4019 793 4075; x_wconf 89' lang='lat' dir='ltr'><strong>Deo</strong></span> <span class='ocrx_word' id='word_1_468' title='bbox 845 4017 997 4074; x_wconf 85' lang='lat' dir='ltr'><strong>chari</strong></span> <span class='ocrx_word' id='word_1_469' title='bbox 1023 4015 1149 4082; x_wconf 86' lang='lat' dir='ltr'><strong>viri,</strong></span> <span class='ocrx_word' id='word_1_470' title='bbox 1185 4028 1364 4083; x_wconf 87' lang='lat' dir='ltr'><strong>neque</strong></span> <span class='ocrx_word' id='word_1_471' title='bbox 1405 4011 1656 4075; x_wconf 87' lang='lat' dir='ltr'><strong>consilio,</strong></span> <span class='ocrx_word' id='word_1_472' title='bbox 1691 4023 1864 4079; x_wconf 86' lang='lat' dir='ltr'><strong>neque</strong></span> <span class='ocrx_word' id='word_1_473' title='bbox 1887 4010 2053 4062; x_wconf 88' lang='lat' dir='ltr'><strong>libera</strong></span> 
     </span>
    </p>
   </div>
   <div class='ocr_carea' id='block_1_70' title="bbox 479 4104 2052 4184">
    <p class='ocr_par' dir='ltr' id='par_1_70' title="bbox 479 4104 2052 4184">
     <span class='ocr_line' id='line_1_71' title="bbox 479 4104 2052 4184; baseline -0.01 -18"><span class='ocrx_word' id='word_1_474' title='bbox 479 4110 905 4184; x_wconf 83' lang='lat' dir='ltr'><strong>reprehensione</strong></span> <span class='ocrx_word' id='word_1_475' title='bbox 941 4107 1060 4163; x_wconf 89' lang='lat' dir='ltr'><strong>illos</strong></span> <span class='ocrx_word' id='word_1_476' title='bbox 1103 4104 1372 4176; x_wconf 86' lang='lat' dir='ltr'><strong>juverint,</strong></span> <span class='ocrx_word' id='word_1_477' title='bbox 1405 4116 1505 4157; x_wconf 90' lang='lat' dir='ltr'><strong>nec</strong></span> <span class='ocrx_word' id='word_1_478' title='bbox 1540 4109 1718 4156; x_wconf 85' lang='lat' dir='ltr'><strong>tamen</strong></span> <span class='ocrx_word' id='word_1_479' title='bbox 1772 4109 2052 4170; x_wconf 84' lang='lat' dir='ltr'><strong>propterea</strong></span> 
     </span>
    </p>
   </div>
   <div class='ocr_carea' id='block_1_71' title="bbox 480 4192 2053 4275">
    <p class='ocr_par' dir='ltr' id='par_1_71' title="bbox 480 4192 2053 4275">
     <span class='ocr_line' id='line_1_72' title="bbox 480 4192 2053 4275; baseline -0.006 -19"><span class='ocrx_word' id='word_1_480' title='bbox 480 4206 591 4260; x_wconf 76' lang='lat' dir='ltr'><strong>suis</strong></span> <span class='ocrx_word' id='word_1_481' title='bbox 610 4205 773 4275; x_wconf 78' lang='lat' dir='ltr'><strong>rebus</strong></span> <span class='ocrx_word' id='word_1_482' title='bbox 798 4201 1043 4258; x_wconf 85' lang='lat' dir='ltr'><strong>deterius</strong></span> <span class='ocrx_word' id='word_1_483' title='bbox 1098 4194 1493 4262; x_wconf 89' lang='lat' dir='ltr'><strong>consuluerint,</strong></span> <span class='ocrx_word' id='word_1_484' title='bbox 1520 4192 1786 4250; x_wconf 87' lang='lat' dir='ltr'><strong>sermonis</strong></span> <span class='ocrx_word' id='word_1_485' title='bbox 1836 4193 2053 4264; x_wconf 88' lang='lat' dir='ltr'><strong>quidem</strong></span> 
     </span>
    </p>
   </div>
   <div class='ocr_carea' id='block_1_72' title="bbox 2147 3169 3739 3258">
    <p class='ocr_par' dir='ltr' id='par_1_72' title="bbox 2147 3169 3739 3258">
     <span class='ocr_line' id='line_1_73' title="bbox 2147 3169 3739 3258; baseline 0.008 -32"><span class='ocrx_word' id='word_1_486' title='bbox 2147 3191 2292 3237; x_wconf 85' lang='grc' dir='ltr'>νους.</span> <span class='ocrx_word' id='word_1_487' title='bbox 2328 3175 2454 3238; x_wconf 86' lang='grc' dir='ltr'>Πῶς</span> <span class='ocrx_word' id='word_1_488' title='bbox 2481 3169 2574 3228; x_wconf 81' lang='grc' dir='ltr'><strong>οὖν</strong></span> <span class='ocrx_word' id='word_1_489' title='bbox 2613 3191 2698 3239; x_wconf 88' lang='grc' dir='ltr'><strong>τις</strong></span> <span class='ocrx_word' id='word_1_490' title='bbox 2723 3175 2999 3240; x_wconf 84' lang='grc' dir='ltr'>τοσούτοις</span> <span class='ocrx_word' id='word_1_491' title='bbox 3039 3177 3268 3235; x_wconf 84' lang='grc' dir='ltr'>πάθεσιν</span> <span class='ocrx_word' id='word_1_492' title='bbox 3293 3180 3351 3233; x_wconf 83' lang='grc' dir='ltr'>ἓν</span> <span class='ocrx_word' id='word_1_493' title='bbox 3388 3184 3739 3258; x_wconf 80' lang='grc' dir='ltr'>προσενέγκῃ</span> 
     </span>
    </p>
   </div>
   <div class='ocr_carea' id='block_1_73' title="bbox 2151 3267 3742 3342">
    <p class='ocr_par' dir='ltr' id='par_1_73' title="bbox 2151 3267 3742 3342">
     <span class='ocr_line' id='line_1_74' title="bbox 2151 3267 3742 3342; baseline 0.011 -26"><span class='ocrx_word' id='word_1_494' title='bbox 2151 3267 2474 3337; x_wconf 74' lang='grc' dir='ltr'>φάρμακον;</span> <span class='ocrx_word' id='word_1_495' title='bbox 2505 3267 2629 3330; x_wconf 88' lang='grc' dir='ltr'>Πῶς</span> <span class='ocrx_word' id='word_1_496' title='bbox 2659 3268 2715 3321; x_wconf 83' lang='grc' dir='ltr'>δὲ</span> <span class='ocrx_word' id='word_1_497' title='bbox 2751 3269 3106 3340; x_wconf 87' lang='grc' dir='ltr'>θεραπεύσει,</span> <span class='ocrx_word' id='word_1_498' title='bbox 3131 3271 3240 3325; x_wconf 84' lang='grc' dir='ltr'><strong>τῶν</strong></span> <span class='ocrx_word' id='word_1_499' title='bbox 3273 3275 3462 3328; x_wconf 86' lang='grc' dir='ltr'>αίτιῶν</span> <span class='ocrx_word' id='word_1_500' title='bbox 3489 3276 3549 3342; x_wconf 74' lang='grc' dir='ltr'><strong>εξ</strong></span> <span class='ocrx_word' id='word_1_501' title='bbox 3577 3279 3742 3333; x_wconf 76' lang='grc' dir='ltr'>ἐναν-</span> 
     </span>
    </p>
   </div>
   <div class='ocr_carea' id='block_1_74' title="bbox 2149 3353 3740 3437">
    <p class='ocr_par' dir='ltr' id='par_1_74' title="bbox 2149 3353 3740 3437">
     <span class='ocr_line' id='line_1_75' title="bbox 2149 3353 3740 3437; baseline 0.009 -30"><span class='ocrx_word' id='word_1_502' title='bbox 2149 3353 2280 3408; x_wconf 87' lang='grc' dir='ltr'>τίων</span> <span class='ocrx_word' id='word_1_503' title='bbox 2314 3356 2503 3410; x_wconf 83' lang='grc' dir='ltr'>παθῶν</span> <span class='ocrx_word' id='word_1_504' title='bbox 2539 3358 2827 3425; x_wconf 74' lang='grc' dir='ltr'>φυουσῶνς</span> <span class='ocrx_word' id='word_1_505' title='bbox 2871 3359 3082 3415; x_wconf 79' lang='grc' dir='ltr'>Οὐκοῦν</span> <span class='ocrx_word' id='word_1_506' title='bbox 3134 3361 3273 3434; x_wconf 78' lang='grc' dir='ltr'>ἔφην</span> <span class='ocrx_word' id='word_1_507' title='bbox 3304 3364 3442 3436; x_wconf 84' lang='grc' dir='ltr'>πρὸς</span> <span class='ocrx_word' id='word_1_508' title='bbox 3473 3368 3740 3437; x_wconf 77' lang='grc' dir='ltr'>ἐμαυτὸν,</span> 
     </span>
    </p>
   </div>
   <div class='ocr_carea' id='block_1_75' title="bbox 2151 3447 3737 3529">
    <p class='ocr_par' dir='ltr' id='par_1_75' title="bbox 2151 3447 3737 3529">
     <span class='ocr_line' id='line_1_76' title="bbox 2151 3447 3737 3529; baseline 0.008 -29"><span class='ocrx_word' id='word_1_509' title='bbox 2151 3447 2286 3518; x_wconf 83' lang='grc' dir='ltr'>ὅπερ</span> <span class='ocrx_word' id='word_1_510' title='bbox 2335 3449 2430 3502; x_wconf 76' lang='grc' dir='ltr'><strong>καὶ</strong></span> <span class='ocrx_word' id='word_1_511' title='bbox 2473 3449 2608 3520; x_wconf 84' lang='grc' dir='ltr'>πρὸς</span> <span class='ocrx_word' id='word_1_512' title='bbox 2656 3450 2715 3502; x_wconf 82' lang='grc' dir='ltr'>σὲ</span> <span class='ocrx_word' id='word_1_513' title='bbox 2746 3449 2839 3504; x_wconf 82' lang='grc' dir='ltr'>νῦν</span> <span class='ocrx_word' id='word_1_514' title='bbox 2876 3467 3054 3522; x_wconf 76' lang='grc' dir='ltr'>φημι·</span> <span class='ocrx_word' id='word_1_515' title='bbox 3103 3453 3187 3506; x_wconf 81' lang='grc' dir='ltr'>ὅτι</span> <span class='ocrx_word' id='word_1_516' title='bbox 3227 3453 3289 3508; x_wconf 83' lang='lat' dir='ltr'><strong>El</strong></span> <span class='ocrx_word' id='word_1_517' title='bbox 3330 3457 3428 3525; x_wconf 85' lang='grc' dir='ltr'>μὲν</span> <span class='ocrx_word' id='word_1_518' title='bbox 3476 3457 3542 3511; x_wconf 84' lang='grc' dir='ltr'><strong>σὺ</strong></span> <span class='ocrx_word' id='word_1_519' title='bbox 3568 3459 3737 3529; x_wconf 86' lang='grc' dir='ltr'>μόνος</span> 
     </span>
    </p>
   </div>
   <div class='ocr_carea' id='block_1_76' title="bbox 2153 3536 3744 3621">
    <p class='ocr_par' dir='ltr' id='par_1_76' title="bbox 2153 3536 3744 3621">
     <span class='ocr_line' id='line_1_77' title="bbox 2153 3536 3744 3621; baseline 0.011 -32"><span class='ocrx_word' id='word_1_520' title='bbox 2153 3536 2548 3608; x_wconf 81' lang='grc' dir='ltr'>ἀποτυγχάνειν</span> <span class='ocrx_word' id='word_1_521' title='bbox 2561 3539 2805 3611; x_wconf 81' lang='grc' dir='ltr'>ἔμελλες,</span> <span class='ocrx_word' id='word_1_522' title='bbox 2829 3542 3010 3597; x_wconf 86' lang='grc' dir='ltr'>ὀκνεῖν</span> <span class='ocrx_word' id='word_1_523' title='bbox 3033 3545 3222 3616; x_wconf 78' lang='grc' dir='ltr'>ἐχρῆν,</span> <span class='ocrx_word' id='word_1_524' title='bbox 3240 3547 3288 3600; x_wconf 84' lang='grc' dir='ltr'><strong>εί</strong></span> <span class='ocrx_word' id='word_1_525' title='bbox 3311 3552 3405 3602; x_wconf 85' lang='grc' dir='ltr'>καὶ</span> <span class='ocrx_word' id='word_1_526' title='bbox 3420 3550 3628 3621; x_wconf 79' lang='grc' dir='ltr'>Μωσῆς</span> <span class='ocrx_word' id='word_1_527' title='bbox 3643 3554 3744 3606; x_wconf 76' lang='grc' dir='ltr'><strong>καὶ</strong></span> 
     </span>
    </p>
   </div>
   <div class='ocr_carea' id='block_1_77' title="bbox 2169 3629 3736 3716">
    <p class='ocr_par' dir='ltr' id='par_1_77' title="bbox 2169 3629 3736 3716">
     <span class='ocr_line' id='line_1_78' title="bbox 2169 3629 3736 3716; baseline 0.01 -33"><span class='ocrx_word' id='word_1_528' title='bbox 2169 3629 2355 3695; x_wconf 85' lang='grc' dir='ltr'>Ἠλίας</span> <span class='ocrx_word' id='word_1_529' title='bbox 2382 3633 2476 3685; x_wconf 70' lang='grc' dir='ltr'>καὶ</span> <span class='ocrx_word' id='word_1_530' title='bbox 2513 3634 2789 3703; x_wconf 84' lang='grc' dir='ltr'>Ἰωάννης,</span> <span class='ocrx_word' id='word_1_531' title='bbox 2817 3636 2867 3687; x_wconf 93' lang='grc' dir='ltr'><strong>οί</strong></span> <span class='ocrx_word' id='word_1_532' title='bbox 2900 3635 3168 3706; x_wconf 81' lang='grc' dir='ltr'>θεοφιλεῖς</span> <span class='ocrx_word' id='word_1_533' title='bbox 3193 3639 3406 3711; x_wconf 74' lang='grc' dir='ltr'>ἄνδρες,</span> <span class='ocrx_word' id='word_1_534' title='bbox 3437 3642 3563 3697; x_wconf 82' lang='grc' dir='ltr'>οὕτε</span> <span class='ocrx_word' id='word_1_535' title='bbox 3587 3662 3736 3716; x_wconf 85' lang='grc' dir='ltr'>συμ-</span> 
     </span>
    </p>
   </div>
   <div class='ocr_carea' id='block_1_78' title="bbox 2158 3722 3744 3806">
    <p class='ocr_par' dir='ltr' id='par_1_78' title="bbox 2158 3722 3744 3806">
     <span class='ocr_line' id='line_1_79' title="bbox 2158 3722 3744 3806; baseline 0.012 -31"><span class='ocrx_word' id='word_1_536' title='bbox 2158 3722 2570 3791; x_wconf 80' lang='grc' dir='ltr'>6ουλεύσαντες,</span> <span class='ocrx_word' id='word_1_537' title='bbox 2612 3725 2734 3779; x_wconf 77' lang='grc' dir='ltr'>οὔτε</span> <span class='ocrx_word' id='word_1_538' title='bbox 2780 3731 3301 3802; x_wconf 79' lang='grc' dir='ltr'>παῤῥησιασάμενοι</span> <span class='ocrx_word' id='word_1_539' title='bbox 3333 3732 3552 3806; x_wconf 75' lang='grc' dir='ltr'>ὤνησαν</span> <span class='ocrx_word' id='word_1_540' title='bbox 3589 3739 3744 3793; x_wconf 78' lang='grc' dir='ltr'>ὲκεί-</span> 
     </span>
    </p>
   </div>
   <div class='ocr_carea' id='block_1_79' title="bbox 2158 3820 3743 3904">
    <p class='ocr_par' dir='ltr' id='par_1_79' title="bbox 2158 3820 3743 3904">
     <span class='ocr_line' id='line_1_80' title="bbox 2158 3820 3743 3904; baseline 0.009 -32"><span class='ocrx_word' id='word_1_541' title='bbox 2158 3836 2282 3883; x_wconf 88' lang='grc' dir='ltr'>νους</span> <span class='ocrx_word' id='word_1_542' title='bbox 2308 3837 2321 3848; x_wconf 89' lang='grc'><strong>·</strong></span> <span class='ocrx_word' id='word_1_543' title='bbox 2354 3821 2414 3874; x_wconf 83' lang='grc' dir='ltr'><strong>οὐ</strong></span> <span class='ocrx_word' id='word_1_544' title='bbox 2446 3820 2554 3891; x_wconf 83' lang='grc' dir='ltr'><strong>μὴν</strong></span> <span class='ocrx_word' id='word_1_545' title='bbox 2579 3823 2646 3873; x_wconf 75' lang='grc' dir='ltr'>τὰ</span> <span class='ocrx_word' id='word_1_546' title='bbox 2675 3822 2797 3875; x_wconf 83' lang='grc' dir='ltr'>καθ’</span> <span class='ocrx_word' id='word_1_547' title='bbox 2835 3824 3066 3890; x_wconf 80' lang='grc' dir='ltr'>εαυτοὺς</span> <span class='ocrx_word' id='word_1_548' title='bbox 3095 3829 3277 3898; x_wconf 82' lang='grc' dir='ltr'>χεῖρον</span> <span class='ocrx_word' id='word_1_549' title='bbox 3315 3827 3585 3898; x_wconf 81' lang='grc' dir='ltr'>διέθεσαν,</span> <span class='ocrx_word' id='word_1_550' title='bbox 3629 3834 3743 3904; x_wconf 82' lang='grc' dir='ltr'><strong>χρὴ</strong></span> 
     </span>
    </p>
   </div>
   <div class='ocr_carea' id='block_1_80' title="bbox 2158 3911 3746 3995">
    <p class='ocr_par' dir='ltr' id='par_1_80' title="bbox 2158 3911 3746 3995">
     <span class='ocr_line' id='line_1_81' title="bbox 2158 3911 3746 3995; baseline 0.011 -32"><span class='ocrx_word' id='word_1_551' title='bbox 2158 3913 2224 3982; x_wconf 82' lang='grc' dir='ltr'>τῇ</span> <span class='ocrx_word' id='word_1_552' title='bbox 2265 3911 2372 3982; x_wconf 82' lang='grc' dir='ltr'><strong>μὴν</strong></span> <span class='ocrx_word' id='word_1_553' title='bbox 2415 3914 2700 3986; x_wconf 75' lang='grc' dir='ltr'>παρρησίᾳ</span> <span class='ocrx_word' id='word_1_554' title='bbox 2745 3915 3003 3986; x_wconf 89' lang='grc' dir='ltr'>μιγνύναι</span> <span class='ocrx_word' id='word_1_555' title='bbox 3046 3919 3146 3990; x_wconf 80' lang='grc' dir='ltr'>τὴν</span> <span class='ocrx_word' id='word_1_556' title='bbox 3180 3923 3545 3992; x_wconf 85' lang='grc' dir='ltr'>προσήνειαν·</span> <span class='ocrx_word' id='word_1_557' title='bbox 3574 3926 3642 3995; x_wconf 80' lang='grc' dir='ltr'>τῇ</span> <span class='ocrx_word' id='word_1_558' title='bbox 3682 3927 3746 3980; x_wconf 65' lang='grc' dir='ltr'>δὲ</span> 
     </span>
    </p>
   </div>
   <div class='ocr_carea' id='block_1_81' title="bbox 2162 4000 3749 4090">
    <p class='ocr_par' dir='ltr' id='par_1_81' title="bbox 2162 4000 3749 4090">
     <span class='ocr_line' id='line_1_82' title="bbox 2162 4000 3749 4090; baseline 0.012 -37"><span class='ocrx_word' id='word_1_559' title='bbox 2162 4000 2283 4073; x_wconf 65' lang='grc' dir='ltr'>θεία</span> <span class='ocrx_word' id='word_1_560' title='bbox 2312 4003 2456 4075; x_wconf 76' lang='grc' dir='ltr'>δεξιᾷ</span> <span class='ocrx_word' id='word_1_561' title='bbox 2508 4008 2822 4078; x_wconf 77' lang='grc' dir='ltr'>ἐπιτρέπειν</span> <span class='ocrx_word' id='word_1_562' title='bbox 2865 4010 2965 4081; x_wconf 78' lang='grc' dir='ltr'>τὴν</span> <span class='ocrx_word' id='word_1_563' title='bbox 2991 4011 3269 4082; x_wconf 77' lang='grc' dir='ltr'>ἰατρείανο</span> <span class='ocrx_word' id='word_1_564' title='bbox 3331 4015 3402 4069; x_wconf 83' lang='grc' dir='ltr'>τὰ</span> <span class='ocrx_word' id='word_1_565' title='bbox 3446 4015 3594 4071; x_wconf 87' lang='grc' dir='ltr'><strong>κακά</strong></span> <span class='ocrx_word' id='word_1_566' title='bbox 3631 4017 3749 4090; x_wconf 80' lang='grc' dir='ltr'>γὰρ</span> 
     </span>
    </p>
   </div>
   <div class='ocr_carea' id='block_1_82' title="bbox 2167 4093 3751 4173">
    <p class='ocr_par' dir='ltr' id='par_1_82' title="bbox 2167 4093 3751 4173">
     <span class='ocr_line' id='line_1_83' title="bbox 2167 4093 3751 4173; baseline 0.011 -27"><span class='ocrx_word' id='word_1_567' title='bbox 2167 4093 2314 4149; x_wconf 77' lang='grc' dir='ltr'>ἴσασι</span> <span class='ocrx_word' id='word_1_568' title='bbox 2345 4098 2543 4163; x_wconf 80' lang='grc' dir='ltr'>πάντες</span> <span class='ocrx_word' id='word_1_569' title='bbox 2574 4099 2850 4170; x_wconf 80' lang='grc' dir='ltr'>ἄνθρωποι</span> <span class='ocrx_word' id='word_1_570' title='bbox 2885 4102 3072 4171; x_wconf 77' lang='grc' dir='ltr'>σχεδὸν</span> <span class='ocrx_word' id='word_1_571' title='bbox 3111 4105 3205 4173; x_wconf 79' lang='grc' dir='ltr'><strong>ἀφ’</strong></span> <span class='ocrx_word' id='word_1_572' title='bbox 3238 4107 3479 4161; x_wconf 78' lang='grc' dir='ltr'>ἑαυτῶν·</span> <span class='ocrx_word' id='word_1_573' title='bbox 3510 4107 3580 4162; x_wconf 88' lang='grc' dir='ltr'><strong>τά</strong></span> <span class='ocrx_word' id='word_1_574' title='bbox 3601 4109 3751 4164; x_wconf 86' lang='grc' dir='ltr'><strong>καλὰ</strong></span> 
     </span>
    </p>
   </div>
   <div class='ocr_carea' id='block_1_83' title="bbox 2162 4189 3748 4269">
    <p class='ocr_par' dir='ltr' id='par_1_83' title="bbox 2162 4189 3748 4269">
     <span class='ocr_line' id='line_1_84' title="bbox 2162 4189 3748 4269; baseline 0.008 -24"><span class='ocrx_word' id='word_1_575' title='bbox 2162 4191 2238 4254; x_wconf 84' lang='grc' dir='ltr'><strong>δὲ,</strong></span> <span class='ocrx_word' id='word_1_576' title='bbox 2289 4189 2408 4244; x_wconf 74' lang='grc' dir='ltr'>οὐδὲ</span> <span class='ocrx_word' id='word_1_577' title='bbox 2452 4193 2582 4262; x_wconf 82' lang='grc' dir='ltr'>παρ’</span> <span class='ocrx_word' id='word_1_578' title='bbox 2626 4191 2802 4245; x_wconf 79' lang='grc' dir='ltr'>ἄλλων</span> <span class='ocrx_word' id='word_1_579' title='bbox 2843 4193 3156 4263; x_wconf 86' lang='grc' dir='ltr'>ἀκούοντες,</span> <span class='ocrx_word' id='word_1_580' title='bbox 3209 4198 3401 4269; x_wconf 79' lang='grc' dir='ltr'>μαθεῖν</span> <span class='ocrx_word' id='word_1_581' title='bbox 3446 4199 3748 4258; x_wconf 73' lang='grc' dir='ltr'>ἐθέλουσιν.</span> 
     </span>
    </p>
   </div>
   <div class='ocr_carea' id='block_1_84' title="bbox 485 4285 3751 4360">
    <p class='ocr_par' dir='ltr' id='par_1_84' title="bbox 485 4285 3751 4360">
     <span class='ocr_line' id='line_1_85' title="bbox 485 4285 3751 4360; baseline -0.002 -12"><span class='ocrx_word' id='word_1_582' title='bbox 485 4297 720 4352; x_wconf 69' lang='lat' dir='ltr'><strong>libertati</strong></span> <span class='ocrx_word' id='word_1_583' title='bbox 808 4294 1132 4350; x_wconf 81' lang='lat' dir='ltr'><strong>suavitatem</strong></span> <span class='ocrx_word' id='word_1_584' title='bbox 1199 4292 1506 4348; x_wconf 90' lang='lat' dir='ltr'><strong>admiscere</strong></span> <span class='ocrx_word' id='word_1_585' title='bbox 1577 4300 1819 4360; x_wconf 67' lang='lat' dir='ltr'><strong>oportct,</strong></span> <span class='ocrx_word' id='word_1_586' title='bbox 1873 4286 2069 4341; x_wconf 82' lang='lat' dir='ltr'><strong>divina:</strong></span> <span class='ocrx_word' id='word_1_587' title='bbox 2104 4295 2285 4341; x_wconf 89' lang='lat' dir='ltr'><strong>autem</strong></span> <span class='ocrx_word' id='word_1_588' title='bbox 2344 4285 2552 4341; x_wconf 75' lang='lat' dir='ltr'><strong>dextrae</strong></span> <span class='ocrx_word' id='word_1_589' title='bbox 2637 4286 2976 4342; x_wconf 89' lang='lat' dir='ltr'><strong>sanationem</strong></span> <span class='ocrx_word' id='word_1_590' title='bbox 3063 4291 3401 4360; x_wconf 82' lang='lat' dir='ltr'><strong>permittere.</strong></span> <span class='ocrx_word' id='word_1_591' title='bbox 3424 4293 3560 4348; x_wconf 82' lang='lat' dir='ltr'><strong>Maia</strong></span> <span class='ocrx_word' id='word_1_592' title='bbox 3597 4296 3751 4350; x_wconf 79' lang='lat' dir='ltr'><strong>enim</strong></span> 
     </span>
    </p>
   </div>
   <div class='ocr_carea' id='block_1_85' title="bbox 486 4371 3755 4458">
    <p class='ocr_par' dir='ltr' id='par_1_85' title="bbox 486 4371 3755 4458">
     <span class='ocr_line' id='line_1_86' title="bbox 486 4371 3755 4458; baseline 0 -16"><span class='ocrx_word' id='word_1_593' title='bbox 486 4388 870 4458; x_wconf 84' lang='lat' dir='ltr'><strong>propemodum</strong></span> <span class='ocrx_word' id='word_1_594' title='bbox 907 4403 973 4443; x_wconf 81' lang='lat' dir='ltr'><strong>ex</strong></span> <span class='ocrx_word' id='word_1_595' title='bbox 1023 4385 1213 4456; x_wconf 87' lang='lat' dir='ltr'><strong>seipsis</strong></span> <span class='ocrx_word' id='word_1_596' title='bbox 1259 4398 1449 4439; x_wconf 89' lang='lat' dir='ltr'><strong>omnes</strong></span> <span class='ocrx_word' id='word_1_597' title='bbox 1498 4383 1739 4438; x_wconf 87' lang='lat' dir='ltr'><strong>homines</strong></span> <span class='ocrx_word' id='word_1_598' title='bbox 1775 4389 1972 4436; x_wconf 84' lang='lat' dir='ltr'><strong>norunt</strong></span> <span class='ocrx_word' id='word_1_599' title='bbox 2008 4397 2024 4434; x_wconf 92' lang='lat'><strong>:</strong></span> <span class='ocrx_word' id='word_1_600' title='bbox 2068 4381 2207 4436; x_wconf 81' lang='lat' dir='ltr'><strong>bona</strong></span> <span class='ocrx_word' id='word_1_601' title='bbox 2242 4388 2445 4448; x_wconf 82' lang='lat' dir='ltr'><strong>autem,</strong></span> <span class='ocrx_word' id='word_1_602' title='bbox 2473 4391 2573 4434; x_wconf 90' lang='lat' dir='ltr'><strong>nec</strong></span> <span class='ocrx_word' id='word_1_603' title='bbox 2608 4371 2676 4432; x_wconf 76' lang='lat' dir='ltr'><strong>ab</strong></span> <span class='ocrx_word' id='word_1_604' title='bbox 2711 4378 2832 4434; x_wconf 90' lang='lat' dir='ltr'><strong>aliis</strong></span> <span class='ocrx_word' id='word_1_605' title='bbox 2873 4381 3093 4451; x_wconf 91' lang='lat' dir='ltr'><strong>quidem</strong></span> <span class='ocrx_word' id='word_1_606' title='bbox 3134 4384 3438 4454; x_wconf 87' lang='lat' dir='ltr'><strong>audientes,</strong></span> <span class='ocrx_word' id='word_1_607' title='bbox 3466 4387 3755 4443; x_wconf 83' lang='lat' dir='ltr'><strong>addiscere</strong></span> 
     </span>
    </p>
   </div>
   <div class='ocr_carea' id='block_1_86' title="bbox 492 4479 1126 4536">
    <p class='ocr_par' dir='ltr' id='par_1_86' title="bbox 492 4479 1126 4536">
     <span class='ocr_line' id='line_1_87' title="bbox 492 4479 1126 4536; baseline -0.006 0"><span class='ocrx_word' id='word_1_608' title='bbox 492 4487 540 4536; x_wconf 88' lang='lat' dir='ltr'><strong>iu</strong></span> <span class='ocrx_word' id='word_1_609' title='bbox 567 4481 806 4536; x_wconf 86' lang='lat' dir='ltr'><strong>animum</strong></span> <span class='ocrx_word' id='word_1_610' title='bbox 843 4479 1126 4534; x_wconf 84' lang='lat' dir='ltr'><strong>inducunt.</strong></span> 
     </span>
    </p>
   </div>
   <div class='ocr_carea' id='block_1_87' title="bbox 823 4589 1735 4666">
    <p class='ocr_par' dir='ltr' id='par_1_87' title="bbox 823 4589 1735 4666">
     <span class='ocr_line' id='line_1_88' title="bbox 823 4589 1735 4666; baseline -0.003 -16"><span class='ocrx_word' id='word_1_611' title='bbox 823 4592 990 4666; x_wconf 63' lang='grc' dir='ltr'>ωε</span> <span class='ocrx_word' id='word_1_612' title='bbox 1016 4590 1376 4649; x_wconf 72' lang='lat' dir='ltr'><strong>cccxcvm.</strong></span> <span class='ocrx_word' id='word_1_613' title='bbox 1392 4589 1735 4647; x_wconf 67' lang='lat' dir='ltr'><strong>~ALYl‘l0.</strong></span> 
     </span>
    </p>
   </div>
   <div class='ocr_carea' id='block_1_88' title="bbox 672 4679 1866 4753">
    <p class='ocr_par' dir='ltr' id='par_1_88' title="bbox 672 4679 1866 4753">
     <span class='ocr_line' id='line_1_89' title="bbox 672 4679 1866 4753; baseline -0.009 -11"><span class='ocrx_word' id='word_1_614' title='bbox 672 4687 745 4742; x_wconf 85' lang='lat' dir='ltr'><strong>De</strong></span> <span class='ocrx_word' id='word_1_615' title='bbox 771 4703 830 4741; x_wconf 87' lang='lat' dir='ltr'><strong>eo</strong></span> <span class='ocrx_word' id='word_1_616' title='bbox 855 4689 939 4739; x_wconf 80' lang='lat' dir='ltr'><strong>cui</strong></span> <span class='ocrx_word' id='word_1_617' title='bbox 966 4684 1164 4738; x_wconf 59' lang='lat' dir='ltr'><strong>credita</strong></span> <span class='ocrx_word' id='word_1_618' title='bbox 1193 4694 1312 4738; x_wconf 75' lang='lat' dir='ltr'><strong>sunt</strong></span> <span class='ocrx_word' id='word_1_619' title='bbox 1345 4685 1569 4753; x_wconf 79' lang='lat' dir='ltr'><strong>quinque</strong></span> <span class='ocrx_word' id='word_1_620' title='bbox 1603 4681 1800 4737; x_wconf 72' lang='lat' dir='ltr'><strong>talenta</strong></span> <span class='ocrx_word' id='word_1_621' title='bbox 1820 4679 1866 4712; x_wconf 82' lang='grc'><strong>⁸³</strong></span> 
     </span>
    </p>
   </div>
   <div class='ocr_carea' id='block_1_89' title="bbox 2101 4579 3269 4666">
    <p class='ocr_par' dir='ltr' id='par_1_89' title="bbox 2101 4579 3269 4666">
     <span class='ocr_line' id='line_1_90' title="bbox 2101 4579 3269 4666; baseline 0.004 -23"><span class='ocrx_word' id='word_1_622' title='bbox 2101 4579 2146 4635; x_wconf 88' lang='lat' dir='ltr'><strong>D</strong></span> <span class='ocrx_word' id='word_1_623' title='bbox 2675 4587 2843 4654; x_wconf 67' lang='lat' dir='ltr'><strong>TLJI&#39;.</strong></span> <span class='ocrx_word' id='word_1_624' title='bbox 2883 4619 2952 4629; x_wconf 88' lang='lat'><strong>—</strong></span> <span class='ocrx_word' id='word_1_625' title='bbox 2991 4591 3269 4666; x_wconf 79' lang='grc' dir='ltr'><strong>ΑΛΥΙΙΙῼ.</strong></span> 
     </span>
    </p>
   </div>
   <div class='ocr_carea' id='block_1_90' title="bbox 2343 4678 3582 4748">
    <p class='ocr_par' dir='ltr' id='par_1_90' title="bbox 2343 4678 3582 4748">
     <span class='ocr_line' id='line_1_91' title="bbox 2343 4678 3582 4748; baseline 0.009 -16"><span class='ocrx_word' id='word_1_626' title='bbox 2343 4678 2484 4748; x_wconf 72' lang='grc' dir='ltr'>Περὶ</span> <span class='ocrx_word' id='word_1_627' title='bbox 2515 4678 2624 4734; x_wconf 86' lang='grc' dir='ltr'>τοῦ</span> <span class='ocrx_word' id='word_1_628' title='bbox 2655 4682 3085 4747; x_wconf 80' lang='grc' dir='ltr'>πιστευθέντος</span> <span class='ocrx_word' id='word_1_629' title='bbox 3106 4683 3179 4738; x_wconf 80' lang='grc' dir='ltr'>τὰ</span> <span class='ocrx_word' id='word_1_630' title='bbox 3215 4684 3260 4737; x_wconf 82' lang='grc' dir='ltr'>ε’</span> <span class='ocrx_word' id='word_1_631' title='bbox 3293 4686 3582 4743; x_wconf 66' lang='grc' dir='ltr'>τάλαντα.</span> 
     </span>
    </p>
   </div>
   <div class='ocr_carea' id='block_1_91' title="bbox 566 4785 2033 4874">
    <p class='ocr_par' dir='ltr' id='par_1_91' title="bbox 566 4796 2033 4867">
     <span class='ocr_line' id='line_1_92' title="bbox 566 4796 2033 4867; baseline -0.01 -11"><span class='ocrx_word' id='word_1_632' title='bbox 566 4803 816 4859; x_wconf 70' lang='lat' dir='ltr'><strong>Pecunia:</strong></span> <span class='ocrx_word' id='word_1_633' title='bbox 859 4797 1427 4863; x_wconf 53' lang='lat' dir='ltr'><strong>numerationemnir</strong></span> <span class='ocrx_word' id='word_1_634' title='bbox 1480 4798 1702 4867; x_wconf 87' lang='lat' dir='ltr'><strong>optime,</strong></span> <span class='ocrx_word' id='word_1_635' title='bbox 1759 4796 2033 4849; x_wconf 75' lang='lat' dir='ltr'><strong>divmarur</strong></span> 
     </span>
    </p>
   </div>
   <div class='ocr_carea' id='block_1_92' title="bbox 2149 4785 3757 4874">
    <p class='ocr_par' dir='ltr' id='par_1_92' title="bbox 2245 4785 3757 4874">
     <span class='ocr_line' id='line_1_93' title="bbox 2245 4785 3757 4874; baseline 0.011 -31"><span class='ocrx_word' id='word_1_636' title='bbox 2245 4790 2587 4861; x_wconf 79' lang='grc' dir='ltr'>Καταϐολὴν,</span> <span class='ocrx_word' id='word_1_637' title='bbox 2629 4785 2676 4846; x_wconf 78' lang='grc' dir='ltr'>ὦ</span> <span class='ocrx_word' id='word_1_638' title='bbox 2711 4791 2975 4862; x_wconf 76' lang='grc' dir='ltr'>βέλτιστε,</span> <span class='ocrx_word' id='word_1_639' title='bbox 3010 4795 3273 4867; x_wconf 86' lang='grc' dir='ltr'>ἀργυρίου</span> <span class='ocrx_word' id='word_1_640' title='bbox 3305 4797 3473 4869; x_wconf 83' lang='grc' dir='ltr'>λέγει,</span> <span class='ocrx_word' id='word_1_641' title='bbox 3511 4803 3614 4874; x_wconf 75' lang='grc' dir='ltr'><strong>τὴν</strong></span> <span class='ocrx_word' id='word_1_642' title='bbox 3644 4805 3757 4860; x_wconf 86' lang='grc' dir='ltr'><strong>τῶν</strong></span> 
     </span>
    </p>
   </div>
   <div class='ocr_carea' id='block_1_93' title="bbox 500 4877 2033 4969">
    <p class='ocr_par' dir='ltr' id='par_1_93' title="bbox 500 4877 2033 4963">
     <span class='ocr_line' id='line_1_94' title="bbox 500 4877 2033 4963; baseline -0.007 -16"><span class='ocrx_word' id='word_1_643' title='bbox 500 4896 901 4963; x_wconf 83' lang='lat' dir='ltr'><strong>Scripturarum</strong></span> <span class='ocrx_word' id='word_1_644' title='bbox 934 4891 1235 4947; x_wconf 81' lang='lat' dir='ltr'><strong>doctrinam</strong></span> <span class='ocrx_word' id='word_1_645' title='bbox 1271 4908 1331 4946; x_wconf 85' lang='lat' dir='ltr'><strong>ac</strong></span> <span class='ocrx_word' id='word_1_646' title='bbox 1362 4891 1775 4961; x_wconf 68' lang='lat' dir='ltr'><strong>praeceptionem</strong></span> <span class='ocrx_word' id='word_1_647' title='bbox 1817 4877 2033 4955; x_wconf 62' lang='lat' dir='ltr'><strong>appellat</strong></span> 
     </span>
    </p>
   </div>
   <div class='ocr_carea' id='block_1_94' title="bbox 2149 4877 3758 4969">
    <p class='ocr_par' dir='ltr' id='par_1_94' title="bbox 2173 4877 3758 4969">
     <span class='ocr_line' id='line_1_95' title="bbox 2173 4877 3758 4969; baseline 0.013 -37"><span class='ocrx_word' id='word_1_648' title='bbox 2173 4877 2336 4969; x_wconf 82' lang='grc' dir='ltr'>θείων</span> <span class='ocrx_word' id='word_1_649' title='bbox 2366 4881 2597 4952; x_wconf 78' lang='grc' dir='ltr'>Γραφῶν</span> <span class='ocrx_word' id='word_1_650' title='bbox 2623 4881 2969 4938; x_wconf 85' lang='grc' dir='ltr'>διδασκαλίαν</span> <span class='ocrx_word' id='word_1_651' title='bbox 2989 4902 3004 4916; x_wconf 86' lang='grc'><strong>·</strong></span> <span class='ocrx_word' id='word_1_652' title='bbox 3031 4886 3189 4940; x_wconf 85' lang='grc' dir='ltr'>τόκον</span> <span class='ocrx_word' id='word_1_653' title='bbox 3216 4889 3275 4943; x_wconf 83' lang='grc' dir='ltr'>δὲ</span> <span class='ocrx_word' id='word_1_654' title='bbox 3297 4891 3632 4962; x_wconf 83' lang='grc' dir='ltr'>ἀκροάσεως,</span> <span class='ocrx_word' id='word_1_655' title='bbox 3655 4897 3758 4969; x_wconf 79' lang='grc' dir='ltr'>τὴν</span> 
     </span>
    </p>
   </div>
   <div class='ocr_carea' id='block_1_95' title="bbox 500 4967 2033 5055">
    <p class='ocr_par' dir='ltr' id='par_1_95' title="bbox 500 4981 2033 5053">
     <span class='ocr_line' id='line_1_96' title="bbox 500 4981 2033 5053; baseline -0.006 -14"><span class='ocrx_word' id='word_1_656' title='bbox 500 4985 791 5040; x_wconf 82' lang='lat' dir='ltr'><strong>auditionis</strong></span> <span class='ocrx_word' id='word_1_657' title='bbox 829 4989 1009 5038; x_wconf 58' lang='lat' dir='ltr'><strong>autem</strong></span> <span class='ocrx_word' id='word_1_658' title='bbox 1062 4981 1240 5050; x_wconf 77' lang='lat' dir='ltr'><strong>fenus,</strong></span> <span class='ocrx_word' id='word_1_659' title='bbox 1263 4997 1492 5053; x_wconf 81' lang='lat' dir='ltr'><strong>operum</strong></span> <span class='ocrx_word' id='word_1_660' title='bbox 1528 4981 2033 5036; x_wconf 83' lang='lat' dir='ltr'><strong>demonstrationem</strong></span> 
     </span>
    </p>
   </div>
   <div class='ocr_carea' id='block_1_96' title="bbox 2149 4967 3756 5055">
    <p class='ocr_par' dir='ltr' id='par_1_96' title="bbox 2172 4967 3756 5055">
     <span class='ocr_line' id='line_1_97' title="bbox 2172 4967 3756 5055; baseline 0.011 -35"><span class='ocrx_word' id='word_1_661' title='bbox 2172 4968 2282 5020; x_wconf 89' lang='grc' dir='ltr'><strong>τῶν</strong></span> <span class='ocrx_word' id='word_1_662' title='bbox 2313 4967 2490 5040; x_wconf 81' lang='grc' dir='ltr'>ἔργων</span> <span class='ocrx_word' id='word_1_663' title='bbox 2521 4971 2803 5039; x_wconf 78' lang='grc' dir='ltr'>ἐπίδειξιν.</span> <span class='ocrx_word' id='word_1_664' title='bbox 2833 4973 3065 5043; x_wconf 85' lang='grc' dir='ltr'>Ὀφελος</span> <span class='ocrx_word' id='word_1_665' title='bbox 3086 4978 3194 5048; x_wconf 85' lang='grc' dir='ltr'><strong>γὰρ</strong></span> <span class='ocrx_word' id='word_1_666' title='bbox 3227 4979 3377 5033; x_wconf 81' lang='grc' dir='ltr'>οὐδὲν</span> <span class='ocrx_word' id='word_1_667' title='bbox 3409 4967 3756 5055; x_wconf 76' lang='grc' dir='ltr'>ἀκροάσεως,</span> 
     </span>
    </p>
   </div>
   <div class='ocr_carea' id='block_1_97' title="bbox 499 5061 2033 5143">
    <p class='ocr_par' dir='ltr' id='par_1_97' title="bbox 499 5071 2033 5141">
     <span class='ocr_line' id='line_1_98' title="bbox 499 5071 2033 5141; baseline -0.007 -12"><span class='ocrx_word' id='word_1_668' title='bbox 499 5075 644 5130; x_wconf 85' lang='lat' dir='ltr'><strong>Nihil</strong></span> <span class='ocrx_word' id='word_1_669' title='bbox 673 5076 816 5129; x_wconf 90' lang='lat' dir='ltr'><strong>enim</strong></span> <span class='ocrx_word' id='word_1_670' title='bbox 851 5074 1103 5128; x_wconf 84' lang='lat' dir='ltr'><strong>utilitatis</strong></span> <span class='ocrx_word' id='word_1_671' title='bbox 1153 5090 1220 5129; x_wconf 77' lang='lat' dir='ltr'><strong>cx</strong></span> <span class='ocrx_word' id='word_1_672' title='bbox 1282 5074 1559 5127; x_wconf 85' lang='lat' dir='ltr'><strong>auditione</strong></span> <span class='ocrx_word' id='word_1_673' title='bbox 1599 5071 1914 5141; x_wconf 81' lang='lat' dir='ltr'><strong>percipitur,</strong></span> <span class='ocrx_word' id='word_1_674' title='bbox 1949 5085 2033 5120; x_wconf 80' lang='lat' dir='ltr'><strong>(:lll</strong></span> 
     </span>
    </p>
   </div>
   <div class='ocr_carea' id='block_1_98' title="bbox 2149 5061 3759 5143">
    <p class='ocr_par' dir='ltr' id='par_1_98' title="bbox 2172 5061 3759 5143">
     <span class='ocr_line' id='line_1_99' title="bbox 2172 5061 3759 5143; baseline 0.011 -30"><span class='ocrx_word' id='word_1_675' title='bbox 2172 5061 2302 5113; x_wconf 80' lang='grc' dir='ltr'>ὅταν</span> <span class='ocrx_word' id='word_1_676' title='bbox 2337 5063 2370 5131; x_wconf 84' lang='grc' dir='ltr'><strong>ἡ</strong></span> <span class='ocrx_word' id='word_1_677' title='bbox 2395 5062 2483 5114; x_wconf 74' lang='grc' dir='ltr'>διὰ</span> <span class='ocrx_word' id='word_1_678' title='bbox 2545 5065 2654 5115; x_wconf 89' lang='grc' dir='ltr'><strong>τῶν</strong></span> <span class='ocrx_word' id='word_1_679' title='bbox 2697 5065 2873 5136; x_wconf 72' lang='grc' dir='ltr'>ἔργων</span> <span class='ocrx_word' id='word_1_680' title='bbox 2908 5068 3170 5135; x_wconf 78' lang='grc' dir='ltr'>ἐπίδειξις</span> <span class='ocrx_word' id='word_1_681' title='bbox 3206 5072 3278 5142; x_wconf 84' lang='grc' dir='ltr'>μὴ</span> <span class='ocrx_word' id='word_1_682' title='bbox 3324 5073 3612 5140; x_wconf 77' lang='grc' dir='ltr'>συμϐαίνει</span> <span class='ocrx_word' id='word_1_683' title='bbox 3643 5081 3759 5143; x_wconf 84' lang='grc' dir='ltr'>τοῖς</span> 
     </span>
    </p>
   </div>
   <div class='ocr_carea' id='block_1_99' title="bbox 501 5151 2033 5240">
    <p class='ocr_par' dir='ltr' id='par_1_99' title="bbox 501 5160 2033 5232">
     <span class='ocr_line' id='line_1_100' title="bbox 501 5160 2033 5232; baseline -0.006 -14"><span class='ocrx_word' id='word_1_684' title='bbox 501 5178 726 5232; x_wconf 89' lang='lat' dir='ltr'><strong>operum</strong></span> <span class='ocrx_word' id='word_1_685' title='bbox 761 5163 1155 5218; x_wconf 82' lang='lat' dir='ltr'><strong>demonstratio</strong></span> <span class='ocrx_word' id='word_1_686' title='bbox 1201 5177 1321 5218; x_wconf 86' lang='lat' dir='ltr'><strong>cum</strong></span> <span class='ocrx_word' id='word_1_687' title='bbox 1370 5163 1456 5228; x_wconf 88' lang='lat' dir='ltr'><strong>iis,</strong></span> <span class='ocrx_word' id='word_1_688' title='bbox 1482 5175 1604 5232; x_wconf 64' lang='lat' dir='ltr'><strong>quae</strong></span> <span class='ocrx_word' id='word_1_689' title='bbox 1653 5160 1928 5221; x_wconf 84' lang='lat' dir='ltr'><strong>dicuntur,</strong></span> <span class='ocrx_word' id='word_1_690' title='bbox 1966 5171 2033 5209; x_wconf 92' lang='lat' dir='ltr'><strong>uo</strong></span> 
     </span>
    </p>
   </div>
   <div class='ocr_carea' id='block_1_100' title="bbox 2149 5151 3762 5240">
    <p class='ocr_par' dir='ltr' id='par_1_100' title="bbox 2175 5151 3762 5240">
     <span class='ocr_line' id='line_1_101' title="bbox 2175 5151 3762 5240; baseline 0.014 -38"><span class='ocrx_word' id='word_1_691' title='bbox 2175 5151 2507 5222; x_wconf 79' lang='grc' dir='ltr'>λεγομένοις.</span> <span class='ocrx_word' id='word_1_692' title='bbox 2542 5154 2664 5208; x_wconf 74' lang='grc' dir='ltr'>Ὀτι</span> <span class='ocrx_word' id='word_1_693' title='bbox 2691 5156 2747 5208; x_wconf 86' lang='grc' dir='ltr'>δὲ</span> <span class='ocrx_word' id='word_1_694' title='bbox 2771 5157 2912 5211; x_wconf 79' lang='grc' dir='ltr'>τοῦτ’</span> <span class='ocrx_word' id='word_1_695' title='bbox 2949 5158 3096 5214; x_wconf 77' lang='grc' dir='ltr'>ἔστιν</span> <span class='ocrx_word' id='word_1_696' title='bbox 3122 5162 3337 5235; x_wconf 84' lang='grc' dir='ltr'>ἀληθὲς,</span> <span class='ocrx_word' id='word_1_697' title='bbox 3359 5168 3600 5240; x_wconf 82' lang='grc' dir='ltr'>τιμωρία</span> <span class='ocrx_word' id='word_1_698' title='bbox 3627 5168 3762 5224; x_wconf 71' lang='grc' dir='ltr'>ἐπε-</span> 
     </span>
    </p>
   </div>
   <div class='ocr_carea' id='block_1_101' title="bbox 587 5339 1128 5408">
    <p class='ocr_par' dir='ltr' id='par_1_101' title="bbox 587 5339 1128 5408">
     <span class='ocr_line' id='line_1_102' title="bbox 587 5339 1128 5408; baseline -0.002 -12"><span class='ocrx_word' id='word_1_699' title='bbox 587 5339 632 5372; x_wconf 85' lang='grc'><strong>⁸³</strong></span> <span class='ocrx_word' id='word_1_700' title='bbox 657 5339 844 5399; x_wconf 80' lang='lat' dir='ltr'><strong>Matth.</strong></span> <span class='ocrx_word' id='word_1_701' title='bbox 873 5357 1001 5408; x_wconf 75' lang='lat' dir='ltr'><strong>xxv,</strong></span> <span class='ocrx_word' id='word_1_702' title='bbox 1040 5341 1128 5396; x_wconf 79' lang='grc'><strong>15.</strong></span> 
     </span>
    </p>
   </div>
   <div class='ocr_carea' id='block_1_102' title="bbox 1603 5446 2659 5507">
    <p class='ocr_par' dir='ltr' id='par_1_102' title="bbox 1603 5446 2659 5507">
     <span class='ocr_line' id='line_1_103' title="bbox 1603 5446 2659 5507; baseline -0.002 0"><span class='ocrx_word' id='word_1_703' title='bbox 1603 5449 1839 5507; x_wconf 76' lang='lat' dir='ltr'><strong>VARUE</strong></span> <span class='ocrx_word' id='word_1_704' title='bbox 1871 5448 2256 5506; x_wconf 80' lang='lat' dir='ltr'><strong>LECTIONES</strong></span> <span class='ocrx_word' id='word_1_705' title='bbox 2307 5447 2394 5502; x_wconf 83' lang='grc' dir='ltr'><strong>ΕΤ</strong></span> <span class='ocrx_word' id='word_1_706' title='bbox 2427 5446 2659 5505; x_wconf 61' lang='grc' dir='ltr'><strong>ΝΟΪᾺΕ.</strong></span> 
     </span>
    </p>
   </div>
   <div class='ocr_carea' id='block_1_103' title="bbox 581 5601 2033 5732">
    <p class='ocr_par' dir='ltr' id='par_1_103' title="bbox 581 5601 2033 5732">
     <span class='ocr_line' id='line_1_104' title="bbox 581 5601 2033 5732; baseline -0.005 -65"><span class='ocrx_word' id='word_1_707' title='bbox 581 5612 690 5683; x_wconf 73' lang='grc' dir='ltr'><strong>(ιθ)</strong></span> <span class='ocrx_word' id='word_1_708' title='bbox 727 5612 828 5669; x_wconf 83' lang='lat' dir='ltr'><strong>Pro</strong></span> <span class='ocrx_word' id='word_1_709' title='bbox 863 5614 1195 5684; x_wconf 84' lang='grc' dir='ltr'>πταίσμασιν</span> <span class='ocrx_word' id='word_1_710' title='bbox 1227 5613 1348 5668; x_wconf 87' lang='lat' dir='ltr'><strong>cod.</strong></span> <span class='ocrx_word' id='word_1_711' title='bbox 1377 5611 1440 5666; x_wconf 84' lang='lat' dir='ltr'><strong>V.</strong></span> <span class='ocrx_word' id='word_1_712' title='bbox 1474 5612 1576 5666; x_wconf 74' lang='lat'><strong>630</strong></span> <span class='ocrx_word' id='word_1_713' title='bbox 1601 5601 1787 5666; x_wconf 76' lang='lat' dir='ltr'><strong>scribit</strong></span> <span class='ocrx_word' id='word_1_714' title='bbox 1812 5610 2033 5732; x_wconf 56' lang='lat' dir='ltr'><strong>ﬁpé‘fsa</strong></span> 
     </span>
     <span class='ocr_line' id='line_1_105' title="bbox 581 5683 2033 5732; baseline 0 0"><span class='ocrx_word' id='word_1_715' title='bbox 581 5700 620 5732; x_wconf 75' lang='grc' dir='ltr'>ν.</span> <span class='ocrx_word' id='word_1_716' title='bbox 654 5694 705 5732; x_wconf 84' lang='lat' dir='ltr'><strong>et</strong></span> <span class='ocrx_word' id='word_1_717' title='bbox 751 5699 888 5732; x_wconf 78' lang='lat' dir='ltr'><strong>vers-</strong></span> <span class='ocrx_word' id='word_1_718' title='bbox 927 5694 1045 5732; x_wconf 83' lang='lat' dir='ltr'><strong>nnst</strong></span> <span class='ocrx_word' id='word_1_719' title='bbox 1084 5683 1140 5732; x_wconf 64' lang='grc' dir='ltr'><strong>ἓ.</strong></span> <span class='ocrx_word' id='word_1_720' title='bbox 1178 5699 1272 5732; x_wconf 87' lang='lat' dir='ltr'><strong>nm</strong></span> <span class='ocrx_word' id='word_1_721' title='bbox 1312 5683 1475 5732; x_wconf 79' lang='grc' dir='ltr'>ἄναοι</span> <span class='ocrx_word' id='word_1_722' title='bbox 1509 5684 1666 5732; x_wconf 80' lang='lat' dir='ltr'><strong>habet</strong></span> <span class='ocrx_word' id='word_1_723' title='bbox 1715 5684 1916 5732; x_wconf 83' lang='grc' dir='ltr'>νεῖοον.</span> <span class='ocrx_word' id='word_1_724' title='bbox 2017 5695 2033 5732; x_wconf 81' lang='lat' dir='ltr'><strong>t‘</strong></span> 
     </span>
    </p>
   </div>
   <div class='ocr_carea' id='block_1_104' title="bbox 2149 5601 3762 5732">
    <p class='ocr_par' dir='ltr' id='par_1_104' title="bbox 2179 5607 3762 5732">
     <span class='ocr_line' id='line_1_106' title="bbox 2179 5607 3762 5732; baseline 0.015 -74"><span class='ocrx_word' id='word_1_725' title='bbox 2179 5608 2517 5732; x_wconf 48' lang='lat' dir='ltr'><strong>gglsléfut&#39;ers.</strong></span> <span class='ocrx_word' id='word_1_726' title='bbox 2579 5607 2672 5662; x_wconf 90' lang='lat' dir='ltr'><strong>ult.</strong></span> <span class='ocrx_word' id='word_1_727' title='bbox 2717 5624 2802 5678; x_wconf 89' lang='lat' dir='ltr'><strong>ep.</strong></span> <span class='ocrx_word' id='word_1_728' title='bbox 2857 5624 2954 5680; x_wconf 92' lang='lat' dir='ltr'><strong>pro</strong></span> <span class='ocrx_word' id='word_1_729' title='bbox 3009 5610 3201 5681; x_wconf 83' lang='grc' dir='ltr'>μαθεῖν</span> <span class='ocrx_word' id='word_1_730' title='bbox 3255 5614 3386 5685; x_wconf 80' lang='lat' dir='ltr'><strong>legit</strong></span> <span class='ocrx_word' id='word_1_731' title='bbox 3449 5619 3762 5692; x_wconf 82' lang='grc' dir='ltr'>μανθάνειν,</span> 
     </span>
    </p>
   </div>
   <div class='ocr_carea' id='block_1_105' title="bbox 515 5677 2033 5755">
    <p class='ocr_par' dir='ltr' id='par_1_105' title="bbox 515 5677 2033 5755">
     <span class='ocr_line' id='line_1_107' title="bbox 515 5677 2033 5755; baseline -0.001 -18"><span class='ocrx_word' id='word_1_732' title='bbox 515 5677 620 5747; x_wconf 75' lang='grc' dir='ltr'>σιν,</span> <span class='ocrx_word' id='word_1_733' title='bbox 654 5677 705 5738; x_wconf 78' lang='lat' dir='ltr'><strong>et</strong></span> <span class='ocrx_word' id='word_1_734' title='bbox 751 5699 888 5740; x_wconf 82' lang='lat' dir='ltr'><strong>vers.</strong></span> <span class='ocrx_word' id='word_1_735' title='bbox 927 5677 1046 5755; x_wconf 78' lang='lat' dir='ltr'><strong>post</strong></span> <span class='ocrx_word' id='word_1_736' title='bbox 1084 5683 1140 5751; x_wconf 77' lang='lat'><strong>‘2,</strong></span> <span class='ocrx_word' id='word_1_737' title='bbox 1178 5699 1272 5753; x_wconf 85' lang='lat' dir='ltr'><strong>pro</strong></span> <span class='ocrx_word' id='word_1_738' title='bbox 1312 5683 1475 5754; x_wconf 83' lang='grc' dir='ltr'>ἄχαρι</span> <span class='ocrx_word' id='word_1_739' title='bbox 1509 5684 1666 5740; x_wconf 83' lang='lat' dir='ltr'><strong>habet</strong></span> <span class='ocrx_word' id='word_1_740' title='bbox 1715 5677 1916 5752; x_wconf 87' lang='grc' dir='ltr'>χεῖρον.</span> <span class='ocrx_word' id='word_1_741' title='bbox 1943 5677 1946 5679; x_wconf 51' lang='grc'>’</span> <span class='ocrx_word' id='word_1_742' title='bbox 1972 5677 2033 5735; x_wconf 81' lang='lat' dir='ltr'><strong>Dt‘</strong></span> 
     </span>
    </p>
   </div>
   <div class='ocr_carea' id='block_1_106' title="bbox 2149 5677 2394 5755">
    <p class='ocr_par' dir='ltr' id='par_1_106' title="bbox 2179 5677 2394 5733">
     <span class='ocr_line' id='line_1_108' title="bbox 2179 5677 2394 5733; baseline -0.005 -2"><span class='ocrx_word' id='word_1_743' title='bbox 2179 5677 2394 5733; x_wconf 77' lang='lat' dir='ltr'><strong>Possm.</strong></span> 
     </span>
    </p>
   </div>
  </div>
