3976 6482
443 340 577 409 1039

1600 398 1605 401 ,
1633 339 1691 400 S.
1733 333 2022 400 ISIDORI
2062 332 2501 397 PELUSIOTJE

3560 326 3700 393 1040

445 453 841 525 quodammodo
866 447 1200 519 capuleutur,
1238 456 1348 504 tum
1402 448 1635 518 denlque
1676 448 1917 520 perlecta
1950 456 1989 501 ei

2111 445 2232 500 τινὰ
2260 446 2511 517 ἑνωθείη,
2551 446 2669 499 τότε
2699 444 2784 515 δὴ,
2831 444 2950 498 τότε
2987 444 3018 514 ὴ
3052 439 3231 496 τελεία
3266 441 3360 496 καὶ
3411 442 3697 513 ἀκροτάτη

439 560 692 618 suprema
748 542 920 615 gloria
952 540 1151 608 elucet,
1187 540 1391 613 pietate
1427 538 1687 596 nimirum
1718 548 1783 596 et
1805 538 1989 595 virtuti

2109 536 2460 607 εὐδοκίμησις
2494 536 2846 605 ἀναφαίνεται
2870 534 3006 607 (29.),
3047 533 3328 599 εὑσεσείας
3363 534 3459 587 καὶ
3488 534 3696 605 ἀρετῆς

438 638 495 694 in
528 653 689 695 unum
715 635 1184 695 concurrentibus.

920 748 1100 808 CDIV.
1122 776 1188 790 --
1214 746 1497 805 MARONI.

505 863 946 934 Quandoquidem
980 861 1189 932 exigua
1217 875 1394 917 causa:
1420 857 1658 931 ingentia
1691 854 1831 912 bella
1880 867 2007 925 per-

431 969 577 1025 saepe
605 952 927 1020 accendunt,
953 950 1209 1007 dehortor
1239 959 1291 1006 te
1324 963 1394 1006 ne
1429 947 1834 1006 contentionum
1868 945 2008 1017 igni-

2109 629 2190 691 είς
2226 628 2422 683 ταύτὸν
2464 626 2898 699 συνδραμούσης.

2622 737 2741 791 TA’.
2768 765 2839 777 —
2868 737 3153 791 ΜΛΡΩΝΙ.

2209 850 2427 921 Ἐπειδὴ
2478 851 2665 923 μικραλ
2730 850 2899 904 αἰτίαι
2953 850 3222 921 μεγάλους
3280 848 3543 911 πολλάκις
3592 848 3691 901 άν-

2112 941 2343 996 άπτουσι
2372 941 2667 1011 πολέμους,
2703 940 2954 1011 παραινῶ
2991 957 3080 1005 σοι,
3105 940 3179 1011 μὴ
3211 939 3512 1009 σπινθῆρας
3538 936 3691 1006 φιλο-

434 1047 584 1104 culos
608 1045 837 1115 injicias.
863 1042 1001 1098 Nam
1050 1058 1173 1099 cum
1204 1054 1393 1112 pugna:
1444 1028 1770 1104 excitantur,
1824 1036 1989 1093 omnia

2108 1032 2327 1087 νεικιῶν
2358 1033 2668 1102 ἐμϐάλλειν.
2713 1032 3234 1104 Ἀναρῤιπιζὸμεναι
3279 1030 3386 1101 γὰρ
3410 1032 3465 1083 al
3492 1030 3689 1100 μάχαι,

429 1141 571 1196 bona
599 1152 666 1193 ex
694 1151 905 1205 eorum,
937 1135 1029 1208 qui
1076 1136 1218 1193 inter
1267 1148 1329 1190 se
1353 1132 1638 1200 dissident,
1689 1129 1886 1187 animis
1917 1142 2004 1184 ra-

428 1230 630 1289 dicitus
659 1229 913 1287 evellunt.

712 1341 869 1400 CDV.
902 1334 1334 1398 —-PALLADIO
1388 1329 1708 1390 DIACONO.

2104 1125 2285 1180 πάντα
2316 1126 2384 1180 τὰ
2410 1124 2553 1179 καλὰ
2584 1128 2650 1179 ὲκ
2687 1126 2788 1197 τῆς
2816 1126 2926 1179 τῶν
2960 1124 3373 1195 διαφερομένων
3407 1120 3689 1193 ἐκριζοῦσι

2102 1216 2301 1290 ψυχῆς·

2386 1329 2513 1384 ΥΕν.
2555 1359 2625 1369 -
2661 1330 3010 1400 namnam
3048 1327 3372 1399 ΔΙΑΚΟΝῼ.

429 1440 497 1497 In
516 1439 651 1497 illud
675 1480 692 1507 ,
735 1454 754 1490 ι
788 1433 1016 1507 Propter
1056 1448 1143 1486 eoa
1185 1425 1575 1507 blasphematur
1616 1436 1802 1477 nomen
1831 1433 1989 1475 meum

2099 1420 2201 1488 Εἰς
2237 1420 2326 1488 τὸ,
2353 1439 2372 1473 ι
2400 1421 2479 1475 Δι’
2506 1418 2662 1488 ὑμᾶς
2681 1418 3137 1507 β-λαςςξρημεῖται
3168 1420 3231 1473 τὸ
3256 1415 3446 1487 ὄνομά
3467 1433 3588 1487 μου
3616 1417 3689 1472 ἐν

950 1506 1089 1559 inter
1119 1497 1306 1573 gentes
1342 1497 1408 1551 “.
1448 1513 1469 1549 ›

497 1621 768 1692 Quoniam
798 1632 897 1690 per
926 1616 1137 1672 litteras
1179 1626 1247 1669 ex
1276 1624 1363 1666 me
1387 1606 1709 1680 quaesivisti,
1744 1603 1997 1676 quidnam

424 1713 553 1771 illud
579 1711 680 1769 sibi
739 1708 867 1765 velit
900 1726 915 1762 :
957 1725 977 1758 ι
1010 1705 1232 1773 Propter
1273 1714 1367 1755 vos
1400 1712 1596 1754 nomen
1629 1709 1807 1751 meum
1848 1692 1998 1748 blas-

2646 1490 2772 1556 τοῖς
2810 1490 3076 1544 ἔθνεσιν.

2182 1598 2401 1671 Ἐπειδὴ
2423 1599 2710 1671 γέγραφας
2733 1600 2785 1653 τί
2807 1600 2945 1665 ἐστι,
2976 1619 2993 1651 ι
3021 1599 3093 1652 Τὸ
3115 1598 3286 1669 ὄνομά
3320 1615 3422 1670 μου
3445 1598 3512 1650 δι’
3542 1598 3688 1671 ὑμᾶς

2102 1691 2517 1763 βλασφημεῖται·
2546 1711 2565 1746 ι
2598 1694 2760 1764 φημὶ,
2785 1694 2865 1746 ὅτι
2891 1692 3078 1763 ἐπειδὴ
3115 1692 3355 1745 Ἰουδαῖοι
3380 1691 3480 1759 μὲν
3505 1692 3689 1763 ἀμαρο

421 1806 727 1877 phematur,
762 1819 789 1853 ν»
828 1799 929 1854 hoc
974 1792 1292 1865 respondeo,
1337 1788 1479 1859 quod
1508 1786 1636 1857 quia
1674 1782 1841 1839 Judaei
1874 1780 1989 1851 qui-

2099 1784 2349 1849 τάνοντες
2378 1825 2395 1852 ,
2427 1784 2830 1855 αἰχμαλωσίαις
2873 1785 3222 1856 παρεδίδοντο
3246 1800 3260 1814 ·
3307 1786 3355 1837 oi
3395 1784 3440 1838 δ’
3478 1786 3689 1855 αίχμα-

428 1859 574 1965 dem,
604 1859 726 1952 cum
754 1859 1081 1963 peccabant,
1109 1887 1164 1941 in
1188 1882 1528 1955 captivitates
1556 1877 1989 1935 adducebantur:

2099 1876 2439 1944 λωτεύοειτες,
2467 1878 2530 1931 οὐ
2562 1880 2628 1949 τῇ
2651 1877 2743 1931 τοῦ
2766 1876 2901 1930 Θεοῦ
2924 1876 3222 1947 ὀργῇ,ἀλλά
3244 1878 3311 1948 τῇ
3340 1876 3447 1931 τῶν
3469 1876 3690 1931 οἰκείων

427 1989 522 2059 qui
546 1996 725 2042 autem
757 1997 849 2038 eos
872 1981 1117 2059 captivos
1138 1974 1495 2037 abducebant,
1523 1985 1628 2025 non
1659 1967 1851 2023 divina:
1879 1967 1992 2059 irm,

422 2057 517 2139 aed
554 2076 964 2135 simulacrorum
986 2058 1201 2126 siiorhm
1231 2064 1483 2139 potentiae
1512 2062 1794 2118 victoriam
1825 2057 1996 2115 ascri-

421 2173 630 2237 hentes,
657 2182 837 2225 rerum
865 2164 1103 2220 omnium
1126 2164 1511 2232 pmpotentem
1542 2154 1787 2209 dextram
1820 2150 1995 2207 imbe-

421 2261 659 2321 cillitatis
715 2259 1048 2314 damnabant
1092 2272 1108 2310 :
1162 2267 1283 2309 eam
1334 2250 1402 2304 ob
1431 2260 1647 2302 causam
1699 2244 1786 2298 bis
1807 2240 1991 2297 verbis

423 2367 551 2410 usus
578 2359 680 2407 est.
731 2348 994 2403 Auctores
1028 2344 1170 2399 enim
1202 2349 1375 2405 erant,
1424 2338 1547 2393 dum
1574 2339 1881 2403 peccarent,
1913 2338 1995 2385 at-

419 2456 525 2514 que
577 2440 823 2498 hostibus
872 2437 1219 2498 dederentur,
1251 2426 1557 2499 huiusmodi
1605 2421 1876 2494 Opinionis
1928 2433 1993 2475 ac

418 2532 785 2606 blasphemiae.
809 2530 1064 2587 Fortasse
1089 2526 1252 2582 etiam
1277 2523 1403 2593 quia
1454 2516 1746 2591 pugnantia
1771 2526 1993 2606 quoque

419 2601 672 2689 cum-his,
704 2635 824 2692 qua:
855 2632 1014 2689 agere
1040 2615 1387 2687 jubebantur,
1421 2606 1743 2665 elliciebant.
1771 2601 1826 2658 ω
1849 2602 1993 2670 quod

417 2717 580 2774 etiam
609 2715 751 2785 apud
782 2727 879 2768 uos
905 2725 1048 2765 nunc
1092 2724 1192 2762 usu
1221 2706 1409 2759 venire
1434 2703 1665 2757 videtur.
1690 2698 1827 2753 Nam
1863 2707 1991 2750 cum

418 2803 573 2859 nobis
603 2801 925 2868 imperatum
961 2798 1031 2853 sit
1064 2804 1121 2850 ut
1147 2794 1392 2849 inimicos
1415 2805 1673 2852 amemus,
1710 2799 1892 2842 tamen
1924 2797 1992 2838 ne

416 2894 620 2951 amicos
646 2892 864 2963 quidem
913 2903 1160 2944 amamus
1186 2904 1201 2955 ;
1230 2898 1350 2941 cum
1386 2889 1758 2953 paupertatem
1786 2875 1989 2940 colere,

412 3001 512 3043 nos
540 2993 726 3041 contra
779 2996 885 3037 non
932 2979 1090 3034 modo
1130 2976 1213 3033 his
1267 2989 1387 3045 quae
1445 2973 1707 3027 habemus
1739 2967 1985 3024 contenti

412 3092 520 3133 non
550 3089 754 3140 sumus,
776 3072 869 3129 sed
902 3071 1066 3128 etiam
1099 3082 1167 3125 ex
1196 3067 1387 3123 alienis
1433 3060 1834 3119 calamitatibus
1852 3072 1985 3126 opcs

411 3176 625 3224 nostras
647 3177 937 3237 augemus;
969 3175 1091 3216 cum
1124 3158 1280 3215 nobis
1318 3158 1593 3213 inductum
1620 3153 1711 3217 sit,
1746 3159 1804 3205 ut
1832 3149 1985 3247 qui-e—
2013 3190 2055 3247 Ο

412 3269 518 3311 tcm
546 3268 810 3325 agamus,
856 3267 954 3306 nos
1001 3260 1191 3307 contra
1236 3249 1575 3319 negotiorum
1634 3251 1878 3299 amantes
1917 3237 1985 3291 iis

406 3348 593 3413 etiam,
648 3343 740 3414 qui
772 3342 1005 3412 quietem
1061 3348 1260 3411 agunt,
1290 3338 1591 3393 molestiam
1641 3332 1982 3389 exhibemus.

470 3435 586 3491 Nec
650 3434 823 3489 solum
882 3433 997 3487 haec
1028 3430 1277 3496 facimus,
1314 3431 1405 3485 sed
1437 3430 1599 3484 etiam
1636 3426 1769 3479 alios
1798 3422 1991 3476 docere

407 3525 770 3598 aggredimur,
796 3538 914 3594 quae
946 3523 1046 3591 ipsi
1078 3522 1257 3577 facere
1297 3520 1564 3575 nolumus.
1592 3515 1816 3583 Reliqua
1844 3508 1988 3564 enim

407 3618 759 3688 praetermitto
780 3657 794 3681 ,
827 3615 960 3669 nihil
993 3614 1161 3679 enim,
1192 3614 1332 3681 quod
1365 3612 1574 3666 animos
1605 3608 1868 3672 offendat,
1904 3603 1986 3659 di-

405 3723 530 3765 cere
552 3708 733 3778 cupio.
767 3706 887 3761 llaec
912 3704 1075 3775 igitur
1101 3719 1221 3759 cum
1248 3704 1496 3760 homines
1520 3701 1764 3768 audiunt,
1792 3715 1853 3757 ac
1882 3716 1979 3756 nos

408 3800 510 3853 alia
547 3798 763 3866 quidem
804 3797 1000 3851 docere
1031 3795 1241 3859 conari,
1275 3794 1377 3847 alia
1404 3802 1583 3849 autem
1634 3808 1797 3862 agere
1847 3809 1980 3848 con-

2098 1971 2300 2037 ξοάνων
2326 1970 2555 2041 δυνάμει
2578 1972 2679 2042 τὴν
2701 1969 2861 2042 νίκην
2887 1970 3287 2042 ἐπιγράφοντες
3308 1970 3407 2039 τῆς
3430 1985 3691 2040 παγκρα-

2094 2063 2296 2135 τούσης
2324 2062 2505 2129 δεξιᾶς
2535 2063 2825 2120 ἀσθένειαν
2873 2061 3310 2135 κατεψηφίζοντο
3329 2077 3344 2092 ’
3377 2061 3469 2116 διὰ
3499 2061 3685 2127 τοῦτο,

2094 2156 2253 2210 τοῦτο
2282 2156 2407 2227 ἔφη.
2436 2158 2608 2210 Αίτιοι
2641 2157 2750 2227 γάρ
2780 2173 2841 2209 τε
2880 2156 3120 2225 ἐγίνοντο
3149 2154 3561 2226 ἁμαρτάνοντες
3588 2155 3685 2209 καὶ

2096 2249 2514 2319 παραδιδόμενοι
2546 2249 2645 2317 τῆς
2661 2250 2915 2319 τοιαύτης
2950 2248 3207 2311 ὑπονοίας
3236 2264 3295 2300 τε
3323 2249 3416 2301 καὶ
3433 2248 3686 2320 βλασφη-

2098 2341 2419 2412 μίας.Ἴσως
2444 2340 2499 2393 δὲ
2524 2340 2714 2411 ἐπειδὴ
2732 2341 2826 2394 καὶ
2849 2339 3108 2395 τάναντία
3136 2333 3210 2395 ὧν
3243 2341 3682 2412 προσετάττοντο

2094 2435 2272 2485 ποιεῖν
2300 2431 2593 2503 ἔπραττον,
2617 2433 2757 2503 ὅπερ
2796 2433 2891 2486 καὶ
2917 2431 3003 2501 ἐφ’
3028 2432 3184 2502 ἡμῶν
3220 2434 3341 2487 νυνὶ⁵
3371 2431 3680 2486 κινδυνεύει

2097 2522 2458 2594 συμϐαίνειν·
2509 2523 2893 2587 κελευσθέντες
2947 2524 3055 2594 γὰρ
3088 2525 3215 2587 τοὺς
3264 2523 3493 2595 ἐχθροὺς
3542 2513 3689 2593 ἀγαξ

2093 2614 2225 2684 πᾷν,
2258 2612 2378 2665 οὐδὲ
2406 2614 2533 2677 τοὺς
2568 2614 2759 2682 φίλους
2786 2613 3091 2684 ἀγαπῶμεν
3115 2631 3130 2645 ο
3164 2614 3257 2666 καὶ
3286 2614 3683 2687 ἀκτημοσύνην

2092 2703 2384 2767 ἀσκεῖν,οὑ
2415 2703 2574 2773 μόνον
2598 2700 2677 2767 οἷς
2698 2702 2895 2775 ἔχομεν
2927 2703 3025 2757 οὐκ
3059 2702 3554 2775 ἀρκούμεθα,ἀλλά
3584 2708 3683 2761 καὶ

2093 2794 2157 2846 ὲκ
2196 2793 2304 2846 τῶν
2352 2793 2648 2865 ἀλλοτρίων
2701 2795 3156 2867 χρηματιζόμεθα
3203 2797 3503 2867 συμφορῶν
3531 2815 3545 2829 ο
3582 2800 3685 2853 καὶ

2091 2884 2319 2953 ἠρεμεῖν
2351 2883 2809 2954 προσταχθέντες,
2843 2883 3416 2953 φιλοπραγμονοῦντες
3443 2886 3540 2939 καὶ
3565 2890 3683 2951 τοῖς

2090 2973 2422 3044 ἡσυχάζουσι
2442 2976 2906 3045 παρενοχλοῦμεν.
2934 2977 3045 3029 Καὶ
3070 2977 3128 3029 οὐ
3157 2977 3313 3047 μόνον
3336 2975 3509 3030 ταῦτα
3536 2977 3681 3050 δρῶ-

2091 3082 2220 3136 μεν,
2272 3065 2408 3119 ἀλλὰ
2456 3066 2550 3119 καὶ
2601 3066 2875 3122 διδάσκειν
2930 3068 3125 3132 ἄλλους
3174 3068 3584 3141 ἐπιχειροῦμεν,
3642 3071 3683 3127 ἃ.

2089 3161 2262 3209 ποιεῖν
2294 3158 2395 3209 οὐκ
2429 3156 2685 3229 ἐθέλομεν
2709 3174 2722 3187 ·
2754 3158 2823 3211 τά
2876 3158 2986 3230 γὰρ
3025 3160 3160 3213 ἄλλα
3211 3161 3450 3232 παρίημι
3478 3178 3489 3191 ·
3523 3163 3680 3216 οὐδὲν

2086 3248 2195 3316 γὰρ
2222 3246 2480 3318 βούλομαι
2502 3248 2762 3319 δυσχερὲς
2783 3251 2977 3305 εἰπεῖν.
3000 3250 3167 3304 Ταῦτ’
3190 3247 3283 3305 οὖν
3310 3252 3602 3321 ἀκούοντες
3626 3257 3678 3309 oi

2088 3343 2385 3414 ἄνθρωποι,
2422 3345 2515 3396 καὶ
2561 3344 2833 3414 ὁρῶντες,
2893 3344 3029 3399 ἄλλα
3064 3344 3162 3416 μὲν
3210 3346 3355 3415 ὑμᾶς
3396 3346 3678 3401 διδάσκειν

2086 3434 2497 3505 ἐπιχειροῦντας
2522 3475 2537 3499 ,
2574 3435 2711 3488 ἄλλα
2742 3435 2799 3489 δὲ
2827 3435 3072 3507 δρῶντας
3099 3475 3113 3502 ,
3149 3436 3340 3508 ὥσπερ
3379 3439 3675 3508 εἰρωνεύε-

2089 3524 2212 3578 σθαι
2259 3527 2409 3596 ήμᾶς
2444 3526 2541 3578 καὶ
2587 3525 2805 3589 παίζειν
2841 3528 2899 3579 ὲν
2949 3528 3012 3579 οὐ
3050 3530 3303 3591 παικτοτς
3353 3528 3674 3598 ἡγούμενοι,

2088 3617 2230 3669 κατὰ
2282 3619 2379 3687 τῆς
2434 3616 2587 3680 θείας
2626 3618 2882 3689 προνοίας
2940 3618 3177 3671 ἀκονῶσι
3233 3619 3330 3680 τὰς
3381 3618 3628 3687 γλώττας
3658 3638 3673 3652 δ

2086 3708 2209 3778 ἥτις
2244 3708 2339 3759 καὶ
2378 3708 2573 3770 αὐτοὺς
2609 3709 2729 3778 μὲν,
2758 3711 2904 3779 ἡμᾶς
2935 3709 2993 3761 δὲ
3029 3709 3187 3762 πλέον
3216 3713 3524 3778 ἀμυνεῖται,
3544 3713 3689 3777 τοὺς

2088 3798 2295 3860 αἰτίους
2319 3798 2414 3867 τῆς
2437 3798 2688 3870 τοιαύτης
2714 3799 3060 3871 βλασφημίας
3084 3800 3418 3870 γινομένους.

406 3890 663 3960 spiciunt,
713 3904 813 3945 nos
875 3898 1131 3957 tanquam
1166 3887 1515 3944 simulatione
1572 3888 1670 3953 uti,
1717 3899 1879 3961 atque
1932 3893 1983 3946 in
2025 3890 2186 3945 rebus
2218 3891 2438 3944 minime
2467 3890 2691 3947 ludicris
2752 3892 2939 3948 ludere
2996 3895 3374 3950 existimantes
3405 3896 3676 3954 adversus

406 3986 642 4041 divinam
684 3982 1075 4053 providentiam
1128 3980 1339 4050 linguas
1374 3992 1573 4036 acuunt
1608 4000 1623 4037 :
1652 3998 1771 4052 quae
1808 3985 1969 4037 etiam
2010 3986 2225 4053 quidem
2259 3985 2311 4037 in
2346 3985 2511 4054 ipsos,
2550 4000 2735 4041 verum
2771 3987 2825 4042 in
2885 4002 3004 4055 nos,
3054 3989 3146 4060 qui
3176 3984 3489 4055 bujusmodi
3518 3990 3677 4048 blas-

411 4079 641 4148 phemia:
692 4090 910 4130 causam
949 4076 1273 4145 pracbemus,
1312 4075 1529 4144 gravius
1560 4075 1977 4132 animadvertet.

685 4166 865 4223 CDVI.
891 4197 963 4208 —
984 4167 1235 4223 ZOSIMO
1285 4168 1372 4222 ET
1408 4167 1693 4227 MARONI.

474 4282 530 4336 Si
556 4294 641 4345 ea,
670 4295 792 4350 quae
844 4289 1153 4335 nostrarum
1202 4282 1435 4351 partium
1472 4291 1637 4353 sunt,
1700 4285 1839 4347 sine,
1869 4286 1971 4340 nlla

2622 4074 2633 4169 ᾇί

2395 4190 2536 4256 Υσῖν.
2566 4220 2635 4229 -
2664 4192 2915 4266 ΖΩΣΙΜῼ
2946 4194 3068 4248 ΚΔΙ
3094 4197 3381 4253 ΜΑΡΩΝΙ.

2154 4298 2215 4352 Εἰ
2256 4299 2353 4369 μὲν
2387 4301 2455 4354 τὰ
2486 4304 2615 4373 παρ’
2656 4302 2812 4373 ἡμῶν
2862 4305 3314 4376 ἀπαραλείπτως,
3366 4312 3461 4364 καὶ
3523 4314 3670 4382 μετά

404 4372 861 4443 praetermissione
895 4386 959 4427 ac
997 4387 1120 4425 cum
1167 4372 1311 4427 omni
1364 4373 1543 4429 studio
1591 4382 1644 4429 et
1706 4376 1977 4444 diligentia

2099 4389 2265 4459 πάσης
2311 4392 2547 4471 σπουδῆς
2572 4372 2821 4462 γίγνοιτο
2843 4436 2857 4461 ,
2887 4372 3010 4450 τότε
3054 4398 3147 4450 καὶ
3178 4399 3278 4469 τὴν
3302 4372 3464 4457 θείαν
3491 4372 3667 4473 ῥοπὴν

404 4465 561 4528 tlant,
594 4473 705 4518 tum
734 4462 946 4515 demum
981 4461 1146 4515 divini
1186 4476 1399 4530 quoque
1428 4463 1613 4518 auxilii
1640 4476 1967 4521 momentum

2099 4448 2298 4554 ιλητέον
2327 4487 2403 4547 εἰς
2434 4448 2751 4556 συμμαέίαν
2773 4502 2786 4515 ·
2829 4448 2949 4557 ἥξει

405 4552 799 4621 implorandum
841 4559 944 4608 est.
988 4551 1181 4607 Veniet
1226 4554 1369 4607 enim
1406 4554 1646 4621 omnino,
1687 4558 1968 4610 victoriam

2099 4575 2237 4645 ιίκην
2270 4578 2704 4646 πρυτανεύουσα.
2735 4577 2799 4630 Εἰ
2835 4577 2888 4629 δὲ
2923 4580 3086 4648 μηδὲν
3117 4581 3224 4633 τῶν
3259 4548 3503 4639 δεόντων⁸
3527 4548 3663 4659 παρ’

402 4643 730 4699 concilians.
757 4642 815 4699 Si
848 4653 1028 4699 autem
1062 4644 1194 4698 nihil
1228 4659 1438 4711 eorum,
1472 4660 1592 4716 qua
1615 4646 1771 4702 oﬂlcii
1805 4650 1971 4703 nostri

2099 4642 2232 4735 3y.de
2268 4642 2524 4734 γίγνοιτο,
2549 4668 2778 4737 περιττὴ
2802 4670 2895 4720 καὶ
2923 4642 2962 4738 *ἡ
2985 4642 3182 4741 *κλῆσις
3202 4690 3214 4702 ·
3244 4676 3527 4744 εἰρωνείας
3550 4642 3664 4751 γάρ

400 4746 547 4803 sunt,
586 4735 701 4802 ﬂat,
741 4735 941 4791 frustra
994 4736 1163 4806 ipsius
1210 4736 1466 4792 auxilium
1494 4738 1832 4807 imploratur.
1864 4740 1970 4796 Ne-

399 4841 502 4895 que
532 4828 675 4883 enim
709 4827 1106 4884 simulationem
1134 4828 1385 4898 perferet,
1402 4844 1508 4885 nec
1534 4830 1602 4884 ad
1623 4844 1715 4884 eos
1732 4831 1970 4896 accedet,

402 4918 493 4987 qui
522 4918 575 4974 in
597 4920 919 4988 profundum
969 4920 1123 4977 exitii
1172 4921 1391 4992 pelagus
1419 4921 1611 4978 libenti
1639 4923 1819 4980 animo
1854 4938 1976 4981 sese

398 5010 710 5082 projiciunt.

593 5100 758 5173 510
779 5101 979 5159 CDVll.
1008 5134 1075 5144 --
1102 5102 1378 5160 DlOGENl
1429 5104 1748 5164 DIACONO.

468 5214 759 5271 Peccatum
786 5218 942 5273 venia
961 5216 1176 5288 gravius
1206 5218 1462 5286 admittis,
1483 5220 1569 5277 "vir
1592 5224 1816 5292 optime,
1847 5221 1974 5279 dum

400 5304 619 5363 Eusebii
666 5309 1012 5377 tyrannidem
1070 5313 1241 5382 magis
1269 5325 1431 5383 quam
1472 5312 1785 5385 aequitatem
1840 5314 1973 5371 colis

459 5465 507 5499 ⁸⁸
530 5465 634 5525 lsa.
662 5483 761 5535 ιιι,
796 5469 849 5523 5.

2076 4757 2177 4808 οὐκ
2205 4756 2492 4820 ἀνέξεται,
2530 4757 2638 4809 οὐδ’
2685 4759 3024 4830 ἐπιφοιτήσει
3067 4764 3179 4825 τοῖς
3224 4765 3452 4831 ἑαυτοὺς
3490 4772 3569 4835 είς
3600 4774 3664 4825 τὸ

2080 4849 2277 4917 ἀχανὲς
2314 4849 2414 4918 τῆς
2440 4849 2713 4915 ἀπωλείας
2740 4851 2991 4922 ἀσμένως
3020 4854 3270 4923 ῥίπτουσι
3303 4858 3558 4928 πέλαγος.

2406 5119 2501 5171 ΥΖ¹
2534 5149 2602 5158 -
2643 5122 2792 5175 ΔιοΓ
2798 5124 2957 5177 ENEI
2996 5126 3315 5201 ΔΙΛΚΟΝῼ.

2154 5228 2487 5300 Συγγνώμης
2527 5234 2768 5302 μείζονα,
2800 5233 2844 5290 ὦ
2876 5236 3138 5307 βέλτιστε,
3167 5243 3525 5311 ἁμαρτάνεις,
3556 5248 3657 5320 τὴν

2082 5317 2341 5373 Εὐσεόίου
2374 5324 2663 5392 τυραννίδα
2694 5328 2801 5397 πρὸ
2829 5328 2924 5382 τοῦ
2968 5330 3176 5385 δικαίου
3204 5332 3549 5404 θεραπεύων.
3583 5317 3656 5392 Ἦ

1482 5585 1715 5644 VARUS
1744 5588 2132 5649 LECTIONES
2171 5593 2262 5649 ET
2304 5594 2538 5654 NOTAE.

468 5734 579 5805 (22)
613 5733 762 5795 Vers.
802 5741 1001 5810 penult.
1034 5757 1120 5814 ep.
1152 5740 1256 5799 Pro
1281 5743 1635 5815 ἀναφαίνεται
1666 5746 1808 5808 idem
1835 5748 1979 5808 θοὰ..

2099 5759 2123 5807 ἰ.
2158 5749 2320 5809 habet
2349 5755 2722 5825 ἀναφανεῖται.
2753 5758 2964 5815 Possm.
