3976 6408
269 272 408 344 1M1

1212 267 1758 336 EPISTOLARUM
1796 267 1946 330 LIB.
2001 265 2145 328 ΙΙΙ..
2185 291 2224 301 -
2258 265 2496 328 EPIST.
2530 265 2700 326 CDX.

3435 249 3583 319 1οη

271 385 452 443 τοίνυν
484 387 684 458 συνὼν,
714 390 973 461 αἴσθησιν
996 387 1142 459 αὐτῷ
1180 384 1402 457 ιμποίει
1430 383 1532 455 τῆς
1565 378 1869 453 ἀνηκέστου

1983 383 2142 448 Itque
2160 375 2440 432 observas.
2475 371 2844 442 Quamobrem
2897 377 2994 427 aut
3036 380 3160 426 eum
3190 381 3257 424 eo
3282 376 3576 461 consuetu:

272 477 456 548 νόσου,
485 481 519 553 ἢ
551 481 846 554 suamet,
881 479 1182 553 ἐπιτρίϐων
1212 475 1382 533 αὐτοῦ
1409 475 1510 545 τὴν
1534 473 1757 529 κακίαν.

559 779 690 834 ἴἮθ.
721 808 792 820 -
829 775 1086 832 ΖΗΝΩΝΙ
1117 773 1412 844 ΜΟΝΑΧῼ
1446 770 1582 839 (25).

352 870 470 924 Ὀτι
502 870 604 941 μὲν
639 870 998 942 ἀκμαζούσης
1038 866 1139 938 τῆς
1181 864 1535 936 Ἐκκλησίας.
1579 862 1673 915 κα).
1699 861 1870 932 μήπω

274 961 661 1032 νενοσηκυίας,
687 963 758 1015 τὰ
783 961 898 1014 Θεία
928 959 1056 1031 περὶ
1085 958 1256 1029 αὐτὴν
1278 957 1499 1027 ὲχόρευε
1531 955 1869 1026 χαρίσματα,

275 1053 371 1110 τοῦ
403 1053 560 1122 ἁγίου
593 1055 912 1124 Πνεύματος
944 1051 1428 1122 δημαγωγοῦντος,
1461 1050 1554 1102 καὶ
1587 1047 1696 1102 τῶν
1737 1063 1872 1119 προ-

277 1143 530 1199 εστώτων
555 1144 784 1198 ἕκαστον
811 1141 1106 1207 κινοῦντος,
1139 1141 1232 1193 καὶ
1258 1139 1486 1207 οὐρανὸν
1509 1138 1609 1208 τὴν
1639 1137 1873 1207 Ἐκκλη-

281 1242 402 1296 σίαν
434 1243 719 1304 ποιοῦντος
745 1285 758 1308 ,
802 1242 934 1294 πᾶσι
971 1237 1130 1308 δῆλόν
1162 1238 1332 1290 ἐστιν.
1372 1236 1497 1288 Ὅτι
1539 1232 1597 1287 δὲ
1631 1230 1872 1301 νοσησά-

281 1351 381 1402 σης
425 1333 520 1386 καὶ
571 1331 967 1399 στασιασάσης,
997 1328 1220 1396 ἀπέπτη
1268 1327 1447 1380 πάντα
1507 1326 1714 1387 ὲκεῖνα,
1769 1320 1866 1374 καὶ

278 1427 652 1497 ἀπεπήδησεν,
684 1425 746 1478 οὐ
771 1423 838 1476 τὰ
861 1421 1179 1493 χαρίσματα
1211 1419 1390 1486 μόνον’
1425 1419 1485 1470 οὐ
1515 1417 1625 1488 γὰρ
1643 1411 1710 1488 ἦν
1727 1413 1874 1469 οὕτω

278 1519 451 1572 δεινὸν
485 1521 533 1571 εί
563 1516 723 1570 τοῦτο
763 1515 923 1587 μόνον
941 1510 1010 1585 ἦν
1036 1530 1050 1545 ·
1083 1512 1217 1566 ἀλλὰ
1257 1512 1352 1564 καὶ
1385 1509 1498 1578 βίος
1543 1508 1640 1561 καὶ
1671 1505 1866 1579 ἀρετὴ,

280 1612 373 1664 καὶ
412 1610 572 1664 τοῦτο
621 1611 756 1665 πᾶσι
795 1607 975 1676 δῆλον.
1014 1605 1136 1660 Ἶνα
1189 1603 1299 1674 γὰρ
1345 1601 1515 1655 τᾶλλα
1570 1599 1732 1671 παρῶ
1762 1637 1776 1663 ,
1812 1596 1873 1662 ἐξ

1977 470 2161 526 dinem
2195 467 2401 523 habens
2430 464 2742 538 gravissimi
2771 478 2836 520 ac
2861 474 2999 532 pene
3043 456 3367 516 incurabilis
3395 453 3576 512 morbi

1975 576 2195 616 sensum
2227 559 2329 630 ipsi
2364 560 2620 629 ingenera
2659 575 2673 613 :
2705 565 2797 612 aut
2832 553 3004 627 ipsius
3035 550 3443 622 improbitatem
3472 547 3576 603 ob-

1976 661 2178 719 terens,
2215 651 2284 708 ab
2310 666 2374 706 eo
2407 659 2459 705 tu
2493 662 2733 704 remove.

2259 764 2579 823 CDVlll.—
2618 763 2871 820 ZENON!
2908 758 3266 820 MONACHO.

2048 859 2200 928 Quod
2233 860 2457 916 ﬂorente
2513 857 2780 923 Ecclesia,
2828 865 2884 912 et
2941 856 3178 910 nondum
3212 853 3403 909 morbo
3426 851 3576 907 labo—

1977 961 2131 1006 rante
2159 949 2358 1005 divinae
2386 946 2572 1020 gratiae
2598 949 2807 1003 circum
2836 962 2954 1002 eam
2987 946 3136 1001 velut
3178 946 3410 1000 chorum
3443 959 3574 1014 age-

1979 1055 2118 1108 rent,
2174 1055 2366 1099 sancto
2417 1041 2666 1098 videlicet
2719 1040 2926 1111 Spiritu
2989 1053 3076 1095 res
3117 1038 3564 1103 administrante,

1976 1146 2139 1207 atque
2199 1137 2506 1191 antistitum
2567 1148 3009 1205 unumquemque
3040 1131 3325 1199 incitante,
3356 1146 3421 1186 ac
3471 1128 3575 1185 Ec-

1975 1228 2195 1282 clesiam
2239 1227 2292 1281 in
2346 1227 2547 1282 cmlum
2585 1234 2971 1290 convertente,
3004 1225 3258 1280 omnibus
3301 1233 3490 1279 notum
3519 1232 3577 1279 et

1975 1321 2320 1390 perspicuum
2348 1328 2450 1374 est.
2487 1319 2640 1386 Quod
2665 1327 2869 1385 autem,
2899 1326 3252 1388 posteaquam
3284 1332 3348 1373 ea
3381 1316 3575 1373 morbo

1978 1410 2168 1468 affecta
2201 1419 2307 1475 est,
2339 1426 2402 1467 ac
2433 1410 2702 1467 seditione
2746 1409 3036 1474 laboravit,
3079 1414 3261 1464 omnia
3318 1408 3408 1464 illa
3446 1423 3576 1466 avo-

1977 1502 2162 1569 larint,
2197 1510 2364 1572 atque
2395 1516 2502 1556 non
2555 1499 2744 1571 gratiae
2803 1499 3068 1555 duntaxat
3093 1501 3294 1570 (neque
3320 1499 3469 1552 enim
3499 1498 3574 1554 ita

1976 1595 2157 1668 gravis
2181 1610 2268 1650 res
2298 1603 2467 1659 esset,
2495 1593 2540 1649 si
2567 1593 2671 1649 hoc
2714 1593 2889 1648 solum
2920 1592 3046 1648 mali
3073 1593 3241 1661 esset)
3285 1590 3381 1647 sed
3407 1590 3574 1646 etiam

281 1703 400 1766 ἑνὸς
433 1704 765 1774 πράγματος
802 1699 895 1752 καὶ
925 1698 1054 1769 περ)⁸
1085 1697 1195 1750 τῶν
1235 1695 1439 1748 λοιπῶν
1468 1691 1764 1761 αίνίξομαι.
1799 1690 1869 1743 Τὸ

1983 1689 2085 1743 vita
2112 1697 2166 1743 ct
2196 1687 2366 1743 virtus
2391 1686 2784 1752 abscesserint,
2807 1685 2859 1741 id
2883 1699 3106 1756 quoque
3137 1684 3340 1739 nemini
3372 1683 3575 1740 obscu-

287 1795 388 1866 μὲν
420 1796 530 1865 γὰρ
560 1793 661 1863 τῆς
702 1793 930 1866 εἰρήνης
957 1790 1152 1859 ὄνομα,
1177 1785 1453 1856 πανταχοῦ
1482 1801 1494 1815 ·
1521 1783 1582 1836 τὸ
1611 1784 1668 1836 δὲ
1693 1783 1872 1854 πρᾶγ-

284 1903 379 1958 μα,
436 1883 698 1953 οὐδαμοῦ.
744 1882 884 1936 Ἀλλ’
929 1881 1103 1935 ἔοικεν
1150 1879 1449 1951 Ἐκκλησία
1490 1875 1712 1946 γυναικί
1764 1892 1872 1927 τινι

277 1977 378 2047 τῆς
405 1975 641 2047 ἀρχαίας
670 1974 971 2043 εὐημερίας
1007 1970 1319 2043 ὲκπεσούσῃ
1346 2011 1359 2035 ,
1396 1969 1491 2023 καὶ
1520 1969 1588 2022 τὰ
1626 1967 1871 2040 σύμϐολα

283 2066 444 2136 μόνον
501 2066 725 2136 ἐχούσῃ.
791 2065 902 2126 Τὰς
942 2065 1040 2133 μὲν
1099 2061 1209 2133 γὰρ
1257 2061 1432 2130 θήκας
1475 2059 1584 2114 τῶν
1618 2057 1868 2128 κοσμίων

280 2157 390 2228 ἔχει
432 2158 529 2210 καὶ
569 2157 636 2210 τὰ
675 2154 944 2208 κιϐώτια·
1000 2153 1094 2207 τοῦ
1148 2153 1204 2207 δὲ
1260 2152 1494 2206 πλούτου
1547 2149 1863 2221 ἐστέρηται,

277 2250 339 2302 οὐ
369 2249 522 2320 παρᾶ
573 2249 672 2318 τὴν
703 2247 796 2299 τοῦ
837 2249 896 2313 ἐξ
928 2245 1104 2316 ἀρχῆς
1151 2246 1528 2315 κοσμήσαντος
1583 2243 1870 2312 ἀμέλειαν,

278 2338 415 2392 ἀλλὰ
453 2336 607 2407 παρὰ
637 2339 736 2406 τὴν
775 2336 887 2389 τῶν
919 2337 979 2388 οὐ
1014 2335 1244 2399 δεόντως
1271 2333 1339 2388 τὰ
1371 2335 1674 2405 πράγματα
1709 2349 1873 2402 μετα-

277 2426 670 2499 χειριζομένων
702 2426 920 2482 κακίαν.
950 2426 1013 2479 Οἱ
1052 2425 1150 2495 μὲν
1180 2425 1291 2494 γὰρ
1324 2423 1546 2487 πωλεῖν,
1578 2426 1627 2476 οἱ
1651 2421 1709 2475 δὲ
1745 2423 1874 2490 ἀγο-

278 2517 466 2592 ράζειν
496 2519 594 2588 τὴν
636 2516 942 2588 ἱερωσύνην,
968 2516 1263 2586 τολμῶσιν.
1291 2517 1356 2568 Oi
1386 2517 1484 2584 μὲν
1513 2515 1870 2585 πράττουσιν,

277 2609 314 2663 ἃ
349 2608 487 2680 μηδὲ
523 2608 703 2675 λέγειν
745 2607 927 2678 τολμῶ
971 2606 1090 2671 ἐξόν
1118 2623 1129 2636 ·
1168 2607 1218 2660 oi
1264 2607 1323 2660 δὲ
1359 2607 1630 2674 λέγουσιν,
1672 2605 1708 2658 ἃ
1744 2603 1870 2676 μηδ’

275 2703 475 2755 ιννοεῖν
508 2700 688 2767 Θέμις.
720 2699 962 2761 Εἰκότως
987 2695 1080 2753 οὖν
1110 2698 1377 2770 ἠπείλησε
1405 2700 1520 2760 τοῖς
1550 2695 1814 2760 τοιούτοις
1844 2696 1873 2748 6

273 2793 373 2860 τῆς
418 2787 751 2858 Ἐκκλησίας
795 2787 1078 2856 Δεσπότης
1122 2787 1217 2840 καὶ
1266 2785 1501 2856 νυμφίος
1551 2784 1699 2838 τοῦθ’
1734 2785 1872 2854 ὅπερ

277 2882 470 2954 μαθεῖν
496 2881 788 2951 ἐζήτησας,
815 2881 897 2934 ὅτι
920 2879 1082 2946 ’Ἥξει
1106 2880 1134 2930 6
1155 2876 1362 2949 Κύριος
1384 2878 1480 2932 τοῦ
1504 2877 1694 2931 δούλου
1723 2877 1871 2930 ὲκεί-

274 2991 405 3038 νου,
439 2974 538 3026 καὶ
583 2972 933 3043 διχοτομήσει
980 2971 1166 3035 αὐτὸν,
1228 2971 1325 3024 καὶ
1369 2972 1431 3023 τὸ
1479 2972 1648 3042 μέρος
1703 2968 1868 3025 αὐτοῦ

1977 1795 2096 1834 rum
2128 1789 2229 1836 est.
2265 1778 2336 1835 Ut
2367 1780 2510 1835 enim
2541 1779 2644 1834 alia
2681 1777 2952 1845 omittam,
3003 1793 3070 1834 ex
3122 1793 3229 1832 una
3289 1792 3347 1832 re
3374 1787 3577 1833 ctetera

1975 1874 2139 1927 etiam
2170 1870 2506 1942 signiﬁcabo.
2547 1869 2763 1925 Etenim
2790 1869 2941 1940 pacis
2965 1868 3186 1940 quidem
3219 1882 3419 1923 nomen
3453 1866 3576 1924 ubi-

1975 1978 2081 2032 que
2107 1971 2188 2017 est
2222 1981 2235 2018 :
2270 1978 2357 2017 res
2387 1972 2570 2017 autem
2603 1962 2718 2033 ipsa
2746 1976 3018 2031 nusquam
3051 1978 3066 2015 :
3107 1973 3297 2015 verum
3329 1959 3577 2014 Ecclesia

1975 2054 2192 2111 femina:
2224 2057 2460 2120 cuidam,
2497 2070 2618 2126 quae
2659 2070 2726 2110 ex
2763 2055 2989 2124 antiqua
3039 2052 3304 2109 felicitate
3348 2050 3574 2117 excidit,

1975 2162 2041 2203 ac
2075 2148 2227 2220 signa
2261 2157 2470 2202 tantum
2513 2148 2701 2214 habet,
2735 2146 2930 2202 similis
2975 2156 3078 2201 est.
3111 2144 3576 2200 Ornamentorum

1975 2241 2118 2296 enim
2152 2256 2372 2296 suorum
2407 2242 2593 2295 thecas
2617 2248 2673 2296 et
2698 2239 2912 2295 arculas
2963 2237 3147 2303 habet,
3175 2237 3368 2306 opibus
3395 2242 3578 2290 autem

1976 2332 2206 2402 spoliata
2239 2338 2324 2386 est
2350 2346 2366 2386 :
2399 2346 2504 2385 non
2529 2331 2599 2385 ob
2631 2330 2770 2399 ejus,
2798 2329 2890 2399 qui
2917 2344 3036 2385 eam
3063 2329 3303 2399 primum
3344 2338 3580 2381 exorna.

1977 2425 2074 2491 vit,
2107 2424 2374 2478 incuriam
2403 2439 2468 2479 ac
2515 2423 2931 2494 negligentiam,
2969 2422 3063 2478 sed
3119 2421 3189 2475 ob
3237 2432 3452 2484 eorum,
3482 2415 3581 2486 qui

1975 2531 2104 2583 non,
2143 2526 2202 2570 ut
2227 2516 2506 2584 convenit,
2565 2531 2654 2570 res
2693 2514 3103 2580 administrant,
3134 2511 3573 2581 improbitatem.

1973 2608 2080 2663 Alii
2113 2606 2260 2662 enim
2293 2609 2558 2673 vendere,
2590 2607 2682 2662 alii
2717 2620 2902 2661 emere
2943 2605 3314 2660 sacerdotium
3347 2603 3574 2657 audent.

1974 2701 2080 2755 Alii
2114 2716 2176 2755 ea
2211 2709 2401 2772 agunt,
2437 2715 2559 2770 qua:
2582 2700 2796 2755 etiamsi
2827 2700 3006 2763 liceat,
3041 2697 3226 2753 dicere
3254 2705 3432 2750 tamen
3466 2708 3577 2754 non

1977 2794 2154 2847 audeo
2181 2809 2196 2858 ;
2232 2793 2323 2846 alii
2358 2801 2540 2847 autem
2568 2805 2632 2846 ea
2687 2791 2896 2854 dicunt,
2929 2804 3049 2858 quae
3085 2804 3153 2844 ne
3183 2787 3430 2858 cogitare
3451 2787 3576 2856 qui-

1984 2885 2103 2938 dem
2137 2883 2219 2939 l‘as
2249 2893 2354 2937 est.
2382 2883 2582 2938 Merito
2627 2882 2856 2953 proinde
2887 2881 3204 2951 bujusmodi
3260 2879 3578 2937 hominibus

1976 2976 2237 3032 Ecclesiae
2261 2976 2528 3032 Dominus
2551 2991 2616 3032 ac
2649 2975 2896 3046 Sponsus
2919 2977 3024 3030 hoc
3056 2975 3442 3047 interminatus
3468 2982 3575 3038 est,

277 3065 416 3137 μετὰ
453 3066 564 3118 τῶν
614 3067 862 3119 ἀπίστων
918 3064 1096 3134 θήσει.
1151 3062 1314 3117 Ἀλλὰ
1369 3061 1538 3133 μῦθος
1598 3063 1783 3126 αὐτοῖς
1835 3064 1868 3133 ἡ

1983 3070 2124 3138 quod
2168 3069 2262 3123 tibi
2302 3083 2331 3124 a
2369 3083 2458 3124 me
2506 3068 2705 3138 exponi
2752 3068 3012 3139 quaesiisti
3037 3083 3054 3122 :
3080 3066 3276 3122 Veniet
3317 3066 3577 3122 Dominus

274 3158 502 3227 τοιαύτη
537 3156 758 3229 ἀπειλὴ,
797 3158 893 3208 καὶ
931 3155 1291 3226 ήάπόφασις,
1343 3154 1616 3225 ἀγυρτικὴ
1651 3152 1870 3225 νομίζε-

273 3265 366 3305 ται
407 3249 735 3318 λογοποιία’
779 3246 956 3301 καίτοι
997 3246 1185 3300 λοιπὸν
1227 3247 1323 3300 τοῦ
1352 3246 1560 3314 κόσμου
1607 3249 1687 3309 εἰς
1717 3246 1871 3309 τέλος

275 3339 661 3409 ἐπειγομένου,
697 3338 790 3392 καὶ
819 3337 916 3408 τὴν
938 3337 1208 3408 τιμωρίαν
1234 3337 1543 3400 ὼδίνοντος.
1589 3336 1751 3389 Ἀλλὰ
1780 3337 1869 3403 σὺ,

272 3422 320 3484 ὦ
360 3429 464 3500 τῆς
523 3428 855 3499 Ἑκκλησίας
900 3427 1126 3498 θρέμμα
1180 3427 1569 3498 περίϐλεπτον,
1621 3426 1696 3498 μὴ
1752 3428 1868 3489 τοῖς

1975 3159 2116 3214 servi
2145 3158 2309 3224 illius,
2338 3167 2392 3212 et
2419 3159 2624 3214 dividet
2653 3174 2802 3225 eum,
2849 3167 2904 3212 et
2934 3165 3144 3227 partem
3176 3157 3298 3227 ejus
3326 3172 3452 3210 cum
3488 3155 3575 3212 in-

1974 3253 2225 3308 ﬁdelibus
2266 3261 2434 3324 ponet
2461 3252 2530 3305 ⁸⁷.
2563 3252 2764 3307 Verum
2819 3247 3130 3318 bujusmodi
3189 3248 3576 3305 comminatio-

1975 3362 2098 3402 nem
2125 3361 2224 3416 pro
2253 3345 2433 3401 tabula
2469 3346 2696 3411 ducunt,
2733 3351 2897 3413 atque
2937 3343 3079 3397 hanc
3105 3342 3438 3398 sententiam
3473 3357 3573 3412 pro

1975 3437 2317 3493 circulatoris
2377 3435 2660 3505 cujusdam
2726 3435 2991 3506 ﬁgmento
3023 3452 3038 3490 :
3076 3434 3294 3490 etiamsi
3343 3433 3577 3491 mundus

274 3521 578 3590 ναυαγοῦσι
611 3521 875 3592 πρόσεχε,
915 3520 1050 3591 μηδὲ
1072 3519 1184 3582 τοῖς
1213 3519 1516 3591 ῥαθυμοῦσι
1549 3518 1869 3591 παράϐαλλε

1983 3531 2088 3600 iam
2135 3531 2202 3585 ad
2245 3531 2407 3585 linem
2460 3537 2740 3600 properet,
2784 3543 2850 3583 ac
2904 3526 3231 3597 supplicium
3284 3526 3575 3597 parturiat.

277 3613 530 3680 σεαυτὸν,
584 3612 720 3667 ἀλλα
774 3613 834 3665 τὸ
882 3611 999 3678 φῶς
1031 3612 1130 3682 τῆς
1178 3610 1435 3678 γνώσεως
1485 3611 1870 3683 λαμπρότερον

275 3703 661 3768 κατασκεύαζε
685 3744 700 3770 ,
735 3703 972 3767 ποτίζων
1022 3703 1136 3773 (24)
1178 3703 1310 3756 αὐτὸ
1340 3702 1429 3755 διὰ
1455 3703 1556 3773 τῆς
1602 3702 1746 3756 κατὰ
1773 3704 1866 3758 τὸν

281 3797 394 3870 βίον
431 3797 662 3868 ἀρετῆς.
697 3795 806 3850 Καὶ
837 3795 929 3848 τὸν
958 3795 1191 3864 νυμφίον
1223 3795 1488 3865 περίμενε
1508 3834 1523 3859 ,
1563 3794 1874 3848 είσελευσό-

279 3906 442 3963 μενον
472 3889 573 3960 μὲν
607 3885 749 3958 μετὰ
767 3885 876 3940 τῶν
897 3885 1188 3957 παρθένων
1211 3884 1414 3954 ψυχαῖς
1429 3901 1489 3936 τε
1514 3883 1607 3937 καὶ
1633 3883 1868 3955 σώμασιο

283 3980 751 4055 μετελευσόμενον
784 3977 841 4031 δὲ
879 3973 1008 4039 eoi};
1039 3976 1100 4029 τὸ
1127 3978 1231 4046 τῆς
1277 3975 1580 4048 παρθενίας
1624 3977 1718 4029 καὶ
1762 3978 1864 4047 τῆς

277 4071 584 4144 ἱερωσύνης
617 4070 834 4141 ἀξίωμα
855 4107 873 4138 ,
918 4068 986 4122 δι’
1016 4062 1094 4124 ὢν
1133 4068 1462 4141 δεδράκασιν
1492 4109 1508 4138 ,
1546 4068 1868 4141 ὶνυσρίσαν-

279 4182 398 4231 τας.

568 4442 696 4497 ΥΘθ.
720 4469 790 4481 -
819 4438 1177 4513 ΛᾹΜΠΕΤῘῼ
1203 4441 1577 4514 ΕΠΙΣΚΟΠῼ.

363 4531 672 4599 Ἑξανύσων
711 4531 772 4584 τὸ
802 4530 957 4601 παρὰ
1005 4531 1099 4584 σοῦ
1137 4533 1693 4603 προσταχθησόμενον
1725 4532 1864 4603 (25),

279 4620 513 4691 ᾱσμενος
553 4613 690 4690 ἧκεν
736 4619 766 4671 6
808 4618 992 4686 φίλος,
1044 4613 1104 4674 εὖ
1154 4619 1309 4683 εἰδὼς
1338 4621 1421 4674 ὅτι
1467 4621 1538 4674 τὰ
1572 4611 1724 4692 παρὰ
1770 4620 1865 4674 σοῦ

282 4712 644 4783 κελευόμενα,
679 4711 760 4775 εἰς
814 4710 1100 4765 εὐσέϐειαν
1132 4715 1228 4766 καὶ
1264 4713 1614 4785 δικαιοσύνην
1657 4713 1867 4785 βλέπει.

295 4799 582 4869 ’Λγασθεὶς
609 4795 703 4855 οὖν
727 4799 823 4872 τὴν
863 4800 1195 4873 προθυμίαν,
1219 4803 1452 4874 ἄμειψαι
1478 4807 1545 4875 τῇ
1581 4803 1869 4876 εὐμενείᾳ.

388 5002 506 5071 εΥιν.
541 5033 612 5046 -
649 5002 1085 5078 ΜΔΡΤΙΝΙΑΝῼ
1118 5004 1231 5076 (se)
1264 5006 1741 5081 ΠΡΕΣΒΥΤΕΡῼ.

368 5113 508 5184 Ἐγὼ
535 5114 661 5170 οὔτε
690 5117 990 5184 ἄπταιστός
1020 5121 1168 5192 εἰμι,
1196 5120 1323 5176 οὔτε
1344 5121 1681 5186 ἀπταίστους
1713 5121 1867 5194 ζητῶ

363 5270 407 5304 ’ν
445 5269 580 5329 Luc.
601 5289 698 5341 xu,
738 5273 827 5331 46.

1975 3623 2047 3676 At
2077 3630 2154 3687 tu,
2183 3636 2218 3676 ο
2252 3621 2545 3691 conspicue
2571 3620 2832 3678 Ecclesia:
2865 3619 3102 3686 alumne,
3143 3634 3213 3676 ne
3234 3619 3300 3674 ad
3333 3634 3451 3687 eos,
3484 3619 3577 3687 qui

1975 3711 2266 3782 naufragio
2310 3717 2559 3780 pereunt,
2599 3711 2843 3764 animum
2895 3711 3169 3773 attendas,
3208 3725 3307 3764 nec
3330 3723 3457 3765 cum
3489 3723 3578 3764 se-

1976 3803 2174 3875 gnibus
2210 3811 2264 3857 et
2291 3802 2501 3872 ignavis
2541 3802 2774 3870 teipsum
2804 3816 3094 3872 compares
3127 3821 3140 3857 :
3171 3816 3361 3857 verum
3393 3802 3579 3858 scien-

1975 3891 2065 3946 tiae
2091 3892 2278 3946 lumen
2303 3891 2639 3961 splendidius
2676 3891 2910 3946 subinde
2954 3890 3140 3955 redde,
3181 3907 3278 3962 per
3295 3893 3420 3947 vita:
3450 3907 3579 3963 pro-

1976 3984 2201 4039 bitatem
2260 3984 2436 4053 ipsum
2476 3983 2733 4053 irrigans.
2776 3983 2957 4052 Atque
3007 3997 3268 4052 sponsum
3315 3993 3575 4054 exspecta

1976 4074 2352 4147 ingressurum
2399 4075 2617 4145 quidem
2646 4089 2768 4128 cum
2803 4075 2897 4140 iis,
2934 4073 3024 4144 qui
3054 4074 3255 4130 animis
3290 4085 3346 4129 et
3376 4090 3578 4146 corpo-

1976 4168 2128 4224 ribus
2159 4168 2397 4239 virgines
2428 4178 2555 4224 sunt
2590 4187 2603 4223 :
2635 4169 2701 4224 de
2749 4169 2818 4223 iis
2862 4177 3068 4234 autem,
3101 4168 3191 4239 qui
3238 4169 3576 4237 virginitatis

1976 4269 2031 4316 et
2059 4261 2353 4316 sacerdotii
2401 4259 2655 4330 dignitati
2686 4275 2784 4331 per
2813 4258 3019 4327 ﬂagitia
3052 4273 3153 4314 sua
3185 4261 3576 4316 contumeliam

1978 4351 2298 4416 intulerunt,
2329 4341 2656 4420 supplicium
2689 4358 3053 4420 sumpturum.

2249 4439 2436 4496 CDlX.
2457 4471 2528 4480 —
2549 4438 2902 4496 LAMPETIO
2939 4437 3300 4496 EPISCOPO.

2053 4531 2267 4590 Libenti
2301 4533 2504 4600 animo,
2535 4541 2594 4586 ut
2619 4532 2765 4602 quod
2794 4533 2893 4588 abs
2940 4541 2994 4588 te
3030 4533 3357 4603 imperatum
3388 4531 3574 4597 fuerit,

1981 4631 2341 4695 exsequatur,
2395 4623 2606 4678 amicus
2649 4622 2821 4689 venit,
2865 4636 2967 4693 pro
3009 4632 3162 4678 certo
3204 4616 3456 4679 videlicet
3482 4623 3579 4678 ha-

1975 4715 2109 4771 bens
2153 4731 2240 4781 ea,
2282 4729 2403 4784 quae
2456 4715 2554 4771 abs
2586 4723 2639 4770 te
2688 4715 3052 4785 imperantur,
3109 4715 3178 4770 ad
3229 4713 3484 4785 pietatem
3522 4725 3576 4770 εν

1971 4807 2240 4878 justitiam
2268 4819 2538 4876 spectare.
2589 4806 2959 4873 Quamobrem
2992 4806 3169 4861 animi
3191 4807 3579 4877 promptitudi-

1977 4915 2102 4958 nem
2133 4900 2458 4967 admiratus,
2496 4899 2936 4955 benevolentiam
2990 4898 3094 4968 ipsi
3131 4902 3394 4969 repende.

2044 5011 2206 5088 41],
2245 5011 2407 5068 CDX.
2441 5038 2513 5052 -—-
2546 5007 2984 5065 MARTINIANO
3013 5009 3506 5068 PRESBYTERO.

2045 5122 2158 5195 Ego
2185 5137 2286 5180 nec
2325 5124 2486 5195 culpa
2529 5136 2712 5190 careo,
2761 5135 2864 5179 nec
2894 5119 3121 5188 amicos,
3151 5120 3245 5191 qui
3294 5118 3454 5190 culpa
3479 5132 3574 5176 ca-

1386 5394 1623 5451 VARIAE
1650 5396 2037 5456 LECTIONES
2076 5397 2165 5452 ET
2207 5395 2439 5456 NOTAE.

363 5546 474 5621 (23)
500 5552 560 5603 in
595 5549 680 5621 tit.
715 5549 873 5620 hujus
898 5564 983 5618 ep.

287 5618 474 5691 habet,
505 5618 1094 5691 ναυάρχιρζιιαιεανείιο.
1129 5618 1332 5679 Possm.

360 5689 470 5754 (‘26)
507 5688 815 5756 Idem‘éntlw
851 5690 1035 5760 φωτίζο
1070 5712 1114 5746 ν.
1150 5693 1226 5747 ID.

1059 5567 1118 5606 ro
1130 5554 1379 5626 Jama”?
1407 5557 1528 5613 cod.
1560 5556 1737 5614 Vatic.
1773 5557 1879 5614 650

2063 5557 2175 5630 (25)
2211 5557 2536 5630 ίιιοτηροάη
2577 5559 2942 5630 προσταχθέν.
2975 5557 3052 5617 In.

2063 5627 2174 5697 (26)
2209 5629 2324 5704 Non
2351 5627 2844 5704 Mcp1:_tytatvq)___sed
2887 5631 3210 5704 Μαρτυρίῳ.
3250 5629 3576 5690 inscribitur

1988 5701 2100 5755 haec
2138 5716 2229 5771 ep.
2259 5700 2311 5754 in
2344 5698 2460 5755 cod.
2502 5698 2618 5754 Vat.
2659 5698 2782 5755 650.
2821 5700 2895 5754 lo.
