3976 6452
425 312 559 379 1043

1614 313 1671 371 S.
1718 311 2008 373 ISIDORI
2047 313 2486 374 PELUSlUTrE

3543 286 3684 375 104i

424 432 607 491 reant,
630 436 835 494 quaero,
862 435 961 477 nec
989 422 1129 477 enim
1163 420 1449 477 nanciscar
1478 442 1491 476 :
1534 436 1721 477 verum
1767 438 1880 491 eos,
1904 422 1986 493 qui

2097 423 2323 492 φίλους·
2361 426 2423 478 οὺ
2479 422 2588 495 γὰρ
2625 421 2873 494 εὑρήσω·
2936 421 3072 476 ἀλλὰ
3122 421 3243 485 τοὺς
3294 420 3521 476 πλεῖστα
3576 422 3682 492 μὲν

426 517 685 587 plurimas
703 524 756 570 et
783 514 1046 568 maximas
1072 514 1302 568 virtutes
1333 514 1586 579 habeant,
1612 530 1777 583 pauca
1811 527 1990 569 autem

422 619 478 664 et
506 606 683 678 exigui
719 604 975 659 momenti
1006 604 1134 660 vitia
1172 601 1310 676 (fieri
1342 607 1484 661 enim
1516 608 1738 663 onmino
1770 623 1873 662 non
1902 621 1994 676 po-

426 707 550 761 test,
583 697 711 765 quin
738 696 791 749 in
840 709 930 760 eo,
965 696 1053 765 qui
1087 696 1248 751 homo
1278 704 1380 761 est,
1426 697 1612 751 vilium
1649 697 1862 766 aliquod
1897 696 1991 753 de-

420 787 801 858 prehendatur)
834 789 885 842 in
917 788 1211 843 amicorum
1250 788 1428 843 album
1464 790 1693 844 ascribo.
1731 788 1863 842 Nam
1898 792 1989 858 qui

420 883 490 936 ob
524 881 776 950 exiguum
808 879 998 934 vilium
1033 881 1324 936 maximam
1346 883 1510 936 etiam
1549 882 1799 936 virtutem
1829 881 1981 951 parvi

421 973 684 1041 pendunt,
720 987 821 1028 nec
861 987 948 1027 res
992 973 1258 1028 humanas
1310 972 1686 1037 considerant,
1721 987 1822 1029 nec
1860 987 1991 1042 apo-

422 1059 560 1115 stolo
606 1058 771 1115 Paulo
800 1074 1005 1115 morem
1046 1069 1259 1131 gerunt,
1291 1064 1358 1116 ad
1384 1063 1526 1117 hunc
1557 1062 1771 1117 modum
1804 1063 1993 1119 admo-

422 1155 569 1207 nenti
604 1169 619 1205 :
659 1170 679 1205 ι
706 1149 859 1207 Alter
902 1151 1125 1208 alterius
1162 1168 1327 1209 onera
1380 1163 1611 1225 portate,
1644 1163 1697 1211 et
1719 1156 1797 1212 sic
1820 1158 1992 1213 adim-

421 1240 638 1313 plebitis
662 1242 836 1315 legem
863 1241 1066 1301 Christi
1090 1244 1157 1299 ⁸⁸.
1204 1262 1224 1298 ι
1259 1244 1393 1301 Nam
1421 1246 1513 1316 qui
1543 1260 1769 1317 parvum
1801 1248 1989 1304 vitium

420 1334 642 1391 minime
667 1335 877 1403 suffert,
926 1336 973 1394 is
1017 1352 1117 1395 nec
1164 1339 1396 1393 maxima
1425 1339 1627 1395 virtute
1656 1338 1988 1408 perfruetur,

424 1442 525 1482 nec
582 1426 784 1485 Christi
848 1428 1045 1502 legem.
1086 1430 1189 1488 hoc
1226 1442 1310 1488 est
1361 1432 1684 1490 charitatem
1734 1432 1987 1503 explebit.

423 1517 572 1585 Quod
603 1519 647 1574 si
678 1520 881 1577 dixeris
906 1520 960 1576 in
1006 1519 1185 1577 Veteri
1232 1522 1581 1579 Testamento
1627 1523 1849 1580 minime
1878 1522 1931 1577 di
1962 1550 1989 1564 -

421 1618 567 1663 ctum
614 1611 777 1666 fuisse
817 1629 832 1667 ι
873 1631 894 1666 ι
935 1612 1134 1685 Diliges
1164 1615 1469 1684 proximum
1498 1625 1646 1670 tuum
1683 1614 1827 1670 sicut
1855 1614 1989 1684 teip-

422 1716 577 1772 sum,
636 1723 659 1758 ι
722 1706 826 1762 hoc
881 1707 1277 1776 responderim,
1329 1707 1563 1763 maxime
1612 1706 1827 1777 quidem
1864 1720 1987 1762 eum

421 1791 567 1846 illam
594 1794 757 1848 etiam
813 1796 1092 1864 sanxisse;
1123 1798 1314 1853 deinde
1356 1807 1537 1854 autem
1572 1798 1624 1853 in
1657 1796 1860 1854 carnali
1887 1812 1984 1854 sua
2023 1770 2064 1827 Β

2062 1908 2143 1944 ’τι
2176 1890 2353 1953 πλέον,
2399 1890 2567 1943 είπὼν
2611 1889 2692 1943 ὅτι
2717 1907 2736 1942 ι
2780 1888 3030 1959 Ἐντολὴν
3068 1887 3260 1958 καινὴν
3292 1886 3484 1957 δίδωμι
3521 1887 3673 1956 ὑμῖν,
3728 1888 3735 1917 ι

421 1884 705 1951 pmsentia
734 1886 938 1957 aliquid
969 1888 1204 1960 amplius
1253 1889 1584 1959 adiunxisse,
1623 1904 1745 1946 cum
1799 1890 1936 1946 dixit
1967 1907 1981 1945 :

424 1990 444 2024 ι
478 1973 780 2033 Mandatum
809 1994 1006 2036 novum
1048 1982 1117 2037 do
1150 1981 1321 2047 vobis,
1364 1991 1421 2037 ut
1467 1982 1699 2053 diligatis
1731 1983 1981 2048 invicem,

420 2068 563 2121 sicut
623 2083 725 2139 ego
794 2071 958 2130 dilexi
985 2084 1081 2126 vos
1107 2069 1527 2128 ⁸⁹-⁶⁶ο»Ειριιὶιιι
1589 2072 1809 2145 diligere
1866 2075 1985 2144 qui-

415 2161 535 2215 dem
571 2161 622 2214 in
670 2160 853 2217 Veteri
908 2162 1260 2219 Testamento
1292 2164 1454 2219 situm
1514 2173 1647 2220 est:
1680 2166 1782 2220 hoe
1831 2178 1980 2230 vero,

424 2269 440 2301 ι
470 2252 605 2307 sicut
630 2266 728 2323 ego
751 2252 914 2310 dilexi
949 2270 1101 2319 vos,»
1144 2253 1358 2325 adjecit.
1379 2256 1560 2327 quue
1592 2257 1812 2311 nomine
1837 2274 1985 2312 inau-

414 2344 600 2398 datnm
635 2361 823 2399 novum
853 2345 1024 2415 ipsum
1069 2348 1379 2417 appellavit.
1408 2347 1566 2403 Aliud
1610 2348 1752 2402 enim
1787 2358 1869 2403 est
1901 2348 1986 2404 di-

416 2434 582 2504 ligere
623 2435 925 2505 proximum
1001 2451 1157 2492 suum
1196 2439 1339 2494 sicut
1385 2438 1619 2507 seipsum
1658 2455 1671 2491 :
1708 2438 1852 2494 aliud
1883 2454 1979 2495 sua

417 2528 711 2599 negligere,
754 2538 814 2584 ut
860 2530 1231 2599 proximorum
1272 2532 1571 2587 commodis
1619 2532 1884 2587 consulat.
1912 2531 1985 2603 ,Ut

418 2620 562 2674 enim
601 2622 717 2690 Ipse
755 2635 864 2677 non
913 2635 1065 2676 suam
1116 2621 1521 2689 sublimitatem,
1562 2624 1657 2679 sed
1705 2623 1983 2680 hominum

416 2712 698 2767 utilitatem
729 2710 832 2768 sibi
859 2712 930 2768 ob
966 2711 1157 2768 oculos
1188 2715 1489 2783 proposuit,
1521 2728 1585 2769 ac
1629 2715 1864 2785 seipsum
1888 2716 1989 2770 hu-

417 2802 631 2857 milians
670 2801 898 2859 formam
949 2804 1092 2859 servi
1132 2806 1411 2874 suscipere
1472 2806 1693 2859 minime
1735 2817 1986 2875 gravatus

417 2902 522 2957 est,
577 2902 635 2947 ut
680 2904 869 2950 servos
933 2896 999 2950 ad
1036 2893 1268 2951 ﬁliorum
1331 2896 1674 2966 adoptionem
1717 2897 1980 2952 duceret:

415 2984 603 3040 eodem
664 2988 821 3042 modo
865 2988 1030 3041 etiam
1084 3000 1519 3057 unumquemque
1554 2996 1819 3054 nostrum,
1879 3004 1987 3043 non

417 3079 686 3148 privatum
713 3077 1082 3146 commodum,
1134 3079 1229 3135 sed
1279 3079 1648 3150 proximorum
1697 3079 1983 3136 utilitatem

419 3171 877 3241 spectarejussit.
910 3172 1061 3238 Quod
1104 3173 1148 3228 si
1181 3172 1451 3244 quispiam
1495 3182 1601 3238 est,
1646 3174 1736 3243 qui
1786 3188 1847 3229 se
1891 3189 1987 3245 per

418 3263 719 3331 huiusmodi
747 3263 1124 3319 demissionem
1161 3266 1488 3321 detrimento
1520 3264 1656 3321 allici
1689 3265 1985 3334 existimet,

418 3354 546 3409 illud
578 3354 762 3409 audiat
814 3354 1122 3422 huiusmodi
1155 3356 1537 3413 demissionem
1574 3358 1641 3412 ad
1672 3356 1847 3428 ipsum
1880 3358 1979 3412 ho-

420 3444 569 3500 noris
590 3445 849 3516 verticem
879 3460 1003 3501 eum
1035 3447 1360 3503 subvehere.

929 3574 1106 3633 CDXI.
1129 3608 1199 3619 --
1221 3576 1470 3634 PETRO.

418 3670 525 3725 Cur
547 3672 631 3725 lea:
651 3672 901 3738 leprosos,
929 3681 977 3725 et
1017 3672 1152 3726 alios
1195 3672 1566 3725 inuolantariis
1593 3673 1785 3726 morbis
1836 3673 1984 3730 labo-

520 3752 716 3807 rantes,
740 3751 888 3796 extra
916 3758 1069 3795 sacra
1099 3751 1243 3811 septa
1270 3742 1468 3795 versari
1506 3742 1751 3810 prwcepit
1786 3743 1853 3795 °‘.

486 3932 638 3999 Quod
670 3946 735 3986 ex
776 3937 1057 4002 parentum
1090 3930 1409 3999 intemperie
1445 3930 1622 3999 proles
1663 3944 1878 4001 quoque
1903 3931 1985 3985 in-

418 4023 730 4094 temperiem
760 4021 1065 4087 contrahat,
1097 4022 1291 4076 rationi
1326 4033 1747 4077 consentaneum
1790 4029 1981 4093 etper-

413 4118 655 4187 spicuum
688 4123 768 4169 est
808 4132 821 4169 :
856 4097 999 4184 quod
1025 4120 1202 4167 autem
1227 4128 1291 4167 ex
1342 4114 1774 4183 intemperantia,
1809 4114 1984 4169 incer-

416 4220 526 4263 tum
549 4207 789 4278 quidem,
820 4206 914 4261 sed
961 4206 1253 4261 verisimile
1297 4215 1401 4260 est.
1436 4204 1569 4259 Nam
1600 4206 1738 4274 quod
1776 4221 1841 4260 ex
1894 4205 1982 4271 iis,

415 4300 509 4368 qui
545 4300 768 4355 adversa
818 4297 1122 4353 valetudine
1159 4296 1426 4362 laborant,
1474 4307 1637 4367 atque
1665 4298 1983 4368 aegritudine

418 4391 593 4461 aliqua
627 4389 871 4458 occupati
893 4397 1041 4455 sunt,
1093 4387 1388 4444 imbecilles
1425 4387 1519 4443 lilii
1547 4399 1859 4455 nascuntur,
1894 4404 1982 4442 ra-

2094 516 2315 588 ἔχοντας
2364 517 2459 571 καὶ
2511 515 2722 585 μεγάλα
2774 512 3198 585 κατορθώματα,
3252 514 3409 581 ὀλίγα
3459 514 3517 566 δὲ
3580 516 3680 567 καὶ

2094 608 2286 675 εὐτελῆ
2327 606 2684 677 ἐλαττώματα
2734 606 2835 677 (δεῖ
2887 606 2996 676 γάρ
3052 606 3271 668 πάντως
3319 606 3411 657 τὸν
3456 604 3671 676 ἀνθρω-

2094 715 2195 752 πον
2248 700 2581 768 τυγχάνοντα
2639 696 2997 783 ἐλεγχθῆναι)
3046 697 3126 759 εἰς
3161 697 3289 759 τοὺς
3336 695 3521 765 φίλους
3575 698 3675 763 ἐγ-

2092 791 2307 861 γράφω.
2351 792 2412 843 Οἱ
2468 789 2576 859 γὰρ
2604 787 2691 841 διὰ
2726 788 2920 859 μικρὸν
2976 788 3268 859 ἐλάττωμα
3293 829 3308 854 ,
3351 788 3446 841 καὶ
3476 788 3536 839 τὸ
3572 788 3675 856 μέ-

2092 898 2278 950 γιστον
2308 880 2692 951 πλεονέκτημα
2737 879 2852 949 (27)
2882 879 3311 945 ἐξευτελίζοντες
3332 917 3346 942 ,
3379 878 3504 931 οὔτε
3534 879 3671 931 τάν-

2093 973 2341 1045 θρώπινα
2380 971 2701 1038 σκοποῦσιν,
2758 970 2883 1024 οὔτε
2931 970 3008 1041 τῷ
3058 971 3343 1041 ἀποστόλῳ
3387 970 3677 1025 πείθονται

2092 1062 2289 1134 Παύλῳ
2316 1062 2697 1135 παραινοῦντι·
2747 1059 3018 1133 Ἀλλήλων
3047 1062 3115 1115 τὰ
3146 1061 3290 1133 βάρη
3324 1061 3627 1132 βαστάζετε
3650 1104 3667 1126 ,

2094 1156 2187 1211 καὶ
2203 1153 2375 1219 οὕτως
2401 1155 2466 1208 ἂν
2484 1153 2919 1225 ἀναπληρώσατε
2945 1154 3038 1207 τὸν
3062 1153 3225 1224 νόμον
3243 1152 3337 1207 τοῦ
3355 1152 3619 1226 Χριστοῦ.
3653 1174 3671 1204 s

2103 1248 2162 1303 Ὀ
2190 1246 2300 1318 γὰρ
2340 1247 2414 1317 μὴ
2465 1246 2647 1318 φέρων
2682 1246 2744 1299 τὸ
2790 1244 2989 1319 μικρὸν
3019 1244 3305 1316 ἐλάττωμα
3330 1284 3347 1309 ,
3398 1243 3523 1299 οὕτε
3575 1244 3674 1299 τοῦ

2094 1339 2352 1411 μεγίστου
2387 1336 2813 1411 κατορθώματος
2842 1337 3140 1393 ἀπολαύσει
3164 1377 3180 1403 ,
3226 1336 3350 1391 οὔτε
3376 1337 3471 1392 τὸν
3500 1337 3672 1408 νόμον

2089 1432 2182 1486 τοῦ
2211 1431 2484 1504 Χριστοῦ,
2515 1430 2659 1485 τοῦτ’
2693 1428 2831 1494 ἐστι,
2860 1430 2961 1500 τὴν
2994 1430 3217 1501 ἀγάπην
3256 1428 3559 1502 πληρώσει.
3606 1431 3673 1483 Εἰ

2088 1522 2149 1579 δι
2174 1523 2341 1594 φαίης
2362 1563 2378 1589 ,
2410 1526 2468 1577 ὲν
2506 1524 2570 1594 τῇ
2612 1520 2829 1593 Παλαιᾷ
2859 1516 2954 1576 οὖν
2984 1521 3259 1595 Διαθήκῃ,
3284 1522 3383 1575 οὐκ
3412 1521 3633 1593 εἴρηται
3658 1540 3669 1552 ·

2097 1634 2117 1668 ι
2166 1617 2500 1687 Ἀγαπήσεις
2537 1615 2631 1669 τὸν
2676 1613 2904 1686 πλησίον
2954 1630 3047 1668 σου
3076 1614 3151 1678 ὡς
3181 1614 3400 1668 ἑαυτόνη
3441 1633 3459 1667 ι
3496 1613 3672 1683 φαίην

2092 1710 2175 1763 ὅτι
2210 1708 2445 1779 μάλιστα
2482 1707 2581 1777 μὲν
2613 1708 2876 1778 κάκείνην
2905 1707 3069 1768 αὐτὸς
3111 1692 3422 1771 ἐθέσπισεν,
3474 1704 3678 1760 ἔπειτα

2089 1799 2149 1854 δὲ
2177 1801 2235 1853 ὲν
2262 1800 2328 1869 τῇ
2359 1797 2633 1869 παρουσίᾳ
2664 1796 2829 1851 αὑτοῦ
2858 1799 2924 1869 τῇ
2950 1796 3095 1851 κατά
3124 1796 3328 1867 σάρκα,
3360 1792 3676 1864 προσέθηκέ

2092 1981 2178 2034 ῐνα
2205 1981 2453 2049 ἀγαπᾶτε
2484 1977 2767 2049 ἀλλήλους,
2804 1976 2989 2041 καθὼς
3021 1977 3131 2046 ἐγὼ
3153 1978 3417 2051 ἠγάπησα
3448 1976 3615 2046 ὑμᾶς.
3650 1995 3668 2024 ι

2090 2074 2163 2127 Τὸ
2198 2074 2297 2146 μὲν
2330 2074 2441 2143 γὰρ
2469 2071 2754 2142 ἀγαπῆσαι
2786 2070 2877 2125 καὶ
2906 2072 2966 2125 ὲν
3005 2072 3070 2142 τῇ
3104 2068 3538 2141 Παλαιᾷικεῖται
3566 2083 3579 2097 υ
3611 2068 3677 2118 τὸ

2088 2167 2166 2233 δὲ,
2197 2165 2427 2229 «Καθὼς
2454 2164 2566 2235 ἐγὼ
2592 2164 2855 2234 ἠγάπησα
2882 2163 3075 2233 ὑμᾶς,ι
3110 2161 3546 2233 προσέθηκε.Διδ
3579 2160 3675 2213 καὶ

2072 2258 2310 2327 ’καινὴν
2329 2257 2591 2326 ἐντολὴν
2618 2256 2784 2327 αὐτὴν
2807 2254 3085 2309 ἐκάλεσεν.
3120 2252 3283 2307 ’Δλλο
3304 2254 3412 2324 γάρ
3441 2254 3503 2305 τὺ
3529 2256 3675 2319 ἀγαα

2092 2352 2262 2422 πῆσαι
2318 2350 2406 2404 τὸν
2442 2349 2613 2412 πέλας
2663 2349 2739 2413 ὡς
2783 2348 3016 2401 ἑαυτόν·
3064 2346 3194 2401 ἄλλο
3240 2346 3345 2423 καί
3379 2344 3446 2399 τά
3492 2347 3671 2398 οἰκεῖα

2092 2420 2359 2516 παριδεῖν,
2394 2442 2480 2495 ἵνα
2503 2441 2571 2494 τά
2594 2440 2704 2494 τῶν
2727 2439 2895 2503 πέλας
2916 2420 3301 2512 ὲπανορθώσῃξ
3324 2420 3539 2509 ’Ὥσπερ
3560 2437 3676 2507 γὰρ
3702 2474 3727 2481 ρρ
3742 2470 3755 2473 -

2091 2536 2253 2599 αὐτὸς
2294 2534 2355 2587 οὺ
2385 2534 2524 2605 πρὸς
2555 2532 2616 2587 τδ
2659 2534 2860 2587 οἰκεῖον
2892 2531 3026 2602 θψος
3047 2571 3069 2604 ,ν
3107 2529 3243 2585 ἀλλά
3468 2530 3529 2583 τὸ
3562 2529 3674 2581 τῶν

2091 2628 2394 2699 ἀνθρώπων
2422 2626 2616 2697 ὄφελος
2646 2621 2774 2692 εἶδε,
2803 2624 2899 2678 καὶ
2922 2621 3266 2687 ταπεινώσας
3299 2620 3512 2699 ἑαυτὸν,
3545 2638 3676 2692 μορ-

2092 2698 2204 2792 φὴν
2230 2718 2417 2773 δούλου
2454 2715 2761 2788 κατηξίωσε
2795 2714 3002 2781 λαϐεῖν,
3044 2713 3133 2768 ίνα
3170 2698 3547 2777 τοὺξδούλους
3588 2712 3671 2775 εἰς

2094 2812 2365 2866 υἱοθεσίαν
2400 2811 2581 2881 ἀγάγῃ
2610 2826 2623 2839 ·
2655 2807 2799 2862 οὕτω
2826 2809 2921 2861 καὶ
2940 2807 3172 2860 ἕκαστον
3190 2803 3223 2876 ἡ
3234 2804 3350 2875 μῶν
3383 2803 3667 2865 ἐκέλευσε.

2098 2905 2173 2975 μὴ
2204 2906 2343 2976 πρὸς
2377 2903 2437 2957 τὸ
2472 2904 2694 2956 οἰκεῖον]
2712 2900 2905 2972 κέρδος
2941 2900 3094 2971 ὁρᾷν,
3135 2895 3271 2951 ἀλλὰ
3298 2886 3432 2966 πρὸς
3471 2894 3532 2948 τὸ
3557 2893 3672 2948 τῶν

2094 2997 2267 3059 πέλας
2290 2995 2479 3064 ὄφελος
2515 2992 2755 3063 βλέπειν.
2789 2990 2852 3044 Ei
2881 2991 2938 3044 δὲ
2969 2988 3180 3061 νομίζει
3216 3006 3300 3052 τις
3334 2985 3672 3058 βλάπτεσθαι

2096 3084 2579 3157 ωγκαταῦαίνων,
2638 3082 2957 3154 μανθανέτω
2983 3123 2997 3148 ,
3050 3082 3133 3134 ὅτι
3174 3081 3207 3151 ἡ
3263 3079 3676 3148 συγκατάσασις

2089 3180 2228 3251 αῦτη
2269 3180 2349 3241 είς
2392 3176 2562 3247 αὐτὴν
2602 3174 2766 3228 αὐτὸν
2805 3172 2998 3243 ἀνάγει
3034 3171 3132 3243 τῆς
3164 3170 3331 3243 τιμῆς
3365 3169 3465 3242 τὴν
3497 3186 3667 3240 κορυ-

2089 3276 2220 3343 φήν.

2606 3585 2759 3638 ΥιΑ.
2791 3611 2862 3622 -
2896 3580 3143 3653 narro.

2086 3680 2190 3735 Διά
2220 3679 2277 3732 τί
2307 3679 2339 3732 ό
2363 3678 2549 3746 νόμος
2573 3674 2717 3741 τοὺς
2736 3672 3106 3746 λεπρῶντας,
3130 3669 3168 3739 ἣ
3192 3668 3455 3746 ,ἐτέρορς
3475 3670 3671 3746 ιςοσῄι
3702 3730 3705 3731 ν

2151 3764 2311 3818 ματα
2332 3735 2590 3818 ᾀκόύσὶα
2619 3735 2986 3818 νοσοῦντας,
3017 3735 3132 3807 ἔξω
3155 3735 3314 3795 εἶναι
3338 3737 3457 3794 τῶν
3492 3740 3672 3808 ιερῶν

2158 3814 2491 3886 περιϐόλων
2520 3814 2881 3884 προσέταξε.

2157 3930 2230 3982 Τὸ
2265 3929 2363 3999 μὲν
2394 3930 2457 3981 ὲκ
2492 3926 2829 3999 δυσκρασίας
2867 3926 2974 3981 τῶν
3012 3924 3215 3996 γονέων
3260 3926 3354 3980 καὶ
3385 3924 3451 3979 τὰ
3485 3924 3669 3978 τικτό-

2090 4038 2225 4093 μενα
2268 4020 2547 4092 δύσκρατα
2588 4016 2748 4084 εἶναι,
2780 4020 2875 4073 καὶ
2899 4018 3047 4082 εἰκὸς
3094 4018 3189 4071 καὶ
3222 4017 3415 4088 eam;
3443 4016 3505 4070 τὸ
3528 4016 3573 4070 δ’
3609 4017 3670 4083 ἐξ

2086 4114 2354 4185 ἀκρασίας
2376 4154 2390 4180 ,
2419 4114 2613 4185 ἄδηλον
2651 4114 2779 4184 μὲν,
2812 4110 2957 4175 είκὺς
2984 4110 3062 4165 δέ.
3101 4111 3174 4170 Τὸ
3210 4108 3311 4181 μὲν
3352 4108 3458 4179 γὰρ
3488 4110 3553 4161 ὲκ
3580 4127 3671 4163 νο-

2093 4204 2374 4268 σούντων,
2432 4205 2525 4259 καὶ
2590 4205 2787 4259 πάθεσι
2845 4203 3001 4277 [τισὶ]
3069 4203 3668 4275 προσκαταληφθέντων

2085 4296 2285 4367 ἀσθενῆ
2314 4297 2614 4364 τίκτεσθαι,
2640 4298 2740 4351 οὐκ
2768 4296 2996 4359 ἀπεικός
3015 4311 3030 4326 ·
3053 4295 3113 4348 τὸ
3136 4295 3192 4348 δὲ
3220 4295 3279 4360 ἐξ
3312 4296 3670 4363 ὑγιαινόντων

2090 4388 2208 4460 μὲν,
2242 4389 2486 4461 ἀκρασία
2522 4389 2579 4442 δὲ
2610 4390 3008 4460 προσεχόντων,
3043 4387 3189 4451 εἰκὸς
3216 4387 3337 4458 μὲν,
3363 4387 3556 4459 ἄδηλον
3584 4387 3667 4443 δέ.

420 4484 549 4537 ιὶοιιί
594 4483 990 4538 dissentaneum
1044 4497 1149 4537 non
1193 4491 1277 4536 est
1314 4483 1490 4551 :quod
1538 4491 1715 4536 autem
1744 4497 1809 4536 ex
1839 4481 1986 4538 sanis

2093 4480 2203 4546 Διὸ,
2235 4481 2309 4543 ὡς
2346 4474 2536 4551 οἶμαι,
2562 4481 2657 4533 καὶ
2696 4484 2724 4533 ὁ
2762 4480 3048 4551 προφήτης
3089 4476 3352 4550 Ἰεζεχιὴλ
3379 4476 3518 4549 μετὰ
3555 4478 3669 4531 τῶν

415 4576 655 4645 quidem,
708 4589 893 4629 verum
938 4574 1365 4643 intemperantia
1418 4574 1646 4639 deditis,
1693 4574 1983 4630 verisimile

416 4667 633 4735 quidem
657 4674 763 4731 est,
815 4680 921 4719 non
980 4673 1158 4719 tamen
1203 4666 1561 4735 perspicuum.
1603 4664 1752 4720 Unde
1794 4664 1982 4730 etiam,

419 4766 475 4811 ut
503 4756 714 4827 opinor,
749 4753 1009 4826 propheta
1059 4752 1309 4810 Ezechiel
1342 4754 1501 4810 simul
1549 4770 1670 4810 cum
1703 4754 1821 4810 aliis
1852 4770 1980 4826 pec-

419 4848 555 4902 catis
585 4845 710 4902 illud
745 4844 906 4899 etiam
930 4844 1227 4911 collocavit,
1270 4848 1413 4914 quod
1464 4856 1713 4914 peccator
1751 4847 1818 4900 ad
1863 4862 1979 4900 mu-

422 4936 606 4991 lierem
655 4942 931 4991 menstruo
969 4934 1230 5006 proﬂuvio
1286 4937 1618 4992 laborantem
1667 4937 1980 4993 accesserit.

422 5022 583 5099 412
615 5026 935 5099 Quanquam
964 5028 1103 5084 enim
1131 5028 1471 5098 potissimum
1516 5028 1617 5084 huc
1662 5028 1867 5086 idcirco
1897 5029 1981 5085 dis

2088 4572 2264 4629 ἇλλων
2310 4573 2728 4644 ἁμαρτημάτων
2761 4572 2916 4637 ἔταξε
2945 4572 3005 4625 τὸ
3028 4571 3123 4625 καὶ
3173 4572 3311 4641 πρὸς
3341 4571 3575 4640 γυναῖκα
3608 4572 3666 4622 ἐν

2089 4666 2308 4737 άφέδρῳ
2352 4661 2519 4718 οὖσαν
2558 4663 2965 4734 εἰσεληλυθέναι
3023 4662 3116 4717 τὸν
3162 4661 3507 4735 ἁμαρτωλόν.
3542 4661 3667 4715 Μά-

2089 4758 2245 4811 λιστα
2282 4759 2380 4830 μὲν
2422 4757 2531 4828 γὰρ
2563 4756 2711 4810 τοῦτ’
2742 4755 2847 4826 ἔφη
2876 4794 2890 4820 ,
2924 4754 2984 4807 τὸ
3025 4754 3235 4825 πρέπον
3263 4756 3330 4825 τῇ
3369 4753 3528 4823 φύσει
3562 4769 3660 4821 φυ-

2089 4850 2315 4915 λάττων,
2364 4852 2455 4904 καὶ
2489 4848 2895 4922 καθαιρομένην
2938 4846 3109 4917 αὐτὴν
3147 4843 3502 4916 ἐνοχλεῖσθαι,
3536 4846 3664 4898 ἀτο⁸

2091 4941 2341 4995 πὼτατον
2368 4938 2503 4996 εἶναι
2535 4942 2839 5011 ἡγούμενος
2861 4955 2875 4969 ·
2913 4940 3105 4993 ἔπειτα
3132 4938 3189 4991 δὲ
3219 4938 3306 4991 ἵνα
3340 4936 3415 5007 μὴ
3438 4936 3533 4989 καὶ
3550 4938 3667 4999 τοῖς

2090 5034 2431 5105 τικτομένοις
2452 5034 2774 5106 νοσημάτων
2799 5030 3051 5103 είδεχθῶν
3070 5029 3233 5085 αἴτιοι
3257 5028 3499 5102 γένοιντο
3524 5027 3659 5100 (9.8).

480 5204 527 5235 ⁵⁸
555 5202 725 5258 Galat.
754 5220 829 5271 vr,
850 5204 905 5259 2.
964 5194 1083 5235 ""°
1110 5192 1266 5253 Joan.
1290 5213 1389 5267 xli,
1418 5197 1507 5252 54.
1579 5198 1623 5229 ⁶¹
1654 5194 1829 5251 Levii.
1868 5208 1982 5248 xxii

2093 5208 2103 5257 ;
2143 5191 2303 5247 Num.
2334 5208 2386 5257 v,
2419 5194 2473 5249 ἢ.

1516 5351 1742 5407 VARle
1782 5350 2169 5408 LECTIO‘NES
2207 5352 2292 5407 ΕΤ
2326 5350 2561 5407 ΝΟΤίΕ.

491 5514 603 5581 (27)
635 5513 770 5569 Cod.
805 5511 926 5568 Vat.
983 5512 1109 5576 650,
1136 5510 1500 5582 εὐεργέτημα.
1540 5510 1749 5566 Possm.

498 5586 607 5653 ωδ)
666 5584 739 5637 De
794 5584 991 5637 morbis
1041 5581 1422 5641 hereditariis.
1475 5582 1565 5653 qui
1612 5597 1638 5631 a
1677 5582 1985 5647 parentibus

431 5651 533 5709 non
584 5651 717 5707 bene
751 5653 897 5706 sanis
926 5654 979 5705 in
1029 5653 1226 5707 liberos
1261 5651 1551 5705 transmitti
1596 5653 1985 5719 propagarique

429 5725 618 5787 solent,
650 5724 763 5777 vide
795 5722 1165 5793 Hippocratem
1203 5723 1293 5776 Iih.
1332 5722 1464 5789 Περὶ
1495 5723 1731 5790 φύσεως
1762 5720 1983 5787 ἀνθρώ⁸

2093 5528 2233 5577 που,
2257 5523 2309 5566 et
2340 5513 2676 5568 Prmdiction.
2704 5511 2797 5567 lib.
2818 5529 2877 5575 ll,
2901 5512 3163 5568 Galerium
3188 5512 3260 5566 De
3275 5514 3430 5566 sanit.
3460 5514 3667 5575 tuend..-

2088 5584 2242 5637 Jnan.
2284 5582 2494 5636 Fernel.
2524 5584 2772 5637 Ambian.
2804 5583 3086 5653 Pathulgg.
3121 5583 3154 5635 Ι.
3184 5582 3395 5653 Ξηρτιρ.
3426 5581 3496 5645 2;
3544 5598 3666 5653 quia

2090 5656 2207 5706 levo
2240 5654 2491 5706 indicavit
2526 5656 2652 5706 mihi
2692 5654 2771 5706 \‘it‘
2801 5655 2867 5708 cl.
2903 5655 2966 5708 ϐ.
3000 5652 3220 5706 R'mtts.
3252 5652 3417 5706 RtT'l'.
