3976 6422
251 295 400 366 1015
467 371 472 376 _
1159 284 1700 352 EPISTOLARUM
1738 284 1856 344 LIB

1969 282 2044 342 [Ι.
2111 307 2154 316 ο·
2190 279 2428 341 EPIST.
2465 276 2730 338 CDXIII.
3417 262 3556 328 ’ίΜῦ

255 409 610 486 Μἰγνῦμενον
642 406 753 480 γὰρ
791 406 851 460 τὸ
881 403 973 458 τοῦ
1007 403 1198 475 ἀνδρὸς
1233 403 1456 473 σπέρμα
1493 398 1572 471 τῷ
1603 397 1848 469 ἀκαθάρ-

1969 395 2050 461 tit,
2085 402 2145 449 ut
2189 395 2526 449 honestatem
2571 398 2783 444 natura!
2831 375 3243 448 custodiret,'et
3271 379 3397 450 quia
3429 379 3553 450 ipsi,

260 470 466 576 τῳ’τῆς
492 470 960 573 θηλείάςάϊματι,
993 470 1219 567 σώματα
1252 470 1553 548 ἀποτίκτει
1576 491 1846 561 νοσήμασι

1969 485 2073 538 lum
2103 484 2158 538 in
2189 481 2510 554 purgatione
2541 486 2818 542 versatur,
2843 473 3119 546 negotium
3151 470 3424 537 exhiberi,
3457 470 3554 524 ab-

259 561 562 664 διαφόροις·
574 561 933 659 ὑποκείμενα.
944 561 957 566 ⁷
973 561 1478 655 Ἐναπομάσσονται
1503 580 1615 651 γὰρ
1641 577 1846 651 τρόπον

1969 575 2330 630 ιυτόίεείιηυηι
2355 571 2567 626 facinus
2601 583 2724 624 esse
2765 567 3009 632 duceret,
3051 572 3232 618 tamen
3263 562 3426 616 etiam
3451 561 3554 616 hoc

261 651 386 740 τινά
426 651 658 756 τὴντῶν
709 651 915 752 γονέων
964 651 1255 751 ἀκρασίαν.
1297 675 1360 728 El
1420 672 1636 736 τοίνυν,
1688 668 1845 739 φησὶ,

1969 682 2010 723 ea
2044 666 2259 722 ratione
2297 661 2458 730 dixit,
2489 669 2552 716 ut
2602 675 2670 717 ne
2710 658 2837 716 ﬁliis
2887 672 3106 728 quoque
3141 654 3254 713 suis
3284 651 3552 710 [ardorum

264 746 580 846 φροντίζετε
620 746 734 843 τῆς-
769 770 882 825 τῶν
927 746 1268 837 τικτομένων
1310 761 1612 834 εὐκρασίας
1643 775 1706 814 τε
1752 757 1848 811 καὶ

1969 758 2270 820 norborum
2325 768 2488 811 causa
2538 753 2890 809 exsisterent.
2941 749 3225 822 Siquidem
3277 746 3436 803 virile
3466 759 3554 802 se-

265 840 476 933 ύγιείας
498 902 513 928 ,
544 863 639 916 καὶ
677 840 739 915 οὐ
786 858 1042 931 βούλεσθε
1092 855 1232 910 αὐτὰ
1267 854 1598 924 Ἐκκλησίας
1633 849 1849 922 Κυρίας

1969 868 2078 909 neu
2119 864 2241 906 cum
2270 848 2483 918 impuro
2523 844 2738 906 [eminae
2766 844 3033 914 sanguine
3062 840 3410 898 commistum
3433 852 3555 894 cor-

263 954 617 1026 χωρίζεσθαι,
648 949 1004 1024 φυλάττεσθε,
1037 950 1132 1003 καὶ
1159 950 1350 1020 καιρὸν
1375 945 1661 1007 συνουσίας
1688 941 1850 1012 γινὼ-

1969 958 2086 1024 οογε
2113 941 2280 998 variis
2309 937 2624 994 morborum
2670 934 2962 1006 generibus
2995 933 3228 990 obnoxia
3281 939 3554 1004 procreat.

267 1024 452 1110 σκετε,
489 1048 580 1102 ἵνα
605 1046 682 1118 μὴ
712 1045 808 1100 καὶ
836 1044 904 1098 τὰ
940 1043 1106 1097 τέκνα
1137 1042 1238 1112 τῆς
1265 1039 1562 1103 ἀκολασίας
1593 1035 1749 1107 ὑμῶν
1779 1034 1849 1088 τά

1969 1034 2168 1090 Etenim
2203 1040 2484 1104 parentum
2518 1027 2994 1118 intemperantiam
3019 1034 3081 1082 et
3106 1024 3390 1081 libidinem
3424 1039 3557 1094 quo-

270 1139 334 1193 σύ
343 1139 518 1211 μσολα
546 1139 907 1211 περιφέρωσι.

1958 1127 2245 1182 dummodo
2285 1125 2619 1194 exprimunt.
2651 1117 3042 1189 Quamobrem,
3074 1118 3273 1184 innuit,
3309 1118 3359 1173 si
3399 1115 3554 1187 probi

269 1232 509 1290 ﬁliorum
540 1243 845 1289 vestrorum
880 1229 1314 1302 temperamenti,
1346 1237 1400 1284 et
1433 1224 1686 1282 sanitatis
1717 1238 1846 1279 cura
1888 1237 1985 1277 vos
2023 1223 2214 1294 tangit,
2254 1236 2353 1276 nec
2407 1219 2575 1275 vultis
2629 1227 2688 1272 ut
2724 1233 2792 1272 ex
2845 1215 3128 1272 Dominica
3188 1213 3441 1270 Ecclesia-
3467 1229 3556 1270 se-

266 1327 583 1397 jungantur,
628 1334 837 1392 cavete,
873 1333 1036 1395 atque
1082 1335 1413 1393 congressus
1446 1319 1666 1375 feminei
1715 1327 1928 1388 tempus
1985 1318 2287 1388 agnoscite,
2320 1331 2387 1372 ne
2441 1313 2646 1385 alioqui
2686 1310 2781 1366 (iiii
2846 1322 3065 1380 quoque
3124 1305 3568 1378 intemperantiae

268 1433 431 1492 atque
471 1421 819 1491 impudicitia
845 1429 1037 1476 vestra:
1059 1426 1216 1474 notas
1250 1416 1660 1474 circumferant.

392 1533 538 1587 TIB'.
570 1561 640 1572 —-
662 1531 1096 1604 ΜΑΡΤΙΝΙΑΝῼ
1132 1532 1255 1586 ΚΑΙ
1294 1530 1562 1586 ΜᾹΡΟΝῘ
1587 1531 1722 1604 (29).

339 1645 402 1699 El
432 1645 530 1699 καὶ
564 1643 626 1698 τὸ
653 1640 795 1708 εἶδος
822 1643 926 1714 τῆς
948 1641 1119 1714 μέθης
1163 1642 1272 1697 τῶν
1309 1643 1405 1696 ἐπὶ
1437 1645 1572 1714 οϊνῳ
1595 1643 1690 1698 καὶ
1713 1645 1851 1716 χρή-

270 1754 406 1810 μασι
434 1736 756 1792 λυττώντων
780 1736 899 1790 ἐστὶ
921 1735 1182 1809 διάφορον
1216 1735 1298 1808 (τὸ
1325 1736 1423 1808 μὲν
1463 1735 1570 1806 γὰρ
1602 1735 1661 1803 ἐξ
1682 1737 1848 1802 οἴνου,

2155 1525 2446 1586 CDXll.-
2467 1521 2904 1581 MARTINIANO
2935 1522 3025 1579 ET
3057 1517 3352 1587 MARQNI.

2031 1644 2146 1700 Etsi
2168 1641 2497 1699 temulenti:
2547 1655 2759 1705 eorum,
2799 1637 2893 1708 qui
2946 1635 3057 1692 vini
3115 1643 3173 1691 et
3201 1632 3556 1704 pecuniarum

1962 1734 2114 1790 rabie
2167 1739 2440 1793 tenentur.
2488 1728 2698 1801 species
2748 1727 2962 1782 diversa
2992 1732 3080 1781 est
3106 1724 3124 1794 (
3155 1722 3324 1778 altera
3352 1720 3500 1788 enim
3527 1737 3556 1773 τι

265 1831 327 1882 τὸ
379 1830 437 1883 δὲ
484 1828 595 1884 ἀπὸ
644 1828 942 1900 χρημάτων
983 1827 1272 1900 γίνεται),
1305 1828 1441 1884 άλλά
1484 1843 1550 1897 γε
1579 1827 1643 1882 τὸ
1683 1826 1854 1891 πάθος

1969 1825 2105 1891 vino,
2139 1823 2310 1878 altera
2337 1836 2467 1877 vero
2504 1835 2534 1874 a
2576 1818 2821 1891 pecuniis
2859 1815 3276 1886 proﬁciscitur),
3319 1822 3377 1867 at
3417 1811 3550 1866 atie-

261 1923 472 1993 ὅμοιον.
503 1920 616 1976 Καὶ
647 1920 756 1990 γὰρ
783 1919 1082 1992 ἀμφότεροι
1128 1919 1331 1992 ὁμοίως
1362 1918 1632 1990 ἐπιθυμίᾳ
1663 1919 1855 1990 ἀτόπῳ

267 2008 644 2078 κειείρωνται.
679 2009 747 2061 Ὅ
771 2024 832 2060 τε
856 2009 966 2080 γάρ
1010 2009 1243 2077 φίλοινος
1282 2010 1392 2081 ὅσῳ
1427 2008 1493 2064 ἂν
1527 2009 1744 2073 πλείους
1769 2010 1858 2062 ὲκ-

280 2100 382 2171 πίῃ
414 2099 680 2167 κύλικας,
710 2100 952 2173 τοσούτῳ
979 2100 1239 2156 πλειόνων
1266 2101 1552 2172 ὀρέγεται·
1581 2104 1609 2157 ὅ
1636 2119 1695 2156 τε
1723 2103 1859 2173 ἐρα-

269 2193 647 2262 σιχρηματος,
699 2193 917 2266 ὅσῳπερ
976 2194 1044 2248 ἂν
1092 2194 1262 2249 πλείω
1313 2201 1519 2267 συνάγη
1546 2236 1562 2259 ,
1618 2197 1856 2267 τοσούτῳ

271 2283 475 2352 μᾶλλον
515 2284 747 2338 ἀνάπτει
780 2285 880 2355 τῆς
921 2286 1220 2359 ἐπιθυμίας
1258 2287 1356 2360 τὴν
1383 2289 1636 2359 κάμινον.
1669 2288 1857 2360 Τούτῳ

271 2375 371 2444 μὲν
394 2370 490 2429 οὖν
514 2375 689 2428 ἔοικεν
716 2389 729 2404 ·
768 2374 940 2448 ἑτέρῳ
962 2377 1018 2430 δὲ
1048 2379 1211 2432 πάλιν
1240 2379 1279 2448 0|
1300 2379 1637 2450 φιλάργυρος
1668 2379 1858 2433 τιςλεον⁸

264 2469 432 2518 εκτεῖ.
478 2468 719 2531 Ἐκεῖνος
762 2467 864 2538 μὲν
904 2469 1035 2540 γὰρ,
1072 2471 1120 2523 εί
1149 2471 1244 2523 καὶ⁵
1287 2470 1469 2541 πάσης
1519 2471 1637 2524 ἐστὶ
1682 2487 1856 2526 κατα-

268 2555 525 2626 γνώσεως
548 2557 717 2625 άξιος,
740 2557 857 2615 ἀλλ’
881 2555 977 2614 οὖν
1000 2577 1065 2630 γε
1089 2562 1324 2634 πρᾶγμα
1353 2561 1553 2633 πάσχει
1585 2562 1728 2616 κατὰ
1755 2561 1858 2631 φύε

268 2667 353 2704 σιν
403 2652 469 2720 (ὁ
498 2651 609 2721 γὰρ
636 2646 791 2714 οἶνος
842 2651 1047 2721 θερμὸς
1079 2651 1156 2705 ὢν
1186 2653 1282 2706 καὶ
1323 2651 1554 2724 διακαὴς
1580 2692 1594 2718 ,
1628 2654 1725 2708 καὶ
1755 2654 1856 2724 τὴν

265 2741 508 2811 ἔμφυτον
555 2743 842 2796 ἐπιτείνων
873 2741 1149 2814 ξηρότητα
1170 2781 1186 2807 ,
1214 2745 1342 2807 τοὺς
1383 2743 1682 2814 μεθύοντας
1710 2747 1858 2798 ποιεῖ

259 2831 423 2903 διψῆν
442 2833 460 2900 )
482 2849 496 2862 ·
531 2826 689 2897 οὗτος
714 2833 771 2887 δὲ
802 2832 966 2888 πόθεν
1014 2833 1104 2886 ἀεὶ
1135 2833 1399 2888 πλειόνων
1447 2833 1725 2904 ὀρέγεται,
1756 2837 1857 2890 οὐκ

267 2925 376 2996 ἔχω
395 2927 575 2995 λέγειν
603 2927 791 2981 πόθεν.
819 2926 1076 2980 Ἐπειδὰν
1101 2927 1211 2998 γὰρ
1243 2928 1507 2998 μειζόνως
1543 2929 1852 3002 πλουτήσῃ,

264 3021 387 3073 τότε
418 3019 658 3090 μάλιστά
693 3021 843 3072 ἐστιν
873 3019 932 3073 ἐν
963 3019 1147 3090 πενίᾳ.
1185 3021 1427 3090 Ἀπορον
1471 3021 1582 3092 γὰρ
1605 3022 1764 3075 τοῦτο
1796 3022 1858 3074 τὸ

1961 1909 2080 1974 ctus
2108 1923 2291 1972 tamen
2319 1912 2513 1971 similis
2527 1921 2630 1972 est.
2667 1909 2804 1969 Nam
2844 1908 3064 1979 utrique
3111 1907 3302 1964 eodem
3335 1907 3495 1960 modo
3522 1921 3548 1958 ο

1961 2009 2104 2080 turpi
2138 2016 2193 2064 et
2227 2005 2465 2063 absurda
2514 2002 2814 2073 cupiditate
2852 2000 3063 2057 subacti
3093 2006 3242 2054 sunt.
3273 1996 3554 2066 Siquidem

1958 2112 2018 2161 et
2049 2102 2142 2174 qui
2171 2101 2280 2158 vini
2313 2099 2504 2166 avidus
2541 2105 2645 2163 est,
2680 2109 2789 2166 quo
2819 2093 3004 2166 plures
3037 2091 3236 2148 calices
3281 2089 3554 2146 exhause-

1961 2195 2052 2262 rit,
2105 2209 2172 2250 eo
2227 2192 2409 2263 plures
2462 2188 2706 2260 appetit:
2738 2196 2792 2241 et
2834 2201 2926 2257 qut
2979 2183 3338 2256 pecuniarum
3370 2194 3557 2235 amore

1962 2293 2198 2349 tenetur,
2237 2297 2346 2354 quo
2393 2281 2546 2351 plura
2574 2277 2878 2347 collegerit,
2920 2290 2987 2331 eo
3027 2275 3199 2346 magis
3245 2272 3561 2344 cupiditatis

1961 2381 2236 2434 fornacem
2264 2375 2530 2432 accendit.
2571 2374 2750 2442 Atque
2802 2373 2919 2427 haec
2947 2371 3165 2439 quidem
3203 2382 3266 2421 ea
3296 2381 3354 2423 re
3384 2366 3459 2421 illi
3493 2367 3561 2420 si-

1961 2470 2104 2524 milis
2135 2477 2239 2524 est.
2267 2469 2336 2521 At
2369 2480 2495 2522 vero
2539 2452 2643 2519 alia
2683 2479 2899 2519 rursum
2953 2461 3169 2516 ratione
3201 2460 3248 2516 is
3281 2458 3371 2529 qui
3396 2472 3562 2529 pecu-

1961 2563 2061 2618 nia:
2087 2561 2265 2618 studio
2316 2559 2527 2631 ﬂagrat,
2553 2558 2869 2630 superiores
2904 2555 3032 2610 fert.
3070 2551 3212 2607 Nam
3250 2566 3376 2607 cum
3401 2550 3559 2614 alter,

1959 2662 2013 2710 et
2048 2654 2095 2708 si
2123 2653 2272 2706 omni
2313 2649 2737 2719 reprehensione
2780 2656 2945 2717 atque
2995 2643 3450 2702 condcmuatione
3481 2645 3564 2699 di-

1961 2761 2099 2817 gnus
2149 2745 2245 2811 sit,
2280 2753 2460 2798 tamen
2499 2756 2612 2796 rem
2660 2749 2870 2796 naturae
2903 2749 3328 2796 consentaneam
3366 2751 3561 2807 perpe-

1963 2839 2126 2894 tiatur
2159 2834 2390 2908 (vinum
2422 2834 2625 2904 quippe
2679 2848 2802 2888 cum
2862 2830 3133 2887 fervidum
3156 2839 3212 2886 et
3241 2830 3440 2885 ardens
3469 2829 3566 2897 sit,

1962 2944 2026 2982 ac
2060 2928 2370 2983 naturalem
2404 2926 2712 2980 siccitatem
2743 2933 2959 2994 augeat,
2991 2923 3160 2979 ebriis
3193 2922 3340 2979 sitim
3375 2934 3565 2978 accer-

1962 3020 2097 3091 sit);
2133 3020 2221 3074 hic
2247 3027 2460 3081 contra,
2499 3031 2605 3086 qua
2651 3018 2718 3072 de
2749 3031 2911 3071 causa
2942 3017 3095 3085 plura
3127 3027 3345 3084 semper
3393 3029 3563 3084 appe-

265 3111 520 3182 νόσημα,
561 3111 654 3165 καὶ
708 3110 997 3182 αἰνίγματι·
1044 3110 1244 3181 μᾶλλον
1296 3113 1493 3176 ἐοικός.
1551 3112 1762 3167 Οὐκοῦν
1805 3115 1854 3165 εί

1969 3121 2062 3178 tat,
2110 3113 2294 3168 dicere
2337 3125 2569 3181 nequeo.
2616 3109 2752 3164 Nam
2790 3124 2917 3165 cum
2949 3107 3245 3177 ampliores
3273 3121 3409 3176 opes
3438 3121 3567 3161 con-

266 3202 722 3274 θεραπευόμενον
749 3203 1122 3274 ἑπιτρίὸεται,
1173 3204 1270 3256 καλ⁵
1319 3202 1396 3274 τῷ
1440 3204 1852 3276 ὲπινενοημένῳ

1969 3212 2183 3258 secutus
2210 3211 2320 3268 ost,
2356 3213 2468 3256 tum
2493 3203 2713 3257 demum
2739 3199 2976 3255 maxime
3008 3199 3060 3254 in
3088 3207 3411 3269 paupertate
3443 3214 3567 3253 ver-

267 3296 550 3366 φαρμάκῳ
604 3295 984 3367 χαλεπώτερον
1028 3297 1277 3364 γίνεται,
1333 3295 1671 3368 παυσώμεθα
1721 3296 1854 3368 ὓλην

1969 3306 2136 3349 satur.
2189 3294 2597 3364 lnexplicabilis
2637 3295 2784 3350 enim
2829 3293 2925 3348 hic
2981 3291 3208 3349 morbus
3241 3302 3346 3361 est,
3404 3300 3568 3363 atque

266 3388 607 3460 παρέχοντες
634 3386 715 3458 τῷ
738 3387 966 3459 τοιούτῳ
992 3390 1159 3460 πυρὶ,
1194 3389 1290 3442 καὶ
1325 3389 1421 3458 τὴν
1458 3388 1856 3461 προῦπάρχου-

1969 3386 2237 3456 amigmati
2262 3387 2476 3444 similis.
2503 3386 2869 3453 Quamobrem
2897 3385 2943 3440 si
2975 3399 3098 3439 cum
3137 3393 3369 3440 curatur
3392 3385 3573 3456 ingra-

267 3495 365 3531 σαν
403 3479 437 3548 ἢ
462 3477 705 3549 ἁθρόως,
746 3479 780 3549 ἢ
819 3477 958 3532 κατὰ
996 3478 1194 3549 μικρὸν
1229 3478 1620 3549 ὑπεξέλωμεν·
1655 3478 1741 3532 ἵνα
1780 3478 1854 3550 μὴ

1969 3477 2159 3541 vescit,
2192 3491 2258 3533 ac
2288 3492 2384 3547 per
2415 3477 2786 3547 excogitatum
2832 3476 3133 3532 remedium
3161 3475 3404 3532 atrocior
3435 3478 3563 3530 reti-

262 3569 534 3623 ἆσΰεστον
571 3570 867 3640 γενόμενον
909 3570 1188 3625 κάνταῦθα
1230 3571 1377 3642 ἡμᾶς
1419 3570 1674 3642 τεφρώσῃ
1702 3611 1714 3635 ,
1760 3572 1856 3624 κὰ-

1969 3567 2137 3634 ditur,
2172 3570 2458 3624 materiam
2489 3567 2762 3637 ejusmodi
2788 3567 2900 3638 igni
2947 3567 3194 3636 praebere
3225 3565 3564 3629 desinamus,

264 3664 414 3714 κεῖσε
444 3659 524 3730 τῷ
555 3661 808 3732 ἀσϐέστῳ
831 3661 1179 3734 παραπέμψῃ
1211 3661 1365 3732 πυρί.

1969 3676 2032 3715 ac
2069 3659 2356 3731 pristinam
2384 3660 2467 3717 vel
2491 3661 2676 3717 subito
2703 3661 2788 3716 vel
2821 3660 3088 3731 paulatim
3122 3660 3515 3715 sub-trahamus
3552 3676 3562 3710 :

266 3764 334 3804 ne
359 3750 559 3820 alioqui
632 3749 997 3807 inexstiuctus
1045 3749 1290 3817 ell‘ectus,
1330 3761 1386 3806 et
1434 3751 1523 3808 hic
1588 3765 1688 3807 nos
1720 3753 1774 3807 in
1805 3751 2044 3809 cinerem
2111 3753 2342 3824 redigat,
2395 3751 2581 3808 etillic
2661 3752 2728 3808 ad
2767 3766 3045 3822 nunquam
3111 3749 3566 3820 exstinguendum

266 3841 448 3913 ignem
501 3842 855 3899 transmittat.

517 3959 666 4012 ΥΙΡ.
704 3989 779 4002 -
809 3960 1125 4015 ΔΙΟΓΕΝΕΙ
1166 3962 1640 4032 ΠΡΕΣΒΥΤΕΡῼ.

350 4070 626 4141 Ἠγοῦμαι
669 4073 750 4126 ὅτι
789 4071 1021 4138 ἕκαστος
1056 4075 1115 4141 ἐξ
1159 4069 1234 4129 ὢν
1289 4075 1563 4147 πράττει,
1596 4077 1691 4131 καὶ
1727 4078 1857 4147 περὶ

264 4161 375 4216 τῶν
407 4163 713 4234 μελλόντων
739 4165 1122 4236 ἀποφαίνεται.
1151 4168 1341 4231 Οὐδεὶς
1378 4167 1509 4236 γοῦν
1541 4169 1651 4221 τῶν
1682 4168 1860 4240 ὀρθῶς

269 4255 366 4307 καὶ
395 4253 612 4325 σεμνῶς
643 4253 1012 4329 βεϐιωκότων,
1045 4257 1142 4312 καὶ
1174 4258 1454 4312 πολιτείαν
1485 4260 1716 4330 ἀρίστην
1740 4263 1859 4315 ἐπι-

265 4348 640 4418 δειξαμένων,
671 4351 893 4403 ἀπιστεῖ
928 4354 995 4422 τῇ
1028 4351 1230 4422 κρίσει.
1274 4353 1338 4405 υἱ
1381 4353 1438 4405 δὲ
1473 4353 1739 4425 ρᾴθυμοι,
1782 4353 1861 4423 τῷ

269 4441 496 4511 πονηρῷ
523 4442 820 4513 ἀγχόμενοι
863 4445 1158 4508 συνειδότι,
1183 4443 1307 4497 οὔτε
1347 4444 1564 4513 κρίσιν,
1596 4441 1721 4494 οὗτε
1762 4442 1859 4492 άν-

269 4532 470 4584 τίδοσιν
508 4527 651 4586 εἶναι
693 4533 969 4598 ἐθέλοντες
993 4577 1008 4603 ,
1036 4535 1065 4588 ὃ
1109 4534 1420 4605 βούλονται,
1468 4537 1562 4588 καὶ
1595 4532 1856 4602 δογματί-

2185 3956 2412 4013 cnxut.
2435 3987 2507 3999 -
2540 3939 2817 4014 moueat
2867 3955 3347 4014 PRESBYTERO.

2043 4067 2135 4124 Sic
2179 4069 2438 4124 existimo
2493 4082 2939 4139 unumquemque
2993 4083 3062 4123 ex
3117 4050 3222 4134 his:
3259 4081 3382 4138 qua:
3416 4068 3564 4133 facit,

1971 4161 2037 4214 de
2065 4157 2262 4215 futuris
2285 4173 2505 4229 quoque
2533 4158 2910 4229 pronuntiare.
2941 4157 3114 4213 Nemo
3143 4159 3344 4214 etenim
3376 4173 3567 4214 eorum

1969 4253 2058 4321 qui
2095 4261 2240 4308 recte
2303 4262 2468 4323 atque
2521 4252 2757 4310 honeste
2804 4252 3082 4318 vixerunt,
3130 4262 3293 4321 atque
3350 4253 3569 4321 optinnu

1965 4345 2176 4400 vivrndi
2216 4345 2448 4401 rationis
2487 4347 2767 4415 specimen
2816 4346 3134 4411 ediderunt,
3175 4344 3382 4414 judicio
3407 4345 3566 4400 iidem

1965 4438 2212 4504 abrogat.
2245 4437 2311 4491 At
2337 4453 2538 4508 segnes
2561 4447 2615 4492 et
2673 4438 2874 4509 ignavi,
2925 4439 3070 4507 quod
3136 4438 3384 4507 improba
3438 4454 3566 4494 cou-

1969 4531 2199 4585 scientia
2238 4530 2710 4600 coustriugautur,
2766 4544 2869 4585 nec
2914 4529 3205 4597 judicium,
3244 4544 3344 4584 nec
3390 4545 3570 4586 remu-

273 4622 476 4687 ζουσιν,
511 4623 571 4676 οὺ
607 4625 704 4694 τὴν
730 4626 992 4694 ἀλήθειαν
1029 4627 1382 4692 σκοποῦντες,
1413 4627 1550 4680 ἀλλὰ
1581 4627 1678 4696 τὴν
1717 4624 1855 4677 ἰδίαν

1972 4622 2310 4677 nerationem
2339 4635 2462 4677 esse
2510 4620 2816 4690 cupientes,
2869 4623 3014 4691 quod
3070 4622 3318 4690 cupiunt,
3351 4621 3402 4676 id
3435 4637 3570 4690 quo-

273 4713 530 4784 βούλησιν
562 4716 855 4787 κυρούντες
884 4717 1019 4790 (50).
1039 4719 1195 4773 Ἐπεὶ
1220 4720 1400 4773 τοίνυν
1426 4719 1524 4791 τὴν
1553 4718 1736 4788 κρίσιν
1763 4716 1858 4770 καὶ

271 4809 514 4877 ποιητῶν
546 4810 642 4863 καὶ⁵
672 4808 920 4880 ρητόρων
966 4811 1062 4863 καὶ
1095 4811 1461 4882 συγγραφέων
1495 4811 1591 4863 καὶ
1641 4807 1858 4879 φιλοσό-

275 4916 392 4967 φων
418 4902 468 4954 οἱ
513 4901 848 4966 ἐνδοξότατοι
879 4901 1254 4972 κηρύττουσιν
1278 4904 1392 4975 (51)
1427 4903 1501 4976 (ἡ
1545 4903 1655 4974 γὰρ
1698 4918 1859 4972 μερι-

1972 4731 2078 4785 que
2110 4724 2387 4782 astruuut,
2413 4729 2518 4769 non
2548 4715 2833 4771 veritatem
2888 4723 3221 4784 spectantes,
3251 4714 3344 4770 sed
3377 4714 3570 4770 volun-

1975 4818 2137 4863 tatem
2169 4823 2322 4863 suam
2347 4806 2760 4863 confirmantes.
2789 4805 2954 4878 413
2985 4805 3266 4873 Quoniam
3298 4805 3459 4876 igitur
3483 4805 3568 4876 ju-

1975 4901 2174 4955 dicium
2205 4909 2260 4956 et
2291 4911 2599 4971 poetarum,
2630 4909 2685 4956 et
2713 4908 3016 4964 oratorum,
3049 4906 3104 4952 et
3145 4897 3562 4960 historicorum,

1378 5055 1617 5111 VARIJE
1646 5053 2037 5109 LECTIONES
2082 5052 2167 5109 ET
2209 5053 2444 5110 NOTAE.

349 5211 459 5283 (29)
492 5211 695 5267 Confer
721 5211 896 5283 epist.
924 5212 1047 5277 uti,
1085 5212 1178 5268 lib.
1204 5227 1267 5278 ιι,
1301 5221 1356 5268 et
1380 5211 1531 5266 Stob.
1560 5225 1724 5283 serm:
1761 5210 1845 5275 53,

279 5281 578 5352 54‘etseq.,
610 5283 814 5352 Spjnae.
847 5281 940 5352 lib.
973 5298 1010 5336 ι.
1043 5283 1116 5338 De
1138 5283 1453 5352 tranquillit.
1476 5283 1661 5335 animi.
1690 5281 1855 5335 RITT.

350 5354 457 5424 (30)
493 5351 625 5407 Cod.
654 5351 778 5424 \fatq.
803 5351 938 5424 7650,
967 5351 1282 5424 τηροῦντεςζ
1314 5353 1390 5406 in.

351 5421 456 5493 (5i)
496 5425 561 5476 Οἱ
595 5421 975 5493 ἐνδοξότατοι
1023 5421 1445 5490 κηρύττουσιν.
1486 5422 1579 5477 Sic
1618 5423 1858 5493 Chryso—

281 5492 480 5564 stomns
511 5513 524 5547 :
571 5493 686 5545 Οὐκ
719 5492 853 5564 Αέστι
897 5493 1063 5564 μύθος
1104 5495 1232 5564 περὶ
1264 5494 1362 5562 τῆς
1411 5495 1634 5562 γεέννης
1666 5492 1857 5560 λόγος,

281 5563 391 5634 ἀλλ’
427 5563 596 5625 οὕτως
624 5561 772 5615 ἐστὶν
809 5561 1042 5634 ἀληθὴς,
1086 5561 1300 5632 ὅτιόὑχ
1329 5566 1489 5633 ἡμεῖς
1526 5564 1686 5634 μόνον
1724 5564 1858 5615 ἀλλὰ

285 5601 376 5614 ...ιη
427 5601 595 5625 ww,
626 5601 769 5615 τη...
809 5601 965 5615 ...ηιμ
1088 5601 1168 5616 ν..
1203 5601 1260 5615 νυ
1334 5601 1344 5614 .
1423 5601 1459 5616 γ.
1567 5601 1684 5615 νη,
1724 5601 1858 5615 ...ηηυι

285 5632 374 5703 καί
401 5634 660 5702 ποιηταὶ,
703 5633 796 5684 καὶ
837 5601 1147 5702 φιλόέῖιξροι,
1179 5601 1576 5702 καὶλλόξξπᾌιῇ
1601 5634 1727 5703 περὶ
1761 5635 1859 5702 τῆς

289 5701 584 5774 μελλούσης
606 5704 1013 5768 άνταποδόσεως
1047 5704 1462 5774 ἐφιλοσόφησαν,
1511 5705 1605 5757 καὶ
1640 5701 1696 5756 ἐν
1732 5701 1858 5776 ᾅδου

1971 5209 2296 5298 κολάζεσθαι
2321 5213 2447 5298 τοὺς
2472 5211 2745 5291 πονηροὺς
2768 5211 3059 5298 είρῇκασιο
3075 5209 3273 5298 ξξγάρ
3299 5210 3395 5265 καὶ
3426 5213 3568 5298 μετὰ

1972 5280 2228 5352 ἀληθείας
2261 5281 2336 5352 ὡς
2366 5281 2478 5350 ἔχει
2517 5279 2711 5346 ταῦτα,
2735 5279 2912 5334 εἰπεῖν
2947 5279 3048 5352 οὐκ
3070 5279 3440 5352 ἠδυνήθησαν,
3468 5281 3563 5335 an

1966 5350 2076 5404 ἀπὸ
2097 5351 2376 5421 λογισμῶν
2405 5352 2751 5421 κινηθέντες,
2777 5352 2873 5404 καὶ
2899 5350 3032 5421 παρ’
3061 5351 3426 5421 ἀκουσμάτων
3457 5352 3564 5421 τῶν

1967 5367 2076 5404 απο
2098 5367 2376 5421 λογισμῶν
2405 5367 2751 5421 κινηυεντες,
2777 5367 2873 5404 και
2899 5367 2976 5403 πα
3025 5367 3030 5370 ·
3061 5367 3426 5420 ακουσματων
3457 5370 3560 5404 των

1967 5423 2097 5491 παρ’
2129 5422 2284 5489 ἡμῖν’
2318 5421 2434 5474 ἀλλ’
2477 5422 2627 5491 ὅμως
2661 5422 2849 5474 είκύνα
2899 5367 3022 5474 τινὲ
3064 5420 3302 5491 κρίσεως
3346 5420 3560 5473 ἔλαϐον·

1968 5489 2264 5553 Κώκυτοὺς
2297 5494 2406 5561 γάρ
2439 5489 2569 5560 φασί
2593 5509 2779 5557 τινας,
2808 5492 2905 5545 καὶ
2933 5489 3405 5561 πυριφλεγέθοντα
3423 5531 3454 5555 ,η
3474 5508 3564 5542 πο-

1953 5563 2173 5646 ταμοὺς
2197 5550 2289 5642 κὲκι
2309 5550 2510 5646 ’σέυγὶές
2549 5550 3139 5646 ὕδωωᾷαὶῂτάρτὰρὸγ
3170 5550 3566 5646 τοσοῦτονζάπ-

1969 5629 2161 5703 έχοντα
2193 5632 2292 5701 τῆς
2325 5633 2428 5701 γῆς
2459 5632 2583 5684 ὅσον
2612 5629 2753 5703 αὐτὴ
2783 5630 2875 5703 τοῦ
2905 5629 3161 5703 οὐρανοῦ,
3198 5629 3562 5703 καὶ-πολλοὺς

1969 5700 2257 5764 κολάσεως
2283 5700 2541 5773 τρόπους.
2594 5703 2704 5758 Καὶ
2742 5700 2916 5758 ’πάλιν
2959 5701 3183 5768 ὴλύσιυν
3226 5700 3426 5766 πεδίον,
3465 5700 3562 5753 καὶ
