3976 6410
199 274 328 340 1069

1162 278 1708 342 EPISTOLARUM
1741 281 1888 342 LIB.
1929 282 2032 343 IV.
2072 306 2142 316 -
2180 281 2419 342 EPIST.
2460 280 2545 342 II.

3351 273 3494 348 1050

189 385 476 458 ἑϐδομάδος
504 385 586 452 εἰς
623 387 790 458 μῆνα,
823 386 931 442 τῶν
957 387 1014 442 δι
1047 387 1231 460 μηνῶν
1251 391 1332 454 είς
1359 389 1607 445 ἐνιαυτόν
1633 406 1646 420 ·
1683 393 1780 443 καὶ

1896 392 2129 459 madam,
2161 391 2497 448 hebdomada
2528 397 2708 445 autem
2741 390 2795 444 in
2822 397 3082 455 mensem,
3113 401 3336 445 menses
3362 404 3496 448 vero

191 478 350 532 πάλιν
384 479 463 538 είς
491 478 560 531 τὰ
598 479 738 531 αὺτά
776 481 977 550 σημεῖα
1006 478 1478 536 ἀποκαθίσταται·
1509 480 1596 534 διὰ
1620 479 1778 535 τοῦτο

193 567 268 638 πῆ
306 567 404 638 μὲν
453 567 720 637 στέφανον
750 566 1021 634 ἔνιαυτοῦ,
1067 570 1141 640 πῆ
1185 568 1242 622 δὲ
1271 570 1464 642 τροχὸν
1509 569 1779 638 γενέσεως

194 660 454 714 ἐκάλεσεν
485 661 518 730 ή
553 661 781 732 Γραφή·
829 660 1031 714 κύκλου
1084 663 1194 732 γὰρ
1242 663 1334 715 καὶ
1382 663 1649 732 στεφάνου
1681 662 1777 716 καὶ

193 751 388 824 τροχοῦ
418 751 479 804 τὸ
524 751 654 804 αὐτὸ
687 754 890 822 σχῆμα.
928 751 1049 805 Τῶν
1081 753 1362 824 τεσσάρων
1389 754 1586 824 ὡρῶν,
1623 755 1779 825 ἐαρι-

194 846 289 914 νῆς
309 883 324 907 ,
367 843 542 914 φημὶ,
580 843 676 896 καὶ
705 843 959 914 θερινῆς,
998 843 1376 914 μετοπωρινῆς
1407 844 1502 899 κα)⁸
1533 863 1780 918 χειμερι-

193 935 292 1004 νῆς
311 975 326 998 ,
373 936 576 1007 τρόπον
607 934 730 989 τινά
760 934 860 999 τὰς
889 937 1094 1007 ίχεῖρας
1135 937 1520 991 συναπτουσῶν
1560 938 1654 992 καὶ
1685 939 1778 994 τὸν

195 1026 443 1080 ἐνιαυτὸν
513 1026 874 1093 ἑλιττουσῶν,
944 1028 1175 1100 ἀρίστην
1239 1029 1461 1100 χορείαν
1522 1030 1780 1101 χορεύου-

198 1136 281 1171 σιν
323 1118 454 1189 (33).
487 1117 644 1172 Οὕτω
669 1118 779 1189 γὰρ
819 1118 999 1190 σοφῶς
1034 1119 1128 1174 καὶ
1157 1121 1493 1191 ὲναρμονίως
1539 1121 1778 1176 ὐπὸ-τοῦ

197 1211 580 1282 ἀριστοτέχνου
606 1210 744 1265 Θεοῦ
773 1210 1304 1284 ὲδημιουργήθησαν,
1335 1212 1412 1277 ὡς
1442 1213 1625 1286 ἠρέμα
1648 1213 1780 1268 ἑκά-

199 1323 330 1375 στης
352 1304 414 1358 τὸ
441 1305 592 1369 τέλος
619 1310 687 1378 τῇ
717 1307 859 1378 ἀρχῇ
891 1307 991 1378 τῆς
1015 1305 1182 1377 ἄλλης
1213 1309 1551 1379 κιρνὼμενον
1580 1307 1782 1366 λανθα-

193 1397 397 1462 νόντως
436 1399 530 1452 καὶ
572 1399 984 1469 ἀνεπαισθήτως
1013 1399 1108 1454 καὶ
1144 1400 1394 1464 ἀϐλαϐῶς
1442 1403 1500 1454 ὲν
1529 1399 1640 1473 (34)
1669 1404 1783 1465 τοῖς

200 1489 419 1559 σώμασι
466 1491 741 1562 χορεύειν.
797 1493 913 1546 Ἱνα
962 1493 1018 1546 δὲ
1058 1493 1392 1563 σαφέστερον
1440 1494 1667 1564 γένηται
1721 1493 1782 1547 τὸ

196 1579 510 1650 λεγόμενον,
528 1583 594 1637 δι’
619 1586 784 1639 αὐτοῦ
807 1587 900 1640 τοῦ
923 1590 1249 1657 πράγματος
1275 1591 1303 1642 ό
1324 1588 1484 1658 λόγος
1507 1589 1778 1659 βαδιείτω.

1883 484 1938 539 in
1975 499 2199 550 annum,
2235 497 2563 552 rursumque
2617 480 2670 537 in
2725 481 2912 536 eadem
2965 480 3142 550 signa,
3197 495 3319 550 qua
3371 496 3496 551 per-

1881 577 2114 648 agravit,
2150 576 2504 660 restituatttr:
2544 576 2686 629 banc
2733 574 2803 629 ob
2854 587 3076 628 causam
3108 572 3237 628 alibi
3272 573 3494 644 quidem

1882 683 2141 725 coronam
2168 670 2319 737 anni,
2360 670 2488 724 alibi
2540 685 2674 724 vero
2715 677 2889 725 rotam
2935 668 3309 739 generationis
3343 667 3495 724 Scri-

1882 769 2044 832 ptura
2072 761 2366 832 appellavit
2400 763 2610 833 (circuli
2663 776 2898 832 namque
2947 769 3002 817 et
3035 775 3251 816 corona:
3277 770 3337 814 et-
3364 768 3497 815 rota

1882 854 2070 908 eadem
2098 862 2182 908 est
2207 853 2423 925 ﬁgura),
2458 854 2602 924 quod
2637 863 2872 924 quatuor
2896 851 3495 916 horae,videlicetver-

1884 960 2012 999 num
2046 953 2257 1010 tempus
2282 953 2337 1000 et
2377 946 2626 1001 aestivum
2670 954 2726 1000 et
2750 944 3061 1000 autumnale
3101 952 3157 998 et
3203 943 3494 999 hibernum

1884 1032 2113 1089 invicem
2162 1033 2566 1104 quodammodo
2596 1048 2793 1088 manus
2822 1041 3175 1100 connectant,
3205 1041 3261 1088 et
3289 1047 3492 1087 annum

1882 1125 2330 1193 circumvolvant,
2383 1135 2547 1197 atque
2577 1127 2650 1180 ita
2697 1125 2966 1195 optimam
3009 1125 3300 1195 quamdam
3354 1123 3494 1180 cho-

1883 1232 2032 1274 ream
2065 1220 2284 1273 ducant.
2337 1219 2488 1274 Adeo
2539 1219 2684 1274 enim
2728 1217 2999 1288 sapienter
3029 1227 3085 1271 et
3115 1225 3239 1286 apte
3292 1231 3490 1272 conve-

1885 1310 2206 1380 nienterque
2235 1311 2303 1365 ab
2323 1311 2530 1380 optimo
2562 1309 2771 1365 artiﬁce
2832 1310 2943 1366 Deo
2974 1318 3174 1364 creata:
3199 1315 3326 1362 sunt
3356 1323 3495 1378 qua-

1887 1411 2008 1456 tuor
2036 1402 2143 1457 illae
2178 1403 2302 1457 anni
2333 1403 2503 1470 horae,
2545 1411 2602 1456 ut
2629 1402 2890 1471 paulatim
2922 1401 3186 1472 cujusque
3211 1401 3335 1456 linis
3365 1414 3490 1455 cum

1885 1493 2109 1548 alterius
2157 1494 2421 1563 principio
2480 1494 2885 1550 inadvertenter
2930 1495 3159 1564 sineque
3214 1508 3378 1548 sensu
3430 1506 3495 1548 ac

1886 1599 2026 1638 noxa
2074 1584 2179 1638 ulla
2220 1584 2540 1654 corporibus
2577 1584 2721 1639 illata
2777 1592 3190 1639 convertantur.
3248 1583 3357 1637 Sed
3385 1596 3494 1651 quo

198 1665 269 1724 Τὸ
315 1673 619 1743 ἀκρότατον
666 1676 823 1748 θέρος
871 1679 969 1731 οὐκ
1008 1679 1169 1742 εὐθὺς
1199 1681 1279 1744 εἰς
1318 1681 1564 1750 χειμῶνα
1613 1680 1780 1754 ἄκρον

1896 1673 2228 1729 manifestius
2276 1673 2369 1727 (int
2414 1675 2464 1727 id
2510 1675 2655 1742 quod
2697 1673 2838 1740 dico,
2895 1688 2994 1743 per
3036 1673 3234 1740 ipsam,
3277 1686 3382 1742 qua
3429 1670 3496 1725 de

200 1740 595 1834 παραπέμπει·
641 1762 678 1836 ἦ
715 1740 822 1837 γὰρ
852 1765 920 1820 ἂν
963 1740 1166 1838 ὲϐλάϐή
1198 1740 1272 1822 τά
1315 1740 1543 1840 σώματα
1587 1740 1778 1824 καὶ.τά

1896 1765 2086 1835 agitur,
2105 1779 2218 1818 rem
2249 1773 2436 1819 nostra
2467 1765 2642 1819 oratio
2677 1764 2975 1834 gradiatur.
3004 1762 3285 1818 Summam
3323 1770 3488 1816 aesta-

199 1853 490 1924 σπέρματα
527 1859 619 1909 καὶ
664 1858 733 1912 τὰ
779 1859 954 1928 φυτὰ,
992 1860 1091 1930 τῆς
1133 1860 1337 1932 ἀθρόας
1365 1861 1670 1933 μεταϐολῆς
1708 1862 1784 1934 μὴ

197 1945 530 2018 ένεγκόγτων
569 1949 682 2020 (55)
737 1949 838 2022 τήν
875 1949 1061 2018 ἔφοδον
1085 1968 1096 1980 ’
1150 1952 1286 2007 ἀλλὰ
1312 1952 1373 2006 τὸ
1414 1952 1513 2024 μὲν
1539 1953 1620 2023 τῷ
1655 1971 1787 2025 μετ-

197 2033 395 2106 οπώρῳ
414 2041 824 2111 παραχωρῆσαι]
849 2042 1028 2113 λήγει,
1049 2042 1108 2096 τὸ
1137 2042 1193 2096 δὲ
1219 2043 1358 2097 κατὰ
1381 2044 1480 2115 μὲν
1497 2043 1594 2116 τὴν
1611 2044 1786 2116 ἀρχὴν

195 2128 270 2200 τῷ
303 2131 474 2200 θέρει,
505 2134 645 2186 κατὰ
683 2134 737 2187 δὲ
777 2137 876 2205 τὴν
905 2136 1161 2207 τελευτὴν
1193 2135 1376 2208 ἡρέμα
1407 2137 1501 2190 καὶ
1527 2137 1668 2190 κατὰ
1700 2155 1788 2208 μι-

196 2222 324 2292 κρὸν
344 2222 422 2293 τῷ
446 2225 674 2295 χειμῶνι
700 2227 986 2298 ὁμοιωθὲν,
1004 2227 1259 2292 ἀϐλαϐῶς
1276 2226 1353 2298 τῷ
1364 2227 1594 2298 χειμῶνι
1615 2243 1786 2298 παρα-

196 2313 428 2384 πέμπει,
457 2311 576 2371 εἶτα
599 2317 847 2388 όχειμὼν
879 2319 956 2389 τῷ
981 2319 1102 2390 ἔαρι
1129 2320 1560 2391 παραχωρήσας,
1586 2320 1742 2391 λήγει
1767 2337 1778 2350 ·

193 2406 253 2458 τὸ
299 2406 356 2459 δὲ
391 2408 534 2460 κατὰ
567 2411 763 2482 μικρὸν
801 2409 1176 2474 λανθανόντως
1215 2409 1553 2483 κιρνώμενον
1609 2428 1783 2481 παρα-

196 2496 403 2566 πέμπει
439 2499 517 2569 τῷ
549 2499 716 2570 θέρει.

1896 1865 2002 1910 tem
2041 1870 2147 1910 non
2176 1868 2206 1909 c
2230 1856 2457 1926 vestigio
2486 1857 2540 1909 in
2575 1870 2846 1911 summam
2893 1855 3132 1910 hiemem
3175 1853 3497 1908 transmittit

1896 1951 2056 2005 Deus.
2091 1947 2341 2004 Profecto
2374 1949 2517 2004 enim
2553 1951 2598 2004 si
2634 1949 2686 2003 id
2723 1948 2896 2015 ﬁeret,
2946 1957 3058 2002 tum
3109 1961 3238 2002 vero
3279 1955 3334 2001 et
3369 1961 3495 2001 cor-

1895 2055 2027 2112 pora
2056 2039 2436 2107 animantium,
2469 2051 2523 2095 et
2558 2041 2767 2096 semina
2811 2050 2867 2095 et
2906 2040 3188 2111 gignentia
3221 2038 3364 2102 laedi,
3399 2049 3496 2090 ne-

1895 2147 2048 2189 cesse
2064 2141 2228 2197 esset,
2254 2132 2395 2201 quod
2431 2133 2626 2186 subitze
2645 2133 2963 2186 mutationis
2990 2130 3327 2184 invasionem
3353 2128 3497 2182 ferro

1894 2239 2001 2280 non
2051 2212 2270 2293 possent
2309 2243 2322 2278 :
2357 2223 2448 2279 sed
2497 2231 2658 2278 restas
2713 2223 2929 2291 quidem
2980 2231 3242 2275 autumno
3291 2217 3492 2272 cedens

1890 2315 2427 2372 desinit:autumnus
2455 2330 2583 2371 vero
2614 2315 2666 2369 in
2701 2315 2933 2369 hiemem
2952 2315 3157 2382 absque
3182 2309 3327 2364 omni
3354 2321 3494 2361 noxa

1882 2407 2122 2473 transit,
2176 2407 2302 2463 dum
2357 2408 2514 2463 initio
2559 2407 2665 2471 sui,
2728 2406 2929 2471 aestati,
2985 2404 3090 2459 line
3137 2411 3318 2456 autem
3375 2399 3491 2454 cle-

1889 2509 2102 2554 menter
2162 2512 2228 2552 ac
2285 2499 2546 2569 paulatim
2613 2497 2780 2552 hiemi
2839 2494 3234 2550 conformatur.
3312 2490 3499 2546 Hiems

196 2590 389 2648 deinde
437 2595 549 2649 reri
601 2599 736 2651 dans
784 2597 959 2653 locum
1017 2599 1260 2656 desinit:
1305 2609 1360 2656 et
1406 2614 1502 2654 ver
1539 2611 1754 2670 quoque
1796 2594 2056 2666 paulatim
2123 2608 2191 2650 ex
2226 2591 2459 2649 diversis
2502 2591 2856 2662 qualitatibus
2913 2595 3384 2660 contemperatum
3437 2587 3495 2642 in

195 2701 440 2746 arstatem
487 2693 859 2763 transmigrat.

741 2810 816 2864 B'.
854 2843 922 2855 -
961 2814 1232 2886 ΖΩΣΙΜῼ.

195 2893 298 2960 είς
326 2893 415 2960 τὸ,
453 2915 470 2947 ι
509 2899 886 2966 Καθήλωσον
909 2903 977 2956 ἐκ
1008 2905 1116 2957 τοῦ
1137 2906 1328 2972 φόϐου
1361 2921 1478 2961 σου
1503 2907 1610 2974 τὰς
1636 2905 1782 2977 σάρ-

808 2987 922 3037 κας
955 2990 1096 3041 μου.
1147 2993 1165 3025 ι

263 3093 486 3162 Γέλωτα
531 3095 880 3166 όφλισκάνεις
931 3095 998 3173 (ὧ
1046 3103 1098 3155 τί
1151 3120 1211 3158 σε
1257 3104 1495 3169 καλέσας
1533 3107 1634 3178 τῆς
1687 3108 1786 3180 σῆς

191 3188 534 3260 ἀναλγησίας
555 3190 890 3260 καθάψομαι)
913 3211 926 3260 ;
952 3193 1278 3266 εὐχόμενοςσ
1319 3217 1336 3250 ι
1362 3197 1698 3271 Καθήλωςον
1722 3202 1785 3254 ἐκ

193 3277 287 3332 τοῦ
315 3278 484 3349 φόϐου
533 3298 624 3334 σου
674 3283 773 3346 τάς
807 3283 1019 3355 σάρκας
1051 3304 1175 3357 μου.
1221 3308 1238 3340 ι
1276 3289 1398 3342 Τῶν
1428 3291 1528 3361 μὲν
1567 3291 1676 3362 γὰρ
1716 3289 1786 3344 τὰ

195 3371 326 3442 παρ’
351 3371 564 3424 ἑαυτῶν
607 3373 999 3445 εἰσφερόντων,
1046 3379 1139 3432 καὶ
1183 3381 1551 3450 νηστευόντων
1585 3383 1678 3436 καὶ
1716 3383 1782 3453 τῇ

191 3462 500 3535 αὐταρκείᾳ
548 3465 869 3536 χρωμένων,
903 3469 994 3522 καὶ
1027 3469 1120 3522 τοῦ
1155 3470 1406 3542 σώματος
1447 3474 1785 3538 κολαζόντων

196 3551 263 3605 τὰ
307 3555 689 3624 σκιρτήματα,
734 3557 881 3608 ἐστὶν
910 3557 1046 3629 αὕτη
1087 3561 1118 3630 ή
1167 3561 1321 3630 εὐχὴ,
1357 3565 1678 3633 ἐπικουρίαν
1717 3567 1782 3636 τῇ

194 3644 375 3699 αὐτῶν
421 3644 535 3715 (δύ)
569 3647 803 3716 ἀσκήσει
853 3652 1172 3722 πεμφθῆναι
1213 3655 1506 3724 οὐρανόθεν
1535 3675 1787 3730 παρακα-

195 3734 457 3790 λούντων.
487 3737 608 3791 Τῶν
635 3739 714 3802 δὲ,
741 3739 932 3811 ῶσπερ
958 3742 1047 3805 σὺ,
1077 3745 1354 3818 κραιπάλῃ
1391 3750 1616 3820 ἀμέτρῳ
1644 3768 1788 3806 πιαι-

195 3828 396 3882 νόντων
425 3830 489 3882 τὸ
521 3831 704 3902 σῶμα,
735 3833 828 3886 καὶ
861 3836 1040 3906 τρυφῇ
1071 3837 1292 3909 ποικίλῃ
1338 3840 1431 3892 καὶ
1463 3843 1782 3917 παντοδαπῇ

193 3919 263 3974 τὰ
305 3923 658 3992 σκιρτήματα
707 3923 876 3994 αὐτῆς
919 3926 1327 3997 διεγειρόντων,
1362 3933 1457 3985 καὶ
1496 3937 1561 4006 τῇ
1602 3936 1786 4007 εὐεξίᾳ

193 4013 320 4074 τοὺς
349 4012 591 4081 ἀθλητὰς
625 4015 1108 4101 ἀποκρυπτόντων,
1139 4021 1240 4073 οὐκ
1271 4021 1406 4078 ἔστι.
1442 4025 1652 4082 Ταύτὸν
1677 4029 1786 4100 γὰρ

194 4105 390 4167 ποιεῖς,
424 4103 500 4168 ὡς
532 4105 598 4158 ἂν
621 4107 670 4158 εί
701 4108 794 4160 καὶ
824 4108 1016 4190 ἑταίρᾳ
1048 4113 1499 4185 συμπλεκόμενος
1519 4120 1614 4172 καὶ
1646 4121 1786 4193 ἐρῶν

197 4196 398 4266 αὐτῆς,
451 4196 628 4264 εὖξοιο
680 4199 794 4269 (57)
847 4205 1204 4276 σωφροσύνην
1240 4205 1446 4262 λαϐεῖν.
1500 4209 1620 4265 Τῶν
1677 4214 1786 4284 γὰρ

197 4288 460 4358 ἀνωτέρω
490 4289 600 4342 τῶν
647 4290 878 4347 δικτύων
924 4294 1140 4367 ἐκείνης
1183 4299 1500 4370 πετομένων
1555 4303 1706 4358 ἐστὶν
1751 4307 1785 4377 ή

2351 2806 2519 2879 414
2556 2806 2621 2861 ll.
2656 2839 2725 2848 --
2755 2804 3030 2869 ZOSIMO.

1893 2899 1961 2954 In
1989 2899 2127 2954 illud
2159 2897 2364 2954 Psalmi
2401 2899 2626 2965 dictum,
2662 2917 2681 2950 r
2711 2898 2930 2969 Con/iga
2961 2900 3149 2955 timore
3188 2907 3278 2954 tuo
3309 2917 3494 2958 carnes

2542 3007 2683 3044 meas
2710 2990 2777 3044 ".
2812 3010 2831 3042 ι

1957 3120 2089 3176 Risu
2126 3121 2368 3193 profecto
2391 3121 2588 3192 dignus
2607 3136 2687 3203 es,
2726 3121 2797 3175 mi
2835 3121 3000 3177 homo
3036 3124 3218 3194 (quem
3257 3139 3359 3196 ego
3385 3139 3493 3197 quo

1885 3211 2106 3266 nomine
2134 3211 2397 3280 appellem
2424 3210 2636 3274 nescio,
2663 3211 2790 3264 dum
2819 3221 3100 3280 stuporem
3127 3221 3276 3266 tuum
3309 3227 3497 3282 repre-

1887 3302 2114 3375 bendo),
2137 3304 2354 3373 quando
2390 3305 2667 3374 precaris:
2711 3324 2731 3356 ι
2762 3305 2988 3376 Conlige
3024 3308 3219 3363 timore
3248 3316 3340 3362 tuo
3369 3322 3495 3362 car-

1885 3408 1984 3448 nes
2023 3409 2193 3449 meas.
2223 3413 2241 3446 ι
2265 3395 2467 3449 Eorum
2505 3395 2651 3450 enim
2686 3395 2804 3451 haec
2829 3407 2916 3454 est
2947 3399 3206 3468 precatio,
3232 3400 3322 3470 qui
3347 3398 3496 3469 quod

1886 3479 1940 3535 in
1976 3494 2036 3534 se
2078 3489 2164 3537 est
2207 3480 2517 3547 conferunt,
2563 3491 2616 3537 et
2655 3483 2924 3551 jejunant,
2952 3494 3006 3538 et
3054 3501 3152 3540 sua
3187 3498 3333 3542 sorte
3362 3501 3496 3540 con-

1891 3575 2046 3642 tenti,
2085 3591 2361 3645 parvoque
2395 3577 2536 3631 beati
2580 3577 2787 3644 vivunt,
2829 3592 3004 3647 eaque
3041 3577 3254 3632 ratione
3301 3581 3487 3632 carnis

1885 3668 2248 3722 exsultantem
2275 3669 2549 3722 lasciviam
2579 3670 2846 3739 castigant
2873 3680 2926 3724 et
2948 3680 3322 3739 compescunt,
3370 3668 3496 3739 qui-

1886 3774 1994 3829 que
2037 3761 2250 3814 caelitus
2294 3776 2450 3829 opem
2501 3770 2554 3815 et
2607 3763 2869 3815 auxilium
2925 3776 3038 3816 suae
3095 3759 3494 3816 exercitationi

1889 3852 2030 3905 mitti
2062 3852 2438 3919 postulant.At
2463 3853 2568 3906 illis
2601 3853 2827 3907 minime
2857 3854 3132 3918 convenit,
3163 3853 3277 3923 qui,
3299 3866 3494 3922 quem-

1887 3943 2175 3999 admodum
2225 3951 2280 3996 tu
2319 3941 2479 4007 facis,
2517 3942 2737 4010 crapula
2803 3945 3095 3998 immodica
3142 3959 3340 4013 corpus
3407 3957 3496 3998 sa-

1887 4035 2098 4104 ginant,
2142 4043 2199 4090 et
2246 4033 2415 4088 variis
2452 4034 2893 4104 omnimodisque
2922 4035 3134 4090 deliciis
3179 4036 3297 4103 ejus
3334 4044 3492 4105 petu-

1889 4124 2112 4179 lantiam
2147 4134 2358 4179 tantum
2391 4125 2546 4180 abest
2577 4133 2637 4179 ut
2667 4127 2989 4194 reprimant,
3035 4134 3096 4180 ut
3136 4127 3314 4193 potius
3343 4126 3494 4181 exci-

1893 4224 2031 4283 tent,
2070 4228 2127 4272 et
2168 4217 2306 4272 bene
2346 4227 2535 4273 curata
2578 4216 2815 4271 cuticula
2860 4217 3005 4287 ipsos
3052 4217 3219 4273 etiam
3260 4219 3493 4273 athletas

1889 4310 2131 4363 vincunt.
2180 4308 2415 4364 Perinde
2464 4325 2700 4380 namque
2753 4311 2936 4366 facere
2989 4311 3225 4377 videris;
3258 4326 3321 4366 ac
3355 4311 3399 4364 si
3439 4312 3494 4366 in

198 4380 369 4450 εὐχή·
414 4380 477 4434 ού
526 4381 636 4435 τῶν
674 4383 906 4454 ἄρκυσιν
940 4387 1363 4445 ὑποκυπτόντων
1412 4393 1640 4458 ἑαυτοὺς
1665 4398 1782 4461 ταῖς

1896 4400 2216 4456 meretriciis
2239 4401 2452 4457 haerens
2486 4402 2850 4472 amplexibus,
2878 4410 2933 4457 et
2962 4403 3128 4458 scorti
3157 4402 3328 4457 amori
3355 4403 3492 4458 dans

197 4469 420 4543 αὐτῆςῆ
450 4473 526 4537 ὡς
549 4475 616 4528 ἂν
643 4475 750 4530 ἀπὸ
766 4477 951 4533 πλοίου
977 4481 1056 4545 είς
1078 4481 1314 4553 πέλαγος
1339 4485 1565 4553 ἄπειρον
1591 4489 1786 4544 σαύτὸν

271 4631 315 4662 ⁸³
344 4629 489 4688 Psal.
513 4647 706 4699 cxvm,
731 4634 854 4693 1‘20.

1897 4506 2141 4564 operam,
2168 4493 2375 4550 interea
2399 4494 2671 4565 pudicitize
2695 4508 2921 4565 compos
2946 4493 3062 4551 ﬁeri
3094 4503 3272 4566 optes.
3291 4493 3492 4549 Eorum

1301 4795 1543 4854 VARIIE
1586 4800 1975 4862 LECTIONES
2016 4805 2108 4860 ET
2148 4805 2385 4864 NOTAE.

201 4935 442 5019 epistola:
485 4953 589 5019 ms.
635 4941 756 4995 cod.
787 4939 1015 5019 Veneti,
1046 4959 1206 5019 quem
1250 4948 1302 5001 in
1339 4947 1664 5007 bibliotheca
1723 4955 1782 5007 S.

257 5011 369 5062 arci
387 5017 608 5082 exstare
633 5011 1085 5082 testatuerstus
1111 5015 1387 5071 Senensis.
1417 5019 1469 5072 Id
1498 5023 1627 5076 mihi
1651 5027 1784 5079 satis

203 5079 476 5158 augmenti
500 5088 834 5158 est,_pt:.‘eter
862 5079 964 5158 alia
999 5101 1120 5153 quae
1149 5089 1294 5158 domi
1341 5089 1513 5143 habeo
1540 5131 1553 5152 ,
1589 5108 1654 5147 ex
1691 5094 1785 5149 illo

203 5148 320 5214 ipso
349 5148 493 5231 hunc
519 5148 668 5231 cod.)
688 5148 1044 5231 Bayarjcum;
1073 5157 1351 5231 undehas
1401 5148 1657 5229 epistolas
1689 5165 1755 5218 de

202 5229 481 5300 promptas
521 5218 722 5300 publici
765 5221 905 5300 juris
945 5225 1104 5300 primi
1133 5226 1364 5300 facimus
1389 5267 1405 5290 ,
1435 5218 1782 5299 "descriptum

203 5301 345 5370 esse.
377 5287 470 5370 De:
473 5289 667 5344 ordine
695 5287 1044 5370 epistularum
1082 5295 1268 5350 lsidori
1296 5287 1404 5370 disi
1449 5301 1500 5352 in
1533 5287 1780 5370 prolego-

206 5357 396 5442 menis.
432 5356 696 5442 [ἴλη-,ἣ-
723 5358 830 5413 Pro
856 5363 1176 5434 χορεύουσιν
1205 5369 1327 5422 cod.
1362 5366 1480 5422 Vat.
1511 5356 1615 5427 630
1636 5356 1783 5442 legit.

206 5426 566 5495 χορευουσῶν.
603 5428 816 5483 Ροεεικ.

277 5496 386 5580 (ff-'5)
430 5496 716 5580 ’4ptarm-
739 5501 986 5580 χορείαν
1011 5506 1389 5572 χορεύουσιν.
1419 5509 1707 5567 Geminum
1734 5515 1785 5568 in

208 5567 421 5642 modum
463 5567 706 5642 loquitur
736 5567 976 5642 Isidorus
1011 5567 1193 5631 noSter
1237 5580 1397 5642 epist.
1432 5581 1535 5637 l70
1568 5583 1660 5638 lib.
1701 5567 1784 5638 ut.

208 5630 396 5722 Ξσπερ
418 5630 797 5722 χορέίανᾼτιγὰ
826 5639 1053 5720 ἀρίστην
1077 5630 1184 5700 τῶν
1216 5630 1394 5722 ὡρῶν

215 5701 284 5757 De
307 5701 536 5777 quatuor
563 5708 691 5762 anni
727 5701 898 5772 horis.
935 5701 1092 5781 quam
1123 5726 1246 5786 apte
1270 5701 1380 5773 'siut
1407 5701 1789 5789 ὣιῖίὶιῖιέ

1894 4971 1953 5012 se
2001 4957 2228 5013 invicem
2267 4967 2656 5029 consequatur,
2705 4977 2958 5033 magnum
3000 4964 3352 5033 providentia)
3399 4966 3492 5022 Dei

1894 5038 2273 5096 argumentum
2311 5033 2642 5096 praebentes,
2674 5032 2871 5086 videet
2895 5032 3294 5090 Theodoretutn
3329 5036 3423 5091 lib.
3452 5054 3489 5091 ι.

1901 5095 2374 5176 ῼέιριοουίιίεηιξα.
2409 5101 2658 5176 (initlorri
2689 5119 2903 5174 quoque
2939 5106 3144 5160 utiliter
3178 5108 3373 5176 potem
3397 5107 3495 5162 lsi-

1896 5168 2019 5244 deri
2037 5169 2207 5244 nostri
2239 5171 2398 5238 epist.
2431 5170 2533 5225 158
2564 5173 2636 5226 lib
2663 5168 2721 5234 ιι,
2755 5168 2917 5244 ρι’θρ.
2954 5176 3058 5231 508
3087 5168 3288 5230 Ιὶι).ἰιι.
3326 5178 3492 5232 Ιὶιττ.

1967 5237 2080 5317 (54)
2122 5237 2281 5317 [dent
2304 5244 2595 5317 cod.,_m_n.
2629 5244 2775 5317 tv_et
2811 5237 2970 5299 versu
3000 5257 3121 5316 post
3150 5249 3308 5302 tertio
3340 5247 3494 5317 βαδι-

1895 5305 2213 5380 ζὲτω⁷1υκὶι,
2246 5325 2342 5380 pro
2373 5310 2646 5380 βαδιείτω.
2683 5312 2894 5368 Possm.

1960 5377 2075 5459 $55)
2106 5377 2408 5459 βρύζνίιιζ-
2445 5381 2739 5450 ἐνέγκαντα
2771 5400 2930 5439 versu
2969 5388 3180 5455 penult.
3232 5396 3352 5457 post
3402 5406 3493 5459 μι-

1889 5447 2020 5517 κρὸν
2057 5449 2206 5517 atldit
2240 5451 2354 5502 καί.
2389 5452 2467 5504 In.

1962 5517 2088 5599 (56).
2115 5516 2425 5599 ldem_cod.,
2456 5520 2626 5589 σφῶν,
2653 5533 2705 5577 et
2731 5539 2870 5579 vers.
2896 5537 3019 5596 post
3036 5526 3071 5580 2
3095 5542 3192 5598 pro
3218 5527 3279 5583 τὸ
3304 5527 3486 5599 σῶμα.

1888 5587 1987 5653 τὴν
2029 5588 2226 5659 σάρκα.
2269 5591 2343 5643 In.

1964 5659 2075 5734 (37)
2103 5656 2439 5734 ῬΓο-εὖξοιο
2489 5661 2629 5734 idem
2667 5665 2785 5718 cod.
2841 5665 3208 5734 legitei’u’iato,
3251 5677 3306 5726 ct
3343 5682 3485 5724 vers.

1892 5740 2009 5796 post
2039 5729 2071 5780 ἓ
2109 5743 2206 5798 pro
2243 5730 2689 5799 ὐποκντττόντων,
2726 5729 3164 5794 ὑποὸκλλόντων.
