3976 6476
527 327 668 392 1055
1730 321 1788 381 S.
1838 320 1934 379 [SI
1942 317 2126 379 DORI
2166 317 2606 378 PELUSIOT£
3661 309 3800 375 1056

526 437 760 492 ctlonem
781 435 920 489 lmdlt
949 434 1064 489 :sic
1090 432 1252 488 etiam
1277 433 1544 497 vecordia,
1569 433 1611 486 si
1636 432 1838 486 aditum
1871 432 2067 500 pracclu

2209 430 2305 480 ἐὰν
2337 429 2640 500 ἀποκλείσῃ
2673 426 2750 499 τῷ
2790 427 2930 497 λόγῳ
2962 427 3058 496 τὴν
3092 425 3313 487 εἴσοδον,
3343 423 3664 494 λυμαίνεται
3691 423 3799 484 τὴν

527 525 658 583 serit
687 541 828 581 sanae
865 527 1053 580 rationi
1085 535 1138 579 et
1163 526 1420 591 orationi,
1441 526 1725 580 sanitatem
1755 526 1915 579 lmdit.
1937 523 2067 577 Maxi

2208 519 2395 587 ὑγείαν
2424 521 2525 589 τῆς
2555 520 2751 590 ψυχῆς.
2789 519 3037 588 Μεγίστη
3075 516 3130 570 δὲ
3164 516 3418 578 ὑπόθεσις
3469 517 3661 582 ὑγείας
3689 531 3796 568 τα·
3845 579 3850 583 η

528 633 672 671 mum
699 631 825 672 vero
847 616 968 684 ejus
991 617 1238 670 sanitatis
1265 615 1671 670 fundamentum
1695 623 1776 670 est
1801 615 2055 667 modestia

2203 610 2634 679 πεινοιρροσὺνη,
2677 610 2745 681 ἢν
2778 610 2870 663 καὶ
2913 610 2945 678 ή
2979 607 3140 678 φύσις
3168 606 3357 677 ἡμῶν,
3403 606 3528 659 ὅθεν
3562 606 3792 674 γέγονε,

525 723 684 779 quam
729 709 842 774 ipsa
872 723 1088 777 quoque
1129 719 1338 762 natura:
1371 717 1568 762 nostra:
1608 708 1862 769 conditio,
1895 721 1961 760 ex
1995 720 2062 774 qu

2204 699 2382 768 βοῶσα
2408 701 2678 762 διδάσκει,
2727 701 2872 764 κόνις
2922 700 3014 752 καὶ
3062 699 3236 769 τέφρα
3280 696 3657 767 τυγχάνουσα,
3695 696 3794 749 καὶ

523 807 700 853 ortum
727 802 956 866 accepit,
979 808 1184 853 tantum
1210 813 1312 852 non
1341 799 1483 852 edita
1506 812 1636 853 voce
1658 797 1895 851 clamans
1917 795 2067 850 docet

2199 792 2259 842 τὸ
2284 791 2547 862 φρύαγμα
2575 791 2682 845 τῶν
2709 790 3024 854 ἀλαζονείαν
3047 789 3349 844 νοσούντων
3376 788 3443 843 δι’
3466 787 3646 842 αὐτῶν
3679 785 3794 841 τῶν

525 896 582 941 ut
609 901 727 955 quae
759 887 890 939 nihil
922 887 1024 939 nisi
1059 886 1232 954 pulvis
1262 895 1316 940 et
1347 886 1484 939 cinis
1511 886 1602 948 sit,
1652 893 1707 938 et
1750 884 2067 951 supercilium

2201 879 2543 951 πραγμάτων
2580 880 3040 934 καταστέλλουσα.

524 991 587 1030 ac
620 976 811 1031 fastum
845 990 1052 1038 eorum,
1090 976 1180 1044 qui
1227 977 1549 1044 arrogantia:
1597 974 1784 1029 morbo
1824 973 2098 1039 laborant,

525 1067 658 1137 ipsis
690 1082 867 1121 rerum
896 1067 1231 1136 argumentis
1261 1068 1586 1137 comprimit.

849 1177 956 1232 VH.
994 1207 1064 1217 --
1093 1177 1367 1233 lSlDORO
1405 1176 1759 1232 EPISCOPO.

2527 1181 2599 1234 z'.
2652 1210 2720 1220 -
2769 1177 3032 1246 tmapa
3078 1174 3448 1245 ΕΠΙΣΚΟΠῼ.

521 1268 590 1324 In
617 1270 669 1324 id
700 1271 836 1344 quod
864 1271 926 1322 ab
964 1271 1435 1344 Apostafadictum
1477 1281 1571 1331 est,
1597 1287 1615 1319 ι
1649 1268 1878 1344 oramus
1910 1279 2067 1324 auten

2197 1273 2300 1336 Εἰς
2333 1270 2782 1344 ,τὸνείρημέτίοκ
2813 1268 2930 1344 ὑπὸ
2991 1268 3098 1344 τοῦ
3151 1267 3544 1344 Ἀἰτοστόλομ
3595 1283 3614 1315 ι
3671 1266 3795 1344 ξς)-

729 1339 916 1401 Deum,
953 1335 1018 1393 ne
1043 1340 1252 1408 faciatis
1284 1339 1570 1411 quidquam
1599 1341 1727 1393 mali
1751 1339 1814 1393 “.
1857 1359 1876 1390 ι

2267 1342 2487 1464 κόιιὲοα
2511 1335 2600 1392 δὲ’
2634 1339 2712 1405 τῷ
2750 1338 2909 1405 Θεῷ,
2943 1340 3028 1407 μὴ
3084 1337 3332 1406 ποιῆσαι
3381 1335 3536 1405 ὑμᾶς
3587 1335 3796 1404 μηδὲν

2264 1427 2377 1463 κακ
2417 1428 2471 1462 ν.
2530 1428 2550 1463 δ

2264 1427 2471 1463 κακον.
2530 1428 2550 1463 ι

582 1524 884 1591 Quaesivisti
934 1540 1031 1594 per
1074 1524 1381 1593 epistolam,
1416 1524 1545 1593 quid
1601 1523 1700 1578 sibi
1756 1525 1903 1590 velit,
1948 1541 2067 1594 quat

2263 1522 2569 1592 Γέγραφας,
2606 1521 2656 1574 τί
2702 1523 2849 1574 ἐστιν
2885 1521 2915 1573 ὃ
2945 1519 3047 1590 ἔφη
3090 1520 3117 1573 ὃ
3159 1518 3389 1582 Παῦλος,
3430 1536 3448 1568 ι
3491 1515 3792 1586 Εὑχόμεθα

518 1618 655 1670 dixit
684 1616 919 1671 Paulus:
955 1636 974 1668 ι
1007 1615 1240 1672 Oramus
1264 1627 1441 1670 autem
1473 1617 1659 1678 Deum,
1684 1631 1748 1670 nc
1774 1615 1970 1672 alliciat
1996 1633 2067 1672 vo:

2189 1613 2247 1666 δὲ
2285 1612 2362 1682 τῷ
2393 1613 2532 1682 Θεῷ,
2570 1611 2644 1683 μὴ
2688 1613 2908 1681 ποιῆσαι
2956 1612 3098 1681 ὑμᾶς
3137 1611 3303 1680 μηδὲν
3334 1610 3525 1669 κακὸν,
3560 1610 3659 1679 οὑχ
3691 1609 3790 1663 ἵνα

516 1705 622 1758 ullo
656 1708 816 1771 malo,
859 1722 963 1759 non
1002 1718 1061 1760 ut
1102 1721 1198 1760 nos
1242 1704 1450 1772 probati
1483 1720 1854 1774 appareamus,
1897 1708 1988 1762 sed
2033 1723 2060 1761 u

2192 1705 2350 1774 ἡμεῖς
2377 1705 2590 1774 δόκιμοι
2623 1704 2902 1773 φανῶμεν,
2929 1704 3042 1756 ἀλλ’
3075 1705 3227 1773 ὑμεῖς
3269 1702 3330 1754 τὸ
3364 1701 3528 1754 καλὸν
3559 1701 3789 1771 ποιῆτε,

513 1811 607 1848 vos
657 1797 854 1850 bonum
898 1795 1146 1863 faciatis;
1199 1811 1294 1851 nos
1333 1811 1460 1850 vero
1509 1806 1764 1866 tauquam
1799 1799 2062 1867 improbat

2190 1797 2347 1866 ἡμεῖς
2392 1795 2446 1848 δὲ
2483 1796 2558 1858 ὠς
2591 1796 2839 1865 ἀδόκιμοι
2893 1790 3063 1865 ὦμεν.
3107 1812 3124 1845 ι
3151 1795 3364 1854 ,Ἀκουε
3394 1794 3571 1846 τοίνυν
3604 1794 3792 1845 συντό-

509 1886 697 1940 simus.
730 1906 747 1938 ι
775 1886 909 1939 Audi
947 1888 1107 1957 igitur
1141 1886 1395 1942 breviter.
1433 1887 1696 1953 Quoniam
1740 1903 1918 1957 paena,
1966 1905 2084 1957 qua:

511 1978 854 2044 peccantibus
882 1980 1216 2048 irrogabatur
1262 1983 1424 2034 verbo
1466 1981 1546 2048 (ut
1592 1982 1678 2034 illa
1709 1997 1826 2050 qua!
1860 1983 2084 2038 Ananiae

509 2080 562 2125 et
606 2069 867 2140 Sapltirtﬁ,
921 2073 1006 2124 illa
1074 2073 1199 2125 item
1243 2087 1362 2140 quae
1396 2082 1666 2127 excaecata
1715 2074 1914 2144 mago),
1955 2090 2082 2143 per

505 2173 687 2215 rantes
715 2163 928 2230 quidem
957 2161 1248 2231 afﬂigebat,
1289 2179 1382 2218 eos
1415 2171 1616 2229 autem,
1642 2165 1729 2233 qui
1778 2181 1965 2232 pmnas
1998 2166 2082 2218 in-

499 2250 777 2319 ﬂigehant,
811 2255 1128 2320 conspicuos
1157 2262 1317 2320 atque
1365 2253 1601 2307 illustres
1630 2263 1680 2308 et
1715 2253 2081 2311 formidabiles

501 2340 765 2395 efﬁciebat
795 2361 808 2395 :
837 2345 1036 2398 idcirco
1072 2343 1242 2398 dicit:
1271 2342 1532 2398 Nolumus
1559 2360 1622 2399 ex
1652 2357 1829 2399 vestra
1879 2346 2076 2401 malitia

502 2446 555 2486 et
588 2432 873 2490 amictioi:e
913 2435 1149 2490 illustres
1189 2451 1250 2490 ac
1286 2437 1523 2491 celebres
1551 2436 1694 2501 fieri,
1725 2439 1816 2492 sed
1853 2438 2080 2492 libenter

497 2526 732 2589 obscuri,
761 2535 1019 2596 quantum
1046 2528 1110 2581 ad
1141 2531 1239 2582 hoc
1269 2529 1482 2595 quidem
1506 2529 1719 2592 attinet,
1747 2529 1933 2594 latere,
1952 2530 2074 2583 dum

498 2631 590 2670 vos
645 2616 773 2670 clari
821 2617 1136 2687 probatique
1189 2619 1328 2672 sitis.
1377 2618 1508 2672 Nam
1563 2620 1652 2689 qui
1706 2634 1814 2673 sua:
1859 2620 2076 2675 virtutis

494 2706 927 2772 splendorem,“
957 2723 1142 2762 eorum
1177 2710 1265 2777 qui
1292 2710 1567 2777 suppliciis
1598 2709 1904 2763 afﬁciuntur
1931 2711 2075 2764 cala-

496 2797 681 2851 mitate
713 2799 978 2851 exsistere
1024 2801 1264 2866 cupiunt,
1308 2800 1380 2852 illi
1430 2800 1557 2852 mihi
1605 2815 1708 2852 non
1738 2812 1915 2868 patres
1956 2816 2076 2855 esse

495 2902 668 2953 neque
700 2889 948 2942 doctores
979 2889 1206 2943 habendi
1239 2889 1510 2954 videntur,
1555 2891 1647 2944 sed
1698 2893 1873 2959 potius
1912 2893 2075 2961 pesti-

492 2979 589 3033 feri
624 2981 842 3048 quidam
883 2981 1127 3033 homines
1158 2991 1211 3034 et
1244 2981 1424 3035 hostes
1461 2989 1622 3050 atque
1651 2983 1892 3051 tyranni.

1029 3090 1161 3145 Vill.
1193 3122 1264 3132 —
1311 3089 1536 3145 ISAIE.

917 3181 992 3234 De
1019 3181 1183 3234 Caino
1215 3194 1261 3234 et
1296 3180 1554 3235 Lamacho
1575 3181 1638 3235 ⁸⁷.

563 3292 890 3359 ριιαξείνίδιί,
918 3295 1044 3361 quid
1089 3309 1269 3348 causa:
1308 3295 1397 3356 sit,
1429 3310 1524 3348 cur
1555 3295 1686 3349 Cain
1724 3306 1776 3349 et
1808 3293 2065 3360 Lamech,

487 3399 607 3438 cum
641 3391 866 3453 uterque
895 3385 1095 3437 caedem
1128 3385 1415 3453 patrarint,
1444 3401 1550 3438 non
1587 3394 1762 3438 tamen
1802 3385 2069 3439 similibus

485 3473 661 3529 aﬂ‘ccti
696 3476 803 3528 sint
833 3476 1198 3543 pcnuis.Alter
1218 3476 1360 3529 enim
1395 3491 1583 3543 poenas
1614 3476 1893 3542 dependit;
1932 3475 2068 3530 alter

482 3575 659 3619 autem
705 3566 912 3619 veniam
952 3565 1116 3636 417
1162 3578 1492 3621 consecutus
1519 3577 1620 3621 est.
1665 3566 2063 3637 (Respondem)

482 3659 616 3724 Quia
649 3659 738 3711 illc
775 3658 938 3710 etiam
982 3659 1342 3725 reprehensus
1389 3659 1439 3725 (a
1491 3657 1622 3729 Deo)
1650 3658 1849 3712 factum
1899 3673 2063 3727 nega-

483 3750 596 3814 vit;
627 3751 733 3805 iste
768 3765 894 3802 vero
929 3765 1033 3803 non
1071 3749 1429 3818 reprehensus
1460 3748 1605 3801 ultro
1648 3749 1935 3802 confessus
1961 3758 2062 3802 est.

480 3842 798 3909 Quanquam
835 3844 977 3895 enim
1012 3839 1296 3909 (ipsorum)
1330 3849 1548 3909 peccata
1585 3839 1787 3893 fuerint
1814 3841 2063 3909 mqualia,

481 3914 659 3986 tamen
680 3948 797 4000 qua:
816 3943 1097 4000 peccatum
1120 3941 1248 3984 sunt
1271 3940 1584 3998 consecuta,
1617 3945 1722 3983 non
1749 3932 1966 3986 fuerunt
1993 3946 2066 3986 ω-

479 4025 681 4093 qua!ia.
706 4011 955 4077 Divinum
979 4033 1060 4077 est
1084 4024 1226 4077 enim
1249 4022 1550 4085 oraculum,
1569 4022 1708 4090 quod
1726 4021 1908 4088 jubet:
1931 4040 1949 4072 ‹
1968 4021 2064 4077 Dic

481 4126 536 4168 tu
582 4123 801 4184 peccata
847 4123 936 4166 tua
983 4114 1209 4181 primus,
1265 4122 1322 4166 ut
1363 4112 1689 4181 justiliceris
1712 4110 1780 4166 ⁸⁸.
1813 4130 1838 4163 ις
1867 4111 2064 4167 Demus

479 4209 663 4276 itaque
713 4222 934 4278 operam
990 4206 1200 4268 sedulo,
1248 4221 1316 4261 ne
1370 4220 1686 4275 peccemus.
1739 4205 1838 4260 Ubi
1882 4214 2061 4260 autem

480 4298 1066 4369 fortepeccaverimus,
1113 4311 1211 4351 nec
1253 4311 1348 4366 per
1373 4297 1712 4366 negationem
1752 4295 2059 4352 nobismet-

479 4373 615 4460 ipsis"
649 4389 949 4460 graviorem
983 4400 1196 4455 pmnam
1233 4400 1596 4442 accersamus.

759 4500 848 4555 1X.
885 4529 956 4540 —
997 4495 1423 4554 EUDASMONIO
1463 4495 1773 4551 DIACONO.

2191 1905 2325 1959 μως.
2372 1889 2589 1958 Ἐπειδὴ
2624 1891 2655 1959 ἠ
2683 1889 2826 1959 λόγῳ
2853 1887 3152 1958 τικτομένη
3198 1887 3338 1940 κατὰ
3371 1886 3479 1938 τῶν
3526 1888 3789 1957 ἀμαρταο

2187 1979 2387 2031 νόντων
2416 1978 2678 2049 τιμωρία,
2721 1973 2831 2031 οἷον
2860 1982 2891 2049 ὴ
2919 1978 3059 2031 κατὰ
3083 1977 3190 2029 τῶν
3222 1975 3350 2045 περ)⁸
3396 1974 3649 2026 Ἀνανίαν
3683 1976 3789 2026 καὶ

2187 2071 2523 2140 Σὰπφειραν,
2553 2069 2642 2122 καὶ
2673 2071 2705 2140 ἡ
2739 2069 2880 2123 κατὰ
2905 2069 2996 2122 τοῦ
3023 2067 3394 2137 τυφλωθέντος
3425 2065 3625 2134 μάγου,
3652 2066 3792 2128 τοὺς

2188 2163 2286 2232 μὲν
2330 2164 2744 2232 ἁμαρτάνοντας
2791 2161 3112 2224 ὲταπείνου,
3163 2147 3296 2221 τοὺς
3341 2158 3396 2211 δὲ
3445 2157 3788 2220 κολάζοντας

2183 2255 2468 2326 λαμπροὺς
2501 2256 2590 2308 καὶ
2617 2256 2777 2323 ὲπισή
2787 2270 2920 2323 μους
2953 2253 3044 2305 καὶ
3073 2251 3338 2322 φοὸεροὺς
3363 2249 3654 2317 ἀπέφαινε,
3684 2248 3781 2302 διὰ

2183 2346 2338 2398 τοῦτό
2358 2363 2542 2414 φησιν,
2561 2346 2641 2398 ὅτι
2664 2345 2736 2396 Οὑ
2759 2344 3059 2414 βουλόμεθα
3083 2345 3146 2396 ὲκ
3166 2341 3558 2412 τῆςιὺμετέρας
3578 2339 3785 2402 κακίας

2179 2435 2419 2505 λαμπροὶ
2461 2434 2767 2502 φαίνεσθαι,
2799 2433 2913 2486 ἀλλ’
2948 2433 3119 2502 ήδέως
3152 2433 3355 2500 ἄσημοι
3402 2430 3492 2483 διὰ
3519 2429 3668 2482 τοῦτ’
3707 2429 3779 2482 ἂν

2179 2527 2390 2596 εἴημεν,
2424 2527 2511 2579 ἵνα
2542 2527 2698 2596 ὑμεῖς
2728 2525 3000 2588 εὐδόκιμοι
3028 2523 3197 2594 εἴητε.
3227 2525 3289 2575 Ol
3311 2522 3419 2591 γὰρ
3448 2521 3778 2591 βουλόμενοι

2177 2617 2278 2686 τῆς
2304 2618 2512 2680 οἰκείας
2552 2618 2755 2687 ἀρετῆς
2787 2617 2886 2686 τὴν
2913 2615 3230 2684 ἐπιφάνειαν
3272 2613 3383 2685 (45)
3426 2613 3490 2665 ὲκ
3523 2612 3627 2681 τῆς
3668 2611 3784 2664 τῶν

2177 2708 2557 2777 κολαζομένων
2603 2707 2892 2777 συμφορᾶς
2938 2706 3251 2770 τίκτεσθαι,
3297 2705 3358 2758 οὓ
3412 2722 3501 2776 μοι
3548 2703 3779 2759 δοκοῦσι

2184 2798 2423 2870 πατέρες
2457 2793 2595 2851 εἶναι
2631 2798 2662 2868 ἢ
2698 2796 3007 2852 διδάσκαλοι
3036 2796 3171 2868 (46),
3198 2795 3336 2850 ἀλλὰ
3363 2795 3646 2866 λυμεῶνες
3679 2796 3792 2852 καὶ

2177 2889 2364 2960 ἐχθροὶ
2395 2890 2490 2943 καὶ
2519 2888 2796 2960 τύραννοι.

2740 3088 2821 3141 Ην.
2857 3117 2928 3127 -
2962 3088 3188 3160 ΗΣΔΙᾼ.

2465 3179 2604 3248 Περὶ
2641 3180 2746 3233 τοῦ
2779 3179 2929 3234 Κάϊν
2975 3181 3073 3234 καὶ
3111 3180 3217 3235 τοῦ
3255 3179 3482 3251 Λάμεχ.

2244 3292 2343 3344 Διὰ
2385 3292 2467 3356 τί,
2509 3292 2680 3362 ἔφης,
2713 3293 2741 3345 ὁ
2779 3293 2918 3345 Κάῖν
2945 3294 3039 3346 καὶ
3061 3294 3089 3346 ό
3127 3293 3320 3365 Λάμεχ
3343 3294 3502 3362 φόνον
3534 3295 3775 3367 δράσαν-

2168 3401 2259 3447 τες
2307 3386 2403 3455 οὑχ
2458 3385 2660 3456 ὁμοίως
2713 3385 3125 3457 ἑκολάσθησανς
3177 3386 3237 3440 'U
3298 3389 3396 3458 μὲν
3440 3389 3556 3461 γάρ
3609 3391 3775 3455 δίκας

2166 3475 2365 3530 ἔδωκεν
2392 3495 2406 3510 ο
2437 3479 2464 3529 ό
2492 3477 2552 3529 δὲ
2595 3476 2964 3546 συνεγνώσθη.
3021 3476 3244 3546 Ἐπειδὴ
3276 3479 3304 3530 ὁ
3329 3477 3429 3548 μὲν
3473 3479 3569 3532 καὶ
3605 3481 3765 3550 ἐλεγ-

2166 3567 2392 3638 χόμενος
2422 3569 2694 3638 ἠρνήσατο
2715 3585 2727 3596 -
2764 3571 2791 3621 ό
2823 3568 2880 3620 δὲ
2914 3567 2988 3638 μὴ
3020 3568 3379 3638 ἐλεγχόμενος
3415 3568 3773 3642 ἐξωμολογή..

2168 3674 2316 3710 σατο.
2353 3659 2417 3710 Εἰ
2453 3658 2559 3728 γὰρ
2607 3659 2702 3710 καὶ
2743 3658 2811 3711 τὰ
2858 3658 2960 3727 τῆς
3002 3660 3279 3728 ἁμαρτίας
3330 3662 3453 3724 ῐσα,
3509 3661 3647 3716 ἀλλὰ
3698 3663 3773 3716 τὰ

2171 3750 2310 3818 μετὰ
2338 3751 2435 3818 τὴν
2464 3751 2743 3820 ἁμαρτίαν
2773 3752 2875 3804 οὑκ
2903 3753 3014 3805 ῐσα.
3051 3751 3208 3814 Θεῖος
3233 3751 3342 3822 γάρ
3367 3754 3482 3805 ἐστι
3513 3754 3771 3824 χρησμὸς

2167 3843 2674 3914 παρακελευόμενος
2694 3861 2708 3874 ·
2737 3862 2755 3894 ι
2783 3843 2921 3912 Λέγε
2952 3844 3014 3897 σὺ
3050 3844 3150 3907 τὰς
3175 3844 3449 3915 ἁμαρτίας
3482 3862 3574 3899 σου
3604 3848 3770 3919 πρῶ-

2165 3951 2256 3998 τος
2282 3935 2421 4005 (47),
2465 3935 2552 3988 ἵνα
2579 3935 2927 4005 δικαιωθῇς.»
2962 3935 3174 3988 Οὑκοῦν
3197 3935 3433 4005 μάλιστα
3459 3939 3557 4009 μὲν
3587 3956 3768 3994 σπου-

2164 4026 2413 4097 δάζωμεν
2449 4027 2560 4099 (48)
2604 4027 2678 4099 μὴ
2721 4027 3086 4098 πλημμελεῖν.
3139 4027 3201 4081 El
3242 4030 3297 4082 δὲ
3346 4032 3438 4083 καὶ
3486 4031 3757 4104 πλημμε-

2165 4118 2452 4188 λήσωμεν,
2498 4119 2572 4188 μὴ
2613 4119 2702 4172 διὰ
2740 4119 2840 4189 τῆς
2883 4120 3165 4189 ἀρνήσεως
3207 4120 3597 4193 χαλεπωτέραν
3644 4127 3764 4198 (ιο)

2167 4210 2380 4274 ἑαυτοῖς
2405 4209 2504 4281 τὴν
2535 4210 2691 4281 δίκην
2724 4210 3257 4282 παρασκευάσωμεν.

2463 4504 2540 4559 Θο.
2580 4526 2650 4545 »-
2684 4504 3106 4577 ΕΥΔΑΙΜΟΝΙῼ
3144 4507 3466 4581 ΔΙΑΚΟΝῼ.

485 4613 662 4677 Quare
689 4613 838 4689 pueri
871 4609 1017 4678 (tres)
1053 4609 1101 4662 in
1129 4609 1340 4689 fornace
1368 4606 1734 4689 (Babylonica)
1757 4609 2055 4689 eammuni:

2184 4612 2263 4668 ua
2291 4613 2348 4667 τι
2476 4611 2553 4682 τῇ
2587 4620 2815 4689 asapia-rp
2842 4617 2916 4689 οἱ-
2929 4613 3138 4689 παῖδες
3169 4615 3349 4689 κοινῇ
3389 4615 3550 4689 Δπᾶοί
3576 4631 3756 4689 ,παρ-

553 4693 630 4735 (er
647 4681 882 4735 ontuibus
905 4677 1141 4732 auctores
1171 4688 1216 4730 et
1240 4677 1529 4732 hortatores
1553 4677 1766 4744 fuerunt
1797 4677 2055 4734 laudandi

551 4751 748 4815 Deum;
780 4751 1119 4820 peculiariter
1143 4765 1261 4803 vero
1289 4748 1496 4802 Danieli
1529 4748 1594 4800 σθ.

544 4861 869 4930 ρυωείνὶειί,
892 4877 1058 4932 quare
1092 4861 1245 4932 pueri
1274 4869 1405 4927 tres,
1428 4870 1776 4930 posteaquam
1808 4875 2052 4915 commu-

478 4957 615 5012 niter
651 4955 904 5011 omnibus
932 4955 1238 5012 hominibus
1271 4955 1577 5010 hortatores
1615 4953 1944 5010 exstiterunt
1981 4955 2051 5010 ad

573 5095 617 5127 “
645 5095 686 5150 ll
716 5094 838 5151 Cor.
872 5110 992 5163 xm,
1029 5095 1081 5147 7.
1159 5067 1378 5150 ".Gen.
1415 5093 1540 5161 iv,i
1584 5108 1737 5164 seqq.

2235 4685 2646 4806 zxsletja'arto
2679 4685 2957 4754 εὐλογεῖν
2999 4685 3105 4738 τὸν
3151 4687 3319 4748 Θεόν,
3354 4685 3517 4754 ἰδίως
3561 4687 3632 4742 δὲ
3669 4685 3756 4758 τῷ

2273 4770 2411 4806 arm
2463 4793 2477 4806 .

2273 4770 2477 4820 ανιηλ.

2232 4866 2331 4919 Διὰ
2373 4866 2463 4932 τί,
2499 4866 2658 4937 ἔφης,
2695 4867 2743 4919 οἱ
2789 4866 2977 4930 παῖδες
3011 4871 3060 4921 oi
3110 4872 3261 4941 τρεῖς
3297 4873 3434 4944 μετὰ
3479 4869 3540 4929 τὸ
3584 4858 3758 4930 πᾶσιν

2161 4956 2467 5029 ἀνθρώποις
2530 4960 2682 5030 κοινῇ
2738 4958 3295 5032 παρακελεύσασθαι,
3358 4965 3599 5036 εὐλογεῖν
3657 4967 3757 5023 τὸν

1838 5093 2013 5150 “15a.
2068 5110 2223 5163 mu,
2257 5097 2349 5152 26.
2442 5099 2489 5131 ”
2535 5100 2669 5154 Dan.
2707 5115 2789 5166 tu,
2821 5099 2893 5156 26
2923 5115 3079 5172 seqq.

1601 5239 1836 5297 VARUS
1869 5241 2256 5301 LECTIONES
2301 5244 2390 5301 ET
2439 5243 2685 5300 NOTAE.

571 5381 661 5449 45)
692 5381 823 5437 Cod.
856 5380 978 5436 Vat.
1021 5380 1396 5451 περιφάνειαν.
1433 5381 1643 5435 Possm.

476 5514 579 5579 ms.
610 5514 670 5576 Β.
709 5523 882 5592 ρεςεῆ
915 5521 1020 5575 δεδι
1045 5522 1120 5588 6.,
1149 5537 1217 5577 ex
1242 5537 1348 5591 quo
1372 5522 1626 5590 conjiciat
1651 5521 1793 5588 quis,
1828 5521 2042 5590 legend.

476 5593 595 5646 οὐδὲ
625 5592 723 5644 διδ.
758 5591 921 5646 Rni'.

551 5662 661 5731 (Π)
720 5661 868 5730 Λέγε
890 5660 971 5715 σὺ
1011 5663 1112 5728 τὰς
1135 5660 1420 5730 ἁμαρτίας
1452 5676 1566 5714 σου
1595 5659 1844 5729 πρῶτος.
1874 5659 2045 5715 (ἶνες.

483 5730 616 5788 Bibl.
664 5733 762 5789 lsa.
794 5747 947 5798 mu,
985 5732 1199 5799 habent,
1227 5731 1474 5801 ἀνομίας.
1507 5731 1560 5786 ln
1613 5746 1772 5787 sensu
1805 5731 1936 5786 nihil
1969 5733 2049 5786 in-

2153 5395 2353 5447 terest,
2385 5393 2563 5438 utrum
2609 5398 2836 5451 usurpes
2883 5384 3129 5440 verbum.
3185 5385 3357 5453 Nam,
3405 5397 3463 5440 ut
3505 5384 3749 5448 Joannes

569 5452 658 5524 46)
700 5455 778 5506 ’Ἡ
818 5451 1190 5524 διδάσκαλοι.
1238 5451 1586 5524 Dissimulare
1627 5451 1961 5524 nondebeo,
1995 5452 2046 5524 in

2191 5455 2430 5524 postolus
2453 5455 2546 5517 ait,
2577 5456 2610 5524 ὴ

2643 5454 2886 5528 ἁμαρτία
2916 5455 3130 5528 ἐστὶνᾼῂ
3155 5456 3382 5528 ἀνομία.
3407 5455 3462 5512 In

2222 5525 2336 5598 (48)
2387 5523 2485 5598 Ed.
2528 5523 2736 5598 _Paris.,_
2755 5525 2842 5598 ἵνα
2864 5523 3160 5598 δικαιωθῆς
3189 5523 3580 5598 σπόυδάσωμεν
3609 5542 3738 5585 cum

2160 5595 2422 5648 asterisco
2452 5594 2696 5648 delectus
2724 5594 2918 5649 indice.
2949 5594 3159 5651 Possm.

2227 5665 2336 5734 (49)
2368 5663 2472 5736 Pro
2505 5663 2888 5734 χαλεπωτέραν
2923 5667 3041 5721 cod.
3083 5665 3252 5723 Vatic.
3294 5667 3422 5735 legit
3450 5666 3738 5736 ἁργαλιωο

2154 5727 2335 5806 τὶρανζ
2366 5732 2439 5786 In.
