3976 6434
199 369 324 433 10ίύ

623 479 719 535 ιθο.
764 510 833 519 -
871 481 1176 552 ΔΩΡΟΘΕῼ
1216 482 1352 553 (se).

270 616 516 687 Ἀπῆρας
570 615 672 686 μὲν
738 617 992 671 ἐντεῦθεν
1040 617 1115 682 ὼς
1157 621 1387 688 τάμστα
1437 621 1583 692 ἥξων
1634 621 1780 691 (85)·

193 713 485 782 ἁπέμεινας
537 713 582 765 δ’
629 715 812 767 ἐκεῖσε
856 715 956 767 οὐκ
1001 710 1097 767 οἷδ’
1133 717 1283 780 ὄπας
1351 717 1480 786 περὶ
1522 716 1622 774 τὰς
1673 717 1785 786 (84)

192 806 553 873 ἐπαγγελίας·
600 809 744 878 τάχα
795 808 841 863 δ’
898 808 1200 878 ὠφελήσων
1251 813 1376 876 τούς
1422 813 1623 874 ἐκεῖσε,
1693 813 1786 867 καὶ

196 900 462 969 θηράσων,
501 903 597 954 καὶ
632 903 711 972 τῷ
746 902 965 973 Χριστῷ
994 905 1319 976 προσοίσων.
1356 905 1415 958 El
1451 907 1629 962 τοίνυν
1657 905 1788 974 ἀλη-

193 987 284 1055 θὴς
343 991 376 1058 ἡ
423 990 672 1052 ὑπόνοια,
733 991 915 1062 δήλου,
973 992 1056 1046 ἵνα
1104 994 1203 1065 τὴν
1261 997 1325 1047 ἐκ
1366 996 1467 1065 τῆς
1517 996 1786 1060 ἀπουσίας

191 1076 340 1129 ἀνίαν
367 1080 432 1148 τῇ
477 1079 778 1151 προσδοκία
812 1081 906 1135 τοῦ
936 1081 1364 1154 κατορθώματος
1395 1085 1782 1158 ἁπελάσωμεν.

202 1167 541 1241 ’Υπερορίοις
575 1170 684 1241 γὰρ
730 1173 931 1243 ῥᾳδίως
985 1177 1394 1246 παραχωρήσει,
1427 1178 1493 1248 τῇ
1542 1175 1670 1249 δόξῃ
1717 1181 1784 1249 τῇ

190 1263 488 1332 Δεσποτικῇ
522 1262 650 1325 τοὺς
677 1264 838 1333 ὄρους
885 1265 1083 1337 ῥᾳδίως
1127 1268 1604 1340 παραχωρήσασα.

482 1489 565 1542 K'.
607 1519 678 1530 —
717 1490 973 1561 manu)
1013 1489 1487 1565 ΠΡΕΣΒΥΤΕΡῼ.

257 1625 318 1676 Ol
376 1625 507 1696 περὶ
559 1624 622 1679 τδ
673 1625 784 1696 (85)
847 1627 1278 1699 ὁμολογούμενον
1341 1628 1453 1700 (86)
1515 1629 1788 1702 λαμπρῶς

193 1719 496 1783 πταίοντες,
533 1720 634 1772 οὐκ
664 1718 730 1771 ἂν
761 1713 872 1772 εἷεν
905 1719 1170 1790 ἀξιόχρεῳ
1215 1721 1345 1792 περὶ
1378 1720 1472 1775 τοῦ
1502 1721 1788 1787 δοκοῦντος

192 1809 681 1880 ἀμφισϐητησίμου
718 1811 1167 1881 ἀποφαινόμενοι.
1203 1812 1263 1864 Εἰ
1305 1811 1415 1883 γὰρ
1442 1815 1553 1875 τοῖς
1588 1813 1787 1866 κακίαν

1091 371 1630 433 EPISTULARUM
1682 373 1824 432 LIB.
1873 373 1945 431 IV
2011 399 2077 409 —
2121 372 2357 432 EPIST.
2421 372 2578 432 XXI.

3353 372 3488 440 1070

2338 482 2474 538 XIX.
2526 513 2595 523 -—-
2637 481 3032 541 DOROTIIEO.

1966 617 2273 675 Discessisti
2302 629 2356 672 tu
2398 619 2616 688 quidem
2652 619 2776 673 hinc
2805 619 2960 690 quasi
2985 618 3271 676 celerrime
3305 635 3490 677 rever-

1890 725 2055 766 surus
2092 729 2105 765 :
2137 711 2234 766 sed
2273 713 2455 766 nescio
2480 726 2589 782 quo
2622 712 2781 766 modo
2814 721 3180 782 pratterquam
3222 714 3488 783 promise-

1892 817 1982 856 ras
2030 801 2137 856 illic
2169 802 2507 867 remansisti;
2536 800 2787 857 fortassis
2841 809 3022 859 autem
3069 817 3133 858 eo
3157 805 3404 872 consilio,
3430 819 3490 861 ut

1893 895 2034 950 illius
2063 895 2167 950 luci
2203 894 2452 949 homines
2489 893 2670 963 juves,
2706 905 2759 950 et
2790 895 3000 966 capias,
3031 907 3083 952 et
3132 899 3354 954 Christo
3386 902 3480 953 ad-

1890 987 2079 1043 ducas.
2112 988 2293 1055 Quare
2327 988 2372 1042 si
2409 994 2536 1042 vera
2573 997 2654 1043 est
2687 988 2803 1044 haec
2844 1005 2963 1046 mea
2995 992 3255 1061 suspicio,
3311 995 3484 1064 rcipsa

1893 1081 2000 1137 hoc
2029 1080 2280 1144 ostende,
2338 1091 2395 1134 ut
2431 1095 2599 1150 quam
2641 1095 2708 1134 ex
2766 1081 3010 1137 absentia
3034 1094 3124 1138 tua
3155 1085 3486 1156 percipimus

1891 1173 2222 1239 molestiam,
2273 1174 2413 1228 hanc
2456 1175 2863 1244 exspectatione
2919 1177 3167 1246 praeclari
3226 1180 3485 1238 facinoris

1890 1266 2246 1337 depellamus.
2303 1265 2376 1319 Ea
2427 1267 2572 1322 enim
2621 1268 2936 1324 extorribus
2965 1269 3126 1326 facile
3163 1273 3481 1343 indulgebit,

1890 1358 2077 1428 gloriae
2113 1355 2413 1411 Dominicas
2442 1356 2584 1411 haud
2608 1368 2833 1427 gravate
2875 1361 3136 1419 terminos
3157 1371 3482 1422 concedens.

2058 1490 2222 1562 423
2257 1489 2376 1547 XX.
2418 1521 2490 1532 —
2522 1491 2792 1550 DlDYMO
2821 1491 3310 1556 PRESBYTERO.

1961 1625 2062 1694 Qui
2090 1627 2374 1683 evidenter
2433 1628 2576 1683 circa
2620 1627 2672 1682 id
2706 1630 2850 1699 quod
2895 1631 3118 1688 evidens
3157 1643 3324 1706 atque
3347 1639 3486 1708 apud

1889 1735 2084 1776 omnes
2124 1721 2371 1776 homines
2407 1722 2459 1776 itt
2502 1721 2758 1777 confesso
2804 1730 2908 1789 est,
2962 1723 3344 1795 allucinantttr,
3381 1745 3486 1786 non

1893 1825 2021 1868 sunt
2055 1815 2300 1885 profecto
2335 1815 2512 1868 idonei
2544 1826 2636 1868 aut
2671 1817 2773 1870 llde
2805 1817 2974 1887 digni,
3006 1819 3226 1888 quando
3251 1836 3492 1890 pronun-

192 1901 612 1972 ἀσπαζομένοις,
661 1903 783 1956 οὐδὲ
837 1904 967 1976 περὶ
1021 1904 1130 1957 τῶν
1181 1904 1344 1959 θείων
1400 1905 1777 1977 δικαιωμάτωι

1899 1908 2034 1960 tiant
2067 1907 2133 1960 de
2161 1922 2218 1961 re
2246 1922 2367 1974 quae
2410 1906 2569 1960 dubia
2606 1909 2821 1962 videtur
2856 1923 2978 1964 esse
3019 1919 3072 1964 et
3116 1922 3488 1969 controversa.

190 1994 338 2062 λόγον
391 1997 563 2047 κινεῖν
607 1994 796 2065 θέμις’
835 2015 854 2050 t
909 1995 998 2067 Τῷ
1047 1997 1157 2069 γὰρ
1191 1997 1504 2069 ἀμαρτωλῷ
1553 1995 1708 2054 εἶπεν
1758 2002 1786 2052 ὁ

191 2090 314 2152 Θεὸς
334 2103 346 2115 ⁸
382 2086 499 2141 Ἵνα
524 2088 577 2141 τί
606 2088 670 2141 σύ
701 2088 927 2162 ὲκδιηγῇ
957 2091 1025 2143 τὰ
1055 2088 1406 2160 δικαιώματᾴ
1443 2105 1580 2160 μου;
1620 2109 1638 2142 ι
1667 2090 1786 2154 πῶς

190 2184 292 2244 τοῖς
344 2183 440 2234 καὶ
486 2180 630 2234 αὐτὰ
677 2180 745 2235 τὰ
801 2181 1147 2254 δικαιώματα
1195 2183 1261 2236 δι’
1318 2175 1393 2236 ὧν
1450 2182 1785 2254 πράττουσιν

189 2274 467 2344 ὐδρίζουσι
522 2274 652 2346 περὶ
706 2275 996 2343 δογμάτων
1055 2275 1403 2345 διαλέγεσθαι
1462 2275 1660 2347 οἐμις;
1722 2277 1786 2328 Et

188 2370 360 2421 τοίνυν
418 2369 450 2438 ἡ
505 2367 676 2438 ἀρετὴ
728 2371 826 2440 τὴν
885 2369 1168 2423 εὐσέϐειαν
1219 2370 1506 2438 ἐγγυᾶται,
1555 2369 1788 2422 σπουδα-

192 2461 338 2513 στέον
390 2460 565 2532 αὐτὴν
616 2459 798 2532 ἔχειν,
844 2461 913 2515 δι’
967 2463 1034 2534 ἦν
1083 2465 1113 2533 ἡ
1171 2462 1425 2516 εὐσέϐεια
1483 2461 1786 2534 ἀξιόχρεως

188 2553 651 2624 ἀποφανθήσεται.
690 2554 780 2624 Τῷ
815 2555 923 2626 γὰρ
979 2556 1081 2608 οὐκ
1119 2551 1179 2609 εὖ
1230 2555 1436 2626 βιοῦντι
1466 2555 1640 2618 οὐδεὶς
1673 2571 1788 2607 πει-

192 2643 466 2716 σθήσεται,
524 2645 624 2716 τῆς
666 2646 866 2710 κακίας
896 2647 991 2701 καὶ
1037 2648 1106 2701 τὰ
1151 2649 1288 2718 ὀρθὰ.
1343 2647 1782 2720 καθυϐριζούσης

189 2738 452 2807 δόγματα,
489 2738 588 2791 καὶ
638 2738 1038 2810 καταδεχθῆναι
1089 2740 1202 2809 (87)
1256 2739 1331 2811 μὴ
1367 2739 1781 2812 συγχωρούσης.

202 2829 424 2902 ’Δρετῆς
487 2829 670 2884 τοίνυν
725 2833 822 2885 καί⁵
879 2832 1160 2896 εὐσεϐείας
1220 2832 1551 2887 ἀνθεκτέονο
1617 2830 1692 2894 ὡς
1749 2831 1781 2901 ἡ

192 2920 284 2989 μὲν
333 2921 587 2992 θεμέλιος
639 2924 812 2991 ἐστιν,
863 2925 896 2995 ἠ
945 2923 1003 2978 δὲ
1062 2925 1301 2995 στεφάνη
1357 2923 1449 2979 καὶ
1501 2922 1780 2992 ἐγκαλλω-

191 3027 384 3065 πιστλα.

1895 1996 2028 2051 Nam
2061 1998 2106 2052 si
2138 1997 2539 2067 improbitatem
2575 2004 2630 2050 et
2653 1996 2781 2052 vitia
2813 1999 3150 2054 sectantibus
3181 2016 3246 2056 ne
3274 2003 3490 2072 quidem

1896 2093 1963 2147 de
2003 2091 2202 2146 divinis
2252 2090 2741 2160 justiﬁeationibus
2797 2091 2962 2146 verba
3021 2091 3207 2150 facere
3251 2094 3331 2150 fas
3359 2106 3487 2151 est:

1902 2204 1921 2238 ι
1956 2184 2235 2240 l‘eccatori
2279 2184 2588 2238 enim-dixit
2613 2183 2750 2238 Deus
2786 2202 2798 2239 :
2829 2184 3010 2251 Quare
3059 2194 3111 2239 tu
3147 2202 3372 2243 cnarras
3396 2189 3488 2257 ju-

1894 2279 2075 2335 stitias
2102 2292 2254 2332 meas
2282 2276 2368 2331 "?
2405 2297 2422 2328 ι
2463 2291 2569 2347 qua
2605 2277 2821 2330 tandem
2849 2277 3064 2332 ratione
3091 2277 3175 2333 fas
3213 2279 3318 2334 erit
3359 2281 3486 2344 illis,

1893 2370 1984 2440 qui
2009 2371 2155 2438 ipsas
2172 2367 2600 2438 iustiﬁcationes
2633 2383 2726 2437 per
2761 2383 2823 2422 ea
2858 2383 2978 2438 qure
3018 2370 3250 2439 faciunt,
3292 2380 3488 2427 contu-

1896 2459 2058 2514 melia
2093 2458 2366 2524 afﬁciunt,
2390 2459 2456 2514 de
2487 2459 2833 2530 dogmatibus
2873 2459 3191 2528 disputare?
3236 2461 3292 2516 Si
3324 2461 3490 2533 igitur

1901 2551 2074 2605 virtus
2105 2562 2159 2606 et
2188 2551 2413 2620 probata
2449 2549 2568 2603 vita:
2597 2549 2736 2603 ratio
2758 2549 3011 2619 pietatem
3032 2551 3229 2607 astruit
3258 2567 3324 2609 ac
3343 2553 3488 2609 velut

1894 2643 2213 2713 interposita
2253 2642 2545 2713 sponsione
2579 2642 2761 2696 ﬁrmat
2809 2643 3061 2712 (utcerte
3097 2643 3270 2715 facit),
3310 2645 3486 2701 danda

1891 2735 2047 2790 nobis
2085 2749 2251 2803 opera
2279 2743 2384 2800 est,
2425 2743 2485 2788 ut
2519 2732 2665 2787 illam
2713 2733 3033 2799 habeamus,
3062 2750 3156 2805 per
3182 2751 3343 2806 quam
3370 2738 3486 2807 pie-

1893 2825 2024 2880 tatis
2058 2825 2302 2879 doctrina
2338 2824 2532 2877 evadct
2588 2822 2692 2877 ﬁde
2737 2823 2924 2894 digna.
2964 2823 3100 2878 Nam
3147 2826 3196 2881 ei
3251 2826 3342 2897 qui
3379 2843 3489 2884 non

1889 2919 2028 2974 bene
2059 2916 2212 2981 vivit,
2248 2930 2410 2972 nemo
2457 2915 2615 2971 ﬁdem
2674 2916 2978 2983 adhibebit,
3026 2917 3156 2972 vitio
3199 2920 3398 2991 quippe
3432 2931 3488 2975 et

1892 3022 2041 3068 recta
2076 3012 2332 3080 dogmata
2364 3007 2779 3074 dehonestante,
2805 3023 2981 3075 eaque
3007 3011 3171 3081 recipi
3221 3028 3326 3067 non
3363 3030 3488 3084 per-

194 3105 459 3160 mittente.
510 3104 818 3176 btrutnque
865 3105 1026 3178 igitur
1050 3108 1164 3177 pari
1212 3107 1392 3163 studio
1429 3109 1771 3164 retinendum
1812 3116 1917 3171 est,
1965 3115 2075 3159 tam
2152 3103 2327 3156 virtus
2378 3116 2541 3171 quam
2616 3115 2748 3156 sana
2797 3100 3013 3172 pietatis
3073 3105 3318 3160 doctrina
3349 3147 3364 3170 ,
3430 3119 3488 3160 ut

190 3216 412 3270 quorum
456 3200 690 3256 alterum
727 3201 798 3256 sit
825 3199 1260 3268 fundamentum,
1311 3202 1542 3258 alterum
1575 3217 1776 3259 corona
1817 3210 1981 3270 atque
2011 3205 2422 3252 ornamentum.

657 3342 785 3397 KA'.
830 3374 898 3384 -
936 3344 1139 3400 suum
1167 3346 1314 3418 ’(88).

763 3462 866 3522 Εὶς
904 3461 968 3513 τὸ
1017 3462 1185 3516 αὐτό.

257 3591 397 3662 ’Ᾱρα
431 3593 627 3646 σαυτὸν
650 3592 902 3664 λέληθας,
922 3595 1004 3650 ὅτι
1034 3596 1134 3649 οὐκ
1168 3595 1311 3666 ἔχεις
1342 3597 1438 3666 τὴν
1464 3597 1644 3666 κρίσιν
1663 3596 1774 3666 (89)

190 3683 525 3751 πραγμάτων
560 3683 749 3754 ὀρθὴν,
782 3685 814 3755 ἢ
856 3685 958 3754 ἐμὲ
1003 3683 1147 3755 ἔχειν
1193 3685 1396 3755 ταύτην
1432 3685 1773 3755 ἐρρωμένην.

193 3771 247 3824 Ei
295 3776 393 3844 μὲν
442 3771 538 3829 οὖν
574 3776 771 3828 σαυτὸν
820 3776 1069 3847 λέληθας,
1118 3779 1322 3846 χρῆσαι
1374 3775 1590 3846 σφοδρῷ
1627 3776 1774 3829 διδα-

193 3865 400 3934 σκάλῳ·
441 3868 490 3919 εί
541 3867 648 3937 γὰρ
684 3867 1000 3939 ζητήσειας,
1031 3867 1215 3938 εὕροις
1262 3867 1328 3921 ἄν
1353 3885 1365 3898 °
1402 3868 1658 3941 ζητήσεις
1697 3867 1773 3932 δὲ,

190 3955 293 4022 εἴγε
327 3957 570 4028 οίηθείης
607 3958 774 4028 μηδὲν
819 3958 1040 4011 εἰδέναι.
1071 3958 1144 4010 Τὸ
1170 3958 1280 4028 γὰρ
1309 3957 1518 4011 οἴεσθαι
1552 3959 1774 4021 εἰδέναι,

2418 3334 2555 3389 XXI.
2578 3333 2942 3388 —TIIEONI.

2503 3447 2578 3500 De
2605 3448 2786 3523 eadem
2816 3465 2888 3501 re.

1954 3591 2062 3645 Aut
2094 3589 2256 3659 igitur
2289 3595 2340 3640 tu
2380 3594 2430 3638 te
2473 3585 2648 3652 ipsum
2682 3581 2844 3648 fallis,
2874 3595 3038 3654 atque
3065 3586 3301 3656 ignoras,
3339 3593 3482 3660 quod

1889 3691 2040 3738 recto
2080 3681 2148 3734 de
2182 3679 2344 3734 rebus
2377 3676 2584 3744 judicio
2637 3675 2989 3744 destituaris,
3052 3688 3145 3731 aut
3192 3694 3293 3749 ego
3349 3683 3479 3737 mihi

1887 3774 1987 3842 ipsi
2035 3771 2302 3834 blandior.
2345 3768 2682 3838 persuadens
2723 3767 2874 3832 mihi,
2925 3785 3010 3823 me
3058 3769 3161 3825 hoc
3211 3771 3481 3844 integrum

1883 3875 1938 3922 et
1974 3868 2186 3918 ﬁrmum
2231 3863 2454 3917 habere.
2493 3859 2550 3916 Si
2589 3861 2755 3931 igitur
2783 3870 2835 3913 tu
2862 3859 3007 3918 fallis
3039 3864 3293 3933 teipsum,
3330 3875 3486 3921 utere

1882 3954 2188 4011 vehementi
2219 3953 2444 4008 doctore
2478 3970 2492 4005 :
2526 3967 2648 4006 nam
2680 3952 2767 4007 ubi
2801 3953 3146 4023 quaesiveris,
3181 3956 3478 4012 inveneris.

189 4049 274 4100 τοΰ
309 4050 443 4120 μηδὲ
476 4051 658 4119 εὑρεῖν
691 4051 860 4103 αἴτιόν
899 4052 1066 4103 ἐστιν.
1096 4051 1160 4103 Et
1195 4050 1251 4103 δὲ
1279 4050 1376 4120 ἐμὲ
1404 4050 1582 4117 ἔλαθε,
1604 4051 1776 4117 δεῖξον

1899 4048 2079 4115 )umre
2115 4056 2320 4108 autem,
2360 4044 2406 4098 si
2432 4043 2565 4098 nihil
2628 4051 2678 4098 te
2717 4044 2860 4098 scire
2885 4045 3312 4102 existimaveris.
3347 4047 3480 4103 Nam

190 4139 271 4192 διὰ
303 4140 411 4193 τῶν
443 4143 788 4212 πραγμάτων
827 4141 924 4214 τὴν
948 4142 1128 4213 κρίσιν
1149 4160 1160 4172 ·
1190 4142 1424 4208 δείξειας
1467 4143 1545 4208 δὲ,
1579 4146 1624 4196 εξ
1652 4161 1777 4195 συν-

189 4231 376 4301 δράμοι
416 4233 443 4284 ὁ
483 4233 598 4304 βίος
630 4234 706 4304 τῷ
739 4235 904 4305 λόγῳ.

1885 4137 2095 4209 Opinari
2125 4152 2183 4193 se
2221 4137 2382 4201 scire,
2421 4150 2584 4191 causa
2635 4144 2720 4191 est
2747 4143 2804 4190 ut
2835 4152 2901 4192 ne
2931 4137 3151 4207 quidem
3207 4139 3474 4193 invenias.

1888 4234 2042 4300 Quod
2076 4233 2119 4286 si
2149 4241 2364 4302 egomet
2394 4231 2524 4284 mihi
2562 4230 2802 4300 impono,
2837 4233 3062 4287 ostende
3105 4241 3160 4285 tu
3206 4243 3352 4287 tuum
3385 4233 3483 4301 ju-

189 4320 378 4375 dicium
409 4322 542 4390 ipsis
577 4339 755 4376 rerum
787 4323 1145 4391 argumentis.
1185 4321 1448 4378 Ostendes
1481 4332 1680 4388 autem,
1716 4322 1758 4376 si
1798 4324 1904 4375 vita
1943 4336 2066 4376 cum
2108 4335 2361 4376 sermone
2433 4319 2654 4388 paribus
2711 4319 2794 4388 (ut
2832 4323 2912 4376 sic
2977 4321 3189 4392 loquar)
3230 4324 3480 4393 passibus

190 4411 451 4475 decurrat.

254 4575 295 4605 "
329 4577 466 4630 Psnl.
504 4591 651 4638 nix,
687 4576 767 4630 16.

1285 4708 1522 4764 νΑΒΙᾹΞ
1569 4707 1954 4764 LECTIONES
2001 4705 2088 4760 ET
2136 4703 2366 4760 ΝΟΤᾸΞ.

257 4895 365 4966 (82)
397 4895 524 4950 Haec
549 4907 636 4965 ep.
667 4894 719 4966 in
749 4894 873 4948 cod.
905 4892 1155 4966 Yat._650
1184 4890 1501 4966 inscribitur
1526 4907 1632 4966 non
1662 4895 1775 4945 Δω-

278 4963 371 5036 ἐφ’,
405 4968 499 5020 sed
533 4963 732 5035 Δανιὴλ
770 4963 1132 5036 πρεσόυτέρῳ
1154 5003 1167 5025 ,
1207 4963 1418 5036 Dnnieli
1449 4965 1771 5036 presbytero.

213 5033 330 5091 iers.
363 5046 600 5102 antepen
655 5033 742 5103 ep.
771 5033 869 5105 pro
902 5033 1219 5104 ὑπερορίοις
1245 5033 1442 5105 scribit
1466 5034 1612 5105 idem
1645 5033 1768 5105 cod.

186 5107 557 5177 ὑπερόριος-(ιι
594 5121 736 5159 vers.
775 5103 910 5176 pen.
952 5103 1021 5159 ct
1063 5108 1161 5158 ult.
1209 5119 1309 5174 pro
1354 5103 1550 5173 ῥᾳδίως
1611 5104 1770 5158 habet

186 5175 445 5246 ἀσμένως.
479 5175 691 5246 Possm.

246 5242 357 5317 (85)
405 5247 501 5311 Ὠς
553 5245 812 5317 τάχιστα
857 5245 1043 5317 ἥξων.
1092 5244 1272 5317 Malim
1328 5242 1563 5313 ἁνήξων,
1604 5253 1766 5314 atque

187 5315 248 5369 ita
279 5315 406 5383 puto
430 5317 693 5384 scriptum
728 5315 898 5370 fuisse
925 5316 1151 5370 Isidoro.
1195 5315 1356 5370 “I'I'T.

245 5387 351 5458 (8i)
381 5386 521 5454 Περὶ
557 5386 666 5452 τὰς
687 5387 900 5455 ἐπαγγ.
929 5386 1124 5458 Verum
1151 5401 1276 5458 esse
1307 5387 1602 5458 ιιῑονπαρὰ
1635 5386 1750 5458 τάς.

186 5455 450 5526 δαρεῒιὶο
491 5458 542 5508 in
595 5475 698 5510 ius.
744 5467 1024 5524 peccatum
1080 5457 1208 5522 vidi,
1247 5465 1304 5508 ut
1355 5455 1508 5526 παρὰ
1537 5455 1590 5511 et
1626 5457 1754 5525 περὶ

1883 4905 1983 4960 pro
2015 4888 2282 4960 ἀξιόχρεῳ
2314 4887 2475 4960 habet
2512 4886 2811 4960 détéxpsm.
2839 4886 3046 4943 Possm.

1977 4961 2065 5030 86)
2105 4957 2350 5032 περί
2397 4958 2464 5011 τὸ
2519 4959 3269 5032 aramve/terat;‘Confer
3309 4962 3470 5032 epist.

1877 5029 1984 5086 215
2015 5029 2067 5085 et
2096 5030 2226 5094 2‘26,
2260 5030 2422 5093 infra,
2464 5038 2517 5083 et
2549 5030 2642 5081 lib.
2675 5043 2733 5083 tu
2763 5033 2922 5097 epist.
2961 5029 3088 5084 252.
3130 5029 3291 5085 Βιττ.

1950 5101 2062 5172 (87)
2090 5101 2222 5156 Cod.
2260 5098 2384 5154 Vat.
2415 5099 2823 5184 καταδεχθῆναι
2855 5102 3108 5184 nitttat'in
3133 5102 3471 5184 πλαραδεχθῆο

1889 5165 1985 5240 δαί,
2018 5165 2230 5225 ρίνθιεε.
2271 5170 2474 5238 penult.
2507 5187 2593 5236 ep.
2628 5165 2897 5240 dg'vertit
2928 5171 2978 5223 in
3012 5165 3107 5224 ὧν.
3144 5165 3357 5227 Possm.

1946 5242 2061 5313 (S8)
2091 5243 2482 5313 Conferepist.
2520 5241 2551 5294 6
2577 5239 2734 5306 hujus
2763 5241 2903 5313 libri.
2943 5241 3110 5297 lltrr.

1939 5310 2051 5382 (θυι
2083 5312 2240 5366 Vcrs.
2278 5312 2349 5382 72,
2382 5327 2467 5381 ep.
2512 5320 2635 5382 post
2681 5310 2864 5380 κρίσιν
2913 5313 3052 5367 adde
3081 5312 3189 5364 τῶν
3219 5323 3469 5382 auctore

1864 5381 1987 5440 cod.
2023 5383 2143 5436 Vat.
2189 5381 2318 5453 7650,
2357 5394 2411 5436 et
2456 5397 2554 5450 pro
2596 5381 2740 5453 ἔχειν
2771 5383 2951 5437 scribe
2977 5382 3158 5453 £me.
3218 5381 3373 5440 Vers.
3408 5386 3462 5446 4,

1865 5471 1960 5519 pro
1990 5452 2209 5525 σφοδρῷ
2245 5453 2484 5525 rescribe
2518 5452 2826 5525 ex_eodettt_
2857 5451 3058 5525 609953;.
3108 5451 3268 5508 Vers.
3303 5456 3334 5509 5
3366 5471 3463 5525 prn

187 5522 453 5596 perperam
485 5526 628 5579 inter
655 5542 715 5580 se
741 5522 1069 5602 contumtata
1102 5535 1289 5602 essent
1320 5542 1346 5578 a
1378 5522 1638 5602 librariis,
1667 5522 1764 5602 urc
1877 5522 2214 5602 manusuam
2263 5523 2425 5602 habet
2461 5523 2556 5593 μή.
2596 5522 2778 5602 _Vers._
2800 5523 2831 5577 6
2861 5535 2916 5602 et
2943 5523 2988 5602 7_
3018 5525 3132 5602 hmo
3170 5522 3379 5602 verba,’
3406 5527 3467 5578 τὸ

187 5612 384 5666 semper
422 5613 602 5666 operm.
648 5598 883 5666 pretium
934 5598 1061 5650 duxi
1109 5597 1161 5652 id
1221 5607 1434 5652 notare.
1499 5598 1759 5664 Exemplo

188 5666 452 5787 duolmox
506 5668 667 5721 obvia
711 5679 1006 5722 occurrunt
1061 5669 1219 5737 epist.
1277 5683 1428 5736 prox.
1489 5684 1606 5738 seq.
1660 5669 1761 5721 ini-

191 5745 272 5786 ltn.
323 5753 369 5787 D.

191 5745 272 5786 tm.
303 5745 369 5790 ID.

250 5806 352 5872 (85)
384 5806 487 5864 Pro
514 5808 573 5860 τὸ
609 5807 870 5862 εει-ἱὺίιτὶ
895 5807 1014 5864 cod.
1055 5805 1172 5861 Val.
1210 5808 1336 5874 650,
1371 5819 1423 5863 et
1464 5825 1609 5865 vers.
1639 5824 1753 5880 seq.

1874 5593 1982 5666 γὰρ
2013 5595 2221 5648 οἴεσθαι
2264 5593 2621 5666 εἰδέναιῌωῦ
2657 5593 2792 5662 μηδὲ
2837 5594 3022 5664 εὑρεῖν
3071 5594 3244 5647 αἴτιόν
3295 5598 3465 5655 ἐστιν,

1872 5663 2069 5720 alisnut
2110 5666 2177 5719 ab
2214 5666 2299 5718 illo
2333 5665 2453 5736 cod.
2492 5663 2646 5719 Vers.
2687 5663 2942 5735 antepen.
2977 5666 3143 5732 epist.
3191 5667 3330 5721 idem
3369 5685 3466 5736 pro

1872 5737 2026 5789 ἔλαθε
2061 5738 2221 5793 habet
2256 5735 2462 5799 ξλαθῑς.
2502 5745 2710 5800 possm.
