3976 6428
526 336 624 401 1C7
630 339 662 402 5
1708 346 1768 406 S.
1804 343 2092 404 ISIDORI
2132 345 2567 406 PELUSIOTJS
3638 337 3772 404 1076

523 463 626 503 ιιοη
660 448 819 503 modo
859 449 1047 514 risum,
1090 465 1274 506 verum
1319 449 1479 506 etiam
1511 466 1724 508 omnem
1765 454 2076 524 indignatio-

2191 471 2282 520 μιν
2301 456 2571 522 καὶδόξαν
2591 453 2946 525 πηγάζοντος,
2968 450 3294 522 συγγνώμης
3325 447 3529 521 μεῖζον.
3559 449 3770 502 Οὐκοῦν

521 554 642 594 nem
674 549 961 595 mereatur.
1000 540 1170 596 Porro
1197 558 1315 597 cum
1343 542 1526 599 volens
1562 543 1840 616 libensque
1871 547 2076 601 hostem

2191 547 2386 601 ἐκεῖνοι
2427 549 2504 617 (i)
2559 548 2708 618 μόνοι
2759 549 2895 618 μετά
2927 548 3027 608 τάς
3068 543 3403 613 θαυμασίους
3438 542 3642 602 ὠδῖνας
3671 540 3772 605 τάς

519 634 730 700 generis
760 632 978 688 humani
1015 649 1242 705 sequare
1269 639 1464 708 (neque
1501 640 1645 694 enim
1687 654 1782 710 per
1823 641 1950 704 vim,
1984 654 2076 694 ne-

2189 638 2248 690 ὲν
2266 636 2343 707 τῷ
2365 635 2494 708 θείῳ
2525 637 2886 707 βαπτίσματι,
2920 636 3014 689 καὶ
3032 634 3121 688 τὸν
3154 632 3300 696 ξένον
3333 633 3430 685 καὶ
3463 629 3771 701 παράδοξον

517 735 623 792 que
653 737 747 791 per
785 726 1146 795 tyrannidem,
1179 732 1272 785 sed
1307 729 1426 784 dolo
1453 745 1517 785 ac
1551 731 1739 786 fraude
1776 731 1943 786 nostri
1978 746 2074 801 po-

2189 725 2536 797 λοχευμάτων
2559 727 2743 797 νόμον,
2770 727 2965 780 δίκαιοι
2983 724 3048 778 ἂν
3076 720 3186 777 εἶεν
3202 723 3262 776 τὸ
3286 742 3304 774 ι
3332 723 3516 792 Πάτερ
3562 719 3726 791 ήμῶν
3747 739 3766 771 s

519 813 893 883 titur),dicere
922 835 936 871 :
970 835 990 868 ι
1020 815 1122 872 Sed
1171 817 1336 874 libera
1386 836 1482 877 nos
1522 837 1552 876 a
1599 823 1767 887 malo;
1800 840 1819 873 ι
1864 834 2076 876 omnem

2189 817 2381 885 λέγειν,
2433 817 2564 872 υἱῶν
2615 818 3050 888 ἐπιδεικνύμενοι
3105 816 3468 888 γνησιότηταο
3522 815 3621 867 καὶ
3685 812 3767 877 τὺ,

515 914 806 972 exsuperat
874 907 1196 966 illusionem.
1261 911 1500 983 Denique
1565 915 1743 968 dicere
1799 914 2076 982 quidem:

2191 901 2214 962 ἱ
2254 909 2597 981 ⁹Δγιαιι’θήτω
2635 909 2695 963 τὸ
2722 895 2894 979 δνομά
2933 926 3048 972 σου,
3089 927 3106 959 ι
3147 907 3196 960 oi
3242 907 3410 977 μηδὲν
3433 905 3630 974 ἐναγὲς
3648 905 3770 960 δια-

523 1013 540 1044 t
573 994 707 1060 Quia
738 1006 890 1052 tuum
934 1010 1018 1054 est
1071 1015 1314 1070 regnum,
1361 1012 1416 1057 et
1452 1004 1689 1072 potentia
1738 1013 1786 1058 et
1830 1002 2020 1072 gloria,
2053 1020 2073 1055 ι

2189 1000 2549 1071 πραττόμενοι
2573 1020 2586 1032 ι
2623 1001 2716 1056 καὶ
2755 1001 2836 1064 τὸ,
2875 1018 2895 1051 t
2938 998 3232 1068 Ἐλθέτωή
3285 997 3532 1067 βασιλεία
3569 1013 3690 1060 σου,
3745 1013 3766 1049 s

513 1086 606 1140 sed
651 1102 772 1142 eum
807 1089 1020 1145 interim
1076 1108 1172 1163 pro
1221 1093 1385 1148 nihilo
1430 1104 1642 1163 putare,
1684 1109 1713 1148 a
1751 1109 1859 1164 quo
1905 1093 2076 1148 omnis

2189 1092 2232 1143 οί
2271 1090 2565 1159 φεύγοντες
2608 1091 2678 1144 τά
2723 1089 2803 1160 τῷ
2838 1089 3084 1162 τυράννῳ
3119 1088 3315 1159 ἡδονὴν
3359 1088 3641 1140 τίκτονταο
3677 1087 3772 1140 καὶ

2185 1179 2264 1242 τὴ,
2301 1197 2319 1230 ι
2357 1179 2644 1250 Γενηθήτω
2659 1179 2719 1231 τὸ
2737 1177 2952 1249 θέλημά
2981 1192 3098 1240 σου,
3125 1195 3143 1228 ι
3178 1177 3228 1229 οἱ
3257 1174 3346 1228 διὰ
3374 1174 3485 1227 τῶν
3513 1173 3772 1244 πράξεων
3839 1182 3842 1185 ’

2185 1267 2342 1322 τοῦτο
2374 1269 2660 1339 δηλοῦντες
2680 1286 2694 1301 ·
2724 1270 2840 1333 καὶ,
2888 1287 2906 1320 ι
2939 1269 3041 1321 Τὸν
3069 1268 3233 1337 ἄρτον
3262 1267 3352 1319 τον
3379 1264 3658 1320 ἐπιούσιον
3680 1265 3772 1328 δὺς

2184 1361 2317 1430 ήμίν
2346 1361 2606 1431 σήμερον,
2641 1379 2659 1413 s
2694 1361 2742 1413 οί
2781 1361 3018 1430 τρυφαῖς
3045 1358 3140 1410 καὶ
3183 1359 3444 1420 ἀσωτίαις
3474 1356 3772 1409 ἀποταττό-

2189 1466 2339 1520 μενοι
2363 1467 2378 1483 ο
2407 1450 2603 1518 καὶτὸ,
2644 1469 2660 1504 ι
2701 1452 2873 1520 Ἀφες
2902 1452 3037 1521 ήμίν
3064 1449 3136 1504 τά
3168 1450 3512 1520 ὀφειλήματα
3531 1449 3713 1519 ήμῶν,
3745 1466 3764 1499 ι

514 1549 633 1590 vam
667 1551 729 1592 ac
761 1541 1098 1610 peregrinam
1131 1545 1534 1614 puerperiorum
1566 1543 1758 1613 legem,
1787 1545 1924 1600 hanc
1957 1560 2076 1602 ora-

2189 1543 2234 1595 οί
2264 1545 2380 1607 τοῖς
2408 1545 2490 1607 είς
2518 1543 2715 1607 αὐτοὺς
2736 1544 3000 1596 πταίσασι
3026 1539 3525 1609 συγγινώσκοντες·
3563 1538 3660 1592 καὶ
3683 1537 3768 1603 τὺ,

510 1625 706 1681 tionem
746 1629 847 1692 rite
881 1645 946 1686 ac
981 1629 1106 1700 jure
1153 1635 1383 1691 recitare
1419 1641 1726 1703 potuerunt,
1763 1635 1927 1691 Deum
1973 1636 2076 1691 Pa-

2191 1651 2211 1685 ι
2259 1633 2350 1704 Μὴ
2399 1634 2716 1705 εἰσενέγκῃς
2762 1634 2911 1704 ἡμᾶς
2958 1634 3040 1695 είς
3081 1630 3405 1702 πειρασμὸν,
3452 1647 3472 1680 ι
3523 1629 3574 1682 oi
3626 1629 3770 1698 μήτε

510 1722 645 1772 trem
693 1720 1040 1790 appellantes,
1073 1725 1163 1794 qui
1211 1725 1437 1781 ﬂliorum
1487 1740 1796 1798 germanam
1845 1726 2076 1783 indolem

2189 1723 2412 1787 ἑαυτοὺς
2443 1724 2581 1794 μήτε
2604 1723 2798 1786 ἀλλους
2821 1724 2902 1786 είς
2924 1720 3112 1776 τοῦτον
3143 1719 3506 1790 ιμδάλλοντες
3525 1734 3540 1748 ⁸
3567 1719 3664 1771 καὶ
3683 1718 3768 1783 τδ,

505 1807 815 1864 ostendunt.
856 1809 934 1866 illi
962 1822 1212 1881 poterunt
1239 1815 1421 1872 dicere
1453 1833 1467 1870 :
1509 1835 1528 1869 ι
1562 1817 1942 1872 Sanctiticetur
1983 1833 2076 1873 no-

2189 1832 2204 1865 t
2252 1811 2438 1867 Ῥὖσαι
2475 1814 2623 1885 ήμᾶς
2669 1813 2777 1867 ἀπὸ
2803 1813 2896 1866 τοῦ
2933 1811 3194 1884 πονηροῦ,
3232 1830 3250 1863 ι
3283 1811 3334 1865 oi
3368 1810 3508 1881 πρὸς
3539 1810 3631 1863 τὸν
3663 1810 3773 1863 Σαο

508 1909 626 1950 tuen
657 1905 825 1965 tuum,
863 1917 882 1952 ι
918 1901 1008 1970 qui
1039 1901 1171 1956 nihil
1201 1903 1448 1959 scelerati
1477 1905 1859 1974 committunt;
1891 1906 1990 1970 illi,
2023 1915 2076 1960 et

2189 1906 2346 1959 raviv
2390 1904 2657 1960 ἀσπονδον
2693 1905 2909 1977 ἔχοντες
2941 1907 3040 1976 τὴν
3088 1905 3302 1976 μάχην»
3335 1902 3431 1956 καὶ
3458 1902 3540 1966 τδ,
3576 1919 3598 1953 ι
3642 1901 3770 1954 Ὀτι

2177 1994 2272 2049 σοῦ
2302 1997 2450 2050 ἐστιν
2476 1999 2508 2068 ἠ
2535 1997 2784 2068 βασιλεία
2816 1996 2911 2050 καὶ
2937 1997 2970 2066 ή
3001 1995 3255 2064 δύναμις,
3289 1993 3384 2048 καὶ
3411 1994 3444 2063 ἡ
3479 1991 3628 2057 δόξα,
3663 2009 3684 2044 ι
3714 1991 3770 2044 oi

2177 2088 2475 2159 τρέμοντες
2499 2089 2664 2145 αὑτοῦ
2690 2089 2819 2154 τοὺς
2847 2088 3061 2158 λόγους,
3093 2089 3188 2141 καὶ
3207 2087 3391 2158 ἔργοις
3420 2085 3620 2149 αὐτοὺς
3643 2085 3772 2137 ἑπι-

2179 2181 2542 2252 δεικνύμενοι.
2572 2183 2646 2236 Οὐ
2678 2181 2787 2252 γάρ
2814 2179 3070 2234 τοσοῦτον
3101 2182 3345 2247 πέφυκεν
3377 2178 3560 2233 ἀνύειν
3601 2177 3636 2248 ἡ
3664 2176 3771 2247 τῆς

501 2254 807 2326 declarant;
853 2260 928 2317 illi
963 2263 1147 2332 etiam,
1184 2284 1203 2318 ι
1237 2265 1436 2322 Panem
1468 2269 1840 2338 quotidianum
1877 2270 1943 2325 da
1977 2286 2076 2325 no-

2189 2272 2349 2343 εὑχῆς
2380 2273 2681 2344 επιστήμη,
2713 2273 2837 2328 δσον
2865 2275 2895 2327 ό
2927 2273 3125 2343 τρόπος
3156 2271 3250 2326 καὶ
3284 2273 3312 2324 ό
3338 2269 3454 2340 βίος
3485 2267 3579 2321 τοῦ
3609 2267 3767 2338 εὐχο-

503 2347 587 2404 bis
621 2349 800 2419 hodie,
833 2370 853 2405 ι
889 2355 978 2423 qui
1016 2356 1165 2411 luxui
1210 2372 1274 2412 ac
1307 2359 1516 2414 deliciis
1557 2362 1806 2416 nuntium
1849 2363 2076 2418 remise-
2184 2365 2372 2436 μένου.

502 2449 668 2510 runt;
709 2444 784 2500 illi
813 2453 869 2500 et
901 2445 1023 2512 hoc,
1060 2467 1080 2501 ι
1109 2447 1344 2508 Remitte
1374 2453 1530 2508 nobis
1571 2454 1752 2509 debita
1795 2465 2005 2520 nostra,
2037 2477 2057 2511 ι
2103 2461 2192 2527 qui
2260 2460 2472 2516 veniam
2515 2459 2583 2515 iis
2623 2459 2882 2525 tribuunt,
2924 2458 3016 2529 qui
3062 2457 3115 2514 in
3162 2457 3308 2527 ipsos
3366 2455 3762 2524 deliquerunt;

615 2545 670 2591 ⁸⁸
701 2537 826 2626 l'oc’
863 2543 883 2590 δ
915 2537 991 2626 βο
1033 2542 1258 2600 “duc”
1302 2561 1400 2603 ¹¹⁰⁸
1446 2549 1498 2602 ίη
1534 2550 1908 2616 “mulionem.
1941 2571 1960 2604 ι
1995 2533 2087 2624 qui
2127 2569 2303 2625 neque
2340 2557 2686 2626 semetipsos,
2734 2569 2910 2625 neque
2941 2553 3076 2608 alios
3111 2552 3163 2606 in
3208 2551 3346 2606 hanc
3407 2550 3704 2620 conjiciunt
3746 2566 3765 2616 ;

503 2621 576 2677 illi
617 2630 672 2678 et
708 2623 830 2692 hoc,
872 2644 891 2678 t
922 2624 1114 2685 Libera
1163 2646 1315 2687 nosa
1341 2633 1501 2701 malo,
1533 2655 1550 2687 ι
1585 2637 1676 2705 qui
1709 2653 1832 2693 cum
1873 2621 2075 2696 Satana
2119 2621 2438 2714 perpetuum
2487 2621 2556 2700 et
2591 2621 3044 2702 irreconeiliabiie
3098 2650 3293 2712 gerunt
3370 2640 3608 2706 bellum;
3678 2639 3762 2712 illi

501 2715 734 2785 denique
762 2732 891 2774 vere
921 2721 1104 2777 dicere
1140 2733 1414 2792 poterunt,
1453 2746 1472 2778 ι
1502 2726 1637 2794 Quia
1670 2738 1818 2784 tuum
1867 2741 1952 2787 est
1987 2747 2232 2804 regnum,
2269 2745 2325 2789 et
2353 2736 2591 2804 potentia
2633 2746 2688 2790 et
2726 2735 2917 2806 gloria,
2985 2753 3004 2787 ι
3043 2735 3136 2804 qui
3211 2733 3280 2790 ad
3346 2733 3516 2803 ipsius
3584 2734 3756 2789 verba

502 2807 948 2873 contremiscunt,
1000 2826 1171 2882 eaque
1212 2828 1272 2868 re
1310 2823 1363 2869 et
1397 2831 1561 2885 opere
1603 2821 1916 2877 ostendunt.
1967 2821 2084 2878 Non
2123 2826 2267 2880 enim
2317 2835 2526 2882 tantum
2572 2826 2788 2884 elicere
2832 2825 2974 2883 valet
3025 2827 3140 2896 ipsa
3212 2823 3373 2895 hujus
3415 2827 3757 2898 precationis

503 2898 718 2964 notitia,
752 2909 1010 2970 quantum
1044 2917 1222 2959 mores
1252 2915 1305 2961 et
1337 2907 1446 2961 vita
1479 2912 1773 2978 precantis.

584 3029 751 3103 526
777 3031 944 3088 XXV.
974 3063 1044 3076 -
1075 3035 1465 3096 ATHANASIO
1503 3039 1984 3103 PRESBYTERO.

2403 3047 2535 3106 κεν.
2575 3079 2646 3094 -
2674 3050 3015 3122 ΔΘΔΝᾹΣῙῼ
3063 3049 3529 3123 ΠΡΕΣΒΥΤΕΡῼ.

498 3141 757 3244 Inhil‘lud
809 3147 1030 3214 (Christi
1074 3150 1316 3244 dictum),
1359 3152 1783 3244 «'Qttidlettte‘m.
1819 3161 2075 3244 conspicis

2189 3165 2282 3244 Ek:
2325 3163 2396 3244 τό
2420 3183 2440 3244 -_
2471 3166 2601 3242 (-Tt
2641 3164 2733 3244 ea
2752 3164 3016 3244 ρξέπςις
3074 3162 3139 3216 τὸ
3190 3161 3422 3244 κᾴρφςς
3459 3161 3526 3244 τὸ
3575 3161 3647 3242 ἐς
3683 3161 3767 3244 τῷ

571 3215 848 3303 festucam,
897 3229 1132 3303 qute’ut
1177 3221 1232 3303 in
1273 3215 1452 3276 oculo——
1475 3225 1661 3303 fratris
1705 3229 1821 3303 tu‘i;
1876 3215 2076 3303 millein

2189 3215 2671 3303 “apameae
2694 3215 3152 3302 negaras...
3193 3215 3416 3300 έὴἷίδᾶ
3456 3233 3528 3287 ὲν
3565 3215 3647 3300 ἐῷ
3671 3215 3767 3300 αὖ

570 3295 769 3353 autem,
792 3304 908 3356 quia
929 3297 1004 3342 est
1029 3291 1082 3345 in
1111 3291 1260 3346 oculo
1284 3304 1397 3359 tuo,
1422 3309 1526 3347 non
1553 3291 1924 3354 animadvertis
1943 3299 2029 3355 ὀἳ
2052 3320 2072 3355 ι

2577 3304 2764 3360 δοκόν
2784 3291 2869 3358 οὑ’
2895 3291 3210 3369 κατανοεῖς
3227 3291 3296 3367 ;ἰ

513 1178 750 1244 potentia
797 1189 850 1235 et
881 1181 1048 1251 gloria
1098 1195 1348 1252 tanquam
1391 1199 1457 1238 ex
1499 1184 1649 1240 fonte
1688 1183 1931 1256 proﬂuit.
1974 1183 2080 1238 tale

510 1274 622 1332 est,
675 1277 732 1324 ut
775 1271 929 1324 venia
989 1271 1160 1338 majus
1211 1274 1263 1326 in
1313 1288 1373 1328 se
1417 1276 1619 1330 crimen
1671 1275 2074 1343 complectatur.

511 1353 854 1426 Quapropter
904 1357 980 1413 llli
1032 1359 1130 1415 soli
1181 1370 1299 1430 post
1340 1363 1714 1419 admirandum
1761 1362 1934 1429 illum,
1985 1365 2076 1434 qui

510 1446 564 1498 in
607 1445 788 1501 divino
818 1445 1141 1518 baptismate
1172 1453 1418 1525 contigit,
1455 1467 1690 1524 partum,
1724 1463 1778 1510 et
1815 1464 1934 1519 post
1978 1469 2077 1508 no-

508 1986 610 2042 hoc
644 2004 659 2042 :
690 2005 708 2040 t
739 1988 1006 2048 Adveniat
1031 2007 1252 2064 regnum
1283 2004 1450 2062 tuum,
1482 2015 1500 2048 ι
1527 1997 1617 2066 qui
1643 2011 1704 2051 ea
1732 1996 1939 2068 fugiunt
1960 2014 2079 2068 quas

505 2084 738 2144 tyranno
771 2079 1098 2149 voluptatem
1131 2084 1369 2153 pariunt;
1404 2085 1479 2140 illi
1525 2095 1579 2140 et
1619 2086 1740 2154 hoc,
1779 2106 1798 2139 ι
1831 2085 1955 2143 Fiat
1980 2103 2078 2142 vo-

503 2162 684 2221 luntas
717 2175 829 2232 tua,
862 2185 883 2220 »
931 2169 1021 2240 qui
1058 2171 1191 2240 ipsis
1236 2173 1395 2232 {actis
1437 2175 1540 2232 hoc
1584 2191 1643 2232 se
1684 2191 1906 2247 operam
1947 2179 2078 2235 dare

2254 3454 2446 3510 Κοινὺν
2491 3457 2590 3526 μὲν
2633 3420 2806 3518 πάθος
2853 3453 2994 3508 εἶναι
3037 3454 3203 3516 δοκεῖ,
3241 3453 3302 3507 οὐ
3365 3453 3528 3523 μόνον
3560 3453 3623 3507 τὸ
3671 3470 3770 3507 τυ-

2181 3548 2442 3618 φλώττειν
2493 3547 2592 3618 μὲν
2636 3547 2765 3620 περὶ
2797 3547 2865 3600 τά
2897 3547 3027 3610 ἴδια,
3068 3545 3236 3611 ὀξέως
3269 3545 3314 3599 δ’
3349 3547 3482 3616 όρᾷν
3547 3544 3616 3599 τά
3655 3546 3768 3601 τῶν

573 3433 875 3492 Commune
908 3431 1014 3496 hoc
1055 3455 1186 3498 sane
1217 3444 1414 3498 malum
1457 3458 1577 3501 esse
1611 3445 1848 3515 videtur,
1889 3456 1949 3506 ut
1979 3449 2078 3507 ho-

500 3527 678 3583 mines
725 3543 830 3584 non
898 3531 1069 3586 solum
1131 3533 1184 3588 in
1251 3537 1412 3591 rebus
1476 3539 1710 3606 propriis
1765 3543 2076 3608 cmcutiant,

501 3618 871 3686 proximorum
901 3631 1081 3677 autem
1111 3625 1301 3680 delicta
1336 3637 1492 3682 acute
1519 3639 1763 3694 cernant,
1791 3632 1884 3687 sed
1915 3635 2077 3688 etiam

501 3710 605 3764 sibi
629 3711 761 3781 ipsis
777 3713 994 3780 quidem
1019 3699 1394 3772 excusationes
1419 3699 1867 3793 defensionesque
1889 3739 2082 3793 quam-

502 3800 632 3856 libet
681 3804 878 3859 invitas
946 3818 1259 3874 arcessant,
1319 3811 1616 3866 alienorum
1669 3823 1844 3870 autem
1898 3817 2078 3872 acerbi

503 3901 664 3964 atque
710 3894 1070 3954 inexorabiles
1117 3901 1339 3956 sedeant
1380 3903 1611 3971 judices.
1662 3905 1764 3973 Qui
1815 3921 1943 3962 vero
1995 3908 2078 3964 sui

502 3983 739 4053 ipsorum
776 4003 1014 4044 amorem
1048 4006 1232 4047 revera
1267 3995 1651 4063 deposuerunt,
1680 4007 1734 4052 et
1768 3998 1847 4054 sic
1890 4000 2078 4054 existi-

503 4087 653 4130 mant
696 4076 962 4148 justitiam
1006 4082 1252 4138 obtinere
1293 4097 1562 4154 Oportere,
1606 4090 1852 4143 eumdem
1888 4091 2080 4145 adver-

502 4181 594 4222 sus
627 4182 686 4223 se
725 4168 894 4237 ipsos,
928 4171 971 4226 si
1011 4175 1227 4242 quando
1257 4178 1552 4245 peccarint,
1588 4178 1766 4233 ferunt
1793 4179 2080 4247 calculum,

2182 3637 2350 3700 πέλας
2369 3637 2705 3707 πταίσματα,
2735 3636 2870 3690 ἀλλά
2888 3637 2981 3690 καὶ
2998 3636 3058 3690 τὸ
3075 3638 3289 3699 ἑαυτοῖς
3309 3636 3409 3706 μὲν
3430 3636 3524 3689 καὶ
3543 3637 3644 3698 τὰς
3664 3637 3767 3690 οὐκ

2181 3721 2345 3787 οὔσας
2380 3725 2454 3793 (9)
2483 3725 2780 3792 ἀπολογίας
2805 3724 3144 3794 πορίζεσθαι,
3177 3724 3238 3778 τὸ
3266 3724 3310 3777 δ’
3345 3725 3645 3796 ἀλλοτρίων
3681 3726 3761 3799 (5)

2184 3816 2372 3888 πικροὶ
2403 3818 2496 3871 καὶ
2529 3817 2898 3887 ἀπαραίτητοι
2927 3817 3197 3889 καθῆσθαι
3221 3817 3492 3871 δικασταί.
3521 3821 3584 3870 Οί
3610 3819 3667 3872 δὲ
3689 3819 3770 3892 τῷ

2182 3908 2294 3962 sm
2321 3909 2607 3979 φιλαυτίας
2637 3907 3070 3979 ἀπηλλαγμένοι,
3105 3908 3199 3960 καὶ
3216 3908 3276 3960 τὸ
3301 3907 3506 3961 δίκαιον
3528 3907 3769 3979 οἰόμενοι

2182 4000 2290 4052 δεῖν
2323 4003 2562 4070 κρατεῖν,
2586 4001 2684 4072 τὴν
2713 3999 2883 4070 αὐτὴν
2913 4000 3137 4071 φέρουσι
3170 3999 3290 4053 καθ’
3331 4001 3540 4054 ἑαυτῶν
3581 4002 3769 4070 ἀμαρ-

2185 4090 2435 4150 τάνοντες
2456 4088 2653 4158 ψῆφον,
2681 4088 2857 4159 ἥνπερ
2886 4087 2952 4141 ἀν
2978 4087 3072 4140 καὶ
3115 4086 3257 4141 κατά
3288 4086 3397 4153 τῶν
3425 4086 3595 4149 πέλας
3617 4087 3773 4153 ὲνέγ-

2186 4195 2332 4249 κοιεν
2355 4195 2368 4210 ο
2406 4179 2498 4231 καὶ
2535 4178 2735 4247 μᾶλλον
2760 4178 2990 4240 ἑαυτοὺς
3025 4177 3113 4231 διὰ
3142 4177 3241 4247 τῆς
3282 4177 3572 4248 μετανοίας
3605 4176 3773 4230 κολά-

501 4275 662 4330 quem
710 4263 874 4318 etiam
922 4277 1111 4321 contra
1154 4272 1429 4338 proximos
1485 4270 1718 4335 ferrent;
1768 4273 1874 4328 imo
1920 4273 1974 4328 in
2024 4290 2076 4330 se

2190 4270 2361 4334 ζουσι,
2381 4268 2469 4320 τὸν
2488 4268 2786 4322 ἀκόλαστον
2815 4267 3035 4338 ὄλεθρον
3057 4267 3254 4332 ειδότες
3280 4270 3405 4339 (3‘).
3439 4266 3532 4331 Είς
3558 4267 3772 4340 ταύτην

506 4355 650 4420 ipsos
684 4367 780 4422 per
816 4358 1187 4423 paenitentiam
1219 4360 1405 4416 durius
1453 4363 1910 4430 animadvertunt,
1954 4380 2076 4420 cum

2189 4359 2298 4430 γὰρ
2323 4361 2468 4431 ἡμᾶς
2493 4361 2594 4428 τὴν
2633 4359 2834 4430 ἀκριδῆ
2879 4359 3110 4430 βάσανον
3139 4357 3425 4429 ἐμϐάλλων
3451 4360 3476 4412 ὁ
3501 4358 3767 4430 Χριστὸς,

505 4447 700 4509 sciant,
744 4447 792 4500 ei
828 4449 916 4517 qui
954 4453 1128 4518 poenis
1171 4467 1276 4506 non
1325 4454 1660 4520 emendetur,
1707 4455 1930 4510 exitium
1975 4456 2076 4511 im-

503 4539 757 4606 pendere.
810 4538 869 4592 in
920 4540 1020 4596 hoc
1057 4542 1220 4610 igitur
1264 4555 1572 4598 accuratum
1612 4561 1834 4601 examen
1877 4548 2079 4601 immit-

508 4640 627 4683 tens
669 4645 765 4686 nos
804 4631 1078 4696 Christus,
1121 4633 1297 4688 dixit:
1337 4654 1354 4686 ι
1386 4636 1522 4700 Quid
1549 4637 1698 4691 vides
1729 4637 1986 4693 festucam
2019 4639 2071 4692 in

501 4719 655 4773 oculo
690 4717 874 4775 fratris
913 4721 1018 4787 tui;
1050 4723 1254 4779 trabem
1300 4734 1500 4791 autem,
1543 4741 1660 4796 quae
1708 4726 1760 4781 in
1792 4727 1948 4782 oculo
1982 4736 2072 4782 tuo

2187 4452 2322 4522 ἔφη·
2363 4472 2380 4504 t
2409 4453 2473 4505 Τί
2505 4451 2722 4523 βλέπεις
2759 4453 2819 4504 τὸ
2854 4453 3066 4525 κάρφος
3102 4451 3163 4505 τδ
3187 4454 3242 4504 ὲν
3267 4451 3344 4523 τῷ
3379 4450 3644 4521 ὀφθαλμῷ
3671 4447 3769 4505 τοῦ

2187 4542 2415 4612 ἀδελφοῦ
2453 4559 2578 4595 σου·
2631 4542 2727 4612 τὴν
2773 4542 2830 4595 δὲ
2874 4545 2929 4596 ἐν
2971 4542 3048 4613 τῷ
3079 4542 3156 4613 σῷ
3201 4540 3462 4615 ὀφθαλμῷ
3500 4539 3656 4592 δοκὸν
3703 4540 3766 4592 οὐ

2186 4634 2501 4698 κατανοείς;
2546 4653 2564 4685 ι
2600 4634 2673 4686 Οὐ
2707 4633 2815 4703 γάρ
2845 4634 3114 4703 προσήκει
3158 4631 3264 4685 τῶν
3296 4631 3469 4684 ἄλλων
3501 4625 3643 4682 εῖναι
3674 4645 3766 4683 πι-

2183 4725 2316 4796 κρὸν
2356 4725 2615 4796 δικαστὴν
2647 4724 2739 4777 τὸν
2765 4724 2833 4776 τὰ
2865 4726 3040 4778 οἰκεῖα
3069 4722 3418 4795 παρορῶντα.

501 4821 603 4876 est,
635 4826 740 4866 non
785 4814 1260 4870 animadvertis?»
1299 4815 1484 4886 Neque
1517 4819 1660 4872 enim
1714 4820 1982 4886 convenit,
2015 4827 2074 4875 ut
2114 4819 2344 4874 aliorum
2374 4817 2599 4872 acerbus
2665 4818 2732 4872 sit
2766 4816 2956 4887 jutlex,
2999 4817 3088 4886 qui
3122 4814 3342 4886 propria
3374 4811 3598 4882 (errata)
3668 4824 3766 4866 ne-

501 4903 671 4972 gligit.

569 5081 614 5113 ⁹⁰
631 5081 760 5136 Luc.
799 5083 980 5150 *1,61.

1597 5262 1824 5316 γΑιιιίΕ
1857 5261 2239 5320 LECTIONES
2285 5265 2369 5318 ΕΤ
2413 5262 2645 5319 ΝΟΤᾸΕ.

576 5435 650 5504 (l)
681 5434 823 5489 inter
853 5437 1049 5490 ἐκεῖνοι
1079 5447 1130 5490 et
1165 5438 1309 5505 μόνοι
1332 5439 1466 5490 idem
1503 5442 1622 5492 cod.
1649 5441 1836 5492 inserit
1866 5456 1974 5507 μοι,
2011 5450 2063 5493 et

507 5521 669 5578 )‘ers._
693 5515 815 5578 post
855 5509 1013 5578 tertio
1037 5548 1052 5572 ,
1087 5509 1226 5562 inter
1273 5509 1586 5578 παραδόξων
1620 5520 1671 5562 et
1719 5511 2066 5578 λοχευμάτων

510 5574 721 5630 iniiudit
752 5576 878 5630 τῶν.
918 5577 1125 5632 Possm.

581 5646 656 5706 (Ξ)
699 5645 793 5702 Ed.
830 5647 1024 5708 Paris.,
1056 5647 1312 5712 ἀκούσας.
1349 5648 1505 5704 Eutr.

585 5715 660 5785 (ὅ)
689 5714 791 5772 Ρτο
819 5719 873 5772 τὸ
902 5719 944 5772 δ’
972 5718 1264 5787 ἀλλοτρίων
1305 5721 1421 5775 cod.
1461 5718 1577 5774 Vat.
1611 5720 1734 5789 legit
1767 5721 1870 5775 τῶν
1899 5723 1941 5775 δ’
1973 5721 2065 5773 ἁλι

2175 5440 2420 5508 λοτρῖων.
2459 5439 2666 5494 Possm.

2241 5505 2335 5578 (3‘)
2366 5509 2468 5563 Pro
2499 5511 2587 5562 τὸν
2621 5509 2774 5563 ἀκολ.
2822 5509 2900 5561 ml.
2946 5509 3084 5562 idem
3121 5507 3309 5578 serihit
3345 5506 3412 5578 sb
3453 5505 3756 5578 ἀκόλαστον

2075 5633 2080 5638 ,
2170 5576 2411 5652 ὀλέθριον
2460 5589 2513 5634 et
2567 5598 2706 5636 vers.
2738 5583 2942 5650 penult.
2982 5595 3065 5650 ep.
3104 5595 3200 5650 pro
3232 5577 3339 5630 τῶν
3386 5576 3559 5630 ἄλλων
3594 5578 3759 5634 habet

2168 5651 2272 5702 τῶν
2301 5651 2474 5713 πέλας
2536 5652 2608 5704 lu.
