3976 6466
459 373 479 431 I
489 372 594 435 079

1659 368 1723 431 S.
1768 368 2062 429 ISIDORI
2102 368 2553 431 PELUSIOTE

3592 362 3725 429 1030

456 484 846 548 desiderabat.)
878 481 1057 538 Primo
1087 484 1301 553 quidem
1334 496 1454 538 cum
1493 498 1599 539 non
1635 482 1877 538 dedisset
1901 497 2030 552 ope-

2165 500 2288 537 νατο.
2317 483 2379 536 Ei
2407 484 2516 555 γὰρ
2546 483 2641 539 καὶ⁷
2673 481 2771 546 τὰς
2793 482 3064 552 εὐλογίας,
3096 482 3161 547 ἃς
3186 481 3491 552 πέπρακεν,
3525 482 3727 535 ἀνακο-

460 591 573 629 ram
617 575 825 643 virtuti,
855 587 908 633 et
952 585 1133 631 tamen
1170 577 1601 633 benedictionem
1637 579 1782 633 velut
1812 577 2034 633 baredi-

458 672 572 717 tate
612 677 805 733 capere
836 665 1116 730 voluisset,
1156 680 1260 734 qua
1295 679 1353 720 se
1384 665 1660 734 indignum
1688 666 2029 736 prmbuerat;

458 753 650 809 deinde
709 769 839 812 vero
891 771 1013 811 cum
1062 757 1226 811 etiam
1282 756 1334 809 id
1384 759 1625 811 muneris
1664 755 2027 819 vendidisset;

2144 572 2410 643 μίσασθαι
2431 572 2529 643 οὐχ
2555 566 2666 636 οἶός
2696 574 2742 626 τ’
2774 568 2862 643 ἦν,
2899 572 3013 625 ἀλλ’
3051 567 3145 625 οὖν
3171 588 3235 640 γε
3267 570 3450 632 ἄλλοις
3486 569 3557 623 ἂν
3599 585 3723 622 στε-

2144 662 2337 732 φάνοις
2376 662 2656 735 ἐκοσμήθη
2680 679 2693 693 ⁸
2721 664 2814 717 καὶ
2844 662 3059 734 πρῶτον
3086 663 3187 733 μὲν
3216 660 3295 732 τῷ
3320 657 3413 715 τὸν
3436 659 3572 713 Θεὸν
3599 659 3726 712 ἵλεω

2142 752 2308 824 ἔχειν.
2358 755 2579 825 Ἐπειδὴ
2610 754 2665 808 δὲ
2696 754 2894 825 ἀρετῆς
2928 754 3025 824 μὲν
3059 754 3160 807 οὐκ
3192 750 3533 824 ἐφρόντιζεν.
3571 750 3726 804 εὐλο-

460 844 618 899 tertio
645 845 807 902 etiam
835 862 864 901 a
895 855 1135 916 tempore
1163 846 1356 901 merito
1379 846 1628 901 exclusus
1658 845 1863 901 fuisset.
1896 842 2033 899 Nam

2165 845 2272 899 ἰὧν
2315 845 2361 899 δ’
2387 846 2723 899 ἀντεποιεῖτο
2760 843 2868 899 τῶν
2915 846 2981 916 τῇ
3029 843 3197 915 ἀρετῇ
3239 839 3725 914 χρεωστουμένων,

457 932 501 988 si
536 948 724 991 revera
774 952 838 993 ac
880 939 1021 993 serio
1060 937 1435 1008 paenitentiam
1480 938 1695 1007 egisset,
1739 922 2033 1005 etupriores

2170 936 2363 999 ίκότως
2395 936 2682 1005 ἀπέτυχεν.

475 1038 641 1095 apsus
700 1041 887 1082 omnes
943 1026 1228 1097 posteriori
1289 1026 1612 1082 strennitate
1666 1024 2034 1092 correxisset,
2081 1040 2188 1080 non
2232 1025 2424 1081 fuisset
2475 1041 2503 1079 a
2570 1025 2679 1080 Deo
2734 1024 3030 1094 neglectus.
3102 1022 3262 1079 Dives
3305 1025 3447 1079 enim
3500 1038 3622 1079 cum
3657 1022 3730 1077 sit

461 1115 622 1183 Deus,
651 1125 707 1172 et
734 1118 855 1174 aliis
892 1120 1132 1175 abundet
1164 1119 1403 1190 pluribus
1436 1119 1672 1186 coronis,
1713 1118 1874 1174 aliter
1898 1134 2114 1191 quoque
2158 1120 2331 1189 ipsum
2401 1134 2599 1176 ornare
2666 1119 2945 1188 potuisset.
3014 1118 3255 1174 Tametsi
3308 1120 3453 1173 enim
3501 1117 3725 1172 benedi-

458 1206 688 1274 ctiones,
718 1223 853 1279 quas
905 1209 1261 1273 vendiderat,
1315 1223 1635 1276 recuperare
1670 1222 1777 1263 non
1824 1208 2108 1278 potuisset,
2140 1208 2261 1264 aliis
2312 1217 2493 1263 tamen
2525 1206 2741 1263 coronis
2803 1218 3029 1264 ornatus
3094 1209 3320 1264 luisset:
3354 1224 3419 1263 ac
3489 1209 3725 1278 primum

464 1299 680 1368 quidem
725 1299 835 1363 illa,
865 1301 1008 1370 quod
1040 1302 1326 1371 propitium
1357 1301 1637 1356 habuisset
1672 1302 1859 1356 Deum.
1937 1299 2072 1367 Quia
2153 1316 2285 1356 vero
2334 1300 2549 1356 virtutis
2604 1298 2750 1355 nulla
2803 1301 3124 1372 tangebatur
3172 1316 3323 1365 cura,
3365 1301 3459 1355 sed
3513 1311 3722 1357 tantum

466 1392 870 1448 benedictioncs
897 1393 998 1447 sibi
1036 1392 1365 1455 vindicabat,
1411 1406 1528 1461 qunc
1572 1402 1750 1446 tamen
1794 1407 1903 1446 non
1940 1392 2040 1447 nisi
2109 1392 2297 1447 virtuti
2351 1392 2648 1458 debentur,

467 1495 552 1535 tus
584 1488 687 1535 est.

821 1589 1035 1646 XXVII.
1069 1620 1136 1633 -—
1167 1588 1682 1647 OLYMI’IODORO.

466 1702 676 1775 Graecos
718 1720 809 1772 per
852 1721 913 1758 ea
958 1705 1080 1775 ipsa
1124 1715 1454 1775 argumenta,
1498 1720 1592 1771 per
1637 1718 1756 1771 qua:
1803 1704 2043 1757 ridentur

2731 1391 2926 1448 merite
2985 1394 3099 1446 suis
3148 1390 3433 1446 desideriis
3492 1390 3725 1445 frustra-

2536 1593 2661 1648 KZ'.
2700 1622 2770 1632 ——
2808 1592 3318 1663 ΟΛΥΜΠΙΟΔΩΡῼ.

2148 1706 2270 1759 Ὀτι
2339 1706 2657 1773 Ἕλληνες,
2705 1699 2893 1759 δι’ὦν
2933 1706 3005 1759 τὰ
3054 1704 3428 1773 Χριστιανῶν
3473 1705 3732 1759 δοκοῦσι

536 1771 865 1852 Christiana
889 1774 1154 1843 religionis
1189 1771 1436 1845 dogmata
1470 1782 1777 1841 extenuare,
1813 1782 2041 1829 suasmet

2221 1771 2596 1845 σμικρύνειν,
2646 1776 2743 1831 διὰ
2789 1778 3016 1831 τούτων
3063 1771 3135 1829 τὰ
3181 1775 3414 1830 ἑαυτῶν
3462 1777 3713 1844 ἀνατρέ-

536 1859 615 1897 res
642 1851 890 1898 evertere.

541 1976 705 2032 Miror
728 1978 1002 2049 equidem,
1032 1979 1120 2049 qui
1157 1978 1270 2046 flat,
1297 1978 1439 2049 quod
1488 1992 1592 2032 non
1638 1980 1815 2033 solum
1861 1977 1919 2041 ii,
1951 1977 2042 2046 qui

471 2070 612 2124 inter
636 2068 853 2124 Graecos
878 2070 1038 2125 rudes
1069 2080 1196 2126 sunt
1217 2081 1382 2141 atque
1402 2080 1653 2139 expertes
1682 2069 2035 2134 eruditionis,

473 2174 661 2215 verum
698 2162 862 2217 etiam
900 2161 976 2216 illi
1012 2163 1103 2232 qui
1129 2162 1451 2233 sapientiam
1484 2162 1826 2231 profitentur,
1857 2172 1910 2217 et
1951 2176 2043 2216 or-

470 2262 595 2308 nate
620 2253 830 2309 dicendi
868 2254 1060 2325 peritia
1096 2271 1154 2311 se
1176 2256 1409 2323 jactant,
1440 2264 1493 2309 et
1520 2254 1819 2310 dialecticae
1849 2253 2041 2323 cogni-

470 2344 617 2398 tione
653 2343 972 2416 gloriantur,
1012 2356 1067 2401 et
1109 2346 1435 2417 syllogismis
1462 2346 1788 2408 innituntur.
1821 2356 1876 2399 et
1921 2360 2043 2400 cum

471 2448 534 2490 ea
568 2450 688 2506 qua
738 2435 1242 2493 ratiocinationibus
1291 2438 1651 2492 adversantur
1685 2436 1925 2501 videant,
1971 2450 2050 2490 re-

472 2538 591 2579 rum
627 2534 806 2580 tamen
847 2526 1252 2596 repugnantiam
1284 2542 1388 2581 non
1430 2526 1908 2593 animadvertunt;
1956 2526 2045 2595 qui

472 2613 587 2680 flat,
622 2614 867 2684 inquam,
907 2617 1050 2683 quod
1090 2616 1141 2672 hi
1190 2631 1294 2671 non
1338 2610 1714 2681 sentiant,'se,
1744 2616 1870 2672 dum
1902 2617 2046 2670 divi-

470 2720 599 2759 ιιιιιιι
641 2706 968 2774 praeconium
999 2704 1276 2777 Evangelii
1317 2717 1649 2779 oppugnant,
1688 2723 1753 2763 eo
1790 2708 1905 2779 ipso
1937 2724 2048 2763 ma-

471 2796 555 2865 gis
606 2796 926 2867 semetipsos
956 2796 1303 2867 pudefacere.
1347 2797 1511 2853 Aﬂ‘ert
1562 2798 1710 2853 enim
1749 2798 1905 2853 victis
1949 2797 2045 2851 ali-

472 2884 598 2954 quid
638 2886 953 2945 ambitionis
998 2896 1055 2942 et
1096 2888 1344 2954 honoris,
1386 2904 1574 2945 eorum
1622 2906 1652 2945 a
1699 2890 1895 2962 quibus
1924 2888 2053 2944 victi

470 2984 597 3031 sunt
618 2978 957 3034 excellentia.
986 2979 1053 3037 At
1074 2979 1177 3049 ipsi
1207 2980 1356 3035 aiunt
1379 2990 1651 3035 mortuum
1682 2997 1805 3037 esse
1844 2980 2050 3046 Iesum,

477 3075 534 3121 ut
596 3067 784 3140 ingens
828 3069 1053 3125 deorum
1103 3072 1389 3140 gentilium
1454 3071 1740 3127 multitudo
1788 3073 1891 3128 hoc
1936 3073 2052 3141 ipso

2220 1862 2461 1900 πουσιν.

2220 1975 2518 2045 Θαυμάζω,
2565 1974 2713 2038 ὅπως
2742 1975 2803 2027 οὐ
2854 1973 3013 2044 μόνον
3046 1974 3095 2027 οἱ
3127 1972 3464 2037 παιδεύσεως
3511 1975 3735 2045 ἄμοιροι

2149 2066 2258 2120 τῶν
2296 2066 2591 2137 Ἑλλήνων,
2636 2065 2773 2120 ἀλλὰ
2812 2066 2907 2119 καὶ
2941 2067 2989 2119 oi
3027 2065 3221 2135 σοφίαν
3245 2064 3734 2136 ἐπαγγελλόμενοι,

2150 2158 2243 2211 καὶ
2267 2159 2312 2210 oi
2348 2158 2440 2211 ἐπὶ
2472 2157 2780 2229 εὐγλωττίᾳ
2812 2156 3260 2227 ὲναόρυνόμενοι,
3302 2158 3395 2209 ἐπὶ
3419 2155 3734 2228 διαλεκτικῇ

2149 2264 2209 2299 τε
2254 2247 2565 2316 αὐχοῦντες,
2610 2249 2705 2300 καὶ
2750 2246 3132 2316 συλλογισμοῖς
3171 2240 3599 2316 ἐπερειδόμεν⁹οι,
3639 2248 3738 2300 καὶ

2150 2339 2249 2403 τὰς
2286 2339 2386 2409 μὲν
2412 2338 2759 2402 ἐναντιώσεις
2787 2338 2894 2397 τῶν
2930 2337 3209 2407 λογισμῶν
3252 2337 3509 2408 ὁρῶντες,
3547 2338 3648 2401 τὰς
3679 2339 3738 2392 δὲ

2151 2432 2257 2485 τῶν
2289 2434 2630 2507 πραγμάτων
2652 2432 2726 2503 μὴ
2754 2431 3119 2503 καθορῶντες,
3143 2432 3242 2485 οῦκ
3264 2433 3637 2498 αἰσθάνονται,
3667 2434 3740 2487 δι’

2150 2516 2224 2576 ὧν
2255 2524 2315 2577 τὸ
2354 2524 2617 2594 κήρυγμα
2650 2523 2710 2577 τὸ
2744 2522 2885 2577 θεῖον
2916 2523 3363 2588 κατατοξεύουσι,
3411 2524 3500 2577 διὰ
3530 2525 3742 2578 τούτων

2155 2616 2354 2685 μᾶλλον
2383 2616 2610 2677 ἑαυτοὺς
2642 2613 3118 2684 καταισχύνοντες.
3142 2614 3301 2697 φέρει
3334 2617 3443 2687 γάρ
3468 2633 3591 2668 τινα
3620 2618 3737 2687 (Η)

2155 2708 2468 2777 φιλοτιμίαν
2493 2709 2606 2770 τοῖς
2632 2706 3085 2778 κεκρατημένοις,
3120 2707 3151 2776 ἡ
3179 2706 3285 2759 τῶν
3314 2708 3744 2777 κεκρατηκότων

2155 2800 2420 2870 ὑπεροχή.
2450 2799 2618 2851 Αὐτοὶ
2651 2796 2707 2851 δὲ
2739 2797 3009 2869 φάσκουσι
3042 2796 3233 2869 νεκρὸν
3267 2796 3356 2849 τὸν
3398 2796 3628 2867 Ἰησοῦν,
3656 2798 3748 2852 ἵνα

2158 2887 2355 2961 νεκροῦ
2404 2889 2695 2961 ἀποφανθῇ
2752 2890 2861 2963 τῶν
2913 2888 3045 2960 παρ’
3084 2888 3269 2951 αὐτοῖς
3319 2887 3458 2941 θεῶν
3502 2889 3530 2940 ὁ
3570 2889 3747 2959 δῆμος

2157 2984 2568 3054 ἁδρανέστερος.
2617 2980 2962 3051 κωμῳδοῦσι
2993 2980 3084 3034 τὸν
3117 2980 3369 3052 σταυρὸν,
3407 2980 3494 3034 ἵνα
3546 2998 3750 3053 κωμῳ-

2155 3073 2357 3143 δηθῶσι
2388 3074 2767 3144 σφοδρότερον,
2796 3072 3008 3143 ἀτίμως
3045 3072 3452 3145 πεπορθημένοι
3480 3073 3579 3125 καὶ
3605 3090 3751 3128 νενι-

472 3158 780 3215 declaretur
801 3160 964 3216 etiam
990 3172 1204 3217 mortuo
1230 3161 1573 3217 imbecillior.
1600 3160 1838 3218 llludunt
1866 3162 2046 3228 cruci,

2165 3165 2386 3235 κημένοι
2448 3163 2689 3235 σταυρῷ.
2754 3163 3076 3217 Σκώπτουσι
3120 3163 3217 3235 τὴν
3267 3163 3379 3217 τῶν
3430 3164 3751 3218 ἀποστόλων

476 3257 536 3303 ιιι
562 3248 663 3318 ipsi
693 3250 868 3320 magis
895 3250 1057 3307 etiam
1092 3252 1448 3309 traducantur
1473 3262 1527 3308 et
1552 3254 1786 3310 ludibrio
1808 3254 2048 3310 habean—

480 3351 586 3405 tur,
621 3341 819 3412 quippe
858 3342 949 3414 qui
988 3344 1327 3415 ignominose
1376 3361 1404 3397 a
1448 3360 1607 3401 cruce
1644 3349 1934 3417 expugnati
1981 3346 2052 3401 vi-

477 3433 659 3500 ctique
710 3434 836 3488 sint.
872 3434 1040 3506 428
1084 3436 1424 3506 Exprobrant
1482 3438 1637 3493 uobis
1688 3437 2052 3507 apostolorum

481 3523 794 3589 ruditatem,
828 3534 887 3579 ut
933 3535 1081 3581 tanto
1112 3527 1454 3597 conspectius
1483 3529 1554 3583 sit
1597 3529 1876 3596 probrum,
1912 3528 2053 3597 quod

480 3610 853 3670 celeberrimis
910 3615 1149 3686 ipsorum
1208 3619 1547 3696 sapientibus
1591 3619 1901 3689 ingeritur,
1964 3620 2054 3688 qui

483 3703 815 3772 plebeiorum
848 3707 1129 3763 hominum
1161 3709 1421 3765 doctrina:
1445 3726 1635 3765 manus
1657 3710 1923 3765 dederint.
1954 3710 2055 3766 Ve-

486 3797 781 3853 nerandtuu
818 3798 1020 3855 Christi
1046 3799 1353 3870 sepulcrum
1387 3802 1673 3857 cachinnis
1694 3802 2059 3871 petulantibus

484 3888 781 3957 excipiunt,
825 3901 883 3945 ut
916 3907 980 3946 eo
1013 3892 1184 3961 magis
1216 3894 1324 3948 risu
1359 3892 1519 3961 digna
1557 3893 1689 3947 fiant
1726 3894 1962 3962 ipsorum
2000 3892 2061 3946 il-

491 3979 675 4034 lustria
709 3982 925 4051 templa,
957 3984 1154 4055 quippe
1179 3999 1300 4055 quae
1345 3984 1524 4039 deriso
1549 3984 1614 4039 ab
1641 3984 1770 4053 ipsis
1798 3984 2059 4039 cesserint

2159 3256 2435 3327 ἀμαθίαν,
2486 3256 2571 3309 ἵνα
2627 3255 3009 3326 λαμπρότερον
3056 3256 3103 3307 ei
3158 3253 3548 3325 θρυλλούμενοι
3615 3255 3750 3321 παρ’

2163 3347 2345 3401 αὐτῶν
2371 3345 2766 3418 στηλιτευθῶσι
2799 3345 2976 3415 σοφοὶ,
3008 3344 3229 3398 ἰδιωτῶν
3257 3344 3467 3415 ἀνδρῶν
3486 3344 3756 3400 διδασκα-

2163 3439 2254 3511 λίᾳ
2298 3438 2641 3511 ἡττηθέντες.
2697 3436 2801 3489 Τὸν
2835 3436 2929 3490 τοῦ
2979 3435 3219 3507 Χριστοῦ
3269 3434 3751 3507 προσκυνούμενον

2164 3533 2483 3603 χλευάζουσι
2515 3532 2705 3600 τάφον,
2733 3530 2800 3582 ἵν’
2824 3530 2874 3583 οἱ
2902 3531 3033 3600 παρ’
3050 3530 3233 3591 αὐτοῖς
3264 3531 3589 3599 περιφανεῖς
3607 3530 3750 3594 ναοὶ,

2165 3618 2381 3685 γέλωτα
2416 3616 2680 3685 ὀφλείωσι
2712 3614 2824 3685 (12)
2884 3614 3129 3685 μείζονα,
3162 3612 3544 3684 χλευαζομένῳ
3573 3629 3755 3684 παρα-

2166 3709 2521 3781 χωρήσαντες
2549 3707 2727 3777 τάφῳ.
2758 3704 2968 3769 Παντὸς
2998 3704 3461 3775 ἐπιλαμϐάνονται
3492 3704 3569 3767 ὼς
3596 3706 3755 3758 εὐτε-

2168 3797 2293 3862 λοῦς
2313 3798 2407 3851 τοῦ
2440 3797 2818 3871 κηρύγματος,
2847 3796 2937 3850 ἵνα
2966 3797 3037 3849 τὰ
3080 3796 3211 3867 παρ’
3255 3796 3439 3859 αὐτοῖς
3474 3797 3756 3866 περιφανῆ

2169 3888 2331 3942 πλέον
2360 3888 2498 3958 ὀφθῇ
2527 3886 3061 3956 καταγελαστότερα,
3093 3888 3159 3958 τῇ
3199 3886 3308 3939 τῶν
3334 3885 3570 3939 εὐτελῶν
3617 3887 3757 3939 ὑπο-

2169 3979 2416 4049 κύψαντα
2443 3979 2626 4049 φύσει.

488 4070 757 4139 sepulcro.
792 4071 987 4141 Atque,
1018 4082 1075 4127 ut
1105 4076 1292 4143 paucis
1332 4074 1629 4139 absolvam,
1702 4082 1874 4129 totum
1919 4072 2321 4143 reprehendunt
2368 4071 2701 4140 praeconium
2771 4068 3072 4139 Evangelii,
3128 4076 3328 4125 utrem
3361 4069 3519 4123 vilem
3590 4080 3758 4140 atque

491 4163 777 4231 abiectam,
814 4173 873 4218 ut
920 4165 1181 4236 quidquid
1213 4167 1353 4237 apud
1398 4168 1548 4237 ipsos
1592 4177 1677 4223 est
1714 4167 1944 4233 illustre,
1999 4168 2050 4223 id
2089 4180 2249 4223 omne
2294 4164 2466 4235 magis
2514 4165 2760 4218 videatur
2809 4161 3188 4225 deridendum,
3263 4162 3519 4231 quoniam
3569 4175 3759 4217 rerum

492 4255 676 4310 vilium
715 4257 796 4324 (ut
830 4256 929 4326 ipsi
967 4258 1137 4327 aiunt)
1178 4268 1383 4314 natura:
1416 4259 1787 4317 succubuerit.

668 4366 905 4422 XXVIII.
939 4400 1005 4408 —
1038 4368 1444 4426 ESCULAPIO
1484 4368 1867 4426 8οΡΗ18ΤᾸΞ..

1091 4477 1162 4533 De
1196 4480 1375 4533 eadem
1408 4495 1477 4531 re.

568 4609 727 4680 Fugit
758 4610 897 4665 ratio
945 4609 1183 4673 Graecos,
1216 4612 1305 4680 qui
1357 4625 1461 4665 non
1512 4611 1971 4675 animadvertunt,
2016 4626 2075 4667 se

498 4714 590 4766 per
626 4711 687 4751 ea
728 4712 845 4767 quae
882 4698 1109 4768 (contra
1156 4697 1518 4768 Christianos)
1561 4698 1834 4765 aderunt,
1875 4710 2067 4756 semet-

2494 4367 2631 4421 KH'.
2663 4396 2733 4407 -
2767 4364 3129 4435 asumma
3164 4363 3472 4433 ΣΟΦῙΣΤῌ.

2710 4478 2844 4544 Περὶ
2877 4475 2984 4530 τοῦ
3016 4474 3224 4530 αὐτοῦ.

2250 4611 2619 4666 Λανθάνουσιν
2682 4611 2952 4681 Ἑλλήνων
3000 4609 3208 4673 παῖδες,
3254 4609 3320 4663 δι’
3360 4602 3435 4663 ὧν
3485 4608 3761 4676 λέγουσιν,

2180 4703 2406 4767 ἑαυτοὺς
2436 4702 2856 4773 ἀνατρέποντες.
2903 4700 3326 4764 Ἑξευτελίζουσι
3352 4700 3459 4770 γὰρ
3487 4699 3586 4769 τὴν
3608 4697 3765 4752 θείαν

501 4790 644 4857 ipsos
692 4799 955 4843 evertere.
1011 4787 1147 4843 Nam
1202 4804 1299 4859 pro
1359 4789 1525 4844 nihilo
1577 4790 1875 4847 habendam
1924 4793 2047 4847 aiun

2180 4794 2422 4864 Γραφὴν,
2455 4794 2529 4856 ὼς
2558 4792 2981 4864 βαρϐαρόφωνον
3021 4792 3158 4861 (15),
3191 4791 3285 4845 καὶ
3315 4790 3760 4861 ὀνοματοποιίαις

1522 4957 1541 4976 ’
1603 4967 1837 5023 VARUS
1873 4968 2258 5027 LECTIONES
2300 4970 2385 5026 ΕΤ
2428 4968 2658 5025 NOTAE.

578 5125 688 5190 (ll)
725 5122 1000 5177 Sententia
1032 5123 1391 5191 pulcherrima
1414 5166 1427 5188 ,
1459 5138 1525 5179 ex
1559 5141 1663 5192 qua
1699 5125 1827 5179 illud
1875 5142 2058 5182 mana-

507 5196 582 5245 vit
613 5208 640 5245 a
679 5208 888 5263 summo
919 5203 1071 5261 poeta
1109 5194 1309 5246 dictum
1336 5209 1431 5263 pro
1459 5197 1653 5250 solatio
1689 5209 1812 5251 ι.ςιι
1846 5211 1858 5248 :

680 5262 869 5331 Αῖιιείε
902 5265 1078 5331 magni
1099 5264 1280 5331 dextra
1310 5262 1479 5319 cadis.

712 5330 813 5407 Pio
833 5330 1087 5407 ὀφλείωσι
1111 5334 1231 5407 eqd.
1256 5330 1377 5407 Vat.
1398 5335 1831 5407 Ιεείιὸφλήσωσι.
1861 5337 2066 5391 Passtx.

581 5401 692 5478 (135)
752 5402 871 5478 Τὴν
918 5402 1115 5478 θείανΔ
1132 5401 1408 5478 passim,
1452 5401 2065 5478 drcﬁape’apdgpwrov.

510 5470 712 5548 Confer
735 5473 892 5538 epist.
948 5473 1039 5548 δῖ.
1088 5471 1147 5525 9i
1188 5483 1242 5548 et
1299 5470 2065 5548 I40.“Vulgatissimumnlim

511 5542 845 5605 convicium,
877 5544 1016 5612 quoi
1068 5541 1237 5612 sacris
1289 5551 1343 5597 et
1395 5541 1592 5599 divinis
1619 5547 1844 5603 Litteris
1896 5546 2061 5602 facie-

512 5612 641 5682 baﬁut
694 5611 904 5682 pagani
946 5621 1001 5665 et
1058 5611 1330 5682 infideles.
1402 5614 1527 5670 illud
1587 5627 1735 5682 erat,
1792 5617 2067 5672 barbaris-

516 5681 620 5759 tnis
658 5696 736 5759 .ac
796 5681 1121 5759 solmcisgris
1174 5696 1266 5759 eas
1300 5693 1547 5759 seatere.
1587 5687 1685 5759 λιι)
1725 5681 1842 5743 hoc
1906 5689 2069 5756 igitur

516 5750 744 5806 crimine
768 5762 970 5809 veteres
1000 5751 1251 5809 Ecclesia:
1283 5752 1531 5811 deelores
1578 5750 2065 5819 Scripturam'divi-

2172 5129 2319 5183 nitus
2374 5126 2693 5195 inspiratam
2746 5139 2801 5182 ut
2858 5130 3182 5193 liberarent,
3242 5130 3406 5183 multa
3462 5130 3766 5185 attulerunt.

2172 5214 2288 5264 «prae
2322 5214 2385 5253 cx
2421 5200 2656 5266 ipsorum
2694 5198 2843 5251 libris
2890 5210 2973 5252 est
3004 5209 3205 5266 petere.
3241 5196 3372 5269 \[ide
3409 5214 3528 5253 cum
3570 5202 3764 5269 primis

2174 5270 2470 5322 Arnobium
2500 5269 2591 5323 lib.
2630 5269 2919 5321 tarlversus
2950 5278 3147 5337 gentes.
3179 5279 3231 5322 et
3260 5268 3604 5323 Lactantium
3635 5270 3761 5324 Fir-

2182 5338 2419 5392 miauum
2454 5338 2544 5393 lib.
2582 5354 2654 5399 νι,
2691 5352 2809 5403 cap.
2842 5338 2930 5391 21.
2965 5346 3018 5391 et
3048 5340 3098 5391 iu
3144 5339 3385 5404 Epitoma
3414 5337 3593 5391 Dicin.
3646 5339 3761 5393 ins-

2178 5411 2285 5471 tit.,
2317 5424 2437 5473 cap.
2472 5408 2525 5471 5,
2566 5409 2653 5462 ubi
2689 5424 2784 5477 pro
2813 5408 3000 5468 dubia,
3048 5407 3189 5471 quod
3238 5410 3289 5462 in
3317 5409 3570 5461 omnibus
3622 5425 3761 5478 quas

2176 5478 2285 5533 vidi
2314 5478 2641 5533 editionibus
2670 5486 2751 5532 est
2777 5520 2791 5541 ,
2823 5478 3009 5547 procul
3035 5478 3200 5532 dubio
3229 5478 3511 5547 legendum
3537 5478 3759 5545 dulcia;

2174 5562 2335 5616 quam
2370 5549 2736 5616 conjecturam
2768 5563 2940 5602 meam
2976 5547 3131 5603 facile
3154 5548 3421 5616 probabit,
3453 5548 3541 5616 qui
3582 5560 3755 5605 totum

2178 5618 2349 5671 locum
2383 5620 2690 5688 accuratius
2721 5620 3043 5688 inSpexerit,
3086 5629 3137 5672 et
3167 5618 3457 5674 contulerit
3508 5633 3634 5674 cum
3669 5618 3754 5672 al-

2175 5695 2289 5811 ἶςϊό
2322 5687 2427 5811 (ιιιὲ
2445 5699 2525 5743 est
2555 5691 2644 5742 ub.
2680 5704 2728 5742 νι
2785 5687 2832 5744 ο.
2861 5689 2949 5743 ‘2l.
2984 5687 3182 5749 Confer
3208 5690 3396 5750 Isidor.
3431 5704 3517 5760 ep.
3557 5689 3670 5745 viret
3697 5688 3754 5757 5,

2198 5776 2210 5811 ι
2259 5774 2359 5811 .ιι.
2437 5774 2553 5811 nr.

2198 5774 2265 5812 ID.
2302 5774 2359 5817 Il.
2391 5774 2483 5812 ιιιι
2502 5776 2553 5815 τ.
