3976 6414
248 366 379 431 1085

1128 365 1666 430 EPISTOLARITM
1709 365 1851 425 LIB.
1895 363 1993 422 IV‘.
2025 385 2094 396 -
2131 357 2372 420 EPIST.
2399 354 2630 415 XXXV.

3404 341 3540 406 1036

243 484 367 553 γῆς,
414 481 552 536 ἀλλὰ
592 481 686 537 καλ⁴
728 482 960 553 ούρανοῦ
1011 482 1245 555 ἔρεισμα
1279 501 1339 536 τε
1395 483 1490 536 καὶ
1516 482 1823 550 ἀγλάϊσμα.

1934 476 2133 548 pellare
2163 489 2269 528 non
2293 471 2468 527 solum
2497 479 2681 531 terrae,
2720 463 2818 521 sed
2841 472 2895 520 et
2917 461 3040 518 cteli
3077 460 3310 515 fulcrum
3348 467 3402 513 et
3435 458 3541 511 iul-

243 574 354 645 Τήν
375 574 483 644 γὰρ
514 575 691 630 κτίσιν
721 578 906 631 πᾶσαν
929 575 1144 646 ἀνέσχε,
1169 577 1285 638 τοῖς
1313 575 1410 644 μὲν
1434 572 1826 644 ύττερκοσμίοις

242 666 438 735 χαράν,
458 668 576 730 τοῖς
595 667 640 720 δ’
667 667 934 736 ἐπιγείοις
964 666 1276 738 ἅλευθερίαν
1302 664 1706 738 πρυτανεύσας,
1736 662 1832 716 καὶ

241 753 310 809 τὰ
331 755 601 813 διιστῶτα
642 758 911 830 συνάψας.

503 956 629 1011 Al".
663 986 732 998 —
770 956 1078 1028 ΘΕΟΔΩΡῼ
1109 956 1565 1027 ΣΧΟΛᾹΣΤῘΚῼ.

779 1046 916 1114 Περὶ
955 1047 1284 1112 πολιτείας.

309 1138 374 1191 Ei
401 1139 766 1210 εὐγνωμόνως
795 1139 890 1192 καὶ
941 1138 1208 1209 νουνεχῶς
1243 1140 1483 1208 ἐντυχεῖν
1509 1133 1830 1208 ἐθελήσειας

239 1233 357 1294 ταῖς
401 1232 576 1301 ἱεραῖς
617 1232 882 1303 Γραφαίς,
918 1233 989 1294 δύ
1021 1231 1155 1303 πρὸς
1183 1230 1273 1284 τὸν
1306 1228 1488 1302 ἔρωτα
1535 1230 1636 1301 τῆς
1679 1229 1831 1292 θείας

241 1318 560 1390 φιλοσοφίας
609 1323 912 1393 ὁρμήσειας
942 1323 1123 1394 μόνον,
1170 1321 1308 1376 ἀλλὰ
1351 1321 1445 1376 καὶ
1479 1321 1617 1394 πρὸς
1659 1319 1830 1392 αὐτὴν

241 1409 346 1462 τῶν
366 1407 656 1481 δογμάτων
694 1414 794 1483 τήν
823 1412 1139 1483 ἐπιθυμίαν,
1167 1411 1260 1480 ἀφ’
1292 1405 1361 1483 ἦς
1385 1412 1418 1483 ἠ
1447 1410 1663 1483 οὐρανῷ
1695 1410 1829 1483 πρέ-

241 1518 415 1556 πουσα
446 1501 697 1558 πολιτεία
724 1503 839 1575 ἔχει
869 1504 968 1576 τήν
992 1503 1272 1560 ὑπόθεσιν.

779 1677 900 1736 Δι’.
940 1710 1010 1720 -
1044 1679 1298 1754 name.

381 1772 524 1839 Περὶ
551 1771 658 1826 τοῦ
687 1771 877 1826 αὐτοῦ
905 1771 992 1844 (id
1019 1783 1121 1838 est,
1149 1773 1284 1842 περὶ
1309 1774 1665 1845 πολιτείας).

311 1862 526 1934 Ὠσπερ
575 1864 667 1917 τὸν
697 1865 990 1936 φιλόσοφον
1028 1865 1127 1937 οὐχ
1168 1868 1200 1938 ἠ
1233 1867 1395 1938 στολή
1427 1869 1522 1921 καὶ
1556 1857 1830 1941 βακτηρία

239 1949 531 2016 δείκνυσιν,
584 1952 699 2006 ἀλλ’
739 1955 772 2025 ἡ
805 1955 1092 2026 παρρησία
1141 1955 1234 2008 καὶ
1276 1957 1310 2027 ἠ
1369 1957 1652 2011 πολιτεία’
1688 1955 1831 2012 οὕτω

241 2043 330 2097 καὶ
359 2044 452 2100 τὸν
473 2045 804 2117 Χριστιανὸν
831 2047 890 2100 οὐ
925 2047 1110 2119 σχῆμα
1135 2048 1228 2102 καὶ
1254 2048 1434 2119 λόγος,
1466 2050 1603 2106 ἀλλὰ
1629 2053 1831 2124 τρόπος

240 2135 328 2190 καὶ
358 2136 475 2207 βίος
504 2137 583 2208 τῷ
615 2137 762 2209 ὀρθῷ
794 2137 938 2210 λόγῳ
961 2139 1281 2210 ἐφάμιλλος.

521 2230 646 2285 ΛΕ’.
680 2260 753 2273 -
780 2231 989 2287 ΗΡΩΝΙ
1026 2232 1489 2307 ΣΧΟΛΑΣΤῘΚῼ.

238 2318 373 2397 Περὶ
413 2319 794 2397 (mactentur.
831 2317 906 2393 ἧς
935 2327 968 2377 ό
1012 2324 1339 2397 νομοθέτης
1381 2326 1690 2397 ἐμνήσθη·
1727 2329 1827 2384 καὶ

301 2395 390 2470 εἰς
414 2393 485 2445 τό
511 2409 524 2422 ·
557 2411 577 2444 ι
620 2394 961 2470 ’Ἀποστη-τε
988 2393 1299 2470 ἀρῇ-ἐμοῦ,
1326 2393 1552 2466 adhae-
1577 2401 1632 2452 οί
1648 2393 1824 2470 ἐργα-

303 2457 539 2530 ζόμενοι
573 2463 689 2530 τὴν
717 2457 977 2533 ἀνομίαν
1009 2457 1159 2537 (22).’
1198 2485 1218 2518 ι

306 2553 521 2625 Ὠσπερ
574 2556 606 2626 ἠ
662 2553 1006 2628 μυθευομένη
1057 2556 1168 2611 τῶν
1222 2558 1556 2630 ἑτερογενῶν
1607 2561 1824 2627 σύνοδος

237 2643 500 2698 ἀλλόκοτα
529 2643 711 2698 ἔτικτε
751 2644 999 2715 σώματα,
1038 2645 1396 2719 Μινώταυρον
1417 2666 1540 2703 τινα
1569 2650 1668 2704 καὶ
1698 2667 1822 2705 κεν-

234 2734 466 2806 ταύρους
487 2750 503 2766 ο
537 2727 614 2788 ὧν
645 2738 674 2790 6
702 2737 806 2806 μὲν
839 2736 965 2798 τοὺς
1017 2737 1297 2802 ’Δττικοὺς
1327 2738 1572 2794 ἐθοινᾶτο
1604 2741 1822 2807 παῖδας,

229 2829 276 2880 oi
296 2826 353 2880 δὲ
394 2826 498 2891 τάς
530 2826 818 2898 ἀλλοτρίας
840 2827 1091 2899 ἥρπαζον
1131 2829 1427 2896 γυναῖκας’
1459 2829 1633 2897 οὕτως
1666 2834 1760 2887 καὶ
1789 2834 1823 2904 ή

226 2917 333 2972 τῶν
354 2918 636 2972 κακίστων
663 2917 873 2990 ἀνδρῶν
904 2920 1184 2985 συνουσία,
1217 2919 1486 2977 ἀλλόκοτα
1516 2924 1612 2978 καλ⁵
1641 2925 1822 2980 άτοπα

229 3009 328 3080 ἤθη
379 3009 581 3074 τίκτει,
633 3009 836 3082 μικροῦ
883 3009 956 3064 τὰ
987 3011 1095 3065 τῶν
1151 3013 1468 3084 κενταύριον
1508 3016 1823 3087 μιμούμενα

227 3102 579 3173 τολμήματα.
615 3100 694 3155 Δι’
722 3101 751 3156 6
789 3102 883 3157 καὶ
911 3102 940 3155 6
967 3103 1222 3174 Μελῳδδς
1254 3105 1477 3172 τούτους
1508 3108 1822 3179 ἀπήλαυνεν

227 3193 302 3258 ὡς
349 3193 716 3266 πορρωτάτω,
785 3193 994 3265 λέγων’
1073 3211 1092 3247 ι
1143 3195 1444 3268 Ἀπόστητε
1509 3176 1621 3254 ἀπ’*
1662 3201 1820 3272 ἐμοῦ,
1849 3176 1892 3233 C

230 3284 431 3349 πάντες
458 3285 511 3338 oi
536 3284 898 3356 ἔργαξὸμενοι
917 3286 1016 3357 τήν
1038 3286 1290 3356 ἀνομίαν.
1321 3307 1341 3340 ι
1378 3289 1454 3342 Οὐ
1479 3289 1590 3362 γὰρ
1616 3291 1822 3362 μικρὰν

224 3378 508 3450 ἠτούτων
557 3377 818 3431 συνουσία
868 3378 1043 3456 τίκτει
1095 3377 1325 3452 βλάϐην,
1372 3381 1489 3436 ἀλλ’
1533 3385 1614 3448 εις
1652 3382 1825 3455 αὐτὴν

229 3476 548 3546 βλέπουσαν»
575 3476 676 3548 τήν
705 3476 907 3549 ψυχὴν,
934 3470 1003 3548 ἦς
1045 3476 1199 3530 οὐδὲν
1230 3476 1578 3552 τιμιώτερον.
1620 3480 1684 3534 El
1722 3481 1824 3552 μὲν

226 3563 339 3636 οὖν,
367 3568 446 3633 ὦς
491 3569 625 3637 φασί
675 3585 840 3634 τινες,
877 3567 1016 3639 ἔργα
1043 3570 1337 3638 γεγόνασιν
1387 3571 1438 3624 oi
1472 3570 1632 3642 μῦθοι
1676 3572 1764 3643 (δι’
1795 3572 1824 3627 ὃ

228 3663 319 3715 καὶ
367 3665 398 3716 6
432 3659 736 3731 νομοθέτης
765 3659 935 3726 τοῦθ’,
970 3663 1108 3734 ὅπερ
1143 3661 1416 3734 ἠθέλησας
1441 3663 1555 3738 (25)
1609 3665 1823 3736 μαθεῖν,

226 3753 508 3821 ἐθέσπισε,
561 3751 661 3822 τὴν
707 3751 843 3822 πρὸς
887 3750 1004 3816 ζῶα
1053 3750 1278 3806 κωλύων
1315 3751 1554 3821 σύνοδον,
1588 3754 1680 3807 καὶ
1721 3753 1825 3808 θα-

227 3847 371 3918 νάτῳ
419 3844 549 3908 τοὺς
601 3845 885 3908 συνιόντας
935 3843 1200 3909 κολάζων,
1232 3843 1375 3898 ὥστε
1427 3846 1501 3916 μή
1541 3847 1822 3920 τερατώδη

226 3937 508 3994 τίκτεσθαι
536 3938 787 4008 σώματα,
822 3937 917 3992 καὶ
949 3935 1259 4013 τραγῳδίας
1291 3937 1657 4009 βλαστάνειν),
1690 3939 1824 3993 θαυα

230 4030 487 4102 μαζὲσθω
517 4030 613 4085 τοῦ
634 4030 926 4101 νομοθέτου
955 4031 988 4100 ἠ
1021 4029 1347 4102 προμήθεια.
1380 4030 1444 4083 Et
1473 4029 1552 4110 δὲ,
1586 4029 1662 4094 ὥς
1690 4032 1824 4101 φασι

227 4137 390 4185 τινες,
438 4123 536 4174 καὶ
583 4120 745 4182 αὐτὸς
792 4118 991 4189 μᾶλλον
1028 4119 1313 4189 πείθομαι.
1359 4119 1509 4191 ἠθῶν
1557 4122 1823 4177 ποικίλων

229 4211 508 4279 ἐπιμιξίαν
555 4211 806 4281 δηλοῦσιν
853 4212 904 4265 οἱ
946 4209 1107 4281 μῦθοι
1143 4210 1333 4282 (οὐδὲν
1362 4212 1492 4284 γὰρ,
1525 4214 1680 4282 φασὶ,
1712 4215 1822 4269 τῶν

230 4304 285 4369 ἐξ
317 4304 499 4375 ἀρχῆς
529 4303 836 4374 γενομένων
887 4303 1161 4373 ὲπιλεῖψαι
1189 4301 1498 4375 ἠνέσχετό),
1532 4307 1628 4360 καὶ
1645 4286 1820 4373 οὕτως

230 4396 691 4464 φυλαττέσθωσαν
741 4396 839 4467 τὴν
894 4396 1002 4450 τῶν
1055 4397 1309 4467 πονηρῶν
1361 4398 1684 4454 συνουσίαν*
1739 4401 1821 4455 δτι

228 4485 333 4557 γάρ
363 4485 432 4539 τά
459 4487 693 4556 μέγιστα
726 4486 953 4557 βλάπτει
983 4488 1118 4558 (2.4),
1150 4487 1300 4558 δηλοῖ
1329 4490 1426 4559 μὲν
1454 4491 1551 4544 καὶ
1577 4491 1672 4556 τά·

1936 583 2140 641 gorem.
2173 564 2308 620 Nam
2335 572 2643 617 creaturam
2694 571 2914 612 omnem
2963 553 3314 619 sustentavit,
3348 564 3543 620 supra-

1935 659 2222 717 mundanis
2298 654 2517 726 quidem
2597 649 2898 722 gaudium,
2947 645 3303 702 terrestribus
3353 652 3536 697 autem

1934 757 2240 812 libertatem
2297 749 2618 814 concilians,
2674 755 2730 803 et
2783 743 3108 803 dissidentia
3161 743 3391 799 invicem
3430 739 3536 797 sibi

1932 856 2285 905 εοηιιοοιθηε.

2073 953 2315 1013 XXXI“.
2344 985 2416 996 —
2446 947 2830 1008 THEODORO
2877 946 3386 1005 SCHOLASTiCO.

2434 1046 2508 1101 De
2539 1049 2643 1101 vita
2684 1044 2811 1100 caelo
2833 1044 3030 1113 digna.

2004 1145 2060 1200 Si
2092 1144 2314 1199 cordate
2337 1157 2400 1198 ac
2435 1140 2729 1211 prudenter
2766 1139 2820 1193 in
2856 1137 3034 1192 sacris
3075 1133 3377 1205 Scripturis
3407 1144 3529 1184 ver-

1932 1237 2041 1292 sari
2070 1236 2329 1299 volueris,
2357 1249 2463 1288 non
2493 1233 2669 1287 solum
2711 1231 2778 1286 ad
2804 1245 3046 1306 amorem
3073 1227 3274 1283 divinze
3307 1225 3529 1295 sapien-

1933 1330 2020 1385 tiae
2047 1343 2111 1384 ac
2161 1325 2532 1382 meditationis
2572 1324 2690 1394 ejus
2722 1322 2871 1377 omni
2918 1321 3121 1391 impetu
3173 1319 3306 1375 ferri
3339 1317 3524 1380 debes,

1931 1433 2120 1475 verum
2149 1416 2313 1472 etiam
2343 1416 2411 1470 ad
2435 1415 2676 1485 ipsorum
2723 1413 3039 1482 dogmatum
3093 1409 3468 1478 cupiditatem,
3497 1421 3528 1460 a

1932 1525 2034 1580 qua
2073 1508 2213 1565 coalo
2245 1508 2406 1576 digna
2441 1515 2606 1576 atque
2627 1506 2964 1561 conveniens
2991 1501 3206 1559 vivendi
3247 1499 3387 1557 ratio
3418 1509 3532 1558 tan,-

1931 1618 2093 1675 quam
2120 1600 2478 1656 fundamento
2495 1597 2763 1669 exsurgit.

2413 1687 2658 1745 XXXIV.
2694 1714 2760 1733 σ-
2782 1685 3034 1744 PAULO.

2542 1778 2745 1834 Eadem
2771 1778 2835 1834 de
2869 1794 2946 1834 re.

2007 1875 2469 1944 Quemadmodum
2527 1872 2906 1943 philosophum
2957 1885 3066 1925 non
3114 1866 3277 1923 edicit
3309 1865 3528 1938 pallium

1933 1977 1990 2024 et
2019 1967 2263 2028 baculus.
2301 1969 2394 2023 sed
2425 1966 2652 2022 libertas
2677 1965 2932 2034 loquendi
2954 1972 3008 2019 et
3038 1962 3147 2016 vita
3175 1963 3342 2031 proba
3367 1970 3530 2030 atque

1934 2061 2160 2116 honesta
2191 2077 2206 2118 :
2235 2059 2308 2114 ita
2333 2068 2389 2114 et
2409 2057 2781 2114 Christianum
2807 2071 2913 2112 non
2939 2055 3071 2111 facit
3095 2054 3312 2111 habitus
3327 2064 3382 2108 et
3405 2067 3530 2106 ora-

1935 2152 2030 2220 tio,
2061 2154 2153 2207 sed
2186 2151 2295 2206 vita
2320 2161 2377 2206 et
2411 2165 2590 2205 mores
2616 2160 2778 2205 rectae
2815 2147 3013 2203 rationi
3047 2146 3476 2202 consentientes.

2163 2237 2384 2294 XXXV.
2413 2269 2483 2281 -—
2515 2236 2778 2294 IIERONI
2811 2235 3312 2294 SCHOLASTICO.

1929 2332 2007 2387 De
2032 2333 2173 2386 coitu
2205 2347 2323 2385 cum
2355 2331 2545 2395 brutis,
2577 2333 2732 2396 cuius
2771 2331 3010 2385 meminit
3052 2329 3350 2398 Iegislator.
3380 2327 3448 2382 Et
3475 2329 3528 2382 in

1998 2405 2135 2457 illud
2149 2419 2167 2457 :
2204 2422 2222 2454 ι
2265 2403 2531 2457 Discedite
2561 2419 2591 2456 a
2632 2419 2734 2470 me,
2773 2417 2951 2457 omnes
2975 2402 3064 2472 qui
3097 2402 3386 2472 aperamini
3421 2400 3528 2454 ini-

1990 2475 2242 2544 quitatem
2279 2474 2342 2528 “.
2384 2491 2403 2524 ι

1990 2567 2463 2634 Quemadmodum
2486 2567 2664 2622 coitus
2694 2565 3009 2620 animalium
3043 2564 3244 2619 diversi
3289 2564 3526 2633 generis,

1927 2655 1995 2712 de
2024 2671 2134 2726 quo
2183 2665 2264 2712 est
2311 2656 2366 2711 in
2410 2655 2636 2722 fabulis,
2677 2665 2990 2714 monstrosa
3033 2653 3218 2725 genuit
3271 2668 3524 2724 corpora,

1928 2750 2295 2805 minetaurum
2331 2750 2517 2806 nescio
2547 2763 2730 2818 quem,
2792 2757 2850 2804 et
2898 2757 3191 2804 centauros
3223 2790 3238 2812 ,
3291 2761 3525 2817 quorum

1926 2839 2018 2896 ille
2070 2841 2292 2911 quidem
2347 2840 2562 2896 Atticos
2612 2840 2909 2895 devorabat
2942 2851 3158 2908 pueros,
3203 2837 3295 2891 isti
3343 2847 3525 2892 autem

1924 2930 2130 2986 alienas
2150 2930 2430 2999 rapiebant
2451 2931 2803 2995 mulieres,lta
2820 2929 2983 2984 etiam
3001 2927 3526 2998 improbissimorum

1927 3017 2214 3074 hominum
2249 3018 2612 3085 consuetudo,
2655 3017 2925 3073 absurdos
2978 3025 3144 3086 atque
3187 3025 3529 3073 monstrosos

1927 3125 2105 3166 mores
2134 3112 2297 3183 parit,
2330 3110 2422 3181 qui
2461 3126 2653 3181 parum
2676 3113 2830 3166 abest
2871 3110 3000 3179 quin
3029 3120 3413 3165 centaurorum
3448 3110 3530 3166 fa-

1925 3200 2113 3256 cinora
2155 3200 2523 3258 audacissima
2570 3202 2916 3256 aemulentur.
2950 3203 3081 3269 Qutc
3105 3217 3269 3257 causa
3307 3216 3529 3272 quoque

1926 3301 2032 3361 est,
2056 3309 2154 3350 cur
2177 3293 2516 3351 Psalmorum
2546 3294 2783 3364 scriptor
2807 3309 2903 3349 eos
2939 3309 3099 3364 quant
3123 3295 3438 3366 longissime
3457 3297 3529 3352 ab

1927 3401 1987 3442 se
2017 3387 2280 3457 abegerit,
2318 3401 2440 3443 cum
2469 3388 2586 3444 ait:
2625 3405 2644 3439 ι
2677 3385 2936 3444 Recedite
2975 3402 3005 3442 a
3041 3403 3129 3444 me
3172 3404 3385 3455 omnes,
3431 3390 3523 3460 qui

1925 3477 2230 3549 operamini
2315 3477 2685 3547 iniquitatem.
2765 3497 2784 3530 ι
2868 3476 2984 3534 Νυη
3053 3477 3307 3548 exiguam
3377 3482 3524 3537 enim

1926 3584 2126 3624 noxam
2160 3570 2331 3642 gignit
2353 3585 2541 3625 eorum
2581 3571 2940 3638 consuetudo,
2971 3569 3064 3627 sed
3091 3573 3274 3639 talem,
3309 3589 3431 3644 qua:
3458 3575 3524 3630 ad

1929 3663 2100 3732 ipsam
2157 3671 2369 3733 spectet
2417 3664 2699 3729 animam,
2758 3679 2864 3734 qua
2918 3665 3053 3718 nihil
3112 3675 3198 3721 est
3233 3667 3526 3736 pretiosius

1926 3763 2089 3823 atque
2113 3754 2486 3823 praestantius.
2551 3754 2680 3810 Sive
2744 3755 2928 3826 igitur,
2987 3765 3047 3810 ut
3085 3757 3306 3826 quidam
3341 3760 3524 3829 perhi-

1927 3847 2077 3912 bent,
2112 3849 2276 3902 verba
2331 3847 2386 3902 in
2419 3861 2582 3915 opera
2612 3847 2946 3902 transierunt
2979 3849 3148 3919 (unde
3173 3850 3338 3904 etiam
3366 3851 3526 3920 legis-

1927 3937 2068 3992 lator
2095 3938 2220 4002 hoc,
2257 3939 2403 4008 quod
2431 3938 2644 3994 discere
2669 3939 2913 4006 voluiSIi,
2947 3942 3148 4006 sanxit,
3172 3955 3524 4012 congressum

1927 4042 2048 4082 cum
2081 4027 2258 4084 brutis
2288 4029 2615 4085 animalibus
2640 4031 2938 4099 prohibens
2974 4032 3042 4097 ”,
3074 4031 3235 4104 431
3267 4044 3322 4087 et
3350 4046 3528 4092 morte

1927 4120 2165 4175 multaus
2192 4135 2286 4175 eos
2318 4122 2405 4191 qui
2434 4121 2712 4192 congressi
2733 4121 2954 4188 iuerint,
2991 4139 3057 4179 ne
3089 4127 3338 4182 videlicet
3369 4143 3525 4182 mon-

1926 4224 2104 4269 strosa
2142 4224 2504 4284 procreentur
2532 4207 2787 4284 corpora,
2834 4224 2889 4270 et
2943 4218 3331 4286 tragmdiarutn
3360 4235 3526 4288 argu-

1927 4315 2110 4361 menta
2141 4307 2266 4362 inde
2314 4307 2596 4380 pullulent)
2631 4326 2645 4363 :
2691 4309 3015 4378 lcgislatoris
3059 4313 3401 4381 providentia
3428 4314 3527 4367 ad-

1929 4400 2205 4454 mirationi
2231 4399 2320 4455 sit.
2358 4399 2506 4467 Sive,
2541 4411 2598 4454 ut
2629 4401 2718 4456 alii
2772 4403 2983 4469 dicunt,
3020 4414 3075 4458 et
3113 4405 3244 4459 mihi
3274 4405 3528 4476 probabi-

1857 4468 1896 4522 θ
1928 4491 2032 4544 lius
2064 4491 2298 4556 videtur,
2337 4493 2618 4546 variorum
2654 4509 2866 4548 morum
2893 4498 3328 4554 commistionem
3363 4502 3526 4554 verba

229 4577 312 4630 illa
367 4577 612 4632 indit-ant
660 4577 819 4648 (nihil
846 4579 1012 4645 enim,
1059 4579 1330 4649 inquiunt,
1363 4595 1551 4637 eorum
1581 4598 1702 4652 quae
1745 4585 1813 4638 ab
1854 4582 2010 4637 initio
2041 4581 2392 4650 exstiterunt,
2433 4583 2667 4639 deiicere
2727 4585 3020 4654 sustinuit,
3051 4599 3215 4658 atque
3277 4591 3526 4646 eamdem

228 4668 302 4723 sic
356 4677 646 4725 conservat
707 4670 1074 4725 conditionem
1102 4671 1144 4741 ).
1172 4670 1347 4728 Etiam
1380 4675 1449 4730 ob
1480 4675 1623 4733 hanc
1648 4692 1874 4732 causam
1934 4677 2107 4732 vitare
2137 4677 2393 4733 studeant
2435 4677 2708 4733 malorum
2745 4683 3155 4737 commercium.
3199 4681 3353 4752 Quod
3380 4684 3528 4740 enim

229 4760 525 4815 maximum
557 4761 949 4819 detrimentum
978 4764 1192 4834 aderat,
1225 4767 1431 4824 indicat
1465 4771 1566 4827 hoc
1606 4787 1821 4844 quoque
1853 4788 1867 4826 :

299 4893 306 4942 ἓ
365 4858 729 4926 Φθειρουσιν
757 4858 871 4928 ἤθη
899 4864 1136 4930 χρηστὰ
1161 4866 1387 4932 ὁμιλίαι
1425 4869 1626 4925 κακαί.

232 4945 456 5017 Δηλοῦσι
503 4947 561 5001 δὲ
608 4949 703 5003 καὶ
771 4949 987 5036 Ἀμνῶν
1027 4954 1054 5006 ὁ
1084 4954 1482 5025 πρεσϐύτατος,
1525 4960 1619 5012 καὶ
1660 4961 1813 5015 Ἀδε-

235 5038 423 5111 σαλὼμ
463 5042 492 5094 6
519 5039 790 5106 νεώτατος
820 5042 930 5106 υἱὸς
964 5042 1078 5114 (25)
1106 5043 1201 5097 τοῦ
1251 5046 1530 5119 Μελῳδοῦ,
1573 5054 1816 5125 αἰσχρῶς

300 5194 344 5226 ’δ
372 5193 516 5251 Psal.
549 5211 623 5260 vt,
669 5195 722 5251 9.
797 5197 844 5228 "
875 5197 1045 5254 Exod.
1075 5214 1212 5264 ml,
1247 5199 1334 5257 i9.

2095 4868 2272 4924 Bonus
2293 4881 2638 4938 corrumpunt
2666 4889 2834 4926 mores
2865 4890 3180 4943 congressus
3206 4874 3354 4931 mali.

1925 4961 2171 5018 indicant
2227 4974 2493 5033 praetcrea
2537 4974 2590 5020 et
2647 4965 2861 5022 Amnon
2935 4977 3065 5022 natu
3131 4971 3424 5035 maximus,
3473 4980 3530 5026 et

1923 5056 2163 5113 Absaion
2221 5064 2348 5110 natu
2405 5059 2662 5115 minimus
2691 5059 2836 5116 ﬁlius
2877 5059 3309 5134 Psalmographi,
3335 5064 3428 5134 qui
3471 5075 3537 5122 et.

1333 5315 1567 5372 VARUE
1606 5317 1997 5377 LECTIONES
2039 5323 2118 5379 E1
2173 5321 2406 5382 VOTIE.

302 5468 411 5541 (22)
443 5467 836 5541 genter-epist.
867 5467 977 5522 285
1004 5469 1119 5541 libri
1191 5486 1271 5525 tu.
1307 5469 1471 5528 Rm.

301 5538 417 5619 (ειδλ
451 5538 560 5593 Pro
608 5538 883 5610 ἠθέλησας
919 5542 1040 5596 cod.
1082 5539 1203 5595 Vat.
1241 5543 1346 5598 650
1403 5545 1565 5599 habet
1611 5547 1809 5619 ἐζήτη-

612 5681 1002 5755 φυλατηυεψιθ
1021 5682 1086 5735 ad
1118 5682 1351 5750 μέγιστα
1381 5684 1608 5755 βλάπτει
1647 5690 1780 5742 mnit

239 5751 478 5806 tebatcd.
517 5751 992 5815 i’aris.;adduntur
1020 5767 1084 5805 ex
1114 5755 1302 5809 codice
1329 5751 1604 5813 Vaticano.
1644 5760 1800 5814 Eutr.

304 5822 413 5890 (‘23)
475 5821 582 5877 Pro
618 5823 733 5886 υἱός
773 5821 893 5877 Cod.
944 5821 1062 5877 Vat.
1112 5823 1236 5894 it'gil
1293 5827 1414 5881 υἱοὲ.
1476 5829 1627 5886 Vet's.
1684 5843 1805 5901 post

1926 5482 2086 5567 tertio
2109 5521 2146 5567 ,Α
2178 5497 2278 5552 pro
2315 5482 2451 5567 καθ’⁹
2488 5484 2691 5567 ἑαυτήν
2717 5484 3073 5567 .habet_idep't
3127 5488 3251 5567 me:
3299 5490 3524 5567 ἑαυτῆς,

1927 5549 2080 5630 _Ve_rs.
2115 5549 2358 5630 (ξίν-ιὈρ
2393 5555 2452 5608 δέ
2489 5549 2684 5611 seribit
2717 5556 2859 5611 idem
2902 5557 2982 5621 ὃς.
3024 5554 3178 5613 Vers.
3216 5560 3245 5612 7
3270 5576 3368 5630 pro
3397 5549 3520 5616 οὐδέ

1921 5620 2086 5702 habet
2123 5623 2150 5675 6
2185 5624 2269 5702 δέἱ
2310 5625 2470 5702 Vers.
2525 5639 2786 5702 antepen.
2824 5620 3082 5702 ep._po_st
3130 5620 3288 5702 δίκην
3346 5633 3520 5697 addit,

1914 5693 2383 5771 saxigrnvLVers.
2421 5697 2518 5752 ult.
2553 5693 2781 5771 [ηοτὴν
2917 5693 3158 5771 ὁμιλίαν,
3197 5693 3388 5760 scribit
3420 5693 3521 5767 τὰς

1917 5764 2152 5835 ὁμιλίας.
2189 5767 2397 5824 Possm.
