3976 6438
479 345 612 414 109.7

1657 352 1716 411 S.
1764 351 2054 412 ISIDORI
2095 352 2532 413 PELUSIOTE

3613 339 3746 403 1088

481 462 708 531 turpiter
730 461 993 523 vixerunt,
1023 465 1077 514 et
1131 456 1515 512 miserabiliter
1575 457 1740 513 vitam
1787 459 2056 514 (inierunt.

2169 463 2265 530 μὲν
2295 463 2576 531 ζήσαντες,
2615 456 2860 520 ὲλεεινῶς
2888 455 2944 510 δὲ
2974 455 3063 510 τὸν
3099 454 3210 524 βίον
3239 450 3745 522 καταστρέψαντες.

481 551 570 604 Ille
601 550 742 603 enim
786 548 987 602 sororis
1037 561 1145 602 suae
1197 546 1385 601 eodem
1433 557 1585 616 patre
1631 549 1827 618 genita:
1875 564 2059 603 amore

478 652 687 709 captus,
726 655 846 693 cum
881 639 1264 710 prohiberetur
1301 641 1527 707 pudore,
1563 641 1854 708 quominus
1895 649 2052 694 natu-

479 745 594 783 ram
627 729 761 783 adeo
793 729 894 782 sibi
930 738 1214 798 cognatam
1249 728 1549 796 copularet,
1578 727 1825 784 allectum
1859 730 2059 785 amoris

478 834 598 874 cmn
628 820 858 888 quodam
887 833 1070 874 eorum
1099 834 1234 888 quos
1280 819 1381 873 sibi
1411 821 1617 875 amicos
1645 836 1762 876 esse
1783 823 2060 877 existima-

478 910 591 972 bat,
626 909 1064 964 communicavit.
1103 910 1173 963 At
1209 911 1253 964 is
1289 911 1436 966 hunc
1493 911 1738 966 aﬂ‘ectum
1771 928 1873 966 non
1902 915 2060 968 modo

479 1015 584 1054 non
617 1001 890 1065 exstinxit,
925 1015 1100 1068 neque
1125 1001 1298 1070 ipsum
1330 1018 1357 1054 a
1397 1001 1600 1071 ﬂagitio
1630 1004 1844 1066 avertit,
1879 1020 2056 1074 neque

479 1091 970 1146 dcterrendieausa
1011 1092 1140 1146 dixit
1181 1111 1193 1146 :
1227 1092 1343 1147 Noli
1393 1108 1526 1147 nova
1573 1093 1625 1147 in
1671 1095 1835 1149 vitam
1874 1096 2060 1149 huma-

483 1197 606 1236 nam
650 1183 941 1250 importare
996 1184 1377 1252 tragcediarum
1430 1195 1795 1254 argumenta;
1865 1201 2055 1240 verum

480 1273 642 1326 etiam
703 1274 841 1325 viam
907 1287 971 1328 ac
1025 1275 1288 1327 rationem
1356 1274 1456 1344 ipsi
1535 1275 1895 1346 excogitavit,
1949 1291 2057 1346 quo

481 1373 640 1433 pacto
671 1376 987 1434 conceptum
1027 1367 1208 1422 animo
1239 1366 1388 1423 nefas
1415 1379 1772 1438 perpetraret.
1805 1370 1937 1426 Cum
1964 1371 2060 1440 igi-

483 1465 572 1508 tur
605 1456 655 1510 id
693 1457 881 1512 fuisset
913 1457 1025 1526 jam
1052 1469 1364 1527 exsecutus,
1405 1461 1727 1530 supplicium
1763 1462 1858 1517 luit
1879 1473 2061 1518 extre-

483 1563 651 1612 mum,
675 1549 884 1603 violatae
917 1552 1121 1604 sororis
1151 1550 1320 1607 fratre
1345 1553 1533 1608 eadem
1565 1561 1738 1608 matre
1761 1561 1888 1608 nato
1919 1553 2062 1620 inju-

483 1637 577 1690 riae
605 1638 760 1708 hujus
804 1651 1076 1696 auctorem
1108 1654 1205 1710 per
1251 1640 1482 1697 famulos
1507 1656 1637 1698 nece
1668 1643 1848 1697 oblata
1875 1658 2060 1712 perse-

483 1740 700 1794 quente.
740 1729 831 1784 Sic
848 1745 979 1800 ergo
1003 1733 1236 1798 turpiter
1267 1733 1426 1786 simul
1471 1748 1533 1788 ac
1571 1733 1952 1789 miserabiliter
1980 1735 2060 1787 vi-

2176 551 2233 604 Ὀ
2273 553 2373 622 μὲν
2406 553 2516 621 γὰρ
2548 552 2645 622 τῆς
2683 548 3015 620 ὁμοπατρίου
3051 544 3286 614 ἀδελφῆς
3318 543 3598 614 ἐρασθεὶς,
3654 547 3750 598 καὶ

2161 644 2547 713 αἰσχυνόμενος
2594 642 2692 712 τὴν
2751 641 2912 711 φύσιν
2965 639 3086 693 καθ’
3137 637 3336 706 ἑαυτὴν
3369 635 3751 706 ἐπιφυομὲνην

2164 733 2416 801 συνάψαι,
2461 729 2786 784 ἐκοινώσατο
2840 727 2902 781 τὸ
2943 726 3110 790 πάθος
3148 726 3254 780 τινὶ
3304 725 3412 778 τῶν
3439 723 3750 778 δοκούντων

2163 824 2360 893 φίλων·
2413 825 2441 875 6
2496 821 2552 875 δὲ
2581 821 2643 874 ού
2700 821 2860 891 μόνον
2911 819 3012 872 οὐκ
3061 817 3248 870 ἔσϐεσε
3295 815 3354 869 τὸ
3385 815 3575 878 πάθος,
3622 814 3747 866 οὐδὲ

2164 912 2546 984 ἀπεστρέψατο
2600 910 2692 965 τοῦ
2757 912 2956 979 ἀγους·
3007 908 3127 962 οὐδὲ
3217 903 3376 960 datr
3436 904 3750 977 Μὴ-καινά

2164 1004 2478 1075 εἰσενέγκῃς
2509 1004 2588 1064 είς
2613 1001 2703 1054 τὸν
2751 1002 2866 1072 βίον
2895 1001 3145 1072 δράματα
3164 1017 3176 1028 ·
3206 997 3344 1051 ἀλλὰ
3395 999 3486 1051 καὶ
3521 997 3748 1068 μέθοδον

2163 1092 2314 1163 αύτῷ
2345 1091 2595 1162 ἐφεῦρεν,
2625 1091 2773 1154 ὅπως
2795 1090 3011 1165 δράσειε
3035 1089 3094 1141 τὸ
3121 1089 3270 1157 ἄγος.
3303 1087 3518 1158 Δράσας
3541 1087 3746 1147 τοίνυν,

2163 1183 2320 1254 δίκην
2380 1183 2580 1236 δέδωκε
2637 1181 2735 1251 τὴν
2789 1181 3044 1250 ἐσχάτην,
3100 1179 3191 1232 τοῦ
3246 1179 3590 1250 ὁμομητρίου
3645 1178 3750 1247 τῆς

2165 1273 2515 1344 ὑϐρισθείσης
2555 1272 2789 1342 ἀδελφῆς
2812 1272 2899 1325 διὰ
2942 1272 3048 1325 τῶν
3081 1271 3304 1325 οἰκετῶν
3336 1270 3519 1341 σφαγῇ
3554 1270 3751 1341 μετελ-

2165 1366 2347 1428 θόντος
2368 1365 2458 1418 τὸν
2484 1364 2762 1434 ὑϐριστήν.
2790 1361 2948 1415 Οὕτω
2974 1361 3072 1431 μὲν
3095 1357 3187 1416 οὖν
3210 1361 3447 1432 αἰσχρῶς
3469 1361 3564 1415 καὶ
3587 1359 3752 1412 ἐλεει-

2161 1458 2268 1520 νῶς
2311 1459 2340 1510 6
2385 1458 2596 1525 Ἀμνῶν
2638 1455 2730 1508 τὸν
2781 1455 2893 1526 βίον
2940 1453 3326 1524 κατέστρεψεν.
3375 1452 3433 1506 Ὀ
3468 1452 3524 1506 δὲ
3553 1452 3750 1505 τοῦτον

2162 1547 2318 1612 δίκας
2356 1547 2686 1616 ἀπαιτήσας.
2723 1546 2831 1598 εἴτε
2872 1544 3182 1616 τυραννίδος
3218 1543 3358 1614 ὲρῶν
3389 1543 3520 1612 (εἴτε
3552 1559 3752 1614 μνησι⁴

2165 1637 2348 1692 κακῶν
2383 1637 2460 1708 τῷ
2505 1638 2694 1708 πατρὶ,
2741 1637 2825 1690 ὅτι
2873 1637 2932 1689 οὑ
2989 1635 3148 1706 μόνον
3175 1635 3275 1688 οὑκ
3319 1634 3602 1704 ἐξεδίκησε
3650 1633 3755 1703 τῆς

2164 1729 2432 1799 θυγατρὸς
2462 1728 2560 1798 τὴν
2610 1726 2784 1798 ὕϐριν,
2847 1726 2982 1780 ἀλλά
3013 1727 3106 1778 καὶ
3138 1726 3228 1778 τὸν
3259 1726 3609 1796 ἀμυνάμενον
3642 1724 3753 1776 ἀπ-

483 1829 592 1873 tatn
628 1819 765 1874 llniit
808 1822 1019 1875 Amnon
1075 1822 1142 1874 ".
1184 1822 1335 1877 Alter
1382 1835 1583 1888 autem,
1630 1826 1719 1894 qui
1753 1838 1944 1894 ptenas
1989 1825 2056 1878 ab

2167 1819 2478 1890 εστρέφετο,
2505 1818 2598 1871 καὶ
2639 1815 3031 1890 παρακληθεὶς,
3063 1816 3184 1869 οὐδὲ
3217 1815 3391 1878 οὕτως
3430 1813 3593 1867 αὐτὸν
3637 1814 3757 1866 ἑδέ-

485 1907 586 1962 hoc
660 1911 872 1978 repetiit
905 1912 1042 1979 (sive
1077 1911 1218 1980 quod
1264 1914 1604 1984 tyrannidem
1636 1915 2056 1985 concupivisset,

483 2000 597 2056 sive
648 2001 790 2070 quod
842 2001 1156 2072 iniuriarum
1213 2007 1528 2060 memoriam
1565 2008 1821 2062 adversus
1847 2019 2054 2076 patrem

480 2102 832 2147 conservaret
887 2093 1024 2161 apud
1084 2093 1347 2160 animum,
1378 2097 1523 2165 quod
1562 2097 1812 2150 nimirum
1851 2099 1896 2152 is
1950 2113 2056 2153 non

482 2182 649 2237 solum
681 2199 783 2237 non
809 2185 1136 2238 vindicasset
1167 2185 1288 2239 lilia:
1317 2185 1517 2240 illatam
1539 2188 1942 2253 contumeliam,
1963 2189 2055 2244 sed

479 2265 642 2326 etiam
689 2274 919 2328 ultorem
978 2275 1092 2341 ejus
1152 2285 1430 2332 aversatus
1465 2292 1492 2329 a
1535 2292 1593 2331 se
1646 2281 1951 2348 repulisset,
2003 2291 2056 2334 et

480 2366 730 2434 quamvis
759 2376 975 2436 ragatus
1010 2367 1353 2436 monitusque
1383 2369 1448 2422 de
1476 2369 1590 2436 ipso
1619 2368 1677 2422 in
1706 2371 1933 2440 gratiam
1968 2385 2054 2426 re-

479 2459 748 2526 cipicndo,
783 2470 960 2513 tamen
992 2474 1057 2515 ne
1076 2461 1152 2515 sic
1182 2463 1396 2529 quidem
1430 2461 1604 2529 ipsum
1634 2462 1685 2516 in
1711 2470 2054 2531 conspectum

479 2551 806 2616 admisisset,
845 2553 947 2608 nisi
995 2553 1210 2606 tandem
1259 2553 1410 2606 ducis
1445 2553 1648 2606 militizn
1699 2553 1898 2606 astutia
1957 2552 2060 2606 hoc

478 2637 801 2712 eliecisset),
851 2643 990 2712 patri
1042 2643 1356 2707 rebellavit,
1405 2645 1564 2713 eique
1621 2644 1709 2713 qui
1760 2642 1900 2698 male
1957 2641 2057 2712 ipsi

2164 1927 2289 1980 χετο
2319 1912 2398 1973 είς
2430 1909 2574 1977 ὅφιν,
2609 1910 2656 1960 εί
2691 1907 2765 1979 μὴ
2797 1906 3022 1977 ὕστερον
3051 1909 3083 1978 ή
3112 1905 3207 1960 τοῦ
3243 1906 3550 1977 στρατηγοῦ
3585 1904 3756 1972 σοφία

2161 2001 2319 2055 τοῦτο
2354 2000 2798 2069 κατεσκεύασεν),
2833 2000 3186 2054 ἐπανίσταται
3219 1997 3296 2069 τῷ
3325 2000 3514 2068 πατρὶ,
3551 1998 3647 2050 καὶ
3674 1996 3757 2068 τῷ

2163 2093 2349 2156 κακῶς
2389 2091 2537 2162 αὐτῷ
2595 2090 3080 2161 συμϐουλεύσαντι,
3115 2089 3362 2152 καὶτοὺς
3401 2089 3500 2160 τῆς
3532 2086 3759 2158 φύσεως

2163 2183 2462 2256 ἀνατρέψαι
2513 2183 2770 2252 θεσμοὺς,
2823 2182 2916 2236 καὶ
2963 2182 3092 2246 τοὺς
3137 2182 3237 2252 τῆς
3287 2179 3485 2251 μίξεως
3525 2178 3756 2250 ὑϐρίσαι

2165 2276 2383 2346 νόμους,
2417 2272 2664 2344 ἐπείσθη.
2713 2272 2980 2327 Τοσοῦτόν
3030 2276 3144 2326 ἑστι
3172 2272 3339 2325 κακὸν
3368 2272 3400 2341 ἡ
3451 2270 3559 2323 τῶν
3591 2268 3758 2325 κακί-

2165 2384 2306 2420 στων
2335 2365 2608 2419 συνουσία.
2649 2365 2788 2418 Ἀλλ’
2819 2365 2878 2418 οὐ
2919 2363 3173 2434 διέφυγεν
3203 2363 3316 2416 οὗθ’
3347 2357 3522 2427 οὗτος,
3572 2362 3697 2414 οὗτε
3729 2364 3760 2415 6

2164 2454 2752 2529 παρασυμϐουλεύσας,
2787 2456 2886 2525 τὴν
2916 2453 3155 2524 ἄφυκτον
3189 2453 3344 2525 δίκην
3364 2469 3378 2484 ·
3407 2451 3544 2507 ἀλλά
3591 2452 3760 2523 δίκην

2167 2549 2375 2603 ἔδοσαν.
2405 2548 2504 2601 Ἰν’
2530 2542 2624 2600 οὖν
2659 2547 2823 2618 μηδὲν
2846 2545 3086 2598 τοιοῦτον
3116 2544 3254 2615 μήτε
3277 2543 3586 2615 δράσωμεν,
3617 2543 3757 2615 μήτε

2169 2643 2452 2710 πάθωμεν,
2481 2638 2774 2709 φεύγωμεν
2802 2637 2900 2710 τὴν
2926 2637 3036 2690 τῶν
3060 2637 3268 2706 ὶναγῶν
3293 2635 3532 2706 ὁμιλίαν.

478 2731 844 2799 consuluerat,
875 2749 933 2786 ut
961 2746 1015 2786 et
1038 2741 1244 2786 natura:
1279 2731 1481 2787 fmdera
1509 2743 1799 2801 everteret,
1827 2746 1881 2788 et
1940 2731 2340 2807 commistionis
2375 2731 2521 2801 leges
2587 2729 2983 2785 contumeliose
3046 2728 3293 2792 violaret,
3359 2726 3756 2793 obsequentem

478 2836 538 2877 se
579 2825 830 2892 prtebuit.
866 2823 1096 2878 Tantum
1147 2826 1272 2878 mali
1333 2824 1487 2880 ail'ert
1535 2828 2053 2896 improbissimorum
2096 2828 2372 2881 hominum
2393 2825 2728 2880 consuetudo
2755 2833 2809 2878 et
2879 2823 3240 2877 familiaritas.
3261 2820 3365 2875 Sed
3400 2833 3575 2888 neque
3639 2818 3754 2898 hic.

480 2916 785 2982 neqneille,
835 2917 924 2985 qui
957 2915 1148 2970 nefarii
1189 2925 1380 2971 auctor
1442 2919 1652 2973 consilii
1724 2918 1933 2983 fuerat,
1985 2921 2222 2974 divinam
2299 2915 2850 2978 animadversionem,
2926 2928 3086 2981 quam
3136 2911 3277 2966 nulla
3335 2921 3452 2963 arte
3513 2907 3758 2978 eﬂ‘ugere

479 3007 622 3073 licet,
650 3009 821 3064 evasit
857 3029 869 3063 :
906 3011 997 3064 sed
1043 3013 1201 3066 ambo
1242 3027 1430 3080 pinnas
1471 3013 1732 3068 dederunt
1757 3015 1822 3066 ".
1872 3014 2053 3079 Quare
2092 3029 2158 3070 ne
2232 3014 2361 3084 quid
2427 3027 2524 3067 nos
2596 3024 2811 3081 quoque
2863 3007 3040 3064 simile
3090 3007 3174 3062 vel
3227 3013 3604 3076 perpetremus
3667 3011 3763 3064 vel

478 3105 864 3174 perpetiamur,
910 3105 1296 3160 sceleratorum
1335 3107 1612 3164 hominum
1667 3111 2052 3166 commercium
2093 3109 2226 3165 velis
2258 3109 2526 3178 remisque
2550 3106 2839 3178 fugiamus.

783 3221 1023 3278 XXXVI.
1051 3254 1104 3268 —
1161 3223 1385 3281 PETRO
1409 3226 1766 3284 MONACHO.

478 3311 546 3368 In
586 3313 715 3388 illud
773 3313 934 3369 Pauli
981 3316 1200 3380 dictum,
1242 3335 1260 3388 ς
1299 3315 1357 3372 Si
1404 3319 1519 3386 ﬁeri
1579 3331 1778 3386 potest,
1830 3324 1968 3388 quod
2008 3323 2058 3373 in

545 3386 687 3458 vobis
743 3396 858 3458 est,
902 3401 1019 3439 cum
1091 3387 1330 3440 omnibus
1383 3391 1675 3443 hominibus
1733 3386 1908 3458 pacem
1963 3391 2060 3443 Ita-

534 3455 706 3508 benles
739 3454 806 3507 ".
849 3472 866 3504 ι

544 3566 662 3630 Est,
684 3582 716 3621 o
751 3566 831 3619 vir
866 3567 1095 3633 erudite,
1113 3578 1169 3622 et
1203 3568 1399 3624 bellum
1447 3580 1695 3626 sanctum
1735 3588 1796 3628 ac
1832 3573 2058 3641 justum,

481 3669 536 3712 et
567 3675 664 3726 pax
705 3660 850 3712 omni
885 3661 1208 3730 implacabili
1239 3678 1413 3732 pugna
1446 3663 1733 3731 diﬂicilior,
1765 3669 2057 3722 secundum

483 3747 611 3803 illttd
642 3747 867 3817 (Psalmi
897 3750 1124 3818 dictum)
1165 3769 1178 3806 :
1233 3771 1256 3803 ε
1289 3753 1466 3808 Zelavi
1501 3771 1660 3825 super
1697 3758 1931 3828 iniquos,
1965 3777 2062 3828 pa-

485 3855 603 3894 cetn
635 3852 980 3908 peccatorum
1014 3844 1200 3900 videns
1225 3844 1291 3899 ’⁸.
1343 3864 1360 3896 ι
1395 3844 1531 3900 Nam
1570 3849 1806 3904 latrones
1845 3852 2058 3919 quidem

482 3933 624 3988 inter
649 3949 768 3988 sese
785 3936 1134 4004 paciscuntur
1175 3947 1363 3992 contra
1403 3955 1498 3994 eos
1529 3942 1619 4010 qui
1654 3941 1794 3995 nulla
1831 3955 1887 3998 re
1915 3944 2058 4010 ipsos

485 4023 743 4078 laeserunt
791 4026 986 4078 armati
1029 4043 1044 4079 :
1075 4025 1238 4098 532
1275 4029 1368 4081 sed
1405 4039 1459 4084 et
1489 4029 1598 4099 lupi
1649 4042 2058 4101 congregantur,

483 4117 692 4184 quoties
717 4117 1030 4186 sanguinem
1062 4120 1270 4181 sitiunt,
1335 4129 1390 4174 et
1431 4121 1644 4176 adulter
1665 4137 1786 4176 cum
1819 4124 2058 4178 adultera

481 4221 668 4277 pacem
706 4206 856 4273 colit,
877 4218 930 4262 et
953 4217 1218 4263 scortator
1252 4224 1370 4264 cum
1398 4227 1496 4266 suo
1522 4224 1718 4267 scorto.
1752 4212 1866 4268 Noli
1898 4216 2061 4284 igitur

483 4297 813 4361 existimare,
851 4312 1033 4366 pacem
1062 4299 1257 4369 ubique
1293 4311 1344 4355 et
1381 4319 1475 4371 per
1498 4304 1674 4356 omnia
1702 4304 1893 4359 bonam
1917 4321 2054 4362 esse.

486 4386 577 4441 Est
599 4388 740 4441 enim
771 4403 1140 4457 saepenumero
1175 4393 1363 4460 quovis
1414 4395 1551 4449 bello
1595 4395 1780 4450 durior
1810 4405 1862 4450 et
1903 4398 2054 4453 dete-

486 4481 614 4533 rior.
650 4479 781 4534 Nam
803 4497 924 4534 cum
961 4483 1085 4551 quis
1116 4499 1298 4550 pacem
1329 4487 1457 4540 colit
1490 4503 1611 4540 Clllll
1656 4485 1921 4554 ejusmodi
1956 4492 2053 4544 lto-

2538 3227 2671 3293 (ις’.
2709 3255 2779 3264 -
2817 3224 3041 3292 nam)
3075 3221 3382 3291 ΜυΝΑΧῼ.

2171 3321 2273 3373 Τό·
2318 3339 2335 3370 ι
2374 3320 2443 3371 El
2483 3315 2746 3370 δυνατὸν
2779 3314 2840 3367 τὸ
2884 3313 2953 3378 ἐξ
2987 3313 3154 3381 ὑμῶν
3191 3313 3339 3382 μετὰ
3379 3315 3622 3366 πάντων
3653 3313 3759 3367 ἁν-

2569 3385 2814 3454 θρώπων
2849 3386 3281 3453 εἰρηνεύοντες.
3323 3403 3340 3435 ι

2239 3575 2446 3638 -Εστιν,
2495 3566 2539 3624 ὦ
2576 3570 2726 3640 σοφὲ,
2761 3571 2856 3624 καὶ
2900 3570 3134 3640 πόλεμος
3163 3569 3386 3641 εύαγὴς,
3434 3570 3527 3624 καὶ
3559 3573 3756 3644 εἰρήνη

2164 3667 2341 3736 πάσης
2359 3664 2624 3719 ἀσπόνδου
2651 3665 2828 3734 μάχης
2846 3662 3254 3733 ἀργαλεωτὲρα,
3283 3661 3424 3715 κατὰ
3442 3661 3521 3714 τόδ
3553 3681 3568 3714 ι
3595 3663 3758 3734 Ἐζήο

2163 3759 2311 3811 λωσα
2355 3756 2448 3808 ἐπὶ
2494 3759 2604 3817 τοῖς
2661 3755 2906 3824 ἀνόμοις,
2960 3755 3184 3825 είρὴνην
3233 3753 3574 3824 ἁμαρτωλῶν
3617 3755 3755 3809 θεωο

2166 3843 2294 3914 ρῶν.
2341 3862 2358 3893 ι
2399 3841 2608 3914 Λῃσταὶ
2659 3842 2757 3911 μὲν
2809 3841 2918 3912 γὰρ
2966 3841 3101 3912 πρὸς
3131 3841 3392 3912 ἀλλήλους
3428 3843 3755 3899 σπένδονται

2163 3935 2304 3989 κατά
2335 3936 2442 3987 τῶν
2491 3935 2657 4004 μηδὲν
2705 3933 3033 3987 ἀδικούντων
3086 3934 3464 4004 ὁπλιζὸμενοι·
3504 3934 3661 3990 λύκοι
3696 3937 3754 3991 δὲ

2163 4027 2645 4097 συναγελάζονται,
2701 4029 2830 4081 ὅταν
2873 4029 3119 4097 αἱμάτων
3167 4027 3398 4097 διψῶσι*
3441 4028 3534 4081 καὶ
3583 4030 3612 4081 6
3654 4031 3755 4099 μὲν

2168 4122 2348 4191 μοιχὸς
2373 4119 2641 4190 είρηνεύει
2668 4121 2800 4190 πρὸς
2832 4119 2928 4190 τὴν
2957 4120 3353 4191 μοιχευομένην
3378 4137 3389 4151 ο
3409 4122 3437 4173 6
3464 4121 3521 4174 δὲ
3555 4122 3756 4192 πόρνος

2164 4214 2298 4283 πρὸς
2327 4213 2422 4281 τὴν
2453 4212 2873 4282 πορνευομένην.
2901 4213 2991 4281 Μὴ
3025 4214 3205 4265 τοίνυν
3236 4214 3512 4282 πανταχοῦ
3536 4214 3636 4286 τὴν
3671 4218 3753 4269 εἰ·

2165 4307 2331 4377 ρήνην
2352 4305 2535 4376 νόμιζε
2560 4299 2699 4358 εἶναι
2725 4305 2910 4358 καλόν.
2941 4305 3096 4356 Ἐστι
3122 4304 3228 4374 γὰρ
3253 4305 3515 4369 πολλάκις
3544 4309 3752 4372 παντὸς

2161 4396 2402 4466 πολέμου
2434 4396 2810 4465 χαλεπωτέρα.
2841 4395 3011 4448 Ὅταν
3040 4396 3144 4468 γάρ
3180 4413 3262 4459 τις
3292 4397 3429 4468 πρὸς
3457 4399 3583 4462 τοὺς
3607 4402 3753 4454 κατᾶ

2160 4489 2258 4557 τῆς
2293 4489 2545 4558 προνοίας
2583 4488 2948 4552 ὑλακτοῦντας
2996 4487 3273 4562 εἰρηνεύῃ,
3324 4492 3417 4542 καὶ
3441 4493 3579 4560 πρὸς
3621 4494 3749 4557 τοὺς

489 4570 743 4634 minibus,
777 4572 868 4639 qui
893 4574 1152 4626 adversus
1175 4575 1580 4630 Providentiam
1611 4579 1827 4642 latrant,
1850 4591 1901 4633 et
1933 4596 2052 4635 cum

2167 4582 2276 4641 τοῖς
2298 4579 2432 4648 βίοις
2454 4581 2708 4650 ἀχρείους
2737 4580 2833 4650 τὴν
2854 4581 3040 4650 κοινὴν
3066 4581 3339 4652 λοχῶντας
3372 4585 3462 4636 καὶ
3487 4585 3549 4636 λυ
3559 4603 3750 4654 μαινο-

486 4659 550 4711 iis
579 4662 665 4725 qtti
695 4661 798 4711 vita
830 4660 1025 4715 nullius
1055 4664 1213 4730 pretii
1249 4675 1410 4733 atque
1445 4667 1685 4736 improba
1714 4685 2052 4727 communem

486 4749 645 4801 vitam
683 4750 928 4818 polluunt
978 4762 1032 4806 et
1075 4763 1305 4820 vastant,
1340 4755 1511 4811 fmdus
1565 4760 1690 4813 ierit
1726 4762 1851 4816 :Itic
1898 4763 2054 4834 longe

483 4840 741 4908 longeque
775 4857 802 4894 a
827 4843 973 4912 pacis
1003 4846 1244 4900 terminis
1266 4848 1541 4904 submotus
1564 4851 1725 4920 degit.
1745 4851 1872 4917 Quae
1891 4869 2052 4908 causa

481 4946 690 5002 quoque
721 4945 799 4987 est
835 4950 932 4988 cur
969 4935 1166 4992 Paulus
1210 4939 1407 4993 dixerit
1448 4957 1460 4992 :
1521 4959 1538 4992 ι
1599 4941 1655 4996 Si
1690 4943 1802 4996 fieri
1856 4953 2050 5012 pote5t,

480 5024 618 5089 quod
653 5023 700 5075 in
729 5025 878 5078 vobis
926 5039 1036 5090 est,
1083 5045 1202 5082 cum
1238 5032 1488 5086 omnibus
1521 5033 1827 5088 hominibus
1863 5049 2048 5103 pacem

482 5112 802 5167 babentes'.
845 5134 862 5164 ιι
917 5115 1087 5171 Probe
1139 5121 1283 5172 enim
1345 5133 1585 5187 noverat,
1627 5126 1891 5180 interdum
1934 5126 2049 5181 ﬁeri

484 5216 586 5256 ιιοιι
622 5220 796 5272 posse.

737 5294 999 5352 XXXVII.
1034 5327 1090 5336 —-
1131 5299 1436 5357 EUTONIO
1473 5303 1786 5361 DIACONO.

724 5383 982 5454 ‘Ejusdem
1027 5404 1142 5442 cum
1181 5393 1444 5458 superiore
1474 5397 1792 5462 argumenti.

549 5474 774 5545 Oportet
805 5495 910 5533 non
945 5495 1068 5552 erga
1100 5498 1217 5549 eos,
1265 5486 1352 5552 qui
1388 5487 1439 5540 itt
1488 5489 1713 5558 gratiam
1750 5491 1924 5546 redire
1951 5507 2050 5547 no-

482 5559 615 5630 lunt,
659 5567 1046 5640 implacabilem
1070 5590 1221 5642 esse,
1249 5579 1344 5632 sed
1393 5582 1600 5648 potius,
1647 5593 1902 5652 quantum
1935 5586 2050 5654 qui-

2165 4670 2358 4740 μένους
2382 4670 2656 4723 πολιτείαν
2695 4669 2992 4738 σπένδηται
3017 4686 3028 4697 ·
3059 4665 3215 4733 οὗτος
3247 4671 3354 4723 τῶν
3385 4672 3481 4741 τῆς
3521 4675 3749 4744 εἰρήνης

2158 4763 2302 4833 ὅρων
2331 4764 2519 4833 πόρρω
2556 4779 2658 4816 που
2711 4764 3018 4832 ὲσκήνωται
3057 4763 3150 4814 καὶ
3186 4763 3422 4835 μακράν.
3487 4765 3562 4815 Δι’
3597 4764 3626 4816 ὃ
3653 4767 3747 4817 καὶ

2158 4855 2187 4906 6
2236 4854 2447 4918 Παῦλος
2478 4853 2701 4922 Ελεγεν;
2741 4873 2757 4906 ι
2803 4856 2866 4908 Et
2921 4854 3145 4908 δυνατὸν
3192 4856 3253 4909 τὸ
3303 4855 3363 4920 ἐξ
3413 4856 3568 4927 ὑμῶν
3606 4858 3747 4928 μετά

2158 4947 2374 5001 πάντων
2414 4945 2715 5018 ἀνθρώπων
2763 4947 3152 5019 εἰρηνεύοντες.
3197 4966 3214 5000 ι
3251 4947 3446 5017 Σαφῶς
3509 4949 3619 5020 γὰρ
3650 4951 3744 5004 πί-

2157 5053 2338 5103 στατο,
2369 5038 2449 5091 ὅτι
2482 5039 2628 5091 ἐστὶν
2659 5038 2793 5092 ὅπου
2835 5039 2896 5092 οὐ
2923 5037 3170 5095 δυνατόν.

2487 5319 2608 5373 AZ’.
2641 5349 2710 5358 —
2743 5318 3038 5390 ΕΥΤΟΝΙῼ
3077 5317 3400 5388 ΔΙΔΚΟΝῼ.

2812 5410 3067 5478 Ὅμοιον.

2228 5498 2350 5569 Χρὴ
2377 5500 2437 5551 οὐ
2467 5502 2576 5563 τοῖς
2609 5499 2681 5572 μὴ
2711 5500 3092 5570 σπενδομένοις
3122 5500 3387 5554 ἄσπονδον
3411 5495 3574 5567 εἶναι,
3599 5501 3738 5556 ἀλλά

2161 5589 2361 5658 μᾶλλον
2402 5590 2745 5657 σπένδεσθαι,
2779 5594 2905 5661 τόγε
2937 5591 3206 5663 ἡμέτερον
3257 5592 3444 5664 μέρος,
3487 5594 3581 5646 καὶ
3619 5596 3737 5657 τοῖς

573 5722 618 5754 ’⁸
652 5721 690 5776 ll
717 5723 847 5795 Reg.
881 5745 978 5796 att,
1021 5732 1037 5784 Ι
1077 5749 1225 5803 seqq.
1305 5736 1370 5766 ’δ’
1410 5733 1446 5788 ll
1491 5735 1616 5810 Reg.
1649 5754 1736 5793 XIV
1769 5750 1819 5795 ct
1850 5758 1915 5795 xv
2015 5742 2056 5774 ’⁷

2176 5761 2244 5798 ιιι.
2279 5761 2372 5811 λιι,
2413 5747 2492 5800 l8.
2572 5746 2776 5805 τωρωι.
2811 5767 2983 5816 Lutt,
3025 5753 3076 5807 5.
3155 5750 3198 5783 ⁹⁹
3231 5750 3385 5805 Rom.
3411 5765 3507 5816 xu,
3541 5751 3627 5807 l8.
