3976 6414
244 367 382 438 1089

1171 357 1717 423 EPISTOLARUM
1757 355 1906 418 LIB.
1951 355 2048 418 IV.
2091 382 2159 392 -
2199 357 2442 419 EPIST.
2484 355 2606 418 XL.

3415 354 3554 424 1090

243 480 555 546 ἀσπόνδοις,
604 479 722 548 εἴτε
772 478 940 550 μηδὲν
997 477 1031 548 ἡ
1072 473 1328 529 εὐσέϐεια
1366 471 1839 544 παρασλάπτοιτο.

1953 469 2074 524 dem
2102 469 2154 524 in
2190 471 2349 525 nobis
2376 479 2460 526 est
2500 471 2698 536 situm,
2731 468 2895 525 etiam
2951 483 3078 526 cum
3117 467 3554 538 implacabilibus

242 575 351 628 Kal
381 571 530 626 τοῦτ’
570 571 720 625 ἔστιν
747 570 860 641 ἀρα
887 570 1026 640 ὅπερ
1058 570 1086 621 ὸ
1125 565 1416 629 θεσπέσιος
1449 563 1665 626 Παῦλος
1695 577 1838 633 παρ-

242 662 593 727 εκελεύσατο,
622 661 848 731 φράζων
870 677 883 689 ·
923 679 942 712 ι
976 661 1038 714 Εί
1078 656 1304 712 δυνατὸν
1325 656 1387 710 τὸ
1411 655 1470 722 ἐξ
1509 654 1666 726 ὑμῶν
1702 653 1841 724 μετά

240 757 460 810 πάντων
511 752 819 826 ἀνθρώπων
850 750 1245 825 εἰρηνεύοντες.
1287 769 1306 802 ι
1364 750 1498 804 Ἀτε
1528 747 1638 820 γὰρ
1675 747 1838 819 ἀκρι-

241 846 350 910 ϐῶς
402 847 772 916 ἐπιστάμενος
824 843 933 899 τῶν
977 841 1325 914 πραγμάτων
1376 842 1475 912 τὴν
1523 838 1709 910 φύσιν,
1742 835 1840 891 καὶ

240 937 420 1003 εἰδὼς,
462 939 546 992 ὅτι
581 937 769 991 πολλοὶ
797 938 912 998 τοῖς
951 934 1264 1005 φιλαρέτοις
1292 933 1381 988 διὰ
1420 932 1602 1004 μάχης
1631 931 1721 984 ἀεὶ
1751 927 1838 983 έλ-

241 1027 354 1083 θεῖν
389 1030 452 1084 οὐ
489 1031 906 1103 παραιτοῦνται,
935 1028 1060 1097 τότε
1089 1021 1224 1100 ἧκον
1247 1029 1326 1091 εἰς
1352 1027 1501 1099 ἡμᾶς
1528 1025 1834 1096 ἀπῄτησεν,

241 1121 356 1191 είγε
384 1123 546 1194 ἡμῶν
575 1124 753 1178 πάντα
784 1123 1104 1186 ποιούντων,
1151 1119 1301 1175 ἄλλοι
1351 1119 1592 1190 πόλεμον
1621 1118 1837 1188 ἀκήρυ·

241 1232 390 1278 κτον,
439 1215 474 1289 ἢ
516 1219 584 1288 τῇ
637 1214 889 1285 εὐσεϐείᾳ
909 1215 1475 1286 ἀντιστρατευόμενοι,
1498 1209 1536 1280 ἦ
1568 1212 1636 1282 τῇ
1664 1208 1835 1280 ἀρετῇ

239 1311 794 1381 ἀντιπολιτευόμενοι,
828 1307 1272 1377 ἐπαγγέλλοιντο.

1949 560 2129 618 {cadus
2173 561 2376 628 facere,
2435 563 2478 619 si
2529 565 2692 620 modo
2737 561 2945 618 nullum
2991 561 3117 617 inde
3156 562 3345 632 pietati
3387 562 3556 618 detri-

1951 665 2192 709 mentum
2231 654 2517 712 inferatur.
2574 654 2641 709 Et
2701 655 2806 710 hoc
2845 667 2993 709 sane
3023 663 3107 708 est
3143 654 3288 724 quod
3335 654 3554 708 divinus

1946 745 2149 802 Paulus
2175 748 2405 811 monuit,
2431 763 2552 802 cum
2591 748 2668 802 ait
2704 764 2717 801 :
2765 765 2784 798 ι
2830 745 2887 801 Si
2917 746 3035 800 ﬁeri
3065 731 3263 816 potest,
3303 747 3447 814 quod
3497 745 3574 804 in.

1947 839 2105 894 vobis
2128 848 2232 905 est,
2267 855 2388 894 cum
2407 841 2663 896 omnibus
2689 838 3003 895 hominibus
3025 853 3211 908 pacem
3232 837 3512 893 habentes.
3529 856 3547 888 ι

1943 929 2080 986 Nam
2117 931 2264 986 velut
2297 932 2341 987 is
2375 932 2468 1002 qui
2500 933 2852 987 exactissime
2879 932 3151 1001 cognitam
3185 937 3554 1000 perspectam-

1943 1037 2050 1095 que
2107 1023 2334 1078 haberet
2391 1039 2576 1080 rerum
2625 1034 2877 1079 naturam
2911 1023 3324 1094 (humanarum)
3354 1032 3406 1077 et
3461 1023 3552 1092 qui

1941 1123 2153 1178 nosset,
2186 1128 2352 1184 quam
2388 1115 2543 1170 multi
2575 1132 2680 1173 non
2712 1116 2961 1172 dubitent
2990 1114 3304 1171 hominibus
3339 1115 3556 1168 virtutis

1939 1207 2206 1262 studiosis
2237 1210 2520 1263 adversari
2548 1225 2612 1264 ac
2634 1222 2940 1280 repugnare
2970 1209 3058 1264 :id
3089 1211 3292 1278 exegit,
3318 1208 3459 1277 quod
3486 1207 3553 1259 ad

1940 1312 2040 1354 nos
2098 1298 2336 1368 pertinet
2391 1303 2678 1370 nostrique
2733 1310 2820 1358 est
2867 1301 3138 1366 muneris,
3195 1300 3412 1356 etiamsi
3460 1299 3557 1356 alii

242 1401 382 1456 forte
423 1404 551 1456 dum
599 1416 699 1456 nos
744 1400 880 1454 nihil
912 1399 1103 1470 reliqui
1146 1397 1376 1455 facimus
1406 1396 1550 1468 quod
1603 1392 1840 1450 cilicium
1880 1398 2130 1445 nostrum
2186 1392 2448 1460 postulat,
2485 1391 2687 1447 bellum
2732 1393 2978 1463 iniquum
3056 1392 3216 1448 nobis
3285 1391 3554 1457 indicant,

242 1497 322 1552 vel
354 1498 613 1568 pietatem
645 1505 1046 1566 oppugnantes,
1072 1495 1157 1551 vel
1195 1493 1428 1549 alienam
1451 1501 1507 1547 et
1539 1491 1930 1547 abhorrentem
1965 1500 1996 1540 a
2027 1485 2230 1542 virtute
2257 1488 2477 1543 vivendi
2509 1489 2778 1545 rationem
2821 1500 3121 1546 sectantes.

779 1633 911 1687 ΑΠ’.
944 1661 1014 1674 -
1053 1633 1302 1702 nmen.

2407 1623 2703 1686 XXXVIII.
2739 1656 2810 1668 —
2834 1625 3087 1685 PETRO.

241 1728 347 1793 Είς
405 1725 472 1780 τὸ
535 1725 1021 1797 τεγφαμμένονῌ
1060 1744 1078 1777 ι
1117 1725 1281 1780 Μετὰ
1330 1719 1572 1792 βουλῆς
1639 1719 1839 1775 πάντα

1953 1712 2012 1768 1η
2058 1713 2115 1768 id
2171 1717 2316 1785 quod
2370 1719 2627 1779 scriptum
2677 1727 2779 1797 est,
2837 1737 2857 1770 ι
2920 1717 3116 1774 Omnia
3170 1731 3290 1774 cum
3336 1718 3559 1774 consilio
3630 1783 3634 1785 ἓ

919 1796 1095 1851 ποίει.
1130 1814 1148 1847 t

311 1909 374 1962 οι
407 1909 510 1980 μὶν
539 1907 701 1979 θυμῷ
735 1907 897 1963 πλέον
931 1906 1426 1981 στρατηγούμενοι,
1462 1909 1543 1970 είς
1547 1904 1839 1987 ⁴χαλεπὸν,

245 2001 318 2064 ὡς
357 2001 424 2054 τὰ
474 1999 671 2062 πολλὰ.
717 1987 1158 2072 καταστρέφουσι
1190 1999 1344 2064 τέλος
1367 2015 1388 2058 ο,
1425 2001 1476 2054 oi
1519 1998 1578 2053 δὲ
1627 1998 1844 2052 συνέσει

248 2092 346 2163 μὲν
381 2091 882 2163 στρατηγούμενοι,
931 2093 1000 2146 τά
1041 2091 1101 2145 δὲ
1132 2090 1363 2164 σώματα
1391 2092 1599 2164 θργανα
1638 2089 1844 2162 ταύτης

246 2184 567 2256 ἡγούμενοι,
618 2185 719 2238 οὐκ
766 2185 1059 2258 ἀμοιροῦσι
1111 2185 1212 2256 τῆς
1259 2186 1352 2238 ἐπὶ
1383 2187 1497 2249 τοῖς
1531 2183 1844 2247 καλλίστοις

247 2276 420 2348 δόξης.
465 2279 579 2331 Καὶ
617 2277 762 2331 τοῦτ’
824 2277 992 2341 ἔστιν,
1040 2278 1177 2349 ὅπερ
1201 2278 1306 2350 ἔφη
1335 2279 1363 2331 ὀ
1395 2278 1840 2349 Παροιμιαστής⁶

252 2387 270 2421 ι
302 2369 461 2425 Μετά
485 2369 682 2443 βουλῆς
714 2371 893 2426 πάντα
916 2371 1056 2425 ποίει
1085 2388 1098 2401 δ
1134 2390 1154 2424 ι
1187 2371 1250 2425 τὸ
1270 2371 1381 2443 γὰρ
1411 2371 1841 2443 ἀπερίσκεπτον,

250 2459 517 2531 σφαλερόν

733 2671 857 2726 Αθα.
911 2700 982 2710 -
1020 2668 1346 2742 ΝΕΜΕΣΙῼ.

839 2763 943 2828 Είς
973 2761 1037 2816 τὸ
1073 2762 1244 2817 αὑτό.

313 2901 436 2974 Χρὴ
464 2899 556 2954 τδν
604 2898 929 2971 βουλόμενον
958 2895 1209 2970 καθαρὰν
1238 2896 1507 2968 εὐθυμίαν
1538 2897 1842 2970 καρπώσα-

250 2994 394 3058 σθαι,
426 2993 648 3065 πρῶτον
676 2991 1007 3065 βουλόμενον
1036 2988 1212 3054 οὕτως
1243 2989 1403 3061 ήκειν
1433 2991 1527 3045 ἐπὶ
1559 2990 1621 3045 τὸ
1664 2991 1847 3062 λέγειν

248 3101 304 3138 τε
330 3086 426 3139 καὶ
447 3085 734 3155 πράττειν.
772 3080 996 3153 Ἐπειδὴ
1019 3081 1128 3153 γὰρ
1149 3081 1248 3152 οὐχ
1269 3076 1384 3134 οἷόν
1408 3097 1468 3134 τε
1495 3082 1564 3137 τά
1583 3081 1846 3155 λεχθέντα

251 3178 284 3250 ἢ
321 3150 643 3251 πραχθέντα
665 3150 1109 3231 ἀνακαλέσασθαι
1136 3150 1357 3247 ῥᾳδίως,
1385 3174 1492 3245 χρὴ
1524 3150 1848 3250 πειθύμενον
1876 3150 1919 3208 C

247 3262 323 3336 τῷ
373 3267 782 3337 Παροιμιαστῇ,
837 3263 1088 3334 λέγοντιθ
1150 3281 1170 3316 t
1210 3264 1367 3319 Μετὰ
1411 3265 1613 3337 βουλῆς
1667 3268 1849 3323 πάντα

250 3359 423 3416 ποίειο
463 3376 483 3408 ι
528 3357 622 3410 τὸν
666 3356 741 3429 μὴ
803 3355 1127 3427 βουλόμενον
1173 3356 1265 3411 διὰ
1309 3357 1411 3430 τῆς
1446 3359 1850 3431 μεταγνώσεως

250 3449 440 3505 ἑαυτὸν
488 3448 705 3521 νύκτωρ
734 3450 827 3503 καὶ
860 3449 978 3520 μεθ’
1008 3449 1225 3521 ἡμέραν
1250 3451 1555 3521 μαστίζειν,
1580 3451 1680 3524 τὴν
1707 3433 1853 3524 παῤ-

250 3541 454 3597 αίνεσιν
476 3541 569 3597 διὰ
601 3540 944 3614 πραγμάτων
979 3540 1374 3608 ἐπιδείξασθαι.
1733 3545 1739 3560 ”

600 3748 692 3802 Μ’.
721 3776 791 3787 -
828 3747 1090 3819 [suam
1129 3747 1503 3821 ΕΠΙΣΚΟΠῼ.

252 3863 385 3956 Περὶ
413 3861 536 3916 τῶν
565 3861 742 3929 τριῶν
769 3861 1158 3941 Σολομῶντος
1181 3861 1460 3946 ﬁrmiter,
1486 3861 1847 3933 Παροιμιῶν,

345 3935 893 4000 Εκλιλησιαστικων
939 3932 1102 4006 (‘17),
1143 3931 1481 4004 ’ᾼσματων.

1086 3973 1102 3999 ν
1160 3969 1443 3999 qva-ww"
1465 3969 1481 3986 ο

332 4045 558 4118 Ἐπειδὴ
588 4047 719 4118 περὶ
769 4044 869 4115 τῆς
900 4042 1108 4110 τάξεως
1148 4045 1260 4100 τῶν
1287 4043 1461 4116 τριῶν
1493 4045 1720 4118 βιϐλίων
1752 4047 1848 4102 Σο-

249 4139 526 4211 λομῶντος
565 4138 840 4210 ἠθέλησας
872 4136 1068 4208 μαθεῖν
1088 4179 1103 4204 ,
1139 4137 1281 4203 ῐσθι,
1309 4137 1392 4194 δτι
1424 4138 1484 4193 τὸ
1520 4140 1620 4211 μὲν
1649 4139 1849 4212 ἠθικὴν

251 4231 498 4287 ¹παιδεύει
530 4231 736 4304 ἀρετήν
759 4247 773 4262 ο
806 4229 868 4283 τὸ
904 4229 963 4284 δὲ
993 4229 1232 4284 δεικνύει
1279 4229 1390 4285 τῶν
1420 4230 1556 4303 περὶ
1614 4229 1848 4301 βιωτικά

252 4325 608 4397 ιπτοημένων
633 4324 734 4396 τὴν
763 4323 1158 4396 ματαιοπονίαν
1187 4341 1203 4355 ·
1235 4323 1297 4378 τδ
1322 4323 1380 4378 δὲ
1407 4323 1508 4396 τῆς
1531 4323 1706 4379 ταῦτα
1740 4340 1845 4377 πε-

254 4417 621 4490 παιδευμένης
667 4416 849 4488 ψυχῆς
889 4416 983 4471 τὸν
1027 4418 1158 4487 περὶ
1208 4416 1278 4470 τὰ
1322 4415 1443 4470 θεῖα
1493 4415 1698 4487 ἔρωτα.
1746 4417 1848 4473 Διά

2643 1805 2740 1860 age
2768 1791 2806 1843 ¹.
2847 1808 2868 1842 ι

2023 1894 2103 1952 Illi
2155 1898 2412 1968 quidem,
2468 1899 2666 1970 quibus
2716 1898 3000 1956 iracundia
3065 1901 3243 1972 magis
3299 1901 3557 1972 imperat,

1946 1989 2270 2063 plerumque
2315 1991 2593 2047 dil’llcilem
2644 1993 2855 2047 exitum
2904 1993 3251 2060 sortiuntur;
3288 1994 3382 2062 qui
3430 2007 3561 2048 vero

1946 2084 2234 2154 prudentia
2276 2085 2498 2155 quidem
2525 2084 2927 2155 gubernantur,
2960 2100 3194 2156 corpora
3245 2095 3427 2141 autem
3461 2086 3561 2140 ba-

1946 2177 2077 2233 bent
2113 2193 2212 2248 pro
2247 2177 2629 2234 instrumentis
2651 2177 2975 2247 prudentia,
3002 2178 3056 2232 bi
3089 2192 3272 2233 rerum
3305 2179 3563 2247 pulcher-

1947 2267 2211 2322 rimarum
2249 2267 2438 2339 gloriae
2488 2283 2593 2323 non
2643 2275 2772 2324 sunt
2800 2280 3078 2339 expertes.
3123 2270 3307 2340 Atque
3330 2269 3435 2324 hoc
3468 2277 3554 2325 est

1947 2359 2092 2430 quod
2129 2359 2268 2414 dixit
2315 2358 2739 2416 Proverbiorum
2773 2362 3051 2431 scriptor:
3102 2379 3122 2414 ι
3150 2360 3286 2417 Cum
3327 2361 3563 2418 consilio

1946 2452 2058 2522 agit
2082 2451 2287 2506 omnia.
2327 2469 2346 2503 ι
2387 2449 2523 2506 Nam
2555 2451 2938 2523 imprudenter
2976 2467 3142 2526 agere
3169 2462 3335 2522 atque
3383 2453 3558 2512 incir-

1945 2553 2282 2614 cutnspecte,
2323 2543 2689 2612 periculosum
2725 2553 2834 2601 est.

2393 2657 2642 2715 XXXlX.
2672 2692 2744 2704 —
2768 2658 3102 2718 NEMESIO.

2547 2753 2754 2811 Eadem
2789 2757 2856 2813 dc
2881 2773 2959 2811 re.

2018 2891 2247 2964 Oportet
2296 2907 2420 2950 eum
2464 2892 2555 2963 qui
2605 2907 2740 2963 pura
2799 2891 2969 2948 animi
3004 2890 3377 2963 del‘mcataque
3409 2900 3564 2948 tranv

1949 2987 2224 3058 quillitate
2273 2986 2380 3042 frui
2433 2985 2590 3053 velit,
2629 2987 2865 3058 primum
2903 2985 3088 3040 habita
3141 2983 3564 3050 deliberatione,

1949 3083 2030 3138 sic
2053 3081 2248 3138 deinde
2274 3080 2548 3153 proﬁcisci
2573 3081 2642 3136 ad
2688 3079 2981 3136 dicendum
3005 3087 3061 3134 et
3093 3079 3392 3151 agendum.
3421 3075 3563 3133 Nam

1955 3173 2083 3244 quia
2116 3174 2197 3229 sic
2225 3183 2307 3229 est
2324 3182 2731 3243 comparatum,
2760 3180 2820 3225 ut
2846 3171 2992 3225 dicta
3020 3168 3234 3224 iactave
3263 3183 3372 3225 non
3401 3168 3564 3226 facile

1953 3266 2200 3321 revocari
2234 3273 2458 3335 queant,
2494 3261 2982 3332 obtemperandum
3015 3270 3100 3316 est
3129 3259 3560 3318 Proverbiorum

1954 3357 2238 3428 scriptori,
2263 3356 2464 3412 dicenti
2500 3374 2514 3412 :
2557 3373 2577 3407 ι
2612 3353 2750 3411 Cum
2795 3352 3028 3409 consilio
3067 3352 3251 3408 omnia
3286 3366 3409 3425 age.
3448 3371 3469 3406 ι
3505 3349 3565 3409 Si

1954 3451 2082 3521 quis
2128 3449 2264 3505 nolit
2286 3448 2610 3520 pmnitentia
2662 3446 3024 3516 semetipsum
3071 3455 3236 3502 noctu
3282 3438 3448 3516 atque
3475 3445 3565 3501 in-

1957 3540 2131 3597 terdiu
2174 3541 2320 3597 velut
2351 3539 2567 3608 ﬂagello
2597 3539 2831 3604 caedere,
2878 3547 2935 3593 et
2955 3537 3100 3593 hanc
3130 3537 3564 3595 admonitionem

1953 3644 2165 3706 oportet
2193 3635 2324 3705 ipsis
2351 3649 2534 3690 rerum
2564 3631 2906 3704 argumentis
2935 3634 3268 3704 exprimere.

2201 3747 2366 3822 433
2403 3744 2880 3804 XL—lSlDORO
2915 3744 3274 3802 EPISCOPO.

1952 3858 2032 3914 De
2078 3858 2246 3914 tribus
2299 3856 2600 3914 Salomonis
2649 3856 2827 3919 libris,
2881 3855 3318 3922 Proserbiorum,
3376 3853 3564 3911 Eccle-

2334 3929 2695 3992 siasticorum,
2727 3938 2774 3982 et
2801 3924 3170 3983 Canticorum.

2023 4042 2292 4111 Quoniam
2328 4039 2672 4111 signiﬁcasti,
2708 4049 2761 4096 te
2805 4054 3009 4111 cupere
3049 4054 3403 4113 cognoscere,
3452 4054 3564 4110 quo

1951 4138 2144 4194 ordine
2186 4145 2297 4191 tres
2322 4133 2450 4189 libri
2501 4131 2812 4190 Salomonis
2839 4131 3051 4202 legendi
3085 4133 3218 4198 sint,
3253 4147 3416 4189 nosse
3461 4134 3564 4190 de-

1949 4231 2069 4298 bes,
2098 4242 2266 4284 unum
2298 4227 2515 4282 illorum
2554 4225 2754 4283 docere
2799 4226 3062 4281 virtutent
3099 4224 3399 4294 moralem;
3425 4224 3564 4282 alte-

1950 4337 2072 4378 rum
2115 4321 2429 4385 ostendere,
2460 4332 2624 4389 quam
2660 4320 2733 4373 sit
2753 4331 2928 4372 vanus
2964 4326 3132 4387 atque
3171 4315 3361 4373 irritus
3404 4316 3560 4372 labor

1950 4429 2138 4471 eorum
2176 4412 2267 4483 qui
2300 4412 2463 4466 rebus
2493 4409 2654 4478 hujus
2688 4411 2816 4466 vita:
2862 4408 3024 4479 quasi
3053 4409 3275 4465 attoniti
3310 4409 3557 4475 inhiant;

253 4508 410 4564 τοῦτο
437 4507 502 4561 τὸ
549 4506 652 4578 μὲν
685 4506 904 4578 πρῶτον
923 4544 939 4571 ,
967 4505 1028 4559 τὸ
1061 4505 1119 4560 δὲ
1149 4504 1403 4578 δεύτερον
1423 4549 1438 4576 ,
1473 4506 1536 4561 τὸ
1565 4505 1624 4561 δὲ
1653 4507 1838 4580 τρίτον

1953 4505 2168 4564 tertium
2200 4503 2434 4573 denique
2467 4516 2712 4557 amorem
2741 4515 2850 4573 quo
2891 4514 3020 4570 erga
3055 4515 3143 4558 res
3175 4501 3390 4556 divinas
3419 4515 3561 4571 pra:-

327 4669 346 4702 ¹
376 4666 537 4725 Prov.
574 4679 696 4733 xm,
741 4664 838 4732 16;
873 4664 1037 4722 Eccli.
1064 4680 1236 4733 xxxn,
1264 4665 1356 4720 24.

1354 4822 1593 4880 VARIA‘.’
1635 4824 2028 4884 LECTIONES
2062 4825 2151 4883 ET
2192 4825 2431 4895 NOTAE,

323 4989 436 5064 (29)
468 4987 758 5064 inscriptio
786 5001 852 5040 ex
884 4983 1005 5064 cod.
1045 4980 1219 5064 vatic.
1248 4982 1353 5064 03ξο
1385 4983 1547 5064 Εοιε.

320 5053 436 5130 (27)
487 5053 1059 5130 Ἐκκλήσιαᾳεικῶη
1092 5053 1403 5130 Notandum
1467 5055 1842 5130 ξιεξκιιλησιασ-

253 5124 379 5188 τιέὰ
408 5124 590 5184 vocari
617 5131 705 5183 hic
733 5131 801 5180 ab
833 5126 1040 5196 Isidoro
1064 5124 1325 5196 scriptum
1350 5125 1481 5180 illud
1505 5124 1837 5192 Salomonis,

255 5203 391 5272 quod
427 5199 787 5272 Ecclesiastes
836 5195 1237 5272 alias__tlicitur._
1300 5195 1376 5250 De
1422 5199 1623 5272 ordine
1655 5206 1836 5251 autem

253 5265 460 5348 legendi
497 5282 624 5348 tres
648 5265 1155 5348 Salomonis‘l‘ibros
1188 5265 1348 5348 plane
1382 5267 1573 5348 eadem
1611 5266 1664 5348 in
1707 5281 1834 5348 sen-

255 5336 417 5398 tentia
448 5348 535 5396 cst
561 5339 936 5393 Theodoretus
965 5337 1090 5406 Cyri
1115 5336 1406 5406 episcopus
1434 5338 1486 5390 in
1513 5336 1837 5404 prmiatione

255 5351 417 5398 tentia
448 5351 535 5396 est
561 5351 936 5393 't'ueouoretus
965 5351 1090 5459 μίγη
1115 5351 1406 5406 episcopus
1434 5353 1486 5390 tn
1513 5351 1830 5404 pratauone

254 5412 459 5468 Cantici
495 5411 857 5465 canticorum.
900 5424 918 5457 ι
963 5406 1092 5477 llud
1125 5407 1327 5472 etiam,
1371 5407 1566 5477 inquit,
1613 5407 1830 5476 praefari

256 5483 622 5539 necessarium
669 5489 790 5541 est,
839 5477 941 5530 tria
989 5475 1298 5531 Salomonis
1345 5475 1467 5532 esse
1508 5475 1790 5532 volumina
1821 5519 1836 5544 ,

254 5551 545 5609 Proverbia
576 5589 592 5610 .
627 5547 990 5603 Ecclesiasten
1017 5587 1033 5610 ,
1059 5556 1116 5600 et
1156 5545 1442 5601 Canticum
1470 5549 1838 5604 canticorum.

256 5625 328 5679 Ae
355 5621 649 5678 Proverbia
679 5619 892 5686 quidem
919 5618 1105 5670 utilem
1133 5617 1201 5672 de
1230 5619 1472 5672 moribus
1493 5618 1836 5689 disciplinam

257 5693 568 5765 complecti;
591 5689 968 5765 Ecclesiasten
1012 5697 1444 5765 aute_m__eorutn
1483 5704 1606 5765 quae
1654 5692 1832 5745 sensi-

258 5764 352 5818 bus
376 5756 792 5833 'pereipiunturr
844 5767 1092 5813 naturam
1134 5756 1378 5833 indicare
1401 5799 1414 5822 ,
1446 5756 1677 5833 viaeque
1706 5776 1843 5830 prae-

258 5825 422 5892 sentis
449 5825 646 5890 docere
679 5832 991 5896 vanitatem,
1029 5837 1080 5883 nt
1107 5842 1170 5883 ea
1203 5825 1348 5883 llum
1385 5839 1438 5885 et
1484 5825 1831 5901 lragilia‘co-

1950 4993 2296 5058 gngscenles,
2337 4993 2597 5058 tanquam
2641 4983 2852 5053 fugacia
2887 4982 3362 5058 “praetereuntis
3392 4997 3556 5058 sper-

1951 5053 2150 5110 itainus
2176 5095 2189 5118 .
2218 5067 2270 5109 et
2299 5072 2421 5124 quae
2454 5053 2641 5110 futura
2677 5064 2826 5114 sunt.
2865 5053 3135 5124 utiiirma,
3173 5053 3554 5123 permanentia

1950 5134 2114 5196 atque
2146 5123 2352 5179 aeterna
2382 5127 2886 5196 concupiscamus;
2913 5123 3203 5178 Canticum
3236 5138 3364 5196 vero
3386 5126 3560 5178 canti-

1947 5193 2136 5250 corum
2172 5198 2459 5265 mysticam
2496 5193 2690 5266 Sp'ousi
2725 5207 2780 5250 et
2827 5193 3055 5266 Sponsae
3096 5194 3553 5266 necessitudinem

1945 5277 2000 5321 et
2028 5263 2468 5332 continui-tionem
2495 5263 2778 5322 continere
2812 5284 2827 5320 ε
2860 5263 2917 5320 ut
2948 5265 3206 5319 universa
3235 5263 3556 5319 Salomonis

1944 5338 2195 5391 doctrina
2223 5337 2292 5392 1it
2321 5338 2487 5392 veluti
2516 5338 2663 5392 scala
2693 5338 2939 5405 quaedam
2962 5377 2976 5399 ,
3002 5349 3124 5402 qum
3155 5333 3551 5405 tribusAgradi-

1943 5407 2045 5462 bus
2093 5412 2329 5472 constet,
2384 5408 2597 5471 morali,
2638 5399 2872 5461 naiurali
2909 5417 2966 5460 et
3012 5399 3217 5460 divino.
3257 5423 3276 5455 ›
3318 5399 3435 5458 Non
3472 5415 3559 5460 est

1954 5479 2080 5533 huic
2121 5479 2406 5546 quaestioni
2453 5478 2720 5533 absimilis
2767 5482 2992 5531 multum
3046 5475 3133 5529 illa
3167 5476 3309 5529 inter
3339 5474 3557 5546 Stoicus

1953 5544 2155 5618 agitata
2191 5550 2443 5618 qutestio.
2495 5550 2612 5616 Quo
2666 5551 2858 5602 ordine
2916 5546 3194 5601 tractanda
3250 5545 3362 5618 sint
3413 5544 3557 5600 trina

1955 5616 2047 5674 illa
2078 5616 2434 5688 philosophiae
2465 5618 2736 5678 membra.
2771 5633 2892 5687 quae
2922 5618 3087 5688 vulgo
3115 5616 3554 5688 constitunptur,

1957 5683 2154 5760 logica,
2184 5683 2431 5760 physica,
2457 5690 2673 5745 ethica:
2702 5691 2770 5742 de
2788 5683 2892 5759 qua
2923 5683 3044 5744 vide
3071 5687 3363 5758 Diogenem
3386 5683 3556 5740 Laer-

1957 5758 2090 5817 tiutn
2126 5761 2177 5816 in
2219 5758 2331 5816 Vita
2364 5758 2621 5816 Zenonis.
2661 5758 2825 5815 um;
