3976 6428
471 357 601 425 lcet

1630 351 1689 411 s.
1734 336 2029 412 ISIDORI
2069 343 2509 410 PELUSIOI‘AZ

3598 335 3738 401 1092

467 476 579 531 dita
613 474 684 528 sit
729 471 814 527 illa
845 472 1046 535 anima,
1090 483 1209 539 qua:
1259 465 1538 537 superiora
1568 465 1678 535 iam
1711 467 1920 523 didicit.
1954 467 2041 519 At-

2155 465 2436 518 τέτακται.
2503 466 2545 514 υ
2572 458 2630 513 δὲ
2673 457 2778 529 γὰρ
2806 457 2872 511 τὰ
2907 456 3072 528 ἠθικὰ
3104 453 3491 529 κατορθώσας,
3520 449 3602 521 τῷ
3636 466 3733 521 με·

469 580 574 636 que
628 566 743 618 lure
801 563 939 617 ratio
990 569 1075 615 est
1130 558 1361 623 ordinis,
1424 571 1593 626 quare
1646 556 1776 611 illud
1827 555 2043 626 quidem

470 660 643 727 primo
666 656 803 718 loco,
830 654 970 708 istud
995 663 1173 707 autem
1204 649 1466 714 secundo,
1491 650 1595 705 hoc
1626 650 1858 717 denique
1887 648 2045 703 tertio

468 748 788 804 collocatum
837 745 907 800 sit
945 759 1097 813 epus.
1126 740 1226 808 Qui
1264 750 1439 796 autem
1475 741 1528 794 iu
1562 740 1754 795 ethicis
1782 738 1945 808 probe
1988 751 2047 792 se

467 837 671 909 gessit,
733 839 858 889 dum
921 831 1338 886 Prove'rbiorum
1413 826 1696 898 scriptoris
1752 822 2046 893 discipulus

470 932 575 985 fuit
618 940 673 984 et
708 929 827 983 vitae
864 933 1128 994 prmcepta
1162 923 1230 977 ah
1263 920 1588 976 Ecclesiaste
1622 917 1831 983 didicit,
1877 916 1943 971 de
1981 930 2046 972 eo

468 1021 811 1077 metuendum
852 1033 957 1072 non
1004 1025 1104 1080 est,
1143 1029 1212 1070 ne
1263 1016 1328 1067 ad
1377 1013 1658 1068 Canticum
1704 1008 2043 1063 canticorum

465 1116 693 1176 delatus,
738 1114 790 1166 in
823 1108 1096 1165 carnalem
1130 1116 1184 1162 et
1220 1104 1477 1161 moralem
1516 1116 1757 1158 amorem
1794 1101 1991 1155 incidat
2028 1117 2043 1155 :

464 1208 593 1276 quin
629 1205 805 1275 potius
844 1202 1080 1255 futurum
1123 1209 1225 1263 est,
1272 1208 1329 1251 ut
1367 1197 1431 1251 ad
1473 1211 1666 1263 purum
1703 1208 1764 1249 ac
1803 1193 2043 1247 divinum

468 1298 615 1350 illum
648 1310 901 1365 Sponsum
934 1292 1085 1361 quasi
1134 1288 1454 1358 quibusdam
1495 1285 1597 1349 alis
1643 1283 1917 1349 elleratur,
1954 1282 2043 1351 qui

467 1389 651 1441 beatos
679 1383 990 1454 pronuntiat
1020 1395 1114 1435 eos
1136 1382 1225 1449 qui
1261 1377 1351 1431 tali
1378 1386 1504 1431 sunt
1536 1390 1719 1430 arnore
1751 1374 2041 1430 vulnerati.

470 1478 657 1533 Moneo
692 1477 872 1544 itaque
902 1474 1295 1533 adolescentes,
1327 1479 1381 1523 et
1425 1478 1617 1523 auctor
1646 1467 1777 1536 ipsis
1806 1482 1946 1532 sum,
1979 1481 2045 1521 ne

466 1568 614 1637 prius
638 1564 847 1619 tertium
878 1563 1142 1630 attingant
1165 1575 1320 1628 opus,
1347 1572 1506 1626 quant
1534 1558 1585 1610 in
1613 1554 1884 1627 prioribus
1912 1556 2043 1611 duo-

466 1660 566 1713 bus
596 1656 854 1727 prteclat'e
884 1669 939 1709 se
967 1652 1253 1723 gesserint.
1291 1650 1593 1705 Absurdum
1627 1648 1791 1712 enim,
1831 1647 1911 1703 vel
1950 1662 2043 1717 po-

467 1750 572 1805 tius
611 1749 771 1803 nitnis
802 1745 1147 1799 temerarium
1176 1752 1229 1796 et
1264 1740 1438 1795 audax
1469 1749 1554 1793 est
1597 1739 1892 1810 negotium,
1932 1750 1986 1793 et
2011 1755 2041 1792 a

2152 552 2527 627 μαθητεῦσθαι
2578 552 2658 622 τῷ
2704 552 3122 621 Παροιμιαστῇ,
3173 548 3268 603 καὶ
3317 545 3419 617 τὴν
3473 542 3733 614 βιωτικὴν

2148 645 2453 717 φαντασίαν
2478 645 2871 717 καταπατήσας
2906 640 2984 712 τῷ
3017 638 3413 709 πεφοιτηκέναι
3463 634 3620 707 παρὰ
3654 634 3733 705 τῷ

2161 736 2560 806 Ἐκκλησιαστῇ
2595 732 2707 804 (Ξθ)
2730 772 2745 797 ,
2797 716 2897 786 οὐκ
2951 730 3018 785 ἂν
3053 731 3181 800 περὶ
3210 728 3272 783 τὸ
3316 728 3426 782 τῶν
3466 727 3733 798 ᾀσμάτων

2146 823 2336 898 *ᾼσμα
2375 824 2547 878 ἐλθὼν
2584 827 2664 888 είς
2696 824 2959 892 σαρκικὺν
3016 824 3111 877 καὶ
3142 821 3335 890 ἠθικὸν
3393 820 3507 888 (29)
3550 817 3732 888 ἔρωτα

2146 916 2485 988 ὀλισθήσειεν
2513 931 2527 946 ο
2563 915 2699 968 ἀλλὰ
2730 916 2858 985 περὶ
2888 915 2978 967 τὸν
3005 914 3271 984 ἄχραντον
3300 913 3395 965 καὶ
3421 911 3565 963 Θεϊον
3598 926 3734 962 πτε-

2151 1009 2347 1081 ρωθείη
2379 1007 2633 1078 νυμφίον,
2658 1010 2748 1060 τὸν
2778 1004 3081 1077 μακαρίους
3109 1006 3237 1067 τοὺς
3258 1003 3570 1072 τρωθέντας
3599 1004 3735 1054 ἁπο-

2148 1103 2424 1173 φαίνοντα.
2456 1100 2715 1171 Παραινῶ
2774 1094 3063 1167 τοιγαροῦν
3091 1097 3201 1158 τοῖς
3227 1095 3366 1158 νέοις
3385 1135 3401 1157 ,
3433 1091 3511 1164 μὴ
3533 1092 3735 1162 πρότε-

2149 1207 2242 1263 ρον
2272 1190 2535 1245 ἅπτεσθαι
2576 1188 2670 1243 τοῦ
2700 1189 2884 1258 τρίτου
2922 1184 3391 1256 συγγράμματος,
3440 1182 3572 1254 πρὶν
3603 1181 3635 1251 ἦ
3665 1182 3734 1235 τὰ

2147 1284 2206 1334 ὲν
2242 1284 2352 1345 τοῖς
2390 1282 2509 1335 δυσὶ
2540 1280 2965 1351 κατορθώσειαν.
2999 1280 3234 1331 Ἀτοπον
3274 1276 3406 1347 γὰρ,
3445 1274 3647 1346 μᾶλλον
3675 1274 3733 1327 δὲ

2149 1373 2536 1444 ῥιψοκίνδυνον.
2568 1372 2660 1425 καὶ
2690 1372 2987 1441 παρὰτοὺς
3018 1368 3315 1441 μυστικοὺς
3338 1367 3597 1437 Θεσμοὺς,
3618 1368 3732 1429 τοίς

2144 1463 2358 1528 ἀδύτοις
2386 1463 2676 1533 ὲπιπηδᾷν,
2707 1464 2835 1525 τοὺς
2874 1462 3007 1531 μηδὲ
3049 1462 3157 1515 τῶν
3189 1458 3481 1530 προθύρων
3516 1457 3728 1523 ἀξίους.

2149 1557 2360 1627 Ὠσπερ
2402 1556 2510 1625 γὰρ
2536 1558 2592 1606 ὲν
2620 1553 2697 1625 τῷ
2741 1552 2853 1623 ναῷ
2897 1553 2967 1606 τὰ
3006 1552 3103 1623 μὲν
3145 1551 3249 1620 ἔξω
3291 1552 3455 1606 πᾶσίν
3486 1553 3596 1605 εἰσι
3629 1551 3731 1621 βά-

2146 1664 2281 1717 σιμα
2306 1662 2319 1676 ’
2358 1648 2424 1701 τὰ
2451 1646 2495 1699 δ’
2520 1646 2664 1699 ἔνδον
2707 1646 2827 1716 ίερὰ
2846 1684 2859 1707 ,
2888 1646 2989 1699 ὅσα
3011 1644 3089 1715 τῷ
3118 1644 3595 1716 περισχοινίσματι
3630 1660 3732 1698 πε-

2149 1736 2429 1807 ριείληπτο
2456 1778 2470 1797 ,
2516 1736 2652 1805 βατά
2690 1736 2820 1789 ὄντα
2846 1776 2860 1800 ,
2905 1736 3018 1796 τοῖς
3063 1735 3278 1797 πολλοῖς
3332 1735 3572 1805 ἀνιέροις
3632 1734 3732 1788 eral.

464 1837 944 1910 mysticis-legibus
983 1834 1283 1888 abhorrens
1312 1839 1372 1884 ut
1400 1830 1452 1884 in
1486 1831 1647 1901 adyta
1676 1829 1917 1885 insiliant
1953 1845 2041 1885 se-

2152 1828 2399 1899 BEGﬁKpt;
2429 1827 2604 1881 ἄϐατα
2635 1824 2723 1897 ἦν·
2750 1828 2820 1880 τὰ
2849 1827 2905 1881 δὲ
2934 1826 3079 1880 ἔνδον
3114 1826 3273 1897 ίερῶν
3309 1824 3603 1897 ίερώτερα,
3636 1826 3733 1878 καὶ

463 1946 630 2001 seque
671 1936 976 2001 penetrem,
1002 1925 1094 1995 qui
1138 1939 1205 1979 ne
1235 1919 1515 1978 vestibulis
1551 1921 1768 1988 quidem
1795 1922 1901 1977 sint
1950 1922 2044 1975 ad-

465 2024 571 2079 huc
611 2022 777 2093 digni.
808 2018 1271 2087 Quemadmodum
1312 2015 1455 2069 enim
1496 2012 1547 2066 in
1584 2013 1784 2082 templo
1811 2029 1876 2069 ea
1926 2012 2043 2083 qui-

461 2115 585 2169 dem
614 2129 734 2183 quae
772 2112 904 2167 l'oris
940 2121 1117 2175 erant,
1154 2108 1403 2164 omnibus
1446 2108 1596 2163 adire
1636 2106 1832 2161 licebat
1872 2124 1895 2160 :
1923 2122 2044 2176 quas

460 2223 591 2262 vero
623 2209 765 2261 intus
794 2214 948 2261 erant
979 2217 1157 2269 sacra,
1191 2216 1313 2271 quae
1349 2201 1469 2257 velo
1515 2200 2043 2269 comprehendeban-

462 2308 548 2353 tur
578 2297 811 2361 obtecta,
844 2294 1089 2365 quamvis
1120 2294 1358 2363 alioquin
1392 2292 1526 2347 adiri
1559 2300 1827 2363 poterant,
1863 2301 2040 2347 tamen

460 2404 489 2442 a
516 2388 673 2457 vulgo
695 2402 799 2441 non
827 2393 1152 2440 consecrato
1191 2392 1245 2438 et
1274 2380 1503 2452 profano
1538 2381 1672 2434 adiri
1710 2392 1814 2434 non
1889 2386 2042 2450 pote-

462 2490 587 2535 rant
622 2494 635 2533 :
663 2493 783 2547 quae
826 2475 1055 2546 denique
1083 2474 1268 2529 intima
1301 2479 1455 2527 erant
1477 2470 1676 2526 Sancta
1707 2480 2039 2535 sanctorum,

460 2582 517 2628 et
542 2570 907 2629 sacratissima
968 2582 1144 2631 sacra,
1178 2567 1245 2620 ad
1277 2580 1339 2620 ea
1375 2579 1473 2621 nec
1512 2562 1617 2619 illis
1642 2560 1856 2631 quidem
1888 2569 2040 2631 pate-

458 2664 553 2719 bat
584 2662 782 2727 aditus,
818 2660 908 2730 qui
942 2658 1106 2713 vitam
1152 2664 1377 2727 agerent
1420 2654 1772 2721 inculpatam,
1800 2654 1893 2707 sed
1941 2650 2039 2707 soli

459 2754 543 2810 fas
594 2760 714 2808 erat
771 2750 980 2823 ingredi
1028 2762 1241 2805 summo
1287 2746 1581 2811 sacerdoti,
1628 2746 1719 2814 qui
1780 2744 2040 2799 nimirum

460 2846 698 2916 seipsum
747 2849 1112 2907 consecrarat,
1153 2847 1209 2893 et
1244 2852 1459 2893 omnem
1511 2835 1791 2891 mortalem
1848 2849 2037 2904 rugam

2151 1921 2322 1990 ἁγίων
2352 1922 2519 1989 ’Δγια
2544 1961 2559 1985 ,
2588 1914 2670 1984 οἷς
2700 1918 2823 1973 οὐδὲ
2860 1921 2973 1982 τοῖς
3015 1918 3107 1971 τὸν
3138 1916 3505 1990 ἀνεπίληπτον
3544 1918 3733 1987 ἔχουσι

2152 2013 2265 2084 βίον
2302 2013 2560 2083 ἐπιϐῆναι
2589 2006 2655 2082 ἦν
2686 2010 2861 2082 θέμις,
2895 2009 3031 2065 ἀλλὰ
3055 2009 3133 2081 τῷ
3164 2011 3412 2081 ἀρχιερεῖ
3452 2009 3620 2080 μόνῳ,
3651 2008 3734 2080 τῷ

2149 2104 2342 2159 ἑαυτὸν
2396 2104 2639 2174 δηλονότι
2694 2102 3083 2174 ἀφιερώσαντι,
3133 2103 3228 2156 καὶ
3279 2103 3463 2156 πᾶσαν
3526 2098 3734 2172 θνητὴν

2150 2195 2567 2266 ἀποσεισαμένῳ
2598 2194 2793 2263 κηλῖδα
2816 2211 2830 2225 ·
2865 2192 3007 2247 οὕτω
3040 2194 3180 2247 κάπὶ
3209 2192 3322 2247 τῶν
3353 2193 3577 2263 βιϐλίων
3605 2194 3734 2247 τού-

2148 2302 2256 2339 των
2287 2286 2597 2340 διακεῖσθαι
2620 2285 2751 2349 τοὺς
2780 2286 2936 2348 νέους
2979 2283 3107 2356 χρὴ,
3146 2284 3364 2354 πρῶτον
3396 2284 3498 2357 μὲν
3518 2288 3585 2357 τῇ
3622 2286 3734 2339 τῶν

2148 2378 2295 2449 ἠθῶν
2331 2376 2745 2449 λαμπρύνεσθαι
2793 2378 2994 2448 ἁρετῇ’
3047 2375 3239 2431 ἔπειτα
3294 2377 3734 2446 καταγινώσκειν

2147 2470 2244 2539 τῆς
2276 2467 2383 2521 τῶν
2411 2467 2678 2538 βιωτικῶν
2706 2468 3047 2537 πραγμάτων
3074 2468 3350 2532 οὑδενείας
3372 2485 3386 2499 ·
3420 2469 3518 2522 καὶ
3551 2468 3733 2532 οὕτως

2149 2559 2390 2631 hui/100m
2419 2560 2529 2615 τῶν
2561 2564 2674 2625 τοῖς
2732 2562 2949 2625 πολλοῖς
2998 2561 3327 2629 ἀνεφίκτων.
3375 2562 3437 2614 Ol
3469 2560 3577 2634 γὰρ
3623 2560 3734 2628 ἔξω

2150 2650 2623 2723 περιρραντηρίων
2658 2648 2798 2705 εἶναι
2833 2650 3140 2718 ὀφείλοντες
3161 2692 3175 2716 ,
3209 2651 3259 2703 εί
3288 2650 3730 2722 φιλονεικήσειαν

2153 2741 2228 2813 μὴ
2259 2742 2597 2813 μεμυημένοι
2620 2745 2688 2814 τῇ
2710 2742 2833 2813 θείᾳ
2862 2741 3075 2812 τελετῇ,
3109 2742 3500 2813 ῥιψοκινδύνως
3522 2744 3736 2799 hrum-

2153 2834 2344 2905 μᾶσαι,
2380 2833 2535 2904 δίκην
2565 2833 2794 2887 δώσουσι
2824 2833 2921 2905 τὴν
2949 2833 3207 2906 ἐσχάτην.

460 2942 822 3010 deposuerat:
845 2937 922 2991 sic
957 2937 1125 2991 etiam
1169 2949 1299 3005 erga
1334 2934 1498 2988 hosce
1529 2932 1835 2987 Salomonis
1873 2930 2040 2987 libros
2078 2928 2252 2987 allecti
2281 2946 2400 2986 esse
2423 2932 2617 2986 debent
2679 2932 3047 2987 adolescentes
3076 2949 3090 2987 :
3128 2939 3182 2986 ct
3209 2932 3445 3002 primum
3505 2932 3731 3003 quidem

458 3034 699 3088 omnium
745 3030 1029 3101 splendere
1070 3045 1280 3085 morum
1311 3029 1530 3095 virtute,
1566 3029 1762 3085 deinde
1825 3043 1955 3085 vero
1987 3042 2170 3084 rerum
2224 3027 2293 3083 ad
2339 3030 2477 3083 hanc
2545 3027 2708 3080 vitam
2790 3026 3175 3096 pertinentium
3226 3027 3523 3085 nullitatem
3564 3038 3733 3098 atque

460 3125 777 3181 inanitatem
802 3123 1200 3178 condemnare:
1223 3130 1279 3177 et
1306 3122 1387 3178 sic
1412 3122 1629 3177 demum
1653 3136 1715 3176 ea
1745 3124 2033 3193 attingere,
2076 3136 2199 3191 quae
2228 3121 2416 3193 vulgus
2458 3119 2736 3176 hominum
2803 3120 3017 3189 assequi
3047 3120 3249 3191 nequit.
3280 3118 3415 3175 Nam
3483 3121 3577 3192 qui
3605 3138 3729 3179 cum

460 3230 615 3275 extra
652 3226 802 3287 septa
841 3232 964 3274 esse
1009 3217 1261 3285 debeant,
1292 3217 1337 3274 si
1371 3218 1660 3274 temerario
1698 3232 1833 3275 auso
1873 3217 1927 3274 in
1955 3231 2114 3275 sacra
2177 3216 2358 3273 divina
2394 3231 2501 3272 non
2570 3214 2768 3270 initiati
2837 3215 3047 3270 irruere
3110 3214 3577 3286 praesumpserint,
3610 3231 3731 3287 pte-

464 3330 566 3369 nas
596 3313 796 3369 dabunt
825 3324 1120 3369 extremas.

990 3422 1127 3478 XLI.
1161 3453 1227 3465 —
1255 3423 1507 3483 ΡΕἹΊίΟ.

538 3509 604 3565 In
631 3511 785 3577 illud,
825 3529 845 3564 ι
890 3509 1012 3566 Non
1056 3529 1170 3568 esse
1196 3513 1573 3585 eleemoryuam
1601 3530 1780 3570 coram
1809 3514 1973 3569 horni-

914 3585 1063 3637 nibus
1097 3588 1443 3639 exercendam
1468 3587 1510 3639 ’.
1552 3602 1571 3635 ι

536 3712 703 3767 Miror
727 3714 970 3783 equidem
1004 3724 1354 3789 tuaquuam
1388 3719 1572 3783 debes,
1601 3719 2038 3789 imprudentiam.

466 3805 651 3875 Neque
675 3806 818 3861 enim
862 3821 926 3862 eo
964 3816 1015 3861 te
1056 3786 1342 3863 denientnr
1386 3786 1693 3879 prolapsui’n
1736 3826 1855 3865 esse
1890 3812 2039 3866 arbi-

468 3908 583 3953 tror
615 3908 667 3951 ut
700 3898 999 3963 existimes,
1032 3912 1125 3954 eos
1154 3900 1244 3969 qtti
1276 3898 1663 3955 misericordia:
1694 3916 1854 3971 Opera
1886 3916 2041 3956 exer-

465 4000 606 4055 cent,
627 3990 719 4045 sed
735 4005 796 4046 ea
809 3999 1104 4059 ostentant,
1133 3990 1427 4047 deteriores
1440 4006 1560 4049 esse
1579 3993 1708 4057 illis,
1723 3994 1811 4063 qui
1836 4008 1897 4048 ea
1921 3992 2038 4065 pla-

469 4095 534 4133 ne
554 4094 657 4134 nen
687 4091 956 4135 exercent.
983 4079 1095 4149 Ego
1124 4096 1272 4147 vero,
1302 4084 1427 4151 quid
1465 4084 1567 4138 hac
1600 4084 1667 4139 de
1696 4099 1754 4140 re
1786 4086 2039 4153 sentiam,

465 4184 751 4241 exponam.
779 4170 946 4244 434
972 4171 1064 4227 llle
1093 4173 1309 4243 preprie
1336 4175 1568 4230 maxime
1589 4190 1692 4246 que
1716 4186 1800 4232 est
1834 4179 2043 4232 miseri-

465 4276 609 4328 cors,
639 4262 729 4331 qui
761 4264 1168 4318 beneﬂcentiam
1195 4265 1413 4334 quidem
1437 4274 1689 4334 exercet;
1720 4282 1824 4322 non
1860 4276 2037 4322 tamen

464 4352 701 4423 divulgat
738 4369 923 4408 eorum
953 4354 1149 4423 quibus
1180 4354 1378 4410 benth
1404 4354 1743 4411 calamitates
1784 4372 1848 4411 ac
1875 4360 2041 4413 mise-

469 4448 594 4500 rias.
627 4446 683 4499 Si
712 4447 832 4515 quis
859 4446 910 4500 id
942 4446 1102 4500 iaciat
1162 4446 1331 4517 ipsius
1370 4448 1585 4503 honesti
1619 4462 1801 4515 causa,
1840 4449 1888 4505 is
1920 4465 2040 4505 ma-

2662 3421 2796 3483 MA'.
2840 3453 2900 3463 —
2941 3423 3194 3495 nstro.

2143 3518 2248 3583 Είς
2276 3521 2341 3571 τό
2352 3520 2465 3572 'rM
2474 3516 2505 3584 ὴ
2547 3517 2740 3589 ποιοῖεν·
2772 3516 2888 3583 τὴν
2922 3517 3347 3586 ἐλεημοσύνην
3377 3518 3727 3589 ἔμπροσθεν

2653 3586 2772 3641 τῶν
2804 3589 3148 3655 ἀνθρώπων.
3191 3606 3211 3640 ι

2213 3722 2493 3793 Θαυμάζω
2524 3738 2618 3775 σου
2666 3720 2764 3791 τὴν
2802 3721 3292 3794 κεχρεωστημένην
3331 3722 3443 3794 (⁸50)
3478 3724 3727 3797 ἀφροσύ-

2143 3830 2262 3885 νην.
2294 3816 2369 3867 Οὐ
2400 3814 2508 3885 γὰρ
2534 3808 2687 3883 οἶμαί
2717 3830 2774 3866 σε
2809 3816 2888 3877 είς
2929 3814 3200 3885 τοσαύτην
3239 3816 3424 3870 ἄνοιαν
3455 3816 3725 3887 ἐληλακέ-

2143 3923 2252 3969 ναι,
2283 3905 2359 3969 ὠς
2408 3906 2645 3975 νομίσαι,
2692 3906 2816 3968 τοὺς
2843 3904 3127 3969 ἐλεοῦντας
3158 3908 3279 3977 μὲν,
3333 3907 3720 3980 ἐπιδεικνυμέ-

2144 4015 2267 4063 νους
2296 3998 2374 4065 δὲ,
2410 3998 2518 4052 τῶν
2573 3998 2648 4069 μὴ
2700 3997 2994 4050 ἐλεούντων
3027 3998 3244 4070 χείρους
3284 3994 3443 4053 εἶναι.
3492 3999 3637 4069 Ἐγὼ
3664 4000 3723 4055 δὲ

2142 4089 2217 4152 ῶς
2246 4088 2353 4160 ἔχω
2387 4087 2611 4160 γνώμης
2645 4089 2773 4159 περὶ
2814 4087 3021 4142 τούτων
3068 4090 3265 4158 φράσω
3291 4104 3303 4117 ’
3339 4091 3422 4143 ὅτι
3470 4089 3721 4163 ἐλεήμων

2148 4178 2246 4248 μέν
2270 4179 2385 4231 ἐστι
2430 4178 2633 4245 κυρίως
2681 4179 2909 4242 ἐκεῖνος,
2940 4179 2969 4231 ὁ
2995 4177 3298 4248 εὐεργετῶν
3329 4178 3429 4251 μὲν
3454 4223 3469 4247 ,
3517 4180 3593 4252 μὴ
3624 4183 3723 4235 ὲκ-

2145 4266 2443 4337 πομπεύων
2471 4267 2527 4320 δὲ
2580 4266 2673 4328 τὰς
2703 4265 2812 4321 τῶν
2847 4262 2905 4318 εὖ
2943 4266 3263 4337 πασχόντων
3299 4268 3605 4339 συμφοράς.
3652 4272 3716 4324 El

2147 4358 2247 4429 μὲν
2277 4357 2387 4429 γὰρ
2418 4357 2487 4411 δι’
2518 4357 2649 4411 αὐτὸ
2676 4358 2736 4410 τὸ
2764 4358 2928 4411 καλόν
2968 4375 3050 4423 τις
3080 4358 3327 4430 πράξειε,
3363 4358 3589 4430 μείζονα
3605 4362 3721 4433 ἔχει

2141 4450 2234 4503 τὸν
2271 4447 2460 4517 μισθὸν
2520 4446 2614 4501 τοῦ
2661 4448 2749 4501 διὰ
2808 4447 2997 4518 μισθὸν
3044 4448 3173 4503 αὐτὸ
3209 4450 3523 4513 ποιοῦντος
3576 4452 3625 4504 εί
3664 4451 3723 4505 δὲ

466 4538 639 4605 iorem
684 4538 904 4591 habebit
959 4538 1282 4603 mercedem,
1335 4554 1420 4605 eo,
1464 4540 1556 4609 qui
1604 4542 1868 4596 mercedis
1914 4556 2041 4612 ergo

2151 4539 2231 4591 διὰ
2270 4537 2459 4608 μισθὸν
2486 4536 2648 4599 Θείον,
2688 4538 2744 4590 ὲν
2775 4536 3006 4608 δευτέρᾳ
3046 4535 3195 4603 τάξει
3231 4537 3512 4604 τετάξεται
3540 4555 3555 4569 ⁸
3584 4540 3634 4592 εί
3663 4540 3722 4593 δὲ

474 4629 609 4681 idem
656 4627 826 4691 facit;
869 4628 913 4679 si
954 4643 1080 4681 vero
1120 4629 1187 4680 ob
1231 4629 1533 4683 mercedem
1573 4629 1803 4684 divinam
1839 4671 1852 4695 ,
1910 4631 1954 4685 is
1991 4632 2041 4684 in

2151 4625 2212 4677 δι’
2239 4626 2459 4679 ἔπαινον
2493 4628 2655 4691 ποιεῖ,
2683 4626 2795 4691 ἔξει
2835 4625 2993 4678 τοῦτο
3019 4625 3085 4679 δι’
3114 4626 3143 4678 ὃ
3174 4626 3267 4679 καὶ
3302 4627 3618 4697 πεποίηκεν.
3664 4628 3724 4681 ’0

469 4721 702 4775 secunda
739 4719 911 4773 classe
967 4718 1336 4773 eollocabitur.
1389 4718 1441 4773 Si
1481 4720 1602 4788 quis
1651 4731 1829 4775 autem
1872 4722 2041 4777 laudis

2151 4716 2205 4768 δὲ
2239 4717 2375 4786 μήτε
2423 4715 2489 4768 δι’
2520 4716 2651 4768 αὐτὸ
2682 4717 2741 4768 τὸ
2774 4716 2958 4785 καλὸν,
2994 4720 3130 4788 μήτε
3163 4718 3251 4771 διὰ
3306 4719 3396 4772 τὸν
3437 4718 3581 4771 θεῖον
3627 4735 3722 4787 μι-

470 4810 611 4878 apud
656 4811 897 4863 homines
927 4810 1313 4877 consequentiae
1350 4811 1519 4878 gratia
1562 4810 1614 4864 id
1652 4809 1801 4877 facit,
1843 4812 1890 4869 is
1934 4814 2034 4870 hoc

2151 4807 2271 4861 σοδν
2294 4850 2308 4874 ,
2344 4810 2478 4879 μήτε
2506 4807 2572 4861 δι’
2623 4808 2958 4879 ἀνθρώπινον
3008 4810 3227 4865 ἔπαινον
3274 4810 3443 4865 ποιῶν
3483 4811 3544 4864 τὸ
3573 4811 3719 4874 δέον.

470 4903 668 4970 ipsum,
700 4900 851 4967 cujus
885 4901 1052 4969 gratia
1094 4899 1349 4964 iaciebat,
1378 4898 1619 4955 habebit.
1646 4902 1715 4956 At
1745 4904 1833 4972 qui
1865 4918 2039 4973 neque

2151 4900 2259 4952 οὐδὲ
2301 4899 2584 4969 ἅνθρωπος
2611 4893 2750 4953 εἷναί
2800 4917 2893 4970 μοι
2920 4900 3105 4968 δοκεῖ,
3153 4902 3267 4955 ἀλλ’
3297 4903 3574 4974 ἀλιτήριος
3598 4902 3721 4957 δαί-

473 4993 641 5059 ipsius
696 4992 999 5045 honestatis
1060 5005 1246 5055 causa,
1307 5006 1481 5059 neque
1535 5001 1751 5062 prepter
1801 4993 2038 5049 divinam

2151 5012 2281 5064 μων.
2327 4996 2405 5047 Δι’
2443 4994 2511 5066 ἣν
2552 4995 2730 5048 τοίνυν
2781 4993 2961 5050 αἰτίαν
2991 4995 3054 5049 σὺ
3099 4995 3207 5051 τῶν
3243 4996 3403 5050 θείων
3453 4996 3723 5067 χρησμῶν

474 5081 793 5146 mercedem,
838 5092 1009 5147 neque
1060 5088 1274 5148 propter
1324 5081 1610 5134 humanam
1658 5080 1867 5135 laudem
1912 5081 2040 5137 facit

2151 5084 2401 5150 Ξικούσας,
2472 5084 3001 5156 παρακελευομένων
3055 5087 3129 5159 μὴ
3161 5090 3334 5142 ποιεῖν
3365 5088 3463 5159 τὴν
3492 5087 3723 5159 ἐλεημο-

471 5170 703 5226 ot'licium
746 5188 759 5224 :
797 5170 843 5226 is
883 5170 1013 5224 mihi
1062 5185 1128 5226 ne
1172 5172 1333 5226 homo
1376 5172 1591 5241 quidem
1639 5185 1759 5227 esse
1796 5173 2027 5240 videtur,

2151 5179 2305 5247 σύνην
2339 5178 2648 5249 ἔμπροσθεν
2691 5178 2799 5232 τῶν
2831 5178 3151 5249 ἀνθρώπων,
3185 5182 3247 5235 οὐ
3295 5181 3383 5235 διὰ
3412 5181 3722 5251 φιλοδοξίαν

542 5327 561 5357 ³
590 5324 775 5379 Matth.
803 5340 874 5390 vt,
909 5326 965 5387 5,
1006 5326 1059 5378 4.

1558 5440 1787 5499 VARle
1829 5442 2213 5505 LECTIONES
2254 5447 2343 5504 ΕΤ
2383 5447 2615 5505 NOTAE.

2213 5606 2326 5679 (se)
2360 5607 2475 5679 Pro
2510 5606 2703 5677 ἠθικόν
2742 5609 2881 5664 idem
2908 5610 3033 5664 cod.
3074 5573 3198 5679 legit
3221 5608 3426 5663 ὑλικόν.
3460 5605 3673 5679 possis.

2209 5677 2323 5753 (ὂψ)
2351 5677 2513 5753 _Vers.
2552 5679 2573 5732 l
2620 5694 2706 5748 ep.
2741 5696 2835 5753 pro
2871 5677 3367 5753 κεχρεωστημένην
3409 5678 3528 5734 cod.
3588 5677 3715 5736 Vat.

2137 5747 2241 5803 650
2277 5748 2439 5803 habet
2467 5747 2873 5821 κεχρωσμένην.
2900 5747 3106 5808 Ρύεειιι.

537 5597 653 5673 (28),
685 5597 826 5673 llaec,
854 5598 945 5673 καὶ
971 5596 1357 5673 την-βιωτικὴν
1503 5600 1654 5673 παρὰ
1678 5599 1754 5671 τῷ
1800 5600 2031 5673 Ἐκκλη-

473 5672 684 5734 σιαστῂ,
716 5669 994 5723 omittebat
1026 5670 1111 5722 ed.
1170 5669 1339 5722 Paris.
1380 5669 1753 5727 liesﬁtu'untur
1786 5687 1814 5727 e
1843 5669 2031 5729 codice

477 5736 725 5791 Vaticano
755 5753 838 5806 ap.
864 5735 1137 5793 Possiuuiu
1198 5737 1352 5790 Eutr.
