3976 6412
223 345 354 411 1093
1105 342 1649 405 EPISTOLARUM
1687 341 1834 402 LIB.
1879 341 1976 402 IV.
2015 364 2086 377 ν·-
2124 341 2365 403 EPIST.
2392 343 2614 406 XLIII.
3383 341 3524 409 1094

219 454 546 527 ἀνεχόμενός
580 473 636 509 τι
683 442 866 509 ποιεῖν
903 454 1162 528 χρηστὸν,
1185 453 1326 514 ⁵’τοὺς
1367 449 1458 504 διὰ
1502 449 1798 520 φιλοτιμίαι

1923 447 2021 506 sed
2071 449 2410 520 perniciosus
2452 451 2672 519 quidam
2716 458 2771 506 et
2810 450 3008 507 noxius
3055 449 3292 506 daemon.
3337 450 3522 518 Quare

221 547 505 609 ποιοῦντας
537 548 722 617 alui;
756 540 913 616 Ὀσῳ
930 547 1040 616 γάρ
1074 543 1342 616 κρείττων
1388 543 1419 594 ό
1447 542 1537 597 διὰ
1570 541 1670 612 τὴν
1698 539 1798 594 τῶν

1923 542 2108 613 igitur,
2145 544 2335 613 tu,qui
2373 544 2554 599 divina
2580 545 2798 600 oracula
2832 545 3112 609 audivisti,
3165 546 3520 600 admonentia

217 637 518 707 ἀνθρώπων
561 637 722 702 δόξαν
765 641 1123 710 σωφροσύνην
1170 635 1378 701 ἀσκῶν,
1408 634 1506 688 τοῦ
1545 635 1682 706 μηδὲ
1719 631 1798 686 διὰ

1919 649 1986 691 ne
2019 634 2282 690 faciamus
2322 635 2730 709 eleemosynam
2771 651 2957 694 coram
3003 635 3335 702 hominibus,
3389 651 3521 692 cuin

217 730 418 800 ταύτην
451 729 865 800 σωφρονοῦντος
885 747 899 761 ·
945 728 1202 784 τοσοῦτον
1234 729 1263 782 ό
1294 726 1382 780 διὰ
1411 726 1718 796 φιλοδοξίαν
1746 719 1798 779 εἰ

1922 723 2037 795 ipse
2082 737 2151 780 ne
2202 724 2421 795 quidem
2473 726 2660 796 gloria
2707 729 3002 796 cupiditate
3033 727 3298 782 adductus
3349 727 3516 798 quidc-

220 826 405 893 ποιῶν,
455 825 553 882 τοῦ
600 827 851 897 μηδόλως
891 819 951 879 εὖ
989 823 1271 886 ποιοῦντος
1304 820 1567 894 ἀμείνων.
1627 821 1688 874 'O
1719 819 1798 890 μὲ·

1921 832 2085 890 quam
2129 819 2259 874 boni
2308 817 2488 875 facere
2523 819 2820 884 sustineas,
2850 834 2945 874 eos
2991 821 3082 888 qui
3127 833 3223 889 per
3262 819 3520 874 ambitio-

220 917 323 988 γάρ
355 919 482 982 τοὺς
530 916 890 989 ἀνθρώπους,
926 915 956 966 ό
1005 915 1064 968 δὲ
1117 912 1244 968 οὔτε
1300 913 1430 977 τοὺς
1489 910 1798 983 ἀνθρώπους

1924 923 2050 963 nem
2085 907 2298 978 aliquid
2324 907 2534 963 faciunt
2565 909 2960 979 reprehendis?
2993 910 3207 977 Quanto
3231 911 3378 965 enim
3405 925 3517 966 me-

218 1008 334 1062 οὑδὲ
365 1009 457 1061 τὸν
488 1008 626 1061 Θεὸν
656 1008 882 1079 ᾐδέσθη.

1925 999 2030 1054 lior
2057 1008 2140 1055 est
2167 1000 2211 1055 is
2249 1001 2341 1072 qui
2378 1009 2601 1072 prepter
2620 1002 2897 1060 hominum
2934 1003 3159 1072 gloriam
3188 1002 3319 1058 colit
3345 1001 3516 1064 casti-

221 1114 380 1159 tatem
411 1114 468 1160 et
498 1105 940 1172 temperantiam,
978 1115 1068 1165 eo,
1106 1106 1203 1170 qui
1236 1113 1304 1153 ne
1333 1098 1550 1168 quidem
1597 1105 1818 1168 propter
1855 1094 2000 1151 hanc
2026 1103 2342 1167 temperans
2413 1105 2468 1154 et
2511 1109 2696 1154 castus
2724 1107 2808 1154 est
2849 1117 2864 1154 :
2937 1109 3091 1154 tanto
3125 1101 3293 1156 etiam
3343 1099 3392 1156 is
3422 1099 3515 1171 qui

220 1199 343 1254 facit
397 1200 802 1268 eleemosynam
868 1195 1055 1266 gloriae
1123 1193 1521 1265 consequentia:
1594 1193 1808 1257 studio,
1852 1190 2029 1247 altero
2099 1192 2191 1264 qui
2259 1192 2420 1262 plane
2465 1205 2568 1247 non
2603 1191 2762 1260 facit,
2802 1183 2997 1250 m'elior
3034 1203 3140 1250 est.
3174 1193 3324 1248 Alter
3365 1193 3513 1249 enim

220 1289 464 1345 homines
495 1289 723 1355 saltem;
765 1286 904 1341 alter
942 1300 1073 1340 vero
1112 1297 1290 1354 neque
1333 1283 1606 1351 homines,
1649 1295 1824 1353 neque
1864 1282 2032 1340 Deum
2059 1294 2142 1340 est
2171 1285 2461 1340 reveritus.

739 1402 878 1457 κεν.
909 1433 978 1443 -
1007 1403 1276 1474 ΜΑΡΚῼ.

217 1496 315 1550 Διὰ
337 1498 397 1550 τι
426 1494 536 1550 τόν
607 1495 838 1549 έθυσον
871 1495 966 1548 καὶ
1007 1497 1115 1549 τὸν
1155 1493 1420 1561 ιοίδορον
1445 1496 1480 1548 ό
1521 1493 1810 1549 Ἀπόστο-

279 1571 387 1621 .toc
437 1511 604 1621 με·τέ
623 1565 852 1621 τῶντὰ
897 1565 1150 1621 μέγιστα
1196 1566 1629 1621 ἡμαρτηκότων
1667 1566 1805 1620 ἕτα-

279 1571 387 1632 λος
437 1565 590 1634 μετὰ
623 1565 852 1621 τῶντὰ
892 1565 1150 1636 μέγιστα
1196 1566 1629 1635 ἡμαρτηκότων
1667 1566 1805 1620 ἕτα-

283 1637 408 1700 ξεν.

2436 1402 2595 1459 XLII.
2630 1436 2700 1448 —
2727 1402 2991 1459 MARCO.

1917 1494 2098 1561 Quare
2137 1495 2405 1549 ebriosum
2451 1507 2499 1550 et
2548 1497 2866 1552 maledicum
2909 1496 3192 1565 Apostolus
3226 1497 3366 1552 inter
3402 1512 3514 1564 eos,

1983 1567 2074 1638 qui
2110 1570 2345 1622 maxima
2375 1570 2751 1624 commiserunt
2789 1577 3026 1636 peccata,
3065 1569 3338 1622 collocarit
3367 1568 3409 1621 ³.

281 1747 601 1819 Θαυμάζειν
629 1751 790 1820 ἔφης,
843 1749 960 1813 πῶς
993 1749 1084 1802 τὸν
1118 1747 1354 1820 μέθυσον
1383 1749 1478 1802 καὶ
1515 1747 1608 1801 τὸν
1637 1738 1798 1800 λοίδο·

1987 1749 2174 1807 Mirari
2201 1761 2252 1807 te
2274 1751 2519 1819 dicebas,
2543 1769 2650 1824 qua
2676 1751 2891 1808 ratione
2920 1752 3214 1823 Apostolus
3235 1753 3512 1810 ebriosum

218 1858 302 1913 ρον
330 1843 358 1893 ὁ
395 1843 728 1904 Ἀπόστολος
769 1842 910 1914 μετά
935 1841 1045 1896 τῶν
1086 1842 1291 1912 μοιχῶν
1322 1842 1551 1896 καὶτῶν
1577 1842 1810 1910 ήταιρη-

215 1933 381 1987 κότων
424 1933 610 1998 ἔταξε.
668 1935 818 2005 Φημὶ
852 1935 1053 2000 τοίνυν,
1094 1935 1175 1989 ὅτι
1226 1937 1277 1988 εί
1333 1933 1434 2005 μὲν
1479 1934 1581 2005 τὴν
1635 1933 1809 2002 αὐτὴν

215 2025 437 2089 ἐκείνοις
487 2026 695 2098 ἔφησεν
748 2028 946 2091 αὐτοὺς
977 2027 1172 2082 δώσειν
1214 2026 1393 2098 δίκην,
1440 2025 1596 2080 λύσιν
1638 2024 1808 2096 ἐχρῆν

215 2118 508 2188 ἐπιζητεῖν.
539 2120 606 2172 Ei
648 2117 706 2172 δὲ
740 2119 840 2189 τῆς
892 2108 1171 2190 βασιλείας
1218 2118 1423 2190 ὁμοίως
1456 2119 1685 2182 ἐκείνοις
1713 2118 1808 2171 ὲκ-

216 2208 493 2261 πεσεῖσθαι
543 2209 672 2281 ἔφη,
710 2207 778 2262 δι’
826 2211 894 2279 ἢν
927 2211 1106 2264 αἰτίαν
1137 2208 1371 2280 αἷνιγμά
1419 2225 1502 2264 σοι
1551 2210 1701 2263 δοκεῖ
1745 2209 1808 2263 τὸ

217 2301 406 2370 ῥηθένς
449 2301 619 2355 Ἀλλο
652 2300 762 2373 γὰρ
795 2302 856 2354 τὸ
884 2303 1094 2368 εἰπεῖν,
1135 2303 1219 2356 ὅτι
1267 2303 1372 2371 ἔξω
1411 2303 1598 2373 πάσης
1639 2303 1806 2373 τιμῆς

219 2408 266 2446 τε
300 2395 393 2447 καὶ
430 2393 596 2464 δόξης
645 2393 963 2459 κείσονται,
996 2397 1092 2449 καὶ
1139 2394 1290 2461 ἀλλο,
1325 2395 1386 2450 τὺ
1437 2396 1646 2464 φάναι·
1691 2395 1805 2466 Τὴν

216 2483 372 2556 αὐτὴν
403 2483 640 2538 δώσουσι
687 2485 879 2554 δὶκην.,
899 2485 975 2538 Οὐ
1009 2487 1119 2556 γὰρ
1166 2481 1322 2544 εἶπεν
1342 2502 1356 2517 ·
1402 2485 1514 2558 Τὴν
1547 2485 1670 2558 ῐσην
1702 2485 1808 2539 δώ-

217 2591 355 2628 σουσι
385 2577 567 2648 δίκην,
599 2576 628 2629 ὃ
663 2577 727 2629 σὺ
762 2576 892 2640 ἴσως
927 2577 1001 2648 μὴ
1032 2578 1232 2649 νοήσας
1261 2578 1321 2632 τὸ
1353 2578 1518 2651 ῥηθὲν
1544 2577 1806 2649 ἐνόμισας

215 2663 494 2736 εἰρῆσθαι,
538 2666 713 2731 ἀλλά,
756 2685 774 2717 ι
833 2654 1123 2721 Βασιλείαν
1157 2668 1291 2722 Θεοῦ
1340 2671 1401 2722 οὐ
1451 2669 1800 2742 κληρονομή-

217 2772 374 2812 σουσι.
418 2778 436 2810 ι
470 2759 587 2830 Τῆς
614 2760 713 2829 μὲν
748 2759 855 2830 γὰρ
882 2760 1063 2830 δόξης,
1097 2761 1254 2831 φησι,
1276 2761 1440 2815 παντὶ¹
1469 2763 1657 2833 τρόπῳ
1695 2762 1808 2850 ἔξω(

218 2851 478 2905 κείσονται
507 2868 522 2880 ·
558 2850 698 2922 πρὸς
726 2851 783 2904 δὲ
817 2853 914 2922 τὴν
959 2853 1233 2924 ποσότητα
1267 2854 1361 2906 καὶ
1390 2855 1488 2924 τὴν
1537 2857 1804 2926 ποιότητα

217 2944 301 2996 καὶ
324 2942 667 3014 πηλικότητα
697 2944 811 3013 (31)
837 2944 947 2997 τῶν
973 2945 1394 3022 ἁμαρτημάτων
1422 2946 1798 3018 κριθήσονται.

220 3033 384 3101 Πολλὴ
419 3033 532 3104 γὰρ
569 3033 666 3086 τοῦ
701 3033 849 3088 θείου
877 3034 1235 3106 δικαστηρίου
1275 3038 1308 3108 ὴ
1341 3036 1619 3108 ἀκρίϐεια.

1911 1851 1966 1898 et
2007 1845 2423 1917 maledicumin
2469 1846 2660 1901 eodem
2693 1845 2856 1916 quasi
2878 1860 3047 1901 censu
3083 1861 3204 1900 cum
3247 1845 3514 1902 adulteria

1915 1944 1969 1990 et
2003 1936 2403 1992 scortatorihus
2427 1937 2730 2000 collocarit.
2761 1938 2864 1992 Aio
2900 1937 3084 2007 itaque
3119 1955 3132 1991 :
3171 1937 3227 1993 Si
3263 1938 3512 1993 eamdem

1912 2042 2033 2082 cum
2065 2029 2148 2084 his
2175 2043 2390 2098 pmnam
2417 2030 2696 2086 subituros
2727 2043 2822 2084 eos
2848 2029 3093 2096 dixisset,
3124 2040 3234 2084 tum
3265 2045 3395 2086 vero
3416 2043 3510 2086 so-

1912 2120 2168 2176 lutionem
2213 2122 2412 2194 (hujus
2450 2117 2842 2193 dubitationis)
2887 2121 3169 2191 inquirere
3209 2133 3508 2193 oporteret.

1909 2214 2042 2283 Cum
2083 2223 2264 2270 autem
2305 2229 2404 2270 eos
2445 2228 2600 2285 atque
2640 2225 2806 2284 atque
2845 2214 2979 2268 istos
3023 2230 3191 2285 regno
3233 2215 3509 2286 (coelestil

1908 2304 2230 2362 frustratum
2256 2306 2322 2360 iri
2351 2306 2551 2362 dixerit
2585 2322 2599 2359 :
2632 2306 2761 2376 quid
2798 2320 2982 2361 causa:
3015 2315 3119 2372 est,
3157 2321 3256 2360 cur
3283 2307 3336 2361 id
3362 2308 3507 2378 quod

1908 2395 2114 2454 dictum
2154 2403 2260 2460 est,
2301 2395 2599 2451 obscurum
2633 2394 2728 2448 tibi
2771 2391 2948 2458 instar
2977 2393 3283 2463 aenigmatis
3319 2392 3508 2448 videa-

1911 2487 2038 2542 tur?
2061 2486 2221 2542 Aliud
2265 2489 2412 2541 enim
2444 2494 2530 2541 est
2546 2487 2570 2552 ,'
2605 2486 2808 2550 dicere,
2846 2495 3005 2542 extra
3052 2500 3273 2539 omnem
3328 2484 3507 2539 hono-

1908 2595 2022 2635 rent
2061 2588 2115 2636 et
2149 2579 2376 2648 gloriam
2426 2593 2522 2634 eos
2567 2577 2692 2633 fore
2728 2576 3056 2633 constitutos
3087 2617 3102 2642 ,
3152 2587 3206 2631 et
3245 2575 3390 2630 aliud
3421 2575 3508 2631 di-

1904 2687 2054 2742 cere,
2089 2671 2207 2743 pari
2241 2671 2518 2742 supplicio,
2541 2669 2800 2726 affectum
2843 2669 2934 2724 iri.
2967 2667 3084 2724 Non
3122 2669 3266 2725 eitlm
3317 2668 3457 2725 dixit
3488 2685 3504 2722 ε

1906 2765 2075 2821 Pares
2117 2765 2324 2825 dabunt
2356 2777 2546 2833 pmnas
2590 2761 2771 2834 (quod
2815 2769 2871 2816 tu
2914 2750 3184 2817 fortassis
3211 2774 3318 2815 non
3355 2759 3510 2816 intel-

1905 2859 2046 2914 lecto
2115 2855 2376 2926 Paulino)
2431 2855 2578 2910 dicto
2643 2853 2847 2925 putasti
2925 2853 3131 2908 dictum
3186 2865 3329 2917 esse,
3382 2852 3504 2917 sed,

1913 2966 1932 3001 ι
1979 2963 2206 3020 regnum
2252 2947 2350 3002 Dei
2411 2961 2516 3001 non
2547 2945 2926 3017 possidebant.
2959 2963 2978 2997 ι
3020 2942 3154 2999 Nam
3203 2953 3359 2999 extra
3392 2943 3511 3014 glo-

1905 3039 2044 3096 riam
2085 3040 2329 3110 quidem,
2361 3038 2558 3108 inquit,
2594 3037 2820 3092 omnino
2866 3034 3030 3106 positi
3066 3044 3259 3102 erunt;
3298 3035 3506 3090 interea

218 3139 383 3185 tamen
413 3132 720 3190 secundum
755 3131 1111 3200 quantitatem
1153 3141 1208 3188 et
1251 3131 1568 3204 qualitatem
1627 3129 1685 3191 et
1757 3150 2076 3194 numerum'
2125 3144 2475 3206 peccatorum
2517 3132 2934 3203 iudicabuntur.
3001 3133 3196 3204 Magna
3245 3131 3391 3188 enim
3441 3145 3508 3187 ac

221 3225 491 3298 multiplex
517 3234 602 3280 est
635 3224 806 3280 divini
837 3222 1030 3292 judicii
1061 3225 1372 3296 exquisitio.

472 3340 612 3395 Ml".
646 3369 718 3382 —-
751 3337 987 3394 ΙΕΡΑΚΙ
1025 3340 1526 3415 ΛΑΜΠΡΟΤΑΤῼ.

221 3451 376 3518 τινος
402 3454 440 3523 ὴ
478 3453 700 3507 ἔννοια
736 3451 845 3508 τοῦ
886 3451 1011 3580 ῧῗί
1029 3453 1291 3522 κόρακος
1317 3454 1646 3525 τρέφεσθαι
1689 3454 1800 3512 τὸν

1013 3540 1114 3578 ar.

1013 3540 1114 3578 αν.

283 3637 448 3704 Ἰσθι,
485 3631 532 3691 ὧ
565 3637 717 3705 σοφὲ,
771 3637 855 3690 ὅτι
894 3637 928 3708 ὴ
971 3637 1123 3708 πηγὴ
1168 3639 1268 3710 τῆς
1312 3638 1652 3708 ἀγαθότητος
1696 3641 1797 3712 τὴν

215 3727 413 3782 δικαίαν
459 3729 556 3783 τοῦ
611 3731 894 3800 προφήτου
928 3728 1073 3783 κατά
1116 3727 1388 3789 Ἰουδαίων
1418 3731 1796 3804 ἀγανάκτησιν

219 3817 439 3887 ἐκμάξαι
475 3819 592 3892 (52)
645 3819 946 3892 βουλομένη
995 3819 1178 3890 (λιμὸν
1205 3820 1316 3891 γὰρ
1355 3823 1675 3893 ἐπήγαγεν,
1707 3824 1796 3877 ἵνα

216 3911 296 3964 τὸν
311 3913 465 3982 κόρον
486 3911 647 3983 ὓϐριν
663 3911 922 3967 ὠδίνοντα
935 3913 1257 3985 σωφροσύνη
1277 3914 1612 3984 σωφρονίσαι
1627 3915 1793 3988 ‘(33))°

220 4007 620 4075 παρεσκεύασεν
677 4004 844 4058 αὑτὸν
882 4005 970 4059 διὰ
1004 4005 1242 4078 κόρακος
1282 4008 1602 4079 τρέφεσθαι,
1639 4026 1797 4080 μισο-

217 4095 392 4149 τέκνου
424 4096 633 4168 πτηνοῦ
655 4136 670 4162 ,
706 4096 800 4149 καὶ
828 4095 1105 4161 τίκτοντος
1143 4097 1266 4168 μὲν,
1299 4099 1363 4152 οὐ
1389 4101 1684 4172 τρέφοντος
1709 4100 1788 4154 δέ·

218 4186 287 4240 διὸ
339 4191 429 4242 καὶ
453 4193 482 4242 ό
522 4188 779 4259 Μελῳδδς
844 4189 1022 4243 καίτοι
1057 4188 1240 4261 πάσης
1273 4192 1372 4262 τῆς
1422 4193 1655 4258 κτίσεως
1693 4211 1794 4263 φυ-

219 4279 341 4350 σικῷ
375 4281 628 4353 λόγῳρείς
660 4280 752 4334 τὸν
797 4281 1142 4352 Δημιουργὸν
1185 4282 1634 4353 ἀποϐλεπούσης·
1675 4303 1693 4337 ι
1727 4287 1792 4338 Ol

217 4371 465 4443 ὀφθαλμοὶ
497 4373 609 4444 γάρ
635 4373 875 4438 πάντων,
917 4375 1105 4442 φησὶν,
1137 4376 1217 4438 εις
1249 4375 1308 4426 σὲ
1337 4375 1626 4445 ἐλπίζουσι
1649 4419 1662 4441 ,
1697 4378 1794 4433 καὶ

221 4463 276 4516 σὺ
308 4464 458 4528 δίδως
489 4464 588 4537 τὴν
617 4463 825 4537 τροφὴν
867 4466 1046 4519 αὐτῶν
1069 4466 1128 4516 ὲν
1160 4466 1446 4538 εὐκαιρίᾳ·
1486 4487 1503 4519 ι
1537 4469 1792 4539 κοράκων

219 4550 601 4624 ἐμνημόνευσε,
624 4556 801 4624 λέγων
822 4571 837 4587 ·
873 4575 891 4608 ι
931 4556 1024 4626 Τῷ
1052 4556 1249 4609 διδόντι
1276 4560 1390 4620 τοῖς
1411 4559 1638 4628 κτήνεσι
1666 4575 1792 4630 τρο-

2119 3344 2391 3402 XLlll.—
2419 3343 2700 3401 HIERACI
2730 3340 3289 3401 lLLUSTRlSSIiIO.

1941 3453 2086 3524 Quid
2109 3455 2209 3512 sibi
2233 3455 2378 3523 velit,
2405 3455 2546 3527 quod
2581 3453 2734 3511 Elia:
2755 3469 2848 3526 per
2873 3464 3297 3523 corvumpastut
3323 3454 3393 3524 sit
3423 3455 3464 3510 ⁸.

1971 3643 2130 3700 Scire
2155 3644 2343 3710 debes,
2378 3643 2464 3699 vir
2491 3644 2730 3713 sapiens,
2764 3641 2974 3697 fontem
3020 3638 3171 3695 illum
3213 3639 3501 3707 bonitatis,

1900 3737 2064 3809 535
2081 3753 2205 3791 cum
2225 3714 2390 3792 νειιεῖ
2396 3737 2596 3807 justam
2612 3735 2890 3807 propheta-
2908 3735 3168 3791 adversus
3188 3731 3403 3790 Judaaos
3422 3736 3504 3790 ln-

1900 3830 2272 3899 dignationem
2309 3827 2620 3900 abstergere
2642 3828 2863 3896 (famem
2896 3827 3041 3882 enim
3069 3825 3305 3891 induxit,
3323 3838 3381 3882 ut
3409 3841 3503 3881 sa-

1901 3923 2202 3987 turitatem,
2250 3937 2374 3992 qua:
2414 3919 2797 3976 contumeliam
2838 3935 3029 3992 parere
3073 3921 3236 3989 solet,
3268 3919 3504 3991 castiga-

1899 4015 2037 4081 ret),
2066 4013 2274 4069 curavit
2309 4013 2488 4082 ipsum
2521 4029 2616 4081 per
2641 4028 2866 4068 corvum
2893 4013 3069 4083 pasci,
3103 4028 3258 4068 avem
3292 4012 3500 4069 sobolis

1896 4104 2131 4175 propriae
2157 4118 2396 4168 osorem,
2423 4113 2477 4158 et
2501 4119 2622 4172 quae
2648 4105 2788 4173 parit
2815 4104 3038 4174 quidem
3065 4112 3228 4174 atque
3259 4104 3501 4159 excludit

1896 4198 2092 4268 pullos,
2141 4198 2235 4253 sed
2273 4212 2369 4252 eos
2411 4212 2518 4252 non
2566 4197 2682 4251 alit.
2736 4196 2867 4263 Quae
2911 4212 3076 4252 causa
3114 4213 3336 4268 quoque
3393 4207 3498 4262 est,
3606 4245 3608 4249 .

1894 4289 2038 4359 quod
2067 4288 2406 4343 Psalmorum
2453 4289 2710 4359 scriptor,
2740 4290 2991 4357 quamvis
3019 4291 3206 4357 omnis
3240 4297 3493 4348 creatura

1895 4380 2131 4436 naturali
2167 4383 2398 4449 quodam
2439 4382 2701 4437 instinctu
2739 4380 2791 4436 in
2825 4380 3077 4450 opiﬁcem
3127 4396 3286 4434 suum
3323 4382 3500 4451 respi-

1895 4476 2004 4528 ciat
2039 4491 2052 4528 :
2097 4491 2116 4525 ι
2155 4472 2308 4529 Oculi
2343 4473 2488 4528 enim
2519 4475 2786 4537 omnium,
2829 4471 3030 4542 inquit,
3061 4472 3118 4527 in
3165 4481 3216 4527 te
3249 4485 3495 4542 sperant,

1893 4575 1949 4619 et
1978 4573 2030 4618 tu
2062 4566 2159 4618 das
2199 4580 2380 4620 escam
2411 4564 2629 4618 illorum
2661 4564 2714 4617 in
2749 4572 2993 4632 tempore
3019 4571 3325 4632 opportuno
3354 4563 3411 4626 ⁸;
3442 4563 3495 4617 in

221 4645 312 4717 φὴν
353 4647 526 4701 αὐτῶν
552 4690 568 4714 ,
608 4650 702 4702 καὶ
743 4651 858 4712 τοῖς
894 4651 1135 4712 νεοσσοῖς
1187 4649 1296 4703 τῶν
1335 4650 1622 4720 κοράκων,
1675 4654 1791 4715 τοῖς

1907 4656 2077 4726 specie
2109 4671 2395 4712 corvorum
2433 4656 2762 4710 mentionem
2795 4655 3000 4716 fecerit,
3028 4669 3150 4708 cum
3184 4655 3300 4708 ait:
3335 4673 3352 4706 ι
3388 4654 3492 4722 Qui

222 4737 656 4812 ἐπικαλουμένοις
685 4741 868 4795 αὐτόν.
905 4759 924 4791 ι
954 4741 1208 4796 Μάλιστα
1256 4742 1354 4812 μὲν
1385 4740 1494 4812 γάρ
1533 4742 1712 4796 πάντα.
1754 4745 1787 4814 ή

223 4826 328 4883 θεία
365 4834 591 4904 πρόνοια
645 4832 837 4902 τρέφει
866 4871 880 4895 ,
920 4833 1094 4904 φησι,
1145 4832 1513 4904 διαφερόντως
1552 4831 1612 4886 δὲ
1657 4836 1786 4897 τοὺς

224 4923 458 4987 νεοσσοὺς
513 4923 624 4977 τῶν
677 4925 951 4994 κοράκων,
998 4923 1133 4987 τοὺς
1184 4923 1338 4995 παρά
1379 4926 1490 4978 τῶν
1524 4926 1792 4980 τεκόντων

225 5011 638 5086 ἀμελουμένους·
670 5013 888 5085 ζωΰφια
911 5016 1023 5088 (54)
1062 5017 1172 5088 γὰρ
1200 5019 1320 5080 ταῖς
1368 5017 1586 5082 καλιαῖς
1636 5035 1792 5091 περι-

293 5193 312 5225 ⁸
341 5194 358 5248 l
386 5195 616 5268 Cor._vt,
657 5199 747 5255 10.
823 5199 844 5231 ⁵
870 5196 932 5254 ΙΙΙ
970 5200 1101 5272 Reg.
1136 5215 1273 5268 xvn,
1302 5199 1358 5257 ι.

1897 4750 1983 4802 dat
2014 4748 2276 4819 iumentis
2300 4747 2617 4802 alimentum
2646 4748 2909 4818 ipsorum,
2936 4755 2989 4800 et
3015 4745 3179 4816 pullis
3201 4760 3491 4800 corvorum

1901 4840 2282 4895 invocantibus
2315 4855 2440 4894 eum
2479 4841 2521 4896 ⁸.
2555 4858 2574 4892 ι
2606 4839 2836 4894 Maxime
2865 4837 3110 4907 quidem,
3135 4837 3339 4907 inquit,
3375 4852 3497 4891 om-

1903 4929 1989 4984 nia
2033 4930 2204 4985 nutrit
2251 4946 2315 4985 ac
2356 4939 2629 4986 sustentat
2659 4931 2840 4984 divina
2888 4927 3261 4999 providentia;
3297 4927 3499 4982 eximie

1902 5034 2036 5076 vero
2081 5029 2136 5078 et
2176 5021 2432 5092 peculiari
2467 5021 2702 5092 quedam
2751 5019 2911 5075 modo
2954 5018 3129 5089 pullos
3179 5031 3494 5082 corvorum,

1309 5359 1551 5418 VARIE
1595 5359 1979 5419 LECTIONES
2019 5362 2106 5419 ET
2146 5361 2378 5420 NOTAS.

294 5509 393 5581 (3|)
425 5502 607 5588 verba
630 5513 742 5582 illa,
767 5513 865 5569 mi
903 5515 1242 5588 πηλικότητα
1268 5559 1282 5580 ,
1317 5531 1423 5573 non
1466 5525 1792 5587 comparent

235 5577 278 5660 in
303 5577 528 5660 eo'cod._
558 5585 699 5640 idem
728 5577 876 5641 ’νει-ε.
911 5577 1026 5657 εοὶι.
1056 5577 1172 5657 μα’
1198 5577 1551 5660 δικαστηρίου
1591 5577 1785 5644 scribit

234 5646 482 5709 δικαστοῦ.
510 5654 575 5709 in.

428 5723 526 5806 ξ)το
541 5724 777 5806 ἐκμάξαι
800 5725 921 5806 cod.
937 5723 1061 5806 vat.
1082 5726 1346 5806 QSOlegit
1368 5729 1693 5806 ἐκμαλάξαι.
1712 5730 1789 5784 lo.

297 5791 395 5857 (55)
430 5791 700 5851 Lacunam
731 5797 810 5853 sic
843 5800 894 5853 in
929 5798 1061 5854 edit.
1094 5791 1517 5870 Parisfpunc‘tis
1547 5791 1789 5857 notatam

1896 5520 2113 5643 i‘ttpplel
2147 5522 2268 5578 cod.
2309 5519 2482 5577 Vatic.
2535 5521 2643 5579 650
2675 5531 2730 5579 et
2782 5521 3179 5579 Rittershusiue
3228 5521 3282 5578 in
3314 5522 3479 5577 notis.

1926 5607 2054 5643 .Dl'l‘.

1926 5607 2082 5746 logi)
2130 5661 2238 5746 Em
2273 5661 2489 5733 ζωΰφια
2525 5665 2635 5735 γάρ
2676 5664 2816 5719 idem
2863 5664 2985 5719 cod.
3028 5662 3193 5719 habet
3223 5661 3339 5728 ζῶα
3376 5664 3489 5733 γὰρ

1903 5733 2094 5802 μικρά.
2128 5732 2341 5788 Possm.
