3976 6424
205 371 338 444 ωσι

1058 374 1600 438 EPISTULARUM
1641 373 1790 435 LIB.
1837 373 1932 436 IV.
1979 399 2044 409 -
2084 372 2324 434 EPIST.
2363 369 2633 430 XLVIII.

3370 362 3506 427 1093

196 484 277 558 τῷ
309 482 689 556 δδασκαλεκῷ
716 485 990 555 ἀξιώματι
1022 483 1422 557 ὠφρυωμένος,
1455 485 1550 539 καὶ
1581 483 1800 554 τολμῶν

1914 485 2065 541 triens
2116 481 2361 538 calculus
2410 483 2463 536 in
2515 481 2674 551 ipsos.
2716 479 2925 535 crimen
2982 475 3254 533 convertit
3329 477 3507 547 (quod

197 574 338 647 ἃμὴ
365 576 550 647 θέμις,
587 576 711 629 οὐδὲ
741 577 1058 649 συμϐουλῆς
1085 579 1364 649 ἀνέχεται,
1392 576 1506 632 ἄνω
1529 578 1624 631 καὶ⁵
1645 577 1796 632 κάτω

196 667 256 720 το
301 667 406 738 τῆς
464 662 818 739 ἐπισκοπῆς,
881 670 942 723 οὐ
992 670 1055 722 τὸ
1101 672 1201 741 τῆς
1251 669 1455 742 ἀρετῆς
1505 668 1798 740 προφέρων

198 759 438 830 ἀξίωμα,
463 759 540 832 μὴ
557 760 1196 834 ὀλιγωρεῖτε.”Αξιαξγὰρ
1229 763 1472 826 πάντων,
1501 761 1534 832 ἢ
1563 759 1800 814 ἐνταῦθα

197 853 230 922 ἢ
259 854 465 916 ἐκεῖσε,
497 852 607 906 τῶν
635 853 932 924 δρωμένων
969 853 1406 926 ἀπαιτηθήσεται
1429 852 1500 906 τὰ
1523 852 1798 923 ἐπίχειρα.

199 958 259 995 ac
282 945 539 996 deorsum
570 947 938 1015 episcopatus,
973 960 1080 998 non
1179 955 1358 1000 autem
1389 944 1634 1010 virtutis,
1663 954 1949 999 ostentans
2001 943 2297 1014 etjactaus
2337 940 2662 1012 dignitatem
2711 958 2725 995 :

1904 577 2046 633 falso
2097 577 2438 631 inten‘tarant
2504 571 2838 641 innocenti).
2905 569 2962 626 Si
3015 570 3180 640 igitur
3233 569 3508 626 Eusebius

1907 682 2143 740 quoque,
2173 675 2232 720 ut
2258 664 2582 734 scripsistis,
2620 664 2860 718 doetoris
2882 662 3152 738 dignitate
3180 661 3507 732 superbiens

1908 769 1964 816 et
2017 759 2186 814 altum
2235 771 2431 828 gerens
2484 754 2864 826 supercilium,
2910 754 3256 825 nefandoque
3302 752 3508 808 audens

1911 851 2155 922 aggredi,
2203 864 2382 921 neque
2419 847 2705 904 collsilium
2757 847 3000 902 admittit
3051 846 3241 914 ullum,
3287 861 3506 901 sursum

2788 939 2958 996 nolite
2993 938 3047 994 id
3089 938 3506 1009 parvipendere.

197 1034 388 1104 Dignus
416 1039 565 1091 enim
609 1040 875 1104 omnium,
925 1038 1006 1092 vel
1051 1039 1159 1106 hic,
1187 1039 1268 1092 vel
1309 1042 1364 1094 in
1393 1038 1566 1109 altero
1596 1039 1796 1094 saeculo
1833 1052 2012 1109 paena:
2039 1037 2110 1092 ab
2137 1037 2258 1106 ipso
2276 1043 2657 1106 reposcentur.

448 1129 602 1195 atqu
638 1157 708 1169 -
736 1128 1040 1203 Δοροθεο
1087 1130 1526 1203 ΑΝΑΓΝΩΣΤῌ.

235 1220 340 1286 Είς
365 1219 456 1288 τὸ,
490 1237 508 1271 ι
561 1217 629 1274 El
670 1220 768 1274 real
806 1220 1155 1346 ἐγνώὲῗμεν
1186 1222 1341 1277 κατὰ
1387 1221 1592 1292 σάρκα
1628 1223 1757 1291 Χρι-

878 1307 957 1346 στ
1033 1333 1049 1346 .
1090 1313 1110 1345 ι

878 1307 1049 1349 στον.
1090 1313 1110 1345 ι

271 1405 434 1468 Ἴσως
482 1406 674 1477 ἐπειδὴ
722 1407 988 1478 ἀδελφοὺς
1021 1407 1283 1464 ἐκάλεσεν
1332 1410 1361 1463 ὁ
1387 1409 1624 1481 Χριστὸς
1663 1410 1792 1472 τοὺς

196 1496 492 1559 ποιοῦντας
523 1498 585 1550 τὸ
608 1497 865 1568 πατρῷον
895 1497 1140 1570 θέλημα,
1172 1500 1270 1553 καὶ
1302 1497 1472 1566 ἔδειξε
1507 1497 1606 1570 τὴν
1650 1498 1794 1552 κατὰ

201 1587 384 1659 σάρκα
443 1587 771 1658 συγγένειαν
825 1591 969 1661 (Η),
1037 1590 1169 1646 ἄνευ
1228 1591 1331 1663 τῆς
1382 1591 1527 1646 κατὰ
1575 1590 1798 1662 πνεῦμά

2177 1128 2369 1185 XLVI.
2401 1159 2472 1169 —
2497 1123 2883 1182 DUROTHEO
2913 1123 3233 1182 LECTORI.

2050 1219 2117 1275 1η
2151 1219 2287 1274 illud
2320 1218 2483 1272 Pauli
2509 1218 2710 1272 dictum
2741 1235 2760 1273 :
2801 1236 2820 1270 ι
2875 1215 2996 1270 Etsi
3027 1216 3366 1285 cognovimus

2152 1289 2423 1345 Clu-istum
2448 1289 2740 1344 secundum
2770 1303 2983 1342 carnem
3009 1287 3074 1354 ³⁸,
3104 1296 3211 1342 etc.
3245 1304 3266 1340 ι

1978 1403 2255 1462 Fortassis
2301 1403 2429 1473 quia
2492 1400 2749 1458 Christus
2808 1400 3010 1458 fratres
3060 1416 3191 1458 suos
3216 1401 3509 1473 appellavit

1906 1513 2003 1556 eos
2030 1497 2125 1568 qui
2153 1494 2493 1550 voluntatem
2527 1501 2815 1563 paternam
2847 1493 3074 1557 faciunt,
3111 1502 3165 1550 et
3206 1494 3309 1550 hoc
3348 1504 3510 1564 pacto

1907 1586 2346 1653 demonstravit,
2401 1584 2681 1642 carnalem
2733 1586 3118 1656 cognationem
3176 1587 3329 1657 parvi
3387 1600 3513 1642 esse

197 1693 342 1748 φημι
377 1675 494 1746 (42)
523 1693 537 1705 ·
574 1679 670 1732 καὶ
711 1677 864 1734 εἶπεν
891 1680 921 1732 ὁ
963 1680 1287 1745 Ἀπόστολος
1315 1697 1328 1710 ⁸
1355 1699 1375 1734 ι
1407 1681 1472 1735 El
1511 1681 1607 1734 tta).
1628 1679 1798 1750 ἐγνώ-

1914 1678 2173 1737 momenti
2208 1677 2390 1750 (dico,
2431 1677 2479 1733 si
2511 1676 2655 1733 absit
2691 1678 2951 1747 cognatio
2990 1677 3292 1733 secundum
3343 1678 3512 1747 spiri-

197 1785 378 1838 καμεν
401 1769 547 1823 κατά
567 1769 748 1842 σάρκα
766 1771 1023 1844 Χριστὸν,
1051 1772 1188 1826 ἀλλὰ
1206 1772 1303 1828 νῦν
1324 1772 1511 1827 οὐκέτι
1534 1748 1800 1841 γινώσκο-

1914 1776 2086 1849 tum),
2129 1748 2338 1831 Idcirco
2380 1774 2548 1829 etiam
2589 1771 2886 1843 Apostolus
2928 1771 3068 1828 dixit
3117 1788 3132 1825 :
3182 1789 3203 1824 ι
3256 1773 3368 1829 Etsi
3415 1787 3514 1829 co-

198 1875 321 1929 μεν·
347 1876 367 1909 ι
395 1853 530 1911 οἷον·
552 1860 617 1912 El
635 1861 1152 1933 καὶὲσεμνυνόμεθα
1173 1862 1368 1934 πρώην
1383 1863 1433 1916 οἱ
1451 1862 1510 1929 ἐξ
1527 1863 1799 1917 Ἰουδαίων

196 1950 601 2016 πιστεύσαντες
632 1955 699 2024 τῇ
754 1955 900 2008 κατὰ
930 1955 1112 2025 σάρκα
1139 1955 1307 2010 αὑτοῦ
1339 1955 1669 2027 συγγενείᾳ,
1702 1955 1799 2010 νῦν

193 2043 256 2096 οὺ
286 2043 463 2117 ταύτῃ
491 2042 928 2115 ὲναϐρυνόμεθα,
951 2047 1091 2100 ἀλλὰ
1118 2049 1186 2118 τῇ
1218 2048 1342 2102 κατ’
1364 2047 1676 2119 οἰκειότητα
1704 2047 1800 2100 αὐ-

193 2135 290 2189 τοῦ
316 2136 611 2208 ἀγχιστεία
634 2177 648 2200 ,
691 2139 760 2209 ἦν
789 2137 878 2192 διὰ
908 2141 1007 2210 τῆς
1040 2140 1246 2210 ἀρετῆς
1289 2138 1674 2210 καρπούμεθα.
1703 2139 1801 2193 Διὸ

195 2231 294 2282 καὶ
344 2229 532 2298 ἔλεγε·
573 2247 593 2281 ι
633 2231 890 2302 Μιμηταί
937 2248 1040 2302 μου
1096 2232 1347 2302 γίνεσθε,
1397 2229 1583 2294 καθὼς
1641 2231 1800 2300 κάγὼ

192 2320 435 2391 Χριστοῦ
459 2337 474 2350 ·
521 2339 541 2373 ι
577 2321 782 2376 ὡσανεὶ
829 2321 984 2392 ἔλεγε
1010 2339 1024 2353 ·
1058 2323 1136 2396 Τῇ
1177 2326 1412 2396 μιμήσει
1455 2322 1798 2394 σεμνύνομαι

197 2413 405 2484 μᾶλλον
433 2413 466 2487 ἢ
497 2416 565 2486 τῇ
590 2415 734 2469 κατὰ
756 2416 941 2487 σάρκα
974 2416 1291 2488 ἀγχιστεία.

1910 1865 2196 1938 gnovimus
2219 1863 2498 1919 Christum
2529 1862 2833 1919 secundum
2868 1876 3115 1930 carnem,
3143 1871 3202 1918 at
3235 1877 3380 1918 nunc
3402 1877 3510 1918 non

1908 1957 2140 2027 amplius
2171 1955 2443 2010 novimus.
2486 1972 2512 2006 r
2542 1951 2714 2021 Quasi
2750 1952 2989 2018 diceret,
3021 1950 3349 2025 Quanquam
3382 1968 3509 2022 nos,

1908 2047 2001 2118 qui
2044 2061 2110 2103 ex
2144 2045 2349 2101 Judaeis
2376 2044 2715 2102 credidimus
2743 2044 2988 2116 Christo,
3019 2043 3162 2100 soliti
3190 2060 3381 2101 smnus
3412 2062 3516 2101 an-

1909 2149 1996 2194 tea
2034 2137 2242 2193 carnali
2282 2135 2709 2207 propinquitate,
2753 2149 2860 2206 qua
2900 2150 3028 2191 cum
3072 2136 3192 2205 ipso
3233 2136 3511 2208 conjuncti

1907 2245 2121 2296 sumus,
2165 2229 2417 2302 gloriari,
2465 2227 2580 2298 jam
2635 2237 2820 2283 tamen
2867 2241 2977 2282 non
3022 2227 3254 2298 amplius
3299 2242 3365 2284 ea
3407 2243 3512 2285 nos

1908 2321 2213 2387 eﬂ‘erimus,
2267 2320 2361 2375 sed
2396 2320 2580 2391 potius
2626 2318 2718 2374 illa
2766 2320 3194 2390 propinquitate,
3243 2336 3365 2392 qua:
3411 2336 3513 2378 nos

1908 2410 2015 2482 ipsi
2038 2411 2245 2466 similes
2272 2409 2456 2477 eIIicit,
2481 2426 2588 2482 qua
2619 2425 2719 2481 per
2756 2394 3015 2467 virtutem
3049 2410 3300 2467 fruimur.
3335 2412 3510 2481 Quam

193 2506 358 2560 etiam
402 2507 473 2562 ob
512 2522 734 2562 causam
774 2507 914 2563 dixit
958 2526 972 2563 :
1024 2527 1045 2561 ι
1091 2509 1401 2566 Imitatores
1441 2509 1547 2564 mei
1591 2517 1791 2571 estote,
1831 2503 1979 2560 sicut
2016 2513 2072 2560 et
2103 2517 2206 2575 ego
2254 2518 2375 2560 sum
2428 2503 2636 2561 Christi
2666 2504 2731 2559 ¹².
2769 2522 2788 2555 ι
2823 2502 2988 2574 Q..asi
3037 2503 3268 2572 diceret,
3318 2503 3510 2561 Imita-

197 2604 343 2660 tione
395 2604 572 2676 magis
605 2604 812 2674 glorior
847 2605 1088 2672 Christi,
1125 2621 1290 2677 quam
1334 2608 1541 2664 carnali
1592 2607 1940 2680 cognatione.

668 2700 802 2753 MZ'.
836 2729 907 2740 —
943 2700 1177 2772 11Aer
1210 2700 1346 2772 (ιδ).

196 2789 327 2866 ὀτι
381 2788 502 2866 χρὴ
543 2789 621 2866 td
640 2790 942 2866 ,φρόνημα
1005 2790 1128 2866 τῶν
1165 2793 1654 2866 σφαλλομένων,
1705 2794 1795 2866 μὴ

263 2859 464 2934 οίομέἶ
473 2875 559 2912 ων
573 2859 657 2934 ⁸δὲ
696 2861 1090 2934 σφάλᾼεσθαι
1116 2902 1132 2934 _,
1183 2859 1525 2932 καθαιρέῖν·
1579 2859 1796 2934 τνωὶγιὶ

262 2928 536 2998 μαχοῦσι
561 2929 631 2983 δὲ
662 2928 1033 3001 συγγνώμην
1059 2930 1287 3001 νέμειν.

2407 2698 2613 2756 XLVII.
2653 2730 2723 2739 —
2762 2697 3019 2756 PAULO.

1910 2788 2166 2860 Oportere
2210 2790 2513 2857 superbiam
2547 2807 2729 2844 eorum
2751 2791 2842 2860 qui
2867 2801 3073 2857 errant,
3111 2806 3204 2845 nec
3230 2800 3405 2846 tamen
3454 2807 3511 2845 se

1983 2876 2172 2932 errare
2196 2871 2406 2932 putant,
2431 2862 2727 2928 deprimere
2757 2880 2777 2917 :
2808 2863 3180 2932 paenitentibus
3213 2873 3390 2917 autem
3425 2878 3512 2917 ιιι·

1977 2932 2122 2984 niam
2157 2929 2451 3000 indulgere.

269 3021 433 3088 Ἵσθι,
462 3014 508 3074 ὦ
549 3020 832 3092 βέλτιστε,
862 3022 946 3077 ὄτι
983 3023 1046 3076 οὗ
1079 3024 1308 3095 λήσεται
1348 3025 1526 3092 οὐδεὶς
1555 3027 1650 3082 τὸν
1690 3045 1797 3098 φα-

1975 3021 2132 3078 Scire
2179 3023 2367 3089 debes,
2403 3023 2546 3080 bone
2593 3023 2700 3091 vir,
2754 3025 2901 3096 quod
2941 3041 3102 3083 nemo
3151 3026 3340 3083 latebit
3381 3025 3508 3082 illu-

194 3111 421 3168 νότατον
451 3114 549 3168 καὶ
584 3113 887 3186 ἀκοίμητον
924 3115 1203 3187 ὀφθαλμὸν
1226 3159 1243 3183 ,
1282 3117 1393 3172 οὐδ’
1438 3121 1488 3172 ει
1523 3123 1580 3173 ὲν
1617 3137 1797 3192 παρα-

195 3203 382 3275 ϐύστῳ
413 3221 466 3258 τι
497 3203 740 3274 δράσειε.
770 3204 961 3277 Γυμνὰ
994 3206 1105 3277 γὰρ
1126 3207 1279 3278 αὐτῷ
1307 3208 1511 3276 πάντα,
1534 3210 1638 3267 κᾶν
1667 3211 1798 3265 ἀπό-

195 3313 386 3371 κρυφα
432 3292 578 3351 εἷναι
623 3297 778 3370 δοκῇ.
815 3299 908 3352 Διὸ
946 3300 1042 3354 καὶ
1078 3301 1206 3363 τοὺς
1237 3301 1660 3372 ἁμαρτάνοντας
1703 3304 1797 3358 καὶ

197 3387 272 3459 μὴ
295 3386 719 3460 μετανοοῦντας.
746 3389 984 3460 ποταμοί
1008 3407 1156 3455 τινες
1179 3391 1396 3446 ἁένναοι
1424 3393 1793 3463 ὑποδέξονται,

195 3479 307 3551 πῦρ
353 3478 591 3550 φοϐερὸν
629 3477 984 3548 ἀναζέοντες,
1027 3475 1105 3536 ῶν
1128 3483 1196 3536 τὰ
1225 3483 1421 3555 ῥεῖθρα
1463 3485 1663 3556 φλόγες
1713 3489 1795 3553 είς

193 3570 472 3640 τιμωρίαν
512 3571 901 3640 κυμαίνουσαι.
959 3573 1262 3646 Τοιγαροῦν
1312 3575 1644 3647 φοϐηθῶμεν
1681 3578 1796 3650 (μ’)

194 3661 253 3714 τὸ
277 3660 436 3716 Θεῖον
455 3679 470 3694 ο
507 3661 742 3732 φοϐερὸν
766 3663 876 3734 γάρ
895 3679 910 3695 ⁸
935 3665 1030 3718 καὶ
1057 3664 1330 3734 σέϐωμεν,
1356 3666 1438 3720 ὅτι
1461 3666 1526 3737 δὴ
1553 3667 1759 3737 ἀγαθόν
1777 3685 1791 3700 ⁶

194 3754 437 3826 αἰτῶμέν
466 3771 529 3808 τε
563 3754 715 3826 αὐτῷ
759 3756 1045 3827 πρέποντα
1088 3757 1306 3823 δοῦναι,
1353 3758 1449 3813 καὶ
1490 3762 1622 3831 ἡμῖν
1657 3779 1797 3834 συμο

195 3845 432 3917 φέροντα
457 3845 646 3901 λαϐεῖν
673 3864 685 3877 ·
713 3847 860 3918 πρὸς
890 3847 1002 3919 γὰρ
1041 3848 1200 3903 τοῦτο
1228 3851 1467 3922 ἐπήκοον
1484 3869 1498 3884 ο
1527 3854 1623 3907 καὶ
1657 3871 1797 3923 γνω-

197 3937 528 4008 σιμαχῶμεν
577 3937 899 4002 πταίοντες·
948 3939 1046 3994 καὶ
1089 3941 1442 4014 εὐεργετικὸν
1510 3945 1652 4017 γὰρ,
1702 3947 1797 4001 καὶ

196 4025 449 4082 δεκτικὸν
478 4027 588 4082 τῶν
619 4030 864 4100 γνησίως
911 4032 1438 4101 μεταγινωσκόντων
1463 4051 1477 4066 ο
1526 4037 1795 4107 μηδαμῶς

196 4118 252 4172 δὲ
275 4119 643 4191 ὀλιγωρῶμεν
669 4161 684 4186 ,
719 4123 804 4176 ὅτι
827 4121 892 4195 δὴ
919 4122 1148 4178 δυνατὸν
1173 4125 1267 4178 καὶ
1310 4126 1754 4197 ἀπαραλόγιστον
1776 4173 1792 4198 ,

197 4210 315 4265 ἀλλ’
349 4211 612 4283 ἐκθύμως
643 4213 971 4287 ἀγαπῶμεν.
1000 4216 1127 4281 Τοῖς
1148 4215 1256 4288 γὰρ
1287 4218 1547 4273 ποθοῦσιν
1575 4220 1688 4294 (45)
1711 4215 1795 4287 οἷς

192 4298 376 4370 λόγοις
409 4300 526 4372 (46)
553 4303 648 4355 καὶ
676 4304 965 4376 μειλίχιον.

1907 3115 2247 3172 strissimum
2275 3115 2425 3170 illum
2460 3130 2525 3172 ac
2553 3117 2872 3188 pervigilem
2907 3119 3151 3184 oculum,
3183 3136 3250 3176 ne
3285 3120 3506 3190 quidem

1900 3206 1945 3262 si
2009 3207 2063 3261 in
2121 3206 2516 3265 occultissimis
2559 3207 2935 3278 penetralibus
2989 3209 3196 3280 aliquid
3253 3209 3506 3282 patrarit.

1897 3297 2098 3368 Aperta
2125 3299 2272 3354 enim
2291 3313 2355 3353 ac
2377 3300 2522 3355 nuda
2556 3299 2658 3370 ipsi
2690 3311 2820 3356 sunt
2846 3301 3031 3357 omnia
3062 3299 3125 3368 ¹²,
3152 3303 3511 3372 quantumvis

1899 3396 2172 3460 operta-et
2213 3389 2396 3445 abdita
2428 3403 2551 3446 esse
2583 3391 2898 3448 videantur.
2936 3391 3308 3459 Quamobrem
3336 3394 3507 3449 etiam

1898 3492 2186 3551 peccantes
2216 3495 2393 3552 neque
2439 3484 2826 3555 resipiscentes
2872 3485 3154 3555 excipient
3187 3484 3338 3541 ﬂuvii
3385 3487 3509 3557 qui-

1899 3573 2022 3627 dam
2046 3574 2317 3644 perpetui,
2351 3574 2530 3644 ignem
2570 3576 2870 3632 terribilem
2900 3576 3250 3640 ebullientes.
3273 3594 3508 3649 quorum

1900 3665 2121 3720 ﬂumina
2143 3667 2278 3721 nihil
2297 3677 2426 3722 sunt
2457 3667 2606 3724 aliud
2635 3684 2799 3739 quam
2824 3669 3060 3726 ﬂamma:
3089 3671 3156 3726 ad
3177 3672 3508 3742 supplicium

1897 3754 2248 3812 ﬂuctuantes.
2283 3756 2589 3814 Metuamus
2619 3759 2788 3830 igitur
2816 3761 3062 3817 divinum
3108 3777 3308 3816 numen
3341 3761 3509 3834 ω’]

1901 3852 2005 3923 (est
2031 3852 2178 3905 enim
2201 3850 2600 3925 Iormidabile);
2637 3864 2695 3909 et
2721 3854 2867 3910 idem
2897 3869 3114 3926 quoque
3136 3855 3508 3911 venerabundi

1897 3946 2147 3999 colamus
2209 3943 2329 4013 (est
2370 3944 2514 4000 enim
2561 3946 2765 4002 bonum
2812 3957 2977 4018 atque
3019 3946 3403 4016 beneﬁcum);
3454 3959 3511 4003 ct

1897 4043 2152 4106 petamus
2175 4036 2243 4090 ab
2263 4037 2381 4107 ipso
2407 4036 2558 4106 talia,
2584 4053 2819 4104 quorum
2845 4047 2900 4094 et
2916 4040 3063 4095 datio
3089 4040 3266 4109 ipsum
3291 4040 3509 4104 deceat,

1897 4134 1952 4182 et
1977 4127 2135 4183 nobis
2167 4127 2427 4183 salutaris
2468 4129 2542 4183 sit
2573 4131 2827 4200 acceptio
2858 4129 2960 4202 (ad
2996 4131 3124 4187 talia
3148 4132 3293 4187 enim
3325 4131 3508 4187 danda

1897 4237 2129 4293 pronum
2184 4220 2337 4294 est),
2394 4232 2452 4278 et
2515 4222 2651 4292 lapsi
2710 4225 2765 4280 in
2831 4233 3057 4295 peccata
3108 4225 3502 4297 resipiscamus

1895 4314 2056 4384 (nam
2101 4324 2156 4368 et
2199 4313 2507 4370 beneﬁcum
2557 4323 2667 4382 est,
2722 4324 2778 4372 et
2827 4330 2959 4373 vere
3008 4316 3397 4387 resipiscentes
3439 4333 3507 4372 ac

192 4390 340 4444 serio
384 4390 646 4464 recipit).
698 4390 856 4448 Nullo
904 4404 1084 4452 autem
1136 4401 1299 4454 modo
1351 4401 1692 4472 negligentes
1745 4414 1840 4460 aut
1877 4407 2054 4459 securi
2096 4406 2269 4460 simus
2309 4405 2476 4476 (quia
2548 4417 2745 4476 potens
2789 4417 2904 4477 est,
2950 4423 3054 4466 nec
3092 4408 3507 4478 deceptionibus

193 4481 531 4554 obnoxium)
587 4501 602 4538 :
661 4487 758 4541 sed
812 4495 923 4542 toto
979 4500 1202 4558 pectore
1255 4493 1431 4564 ipsum
1484 4495 1797 4566 diligamus.
1839 4496 1980 4569 Erga
2005 4513 2100 4554 cos
2126 4499 2272 4555 enim
2299 4499 2798 4570 quiobtemperant
2855 4501 2975 4572 ejus
3036 4502 3220 4558 verbis
3251 4502 3506 4570 dictoque

192 4574 480 4632 audientes
508 4585 658 4643 sunt,
691 4577 983 4649 benignum
1010 4593 1117 4638 est.

689 4671 829 4726 MH'.
861 4703 930 4713 -
955 4676 1297 4748 ΑΜΜΩΝΙῼ.

297 4761 405 4825 Εἰς
431 4761 524 4814 τό·
562 4779 582 4812 ι
635 4762 992 4832 Ἐγείρεσθε,
1035 4765 1270 4838 ἄγωμεν
1286 4769 1588 4826 ἐντεῦθεν.
1627 4789 1646 4825 ι

263 4850 386 4908 Ἵνα
449 4853 525 4925 μὴ
577 4855 868 4930 προλήψει,
942 4859 1107 4914 πάθει
1193 4861 1618 4937 ἅργαλεωτάτῳ,
1695 4865 1792 4919 καὶ

2340 4682 2571 4741 XLVIII.
2611 4714 2684 4724 -—
2721 4682 3061 4741 AMMONIO.

1902 4775 1970 4829 In
1995 4776 2130 4830 illud
2171 4775 2376 4831 Christi
2405 4779 2640 4844 dictum,
2677 4795 2696 4830 ι
2733 4775 2970 4848 Surgite,
3008 4795 3190 4833 eamus
3225 4778 3431 4836 hinc“.
3477 4797 3497 4832 ι

1973 4869 2053 4924 Ne
2093 4869 2411 4940 anticipatis
2453 4871 2808 4941 opiuionibus
2849 4887 2912 4928 ac
2956 4871 3308 4942 praeiudiciis,
3357 4873 3503 4927 malo

267 5007 378 5065 "ll
417 5006 548 5066 Cor.
591 5026 643 5076 v,
681 5012 766 5067 I6.
848 5015 890 5046 “
933 5015 1168 5088 Philipp.
1207 5025 1294 5086 in,
1327 5019 1414 5074 I7.
1493 5022 1728 5079 "Hebr.
1767 5038 1877 5089 xw,
1918 5023 2002 5078 I3.
2084 5025 2128 5056 ¹³
2157 5024 2315 5082 Joan.
2347 5041 2462 5092 xlv,
2492 5028 2580 5083 3i.

1330 5175 1566 5232 VARIE
1603 5177 1992 5238 LECTIONES
2034 5182 2122 5237 ET
2163 5182 2398 5239 NOTAE.

265 5320 376 5398 (id)
420 5317 755 5398 καὶ-ἔδειξε
785 5321 901 5398 τὴν
944 5325 1097 5398 κατὰ
1136 5326 1341 5398 σάρκα
1389 5330 1776 5398 συγγένειαν.

195 5387 419 5510 lVidetur
449 5387 754 5511 (Ridentiqu
790 5387 893 5447 tale
923 5397 1071 5466 quid,
1095 5387 1246 5452 οὐδὲν
1284 5387 1586 5462 οὖσαν,’νρι
1617 5401 1788 5472 μηδὲν

217 5475 417 5514 σνυειν.
515 5477 626 5514 ιττ.

759 5529 865 5604 650
914 5547 1013 5602 pro
1063 5537 1208 5614 φημὶ
1241 5539 1427 5606 ponit,
1468 5542 1704 5614 μικράν,
1737 5551 1793 5596 et

193 5615 313 5723 {nos
336 5599 622 5722 ἑυιιιιξκαί
648 5619 661 5630 ·
712 5599 869 5658 ιἐιέιι
901 5599 1023 5673 post
1075 5599 1266 5675 quinto
1302 5599 1425 5679 posi
1450 5599 1588 5665 duo;
1634 5599 1782 5666 addit

225 5686 306 5723 πι.
375 5685 545 5723 usus.

267 5711 900 5824 ᾷᾷίᾙξὶἦίιςξρλῳιεεειι
937 5743 1178 5824 ζᾼλυτςεῳ
1210 5748 1526 5824 inscribitur
1553 5753 1666 5808 haec
1699 5771 1786 5824 ep.

197 5813 317 5866 cod.
346 5817 396 5865 in
432 5812 555 5864 Vat.
589 5811 909 5868 650.]Vers.
938 5815 992 5868 2.
1030 5811 1188 5884 episi.
1225 5835 1323 5889 pro
1351 5822 1456 5884 bis,
1491 5811 1791 5892 φανότατον

439 5907 713 5970 ΡΑτιιοιι.
761 5911 876 5972 Gn.
918 5912 1239 5977 LXXVIII.

1890 5333 1984 5417 xa‘t
2039 5334 2379 5417 ἀκοίμητον,
2424 5337 2573 5417 idem
2634 5339 2754 5395 cod.
2800 5338 2994 5407 habet,
3056 5341 3148 5396 τὸν
3192 5343 3515 5417 ἀκοίμητον

1896 5406 1993 5458 καὶ
2141 5408 2385 5460 νότατον.
2423 5408 2494 5462 In.

1972 5477 2082 5558 (44)
2117 5476 2220 5532 Pro
2271 5478 2600 5551 φοϐηθῶμεν
2655 5481 2798 5538 idem
2850 5483 2971 5538 cod.
3022 5483 3185 5555 legit,
3241 5486 3495 5558 ὀρρωδῶ-

1898 5563 2019 5616 μεν.
2059 5549 2134 5599 ID.

2122 5618 2250 5695 Τοῖς
2282 5620 2394 5695 reip
2429 5622 2750 5695 ποθοῦσιν.
2789 5622 2919 5695 Leg.
2964 5625 3269 5682 πείθουσιν.
3320 5626 3492 5695 Βιττ.

1972 5689 2109 5766 (46)“
2141 5689 2274 5743 Cod.
2328 5691 2444 5747 Val.
2481 5694 2687 5748 omittit
2736 5696 2851 5751 haec
2870 5689 2986 5751 wduo
3037 5701 3240 5766 verba,
3298 5694 3379 5763 οἷς
3408 5700 3494 5752 λόο

1896 5775 2035 5825 γοις.
2077 5758 2281 5816 Possm.

3020 5935 3096 5996 35
