3976 6434
211 398 347 465 ιιοιι

1130 402 1673 466 EPISTOLARUM
1712 404 1861 464 LIB.
1901 403 2000 466 IV.
2043 430 2112 440 -
2145 405 2386 466 EPIST.
2420 406 2533 467 LV.

3374 395 3510 464 1106

205 511 314 565 τῶν
349 510 590 585 ἀρετῶν,
631 513 707 584 μὴ
736 514 868 586 παρ’
899 514 1079 579 ἀλλοις
1107 515 1266 571 τοῦτο
1289 515 1443 590 ζήτει
1474 516 1610 588 (67),
1655 516 1788 571 ἀλλά

1898 516 2080 584 Quare
2109 518 2154 574 si
2187 521 2241 573 in
2285 528 2338 574 te
2382 518 2500 588 ipso
2545 516 2717 574 habes
2758 528 3007 571 normam
3047 514 3310 570 virtutum
3343 513 3510 584 (sicut

203 601 322 674 χρῶ
343 602 424 675 τῷ
451 603 639 676 οἰκείῳ
662 603 941 678 θησαυρῷ.

529 813 659 870 NE'.
690 843 762 856 —
787 813 1118 886 ΛΡΠΟΚΡᾼ
1165 814 1477 887 ΣῦΦΙΣἸᾘ.

206 907 338 962 ὀτι
409 906 533 964 ἀπὸ
605 909 932 1032 φιλαρχίαῖ
957 908 1040 1034 έοῆ
1105 909 1478 979 προλήψεων
1547 909 1804 978 φύονται

859 995 956 1034 ap
1033 995 1140 1034 sm.

859 995 1140 1048 atpwsw.

287 1084 352 1139 Ἦ
386 1087 653 1159 φιλαρχία
686 1088 944 1142 ἀπάντων
989 1088 1140 1144 αίτία
1155 1087 1264 1142 τῶν
1299 1087 1505 1153 κακῶν,
1539 1090 1573 1161 ἢ
1608 1089 1702 1143 καὶ
1732 1087 1802 1142 τά

206 1177 540 1233 καθεστῶτα
567 1179 898 1250 ἀνατρέπειν
930 1180 1273 1251 πειρωμένη,
1301 1180 1511 1244 δεινοὺς
1530 1179 1804 1251 πολέμους

205 1270 268 1322 οὐ
324 1271 492 1340 μόνον
537 1271 622 1339 ἐφ’
671 1269 852 1341 ἡμῶν,
898 1271 1036 1326 ἀλλά
1088 1273 1182 1326 καὶ
1238 1273 1331 1325 ἐπὶ
1389 1271 1499 1325 τῶν
1555 1271 1801 1326 παλαιῶν

206 1363 568 1432 ἐπικωμάσαι
599 1363 1034 1434 παρεσκεύασεν.
1075 1363 1139 1416 Ol
1170 1365 1270 1432 μὲν
1290 1362 1401 1435 γὰρ
1429 1363 1795 1434 Πυθαγόρειοι

207 1451 368 1520 σιγὴν
398 1451 728 1521 ἠσκηκότες,
747 1453 874 1517 τοὺς
907 1452 1053 1523 μέγα
1078 1449 1413 1522 φρονοῦντας
1438 1452 1531 1506 ἐπὶ
1558 1453 1798 1522 εὐγλωτ-

202 1542 294 1612 τίᾳ
327 1545 736 1615 ἀπεκήρυττον.
773 1545 835 1598 Ol
883 1543 938 1596 δὲ
976 1544 1381 1615 Ὀμηρίζοντες,
1423 1545 1549 1609 τοὺς
1579 1545 1801 1601 Πλατω-

201 1633 454 1698 νίζοντας
482 1635 731 1704 διέσυρον
749 1653 762 1664 ’
783 1638 830 1688 oi
865 1636 921 1688 δὲ
939 1635 1377 1700 Πλατωνίζοντες
1409 1637 1534 1700 τοὺς
1569 1636 1800 1710 Ὁμηρί-

205 1724 404 1790 ζοντας
429 1727 684 1790 ἀσεϐείας
700 1727 1030 1798 ἐγράφοντοο
1058 1731 1154 1783 καὶ
1167 1731 1213 1782 oi
1239 1729 1341 1798 μὲν
1375 1727 1799 1800 ’Δριστοτελικοὶ

201 1818 341 1889 πρὸς
375 1819 504 1881 τοὺς
527 1817 972 1883 Πλατωνίξοντας
998 1819 1417 1874 ὲπαπεδύσαντο
1442 1837 1455 1850 ο
1473 1821 1524 1873 oi
1552 1820 1608 1874 δὲ
1637 1821 1796 1873 Στοῖ-

1903 609 2151 681 profecto
2194 609 2410 680 habes),
2442 609 2550 666 noli
2593 609 2737 682 apud
2773 608 2908 666 alios
2934 621 3053 664 eam
3089 619 3375 677 (paterere,
3413 603 3509 662 sed

1905 702 2128 773 proprio
2154 701 2413 758 thesauro
2443 709 2619 757 utere.

2146 811 2255 867 LV.
2295 841 2371 856 --
2407 807 2815 866 HARPOCBE
2857 805 3255 864 SOPlllS'LE.

1905 905 1983 960 Ab
2016 905 2302 962 ambitione
2337 913 2433 960 aut
2469 903 2788 971 anticipatis
2829 901 3163 972 opinionibus
3206 898 3351 954 nosci
3393 900 3505 953 Ita:-

2619 989 2762 1029 1³8888
2770 1013 2786 1028 .

1977 1085 2218 1141 Ambitio
2265 1091 2321 1141 et
2366 1083 2670 1155 imperandi
2721 1083 3015 1153 cupiditas,
3057 1081 3301 1138 omnium
3343 1095 3506 1135 causa

1904 1175 2193 1241 malorum,
2223 1190 2344 1246 qua:
2372 1176 2536 1232 etiam
2571 1176 2710 1232 bene
2739 1174 2906 1249 ιω
2929 1173 3225 1231 constituta
3253 1183 3505 1229 evertere

1902 1277 2154 1334 conatur,
2202 1267 2393 1337 gravia
2441 1267 2585 1324 bella
2625 1283 2734 1324 non
2772 1267 2950 1324 solum
2992 1273 3181 1321 nostra
3210 1265 3502 1331 memoria,

1900 1359 1996 1416 sed
2023 1361 2190 1417 etiam
2221 1360 2469 1432 antiquis
2507 1362 2842 1432 temporibus
2868 1359 3075 1416 invexit
3101 1358 3156 1414 in
3194 1372 3283 1414 res
3315 1358 3508 1413 huma~

1900 1465 2019 1507 nas.
2076 1451 2212 1508 Nam
2258 1450 2588 1524 Pythagorei
2632 1454 2876 1525 quidem,
2908 1468 3034 1510 cum
3081 1452 3184 1523 ipsi
3226 1451 3503 1508 silentium

1899 1542 2172 1610 colerent,
2215 1543 2353 1600 alios
2393 1546 2488 1617 qui
2524 1545 2836 1618 eloquentia
2882 1560 2942 1602 se
2984 1543 3276 1617 magniﬁce
3310 1543 3507 1600 eii‘ere—

1898 1633 2053 1701 bant,
2082 1635 2481 1706 repudiabant:
2519 1637 2744 1694 liomeri
2778 1648 2962 1694 autem
2999 1637 3228 1694 studiosi
3260 1635 3506 1692 Platonis

1899 1725 2140 1782 asseclas
2171 1727 2531 1784 traducebant
2559 1745 2575 1784 :
2609 1726 2858 1784 Platonis
2893 1741 3027 1784 vero
3057 1736 3363 1784 sectatores
3392 1726 3505 1782 Ho-

1898 1818 2034 1873 meri
2063 1818 2325 1875 studiosis
2353 1818 2650 1890 impietatis
2695 1819 2874 1875 dicam
2906 1818 3260 1875 scribebant:
3293 1829 3349 1875 et
3382 1818 3505 1874 Ari-

201 1885 291 1963 κοὶ
315 1909 458 1981 πρὸς
500 1909 626 1974 τοὺς
673 1909 1142 1980 Ἀριστοτελικοὺς
1179 1911 1504 1981 ἐφράξαντο.
1542 1911 1788 1965 Ἐπικου-

1899 1909 2133 1965 stotelici
2169 1911 2389 1980 quidem
2431 1885 2704 1967 adversus
2737 1912 3052 1970 Platonicos
3084 1913 3504 1985 (philosophos)

202 2001 368 2073 ρείων
397 2001 476 2066 δὲ,
508 2002 616 2056 τῶν
642 2005 708 2073 τῇ
759 2001 930 2074 κακίᾳ
971 2004 1340 2075 ἐπικουρῆσαι
1376 2002 1791 2075 τολμησάντων,

200 2094 296 2146 καὶ
329 2090 645 2162 μεμνῆσθαι
690 2091 1062 2146 ἀτοπώτατον.
1092 2093 1203 2146 Καὶ
1242 2093 1337 2146 ἐπὶ
1378 2094 1481 2163 τῆς
1543 2094 1796 2164 ἰατρικῆς

197 2183 254 2237 δὲ
280 2183 340 2236 τὸ
376 2183 512 2237 αὐτὸ
542 2183 1015 2254 ἐπηκολούθησαν.
1047 2185 1112 2238 0i
1137 2185 1237 2256 μὲν
1265 2185 1376 2257 γάρ
1409 2187 1634 2254 Λογικοὶ
1666 2187 1795 2250 τοὺς

198 2275 537 2338 Μεθοδικοὺς
562 2273 671 2343 (68)
703 2275 1091 2345 ἑστηλίτευσαν
1117 2294 1132 2309 ο
1164 2279 1212 2331 oi
1234 2277 1290 2331 δὲ
1324 2277 1618 2332 Μεθοδικώ
1651 2277 1794 2333 κατά

197 2368 307 2422 τῶν
351 2366 606 2435 Δογικῶν
645 2365 974 2437 ἐφράξαντο.
1017 2369 1082 2422 Ol
1129 2367 1229 2439 μὲν
1276 2367 1387 2440 γὰρ
1447 2368 1651 2433 πολλὰς
1696 2369 1794 2424 καὶ

201 2459 457 2522 ποικίλας
504 2459 660 2530 ῥίζας
690 2459 901 2526 ἔφασαν
929 2460 1038 2513 τῶν
1076 2460 1265 2515 παθῶν
1291 2478 1306 2491 ο
1347 2461 1429 2516 διὸ
1472 2464 1567 2517 καὶ
1613 2465 1795 2519 ποικί-

196 2548 310 2610 λοις
368 2549 612 2618 ἐχρῶντο
664 2547 996 2618 βοηθήμασι,
1038 2547 1139 2613 τὰς
1187 2549 1346 2621 ῥίζας
1399 2552 1795 2626 πολυπραγμο-

197 2637 423 2703 νοῦντες
471 2637 584 2691 τῶν
633 2638 980 2710 νοσημάτων,
1023 2641 1118 2693 καὶ
1149 2639 1325 2706 οὕτως
1370 2644 1794 2712 ἀναστέλλοντες

197 2731 298 2794 τὰς
327 2730 515 2800 πηγὰς
540 2729 653 2784 τῶν
694 2729 904 2784 παθῶν.
933 2732 996 2785 Ol
1041 2731 1098 2785 δὲ
1131 2732 1225 2786 δύο
1254 2735 1424 2804 μόνας
1453 2737 1633 2801 αἰτίας
1662 2738 1793 2809 ὡρί-

199 2840 387 2886 σαντο,
419 2823 718 2890 στέγνωσιν
748 2823 843 2876 καὶ
868 2822 1022 2894 ῥῢσιν
1043 2841 1057 2855 ·
1090 2825 1172 2877 διδ
1196 2827 1291 2878 καὶ
1320 2826 1401 2891 τὸ,
1440 2827 1470 2898 ἢ
1505 2830 1791 2897 κενωτέον,

197 2917 230 2988 ἢ
262 2917 550 2979 στακτέον,
576 2915 1053 2984 ὲδογμάτισαν.’οί
1081 2915 1138 2969 δὲ
1173 2917 1524 2989 Ἐμπειρικοὶ
1551 2921 1646 2974 καὶ
1674 2922 1794 2975 τού-

201 3021 330 3066 τους
359 3003 653 3066 κάκείνους
699 3003 1004 3058 ἔσκωπτον.
1037 3007 1101 3060 El
1143 3006 1200 3060 δὲ
1232 3009 1325 3062 καὶ
1360 3009 1462 3073 τάς
1491 3011 1602 3065 τῶν
1632 3013 1795 3084 ῥητός

201 3110 331 3164 ρων,
368 3095 464 3148 καὶ
495 3095 593 3159 τάς
609 3094 719 3149 τῶν
744 3097 1006 3168 ποιητῶν,
1039 3100 1134 3154 καὶ
1161 3101 1262 3165 τὰς
1283 3091 1395 3156 τῶν
1429 3104 1793 3174 συγγραφέων

1896 2000 2214 2072 pugnabant
2248 2021 2262 2057 :
2305 2001 2476 2059 Stoici
2515 2017 2646 2060 vero
2678 2013 2868 2061 contra
2907 2005 3289 2062 Aristotelicas
3323 2020 3505 2060 arma-

1896 2093 2120 2148 bantur.
2157 2092 2556 2164 Epicureorum
2599 2106 2804 2163 autem,
2846 2097 2942 2166 qui
2988 2097 3136 2154 vitiis
3170 2097 3501 2169 patrocinari

1897 2185 2016 2240 ausi
2045 2193 2208 2251 sunt,
2252 2186 2419 2243 etiam
2467 2191 2800 2244 mentionem
2839 2187 2959 2244 ﬁeri
3001 2189 3284 2262 indignum
3336 2199 3503 2258 atquo

1897 2275 2196 2332 absurdum
2232 2285 2337 2333 est.
2384 2275 2493 2335 Sed
2530 2288 2584 2334 et
2624 2279 2677 2335 in
2723 2288 2842 2337 arte
2878 2281 3089 2338 medica
3124 2281 3268 2338 idem
3306 2283 3500 2339 sectati

1897 2377 2027 2424 sunt
2050 2370 2313 2426 studium.
2357 2369 2494 2426 Nam
2539 2371 2727 2443 Logici
2762 2373 2983 2445 quidem
3028 2374 3368 2433 Methodicos
3416 2376 3502 2432 in-

1895 2462 2286 2531 sectabantur,
2314 2460 2608 2520 Methodici
2641 2479 2776 2522 vero
2824 2475 3018 2523 contra
3056 2467 3286 2537 Logicos
3319 2482 3380 2524 se
3412 2482 3503 2522 ar-

1896 2555 2140 2610 mabant.
2177 2555 2367 2612 Altera
2390 2557 2534 2612 enim
2570 2565 2721 2614 secta
2752 2560 2951 2615 multas
2988 2573 3054 2616 ac
3082 2559 3264 2614 varias
3289 2559 3502 2615 radices

1894 2647 2210 2704 morborum
2273 2664 2397 2707 esse
2446 2651 2666 2716 aiebat;
2737 2661 3072 2724 quapropter
3121 2653 3288 2709 etiam
3335 2652 3502 2707 variis

1894 2741 2193 2799 utebantur
2217 2743 2460 2810 auxiliis,
2505 2743 2746 2802 sollicite
2791 2746 3010 2803 radices
3039 2747 3356 2803 morborum
3383 2745 3499 2802 sin-

1895 2833 2148 2903 gulorum
2173 2836 2536 2905 inquirentes,
2561 2847 2727 2908 atque
2751 2838 2825 2893 ita
2860 2839 3042 2895 fontes
3063 2839 3376 2895 morborum
3398 2838 3500 2893 ob-

1896 2934 2204 2983 struentes.
2229 2926 2421 2984 Altera
2451 2943 2606 2995 vero,
2641 2929 2780 2986 duas
2814 2938 3025 2985 tantum
3055 2944 3250 2987 causas
3274 2929 3502 2986 delinie-

1894 3016 2028 3073 bant
2065 3036 2080 3072 :
2111 3019 2492 3076 aatrictionem
2533 3022 2652 3079 sive
2685 3022 3143 3094 constipationem
3169 3065 3184 3090 ,
3224 3032 3277 3079 et
3307 3021 3502 3078 ﬂuxio-

1896 3123 2041 3165 nem.
2069 3107 2225 3166 Unde
2249 3112 2354 3168 hoc
2383 3112 2576 3184 dogma
2603 3114 2965 3179 tradiderunt,
2989 3121 3080 3169 aut
3103 3113 3496 3178 evacuandum,

196 3185 336 3257 πρὸς
376 3186 644 3257 ἀλλήλους
693 3187 959 3261 διαφορὰς
1007 3192 1182 3246 εἰπεῖν
1238 3192 1586 3266 ἐθελήσαιμι,
1622 3196 1788 3262 πολὺς

1897 3209 1988 3254 aut
2029 3201 2426 3258 instillandum.
2480 3204 2746 3275 Empirici
2800 3215 2988 3261 autem
3044 3215 3155 3262 tam
3203 3206 3306 3262 hos
3338 3221 3500 3275 quam

195 3279 295 3332 καὶ
321 3278 483 3346 λόγος
519 3280 616 3333 καὶ
641 3281 833 3351 χρόνος
853 3282 1288 3354 ἀναλωθήσεται.
1329 3285 1442 3339 Καὶ
1473 3285 1788 3358 θαυμαστὸν

1897 3291 2018 3347 illos
2045 3293 2380 3350 deriserunt.
2403 3293 2560 3359 Quod
2588 3297 2634 3352 si
2664 3305 2720 3352 et
2745 3307 3024 3353 oratorum
3049 3339 3064 3366 ,
3089 3309 3145 3354 et
3179 3307 3458 3368 poetarum
3483 3339 3496 3361 .

195 3372 370 3427 οὐδέν.
403 3372 581 3426 Ὅπου
625 3373 737 3446 γὰρ
770 3375 820 3428 οἱ
853 3374 1172 3444 φιλοσοφιας
1205 3378 1432 3448 ὀνόματι
1462 3378 1792 3453 βρενθυόμε-

194 3479 284 3541 νοι.
322 3463 427 3516 οὐκ
477 3461 738 3534 ὤκνησαν
793 3465 1117 3537 διαπρύσιον
1150 3467 1274 3522 καθ’
1305 3470 1517 3523 ἑαυτῶν
1566 3471 1789 3542 κινῆσαι

191 3555 460 3625 πόλεμον,
495 3554 661 3626 σχολῇ
698 3556 751 3624 γ’
775 3556 842 3610 ἂν
880 3560 994 3620 τοῖς
1027 3559 1255 3630 ρήτορσι
1285 3561 1509 3624 καὶτοῖς
1536 3564 1791 3632 ποιηταῖς

194 3647 467 3717 ιμέλησεν
499 3647 748 3718 εἰρήνης,
782 3647 836 3701 οἴ
859 3665 925 3718 γε
955 3649 1051 3702 καὶ
1093 3651 1231 3719 πρὸς
1267 3653 1394 3714 τοὺς
1435 3653 1786 3723 ἐγκράτειαν,

191 3740 286 3790 καὶ
307 3737 685 3807 δικαιοσύνην,
724 3739 819 3793 καὶ
863 3739 1224 3810 σωφροσύνην
1276 3742 1628 3812 ἐγκρίνοντας
1669 3745 1787 3798 Σω-

190 3831 492 3900 κρατικοὺς
551 3829 885 3901 διεφέροντο,
942 3829 1038 3894 οὓς
1095 3830 1326 3886 Πλάτων
1372 3833 1786 3906 έκκωμῳδήσας

189 3919 249 3971 ἒν
311 3919 605 3988 διαλόγοις,
660 3920 1068 3991 ἀνεκωμῳδήθη
1128 3921 1281 3993 παρά
1341 3923 1451 3978 τῶν
1504 3925 1782 3993 Κυνικῶν,

187 4001 265 4062 ὧν
298 4005 380 4074 εἷς
440 4005 512 4080 ἦν
551 4011 647 4063 καὶ
702 4009 1022 4088 Λουκιανὸς,
1072 4014 1101 4066 ὁ
1139 4014 1267 4078 τοὺς
1307 4013 1595 4084 διαλόγους
1640 4017 1785 4073 κατά

190 4102 414 4157 πάντων
463 4102 602 4173 ὁμοῦ
660 4104 847 4173 σχεδὸν
907 4104 1015 4161 τῶν
1081 4124 1140 4160 τε
1183 4109 1514 4180 εἰρημένων,
1562 4110 1674 4164 τῶν
1720 4130 1782 4166 τε

189 4195 723 4266 παραλελειμμένων
780 4197 1069 4263 συντάξας.
1112 4201 1210 4254 Ὃν
1261 4202 1312 4254 oi
1362 4201 1463 4273 μὲν
1505 4203 1784 4260 Πλατωνι-

185 4287 276 4342 κοὶ
319 4287 470 4358 (69),
502 4287 591 4341 διὰ
625 4288 686 4342 τὸ
729 4291 855 4355 τοὺς
895 4292 1051 4363 παρά
1101 4293 1212 4346 τῶν
1252 4295 1494 4365 ποιητῶν
1535 4297 1782 4353 ἀναπλα-

187 4379 417 4444 σθέντας
443 4381 603 4445 θεοὺς
625 4381 1061 4454 τεθεατρικέναι,
1096 4385 1450 4454 ἀπεδέξαντο.
1473 4389 1536 4444 Ol
1577 4390 1634 4443 δὲ
1667 4391 1779 4446 τῶν

185 4471 431 4544 ποιητῶν
485 4474 748 4544 τρόφιμοι
806 4474 1090 4548 δύσφημον
1145 4479 1497 4534 ἀπεκάλεσαν
1525 4498 1539 4512 ·
1588 4483 1781 4549 δεινῶς

1893 3391 1950 3437 et
1980 3381 2368 3439 historicorum
2396 3384 2542 3442 inter
2573 3401 2635 3442 se
2671 3388 3054 3444 contentiones
3093 3396 3147 3443 et
3182 3396 3500 3443 controver-

1894 3475 2008 3530 sias
2042 3477 2294 3534 oratione
2318 3478 2576 3549 persequi
2612 3479 2830 3547 vellem,
2860 3480 3182 3536 multumet
3205 3481 3496 3536 verborum

1891 3580 1948 3626 et
1977 3573 2239 3641 temporis
2279 3573 2412 3629 mihi
2448 3584 2884 3632 consumeretur.
2935 3574 3005 3629 Et
3030 3576 3166 3631 nihil
3194 3577 3332 3631 adeo
3365 3574 3494 3630 miri

1890 3670 1996 3716 est.
2025 3660 2258 3727 Quando
2287 3662 2434 3718 enim
2478 3662 2578 3730 illi,
2625 3665 2719 3734 qui
2769 3662 3134 3736 philosophia
3171 3664 3392 3719 nomine
3438 3679 3499 3718 se

1888 3754 2182 3824 magniﬁce
2222 3753 2562 3822 efferebant,
2607 3771 2716 3811 non
2779 3755 3098 3812 dubitarunt
3151 3755 3496 3826 implacabile

1888 3846 2153 3900 adversus
2203 3859 2264 3901 se
2309 3845 2542 3902 invicem
2587 3861 2813 3903 movere
2846 3847 3056 3904 bellum
3100 3865 3118 3901 :
3172 3846 3266 3901 vix
3319 3848 3496 3918 potuit

1889 3934 2030 4000 ﬁeri,
2073 3945 2132 3991 ut
2176 3937 2489 3993 oratoribus
2540 3945 2596 3993 ot
2632 3938 2808 4009 poetis
2849 3953 2957 4010 pax
3000 3953 3152 3996 cura:
3197 3948 3364 4005 esset,
3402 3940 3493 4010 qui

1887 4029 2052 4082 etiam
2097 4043 2221 4084 cum
2270 4028 2591 4098 Socraticis,
2640 4029 2733 4099 qui
2783 4033 3202 4103 temperantiam
3245 4041 3301 4088 et
3330 4031 3495 4103 justi-

1887 4117 2019 4174 tiam
2055 4127 2111 4174 et
2143 4119 2474 4175 modestiam
2509 4120 2563 4175 in
2600 4122 2781 4192 pretio
2817 4122 3149 4188 habuerunt,
3179 4123 3491 4180 contentiu-

1887 4223 1985 4267 nes
2014 4220 2383 4283 susceperunt
2417 4230 2432 4268 :
2470 4229 2610 4284 quos
2644 4213 2797 4270 Plato
2841 4214 2895 4270 in
2941 4214 3180 4287 Dialogis
3209 4218 3487 4287 deridens,

1884 4302 2000 4375 ipse
2027 4319 2246 4376 quoque
2276 4314 2469 4362 mutuo
2509 4307 2726 4364 derisus
2765 4318 2852 4365 est
2889 4325 2918 4364 a
2959 4309 3181 4382 Cynicis
3212 4325 3227 4365 :
3255 4327 3488 4382 quorum

1883 4409 1915 4451 e
1941 4411 2172 4453 numero
2205 4397 2486 4454 Lucianus
2518 4399 2684 4455 etiam
2725 4399 2848 4468 fuit,
2883 4403 2977 4471 qui
3018 4402 3265 4474 dialogos
3295 4411 3486 4460 contra

1882 4502 2076 4545 omnes
2105 4492 2540 4561 propemodum,
2589 4501 2696 4547 tam
2731 4507 2826 4550 eos
2873 4495 2963 4563 qui
3003 4494 3114 4564 jam
3165 4503 3290 4551 sunt
3333 4497 3484 4557 ιιὶιοιῐ,

183 4565 295 4633 γὰρ
322 4567 452 4629 τοὺς
505 4567 637 4636 παρ’
674 4566 854 4620 αὐτῶν
895 4568 1351 4642 ικΘειαζομένους
1399 4574 1557 4638 θεοὺς
1581 4575 1782 4641 ὲξεκω·

1894 4593 2051 4659 quam
2079 4595 2174 4638 eos
2199 4582 2294 4653 qui
2325 4583 2516 4640 omissi
2546 4594 2690 4648 sunt,
2732 4586 3063 4655 composuit.
3106 4587 3276 4655 Quem
3305 4587 3489 4642 Piam~

188 4654 430 4727 μῴδησε.
491 4656 588 4719 Τίς
612 4653 706 4712 οὖν
737 4657 996 4732 τολμήσει
1053 4661 1124 4716 τὰ
1167 4661 1280 4717 τῶν
1333 4663 1600 4739 Ἐλλήνων
1639 4685 1776 4737 πρε-

1887 4670 1997 4727 nici
2025 4672 2246 4744 quidem
2274 4673 2354 4731 ob
2371 4675 2428 4732 id
2447 4676 2576 4748 quia
2616 4689 2648 4731 a
2673 4676 2848 4747 poetis
2870 4677 3132 4736 conﬁctos
3163 4679 3293 4734 deos
3324 4684 3478 4751 quasi

1230 4819 1467 4877 VARUS
1503 4821 1890 4884 LECTIONES
1934 4827 2027 4885 ET
2063 4826 2305 4887 ΝΟΤΔΞΖ.

256 4969 373 5041 (67)
417 4969 823 5052 τοῦτο-ζήτει.
873 4973 992 5031 Non
1037 4989 1160 5033 esse
1195 4983 1483 5048 quaerenda
1519 4981 1772 5052 aliunde,

1876 4987 2147 5068 rationem
2185 4997 2242 5068 et
2267 4991 2695 5068 experientiam,
2727 4992 2825 5068 ubi
2845 4991 3209 5068 Mypa‘vocat
3231 5000 3326 5068 qui
3361 4998 3479 5053 alii:

185 5043 1031 5140 mhi-panindnntini‘
1049 5088 1064 5114 ,
1083 5043 1360 5140 “quisque
1504 5043 1776 5140 potes-tate
1873 5067 1958 5140 est
1985 5043 2163 5128 λόγος.
2276 5043 3481 5140 Seio—nus

187 5122 370 5164 nostra
415 5111 718 5174 habemus.
762 5111 1164 5172 sentetttia'est-
1190 5111 1355 5174 etiam
1409 5122 1470 5176 Ι).

184 5181 454 5234 Ambrosii
487 5181 538 5234 in
575 5180 890 5239 Hexaemer.
931 5185 1099 5244 RI‘I'T.

222 5319 234 5331 O
255 5251 369 5318 (68)
408 5253 474 5304 οι
505 5251 624 5333 μέν
662 5254 772 5333 γὰρ
803 5259 1044 5326 Λογικοὶ
1068 5258 1212 5326 τοὺς
1240 5261 1634 5333 Μεθοδικούς.
1668 5267 1778 5325 Me-

185 5319 430 5404 Ψ⁰⁰Ι¹¹ἒ⁸¹
456 5319 914 5404 Ξ¹¹ιίίιιξί’ίξ¹ἐ.ιτεέ
957 5338 1114 5404 mn}
1157 5319 1366 5404 siem:
1408 5319 1627 5404 Logici’,
1659 5319 1774 5393 ιιέ.

189 5390 414 5453 thodici,
455 5391 738 5461 Empirici.
771 5397 1042 5453 Ausonius
1071 5398 1292 5470 Grypbo
1321 5390 1545 5459 ιρι-ηιιῖἱὶ
1581 5423 1595 5458 :

331 5482 547 5557 triplex
570 5503 776 5557 quoque
806 5489 981 5557 forma
1010 5493 1298 5548 medendi:

189 5551 324 5618 Quot
344 5551 540 5624 Logos,
568 5551 666 5611 ὰιιι
689 5551 982 5628 Methodos,
1007 5567 1191 5633 cuique
1205 5566 1547 5633 Experientia
1562 5586 1771 5640 nomen,

187 5642 246 5730 Β.
278 5644 642 5730 [iteronymns
692 5652 757 5706 ad
791 5651 1072 5730 Paulinum
1105 5673 1118 5708 :
1163 5657 1401 5730 cTaceo
1427 5699 1441 5724 ,
1485 5662 1659 5730 inquit
1707 5665 1771 5719 de

190 5719 411 5773 medicis
438 5760 452 5784 ,
488 5733 718 5786 quorum
751 5723 983 5777 scientia
1017 5728 1336 5783 mortalibus
1371 5719 1452 5786 vel
1480 5719 1769 5790 utilissima

189 5793 286 5875 est,
309 5796 369 5875 et
390 5789 449 5875 in‘
478 5799 589 5843 tres
617 5794 1099 5875 partcsscindit‘ur
1131 5815 1144 5850 :
1171 5799 1232 5852 τὸ
1259 5798 1463 5875 δόγμα,
1482 5802 1580 5873 τὴν
1609 5789 1767 5875 μέοοέ

188 5853 291 5920 δον,
313 5858 407 5929 τὴν
433 5853 730 5931 ἐμπειρίαν
765 5880 776 5916 :
812 5863 861 5917 id
897 5874 980 5920 est
1007 5866 1284 5924 decretum
1317 5853 1399 5926 iét
1437 5853 1762 5942 doc’tri'liam,

1559 5125 1698 5180 asilii
1721 5135 1778 5180 et
1874 5126 1954 5183 De
1993 5125 2303 5186 remedica.
2334 5130 2504 5189 Pun.

1875 5218 2032 5286 Quod
2085 5221 2279 5295 Logos,
2323 5235 2417 5280 aut
2467 5226 2771 5295 Methodus,
2822 5233 3151 5307 simplexque
3198 5235 3468 5299 Empirica

3119 5307 3348 5380 [pandit.

1882 5383 2198 5466 simplicem
2229 5398 2391 5466 vocat
2425 5388 2759 5466 Empiricam
2782 5434 2797 5458 ,
2829 5405 2890 5450 ut
2930 5412 3053 5466 qua)
3089 5414 3195 5454 non
3231 5399 3475 5453 sitsolli-

1880 5459 1985 5530 cita
2003 5457 2274 5530 decansis
2297 5467 2352 5514 et
2377 5457 2702 5527 rationibus,
2726 5457 2822 5519 sed
2848 5457 3473 5530 tauiumoltservatiOuc,

1882 5525 2204 5610 collectione
2223 5540 2401 5610 Iatque
2424 5525 2739 5590 inductione
2760 5537 3136 5610 exemplorum
3162 5525 3278 5610 sive
3306 5525 3473 5610 expc;

1883 5597 2079 5678 rient‘i‘a
2106 5597 2269 5678 (unde
2301 5611 2354 5654 et
2387 5616 2579 5678 nomen
2609 5606 2824 5678 accepit
2851 5597 3122 5678 )n'itatur.
3159 5609 3328 5665 RIT‘I‘.

1953 5666 2063 5750 ((29)
2103 5666 2272 5750 puni.
2309 5685 2397 5750 ep.
2433 5670 2496 5726 91
2521 5672 2640 5750 _inl'.
2690 5666 2862 5750 hujus
2887 5677 3010 5734 libri
3053 5697 3126 5736 tv.
3161 5678 3472 5737 Notandum

1879 5749 1946 5790 ex
1975 5737 2082 5818 line
2102 5737 2436 5818 ltujusopisl.
2457 5737 2875 5818 saluberrimum
2901 5751 3102 5806 nostris
3133 5753 3297 5807 etiam
3329 5762 3468 5804 tom-

1879 5809 2101 5885 poribus
2125 5809 2615 5885 exulceratissimis
2636 5817 2947 5885 consilium,
2973 5821 3042 5876 de
3063 5823 3147 5877 via
3174 5838 3237 5878 ac
3258 5823 3472 5876 ratione

1877 5878 2193 5936 orthodoxze
2217 5883 2522 5939 concordiae
2547 5887 2849 5946 εητςὶιηιίιω
2868 5878 3272 5950 θιέιιηρῑοιιιίξο.
3299 5893 3460 5950 llt'rr.
