3976 6434
546 380 679 447 1107

1708 376 1769 436 S.
1811 374 2106 437 ISIDORI
2145 370 2582 434 PELUSIOT/E

3684 66 3853 93 a3.,

3744 122 3817 141 η»
3882 118 3921 139 ,θ

3642 148 3713 155 -η..
3768 146 3791 155 Α.
3874 142 3919 155 Α·

3874 146 3911 173 ⁴τ

3742 198 3747 201 4
3802 182 3847 195 ἰ

3742 184 3847 201 Αγι-

3736 214 3833 243 bJ,‘

3708 266 3721 273 λ
3794 276 3795 281 η

3632 296 3787 429 iter

541 498 597 550 in
624 492 832 547 theatro
860 485 1177 541 deridendos
1202 481 1505 553 propinavit
1531 489 1693 551 atque
1723 482 1977 547 traduxit,
2004 494 2071 550 ap

2221 478 2509 532 τσευόντων
2566 478 2761 544 εἱπεῖν,
2828 476 2910 531 ὅτι
2958 475 3149 530 πολλαὶ
3220 475 3369 546 παρὰ
3434 475 3787 545 Χριστιανοτς

544 587 870 656 probarunt;
908 588 1184 648 poetarum
1208 585 1384 631 autem
1420 574 1616 627 alumni
1643 572 1900 627 infamem
1931 572 2105 628 decla-

542 686 751 733 rarunt.
798 671 1049 728 Graviter
1084 670 1226 725 enim
1265 667 1579 737 perstrinxit
1619 666 1739 721 illos
1767 708 1782 732 ,
1824 680 1961 737 quos
2006 665 2103 733 ipsi

542 777 868 834 magnopere
901 761 1325 824 venerabantur,
1362 757 1511 813 deos.
1546 759 1677 826 Quis
1704 757 1869 828 igitur
1893 769 2101 819 eorum,

540 858 631 925 qui
677 855 1051 925 paganismum
1102 850 1538 921 amplectuntur,
1576 848 1717 903 ausit
1764 847 1918 901 nobis
1959 844 2101 915 obji-

539 959 684 1007 cere,
716 942 909 997 inuitas
943 939 1082 1008 apud
1111 938 1449 992 Christianos
1493 936 1728 991 imreses
1773 944 1929 987 natas
1958 945 2100 997 esse,

2212 568 2454 639 αἱρέσεις
2484 568 2800 639 ἐτέχθησαν,
2852 566 3120 631 τοσαύτας
3168 567 3311 637 ὁρῶν
3344 567 3440 619 καὶ
3469 565 3602 634 παρ’
3652 563 3787 619 ἐκεί·

2211 676 2321 723 νοις
2356 659 2443 713 διὰ
2492 658 2777 728 φιλαρχίαν
2817 658 2942 728 (χρὴ
2972 657 3077 727 γάρ
3117 656 3325 727 τάληθῆ
3357 656 3558 724 λέγειν)
3575 654 3787 723 τεχθείη

2212 767 2341 817 σας;
2367 752 2428 805 Ei
2459 752 2503 804 δ’
2541 750 2680 820 αὕτη
2716 748 3159 820 ὲξοστρακισθείη
3202 750 3267 801 ἐκ
3308 747 3419 801 τῶν
3451 745 3784 817 ἀνθρώπων,

2209 840 2361 905 ἐλπίς
2408 843 2524 893 ἐστι
2558 840 2786 911 χρηστὴ,
2834 838 3043 903 πάντας
3089 841 3167 902 εἱς
3210 838 3272 891 τὸ
3319 838 3461 891 θεῖον
3516 838 3786 907 κήρυγμα

2209 933 2503 1003 ὁμοφώνως
2534 933 2627 986 καὶ
2656 931 2949 1003 όρθοδόξως
2980 931 3323 1001 συνδραμεῖν.

539 1050 659 1089 cum
704 1042 811 1086 tam
855 1029 1050 1084 multas
1096 1028 1275 1083 videat
1316 1028 1479 1081 etiam
1529 1026 1667 1095 apud
1747 1024 1893 1093 ipsos
1960 1021 2176 1077 Graecos
2215 1034 2434 1093 propter
2475 1023 2822 1079 ambitionem
2874 1033 2929 1079 et
2982 1022 3281 1091 imperandi
3338 1020 3580 1075 studium
3629 1020 3783 1079 (vera

540 1128 681 1182 enim
712 1126 891 1179 dicere
926 1120 1163 1191 oportet)
1203 1130 1358 1175 natas
1396 1119 1548 1176 esse?
1591 1118 1648 1173 Si
1690 1130 1816 1172 vero
1853 1118 1965 1171 hac
2003 1116 2362 1187 expelleretur
2396 1130 2459 1169 ex
2532 1114 2691 1171 rebus
2761 1116 3031 1178 humanis,
3090 1129 3216 1183 spes
3270 1114 3407 1169 bona
3453 1121 3626 1176 esset,
3660 1110 3782 1165 fore

543 1228 598 1275 ut
619 1232 804 1274 omnes
839 1219 893 1271 in
927 1216 1162 1271 divinum
1211 1212 1548 1286 (Evangelii)
1590 1212 1917 1282 przeconium
1956 1212 2195 1266 unanimi
2218 1219 2274 1265 et
2305 1210 2611 1266 ortliodoxo
2646 1226 2914 1266 consensu
2945 1211 3319 1267 convenirent.

710 1352 871 1425 αι
902 1351 1038 1409 LVI.
1069 1381 1137 1395 —
1171 1350 1396 1407 PETRO
1418 1345 1906 1405 SCIIOLASTICO.

1118 1439 1319 1496 Eadem
1349 1440 1412 1493 de
1442 1456 1518 1494 re.

611 1559 717 1615 Aut
737 1571 801 1615 ex
821 1556 1133 1623 ambitione,
1169 1565 1260 1611 aut
1310 1571 1376 1611 ex
1432 1553 1723 1625 anticipata
1750 1553 1929 1623 aliqua
1978 1551 2103 1622 opi-

548 1651 728 1718 nione,
758 1650 964 1706 duabus
994 1658 1301 1721 expugnata
1326 1645 1657 1702 diiiicillimis
1693 1644 2097 1712 aii‘ectionibus,

544 1743 781 1797 haereses
811 1751 868 1797 et
898 1750 1071 1796 sectas
1103 1754 1267 1797 natas
1309 1756 1430 1797 esse
1475 1741 1730 1796 arbitror.
1760 1736 1896 1794 Nam
1924 1740 2016 1809 qui
2048 1737 2103 1793 in

2504 1345 2648 1414 NCT.
2680 1375 2754 1387 —
2774 1347 3000 1419 ΠΕΤΡῼ
3029 1346 3483 1418 ΣΧΟΛΑΣΤΙΚῼ.

2740 1441 2882 1508 Περὶ
2919 1440 3023 1495 τοῦ
3056 1440 3263 1495 αὑτοῦ.

2280 1553 2351 1607 Ἢ
2398 1554 2462 1606 ἐκ
2501 1550 2825 1624 φιλαρχίας,
2866 1547 3056 1623 οἶμαι,
3095 1553 3126 1622 ἢ
3172 1553 3237 1605 ὲκ
3272 1550 3636 1623 προλήψεως,
3679 1551 3778 1605 δύο

2204 1633 2725 1715 δυσκαταγωνθστων
2748 1644 2955 1707 παθῶν,
2989 1643 3087 1708 τὰς
3120 1644 3361 1714 αἱρέσεις
3402 1643 3680 1712 τετέχθαι.
3717 1645 3783 1697 Oi

2207 1738 2304 1808 μὲν
2337 1738 2445 1808 γὰρ
2474 1737 2532 1789 ἐν
2554 1738 2665 1799 τοῖς
2692 1735 2951 1807 ὑπηκόοις
2982 1736 3055 1805 μὴ
3095 1734 3425 1799 ἀξιώσαντες
3465 1730 3608 1786 εἶναι
3637 1734 3781 1803 (70),

545 1836 882 1905 subditorum
914 1834 1088 1890 classe
1115 1835 1296 1890 vivere
1320 1848 1479 1904 aequo
1538 1834 1721 1888 animo
1771 1846 1876 1887 non
1909 1839 2105 1901 potue-

2221 1829 2344 1899 μηδὲ
2374 1826 2798 1899 καταδεξάμενοι
2820 1869 2834 1893 ,
2867 1828 3139 1900 νεωτέρας
3171 1825 3519 1890 διδασκαλίας
3548 1826 3783 1897 σπέρμα

547 1939 696 1997 runt,
746 1944 921 2000 neque
976 1928 1260 1999 imperium
1320 1928 1594 1999 excipere,
1633 1939 1786 1981 nova:
1848 1924 2108 1981 doctrina

546 2029 840 2077 sementem
871 2026 1205 2091 sparserunt,
1240 2018 1292 2073 in
1338 2018 1406 2075 iis
1432 2033 1553 2091 qum
1576 2017 1873 2073 constituta
1900 2022 2105 2080 essent,

546 2124 863 2179 permanere
905 2109 1202 2178 dedignati.

982 2218 1139 2277 LVII.
1157 2247 1226 2261 --
1240 2216 1661 2275 ADAMANTIO.

1129 2309 1326 2367 Eadem
1358 2310 1423 2365 de
1446 2326 1521 2365 rs.

617 2446 758 2518 Quid
791 2446 925 2503 adeo
987 2443 1229 2512 miraris,
1264 2443 1309 2499 si
1340 2444 1503 2498 etiam
1530 2452 1653 2512 post
1702 2441 1999 2497 Saivatoris
2051 2442 2105 2497 in

550 2554 770 2596 carnem
841 2536 1130 2592 adventum
1196 2536 1376 2590 multa:
1450 2535 1687 2589 lmreses
1736 2536 1911 2589 enata:
1958 2541 2105 2601 sunt,

550 2630 783 2695 diabolo,
828 2630 1023 2700 quippe
1062 2627 1152 2695 qui
1180 2627 1291 2696 jam
1330 2628 1611 2697 perspicue
1627 2641 1691 2683 ac
1724 2628 1927 2682 diserte
1953 2627 2110 2681 audi-

548 2721 737 2785 visset,
760 2718 977 2773 omnino
1004 2731 1063 2773 se
1107 2716 1314 2788 judicio
1336 2727 1391 2773 et
1424 2717 1759 2772 damnationi
1806 2717 2109 2787 subjectum

552 2813 617 2867 iri
647 2821 698 2865 et
725 2826 913 2880 poenas
946 2810 1218 2875 daturum,
1256 2824 1349 2865 eas
1378 2809 1787 2875 disseminante,
1819 2818 1882 2865 ut
1923 2809 2113 2866 videli-

551 2911 638 2957 cel
667 2900 863 2955 multos
922 2898 1307 2969 suppliciorum
1358 2898 1537 2954 socios
1600 2906 1765 2966 atque
1817 2900 2114 2968 participes

552 2984 783 3049 habeat,
819 2998 941 3037 cum
1004 2992 1129 3037 ante
1191 2982 1362 3051 ipsius
1414 2997 1626 3053 quoque
1671 2982 1959 3037 adventum
2005 2998 2110 3036 non

547 3089 737 3145 pauca:
795 3073 1100 3129 exstiterint
1145 3072 1419 3128 haereses?
1446 3072 1580 3126 Nam
1634 3072 1831 3141 partim
1867 3073 2111 3128 homines

2209 1918 2650 1989 καταϐεϐλήκασι
2673 1958 2688 1984 ,
2729 1919 2842 1981 τοῖς
2891 1916 3223 1971 καθεστῶσιν
3252 1915 3509 1987 ἐμμένειν
3538 1913 3618 1987 μὴ
3647 1932 3783 1971 κατ-

2209 2008 2536 2075 αξιώσαντες
2573 2010 2707 2082 (71).

2650 2212 2775 2268 NZ'.
2812 2242 2883 2253 —
2913 2213 3332 2284 ΑΔΑΜΑΝΤΙῼ.

2777 2308 2883 2370 Είς
2915 2304 2982 2360 τὸ
3012 2305 3179 2360 αὑτό.

2277 2441 2341 2494 Τί
2370 2440 2690 2511 θαυμάζεις,
2726 2442 2774 2493 εί
2802 2440 2941 2511 μετά
2971 2440 3070 2511 τὴν
3091 2439 3186 2495 τοῦ
3224 2441 3475 2513 Σωτῆρος
3502 2441 3775 2513 ενσαρκον

2209 2531 2513 2603 παρουσίαν
2543 2531 2734 2585 πολλαὶ
2767 2531 3005 2601 αἱρέσεις
3032 2532 3344 2603 ιτέχθησαν,
3375 2532 3471 2586 τοῦ
3499 2534 3779 2601 διαὸόλου,

2212 2622 2308 2676 ἅτε
2333 2621 2398 2691 δὴ
2429 2620 2615 2690 σαφῶς
2643 2622 2738 2675 καὶ
2768 2622 3065 2693 διαρρήδην
3099 2622 3453 2687 ἀκούσαντος,
3481 2626 3564 2678 ὅτι
3594 2626 3779 2681 πάντα

2213 2715 2393 2781 κρίσει
2414 2711 2961 2783 καθυποόληθήσεται
3003 2713 3138 2784 (72),
3162 2715 3257 2768 καὶ
3283 2716 3440 2785 δίκην
3467 2715 3652 2779 δώσει,
3685 2714 3782 2770 τοῦ

2210 2805 2413 2867 ταύτας
2461 2805 2929 2875 κατασπείραντος
2971 2806 3116 2876 (73),
3159 2807 3224 2860 ἵν’
3256 2805 3353 2878 ἔχῃ
3392 2807 3624 2871 πολλοὺς
3655 2809 3785 2872 τοὺς

2215 2896 2829 2964 συγκολασθησομένους
2850 2936 2864 2960 ,
2896 2898 3055 2950 ὁπότε
3089 2899 3184 2952 καὶ
3213 2900 3321 2968 πρὸ
3346 2900 3448 2968 τῆς
3477 2900 3787 2969 παρουσίας

2212 2985 2376 3038 αὑτοῦ
2404 2985 2502 3037 οὐκ
2529 2984 2704 3051 ὀλίγαι
2728 2980 2867 3055 ἦσαν
2893 2987 3132 3057 αἱρέσεις
3156 3005 3171 3051 ;
3202 2987 3323 3041 Τῶν
3345 2989 3453 3057 γὰρ
3466 2977 3786 3057 ἀνθρώπων

2210 3077 2259 3129 οἱ
2284 3076 2383 3147 μὲν
2417 3074 2552 3146 μηδὲ
2585 3071 2722 3127 εἶναι
2753 3075 2814 3127 τὸ
2845 3074 2997 3129 Θεῖον
3021 3076 3130 3146 (74)
3162 3077 3438 3147 ἐνόμιζον·
3472 3079 3525 3131 οἱ
3553 3078 3611 3130 δὲ
3642 3074 3787 3131 εἶναι

552 3182 622 3223 ne
646 3165 864 3235 quidem
914 3178 1034 3219 esse
1068 3160 1238 3217 Deum
1277 3169 1574 3233 putarunt:
1606 3163 1802 3233 partim
1831 3176 1953 3218 esse
1989 3162 2109 3233 quj-

2221 3169 2335 3239 μὲν,
2374 3167 2448 3239 μὴ
2492 3172 2739 3239 προνοεῖν
2766 3168 2824 3222 δι
2850 3184 2864 3199 ·
2899 3172 2992 3223 καὶ
3027 3172 3075 3224 οἱ
3110 3170 3210 3241 μὲν
3240 3174 3485 3242 προνοεῖν
3517 3173 3637 3242 μὲν,
3673 3172 3789 3227 τῶν

552 3261 674 3313 dem
703 3256 919 3325 aliquod
944 3255 1183 3311 divinum
1241 3262 1461 3318 nomen,
1492 3254 1587 3309 sed
1630 3253 1967 3323 providentia
2024 3267 2111 3307 re-

555 3364 674 3405 rum
710 3350 1067 3404 humanarum
1092 3361 1197 3401 non
1224 3359 1343 3401 esse
1395 3345 1672 3413 praeditum
1699 3358 1715 3398 :
1739 3344 1933 3413 partim
1962 3356 2111 3411 vero,

556 3440 994 3511 procurationem
1042 3437 1096 3492 id
1153 3436 1369 3506 quidem
1419 3436 1638 3502 habere,
1672 3438 1764 3491 sed
1816 3435 2115 3490 caelestium

456 3519 479 3539 “
554 3532 817 3587 duntaxat
842 3545 1058 3596 rerum;
1101 3528 1189 3584 alii
1224 3538 1403 3583 autem
1444 3542 1551 3582 non
1599 3526 1769 3581 solum
1802 3526 2115 3582 caelestibus

556 3624 739 3685 rebus,
763 3622 857 3676 sed
910 3622 1074 3675 etiam
1128 3620 1357 3675 terrenis
1411 3619 1716 3688 providere,
1767 3632 1871 3673 non
1936 3627 2115 3672 tamen

555 3715 827 3777 omnibus,
860 3728 1045 3767 verum
1074 3713 1333 3767 duntaxat
1380 3708 1765 3765 excellentibus
1792 3729 1807 3765 :
1842 3718 1901 3764 ut
1927 3723 2115 3777 regum

562 3820 627 3859 ac
652 3803 979 3874 principum.
1013 3802 1079 3855 Et
1130 3800 1220 3853 alii
1265 3799 1481 3868 quidem
1514 3798 1694 3852 omnia
1732 3799 2022 3853 temerario
2054 3812 2118 3851 ac

558 3908 700 3949 caeco
733 3908 859 3947 casu
886 3891 1013 3945 ferri
1059 3890 1349 3955 dixerunt;
1382 3887 1468 3942 alii
1511 3895 1698 3943 contra
1725 3888 1905 3941 omnia
1965 3885 2115 3939 i'ataii

560 3987 788 4056 quadam
824 3983 1147 4040 necessitate
1180 3981 1325 4045 iieri;
1360 3980 1448 4033 alii
1486 3979 1715 4049 denique
1742 3990 1803 4033 ut
1840 3977 1951 4033 fors
1975 3979 2113 4042 tulit,

556 4077 737 4133 omnia
761 4074 844 4143 agi
877 4080 1245 4127 asseruerunt.
1272 4069 1337 4122 Et
1359 4069 1447 4122 alii
1476 4070 1689 4137 quidem
1723 4068 1860 4121 idola
1891 4068 2119 4121 adorare

562 4171 645 4223 fas
678 4168 933 4238 piumque
991 4176 1113 4218 esse
1142 4161 1553 4223 existimarunt;
1582 4158 1671 4213 alii
1704 4172 1831 4213 vero
1886 4167 2118 4212 matrum

561 4256 827 4315 connubia
880 4255 1209 4323 probarunt;
1280 4250 1368 4304 alii
1418 4250 1680 4304 humanas
1735 4249 1970 4316 hostias;
2027 4248 2117 4302 alii

561 4350 869 4406 animalium
897 4346 1106 4411 caedes;
1140 4345 1227 4399 alii
1267 4344 1427 4399 boum
1477 4344 1881 4407 mactationem,
1907 4342 1995 4396 alii
2022 4356 2115 4397 ca-

561 4442 858 4505 melorum;
913 4438 1002 4492 alii
1056 4446 1294 4491 mutuam
1346 4436 1620 4489 hominum
1693 4434 2115 4501 devorationem,

2214 3260 2258 3313 δ’
2300 3260 2568 3331 οὐρανίων
2602 3260 2792 3330 μόνον·
2838 3261 2887 3313 οἱ
2932 3260 2977 3313 δ’
3014 3261 3075 3315 οὺ
3128 3262 3305 3331 μόνων
3336 3262 3446 3316 τῶν
3486 3263 3785 3334 οὐρανίων,

2216 3350 2353 3404 ἀλλὰ
2380 3350 2474 3404 καὶ
2526 3350 2634 3405 τῶν
2672 3352 2965 3420 ιπιγείων,
3004 3352 3066 3405 οὐ
3109 3354 3327 3408 πάντων
3370 3354 3447 3417 δὲ,
3494 3354 3631 3407 ἀλλά
3673 3353 3788 3406 τῶν

2218 3442 2441 3511 ἐξόχων,
2471 3433 2581 3494 οἷον
2612 3440 2875 3510 βασιλέων
2908 3459 2966 3495 τε
2995 3443 3090 3495 καὶ
3132 3442 3431 3515 ἀρχόντων.
3462 3446 3577 3499 Καὶ
3603 3446 3651 3498 οἱ
3679 3445 3786 3513 μὲν

2218 3528 2639 3599 αὐτοματισμὸν,
2677 3533 2725 3584 οἱ
2748 3530 2789 3583 δ’
2820 3530 3178 3602 εἱμαρμένην,
3209 3533 3260 3584 oi
3286 3534 3332 3586 δ’
3366 3532 3490 3602 εἰκῆ
3524 3532 3788 3603 φέρεσθαι

2218 3618 2284 3675 τὰ
2316 3620 2488 3673 πάντα
2522 3620 2887 3690 ἀπεφήναντο.
2928 3623 3037 3675 Καὶ
3061 3624 3110 3675 οἱ
3140 3623 3240 3691 μὲν
3267 3623 3335 3677 τὰ
3369 3623 3564 3677 εἴδωλα
3610 3640 3787 3695 xpos-

2220 3713 2401 3765 κυνεῖν
2426 3711 2647 3775 εὐσεϐὲς
2673 3711 2919 3780 ἐνόμιζον
2943 3730 2956 3745 ·
2992 3713 3123 3765 οἱιδὲ
3146 3713 3209 3765 τὸ
3246 3718 3621 3784 μητρογαμεῖν
3638 3731 3655 3745 ·
3686 3715 3790 3771 καὶ

2218 3804 2267 3855 οἱ
2309 3802 2406 3871 μὲν
2443 3802 2504 3853 τὸ
2546 3800 2983 3872 ἀνθρωποθυτεῖν
3009 3843 3024 3867 ,
3074 3804 3121 3855 οἱ
3166 3802 3224 3855 δὲ
3272 3802 3332 3855 τὸ
3365 3802 3693 3867 ξωοθυτεῖν·
3737 3805 3789 3857 οἱ

2221 3891 2320 3961 μὲν
2350 3891 2411 3944 τὸ
2439 3891 2736 3958 βουθυτεῖν,
2773 3892 2821 3943 οἱ
2859 3891 2917 3943 δὲ
2960 3892 3438 3963 καμηλοσφαγεῖψ
3482 3897 3575 3947 καὶ
3602 3897 3651 3947 oi
3688 3896 3791 3965 μὲν

2217 3984 2278 4036 τὸ
2314 3982 2731 4053 ἀλληλοφαγεῖν,
2763 3984 2813 4036 oi
2846 3983 2902 4037 δὲ
2932 3984 2993 4037 τὺ
3042 3989 3345 4054 ποηφαγεῖν
3372 3985 3510 4055 (75).
3564 3986 3703 4038 Ἀλλ’
3739 3987 3790 4039 εί

2221 4072 2398 4126 πάντα
2434 4075 2512 4137 εἱς
2546 4075 2710 4144 μέσον
2738 4075 3027 4144 ἀγάγοιμι,
3067 4075 3197 4139 ἴσως
3236 4076 3303 4130 ἂν
3336 4076 3791 4147 ἀπιστηθήσομαι

2225 4161 2344 4231 μὲν,
2375 4162 2475 4214 οὐκ
2507 4162 2905 4233 ὲλεγχθήσομαι
2933 4164 3009 4218 δέ.
3043 4164 3104 4215 Ei
3142 4164 3318 4218 τοίνυν
3351 4166 3439 4218 ἀεὶ
3466 4166 3600 4236 πρὸς
3625 4165 3791 4218 ἑαυτὸ

2222 4252 2509 4317 ἐστασίαζε
2554 4252 2615 4305 τὸ
2659 4253 2813 4321 γένος
2858 4252 3008 4325 (76),
3040 4254 3133 4307 καὶ
3178 4256 3236 4307 οὐ
3276 4255 3346 4307 τὰ
3378 4254 3515 4308 αὐτὰ
3567 4255 3792 4321 ἐδόξαζε

2222 4340 2405 4412 (κατὰ
2438 4344 2660 4413 καιροὺς
2698 4342 2806 4413 γὰρ
2848 4344 3124 4416 ἄνθρωποι
3172 4345 3551 4417 νεωτεροποιοὶ
3600 4346 3712 4417 (77)
3756 4346 3792 4414 ἢ

2222 4434 2317 4487 καῖ¹
2352 4430 2731 4497 στασιάζοντες
2757 4474 2770 4499 ,
2808 4434 2875 4489 τά
2927 4434 3241 4490 καθεστῶτα
3273 4437 3370 4507 μὲν
3404 4436 3635 4499 ἐκίνουν,
3671 4438 3793 4489 ἑνο-

562 4534 655 4587 aiii
712 4548 777 4586 ex
820 4531 1001 4585 lteibis
1042 4529 1263 4583 victum.
1292 4526 1398 4581 Sed
1450 4525 1494 4580 si
1546 4526 1726 4580 omnia
1780 4525 1831 4578 in
1881 4524 2109 4581 medium

2227 4523 2481 4596 μοθέτουν
2507 4526 2564 4579 δὲ
2590 4527 2658 4579 τά
2688 4526 2987 4596 δοκοῦντα)
3013 4544 3026 4559 ·
3062 4528 3113 4580 τί
3143 4527 3459 4598 θαυμάζεις,
3490 4530 3538 4580 si
3576 4528 3672 4582 καὶ
3695 4526 3795 4581 νῦν

565 4622 805 4691 proferre
835 4620 1015 4684 velim,
1050 4616 1297 4673 fortassis
1358 4615 1516 4670 ﬁdem
1557 4629 1662 4669 non
1715 4615 1989 4679 invenero,
2022 4630 2109 4669 nec

2228 4618 2356 4688 περὶ
2407 4618 2640 4688 πρᾶγμα
2674 4617 2817 4670 θεῖον
2859 4616 2953 4671 καὶ
2998 4617 3157 4687 λόγου
3204 4620 3450 4689 κρεῖττον
3502 4617 3794 4687 διαφωνεῖν

565 4722 741 4765 tamen
795 4708 988 4761 ialsnm
1025 4706 1223 4762 dixisse
1256 4706 1407 4775 argui
1446 4718 1658 4774 queant.
1690 4703 1868 4772 Quare
1894 4707 1939 4761 si
1970 4722 2111 4762 scm-

2221 4706 2641 4778 προσποιοῦνται
2676 4708 2780 4760 ὑπὸ
2809 4707 3100 4779 φιλαρχίας
3132 4710 3632 4781 ὲκδακχευόμενοις

1600 4880 1829 4936 VARUE
1872 4880 2251 4940 LECTIONES
2291 4883 2375 4939 ΕΤ
2413 4882 2646 4951 NOTAE,

638 5046 749 5118 (70)
776 5047 892 5118 ,Ἐν
937 5042 1057 5118 τοῖς
1086 5042 1388 5118 ὑπηκόοις
1422 5042 1507 5109 μὴ
1537 5039 1904 5106 ἀξιώσαντες
1940 5036 2113 5097 εῖναι.

570 5111 881 5181 Exemplum
916 5115 1110 5181 praebet
1142 5114 1315 5181 Arius.
1354 5111 1515 5165 Rtr'r.

642 5180 750 5256 (7i)
784 5180 1296 5256 Τοᾷνίκαᾷεσξῷίζιν
1320 5180 1833 5256 ἐμμένεινζ-Ὀπερ
1855 5180 2116 5248 γενναίων

571 5245 704 5312 εἶναι
730 5245 954 5320 ἀνδρῶν,
976 5252 1073 5303 οὑκ
1090 5245 1185 5303 οἷδ’
1207 5245 1590 5320 ὅστιςέγραψε.
1611 5250 1743 5305 Huic
1761 5245 2112 5315 contrarium,

571 5325 630 5379 τὸ
660 5326 725 5376 τὰ
752 5320 1072 5375 καθεστῶτα
1105 5322 1295 5381 κινεῖν,
1336 5323 1469 5372 inira
1502 5321 1656 5385 epist.
1693 5321 1959 5389 proxima.
1995 5320 2073 5389 ipf.

642 5396 691 5461 ('7
704 5398 750 5462 :1)
781 5394 905 5444 Ὂτι
935 5390 1128 5443 πάντα
1151 5390 1342 5457 κρίσει
1364 5388 1989 5462 καϐνετοδ’λῇθήονεται,Δ
2020 5388 2122 5443 Ve-

532 5520 541 5525 ,
572 5459 779 5517 risSinia
802 5462 1197 5520 sontentia.sed
1219 5475 1248 5511 a
1279 5460 1651 5512 tnenteisidori
1674 5459 1775 5513 hoc
1796 5462 1912 5512 ioco
1926 5460 2119 5523 aliena,

573 5548 689 5615 qua:
722 5533 947 5671 posltulat
992 5539 1047 5583 ut
1076 5529 1313 5600 legamus
1342 5530 1575 5593 πάντως.
1614 5527 1771 5583 Rm.
1820 5527 1972 5601 [ϐοά.
1998 5526 2119 5583 Vat.

574 5618 803 5661 παντως.

574 5618 803 5661 παντως.

645 5672 753 5739 (75)
782 5666 888 5725 Τοῦ
907 5670 1120 5737 ταύτας
1141 5670 1647 5739 ωτασπείρανςος
1670 5666 2120 5739 Videturomnino

578 5736 918 5809 rejiciéndnm
950 5739 1061 5808 τοῦ,
1092 5736 1148 5797 tit
1177 5738 1519 5813 superﬂuum.
1552 5736 1715 5795 Rtrr.
1745 5737 1915 5811 [Cod.
1949 5739 2113 5795 Vatia.

2222 5041 2450 5114 τοῦγᾼηοη
2476 5042 2781 5114 agnoscit._]
2916 5103 2921 5107 ,

2294 5112 2407 5181 (7i)
2435 5111 2677 5182 Oi'pndé
2715 5111 2868 5167 εἶναι
2890 5114 2955 5167 τὸ
2997 5112 3188 5169 Θεῒον.
3217 5114 3291 5168 De
3319 5114 3483 5169 variis
3512 5130 3575 5169 ac
3607 5116 3792 5170 multi-

2224 5182 2448 5250 plicibus
2483 5185 2753 5236 hominum
2802 5184 3080 5238 erroribus
3130 5184 3180 5237 in
3222 5187 3380 5239 rebus
3424 5185 3621 5240 divinis
3670 5189 3791 5241 \‘ido

2226 5253 2659 5323 similemﬁlocum
2693 5253 2831 5306 inira
2865 5269 2950 5323 ep.
2982 5255 3049 5308 99
3080 5263 3135 5305 et
3168 5255 3287 5307 165.
3323 5254 3488 5309 Rm.

2228 5322 2406 5446 ΕΩῼΓΒ)
2442 5322 2563 5376 Hinc
2589 5362 2603 5387 ,
2650 5324 2697 5375 oi
2739 5323 2795 5374 δὲ
2836 5322 2897 5375 τὸ
2924 5340 3091 5393 ποηφ.
3140 5324 3427 5379 omittebat
3458 5326 3543 5379 ed.
3607 5324 3787 5379 Paris.

2300 5462 2409 5531 (76)
2448 5459 2786 5537 Ἐσταᾳίαζε
2810 5460 2873 5513 τὸ
2901 5462 3341 5537 γέιρςκνίιΙθ-ῑιιτ
3372 5465 3558 5519 deesse
3578 5464 3784 5537 ἀνθρώ-

2233 5548 2405 5602 πινον,
2439 5534 2519 5583 vel
2554 5533 2819 5602 ἡμέτερον
2854 5534 2934 5585 vel
2955 5532 3062 5585 τῶν
3089 5533 3408 5602 ἀνθρώπιον.

2300 5600 2407 5671 ('77)
2438 5600 2583 5671 (ἰού.
2610 5602 2778 5655 Vatic.
2824 5602 2967 5654 addit
2992 5643 3005 5665 ,
3041 5604 3134 5656 καὶ
3164 5600 3492 5667 στασιαστὰς
3522 5604 3789 5658 ἐπιπολά-

2228 5668 2409 5734 ζοντες
2436 5670 2502 5724 τὰ
2530 5671 2922 5740 καθεστηκότα.
2948 5672 3151 5730 Possm.
