3976 6420
232 383 377 452 111⁵1

1147 381 1695 445 EPISTULARUM
1736 384 1885 445 LIB.
1927 384 2026 444 IV.
2068 409 2140 420 --
2177 384 2425 447 EPIST.
2467 384 2589 447 LX.

3416 381 3557 447 ms

228 501 363 571 γίας
397 500 535 572 (93).
570 498 714 569 Φησὶ
734 495 865 570 γὰρ,
920 514 940 550 ι
984 494 1466 571 Πεπληρωμένους
1505 496 1687 567 πάσης
1730 496 1845 550 ἁδι-

1955 498 2295 559 Iibcrabcris.
2326 499 2416 553 Ait
2449 498 2597 553 enim
2621 537 2635 562 ,
2675 516 2695 549 ι
2723 484 2983 566 Repletos
3026 494 3175 551 omni
3209 494 3497 565 lnjustitia.
3530 517 3552 551 ι

231 596 381 658 χίας.
419 610 440 645 ι
480 590 724 655 Γενικῶς
757 589 867 664 γὰρ
913 588 1191 661 ὀνομάσας
1237 591 1418 643 πᾶσαν
1466 589 1566 661 τὴν
1600 589 1837 653 κακίαν,

227 688 329 741 καὶ
361 686 485 739 κατ’
511 681 656 747 εἶδος
686 686 745 737 ὲν
772 686 887 748 τοῖς
913 683 1039 753 ἑξῆς
1069 679 1430 753 διεξέρχεται.
1466 682 1532 737 Εἰ
1562 682 1748 735 τοίνυν
1777 681 1845 735 οὐ

229 780 341 850 πλη
352 778 775 850 ρωθησομένους
793 818 809 842 ,
851 775 989 830 ἀλλὰ
1015 775 1488 847 πεπληρωμένους
1515 775 1802 847 παρέδωκε
1819 812 1835 840 ,

228 874 283 925 τί
318 873 525 927 ἄτοπον
563 870 652 942 εἴη
697 866 1051 940 πεποιηκώ;;
1088 868 1150 922 El
1187 868 1233 920 δ’
1266 868 1477 937 ἀσαφὲς
1507 864 1647 921 εἶναι
1686 868 1841 938 νομί-

230 964 349 1029 ζεις
368 1006 383 1030 ,
418 965 598 1018 καίτοι
627 964 797 1031 σαφὲς
827 960 888 1013 ὃν
909 1003 925 1027 ,
960 960 1299 1032 σαφέστερον
1330 961 1463 1013 αὐτὸ
1496 960 1840 1031 ἑρμηνεῦσαι

234 1060 597 1131 πειράσομαι.
636 1058 751 1111 Οὐκ
773 1051 947 1119 εἶπεν,
988 1053 1211 1126 Ἐπειδὴ
1241 1052 1648 1125 παρεδόθησαν,
1674 1054 1845 1126 ἐπλη-

234 1152 519 1224 ρὼθησαν,
561 1149 688 1203 οὔτε
724 1148 853 1220 μὴν,
897 1148 1287 1221 Παρεδόθησαν
1320 1141 1837 1218 πληρωθησόμενοι,

234 1244 407 1306 ἀλλὰ,
464 1264 483 1297 ι
556 1240 1037 1312 Πεπληρωμένους
1086 1239 1376 1311 παρέδωκε
1414 1257 1427 1271 ·
1476 1259 1495 1293 ι
1555 1240 1841 1293 τουτέστιν

232 1336 443 1403 ἀφῆκε,
475 1330 782 1404 γυμνώσας
808 1333 910 1403 τῆς
937 1328 1135 1385 ἑαυτοῦ
1162 1328 1418 1400 βοηθείας
1438 1342 1451 1359 ο
1473 1328 1550 1392 ὡς
1582 1326 1650 1382 ἂν
1677 1345 1844 1399 στρα-

230 1425 401 1497 τηγὸς
452 1426 527 1497 μὴ
570 1424 929 1495 πειθομένους
978 1421 1322 1494 στρατιώτας
1362 1424 1475 1485 τοῖς
1518 1421 1841 1492 παραγγέλ-

234 1534 406 1589 μασιν
446 1516 618 1571 αὑτοῦ
640 1557 656 1580 ,
701 1516 841 1571 ἀλλὰ
873 1515 933 1569 τό
960 1531 1025 1582 γε
1056 1514 1237 1569 αὐτῶν
1275 1512 1441 1583 μέρος
1468 1512 1805 1585 ἡττηθέντας
1824 1552 1840 1577 ,

233 1609 435 1681 ἀφίησι
460 1650 477 1675 ,
515 1606 747 1681 γυμνῶν
779 1608 893 1679 (94)
925 1608 1025 1678 τῆς
1064 1603 1266 1661 ἑαυτοῦ
1298 1605 1512 1674 σοφίας.
1556 1605 1699 1669 Τοὺς
1733 1602 1844 1675 γὰρ

232 1702 450 1759 οἴκοθεν
497 1700 971 1773 πεπληρωμένους
1001 1699 1186 1766 πάσης
1230 1698 1462 1762 κακίας,
1497 1696 1728 1760 εἰκότως
1763 1695 1843 1765 τῷ

234 1795 639 1865 ἑγκαταλεῖψαι
670 1793 1015 1863 παρέδωκεν,
1047 1792 1149 1846 οὐκ
1179 1791 1402 1861 ὠθήσας
1423 1792 1503 1856 είς
1535 1790 1626 1844 τὸν
1657 1790 1841 1847 ἀδόκι-

237 1905 338 1958 μον
366 1886 499 1942 νοῦν
518 1925 536 1951 ,
569 1884 689 1939 ἀλλ’
711 1884 1066 1956 ὁρμήσαντας
1089 1886 1168 1947 εἰς
1189 1883 1353 1936 αὑτὸν
1381 1882 1561 1951 ἀφείς.

1942 594 2077 645 Nam
2113 602 2464 661 posteaquam
2503 590 2839 662 generaliter
2884 602 3104 643 omnem
3148 588 3556 658 improbitatem

1944 674 2263 750 nominavit,
2296 686 2549 761 caunlem
2579 685 2746 738 etiam
2779 684 2833 737 in
2873 684 3056 751 specie
3090 693 3339 737 recenset
3371 683 3423 735 in
3462 697 3557 737 se-

1943 776 2254 846 quentibus.
2298 774 2353 830 Si
2383 792 2515 845 ergo
2558 791 2664 829 non
2708 776 3018 843 replendus,
3044 778 3139 829 sed
3165 774 3276 843 jam
3308 775 3551 844 repletos

1947 868 2170 923 tradidit
2205 909 2219 931 ,
2269 869 2399 938 quid
2438 869 2660 922 absurdi
2719 868 2916 922 fecisse
2968 866 3371 922 existimandus
3430 866 3562 937 est?

1945 960 2098 1027 Quod
2130 962 2175 1014 si
2210 961 2312 1015 hoc
2336 962 2630 1015 obscurum
2663 974 2787 1015 esse
2830 972 3012 1027 putas,
3045 961 3298 1025 quamvis
3327 958 3394 1010 sit
3428 973 3557 1026 por-

1944 1053 2217 1121 spicuutn,
2252 1052 2466 1121 planius
2490 1052 2654 1104 etiam
2686 1067 2749 1105 ac
2790 1050 3135 1104 manifestius
3171 1050 3313 1104 idem
3353 1049 3447 1105 tibi
3474 1050 3560 1105 iu-

1948 1144 2239 1210 terpretari
2268 1144 2529 1197 conabor.
2577 1141 2695 1197 Non
2750 1143 2928 1198 dixit:
2980 1142 3251 1208 Quoniam
3300 1144 3380 1199 vel
3412 1152 3559 1214 pust.

1945 1252 2110 1304 qu-tm
2162 1236 2345 1289 traditi
2398 1246 2563 1296 stmt,
2605 1237 2793 1305 repleti
2844 1246 3013 1303 sunt;
3068 1236 3163 1291 sed
3198 1251 3377 1304 neque
3408 1238 3555 1291 hoc:

1945 1328 2154 1382 Traditi
2213 1338 2343 1383 sunt
2404 1330 2643 1391 replendi
2680 1368 2695 1390 ,
2749 1329 2831 1382 vel
2885 1338 2944 1380 ut
3002 1328 3385 1395 replerentur;
3420 1328 3554 1382 sed:

1950 1438 1972 1472 ι
1998 1418 2257 1486 Replclos
2291 1419 2541 1484 tradidit,
2575 1439 2593 1471 ι
2638 1419 2744 1473 hoc
2778 1432 2862 1473 est
2893 1418 3123 1481 dimisit,
3165 1420 3407 1490 reliquit,
3452 1434 3559 1474 ιιιια

1944 1512 2101 1565 datos
2133 1527 2233 1566 suo
2264 1511 2470 1565 auxilio
2502 1522 2555 1566 et
2585 1512 2863 1577 pnesidio.
2910 1510 3027 1565 Non
3076 1510 3237 1564 aliter
3262 1528 3425 1587 quam
3459 1511 3556 1565 im-

1946 1614 2169 1673 perator
2203 1602 2407 1671 aliquis
2445 1604 2671 1668 milites,
2709 1603 2804 1674 qui
2850 1603 3123 1656 inundatis
3157 1602 3329 1670 ipsius
3358 1617 3558 1671 parere

1946 1696 2286 1760 detrectant,
2323 1696 2418 1749 sed
2451 1708 2719 1766 quantum
2762 1695 2818 1749 in
2859 1710 2919 1750 se
2958 1706 3048 1749 est
3086 1695 3289 1759 victos,
3330 1696 3562 1753 dimittit

1947 1802 2012 1841 ac
2059 1785 2352 1856 relinquit,
2391 1802 2489 1842 sua
2529 1787 2801 1855 sapientia
2844 1788 3186 1857 consilioque
3237 1787 3557 1845 destitutos.

1874 1856 1914 1911 Β
1948 1879 2052 1934 Eos
2083 1896 2237 1951 ergo,
2283 1882 2430 1951 quia
2460 1881 2657 1948 seipsis
2684 1880 2878 1949 repleti
2912 1892 3078 1935 erant
3099 1856 3258 1935 omni
3300 1879 3563 1951 improbi-

237 1991 371 2047 tate,
403 1996 514 2035 oon
551 1980 830 2035 immerito
865 1980 1168 2035 deserendo
1207 1977 1452 2044 tradidit,
1495 1993 1606 2033 non
1650 1976 1937 2048 impellens
2002 1978 2055 2033 in
2086 1977 2377 2049 reprobum
2410 1994 2658 2044 sensum,
2690 1977 2786 2034 sed
2837 1977 2889 2031 in
2956 1992 3079 2032 eum
3147 1977 3345 2047 cupide
3400 1990 3563 2032 ruen-

236 2087 318 2134 tes
363 2085 419 2134 et
453 2092 579 2132 cum
610 2074 838 2147 impetu,
876 2075 1213 2143 relinquens.

590 2188 666 2246 ΞΓ.
701 2218 772 2231 -—
805 2188 1143 2267 ΘΕΟΛΟΓΙῼ
1177 2190 1496 2263 ΔΙΔΚΟΝῼ.

229 2285 335 2353 Εῖς
361 2283 432 2337 τὸ
468 2280 810 2353 εἰρημένον
856 2300 876 2334 ι
928 2284 1012 2337 Οὐ
1054 2284 1243 2353 μόνον
1282 2284 1436 2339 αὐτὰ
1467 2283 1770 2339 ποιοῦσιν.
1820 2303 1840 2337 ι

316 2396 547 2467 Ἐπειδὴ
580 2396 745 2450 πάλιν
771 2397 1169 2463 ἀποστολικοὺς
1197 2398 1509 2471 θησαυροὺς
1536 2400 1844 2471 ἀνιχνεύειν

234 2492 387 2565 ἡμᾶς
422 2490 852 2560 παρεσκεύασας
906 2489 1066 2561 (ἔφης
1097 2488 1245 2559 γὰρ’
1294 2490 1359 2543 Τί
1404 2492 1521 2545 ἐστι
1560 2492 1642 2545 τό·
1697 2513 1714 2546 ι
1764 2494 1839 2546 Οὐ

238 2585 403 2656 μόνον
454 2582 599 2636 αὐτὰ
647 2581 930 2646 ποιοῦσιν,
977 2581 1115 2634 ἀλλὰ
1149 2581 1243 2634 καὶ
1286 2582 1673 2637 συνευδοκοῦσι
1728 2586 1844 2648 τοῖς

238 2677 546 2750 πράττουσι
567 2718 581 2741 ,
618 2695 640 2728 ι
678 2675 773 2733 καὶ
796 2656 1080 2744 ἐπήγαγες
1101 2692 1115 2705 ·
1142 2676 1206 2728 Ei
1232 2673 1325 2728 τοῦ
1360 2679 1534 2729 ποιεῖν
1563 2676 1623 2731 τὸ
1650 2693 1846 2729 συνευ-

235 2770 416 2824 δοκεῖν
456 2766 845 2839 χαλεπώτερόν
888 2769 1004 2819 ἐστι
1027 2806 1043 2831 ,
1077 2766 1148 2819 δι’
1186 2765 1256 2836 ἢν
1300 2766 1481 2820 αἰτίαν
1510 2765 1685 2831 οὕτως
1712 2767 1846 2820 αὐτὸ

238 2860 432 2926 ιταξεν
452 2862 482 2912 ό
506 2858 719 2922 Παῦλος
739 2857 802 2929 ;)’
821 2857 1002 2927 ὀλίγον
1021 2857 1345 2927 συναγαγὼν
1364 2858 1562 2913 σαυτοῦ
1590 2859 1679 2912 τὸν
1696 2856 1843 2925 νοῦν,

239 2951 383 3006 ὥστε
443 2950 751 3021 θηρεῦσαιι
775 2948 1051 3019 φεύγοντα
1110 2949 1203 3003 τὸν
1260 2950 1620 3004 ἀποστολικδν
1683 2950 1844 3015 νοῦν,

240 3046 429 3103 ἄκουε.
480 3043 642 3107 Τινὲς
694 3043 794 3113 μὲν
823 3037 917 3095 οὖν
962 3040 1038 3113 μὴ
1082 3042 1378 3114 νοήσαντες
1410 3042 1474 3095 τὸ
1510 3043 1806 3114 είρημένον
1831 3084 1846 3109 ,

240 3136 357 3193 ἀλλ’
390 3137 585 3206 ὥσπερ
620 3135 685 3189 σὺ
713 3134 1153 3207 διαπορήσαντες
1175 3175 1189 3199 ,
1221 3137 1318 3189 καὶ
1354 3137 1844 3208 παραπεποιῆσθαι

241 3233 343 3297 τὰς
373 3233 553 3300 λέξεις
589 3230 691 3294 τὰς
738 3226 1109 3292 ἀποστολικὰς
1139 3228 1488 3298 νομίσαντες,
1531 3226 1708 3291 οὕτως
1753 3228 1850 3281 αὺ-

242 3327 339 3392 τὰς
361 3328 721 3399 ήρμήνευσαν
739 3339 753 3353 '
789 3342 808 3377 ι
837 3323 912 3377 Οὐ
940 3322 1104 3393 μόνον
1138 3323 1188 3375 oi
1214 3321 1498 3385 ποιοῦντες
1526 3321 1688 3387 αὐτὰ,
1711 3321 1849 3377 ἀλλὰ

246 3419 339 3474 καὶ
368 3421 418 3473 oi
451 3413 906 3480 συνευδοκοῦντες
940 3417 1056 3478 τοῖς
1087 3414 1445 3486 πράττουσιν.
1488 3432 1506 3465 ι
1543 3410 1703 3466 Οὕτω
1740 3412 1849 3484 γὰρ

245 3508 411 3585 εἶχεν,
438 3510 673 3580 ἔφασαν,
712 3507 775 3563 τὸ
803 3507 1038 3563 παλαιὸν
1076 3507 1439 3579 ἀντίγραφον,
1474 3507 1562 3560 ἵνα
1593 3507 1780 3577 μεῖζον
1814 3502 1847 3581 ᾗ

244 3604 305 3660 τὸ
343 3607 521 3659 ποιεῖν
564 3601 675 3671 (95)
700 3599 800 3659 πτοῦ
840 3600 1206 3654 συνευδοκεῖν.
1256 3600 1399 3667 Ἐγὼ
1427 3599 1472 3652 δ’
1512 3597 1626 3652 οὔθ’
1665 3601 1851 3670 ἡμαρ-

245 3675 444 3768 τῆσθαι
478 3698 537 3749 ὲν
569 3694 750 3764 τούτῳ
783 3693 961 3763 φήσας
999 3692 1068 3745 τὰ
1100 3691 1437 3745 ἀποστολικὰ
1472 3690 1654 3761 βιδλία
1676 3732 1690 3756 ,
1723 3690 1849 3744 οὔτε

247 3787 618 3864 καταδραμὼν
654 3786 764 3841 τῶν
803 3786 876 3857 μὴ
925 3786 1262 3856 νενοσηκότων
1305 3785 1471 3855 (ἴσως
1521 3783 1631 3856 γὰρ
1666 3785 1715 3838 εί
1754 3786 1850 3839 καὶ

246 3883 304 3935 ἰν
322 3879 501 3949 τούτῳ
533 3876 1011 3945 πλεονιεκτοῦνται,
1036 3877 1093 3929 ἐν
1114 3874 1295 3939 ἄλλοις
1318 3875 1725 3941 πλεονεκτοῦσι,
1756 3876 1850 3930 καί

247 3988 364 4025 τινα
391 3970 647 4041 ἐνόησαν,
675 3961 750 4022 ὧν
782 3967 942 4031 αὐτὸς
963 3968 1073 4021 οὐδ’
1097 3970 1177 4031 εἰς
1199 3966 1408 4021 ἔννοιαν
1433 3968 1766 4039 ἀφικόμην),
1788 3968 1850 4022 τὸ

246 4062 575 4134 νενοημένον
630 4060 880 4132 φράσας,
930 4061 1047 4125 τοῖς
1107 4059 1516 4130 ἐντευξομένοις
1571 4060 1851 4131 ἐπιτρέψω

246 4156 342 4229 τὴν
390 4157 597 4227 ψῆφον.
642 4156 793 4225 Φημὶ
840 4154 1055 4222 τοίνυν,
1106 4155 1225 4219 ὅτι,
1282 4155 1475 4227 ἐπειδὴ
1521 4155 1616 4208 τοῦ
1660 4155 1850 4227 πλημ-

250 4252 435 4324 μελεῖν
496 4251 560 4305 τὸ
624 4252 872 4304 ἐπαινεῖν
940 4250 1071 4314 τοὺς
1144 4248 1605 4322 πλημμελοῦντας
1669 4249 1852 4322 πολλῷ

246 4344 669 4418 ἀργαλεώτερον
700 4346 837 4409 ἐστι,
878 4344 971 4398 καὶ
1017 4345 1201 4415 μεῖξον
1240 4346 1319 4408 εἰς
1358 4344 1635 4406 κολάσεως
1664 4344 1848 4413 λόγον,

2254 2189 2366 2246 LX.
2407 2222 2477 2233 --
2505 2186 2909 2245 TllEOLOGlO
2941 2185 3285 2244 DIACONO..

1950 2284 2019 2340 In
2041 2285 2097 2340 id
2129 2288 2268 2357 quod
2285 2285 2485 2341 dictum
2504 2296 2579 2339 est
2609 2300 2629 2339 :
2656 2302 2672 2335 ι
2690 2281 2814 2338 Non
2834 2283 3006 2338 solum
3030 2299 3090 2336 ea
3110 2279 3431 2353 faciunt“,t
3449 2288 3560 2339 etc.

2022 2400 2292 2469 Quoniam
2327 2401 2522 2454 iterum
2558 2398 2888 2469 apostolicos
2921 2398 3216 2452 thesauros
3244 2406 3300 2448 ut
3335 2396 3563 2449 invemi-

1952 2509 2143 2563 genius
2169 2534 2185 2561 ,
2223 2492 2448 2547 eﬂ'ecisti
2483 2492 2828 2561 (quaesivisti
2889 2492 3078 2557 enim,
3131 2488 3260 2558 quid
3291 2488 3393 2542 sibi
3436 2486 3564 2544 velit

1952 2587 2083 2642 illud
2108 2605 2120 2641 :
2155 2584 2303 2641 «Non
2334 2586 2509 2640 solum
2540 2596 2603 2640 ea
2630 2586 2874 2649 faciunt,
2899 2588 2995 2640 scd
3019 2586 3183 2640 etiam
3212 2583 3563 2637 consentiunt

1955 2666 2323 2743 facientibus;
2351 2696 2369 2731 ι
2419 2686 2472 2731 et
2509 2678 2778 2733 intulisti:
2820 2677 2875 2732 Si
2909 2677 3219 2731 consentire
3257 2675 3479 2744 gravius
3506 2682 3563 2728 et

1958 2771 2133 2838 majus
2166 2770 2424 2838 quiddam
2467 2778 2551 2824 est
2596 2786 2758 2834 quam
2807 2768 3020 2836 facere,
3050 2784 3221 2838 quare
3252 2766 3451 2821 Paulus
3482 2765 3565 2821 sic

1954 2863 2120 2915 verba
2165 2862 2571 2927 collocavit?):
2628 2862 2906 2932 paulisper
2960 2862 3014 2914 in
3069 2860 3299 2915 collecto
3354 2860 3564 2913 habens

1956 2961 2192 3008 mentem
2251 2960 2398 3006 tuam
2425 2993 2440 3018 ,
2492 2963 2551 3007 ut
2590 2952 2887 3024 fugientem
2922 2952 3281 3023 apostolicam
3322 2962 3564 3007 mentem

1959 3048 2150 3102 venari
2183 3058 2347 3116 atque
2378 3046 2596 3116 assequi
2630 3047 2833 3117 possis,
2874 3046 3145 3101 auscalta.
3174 3046 3421 3101 Fuerunt
3461 3044 3561 3111 Igi-

1954 3151 2045 3195 tur
2104 3140 2235 3210 qui,
2291 3142 2437 3210 quod
2490 3157 2597 3193 non
2648 3139 3021 3209 intelligerent
3051 3140 3155 3193 hoc
3185 3140 3434 3201 dictum,
3468 3140 3564 3193 sed

1953 3236 2183 3307 perinde
2213 3244 2272 3290 ut
2308 3245 2362 3289 tu
2397 3236 2463 3289 de
2494 3249 2561 3289 eo
2592 3233 2932 3299 dubitarent,
2968 3232 3137 3306 M6
3168 3242 3225 3289 et
3266 3233 3566 3301 depravata

1953 3343 2076 3384 esse
2107 3329 2273 3383 verba
2303 3328 2605 3394 apostolica
2634 3327 3042 3390 existimarent,
3077 3327 3157 3381 sic
3195 3341 3256 3381 ea
3292 3328 3563 3394 interpre-

1958 3423 2053 3476 tati
2078 3431 2205 3477 sunt
2231 3439 2246 3476 :
2296 3439 2309 3472 ι
2335 3420 2453 3474 Νοιι
2492 3421 2669 3475 solum
2698 3420 2968 3474 facientes
2999 3435 3087 3483 ea,
3116 3420 3211 3474 sed
3236 3417 3402 3473 etiam
3432 3433 3563 3473 cou-

1954 3516 2259 3572 sentientes
2277 3513 2662 3568 facientibus.»
2702 3513 2795 3569 Sic
2823 3512 3293 3577 enim,d'ixerunt,
3330 3512 3567 3565 habebat

1956 3618 2113 3663 vetus
2140 3608 2458 3675 exetnplar:
2494 3606 2595 3660 «Ut
2620 3607 2693 3660 ita
2717 3606 2895 3675 majus
2921 3606 2993 3659 sit
3025 3604 3209 3659 facere
3239 3620 3403 3673 quam
3430 3618 3567 3659 con-

1956 3700 2217 3756 sentire.»
2252 3701 2319 3753 At
2351 3714 2453 3765 ego
2476 3714 2656 3767 neque
2687 3698 2922 3752 dixerim
2957 3698 3012 3752 in
3036 3713 3102 3751 eo
3129 3709 3421 3765 corruptos
3442 3712 3567 3756 esse

1955 3791 2126 3845 libros
2156 3789 2510 3859 apostolicos,
2549 3804 2726 3859 neque
2767 3790 2874 3843 illis
2918 3789 3010 3858 qui
3048 3790 3227 3843 locmn
3261 3804 3369 3842 non
3402 3789 3565 3844 intel-

1958 3883 2231 3947 lexerunt,
2263 3881 2645 3936 iusultaverim
2678 3881 2954 3953 (fortassis
2982 3883 3150 3949 enim,
3176 3883 3429 3951 quamvis
3464 3883 3566 3939 hac

1956 3974 2010 4028 in
2048 3988 2105 4026 re
2136 3982 2465 4039 superentur
2500 3988 2531 4025 a
2569 3987 2676 4038 me,
2712 3972 2765 4025 in
2797 3973 2923 4027 aliis
2953 3983 3255 4037 tatneu,me
3278 3975 3436 4044 longe
3467 3989 3563 4029 su-

1956 4073 2169 4135 perant,
2204 4073 2259 4119 et
2284 4064 2466 4133 aliqua
2500 4064 2935 4128 intellexerunt,
2972 4081 3207 4135 quorum
3248 4082 3347 4136 ego
3376 4068 3567 4137 cogni-

1958 4160 2158 4214 tionem
2196 4174 2301 4212 non
2344 4174 2461 4213 sum
2508 4158 2875 4230 assecutus):
2938 4160 3033 4214 sed
3086 4176 3370 4229 exponens
3420 4163 3568 4232 quod

1953 4266 2054 4323 ego
2084 4251 2357 4322 intelligo,
2410 4250 2637 4305 lecturis
2668 4254 2982 4319 permittam
3016 4251 3244 4308 liberum
3270 4251 3565 4318 judicium.

1954 4346 2056 4399 Aio
2087 4345 2290 4414 igitur:
2326 4344 2464 4410 Quia
2507 4344 2667 4415 longe
2698 4344 2922 4413 gravius
2947 4384 2963 4413 ,
2994 4354 3081 4411 et,
3115 4345 3257 4413 quod
3288 4347 3355 4400 ad
3390 4361 3568 4415 ptente

245 4440 471 4501 εἰκότως
493 4436 715 4507 εἴρηται
739 4454 752 4467 ο
781 4454 800 4487 ι
831 4437 907 4490 Οὐ
942 4436 1104 4507 μόνον
1121 4436 1263 4491 αὐτὰ
1292 4436 1557 4499 ποιοῦσιν,
1588 4436 1725 4490 ἀλλὰ
1757 4440 1846 4489 καὶ

1957 4439 2227 4493 rationem
2256 4440 2475 4503 attinet,
2498 4439 2674 4509 majus
2700 4448 2808 4503 est,
2834 4438 3063 4492 laudare
3084 4444 3377 4508 peccantes
3399 4454 3566 4507 quam

247 4527 635 4584 συνευδοκοῦσι
668 4530 781 4591 τοῖς
820 4529 1174 4599 πράττουσιν.
1214 4546 1233 4579 ι
1256 4527 1313 4581 '0
1348 4527 1449 4599 μὲν
1482 4528 1591 4599 γὰρ
1628 4528 1767 4599 μετὰ
1791 4529 1851 4581 τὸ

248 4619 594 4692 πλημμελεῖν
624 4620 1057 4689 καταγινώσκων
1084 4620 1183 4690 τῆς
1205 4620 1483 4691 ἁμαρτίας
1504 4660 1519 4685 ,
1554 4620 1849 4691 δυνήσεται

246 4714 426 4785 χρόνῳ
455 4714 652 4768 ἑαυτόν
676 4730 806 4767 ποτε
829 4714 1267 4785 ἀνακτήσασθαι,
1299 4713 1569 4785 μεγίστην
1594 4714 1850 4786 βοήθειαν

250 4806 389 4877 ἔχων
418 4808 502 4870 είς
548 4807 608 4860 τὸ
642 4807 988 4877 μεταγνῶναι
1020 4807 1118 4876 τὴν
1158 4808 1506 4877 κατάγνωσιν
1536 4808 1635 4877 τῆς
1669 4809 1851 4879 ἁμαρ-

249 4900 366 4964 τίας
392 4917 405 4930 ’
434 4901 463 4954 ὁ
494 4901 541 4954 δ’
585 4900 827 4956 ἐπαινῶν
851 4901 947 4973 τὴν
980 4902 1248 4974 πονηρίαν
1270 4944 1284 4970 ,
1316 4902 1412 4973 τῆς
1443 4902 1508 4955 ὲκ
1542 4902 1636 4955 τοῦ
1684 4920 1851 4973 μετα-

250 4993 443 5064 νοῆσαι
492 4992 743 5064 βοηθείας
796 4995 991 5050 ὲαυτὺν
1032 4996 1350 5069 ἀποστερεῖ.
1404 4996 1626 5067 Ἐπειδὴ
1673 4996 1851 5051 τοίνυν

318 5152 365 5183 ’⁸
402 5150 563 5205 Rom.
594 5167 630 5208 ι.
655 5150 745 5206 29.
825 5152 871 5184 ³⁸
903 5151 1034 5207 ibid.
1056 5151 1146 5205 52.

1962 4533 2143 4605 ipsum
2181 4548 2432 4603 peccare,
2486 4548 2593 4587 non
2654 4532 2934 4586 immerito
2967 4532 3173 4586 dictmn
3208 4542 3329 4586 est:
3390 4551 3407 4582 ι
3445 4530 3563 4585 Non

1960 4626 2135 4682 solum
2162 4626 2254 4696 qui
2285 4642 2347 4681 ea
2386 4625 2616 4689 faciunt,
2648 4626 2743 4680 sed
2784 4625 2953 4679 etiam
2990 4623 3080 4694 qui
3111 4623 3464 4677 consentiunt
3488 4621 3567 4676 fa-

1962 4722 2253 4777 cientibus.
2290 4739 2308 4772 ι
2364 4718 2500 4775 Nam
2534 4719 2624 4774 ille
2659 4718 2917 4789 quidem,
2977 4717 3070 4787 qui
3104 4725 3221 4786 post
3265 4717 3565 4769 admissum

1962 4824 2241 4883 peccatum
2276 4810 2327 4865 id
2364 4810 2714 4875 condemnat,
2748 4808 2948 4879 poterit
2977 4809 3198 4861 tandem
3234 4808 3569 4875 procedente

1964 4913 2210 4968 tempore
2240 4903 2479 4973 seipsum
2516 4916 2841 4973 recuperare
2876 4910 3040 4970 atque
3069 4901 3119 4954 in
3152 4899 3426 4967 integrum
3476 4911 3568 4950 rc-

1962 4998 2210 5062 stituere,
2238 4998 2437 5066 quippe
2458 4995 2551 5066 qui
2578 4996 2877 5051 maximum
2902 4995 2969 5049 ad
2999 4993 3377 5063 paenitentiam
3408 5005 3569 5061 agen-

1367 5264 1607 5321 νΑιιιέΕ
1650 5264 2037 5321 LECTIONES
2073 5263 2162 5319 ΕΤ
2204 5264 2437 5321 NOTAE.

325 5422 441 5495 (95)
466 5424 646 5476 Aurea
682 5421 1147 5487 interpretationis
1179 5424 1387 5491 regula,
1420 5422 1557 5477 utin
1594 5438 1845 5495 unoquo-

256 5493 359 5562 que
391 5495 511 5547 loco
540 5496 774 5546 obscuro
808 5503 865 5545 et
902 5502 1261 5547 controverso
1298 5498 1361 5545 ad
1393 5509 1453 5546 ea
1490 5493 1843 5550 attendamus

256 5579 377 5631 qum
400 5563 716 5634 praecedunt
741 5572 1135 5634 etjsequuntur.
1160 5563 1370 5634 Είρμδν
1401 5564 1500 5633 τῆς
1525 5565 1847 5629 ἀκολουθίας
1880 5628 1887 5633 _

260 5632 415 5687 vocat
452 5633 709 5687 Clemens
751 5632 1175 5688 Alexandrinus.
1207 5632 1367 5701 Quid,
1399 5632 1541 5703 quod
1562 5637 1843 5703 juriscon-

258 5704 379 5756 sulti
407 5718 628 5773 quoque
684 5704 901 5757 incivile
928 5719 1067 5773 esse
1104 5706 1294 5772 aiunt,
1330 5722 1434 5759 non
1467 5715 1577 5758 tota
1615 5706 1729 5772 lege
1760 5708 1843 5759 in-

258 5772 464 5846 specta,
500 5780 569 5828 de
604 5776 867 5846 particula
888 5772 1007 5844 ejus
1033 5774 1330 5842 judicare?
1359 5777 1516 5832 Conf.
1538 5778 1696 5846 epist.
1719 5777 1845 5841 Ξίθ,

262 5843 414 5916 hujus
442 5847 564 5904 libri
606 5858 677 5897 tv.
714 5844 875 5899 litr'r.

2028 5424 2139 5493 (94)
2167 5422 2298 5478 Cod.
2339 5421 2483 5487 Val.,
2522 5423 2786 5493 γυμνούς.

2028 5489 2139 5567 (95)
2180 5495 2322 5547 Idem
2350 5494 2476 5567 cod;
2501 5489 2623 5563 post
2653 5496 2711 5547 τὸ
2733 5495 2907 5567 ποιεῖν
2939 5492 3089 5567 addit
3120 5492 3215 5544 καὶ
3237 5489 3488 5567 ἔλαττον..
3502 5502 3564 5567 et

1958 5563 2079 5621 mox
2113 5581 2349 5631 sequens
2384 5563 2479 5617 τοῦ
2518 5575 2686 5619 mutat
2729 5569 2777 5617 in
2825 5564 2907 5617 τό.
2945 5564 3003 5616 In
3040 5566 3145 5615 line
3179 5578 3265 5629 rp.
3308 5579 3403 5631 pro
3440 5564 3566 5625 illis,

1947 5638 2308 5705 καῖὲκατέρα
2343 5637 2608 5717 κρατήσει
2660 5635 2875 5714 ψῆφοςζ
2899 5636 3009 5687 hanc
3054 5636 3207 5717 ponit
3242 5634 3381 5713 idem
3414 5636 3563 5717 cod"

1947 5710 1979 5780 ή
2013 5702 2277 5777 ἑκατέρου
2335 5702 2536 5780 ψῆφος.
2596 5702 2689 5761 τοῦ
2725 5702 3023 5768 ποιοῦντος,
3058 5702 3151 5758 καὶ
3181 5702 3276 5758 τοῦ
3318 5702 3574 5763 συνευδος

1955 5778 2179 5842 κοῦντος
2204 5778 2551 5847 κρατήσειεν.
