3976 6420
235 335 363 403 H21

1139 337 1689 400 EPISTOLARUM
1725 337 1873 397 LIB.
1918 337 2018 397 IV.
2061 363 2132 372 -
2167 337 2410 399 EPIST.
2443 339 2615 401 LXV.

3419 341 3562 407 1122

229 464 398 503 νουσα
430 447 654 512 πόνους.
682 447 746 502 El
769 447 826 502 δὲ
852 447 914 502 τὸ
946 445 1162 520 μέλλειν
1188 448 1381 511 λυπεῖ,
1411 447 1574 501 τοῦτο
1603 447 1825 517 εὐφραι-

1947 447 2178 517 gloriam
2209 465 2355 502 nunc
2386 463 2623 516 quoque,
2652 448 2747 504 sed
2783 449 3075 516 occultari,
3115 449 3242 505 dum
3274 460 3561 520 exspectet

229 541 371 596 νὲτω
405 540 611 609 μᾶλλον
637 540 767 604 τοὺς
797 538 906 594 τῶν
935 539 1128 594 παθῶν
1155 540 1250 592 καὶ
1289 538 1396 591 τῶν
1426 538 1702 609 δαιμόνων
1735 554 1837 591 κα-

229 630 562 702 θαιροῦντας
593 629 664 684 τὰ
692 629 1048 701 ὀχυρώματα.
1101 630 1174 683 Τὸ
1214 629 1324 701 γὰρ
1377 627 1610 700 μεγίστη
1656 623 1834 688 εἶναι,

229 725 325 777 καὶ
358 723 515 792 λόγον
550 723 640 776 καί
681 723 807 776 νοῦν
839 725 932 776 καὶ
954 723 1056 790 τὴν
1092 721 1377 792 παροῦσαν
1406 721 1744 775 κατάστασιν
1773 721 1837 772 ἐκ

225 815 430 869 πολλοῦ
458 815 553 868 τοῦ
585 815 870 887 περίοντος
895 815 1275 886 ὑπερϐαίνειν,
1308 816 1428 868 ἐκεῖ
1447 812 1834 884 τεταμίευται.

224 907 367 962 οὐδὲ
396 909 503 979 γὰρ
547 907 740 971 άπλῶς
770 905 928 962 εἷπε·
975 909 1057 961 Τὰ
1097 907 1398 978 παθήματα
1444 907 1539 960 τοῦ
1572 906 1669 960 νῦν
1715 922 1840 959 και-

231 1001 366 1072 ροῦ’
410 1001 525 1055 ἀλλ’
563 1001 654 1055 ῐνα
699 1002 848 1075 δείξῃ
879 999 1022 1054 αὐτὰ
1070 1001 1170 1071 οὐχ
1222 1002 1303 1054 ὅτι
1353 1000 1605 1070 ποιότητι
1643 997 1839 1069 μόνον,

225 1092 369 1146 ἀλλὰ
412 1093 508 1146 καὶ
548 1093 813 1163 ποσότητι
861 1093 1144 1164 νικώμενα
1175 1093 1263 1166 (τὰ
1297 1093 1398 1163 μὲν
1431 1092 1542 1162 γάρ
1581 1091 1662 1162 τῷ
1696 1089 1842 1162 παρ-

225 1181 342 1238 ὄντι
385 1185 829 1253 συγκαταλύεται
853 1183 985 1255 βίῳ·
1031 1183 1103 1238 τὰ
1150 1185 1206 1238 δὲ
1241 1184 1534 1246 ἀθανάτοις
1569 1199 1836 1254 συμπαρ-

226 1276 536 1331 εκτείνεται
575 1275 792 1344 αἰῶσιν)
818 1295 830 1308 ο
876 1276 1042 1347 άπερ,
1082 1277 1272 1348 ἐπειδὴ
1311 1273 1434 1328 οὕτε
1469 1273 1660 1345 σαφῶς
1708 1272 1838 1327 οὔτε

224 1371 372 1423 κατά
418 1371 588 1440 μέρος
635 1370 991 1440 παραστῆσαι
1035 1367 1113 1438 τῷ
1161 1369 1307 1439 λόγῳ
1350 1363 1531 1437 εῖχεν,
1573 1365 1686 1454 (in?
1735 1365 1837 1437 τῆς

225 1461 469 1530 μάλιστα
495 1461 764 1532 δοκούσης
801 1456 942 1515 εἶναι
973 1463 1104 1533 παρ’
1138 1463 1272 1531 ἡμῖν
1307 1461 1615 1531 ἑπεράστου
1652 1457 1835 1528 δόξης,

221 1555 366 1610 αὐτὰ
421 1557 898 1629 προσηγόρευσεν.
971 1555 1036 1610 Ἦ
1092 1557 1203 1628 γάρ
1255 1555 1475 1627 κορυφὴ
1526 1553 1639 1609 τῶν
1698 1553 1832 1624 ἀρε-

218 1647 330 1701 τῶν
363 1649 442 1719 (Ι)
477 1647 619 1720 αὕτη
647 1644 788 1703 εἶναι
819 1649 988 1704 δοκεῖ.

1950 538 2220 590 victorqu
2268 552 2333 592 ac
2377 539 2837 608 triumphaturum
2887 540 3120 596 labores.
3159 542 3313 607 Quod
3365 545 3412 598 si
3465 543 3556 601 cui

1950 628 2142 682 dilatio
2175 630 2263 684 illa
2290 630 2517 683 molesta
2550 633 2772 693 accidit.
2797 633 2898 686 hoc
2932 636 3108 699 magis
3136 636 3405 687 exbilarct
3437 650 3560 701 eos,

1947 723 2038 789 qui
2069 720 2422 776 alﬂimionunt
2473 739 2535 778 ac
2578 725 2882 778 damonum
2929 729 3331 794 propugnzcnla
3366 731 3558 780 dento-

1947 814 2172 869 liuntur.
2205 814 2339 868 Nam
2371 817 2485 871 lttec
2515 818 2686 885 ipsum
2719 819 2788 872 ob
2818 835 3065 881 causam,
3110 821 3254 886 quod
3280 823 3350 873 sit
3380 823 3559 875 maxi-

1951 924 2037 960 tna
2061 907 2171 977 (illa
2193 909 2415 978 gloria),
2450 920 2502 962 et
2536 911 2801 968 ratiOnetn
2828 913 3246 982 orationemque
3275 925 3326 965 et
3356 912 3559 966 tuenti»:

1951 999 2205 1054 humana!
2235 1015 2478 1070 captum,
2507 1011 2561 1056 et
2594 1016 2918 1071 praesentem
2950 1003 3325 1057 conditionem
3360 1006 3559 1074 longis-

1951 1093 2092 1147 simo
2131 1093 2420 1148 intervallo
2448 1098 2824 1160 transcendat,
2857 1097 2908 1147 in
2944 1097 3118 1150 altero
3161 1100 3362 1153 sa‘cnlo
3396 1113 3558 1166 τερον

1947 1187 2049 1240 sita
2077 1198 2414 1243 asservatur.
2440 1187 2628 1256 Neque
2656 1189 2800 1242 enim
2832 1189 3159 1257 simpliciter
3192 1191 3352 1254 dixit,
3373 1211 3394 1242 ι
3418 1191 3556 1247 Pas-

1944 1277 2128 1332 sioues
2171 1277 2334 1346 hujus
2367 1279 2688 1348 temporis,»
2727 1281 2821 1334 sed
2854 1288 2911 1333 ut
2940 1281 3282 1345 ostettdcret,
3323 1281 3408 1333 illa
3447 1297 3559 1336 non

1944 1369 2119 1424 solum
2161 1370 2453 1436 qualitate,
2500 1385 2693 1424 verum
2738 1372 2902 1423 etiam
2948 1372 3255 1439 quantitate
3295 1372 3556 1440 superari

1944 1461 2074 1532 (illa:
2102 1462 2246 1514 enim
2268 1477 2390 1515 cum
2421 1462 2523 1516 bac
2546 1464 2658 1516 vita
2685 1464 3055 1516 terminantur
3079 1503 3093 1529 ,
3132 1465 3236 1518 ista
3269 1480 3395 1518 vero
3423 1481 3551 1519 cum

1943 1553 2348 1609 immortalibus
2371 1555 2568 1608 durant
2595 1566 2813 1610 extenta
2842 1556 3078 1624 sta-culis)
3103 1575 3116 1609 :
3147 1572 3268 1627 qua:
3293 1557 3554 1626 quoniam

1943 1660 2122 1715 neque
2148 1647 2436 1716 perspicue
2458 1663 2640 1718 neque
2658 1648 3028 1718 particulatim
3053 1651 3302 1704 oratione
3325 1651 3395 1704 ob
3422 1666 3558 1704 ocu-

221 1738 300 1794 los
333 1756 734 1810 repracsentare
771 1751 1025 1809 poterat,
1062 1748 1483 1811 cognomentum
1527 1739 1635 1794 illis
1679 1737 1830 1794 dedit
1869 1753 1900 1791 a
1929 1737 2125 1807 gloria,
2156 1753 2278 1811 quae
2311 1739 2455 1811 apud
2523 1713 2774 1797 homines
2841 1741 2897 1797 in
2931 1742 3094 1797 rebus
3129 1744 3368 1799 maxime
3388 1758 3564 1818 cxpe-

222 1833 400 1889 teudis
423 1843 764 1889 numeratur.
788 1832 916 1888 Haec
937 1834 1082 1887 enim
1107 1833 1368 1885 virtutum
1395 1832 1671 1903 fastigium
1697 1845 1822 1885 esse
1862 1831 2098 1885 videtur.

711 1977 783 1990 -—
816 1949 1126 2020 ΘΕΟΔΩΡῼ
1160 1947 1488 2020 ΔιΑιιοΝᾳ.

289 2059 367 2127 (2)
393 2057 502 2112 Τοῦ
529 2057 668 2112 Θεοῦ
696 2059 873 2127 Λόγου
903 2057 1334 2128 ὲνανθρωπῆσαι
1360 2053 1827 2121 καταξιώσαντος,

217 2150 313 2203 καὶ
357 2151 428 2204 τά
474 2150 626 2220 πάθη
679 2149 750 2202 τά
787 2148 1147 2220 ἀνθρώπινα,
1193 2149 1536 2219 κυμαίνοντα
1588 2146 1824 2216 πρώην,

218 2245 753 2313 καταστορέσαντος,
785 2244 880 2297 καὶ
905 2243 1007 2313 τὴν
1035 2242 1217 2311 σάρκα
1245 2243 1594 2312 ὁρμητήριον
1623 2240 1830 2312 ἀρετῆς

217 2335 635 2405 άποφήναντος,
680 2336 776 2388 καὶ
811 2334 905 2397 τὰς
945 2333 1196 2405 πονηρὰς
1233 2332 1524 2402 φάλαγγας
1563 2331 1669 2384 ὑπὸ
1697 2331 1827 2394 τοὺς

219 2425 385 2488 πόδας
420 2426 530 2479 τῶν
564 2425 782 2479 οἰκείων
825 2425 1100 2496 φοιτητῶν
1138 2423 1693 2497 παρασκευάσαντος,
1728 2421 1826 2476 καὶ

218 2519 284 2572 τά
312 2515 456 2572 ἆθλα
503 2518 728 2590 μείζονα
773 2519 882 2572 τῶν
924 2516 1174 2573 παλαιῶν
1214 2516 1445 2578 εἰκότως
1499 2514 1820 2584 ὁρίσαντος,

217 2611 283 2666 τά
298 2628 359 2664 τε
378 2611 594 2664 ἔπαθλα
609 2611 840 2681 οὐράνια
861 2610 956 2664 καὶ.
978 2610 1333 2681 ὑπερκόσμια
1361 2607 1786 2679 εὑτρεπίσαντος
1805 2624 1819 2640 ·

216 2706 264 2756 οἱ
295 2705 604 2776 ἡττώμενοι
640 2706 856 2767 ἑαυτοῖς
890 2705 956 2757 ἂν
989 2699 1099 2756 εἷεν
1130 2703 1334 2756 δίκαιοι
1365 2699 1690 2769 λογίσασθαι
1721 2699 1823 2770 τὴν

215 2791 387 2868 ἧτταν
410 2814 425 2829 ο
463 2799 494 2868 ἡ
522 2797 635 2868 γάρ
662 2797 788 2866 νίκη
815 2795 1003 2848 λοιπὸν
1033 2795 1165 2863 παρ’
1208 2794 1342 2864 ἡμῖν
1373 2788 1514 2845 οὖσα
1533 2830 1548 2855 ,
1578 2787 1679 2843 εἶτ’
1725 2790 1826 2860 οὐχ

218 2891 552 2960 εὖρίσκουσα
599 2890 725 2950 τοὺς
760 2887 968 2950 εἰδότας
1014 2886 1210 2957 νικᾷν,
1255 2885 1315 2938 ὲν
1357 2883 1566 2952 ὀλίγοις
1613 2883 1825 2937 οἰκείαν

215 2981 449 3050 δύναμιν
481 2978 905 3050 ἐπιδεικνυμένη
929 3018 944 3043 ,
977 2980 1090 3041 τοῖς
1125 2976 1199 3048 μὴ
1229 2975 1577 3045 βουλομένοις
1603 2973 1696 3028 διὰ
1720 2971 1821 3026 πό-

217 3092 323 3128 νων
355 3073 534 3144 αὐτὴν
570 3071 921 3143 κτήσασθαι,
963 3071 1064 3139 τὴν
1093 3068 1274 3122 αἰτίαν
1303 3067 1401 3138 τῆς
1430 3068 1620 3139 ἥττης.

2220 1948 2409 2005 LXIV.
2439 1979 2512 1990 —
2542 1946 2926 2004 THEODORO
2960 1949 3290 2008 DIACOND.

2006 2058 2141 2116 Cum
2166 2059 2310 2114 Deus
2338 2060 2573 2114 Verbum
2605 2061 2866 2131 (:cternns
2892 2061 2984 2115 Dei
3015 2061 3207 2133 Filius)
3235 2063 3398 2116 homo
3429 2064 3552 2120 lierl

1935 2153 2190 2221 dignatus
2218 2152 2290 2207 sit
2315 2193 2331 2218 ,
2364 2163 2420 2207 ct
2447 2153 2718 2205 humanos
2746 2150 2976 2206 aﬂ'ectus
3007 2154 3291 2223 animique
3331 2165 3551 2223 pertur-

1934 2240 2206 2304 bationes,
2236 2256 2356 2310 qua:
2387 2241 2536 2309 prius
2565 2240 2831 2294 ﬂuctuum
2859 2242 3032 2296 instar
3065 2245 3242 2297 attolli
3276 2246 3547 2313 solebant,

1933 2333 2142 2388 sedarit
2166 2345 2334 2404 atque
2357 2333 2752 2400 composui-rit,
2775 2344 2830 2388 et
2853 2349 3074 2390 carnem
3103 2337 3289 2390 virtuti
3316 2353 3548 2406 pronam

1935 2433 2100 2496 atque
2130 2424 2525 2493 obsequentem
2559 2424 2827 2492 eﬂ'ererit,
2855 2437 2910 2482 et
2946 2428 3244 2498 νιιηιειιικυι
3275 2430 3547 2484 malorum

1933 2517 2225 2586 spirituum
2261 2517 2556 2586 subjecerit
2597 2533 2822 2594 suorum
2857 2521 3258 2590 discipulorum
3296 2523 3546 2590 pedibus,

1935 2622 1990 2665 et
2023 2610 2322 2664 certamina
2369 2612 2649 2666 veteribus
2684 2611 2896 2682 majora
2945 2614 3143 2668 merito
3175 2614 3546 2680 constituerit,

1932 2712 1986 2757 et
2024 2704 2245 2772 prmmla
2273 2718 2492 2772 quoque
2526 2703 2776 2759 caelestia
2814 2714 2867 2757 ct
2895 2707 3340 2774 supramnndana
3375 2707 3547 2760 ador-

1936 2796 2116 2850 narit:
2152 2808 2497 2863 consequens
2526 2805 2643 2858 est,
2672 2805 2730 2850 ut
2753 2797 2848 2865 qui
2881 2806 3003 2867 post
3037 2798 3124 2850 illa
3157 2800 3547 2863 succumbunt,

1939 2882 2014 2938 illi
2079 2882 2294 2952 culpam
2347 2883 2492 2939 lianc
2553 2885 2910 2952 sibimetipsis
2964 2886 3238 2953 imputare
3286 2888 3545 2943 debeant.

1943 2973 2182 3028 Victoria
2219 2974 2366 3028 enim
2395 2991 2518 3029 cum
2547 2976 2808 3046 deinceps
2843 2992 3011 3045 penes
3039 2995 3140 3034 nos
3179 2981 3272 3045 sit,
3305 2997 3410 3036 non
3448 2998 3547 3036 au-

1941 3073 2047 3119 tem
2080 3065 2326 3119 inveniat
2353 3065 2602 3120 homines
2633 3067 2770 3120 tales
2795 3105 2810 3131 ,
2845 3069 2935 3135 qui
2967 3070 3190 3123 vincere
3225 3073 3404 3125 sciant
3434 3089 3448 3126 :
3488 3072 3545 3127 in

219 3167 408 3236 paucis
435 3165 547 3218 vim
575 3179 731 3219 suam
763 3177 1053 3226 exserens,
1094 3160 1230 3225 illis,
1277 3161 1368 3230 qui
1401 3159 1594 3214 nolunt
1641 3172 1763 3214 eam
1833 3155 2114 3212 laboribus
2143 3157 2248 3213 sibi
2317 3172 2640 3227 comparare
2665 3198 2679 3224 ,
2737 3158 2951 3228 culpam
2987 3159 3218 3215 ascribit
3249 3163 3367 3230 ejus
3440 3163 3541 3232 rei,

217 3263 360 3332 quod
397 3261 708 3314 vincantur.

723 3350 843 3407 se.
885 3379 956 3389 -
997 3348 1086 3420 To
1122 3347 1324 3419 Αγτᾳ.

218 3444 352 3514 Περί
389 3441 498 3498 τοῦ
545 3440 769 3496 αὐτοῦ’
798 3441 896 3514 ότι
940 3442 990 3514 ἡ.
1017 3441 1225 3514 πίστις
1264 3437 1445 3506 χωρίς
1489 3436 1609 3491 τῶν
1632 3435 1825 3508 ἔργων

627 3515 700 3567 οὐ
729 3511 900 3572 σώζει
934 3511 1041 3565 τὸν
1069 3510 1412 3577 ἄνθρωπον.

284 3628 459 3700 Δεῦρο
495 3629 594 3698 μὲν
619 3625 977 3695 ὲπιφοιτήσας
1005 3625 1032 3675 ὁ
1057 3621 1188 3684 Θεὸς
1221 3621 1414 3688 Λόγος,
1446 3619 1632 3673 πίστιν
1655 3619 1825 3673 άπαι-

215 3725 387 3793 τήσας
412 3763 426 3787 ,
465 3722 651 3792 χάριτι
687 3718 1006 3772 ἐδικαίωσεν
1054 3713 1135 3786 (οὐ
1169 3713 1277 3782 γὰρ
1311 3709 1380 3783 ἦν
1409 3711 1518 3765 άπὸ
1546 3711 1826 3765 δικαιοσύ-

217 3831 310 3882 νης
346 3812 592 3880 σωθῆναι
629 3811 755 3872 τοὺς
795 3807 1008 3860 οἴκοθεν
1049 3803 1412 3876 προδοθέντας
1435 3819 1450 3832 ο
1485 3802 1580 3854 καὶ
1616 3801 1764 3854 τοῦθ’
1796 3802 1825 3855 ό

216 3905 470 3977 Μελῳδὸς
503 3904 596 3956 καὶ
628 3903 687 3954 τὸ
734 3900 934 3965 Σκεῦος
967 3899 1068 3969 τῆς
1110 3896 1344 3966 ἐκλογῆς
1375 3895 1730 3965 ἀπεφήναντο
1754 3911 1766 3924 ·
1795 3895 1824 3946 ό

219 4000 320 4070 μὲν
354 3997 936 4065 διαϐεὸαιωσαμενοςο
977 4009 998 4044 ι
1043 3993 1156 4046 Οὐκ
1185 3989 1301 4043 ἔστι
1335 3989 1409 4060 (3)
1445 3989 1658 4050 δίκαιος
1698 3987 1823 4040 οὐδὲ

215 4089 296 4158 εἷς
319 4109 334 4124 ⁸
377 4112 397 4144 ι
436 4095 464 4146 ό
489 4092 568 4144 δέ’
608 4111 625 4142 ι
661 4090 870 4150 Πάντες
893 4087 1143 4160 ἥμαρτον
1167 4127 1178 4148 ,
1205 4083 1301 4136 xui.
1331 4079 1689 4152 ὑστεροῦνται
1724 4079 1824 4148 τῆς

215 4181 374 4254 δόξης
405 4180 501 4236 τοῦ
536 4179 696 4241 Θεοῦ,
729 4199 747 4232 ι
784 4175 1308 4248 διῖσχυρισάμενο;)·
1333 4172 1734 4234 πιστεύσαντας
1765 4169 1822 4224 δὲ

215 4275 570 4344 δικαιοσύνην
630 4271 943 4345 ἀκροτάτην
1004 4269 1232 4333 εἰκότως
1293 4267 1611 4340 ἀπῄτησεν·
1674 4264 1818 4318 ῶστε

217 4365 371 4437 παρὰ
415 4365 514 4436 μὲν
545 4365 646 4434 τὴν
695 4363 942 4436 πρώτην,
977 4365 1011 4432 ἡ
1054 4362 1216 4432 χάρις
1258 4357 1565 4421 ἐδικαίωσε,
1597 4357 1722 4420 τοὺς
1765 4355 1822 4409 δὲ

215 4457 632 4519 δικαιωθέντας,
652 4457 832 4527 ἔργων
853 4454 1074 4525 ἀγαθῶν
1093 4451 1484 4507 ἀντιλαϐέσθαι
1507 4449 1818 4514 ἐθέσπισεν,

216 4547 291 4611 ώς
313 4547 416 4600 οὐκ
441 4547 562 4600 ἐνὸν
595 4547 703 4599 ἀπὸ
726 4547 967 4611 πίστεως
995 4547 1155 4619 μόνον
1180 4546 1255 4618 (lt)
1281 4545 1542 4616 σωθῆναι.
1568 4545 1689 4616 Χρὴ
1711 4544 1820 4613 γάρ

214 4641 280 4711 τῇ
313 4640 500 4693 πίστει
525 4638 810 4710 κρίνεσθαι
842 4640 920 4711 (5)
951 4640 1050 4702 τὰς
1082 4638 1333 4710 πράξεις,
1357 4639 1450 4692 καὶ
1473 4637 1581 4692 ἀπὸ
1614 4637 1820 4692 τούτων

2354 3342 2525 3416 us
2561 3341 2725 3398 va.
2762 3373 2828 3387 -ρ
2859 3343 3096 3400 EIDEM.

1929 3437 2133 3492 Eadem
2181 3438 2248 3514 de
2299 3453 2398 3514 re_,
2454 3454 2638 3502 nempe
2679 3441 2820 3514 quod
2871 3439 3006 3514 ﬁdes
3055 3441 3254 3514 absque
3295 3446 3542 3514 operibus

2224 3455 2248 3490 ε
2299 3455 2398 3500 re,
2454 3455 2638 3502 nempe
2718 3455 2818 3491 non
2871 3455 3006 3506 paes
3055 3455 3162 3494 nos:

2224 3508 2490 3562 hominem
2527 3525 2630 3561 non
2673 3455 2842 3575 7aciat
2873 3512 3079 3564 salvum
3095 3512 3162 3567 “.

1999 3619 2134 3674 Cum
2197 3619 2251 3673 in
2303 3633 2526 3674 carnem
2564 3619 2716 3674 venit
2755 3621 2897 3675 Deus
2933 3618 3213 3691 Verbum,
3262 3625 3418 3681 [idem
3453 3629 3543 3686 illo

1928 3710 2148 3779 quidem
2183 3710 2286 3765 sibi
2327 3709 2513 3775 haberi
2550 3711 2855 3779 postulans,
2895 3717 3071 3782 gratia
3119 3714 3415 3787 (homines)
3445 3718 3541 3788 ju-

1927 3813 2043 3857 stos
2075 3801 2204 3856 fecit
2239 3802 2440 3872 (neque
2467 3803 2612 3856 enim
2643 3801 2760 3858 ﬁeri
2797 3815 3045 3874 poterat,
3082 3817 3139 3862 ut
3163 3811 3255 3879 qui
3289 3826 3317 3864 a
3342 3811 3542 3881 seipsis

1928 3895 2129 3966 proditi
2165 3895 2472 3964 perditique
2498 3893 2740 3961 fuerant,
2771 3896 2987 3966 justitia
3014 3915 3110 3955 sua
3139 3901 3371 3957 salutem
3402 3920 3540 3959 cott-

1928 3999 2330 4058 sequerentur:
2364 3988 2529 4052 idque
2557 3988 2906 4043 Psalmorum
2939 3992 3176 4062 scriptor
3207 4005 3261 4049 et
3295 3993 3403 4051 Vas
3427 3996 3541 4052 ele-

1928 4081 2126 4135 ctionis
2178 4079 2341 4134 ambo
2393 4078 2738 4136 amrmarunt
2773 4083 3178 4152 disertissime,
3221 4087 3348 4140 dum
3399 4088 3540 4144 alter

1927 4182 2209 4226 asseverat
2239 4191 2250 4227 :
2295 4169 2443 4226 «Non
2475 4183 2558 4227 est
2588 4173 2769 4243 justus
2791 4215 2805 4239 ,
2845 4189 2916 4229 ne
2962 4191 3106 4232 unus
3135 4179 3354 4248 quidem
3384 4181 3470 4248 ³⁸;
3509 4200 3530 4235 ι

1927 4262 2064 4318 alter
2096 4278 2224 4319 vero
2256 4278 2456 4334 magna
2485 4265 2831 4336 vehementia
2855 4279 2988 4323 usus
3020 4268 3201 4338 inquit
3228 4290 3242 4325 :
3281 4289 3300 4323 ι
3329 4271 3535 4331 Omnes

1926 4369 2224 4427 peccarunt
2250 4400 2266 4426 ,
2319 4370 2374 4414 et
2424 4359 2805 4414 destituuntur
2830 4361 3001 4428 gloria
3035 4363 3128 4417 Dei
3154 4363 3198 4394 "
3227 4368 3283 4434 ι)
3319 4385 3332 4419 :
3361 4367 3429 4419 ab
3465 4365 3534 4422 iis

1925 4463 2058 4501 vero
2088 4450 2180 4518 qui
2213 4449 2582 4517 crediderunt,
2609 4464 2904 4516 summam,
2933 4467 3110 4521 neque
3143 4455 3193 4509 id
3231 4456 3527 4525 immerito,

1919 4540 2193 4610 justitiam
2230 4544 2448 4612 exegit:
2485 4545 2555 4596 ita
2587 4553 2648 4598 ut
2677 4545 2854 4613 primo
2881 4547 3096 4615 quidem
3139 4549 3312 4618 gratia
3345 4551 3530 4619 justos

1927 4634 2156 4701 fecerit;
2197 4634 2529 4703 justificatos
2568 4644 2754 4691 autem
2787 4635 3054 4693 bonorum
3088 4655 3313 4709 operum
3349 4642 3533 4698 studio

216 4731 386 4803 αὐτὴν
413 4731 740 4802 ψυχοῦσθαι.
771 4729 961 4803 Νεκρὰ
989 4731 1098 4802 γάρ
1129 4730 1194 4784 ἂν
1225 4729 1314 4794 εῐη
1342 4729 1548 4782 τούτων
1582 4729 1768 4800 χωρίς.

1942 4727 2061 4783 duci
2091 4728 2376 4784 sanxerit:
2430 4730 2630 4798 quippe
2684 4744 2805 4783 cum
2856 4745 2962 4786 non
3004 4734 3176 4801 possit
3223 4734 3384 4788 homo
3425 4733 3533 4790 [ide

219 4835 428 4878 tantum
453 4825 676 4878 salvari.
712 4823 942 4902 Oportet
970 4822 1116 4877 enim
1145 4821 1269 4876 ﬁdei
1302 4821 1521 4876 misceri
1555 4822 1802 4876 actiones
1842 4817 2124 4891 (rectas),
2161 4827 2217 4873 et
2249 4834 2346 4892 per
2374 4819 2477 4876 bas
2539 4819 2688 4874 illam
2752 4824 2909 4891 quasi
2973 4824 3223 4880 animari.
3257 4824 3352 4882 liis
3383 4827 3530 4884 enim

215 4917 463 4982 remotis,
498 4927 713 4972 mortua
741 4919 811 4972 sit
827 4918 895 4971 ³⁷.

285 5059 331 5091 ⁸⁸
369 5057 490 5112 Jac.
521 5073 581 5125 ll,
607 5057 701 5113 24.
776 5058 822 5089 ³⁸
858 5057 999 5113 Psal.
1035 5073 1150 5123 λιν,
1180 5059 1268 5112 5.5.
1349 5058 1394 5089 ³⁸
1423 5057 1580 5112 Rom.
1607 5073 1690 5124 ιιι,
1721 5058 1810 5111 9.5.

1869 5058 1910 5088 ³⁷
1947 5055 2062 5112 Jac.
2103 5072 2160 5122 ιι,
2191 5058 2283 5112 26.

1329 5213 1572 5270 νΑιιιΑῑ
1610 5212 2002 5271 LECTIONES
2042 5217 2132 5271 ΕΤ
2176 5215 2410 5274 NOTAE.

216 5375 362 5499 p(l)
417 5372 526 5427 Pro
568 5373 782 5445 ἀρετῶν
841 5374 964 5430 cod.
1023 5373 1147 5429 Vat.
1209 5374 1315 5429 650
1365 5375 1518 5444 ponit
1572 5373 1813 5442 ἀγαθῶν.

259 5461 423 5499 ossm.

259 5461 423 5500 ossm.

287 5518 362 5586 (‘2)
393 5518 598 5574 Confer
630 5516 786 5580 epist.
819 5514 946 5579 204,
1001 5515 1164 5570 infra.
1218 5515 1356 5568 Puto
1389 5517 1441 5569 in
1504 5516 1610 5569 {itte
1647 5519 1810 5585 epist.

219 5586 404 5642 deesse
440 5591 661 5643 verbum
714 5588 948 5656 aliquod,
1012 5598 1138 5654 puta
1197 5587 1514 5656 ἐπιγράφει,
1567 5589 1648 5642 vel
1682 5591 1816 5640 ἁναο

218 5658 434 5729 ἷράφει,
491 5661 570 5712 \‘el
632 5655 926 5720 λογίζεται.
977 5658 1145 5710 ῐὶιῖτ.
1180 5688 1248 5696 ——-
1296 5655 1423 5712 Post
1473 5659 1643 5729 ἥττης
1695 5660 1814 5716 cod,

221 5725 334 5780 Vat.
371 5729 477 5782 650
507 5731 725 5797 apponit
759 5729 1104 5797 προσρίπτει.
1141 5729 1214 5783 ID.

285 5798 358 5868 l5)
394 5798 532 5854 Cod.
574 5797 716 5865 Vah,
751 5797 849 5853 ἔτι.
886 5800 962 5853 In.

2005 5375 2079 5442 (εἰ)
2106 5375 2209 5456 Pro
2236 5376 2345 5429 ἀπὸ
2367 5377 2602 5439 πίστεως
2627 5377 2789 5446 μόνον
2816 5380 3004 5435 scribit
3035 5380 3199 5447 idem,
3233 5384 3326 5437 ἀπ’
3358 5388 3530 5456 αὐτῆς

1922 5447 2112 5516 μόνης.
2153 5448 2227 5500 ID.

1995 5519 2071 5586 (ὴ)
2118 5517 2243 5587 Lt-g.
2288 5519 2579 5595 κιρνᾶσθαι
2625 5519 2705 5595 [et
2741 5521 2831 5595 εἷο
2878 5520 3213 5595 (τοιΙηνέιιλ.
3280 5526 3528 5582 Conferri

1925 5598 2106 5642 autem
2159 5606 2278 5640 cum
2325 5592 2423 5641 hac,
2475 5597 2633 5655 epist.
2667 5593 2826 5644 debet
2859 5609 2944 5660 cp.
2975 5593 3104 5657 9.9.6,
3139 5592 3191 5648 ct
3227 5613 3344 5648 Cum
3377 5608 3534 5652 utra-

1926 5676 2030 5726 que
2057 5675 2103 5711 c.
2152 5677 2186 5712 ll
2235 5661 2484 5728 Epistula.-
2515 5661 2569 5714 S.
2610 5663 2816 5726 Jacobi,
2867 5665 3017 5730 cujus
3063 5667 3372 5723 testitttonio
3399 5671 3530 5726 alibi

1927 5745 2143 5799 quoque
2173 5741 2362 5785 auctor
2398 5743 2579 5787 noster
2613 5749 2754 5803 swpe
2783 5736 2971 5788 utitur.
3001 5736 3168 5792 lltrr.
