  <div class='ocr_page' id='page_1' title='image "/cluster/home/n/w/nwhite01/storage/ocr_20150623/78/ien.35556001661065/577.png"; bbox 0 0 3976 6428; ppageno 0'>
   <div class='ocr_carea' id='block_1_1' title="bbox 3710 180 3881 225">
    <p class='ocr_par' dir='ltr' id='par_1_1' title="bbox 3720 210 3881 225">
     <span class='ocr_line' id='line_1_1' title="bbox 3720 210 3881 225; baseline 0 -4"><span class='ocrx_word' id='word_1_1' title='bbox 3720 210 3809 225; x_wconf 29' lang='grc' dir='ltr'>,μιι</span> <span class='ocrx_word' id='word_1_2' title='bbox 3872 216 3881 225; x_wconf 60' lang='grc' dir='ltr'><strong>ε</strong></span> 
     </span>
    </p>
   </div>
   <div class='ocr_carea' id='block_1_2' title="bbox 506 318 2547 395">
    <p class='ocr_par' dir='ltr' id='par_1_2' title="bbox 506 318 2547 395">
     <span class='ocr_line' id='line_1_2' title="bbox 506 318 2547 395; baseline -0.008 0"><span class='ocrx_word' id='word_1_3' title='bbox 506 328 636 395; x_wconf 71' lang='lat'><strong>1131</strong></span> <span class='ocrx_word' id='word_1_4' title='bbox 1670 323 1729 382; x_wconf 91' lang='lat' dir='ltr'><strong>S.</strong></span> <span class='ocrx_word' id='word_1_5' title='bbox 1774 322 1877 382; x_wconf 87' lang='lat' dir='ltr'><strong>ISl</strong></span> <span class='ocrx_word' id='word_1_6' title='bbox 1887 321 2068 382; x_wconf 74' lang='lat' dir='ltr'><strong>DORI</strong></span> <span class='ocrx_word' id='word_1_7' title='bbox 2109 318 2547 382; x_wconf 56' lang='lat' dir='ltr'><strong>FELUSIOTi-‘E</strong></span> 
     </span>
    </p>
   </div>
   <div class='ocr_carea' id='block_1_3' title="bbox 502 422 2093 508">
    <p class='ocr_par' dir='ltr' id='par_1_3' title="bbox 502 429 2089 508">
     <span class='ocr_line' id='line_1_3' title="bbox 502 429 2089 508; baseline -0.006 -14"><span class='ocrx_word' id='word_1_8' title='bbox 502 439 791 508; x_wconf 77' lang='lat' dir='ltr'><strong>traducere</strong></span> <span class='ocrx_word' id='word_1_9' title='bbox 812 445 1029 508; x_wconf 91' lang='lat' dir='ltr'><strong>propter</strong></span> <span class='ocrx_word' id='word_1_10' title='bbox 1062 436 1201 500; x_wconf 87' lang='lat' dir='ltr'><strong>illos,</strong></span> <span class='ocrx_word' id='word_1_11' title='bbox 1248 432 1338 504; x_wconf 88' lang='lat' dir='ltr'><strong>qui</strong></span> <span class='ocrx_word' id='word_1_12' title='bbox 1392 429 1796 501; x_wconf 84' lang='lat' dir='ltr'><strong>pulchritudine</strong></span> <span class='ocrx_word' id='word_1_13' title='bbox 1847 429 2089 501; x_wconf 82' lang='lat' dir='ltr'><strong>corporis</strong></span> 
     </span>
    </p>
   </div>
   <div class='ocr_carea' id='block_1_4' title="bbox 2202 422 3777 508">
    <p class='ocr_par' dir='ltr' id='par_1_4' title="bbox 2202 422 3777 500">
     <span class='ocr_line' id='line_1_4' title="bbox 2202 422 3777 500; baseline -0.004 -18"><span class='ocrx_word' id='word_1_14' title='bbox 2202 429 2293 482; x_wconf 59' lang='grc' dir='ltr'><strong>οὐκ</strong></span> <span class='ocrx_word' id='word_1_15' title='bbox 2333 428 2705 500; x_wconf 70' lang='grc' dir='ltr'>ήδυνήθησαν,</span> <span class='ocrx_word' id='word_1_16' title='bbox 2754 427 2842 484; x_wconf 77' lang='grc' dir='ltr'><strong>τὸν</strong></span> <span class='ocrx_word' id='word_1_17' title='bbox 2873 425 3001 497; x_wconf 87' lang='grc' dir='ltr'>γοῦν</span> <span class='ocrx_word' id='word_1_18' title='bbox 3025 426 3221 494; x_wconf 75' lang='grc' dir='ltr'>ἔξωθεν</span> <span class='ocrx_word' id='word_1_19' title='bbox 3248 424 3432 487; x_wconf 71' lang='grc' dir='ltr'>αὐτοῖς</span> <span class='ocrx_word' id='word_1_20' title='bbox 3469 422 3777 497; x_wconf 53' lang='lat' dir='ltr'><strong>Repudiu-</strong></span> 
     </span>
    </p>
   </div>
   <div class='ocr_carea' id='block_1_5' title="bbox 502 496 2093 597">
    <p class='ocr_par' dir='ltr' id='par_1_5' title="bbox 502 496 2085 597">
     <span class='ocr_line' id='line_1_5' title="bbox 502 496 2085 597; baseline -0.004 -15"><span class='ocrx_word' id='word_1_21' title='bbox 502 529 656 584; x_wconf 80' lang='lat' dir='ltr'><strong>abusi</strong></span> <span class='ocrx_word' id='word_1_22' title='bbox 694 496 825 581; x_wconf 57' lang='lat' dir='ltr'><strong>\Snni</strong></span> <span class='ocrx_word' id='word_1_23' title='bbox 878 496 943 582; x_wconf 78' lang='lat' dir='ltr'><strong>ad</strong></span> <span class='ocrx_word' id='word_1_24' title='bbox 998 496 1319 597; x_wconf 83' lang='lat' dir='ltr'><strong>nequitiam.</strong></span> <span class='ocrx_word' id='word_1_25' title='bbox 1353 496 1575 587; x_wconf 75' lang='lat' dir='ltr'><strong>Deinde,</strong></span> <span class='ocrx_word' id='word_1_26' title='bbox 1595 521 1721 593; x_wconf 90' lang='lat' dir='ltr'><strong>quia</strong></span> <span class='ocrx_word' id='word_1_27' title='bbox 1755 520 1906 575; x_wconf 91' lang='lat' dir='ltr'><strong>multi</strong></span> <span class='ocrx_word' id='word_1_28' title='bbox 1944 496 2085 575; x_wconf 85' lang='lat' dir='ltr'><strong>hanc</strong></span> 
     </span>
    </p>
   </div>
   <div class='ocr_carea' id='block_1_6' title="bbox 2202 496 3783 597">
    <p class='ocr_par' dir='ltr' id='par_1_6' title="bbox 2202 496 3783 589">
     <span class='ocr_line' id='line_1_6' title="bbox 2202 496 3783 589; baseline -0.004 -17"><span class='ocrx_word' id='word_1_29' title='bbox 2202 535 2281 573; x_wconf 83' lang='lat' dir='ltr'><strong>vov</strong></span> <span class='ocrx_word' id='word_1_30' title='bbox 2324 496 2527 588; x_wconf 68' lang='grc' dir='ltr'>κδσμον</span> <span class='ocrx_word' id='word_1_31' title='bbox 2567 496 2779 589; x_wconf 64' lang='grc' dir='ltr'><strong>⁷’τρῶσαι</strong></span> <span class='ocrx_word' id='word_1_32' title='bbox 2830 496 3189 588; x_wconf 81' lang='grc' dir='ltr'>ἐπιχειροῦσι.</span> <span class='ocrx_word' id='word_1_33' title='bbox 3243 514 3353 568; x_wconf 70' lang='grc' dir='ltr'><strong>Καὶ⁵</strong></span> <span class='ocrx_word' id='word_1_34' title='bbox 3403 496 3783 583; x_wconf 73' lang='grc' dir='ltr'>μαρτυροῦσιν</span> 
     </span>
    </p>
   </div>
   <div class='ocr_carea' id='block_1_7' title="bbox 502 602 2093 681">
    <p class='ocr_par' dir='ltr' id='par_1_7' title="bbox 502 610 2087 681">
     <span class='ocr_line' id='line_1_7' title="bbox 502 610 2087 681; baseline -0.001 -14"><span class='ocrx_word' id='word_1_35' title='bbox 502 618 644 672; x_wconf 81' lang='lat' dir='ltr'><strong>velut</strong></span> <span class='ocrx_word' id='word_1_36' title='bbox 672 626 840 670; x_wconf 87' lang='lat' dir='ltr'><strong>artem</strong></span> <span class='ocrx_word' id='word_1_37' title='bbox 876 616 1147 681; x_wconf 79' lang='lat' dir='ltr'><strong>factitant,</strong></span> <span class='ocrx_word' id='word_1_38' title='bbox 1200 624 1259 669; x_wconf 91' lang='lat' dir='ltr'><strong>ut</strong></span> <span class='ocrx_word' id='word_1_39' title='bbox 1307 613 1616 668; x_wconf 86' lang='lat' dir='ltr'><strong>hominibus</strong></span> <span class='ocrx_word' id='word_1_40' title='bbox 1663 610 1990 666; x_wconf 76' lang='lat' dir='ltr'><strong>maledicunt</strong></span> <span class='ocrx_word' id='word_1_41' title='bbox 2032 618 2087 665; x_wconf 84' lang='lat' dir='ltr'><strong>et</strong></span> 
     </span>
    </p>
   </div>
   <div class='ocr_carea' id='block_1_8' title="bbox 2202 602 3779 681">
    <p class='ocr_par' dir='ltr' id='par_1_8' title="bbox 2202 602 3779 681">
     <span class='ocr_line' id='line_1_8' title="bbox 2202 602 3779 681; baseline -0.004 -20"><span class='ocrx_word' id='word_1_42' title='bbox 2202 608 2386 681; x_wconf 76' lang='grc' dir='ltr'>[οὐδὲν</span> <span class='ocrx_word' id='word_1_43' title='bbox 2414 608 2523 678; x_wconf 81' lang='grc' dir='ltr'>γὰρ</span> <span class='ocrx_word' id='word_1_44' title='bbox 2557 609 2757 661; x_wconf 76' lang='grc' dir='ltr'>κωλύει</span> <span class='ocrx_word' id='word_1_45' title='bbox 2809 608 2968 661; x_wconf 78' lang='grc' dir='ltr'>πάλιν</span> <span class='ocrx_word' id='word_1_46' title='bbox 3005 608 3116 669; x_wconf 74' lang='grc' dir='ltr'>τοῖς</span> <span class='ocrx_word' id='word_1_47' title='bbox 3143 606 3329 668; x_wconf 74' lang='grc' dir='ltr'>αὐτοῖς</span> <span class='ocrx_word' id='word_1_48' title='bbox 3362 602 3779 676; x_wconf 81' lang='grc' dir='ltr'>παραδείγμασι</span> 
     </span>
    </p>
   </div>
   <div class='ocr_carea' id='block_1_9' title="bbox 499 694 2093 772">
    <p class='ocr_par' dir='ltr' id='par_1_9' title="bbox 499 701 2085 771">
     <span class='ocr_line' id='line_1_9' title="bbox 499 701 2085 771; baseline -0.003 -12"><span class='ocrx_word' id='word_1_49' title='bbox 499 708 821 763; x_wconf 86' lang='lat' dir='ltr'><strong>obtrectent.</strong></span> <span class='ocrx_word' id='word_1_50' title='bbox 847 703 1053 771; x_wconf 87' lang='lat' dir='ltr'><strong>Tertio,</strong></span> <span class='ocrx_word' id='word_1_51' title='bbox 1088 704 1239 760; x_wconf 90' lang='lat' dir='ltr'><strong>multi</strong></span> <span class='ocrx_word' id='word_1_52' title='bbox 1273 703 1551 769; x_wconf 79' lang='lat' dir='ltr'><strong>mortales,</strong></span> <span class='ocrx_word' id='word_1_53' title='bbox 1574 702 1696 771; x_wconf 87' lang='lat' dir='ltr'><strong>quia</strong></span> <span class='ocrx_word' id='word_1_54' title='bbox 1726 702 1895 771; x_wconf 87' lang='lat' dir='ltr'><strong>ipsam</strong></span> <span class='ocrx_word' id='word_1_55' title='bbox 1920 701 2085 755; x_wconf 87' lang='lat' dir='ltr'><strong>attin-</strong></span> 
     </span>
    </p>
   </div>
   <div class='ocr_carea' id='block_1_10' title="bbox 2202 694 3783 772">
    <p class='ocr_par' dir='ltr' id='par_1_10' title="bbox 2202 694 3783 772">
     <span class='ocr_line' id='line_1_10' title="bbox 2202 694 3783 772; baseline -0.005 -18"><span class='ocrx_word' id='word_1_56' title='bbox 2202 699 2530 772; x_wconf 76' lang='grc' dir='ltr'>χρήσασθαι)</span> <span class='ocrx_word' id='word_1_57' title='bbox 2566 700 2728 763; x_wconf 80' lang='grc' dir='ltr'>αὑτός</span> <span class='ocrx_word' id='word_1_58' title='bbox 2758 717 2816 752; x_wconf 87' lang='grc' dir='ltr'><strong>τε</strong></span> <span class='ocrx_word' id='word_1_59' title='bbox 2846 699 2875 751; x_wconf 83' lang='grc' dir='ltr'>ὁ</span> <span class='ocrx_word' id='word_1_60' title='bbox 2919 698 3139 767; x_wconf 80' lang='grc' dir='ltr'>Ἰωσὴφ,</span> <span class='ocrx_word' id='word_1_61' title='bbox 3187 700 3217 750; x_wconf 84' lang='grc' dir='ltr'>ὁ</span> <span class='ocrx_word' id='word_1_62' title='bbox 3266 696 3370 749; x_wconf 81' lang='grc' dir='ltr'><strong>ὑπὸ</strong></span> <span class='ocrx_word' id='word_1_63' title='bbox 3393 695 3507 748; x_wconf 82' lang='grc' dir='ltr'>τῶν</span> <span class='ocrx_word' id='word_1_64' title='bbox 3537 694 3783 764; x_wconf 78' lang='grc' dir='ltr'>ἀδελφῶν</span> 
     </span>
    </p>
   </div>
   <div class='ocr_carea' id='block_1_11' title="bbox 502 787 2093 867">
    <p class='ocr_par' dir='ltr' id='par_1_11' title="bbox 502 792 2084 867">
     <span class='ocr_line' id='line_1_11' title="bbox 502 792 2084 867; baseline -0.002 -19"><span class='ocrx_word' id='word_1_65' title='bbox 502 813 629 867; x_wconf 75' lang='lat' dir='ltr'><strong>gere</strong></span> <span class='ocrx_word' id='word_1_66' title='bbox 678 797 917 851; x_wconf 89' lang='lat' dir='ltr'><strong>animam</strong></span> <span class='ocrx_word' id='word_1_67' title='bbox 963 811 1066 850; x_wconf 90' lang='lat' dir='ltr'><strong>non</strong></span> <span class='ocrx_word' id='word_1_68' title='bbox 1120 804 1432 864; x_wconf 90' lang='lat' dir='ltr'><strong>potuerunt,</strong></span> <span class='ocrx_word' id='word_1_69' title='bbox 1484 793 1725 849; x_wconf 84' lang='lat' dir='ltr'><strong>exterius</strong></span> <span class='ocrx_word' id='word_1_70' title='bbox 1775 792 2084 862; x_wconf 86' lang='lat' dir='ltr'><strong>appositum</strong></span> 
     </span>
    </p>
   </div>
   <div class='ocr_carea' id='block_1_12' title="bbox 2202 787 3785 867">
    <p class='ocr_par' dir='ltr' id='par_1_12' title="bbox 2202 787 3785 861">
     <span class='ocr_line' id='line_1_12' title="bbox 2202 787 3785 861; baseline -0.002 -17"><span class='ocrx_word' id='word_1_71' title='bbox 2202 793 2293 844; x_wconf 77' lang='lat' dir='ltr'><strong>ita).</strong></span> <span class='ocrx_word' id='word_1_72' title='bbox 2332 790 2434 860; x_wconf 80' lang='grc' dir='ltr'>τῆς</span> <span class='ocrx_word' id='word_1_73' title='bbox 2477 791 2766 861; x_wconf 80' lang='grc' dir='ltr'><strong>δεσποίνης</strong></span> <span class='ocrx_word' id='word_1_74' title='bbox 2806 787 3269 859; x_wconf 63' lang='grc' dir='ltr'>συκοφαντηθείς’</span> <span class='ocrx_word' id='word_1_75' title='bbox 3323 788 3464 857; x_wconf 75' lang='grc' dir='ltr'>αὓτη</span> <span class='ocrx_word' id='word_1_76' title='bbox 3516 804 3579 840; x_wconf 87' lang='grc' dir='ltr'><strong>τε</strong></span> <span class='ocrx_word' id='word_1_77' title='bbox 3608 787 3720 857; x_wconf 69' lang='grc'><strong>(29)</strong></span> <span class='ocrx_word' id='word_1_78' title='bbox 3752 788 3785 857; x_wconf 75' lang='grc' dir='ltr'>ἡ</span> 
     </span>
    </p>
   </div>
   <div class='ocr_carea' id='block_1_13' title="bbox 503 878 2093 954">
    <p class='ocr_par' dir='ltr' id='par_1_13' title="bbox 503 879 2089 952">
     <span class='ocr_line' id='line_1_13' title="bbox 503 879 2089 952; baseline -0.001 -16"><span class='ocrx_word' id='word_1_79' title='bbox 503 894 753 939; x_wconf 86' lang='lat' dir='ltr'><strong>ornatum</strong></span> <span class='ocrx_word' id='word_1_80' title='bbox 786 884 1069 938; x_wconf 80' lang='lat' dir='ltr'><strong>vulnerare</strong></span> <span class='ocrx_word' id='word_1_81' title='bbox 1101 882 1507 952; x_wconf 78' lang='lat' dir='ltr'><strong>aggrediuntur.</strong></span> <span class='ocrx_word' id='word_1_82' title='bbox 1541 881 1605 935; x_wconf 88' lang='lat' dir='ltr'><strong>Et</strong></span> <span class='ocrx_word' id='word_1_83' title='bbox 1640 887 1962 934; x_wconf 77' lang='lat' dir='ltr'><strong>attestantur</strong></span> <span class='ocrx_word' id='word_1_84' title='bbox 1988 879 2089 934; x_wconf 91' lang='lat' dir='ltr'><strong>hoc</strong></span> 
     </span>
    </p>
   </div>
   <div class='ocr_carea' id='block_1_14' title="bbox 2202 878 3784 954">
    <p class='ocr_par' dir='ltr' id='par_1_14' title="bbox 2202 878 3784 954">
     <span class='ocr_line' id='line_1_14' title="bbox 2202 878 3784 954; baseline -0.003 -17"><span class='ocrx_word' id='word_1_85' title='bbox 2202 885 2477 949; x_wconf 80' lang='grc' dir='ltr'>Σωσάννα,</span> <span class='ocrx_word' id='word_1_86' title='bbox 2525 887 2557 953; x_wconf 80' lang='grc' dir='ltr'><strong>ὴ</strong></span> <span class='ocrx_word' id='word_1_87' title='bbox 2611 884 2715 936; x_wconf 82' lang='grc' dir='ltr'><strong>ὑπὸ</strong></span> <span class='ocrx_word' id='word_1_88' title='bbox 2770 884 2876 937; x_wconf 76' lang='grc' dir='ltr'><strong>τῶν</strong></span> <span class='ocrx_word' id='word_1_89' title='bbox 2919 880 3305 954; x_wconf 66' lang='grc' dir='ltr'>πρεσϐυτέρων</span> <span class='ocrx_word' id='word_1_90' title='bbox 3362 878 3784 949; x_wconf 81' lang='grc' dir='ltr'>κατακριθεῖσα.</span> 
     </span>
    </p>
   </div>
   <div class='ocr_carea' id='block_1_15' title="bbox 502 968 2093 1047">
    <p class='ocr_par' dir='ltr' id='par_1_15' title="bbox 502 969 2088 1046">
     <span class='ocr_line' id='line_1_15' title="bbox 502 969 2088 1046; baseline -0.002 -19"><span class='ocrx_word' id='word_1_91' title='bbox 502 974 658 1046; x_wconf 84' lang='lat' dir='ltr'><strong>(nihil</strong></span> <span class='ocrx_word' id='word_1_92' title='bbox 684 976 825 1029; x_wconf 76' lang='lat' dir='ltr'><strong>enim</strong></span> <span class='ocrx_word' id='word_1_93' title='bbox 878 983 1026 1028; x_wconf 82' lang='lat' dir='ltr'><strong>vetat</strong></span> <span class='ocrx_word' id='word_1_94' title='bbox 1072 972 1360 1043; x_wconf 89' lang='lat' dir='ltr'><strong>quominus</strong></span> <span class='ocrx_word' id='word_1_95' title='bbox 1384 972 1577 1025; x_wconf 85' lang='lat' dir='ltr'><strong>iterum</strong></span> <span class='ocrx_word' id='word_1_96' title='bbox 1608 969 1796 1024; x_wconf 91' lang='lat' dir='ltr'><strong>iisdem</strong></span> <span class='ocrx_word' id='word_1_97' title='bbox 1824 969 2088 1038; x_wconf 75' lang='lat' dir='ltr'><strong>exemplis</strong></span> 
     </span>
    </p>
   </div>
   <div class='ocr_carea' id='block_1_16' title="bbox 2202 968 3787 1047">
    <p class='ocr_par' dir='ltr' id='par_1_16' title="bbox 2209 968 3787 1047">
     <span class='ocr_line' id='line_1_16' title="bbox 2209 968 3787 1047; baseline -0.004 -19"><span class='ocrx_word' id='word_1_98' title='bbox 2209 973 2349 1027; x_wconf 77' lang='grc' dir='ltr'>Ἀλλ’</span> <span class='ocrx_word' id='word_1_99' title='bbox 2378 974 2676 1037; x_wconf 80' lang='grc' dir='ltr'><strong>ἀδέκαστος</strong></span> <span class='ocrx_word' id='word_1_100' title='bbox 2702 974 2894 1047; x_wconf 82' lang='grc' dir='ltr'>κριτὴς</span> <span class='ocrx_word' id='word_1_101' title='bbox 2922 976 3175 1027; x_wconf 74' lang='grc' dir='ltr'>κάκεῖνον</span> <span class='ocrx_word' id='word_1_102' title='bbox 3200 974 3294 1025; x_wconf 73' lang='grc' dir='ltr'>καὶ</span> <span class='ocrx_word' id='word_1_103' title='bbox 3318 971 3525 1041; x_wconf 82' lang='grc' dir='ltr'>ταύτην</span> <span class='ocrx_word' id='word_1_104' title='bbox 3555 968 3787 1037; x_wconf 74' lang='grc' dir='ltr'>ἐστεφά-</span> 
     </span>
    </p>
   </div>
   <div class='ocr_carea' id='block_1_17' title="bbox 506 1060 2093 1138">
    <p class='ocr_par' dir='ltr' id='par_1_17' title="bbox 506 1060 2084 1138">
     <span class='ocr_line' id='line_1_17' title="bbox 506 1060 2084 1138; baseline -0.004 -16"><span class='ocrx_word' id='word_1_105' title='bbox 506 1066 765 1138; x_wconf 85' lang='lat' dir='ltr'><strong>utamur),</strong></span> <span class='ocrx_word' id='word_1_106' title='bbox 792 1080 915 1122; x_wconf 88' lang='lat' dir='ltr'><strong>cum</strong></span> <span class='ocrx_word' id='word_1_107' title='bbox 934 1063 1202 1135; x_wconf 69' lang='lat' dir='ltr'><strong>Iosephus</strong></span> <span class='ocrx_word' id='word_1_108' title='bbox 1225 1064 1359 1134; x_wconf 88' lang='lat' dir='ltr'><strong>ipse,</strong></span> <span class='ocrx_word' id='word_1_109' title='bbox 1392 1064 1482 1133; x_wconf 91' lang='lat' dir='ltr'><strong>qui</strong></span> <span class='ocrx_word' id='word_1_110' title='bbox 1518 1069 1571 1115; x_wconf 90' lang='lat' dir='ltr'><strong>et</strong></span> <span class='ocrx_word' id='word_1_111' title='bbox 1596 1060 1829 1115; x_wconf 82' lang='lat' dir='ltr'><strong>fratrum</strong></span> <span class='ocrx_word' id='word_1_112' title='bbox 1862 1070 1917 1114; x_wconf 90' lang='lat' dir='ltr'><strong>et</strong></span> <span class='ocrx_word' id='word_1_113' title='bbox 1941 1061 2084 1115; x_wconf 74' lang='lat' dir='ltr'><strong>bene</strong></span> 
     </span>
    </p>
   </div>
   <div class='ocr_carea' id='block_1_18' title="bbox 2202 1060 3787 1138">
    <p class='ocr_par' dir='ltr' id='par_1_18' title="bbox 2202 1060 3787 1135">
     <span class='ocr_line' id='line_1_18' title="bbox 2202 1060 3787 1135; baseline -0.004 -16"><span class='ocrx_word' id='word_1_114' title='bbox 2202 1081 2353 1119; x_wconf 79' lang='grc' dir='ltr'>νωσε.</span> <span class='ocrx_word' id='word_1_115' title='bbox 2388 1064 2480 1135; x_wconf 84' lang='grc' dir='ltr'><strong>Μὴ</strong></span> <span class='ocrx_word' id='word_1_116' title='bbox 2513 1066 2690 1119; x_wconf 78' lang='grc' dir='ltr'>τοίνυν</span> <span class='ocrx_word' id='word_1_117' title='bbox 2710 1064 2772 1117; x_wconf 89' lang='grc' dir='ltr'><strong>τὸ</strong></span> <span class='ocrx_word' id='word_1_118' title='bbox 2814 1064 3008 1125; x_wconf 82' lang='grc' dir='ltr'>κάλλος</span> <span class='ocrx_word' id='word_1_119' title='bbox 3050 1065 3232 1127; x_wconf 82' lang='grc' dir='ltr'>αἰτιῶ,</span> <span class='ocrx_word' id='word_1_120' title='bbox 3262 1063 3395 1116; x_wconf 78' lang='grc' dir='ltr'>ἀλλὰ</span> <span class='ocrx_word' id='word_1_121' title='bbox 3425 1062 3523 1133; x_wconf 68' lang='grc' dir='ltr'><strong>τὴν</strong></span> <span class='ocrx_word' id='word_1_122' title='bbox 3556 1060 3787 1131; x_wconf 81' lang='grc' dir='ltr'>αἰσχρὰν</span> 
     </span>
    </p>
   </div>
   <div class='ocr_carea' id='block_1_19' title="bbox 507 1151 2093 1228">
    <p class='ocr_par' dir='ltr' id='par_1_19' title="bbox 507 1151 2083 1228">
     <span class='ocr_line' id='line_1_19' title="bbox 507 1151 2083 1228; baseline -0.004 -15"><span class='ocrx_word' id='word_1_123' title='bbox 507 1157 793 1223; x_wconf 85' lang='lat' dir='ltr'><strong>calumniis</strong></span> <span class='ocrx_word' id='word_1_124' title='bbox 824 1157 1097 1228; x_wconf 83' lang='lat' dir='ltr'><strong>appetitus</strong></span> <span class='ocrx_word' id='word_1_125' title='bbox 1128 1166 1211 1211; x_wconf 90' lang='lat' dir='ltr'><strong>est</strong></span> <span class='ocrx_word' id='word_1_126' title='bbox 1240 1173 1253 1209; x_wconf 89' lang='lat'><strong>:</strong></span> <span class='ocrx_word' id='word_1_127' title='bbox 1296 1165 1407 1209; x_wconf 91' lang='lat' dir='ltr'><strong>tum</strong></span> <span class='ocrx_word' id='word_1_128' title='bbox 1436 1153 1686 1209; x_wconf 75' lang='lat' dir='ltr'><strong>Susanna</strong></span> <span class='ocrx_word' id='word_1_129' title='bbox 1713 1166 1744 1206; x_wconf 87' lang='lat' dir='ltr'><strong>a</strong></span> <span class='ocrx_word' id='word_1_130' title='bbox 1776 1151 2083 1208; x_wconf 86' lang='lat' dir='ltr'><strong>senioribus</strong></span> 
     </span>
    </p>
   </div>
   <div class='ocr_carea' id='block_1_20' title="bbox 2202 1151 3789 1228">
    <p class='ocr_par' dir='ltr' id='par_1_20' title="bbox 2202 1152 3789 1228">
     <span class='ocr_line' id='line_1_20' title="bbox 2202 1152 3789 1228; baseline -0.003 -19"><span class='ocrx_word' id='word_1_131' title='bbox 2202 1157 2396 1228; x_wconf 71' lang='grc' dir='ltr'>ψυχὴν,</span> <span class='ocrx_word' id='word_1_132' title='bbox 2439 1158 2538 1227; x_wconf 80' lang='grc' dir='ltr'><strong>τὴν</strong></span> <span class='ocrx_word' id='word_1_133' title='bbox 2596 1160 2653 1210; x_wconf 82' lang='grc' dir='ltr'><strong>ἐν</strong></span> <span class='ocrx_word' id='word_1_134' title='bbox 2685 1157 2761 1227; x_wconf 82' lang='grc' dir='ltr'>τῷ</span> <span class='ocrx_word' id='word_1_135' title='bbox 2793 1157 3063 1227; x_wconf 75' lang='grc' dir='ltr'><strong>καλλίστῳ</strong></span> <span class='ocrx_word' id='word_1_136' title='bbox 3114 1156 3327 1227; x_wconf 76' lang='grc' dir='ltr'>σώματι</span> <span class='ocrx_word' id='word_1_137' title='bbox 3376 1154 3658 1217; x_wconf 66' lang='grc' dir='ltr'>οἰκοῦσαν,</span> <span class='ocrx_word' id='word_1_138' title='bbox 3692 1152 3789 1206; x_wconf 76' lang='grc' dir='ltr'>καὶ</span> 
     </span>
    </p>
   </div>
   <div class='ocr_carea' id='block_1_21' title="bbox 505 1248 2093 1320">
    <p class='ocr_par' dir='ltr' id='par_1_21' title="bbox 505 1248 2079 1320">
     <span class='ocr_line' id='line_1_21' title="bbox 505 1248 2079 1320; baseline -0.002 -13"><span class='ocrx_word' id='word_1_139' title='bbox 505 1253 880 1308; x_wconf 88' lang='lat' dir='ltr'><strong>condemnata.</strong></span> <span class='ocrx_word' id='word_1_140' title='bbox 929 1251 1034 1307; x_wconf 88' lang='lat' dir='ltr'><strong>Sed</strong></span> <span class='ocrx_word' id='word_1_141' title='bbox 1096 1251 1442 1320; x_wconf 88' lang='lat' dir='ltr'><strong>incorruptus</strong></span> <span class='ocrx_word' id='word_1_142' title='bbox 1492 1250 1655 1320; x_wconf 68' lang='lat' dir='ltr'><strong>judex</strong></span> <span class='ocrx_word' id='word_1_143' title='bbox 1709 1259 1762 1304; x_wconf 84' lang='lat' dir='ltr'><strong>et</strong></span> <span class='ocrx_word' id='word_1_144' title='bbox 1827 1248 1975 1303; x_wconf 88' lang='lat' dir='ltr'><strong>illum</strong></span> <span class='ocrx_word' id='word_1_145' title='bbox 2023 1258 2079 1304; x_wconf 91' lang='lat' dir='ltr'><strong>et</strong></span> 
     </span>
    </p>
   </div>
   <div class='ocr_carea' id='block_1_22' title="bbox 2202 1248 2783 1320">
    <p class='ocr_par' dir='ltr' id='par_1_22' title="bbox 2202 1248 2783 1320">
     <span class='ocr_line' id='line_1_22' title="bbox 2202 1248 2783 1320; baseline 0.005 -19"><span class='ocrx_word' id='word_1_146' title='bbox 2202 1249 2347 1302; x_wconf 72' lang='grc' dir='ltr'>τοῦτο</span> <span class='ocrx_word' id='word_1_147' title='bbox 2372 1248 2657 1320; x_wconf 72' lang='grc' dir='ltr'>ὲνυὸρὶξου</span> <span class='ocrx_word' id='word_1_148' title='bbox 2666 1267 2783 1304; x_wconf 79' lang='grc' dir='ltr'>σαν.</span> 
     </span>
    </p>
   </div>
   <div class='ocr_carea' id='block_1_23' title="bbox 505 1342 3787 1415">
    <p class='ocr_par' dir='ltr' id='par_1_23' title="bbox 505 1342 3787 1415">
     <span class='ocr_line' id='line_1_23' title="bbox 505 1342 3787 1415; baseline -0.002 -16"><span class='ocrx_word' id='word_1_149' title='bbox 505 1346 665 1411; x_wconf 83' lang='lat' dir='ltr'><strong>istam</strong></span> <span class='ocrx_word' id='word_1_150' title='bbox 711 1346 1007 1402; x_wconf 76' lang='lat' dir='ltr'><strong>coronavit.</strong></span> <span class='ocrx_word' id='word_1_151' title='bbox 1040 1344 1218 1414; x_wconf 82' lang='lat' dir='ltr'><strong>Quare</strong></span> <span class='ocrx_word' id='word_1_152' title='bbox 1278 1345 1388 1401; x_wconf 89' lang='lat' dir='ltr'><strong>noli</strong></span> <span class='ocrx_word' id='word_1_153' title='bbox 1443 1346 1495 1401; x_wconf 91' lang='lat' dir='ltr'><strong>in</strong></span> <span class='ocrx_word' id='word_1_154' title='bbox 1548 1344 1776 1400; x_wconf 86' lang='lat' dir='ltr'><strong>lormam</strong></span> <span class='ocrx_word' id='word_1_155' title='bbox 1836 1344 2085 1400; x_wconf 71' lang='lat' dir='ltr'><strong>conferre</strong></span> <span class='ocrx_word' id='word_1_156' title='bbox 2124 1345 2358 1413; x_wconf 74' lang='lat' dir='ltr'><strong>culpant,</strong></span> <span class='ocrx_word' id='word_1_157' title='bbox 2383 1348 2476 1399; x_wconf 91' lang='lat' dir='ltr'><strong>sed</strong></span> <span class='ocrx_word' id='word_1_158' title='bbox 2507 1348 2685 1415; x_wconf 90' lang='lat' dir='ltr'><strong>potius</strong></span> <span class='ocrx_word' id='word_1_159' title='bbox 2747 1346 2801 1401; x_wconf 90' lang='lat' dir='ltr'><strong>in</strong></span> <span class='ocrx_word' id='word_1_160' title='bbox 2842 1353 3049 1415; x_wconf 89' lang='lat' dir='ltr'><strong>turpem</strong></span> <span class='ocrx_word' id='word_1_161' title='bbox 3075 1360 3137 1399; x_wconf 92' lang='lat' dir='ltr'><strong>ac</strong></span> <span class='ocrx_word' id='word_1_162' title='bbox 3195 1343 3493 1398; x_wconf 70' lang='lat' dir='ltr'><strong>deformem</strong></span> <span class='ocrx_word' id='word_1_163' title='bbox 3523 1342 3787 1405; x_wconf 87' lang='lat' dir='ltr'><strong>animam,</strong></span> 
     </span>
    </p>
   </div>
   <div class='ocr_carea' id='block_1_24' title="bbox 504 1438 2723 1510">
    <p class='ocr_par' dir='ltr' id='par_1_24' title="bbox 504 1438 2723 1510">
     <span class='ocr_line' id='line_1_24' title="bbox 504 1438 2723 1510; baseline 0 -17"><span class='ocrx_word' id='word_1_164' title='bbox 504 1454 624 1510; x_wconf 78' lang='lat' dir='ltr'><strong>qua:</strong></span> <span class='ocrx_word' id='word_1_165' title='bbox 656 1439 708 1493; x_wconf 92' lang='lat' dir='ltr'><strong>in</strong></span> <span class='ocrx_word' id='word_1_166' title='bbox 739 1439 1104 1510; x_wconf 90' lang='lat' dir='ltr'><strong>pulcherrimo</strong></span> <span class='ocrx_word' id='word_1_167' title='bbox 1131 1454 1359 1510; x_wconf 91' lang='lat' dir='ltr'><strong>corpore</strong></span> <span class='ocrx_word' id='word_1_168' title='bbox 1410 1439 1640 1505; x_wconf 86' lang='lat' dir='ltr'><strong>habitat,</strong></span> <span class='ocrx_word' id='word_1_169' title='bbox 1665 1438 1826 1509; x_wconf 86' lang='lat' dir='ltr'><strong>idque</strong></span> <span class='ocrx_word' id='word_1_170' title='bbox 1849 1438 2189 1506; x_wconf 85' lang='lat' dir='ltr'><strong>dehonestat,</strong></span> <span class='ocrx_word' id='word_1_171' title='bbox 2223 1440 2420 1507; x_wconf 84' lang='lat' dir='ltr'><strong>probro</strong></span> <span class='ocrx_word' id='word_1_172' title='bbox 2451 1438 2723 1493; x_wconf 78' lang='lat' dir='ltr'><strong>allectum.</strong></span> 
     </span>
    </p>
   </div>
   <div class='ocr_carea' id='block_1_25' title="bbox 715 1552 2093 1623">
    <p class='ocr_par' dir='ltr' id='par_1_25' title="bbox 715 1554 1873 1614">
     <span class='ocr_line' id='line_1_25' title="bbox 715 1554 1873 1614; baseline 0 -3"><span class='ocrx_word' id='word_1_173' title='bbox 715 1554 925 1612; x_wconf 75' lang='lat' dir='ltr'><strong>LXXII.</strong></span> <span class='ocrx_word' id='word_1_174' title='bbox 964 1587 1037 1599; x_wconf 89' lang='lat'><strong>—</strong></span> <span class='ocrx_word' id='word_1_175' title='bbox 1087 1556 1345 1614; x_wconf 80' lang='lat' dir='ltr'><strong>HERONI</strong></span> <span class='ocrx_word' id='word_1_176' title='bbox 1378 1556 1873 1613; x_wconf 79' lang='lat' dir='ltr'><strong>SCIIOLASTICO.</strong></span> 
     </span>
    </p>
   </div>
   <div class='ocr_carea' id='block_1_26' title="bbox 2202 1552 3476 1623">
    <p class='ocr_par' dir='ltr' id='par_1_26' title="bbox 2505 1552 3476 1623">
     <span class='ocr_line' id='line_1_26' title="bbox 2505 1552 3476 1623; baseline 0 -14"><span class='ocrx_word' id='word_1_177' title='bbox 2505 1557 2621 1609; x_wconf 84' lang='lat' dir='ltr'><strong>OB&#39;.</strong></span> <span class='ocrx_word' id='word_1_178' title='bbox 2658 1586 2725 1594; x_wconf 90' lang='lat'><strong>—</strong></span> <span class='ocrx_word' id='word_1_179' title='bbox 2759 1556 2968 1609; x_wconf 82' lang='grc' dir='ltr'><strong>ΗΡΩΝΙ</strong></span> <span class='ocrx_word' id='word_1_180' title='bbox 3011 1552 3476 1623; x_wconf 77' lang='grc' dir='ltr'><strong>ΣΧΟΛΑΣΤΙΚῼ.</strong></span> 
     </span>
    </p>
   </div>
   <div class='ocr_carea' id='block_1_27' title="bbox 1093 1646 2093 1718">
    <p class='ocr_par' dir='ltr' id='par_1_27' title="bbox 1093 1652 1501 1709">
     <span class='ocr_line' id='line_1_27' title="bbox 1093 1652 1501 1709; baseline 0.007 -3"><span class='ocrx_word' id='word_1_181' title='bbox 1093 1652 1294 1709; x_wconf 76' lang='lat' dir='ltr'><strong>Eadem</strong></span> <span class='ocrx_word' id='word_1_182' title='bbox 1332 1654 1396 1708; x_wconf 79' lang='lat' dir='ltr'><strong>de</strong></span> <span class='ocrx_word' id='word_1_183' title='bbox 1426 1670 1501 1709; x_wconf 79' lang='lat' dir='ltr'><strong>re.</strong></span> 
     </span>
    </p>
   </div>
   <div class='ocr_carea' id='block_1_28' title="bbox 2202 1646 3259 1718">
    <p class='ocr_par' dir='ltr' id='par_1_28' title="bbox 2703 1646 3259 1718">
     <span class='ocr_line' id='line_1_28' title="bbox 2703 1646 3259 1718; baseline -0.004 -17"><span class='ocrx_word' id='word_1_184' title='bbox 2703 1647 2842 1716; x_wconf 67' lang='grc' dir='ltr'>Περὶ</span> <span class='ocrx_word' id='word_1_185' title='bbox 2870 1646 3022 1718; x_wconf 65' lang='grc' dir='ltr'>[τοῦ]</span> <span class='ocrx_word' id='word_1_186' title='bbox 3052 1646 3259 1700; x_wconf 84' lang='grc' dir='ltr'>αὐτοῦ.</span> 
     </span>
    </p>
   </div>
   <div class='ocr_carea' id='block_1_29' title="bbox 2277 1756 3791 1830">
    <p class='ocr_par' dir='ltr' id='par_1_29' title="bbox 2277 1756 3791 1830">
     <span class='ocr_line' id='line_1_29' title="bbox 2277 1756 3791 1830; baseline -0.003 -17"><span class='ocrx_word' id='word_1_187' title='bbox 2277 1761 2339 1813; x_wconf 79' lang='grc' dir='ltr'>Ἢ</span> <span class='ocrx_word' id='word_1_188' title='bbox 2382 1762 2479 1830; x_wconf 78' lang='grc' dir='ltr'>μὲν</span> <span class='ocrx_word' id='word_1_189' title='bbox 2524 1761 2719 1829; x_wconf 79' lang='grc' dir='ltr'>ἄλογος</span> <span class='ocrx_word' id='word_1_190' title='bbox 2774 1761 2885 1830; x_wconf 82' lang='lat'><strong>(&#39;50)</strong></span> <span class='ocrx_word' id='word_1_191' title='bbox 2921 1759 3197 1827; x_wconf 79' lang='grc' dir='ltr'><strong>εὐπραγία</strong></span> <span class='ocrx_word' id='word_1_192' title='bbox 3238 1758 3315 1821; x_wconf 85' lang='grc' dir='ltr'>ὼς</span> <span class='ocrx_word' id='word_1_193' title='bbox 3364 1756 3433 1809; x_wconf 77' lang='grc' dir='ltr'>τὰ</span> <span class='ocrx_word' id='word_1_194' title='bbox 3489 1756 3665 1809; x_wconf 74' lang='grc' dir='ltr'>πολλὰ</span> <span class='ocrx_word' id='word_1_195' title='bbox 3709 1757 3791 1820; x_wconf 89' lang='grc' dir='ltr'><strong>εἱς</strong></span> 
     </span>
    </p>
   </div>
   <div class='ocr_carea' id='block_1_30' title="bbox 2199 1848 3784 1921">
    <p class='ocr_par' dir='ltr' id='par_1_30' title="bbox 2199 1848 3784 1921">
     <span class='ocr_line' id='line_1_30' title="bbox 2199 1848 3784 1921; baseline -0.001 -18"><span class='ocrx_word' id='word_1_196' title='bbox 2199 1850 2357 1921; x_wconf 76' lang='grc' dir='ltr'>ὓϐριν</span> <span class='ocrx_word' id='word_1_197' title='bbox 2401 1853 2602 1921; x_wconf 84' lang='grc' dir='ltr'>χωρεῖ·</span> <span class='ocrx_word' id='word_1_198' title='bbox 2652 1853 2683 1919; x_wconf 83' lang='grc' dir='ltr'><strong>ὴ</strong></span> <span class='ocrx_word' id='word_1_199' title='bbox 2735 1850 2791 1903; x_wconf 84' lang='grc' dir='ltr'><strong>δὲ</strong></span> <span class='ocrx_word' id='word_1_200' title='bbox 2846 1852 2989 1903; x_wconf 73' lang='grc' dir='ltr'>κατὰ</span> <span class='ocrx_word' id='word_1_201' title='bbox 3038 1850 3219 1918; x_wconf 89' lang='grc' dir='ltr'>λόγον,</span> <span class='ocrx_word' id='word_1_202' title='bbox 3258 1848 3524 1911; x_wconf 79' lang='grc' dir='ltr'><strong>πολλάκις</strong></span> <span class='ocrx_word' id='word_1_203' title='bbox 3574 1848 3784 1916; x_wconf 76' lang='grc' dir='ltr'>ἀγαθὸν</span> 
     </span>
    </p>
   </div>
   <div class='ocr_carea' id='block_1_31' title="bbox 508 1941 2093 2018">
    <p class='ocr_par' dir='ltr' id='par_1_31' title="bbox 508 1946 2089 2018">
     <span class='ocr_line' id='line_1_31' title="bbox 508 1946 2089 2018; baseline -0.001 -13"><span class='ocrx_word' id='word_1_204' title='bbox 508 1948 655 2005; x_wconf 86' lang='lat' dir='ltr'><strong>dere.</strong></span> <span class='ocrx_word' id='word_1_205' title='bbox 688 1947 817 2015; x_wconf 65' lang='lat' dir='ltr'><strong>Quae</strong></span> <span class='ocrx_word' id='word_1_206' title='bbox 843 1962 973 2004; x_wconf 87' lang='lat' dir='ltr'><strong>vero</strong></span> <span class='ocrx_word' id='word_1_207' title='bbox 1006 1946 1301 2004; x_wconf 88' lang='lat' dir='ltr'><strong>secundum</strong></span> <span class='ocrx_word' id='word_1_208' title='bbox 1337 1948 1603 2003; x_wconf 91' lang='lat' dir='ltr'><strong>rationem</strong></span> <span class='ocrx_word' id='word_1_209' title='bbox 1638 1948 1881 2015; x_wconf 87' lang='lat' dir='ltr'><strong>obvenit,</strong></span> <span class='ocrx_word' id='word_1_210' title='bbox 1916 1963 2089 2018; x_wconf 65' lang='lat' dir='ltr'><strong>saepe-</strong></span> 
     </span>
    </p>
   </div>
   <div class='ocr_carea' id='block_1_32' title="bbox 2202 1941 3796 2018">
    <p class='ocr_par' dir='ltr' id='par_1_32' title="bbox 2202 1941 3796 2013">
     <span class='ocr_line' id='line_1_32' title="bbox 2202 1941 3796 2013; baseline -0.001 -18"><span class='ocrx_word' id='word_1_211' title='bbox 2202 1942 2374 1995; x_wconf 81' lang='grc' dir='ltr'>ὼόίνει</span> <span class='ocrx_word' id='word_1_212' title='bbox 2406 1942 2601 2013; x_wconf 83' lang='grc' dir='ltr'><strong>πέρας.</strong></span> <span class='ocrx_word' id='word_1_213' title='bbox 2659 1942 2809 2012; x_wconf 83' lang='grc' dir='ltr'>Πλήν</span> <span class='ocrx_word' id='word_1_214' title='bbox 2839 1958 2982 2004; x_wconf 82' lang='grc' dir='ltr'>τινες</span> <span class='ocrx_word' id='word_1_215' title='bbox 3035 1942 3132 1994; x_wconf 75' lang='grc' dir='ltr'><strong>καὶ</strong></span> <span class='ocrx_word' id='word_1_216' title='bbox 3169 1942 3277 1994; x_wconf 83' lang='grc' dir='ltr'><strong>τῶν</strong></span> <span class='ocrx_word' id='word_1_217' title='bbox 3334 1941 3665 2012; x_wconf 74' lang='grc' dir='ltr'><strong>παραλόγως</strong></span> <span class='ocrx_word' id='word_1_218' title='bbox 3703 1942 3796 1994; x_wconf 86' lang='grc' dir='ltr'>δυ-</span> 
     </span>
    </p>
   </div>
   <div class='ocr_carea' id='block_1_33' title="bbox 510 2029 2093 2111">
    <p class='ocr_par' dir='ltr' id='par_1_33' title="bbox 510 2037 2093 2111">
     <span class='ocr_line' id='line_1_33' title="bbox 510 2037 2093 2111; baseline 0 -16"><span class='ocrx_word' id='word_1_219' title='bbox 510 2056 743 2097; x_wconf 88' lang='lat' dir='ltr'><strong>numero</strong></span> <span class='ocrx_word' id='word_1_220' title='bbox 765 2040 964 2097; x_wconf 89' lang='lat' dir='ltr'><strong>bonum</strong></span> <span class='ocrx_word' id='word_1_221' title='bbox 1003 2040 1147 2111; x_wconf 86' lang='lat' dir='ltr'><strong>parit</strong></span> <span class='ocrx_word' id='word_1_222' title='bbox 1172 2040 1399 2097; x_wconf 79' lang='lat' dir='ltr'><strong>exitum.</strong></span> <span class='ocrx_word' id='word_1_223' title='bbox 1438 2037 1822 2097; x_wconf 80' lang='lat' dir='ltr'><strong>Verumtamen</strong></span> <span class='ocrx_word' id='word_1_224' title='bbox 1861 2056 1968 2097; x_wconf 93' lang='lat' dir='ltr'><strong>non</strong></span> <span class='ocrx_word' id='word_1_225' title='bbox 1998 2042 2093 2096; x_wconf 84' lang='lat' dir='ltr'><strong>de-</strong></span> 
     </span>
    </p>
   </div>
   <div class='ocr_carea' id='block_1_34' title="bbox 2202 2029 3793 2111">
    <p class='ocr_par' dir='ltr' id='par_1_34' title="bbox 2202 2029 3793 2104">
     <span class='ocr_line' id='line_1_34' title="bbox 2202 2029 3793 2104; baseline -0.003 -16"><span class='ocrx_word' id='word_1_226' title='bbox 2202 2036 2617 2088; x_wconf 72' lang='grc' dir='ltr'>ναστευσάντων</span> <span class='ocrx_word' id='word_1_227' title='bbox 2676 2034 2777 2104; x_wconf 81' lang='grc' dir='ltr'>τὴν</span> <span class='ocrx_word' id='word_1_228' title='bbox 2828 2032 2929 2095; x_wconf 76' lang='grc' dir='ltr'>τῆς</span> <span class='ocrx_word' id='word_1_229' title='bbox 2955 2032 3261 2103; x_wconf 75' lang='grc' dir='ltr'>εὐπραγίας</span> <span class='ocrx_word' id='word_1_230' title='bbox 3317 2029 3493 2104; x_wconf 71' lang='grc' dir='ltr'>αὔραν</span> <span class='ocrx_word' id='word_1_231' title='bbox 3556 2032 3793 2104; x_wconf 78' lang='grc' dir='ltr'><strong>μετρίως</strong></span> 
     </span>
    </p>
   </div>
   <div class='ocr_carea' id='block_1_35' title="bbox 507 2125 2093 2204">
    <p class='ocr_par' dir='ltr' id='par_1_35' title="bbox 507 2132 2089 2204">
     <span class='ocr_line' id='line_1_35' title="bbox 507 2132 2089 2204; baseline 0 -17"><span class='ocrx_word' id='word_1_232' title='bbox 507 2142 635 2189; x_wconf 84' lang='lat' dir='ltr'><strong>sunt</strong></span> <span class='ocrx_word' id='word_1_233' title='bbox 677 2134 839 2189; x_wconf 88' lang='lat' dir='ltr'><strong>etiam</strong></span> <span class='ocrx_word' id='word_1_234' title='bbox 890 2133 1059 2204; x_wconf 88' lang='lat' dir='ltr'><strong>aliqui</strong></span> <span class='ocrx_word' id='word_1_235' title='bbox 1111 2146 1179 2190; x_wconf 78' lang='lat' dir='ltr'><strong>ex</strong></span> <span class='ocrx_word' id='word_1_236' title='bbox 1226 2148 1413 2189; x_wconf 91' lang='lat' dir='ltr'><strong>eorum</strong></span> <span class='ocrx_word' id='word_1_237' title='bbox 1452 2148 1696 2201; x_wconf 91' lang='lat' dir='ltr'><strong>numero,</strong></span> <span class='ocrx_word' id='word_1_238' title='bbox 1752 2132 1845 2203; x_wconf 89' lang='lat' dir='ltr'><strong>qui</strong></span> <span class='ocrx_word' id='word_1_239' title='bbox 1892 2141 2089 2204; x_wconf 63' lang='lat' dir='ltr'><strong>praeter</strong></span> 
     </span>
    </p>
   </div>
   <div class='ocr_carea' id='block_1_36' title="bbox 2202 2125 3791 2204">
    <p class='ocr_par' dir='ltr' id='par_1_36' title="bbox 2202 2125 3791 2196">
     <span class='ocr_line' id='line_1_36' title="bbox 2202 2125 3791 2196; baseline -0.001 -17"><span class='ocrx_word' id='word_1_240' title='bbox 2202 2127 2536 2193; x_wconf 68' lang='grc' dir='ltr'><strong>ἐνεγκόντες,</strong></span> <span class='ocrx_word' id='word_1_241' title='bbox 2566 2126 2805 2179; x_wconf 79' lang='grc' dir='ltr'>ἐπαίνων</span> <span class='ocrx_word' id='word_1_242' title='bbox 2854 2128 3220 2195; x_wconf 83' lang='grc' dir='ltr'>τετυχήκασι·</span> <span class='ocrx_word' id='word_1_243' title='bbox 3258 2127 3352 2179; x_wconf 79' lang='grc' dir='ltr'><strong>καὶ</strong></span> <span class='ocrx_word' id='word_1_244' title='bbox 3381 2125 3492 2178; x_wconf 84' lang='grc' dir='ltr'>τῶν</span> <span class='ocrx_word' id='word_1_245' title='bbox 3522 2126 3791 2196; x_wconf 75' lang='grc' dir='ltr'>εὐπατρι-</span> 
     </span>
    </p>
   </div>
   <div class='ocr_carea' id='block_1_37' title="bbox 508 2218 2093 2295">
    <p class='ocr_par' dir='ltr' id='par_1_37' title="bbox 508 2224 2089 2295">
     <span class='ocr_line' id='line_1_37' title="bbox 508 2224 2089 2295; baseline -0.001 -14"><span class='ocrx_word' id='word_1_246' title='bbox 508 2228 774 2281; x_wconf 85' lang='lat' dir='ltr'><strong>rationem</strong></span> <span class='ocrx_word' id='word_1_247' title='bbox 806 2240 869 2280; x_wconf 89' lang='lat' dir='ltr'><strong>ac</strong></span> <span class='ocrx_word' id='word_1_248' title='bbox 918 2225 1169 2281; x_wconf 89' lang='lat' dir='ltr'><strong>meritum</strong></span> <span class='ocrx_word' id='word_1_249' title='bbox 1210 2240 1366 2281; x_wconf 91' lang='lat' dir='ltr'><strong>suum</strong></span> <span class='ocrx_word' id='word_1_250' title='bbox 1412 2226 1556 2281; x_wconf 85' lang='lat' dir='ltr'><strong>nacti</strong></span> <span class='ocrx_word' id='word_1_251' title='bbox 1606 2224 1927 2295; x_wconf 85' lang='lat' dir='ltr'><strong>potentiam,</strong></span> <span class='ocrx_word' id='word_1_252' title='bbox 1962 2238 2089 2294; x_wconf 91' lang='lat' dir='ltr'><strong>pro-</strong></span> 
     </span>
    </p>
   </div>
   <div class='ocr_carea' id='block_1_38' title="bbox 2202 2218 3793 2295">
    <p class='ocr_par' dir='ltr' id='par_1_38' title="bbox 2202 2218 3793 2291">
     <span class='ocr_line' id='line_1_38' title="bbox 2202 2218 3793 2291; baseline -0.001 -18"><span class='ocrx_word' id='word_1_253' title='bbox 2202 2220 2301 2273; x_wconf 74' lang='grc' dir='ltr'>διῖν</span> <span class='ocrx_word' id='word_1_254' title='bbox 2330 2222 2423 2279; x_wconf 73' lang='grc' dir='ltr'><strong>καὶ</strong></span> <span class='ocrx_word' id='word_1_255' title='bbox 2453 2219 2799 2291; x_wconf 83' lang='grc' dir='ltr'>εὑπρογόνων</span> <span class='ocrx_word' id='word_1_256' title='bbox 2836 2220 3103 2290; x_wconf 83' lang='grc' dir='ltr'>λαμπρῶν</span> <span class='ocrx_word' id='word_1_257' title='bbox 3136 2222 3215 2284; x_wconf 86' lang='grc' dir='ltr'><strong>εἱς</strong></span> <span class='ocrx_word' id='word_1_258' title='bbox 3250 2218 3407 2290; x_wconf 78' lang='grc' dir='ltr'>ῦσριν</span> <span class='ocrx_word' id='word_1_259' title='bbox 3440 2220 3609 2290; x_wconf 84' lang='grc' dir='ltr'>τιμὴν</span> <span class='ocrx_word' id='word_1_260' title='bbox 3642 2219 3793 2290; x_wconf 77' lang='grc' dir='ltr'>ἐτρε-</span> 
     </span>
    </p>
   </div>
   <div class='ocr_carea' id='block_1_39' title="bbox 509 2312 2093 2389">
    <p class='ocr_par' dir='ltr' id='par_1_39' title="bbox 509 2316 2089 2389">
     <span class='ocr_line' id='line_1_39' title="bbox 509 2316 2089 2389; baseline -0.001 -16"><span class='ocrx_word' id='word_1_261' title='bbox 509 2318 788 2389; x_wconf 85' lang='lat' dir='ltr'><strong>speritatis</strong></span> <span class='ocrx_word' id='word_1_262' title='bbox 823 2334 1009 2375; x_wconf 86' lang='lat' dir='ltr'><strong>auram</strong></span> <span class='ocrx_word' id='word_1_263' title='bbox 1065 2318 1343 2375; x_wconf 84' lang='lat' dir='ltr'><strong>moderate</strong></span> <span class='ocrx_word' id='word_1_264' title='bbox 1385 2319 1630 2385; x_wconf 89' lang='lat' dir='ltr'><strong>tulerint,</strong></span> <span class='ocrx_word' id='word_1_265' title='bbox 1676 2328 1838 2387; x_wconf 88' lang='lat' dir='ltr'><strong>atque</strong></span> <span class='ocrx_word' id='word_1_266' title='bbox 1869 2318 1942 2372; x_wconf 86' lang='lat' dir='ltr'><strong>ita</strong></span> <span class='ocrx_word' id='word_1_267' title='bbox 1976 2316 2089 2371; x_wconf 83' lang='lat' dir='ltr'><strong>lau-</strong></span> 
     </span>
    </p>
   </div>
   <div class='ocr_carea' id='block_1_40' title="bbox 2202 2312 3793 2389">
    <p class='ocr_par' dir='ltr' id='par_1_40' title="bbox 2202 2312 3793 2386">
     <span class='ocr_line' id='line_1_40' title="bbox 2202 2312 3793 2386; baseline -0.001 -18"><span class='ocrx_word' id='word_1_268' title='bbox 2202 2314 2321 2383; x_wconf 55' lang='grc' dir='ltr'>ψαν.</span> <span class='ocrx_word' id='word_1_269' title='bbox 2358 2314 2446 2367; x_wconf 81' lang='grc' dir='ltr'>Διὸ</span> <span class='ocrx_word' id='word_1_270' title='bbox 2479 2314 2584 2384; x_wconf 82' lang='grc' dir='ltr'><strong>χρὴ</strong></span> <span class='ocrx_word' id='word_1_271' title='bbox 2616 2314 2717 2385; x_wconf 83' lang='grc' dir='ltr'><strong>τὴν</strong></span> <span class='ocrx_word' id='word_1_272' title='bbox 2764 2316 3081 2386; x_wconf 87' lang='grc' dir='ltr'>προαίρεσιν</span> <span class='ocrx_word' id='word_1_273' title='bbox 3131 2314 3329 2385; x_wconf 76' lang='grc' dir='ltr'>μᾶλλον</span> <span class='ocrx_word' id='word_1_274' title='bbox 3364 2314 3647 2368; x_wconf 79' lang='grc' dir='ltr'>αἰτιᾶσθαι</span> <span class='ocrx_word' id='word_1_275' title='bbox 3685 2312 3793 2367; x_wconf 82' lang='grc' dir='ltr'><strong>τῶν</strong></span> 
     </span>
    </p>
   </div>
   <div class='ocr_carea' id='block_1_41' title="bbox 578 1746 2164 1836">
    <p class='ocr_par' dir='ltr' id='par_1_41' title="bbox 578 1746 2164 1836">
     <span class='ocr_line' id='line_1_41' title="bbox 578 1746 2164 1836; baseline -0.001 -16"><span class='ocrx_word' id='word_1_276' title='bbox 578 1765 672 1820; x_wconf 87' lang='lat' dir='ltr'><strong>Illa</strong></span> <span class='ocrx_word' id='word_1_277' title='bbox 702 1765 916 1835; x_wconf 88' lang='lat' dir='ltr'><strong>quidem</strong></span> <span class='ocrx_word' id='word_1_278' title='bbox 942 1764 1196 1831; x_wconf 78' lang='lat' dir='ltr'><strong>felicitas,</strong></span> <span class='ocrx_word' id='word_1_279' title='bbox 1229 1778 1349 1833; x_wconf 69' lang='lat' dir='ltr'><strong>que</strong></span> <span class='ocrx_word' id='word_1_280' title='bbox 1387 1764 1548 1820; x_wconf 90' lang='lat' dir='ltr'><strong>alicui</strong></span> <span class='ocrx_word' id='word_1_281' title='bbox 1589 1774 1786 1836; x_wconf 69' lang='lat' dir='ltr'><strong>praeter</strong></span> <span class='ocrx_word' id='word_1_282' title='bbox 1819 1765 2086 1821; x_wconf 87' lang='lat' dir='ltr'><strong>rationem</strong></span> <span class='ocrx_word' id='word_1_283' title='bbox 2119 1746 2164 1807; x_wconf 82' lang='grc' dir='ltr'><strong><em>Β</em></strong></span> 
     </span>
    </p>
   </div>
   <div class='ocr_carea' id='block_1_42' title="bbox 508 1857 2091 1929">
    <p class='ocr_par' dir='ltr' id='par_1_42' title="bbox 508 1857 2091 1929">
     <span class='ocr_line' id='line_1_42' title="bbox 508 1857 2091 1929; baseline -0.001 -15"><span class='ocrx_word' id='word_1_284' title='bbox 508 1859 754 1929; x_wconf 75' lang='lat' dir='ltr'><strong>contigit,</strong></span> <span class='ocrx_word' id='word_1_285' title='bbox 790 1858 926 1913; x_wconf 87' lang='lat' dir='ltr'><strong>solet</strong></span> <span class='ocrx_word' id='word_1_286' title='bbox 986 1858 1304 1928; x_wconf 89' lang='lat' dir='ltr'><strong>plerumque</strong></span> <span class='ocrx_word' id='word_1_287' title='bbox 1352 1857 1406 1912; x_wconf 92' lang='lat' dir='ltr'><strong>in</strong></span> <span class='ocrx_word' id='word_1_288' title='bbox 1457 1859 1843 1914; x_wconf 77' lang='lat' dir='ltr'><strong>contumeliam</strong></span> <span class='ocrx_word' id='word_1_289' title='bbox 1901 1871 2091 1928; x_wconf 87' lang='lat' dir='ltr'><strong>proce—</strong></span> 
     </span>
    </p>
   </div>
   <div class='ocr_carea' id='block_1_43' title="bbox 508 2408 2093 2481">
    <p class='ocr_par' dir='ltr' id='par_1_43' title="bbox 508 2408 2086 2480">
     <span class='ocr_line' id='line_1_43' title="bbox 508 2408 2086 2480; baseline -0.001 -16"><span class='ocrx_word' id='word_1_290' title='bbox 508 2412 629 2465; x_wconf 89' lang='lat' dir='ltr'><strong>dem</strong></span> <span class='ocrx_word' id='word_1_291' title='bbox 685 2410 901 2466; x_wconf 81' lang='lat' dir='ltr'><strong>fuerunt</strong></span> <span class='ocrx_word' id='word_1_292' title='bbox 952 2412 1228 2467; x_wconf 82' lang='lat' dir='ltr'><strong>consecuti</strong></span> <span class='ocrx_word' id='word_1_293' title='bbox 1268 2419 1503 2465; x_wconf 85' lang='lat' dir='ltr'><strong>:contra</strong></span> <span class='ocrx_word' id='word_1_294' title='bbox 1548 2426 1613 2465; x_wconf 79' lang='lat' dir='ltr'><strong>ex</strong></span> <span class='ocrx_word' id='word_1_295' title='bbox 1677 2411 1741 2464; x_wconf 88' lang='lat' dir='ltr'><strong>iis</strong></span> <span class='ocrx_word' id='word_1_296' title='bbox 1778 2409 1871 2480; x_wconf 89' lang='lat' dir='ltr'><strong>qui</strong></span> <span class='ocrx_word' id='word_1_297' title='bbox 1918 2408 2086 2463; x_wconf 90' lang='lat' dir='ltr'><strong>nobili</strong></span> 
     </span>
    </p>
   </div>
   <div class='ocr_carea' id='block_1_44' title="bbox 2202 2408 3567 2481">
    <p class='ocr_par' dir='ltr' id='par_1_44' title="bbox 2202 2409 3567 2481">
     <span class='ocr_line' id='line_1_44' title="bbox 2202 2409 3567 2481; baseline 0.001 -20"><span class='ocrx_word' id='word_1_298' title='bbox 2202 2410 2337 2479; x_wconf 77' lang='grc' dir='ltr'>πέρα</span> <span class='ocrx_word' id='word_1_299' title='bbox 2368 2409 2460 2461; x_wconf 88' lang='grc' dir='ltr'><strong>τοῦ</strong></span> <span class='ocrx_word' id='word_1_300' title='bbox 2487 2410 2706 2481; x_wconf 83' lang='grc' dir='ltr'>μετρίου</span> <span class='ocrx_word' id='word_1_301' title='bbox 2736 2413 2857 2473; x_wconf 80' lang='grc' dir='ltr'>ταῖς</span> <span class='ocrx_word' id='word_1_302' title='bbox 2881 2410 3219 2473; x_wconf 77' lang='grc' dir='ltr'>δυναστείαις</span> <span class='ocrx_word' id='word_1_303' title='bbox 3244 2410 3567 2481; x_wconf 78' lang='grc' dir='ltr'>χρωμένων.</span> 
     </span>
    </p>
   </div>
   <div class='ocr_carea' id='block_1_45' title="bbox 506 2503 3793 2574">
    <p class='ocr_par' dir='ltr' id='par_1_45' title="bbox 506 2503 3793 2574">
     <span class='ocr_line' id='line_1_45' title="bbox 506 2503 3793 2574; baseline -0.001 -17"><span class='ocrx_word' id='word_1_304' title='bbox 506 2505 756 2573; x_wconf 86' lang='lat' dir='ltr'><strong>prosapia</strong></span> <span class='ocrx_word' id='word_1_305' title='bbox 789 2513 839 2559; x_wconf 89' lang='lat' dir='ltr'><strong>et</strong></span> <span class='ocrx_word' id='word_1_306' title='bbox 876 2504 1174 2574; x_wconf 84' lang='lat' dir='ltr'><strong>splendidis</strong></span> <span class='ocrx_word' id='word_1_307' title='bbox 1208 2505 1524 2574; x_wconf 88' lang='lat' dir='ltr'><strong>parentibus</strong></span> <span class='ocrx_word' id='word_1_308' title='bbox 1557 2505 1661 2558; x_wconf 91' lang='lat' dir='ltr'><strong>orti</strong></span> <span class='ocrx_word' id='word_1_309' title='bbox 1680 2503 1921 2567; x_wconf 79' lang='lat' dir='ltr'><strong>fuerunt,</strong></span> <span class='ocrx_word' id='word_1_310' title='bbox 1954 2503 2195 2557; x_wconf 86' lang='lat' dir='ltr'><strong>nonnulli</strong></span> <span class='ocrx_word' id='word_1_311' title='bbox 2226 2505 2574 2567; x_wconf 77' lang='lat' dir='ltr'><strong>exstiterunt,</strong></span> <span class='ocrx_word' id='word_1_312' title='bbox 2600 2506 2691 2573; x_wconf 90' lang='lat' dir='ltr'><strong>qui</strong></span> <span class='ocrx_word' id='word_1_313' title='bbox 2736 2504 2998 2558; x_wconf 86' lang='lat' dir='ltr'><strong>honorem</strong></span> <span class='ocrx_word' id='word_1_314' title='bbox 3060 2518 3220 2559; x_wconf 83' lang='lat' dir='ltr'><strong>suum</strong></span> <span class='ocrx_word' id='word_1_315' title='bbox 3286 2503 3338 2556; x_wconf 91' lang='lat' dir='ltr'><strong>in</strong></span> <span class='ocrx_word' id='word_1_316' title='bbox 3404 2503 3793 2557; x_wconf 80' lang='lat' dir='ltr'><strong>contumeliam</strong></span> 
     </span>
    </p>
   </div>
   <div class='ocr_carea' id='block_1_46' title="bbox 505 2598 3796 2670">
    <p class='ocr_par' dir='ltr' id='par_1_46' title="bbox 505 2598 3796 2670">
     <span class='ocr_line' id='line_1_46' title="bbox 505 2598 3796 2670; baseline 0.001 -19"><span class='ocrx_word' id='word_1_317' title='bbox 505 2606 800 2655; x_wconf 81' lang='lat' dir='ltr'><strong>verterent.</strong></span> <span class='ocrx_word' id='word_1_318' title='bbox 835 2598 1176 2669; x_wconf 87' lang='lat' dir='ltr'><strong>Quapropter</strong></span> <span class='ocrx_word' id='word_1_319' title='bbox 1213 2606 1431 2670; x_wconf 85' lang='lat' dir='ltr'><strong>oportet</strong></span> <span class='ocrx_word' id='word_1_320' title='bbox 1452 2600 1618 2654; x_wconf 87' lang='lat' dir='ltr'><strong>animi</strong></span> <span class='ocrx_word' id='word_1_321' title='bbox 1654 2600 1988 2669; x_wconf 89' lang='lat' dir='ltr'><strong>propositum</strong></span> <span class='ocrx_word' id='word_1_322' title='bbox 2023 2612 2087 2654; x_wconf 86' lang='lat' dir='ltr'><strong>ac</strong></span> <span class='ocrx_word' id='word_1_323' title='bbox 2120 2599 2449 2655; x_wconf 79' lang='lat' dir='ltr'><strong>voluntatem</strong></span> <span class='ocrx_word' id='word_1_324' title='bbox 2479 2602 2657 2670; x_wconf 86' lang='lat' dir='ltr'><strong>potius</strong></span> <span class='ocrx_word' id='word_1_325' title='bbox 2703 2615 2965 2656; x_wconf 84' lang='lat' dir='ltr'><strong>accusare</strong></span> <span class='ocrx_word' id='word_1_326' title='bbox 3005 2615 3217 2668; x_wconf 88' lang='lat' dir='ltr'><strong>eorum,</strong></span> <span class='ocrx_word' id='word_1_327' title='bbox 3281 2602 3371 2668; x_wconf 88' lang='lat' dir='ltr'><strong>qui</strong></span> <span class='ocrx_word' id='word_1_328' title='bbox 3439 2601 3685 2670; x_wconf 89' lang='lat' dir='ltr'><strong>potentia</strong></span> <span class='ocrx_word' id='word_1_329' title='bbox 3730 2613 3796 2655; x_wconf 86' lang='lat' dir='ltr'><strong>ac</strong></span> 
     </span>
    </p>
   </div>
   <div class='ocr_carea' id='block_1_47' title="bbox 506 2692 1980 2763">
    <p class='ocr_par' dir='ltr' id='par_1_47' title="bbox 506 2692 1980 2763">
     <span class='ocr_line' id='line_1_47' title="bbox 506 2692 1980 2763; baseline -0.001 -16"><span class='ocrx_word' id='word_1_330' title='bbox 506 2693 699 2763; x_wconf 79' lang='lat' dir='ltr'><strong>opibus</strong></span> <span class='ocrx_word' id='word_1_331' title='bbox 728 2694 840 2747; x_wconf 86' lang='lat' dir='ltr'><strong>suis</strong></span> <span class='ocrx_word' id='word_1_332' title='bbox 863 2694 1002 2748; x_wconf 91' lang='lat' dir='ltr'><strong>ultra</strong></span> <span class='ocrx_word' id='word_1_333' title='bbox 1037 2702 1194 2749; x_wconf 71' lang='lat' dir='ltr'><strong>rectae</strong></span> <span class='ocrx_word' id='word_1_334' title='bbox 1230 2692 1456 2747; x_wconf 88' lang='lat' dir='ltr'><strong>rationis</strong></span> <span class='ocrx_word' id='word_1_335' title='bbox 1485 2694 1699 2747; x_wconf 89' lang='lat' dir='ltr'><strong>modum</strong></span> <span class='ocrx_word' id='word_1_336' title='bbox 1733 2702 1980 2747; x_wconf 88' lang='lat' dir='ltr'><strong>utuntur.</strong></span> 
     </span>
    </p>
   </div>
   <div class='ocr_carea' id='block_1_48' title="bbox 692 2807 1913 2881">
    <p class='ocr_par' dir='ltr' id='par_1_48' title="bbox 692 2807 1913 2881">
     <span class='ocr_line' id='line_1_48' title="bbox 692 2807 1913 2881; baseline -0.004 -13"><span class='ocrx_word' id='word_1_337' title='bbox 692 2808 855 2881; x_wconf 65' lang='grc'><strong>452</strong></span> <span class='ocrx_word' id='word_1_338' title='bbox 885 2810 1115 2865; x_wconf 75' lang='lat' dir='ltr'>LXXIII.</span> <span class='ocrx_word' id='word_1_339' title='bbox 1140 2840 1210 2851; x_wconf 93' lang='lat'><strong>—</strong></span> <span class='ocrx_word' id='word_1_340' title='bbox 1235 2808 1526 2865; x_wconf 86' lang='lat' dir='ltr'><strong>EUSEBIO</strong></span> <span class='ocrx_word' id='word_1_341' title='bbox 1563 2807 1913 2864; x_wconf 81' lang='lat' dir='ltr'><strong>EPISCOPO.</strong></span> 
     </span>
    </p>
   </div>
   <div class='ocr_carea' id='block_1_49' title="bbox 511 2898 2087 2971">
    <p class='ocr_par' dir='ltr' id='par_1_49' title="bbox 511 2898 2087 2971">
     <span class='ocr_line' id='line_1_49' title="bbox 511 2898 2087 2971; baseline 0 -18"><span class='ocrx_word' id='word_1_342' title='bbox 511 2898 579 2953; x_wconf 82' lang='grc' dir='ltr'><strong>1η</strong></span> <span class='ocrx_word' id='word_1_343' title='bbox 616 2916 794 2955; x_wconf 86' lang='lat' dir='ltr'><strong>arcam</strong></span> <span class='ocrx_word' id='word_1_344' title='bbox 824 2903 1054 2971; x_wconf 71' lang='lat' dir='ltr'><strong>fmderis,</strong></span> <span class='ocrx_word' id='word_1_345' title='bbox 1082 2912 1125 2957; x_wconf 77' lang='lat' dir='ltr'><strong>et</strong></span> <span class='ocrx_word' id='word_1_346' title='bbox 1143 2902 1597 2970; x_wconf 83' lang='lat' dir='ltr'><strong>propitiatorium,</strong></span> <span class='ocrx_word' id='word_1_347' title='bbox 1633 2910 1678 2953; x_wconf 83' lang='lat' dir='ltr'><strong>et</strong></span> <span class='ocrx_word' id='word_1_348' title='bbox 1720 2899 2013 2964; x_wconf 76' lang='lat' dir='ltr'><strong>cherubim,</strong></span> <span class='ocrx_word' id='word_1_349' title='bbox 2040 2910 2087 2953; x_wconf 85' lang='lat' dir='ltr'><strong>et</strong></span> 
     </span>
    </p>
   </div>
   <div class='ocr_carea' id='block_1_50' title="bbox 902 2971 1695 3040">
    <p class='ocr_par' dir='ltr' id='par_1_50' title="bbox 902 2971 1695 3040">
     <span class='ocr_line' id='line_1_50' title="bbox 902 2971 1695 3040; baseline -0.001 -16"><span class='ocrx_word' id='word_1_350' title='bbox 902 2988 1119 3037; x_wconf 87' lang='lat' dir='ltr'><strong>manna,</strong></span> <span class='ocrx_word' id='word_1_351' title='bbox 1147 2980 1196 3025; x_wconf 83' lang='lat' dir='ltr'><strong>et</strong></span> <span class='ocrx_word' id='word_1_352' title='bbox 1228 2974 1424 3040; x_wconf 78' lang='lat' dir='ltr'><strong>virgam</strong></span> <span class='ocrx_word' id='word_1_353' title='bbox 1451 2971 1695 3023; x_wconf 74' lang='lat' dir='ltr'><strong>Aarom&#39;s.</strong></span> 
     </span>
    </p>
   </div>
   <div class='ocr_carea' id='block_1_51' title="bbox 579 3080 2156 3154">
    <p class='ocr_par' dir='ltr' id='par_1_51' title="bbox 579 3080 2156 3154">
     <span class='ocr_line' id='line_1_51' title="bbox 579 3080 2156 3154; baseline -0.005 -13"><span class='ocrx_word' id='word_1_354' title='bbox 579 3085 716 3141; x_wconf 80' lang='lat' dir='ltr'><strong>Area</strong></span> <span class='ocrx_word' id='word_1_355' title='bbox 746 3084 985 3154; x_wconf 90' lang='lat' dir='ltr'><strong>quidem,</strong></span> <span class='ocrx_word' id='word_1_356' title='bbox 1014 3090 1068 3137; x_wconf 88' lang='lat' dir='ltr'><strong>et</strong></span> <span class='ocrx_word' id='word_1_357' title='bbox 1119 3080 1575 3153; x_wconf 85' lang='lat' dir='ltr'><strong>prepitiatorium,</strong></span> <span class='ocrx_word' id='word_1_358' title='bbox 1624 3081 1766 3151; x_wconf 90' lang='lat' dir='ltr'><strong>quod</strong></span> <span class='ocrx_word' id='word_1_359' title='bbox 1798 3090 1915 3136; x_wconf 91' lang='lat' dir='ltr'><strong>erat</strong></span> <span class='ocrx_word' id='word_1_360' title='bbox 1947 3094 2087 3134; x_wconf 77' lang='lat' dir='ltr'><strong>arca:</strong></span> <span class='ocrx_word' id='word_1_361' title='bbox 2111 3090 2156 3151; x_wconf 76' lang='grc' dir='ltr'>ο</span> 
     </span>
    </p>
   </div>
   <div class='ocr_carea' id='block_1_52' title="bbox 512 3172 2091 3248">
    <p class='ocr_par' dir='ltr' id='par_1_52' title="bbox 512 3172 2091 3248">
     <span class='ocr_line' id='line_1_52' title="bbox 512 3172 2091 3248; baseline -0.003 -17"><span class='ocrx_word' id='word_1_362' title='bbox 512 3176 849 3248; x_wconf 86' lang='lat' dir='ltr'><strong>operculum,</strong></span> <span class='ocrx_word' id='word_1_363' title='bbox 888 3176 1066 3245; x_wconf 87' lang='lat' dir='ltr'><strong>imago</strong></span> <span class='ocrx_word' id='word_1_364' title='bbox 1093 3188 1155 3228; x_wconf 89' lang='lat' dir='ltr'><strong>ac</strong></span> <span class='ocrx_word' id='word_1_365' title='bbox 1183 3186 1340 3246; x_wconf 83' lang='lat' dir='ltr'><strong>typus</strong></span> <span class='ocrx_word' id='word_1_366' title='bbox 1366 3173 1465 3228; x_wconf 80' lang='lat' dir='ltr'><strong>fuit</strong></span> <span class='ocrx_word' id='word_1_367' title='bbox 1496 3173 1733 3228; x_wconf 82' lang='lat' dir='ltr'><strong>hominis</strong></span> <span class='ocrx_word' id='word_1_368' title='bbox 1760 3172 1938 3227; x_wconf 82' lang='lat' dir='ltr'><strong>divina</strong></span> <span class='ocrx_word' id='word_1_369' title='bbox 1963 3187 2091 3228; x_wconf 85' lang='lat' dir='ltr'><strong>ora-</strong></span> 
     </span>
    </p>
   </div>
   <div class='ocr_carea' id='block_1_53' title="bbox 512 3265 2089 3335">
    <p class='ocr_par' dir='ltr' id='par_1_53' title="bbox 512 3265 2089 3335">
     <span class='ocr_line' id='line_1_53' title="bbox 512 3265 2089 3335; baseline -0.004 -10"><span class='ocrx_word' id='word_1_370' title='bbox 512 3268 631 3325; x_wconf 85' lang='lat' dir='ltr'><strong>cula</strong></span> <span class='ocrx_word' id='word_1_371' title='bbox 662 3267 1036 3333; x_wconf 86' lang='lat' dir='ltr'><strong>eustodientis,</strong></span> <span class='ocrx_word' id='word_1_372' title='bbox 1062 3274 1117 3321; x_wconf 89' lang='lat' dir='ltr'><strong>et</strong></span> <span class='ocrx_word' id='word_1_373' title='bbox 1148 3266 1435 3335; x_wconf 88' lang='lat' dir='ltr'><strong>propitium</strong></span> <span class='ocrx_word' id='word_1_374' title='bbox 1470 3266 1721 3321; x_wconf 68' lang='lat' dir='ltr'><strong>habentis</strong></span> <span class='ocrx_word' id='word_1_375' title='bbox 1753 3265 1945 3329; x_wconf 86' lang='lat' dir='ltr'><strong>Deum,</strong></span> <span class='ocrx_word' id='word_1_376' title='bbox 1974 3274 2027 3318; x_wconf 86' lang='lat' dir='ltr'><strong>et</strong></span> <span class='ocrx_word' id='word_1_377' title='bbox 2061 3279 2089 3319; x_wconf 90' lang='lat' dir='ltr'><strong>a</strong></span> 
     </span>
    </p>
   </div>
   <div class='ocr_carea' id='block_1_54' title="bbox 514 3354 2090 3428">
    <p class='ocr_par' dir='ltr' id='par_1_54' title="bbox 514 3354 2090 3428">
     <span class='ocr_line' id='line_1_54' title="bbox 514 3354 2090 3428; baseline -0.004 -13"><span class='ocrx_word' id='word_1_378' title='bbox 514 3360 711 3415; x_wconf 82' lang='lat' dir='ltr'><strong>divinis</strong></span> <span class='ocrx_word' id='word_1_379' title='bbox 735 3358 1025 3413; x_wconf 79' lang='lat' dir='ltr'><strong>virtutibus</strong></span> <span class='ocrx_word' id='word_1_380' title='bbox 1054 3358 1129 3428; x_wconf 90' lang='lat' dir='ltr'><strong>(id</strong></span> <span class='ocrx_word' id='word_1_381' title='bbox 1170 3366 1272 3421; x_wconf 86' lang='lat' dir='ltr'><strong>est,</strong></span> <span class='ocrx_word' id='word_1_382' title='bbox 1298 3357 1526 3428; x_wconf 78' lang='lat' dir='ltr'><strong>angelis)</strong></span> <span class='ocrx_word' id='word_1_383' title='bbox 1545 3358 1836 3412; x_wconf 90' lang='lat' dir='ltr'><strong>custoditi:</strong></span> <span class='ocrx_word' id='word_1_384' title='bbox 1870 3354 2090 3411; x_wconf 88' lang='lat' dir='ltr'><strong>utPsal-</strong></span> 
     </span>
    </p>
   </div>
   <div class='ocr_carea' id='block_1_55' title="bbox 514 3448 2090 3521">
    <p class='ocr_par' dir='ltr' id='par_1_55' title="bbox 514 3448 2090 3521">
     <span class='ocr_line' id='line_1_55' title="bbox 514 3448 2090 3521; baseline -0.003 -16"><span class='ocrx_word' id='word_1_385' title='bbox 514 3458 724 3505; x_wconf 84' lang='lat' dir='ltr'><strong>morum</strong></span> <span class='ocrx_word' id='word_1_386' title='bbox 758 3450 992 3521; x_wconf 87' lang='lat' dir='ltr'><strong>scriptor</strong></span> <span class='ocrx_word' id='word_1_387' title='bbox 1021 3450 1097 3503; x_wconf 88' lang='lat' dir='ltr'><strong>ait</strong></span> <span class='ocrx_word' id='word_1_388' title='bbox 1128 3466 1141 3501; x_wconf 89' lang='lat'><strong>:</strong></span> <span class='ocrx_word' id='word_1_389' title='bbox 1180 3466 1199 3502; x_wconf 78' lang='grc' dir='ltr'><strong>ι</strong></span> <span class='ocrx_word' id='word_1_390' title='bbox 1237 3448 1293 3503; x_wconf 90' lang='lat' dir='ltr'><strong>In</strong></span> <span class='ocrx_word' id='word_1_391' title='bbox 1340 3449 1503 3505; x_wconf 88' lang='lat' dir='ltr'><strong>corde</strong></span> <span class='ocrx_word' id='word_1_392' title='bbox 1534 3465 1653 3504; x_wconf 88' lang='lat' dir='ltr'><strong>meo</strong></span> <span class='ocrx_word' id='word_1_393' title='bbox 1681 3449 1937 3504; x_wconf 90' lang='lat' dir='ltr'><strong>abscondi</strong></span> <span class='ocrx_word' id='word_1_394' title='bbox 1969 3464 2090 3505; x_wconf 89' lang='lat' dir='ltr'><strong>ora-</strong></span> 
     </span>
    </p>
   </div>
   <div class='ocr_carea' id='block_1_56' title="bbox 514 3541 2090 3609">
    <p class='ocr_par' dir='ltr' id='par_1_56' title="bbox 514 3541 2090 3609">
     <span class='ocr_line' id='line_1_56' title="bbox 514 3541 2090 3609; baseline -0.003 -8"><span class='ocrx_word' id='word_1_395' title='bbox 514 3543 635 3601; x_wconf 88' lang='lat' dir='ltr'><strong>cula</strong></span> <span class='ocrx_word' id='word_1_396' title='bbox 674 3552 762 3599; x_wconf 86' lang='lat' dir='ltr'><strong>tua</strong></span> <span class='ocrx_word' id='word_1_397' title='bbox 789 3542 853 3600; x_wconf 77' lang='lat'><strong>“.</strong></span> <span class='ocrx_word' id='word_1_398' title='bbox 895 3561 913 3594; x_wconf 79' lang='grc' dir='ltr'><strong>ι</strong></span> <span class='ocrx_word' id='word_1_399' title='bbox 942 3541 1115 3609; x_wconf 85' lang='lat' dir='ltr'><strong>Quam</strong></span> <span class='ocrx_word' id='word_1_400' title='bbox 1148 3544 1310 3598; x_wconf 90' lang='lat' dir='ltr'><strong>etiam</strong></span> <span class='ocrx_word' id='word_1_401' title='bbox 1342 3543 1411 3599; x_wconf 91' lang='lat' dir='ltr'><strong>ob</strong></span> <span class='ocrx_word' id='word_1_402' title='bbox 1429 3558 1647 3599; x_wconf 85' lang='lat' dir='ltr'><strong>causam</strong></span> <span class='ocrx_word' id='word_1_403' title='bbox 1673 3544 1885 3598; x_wconf 89' lang='lat' dir='ltr'><strong>dicebat</strong></span> <span class='ocrx_word' id='word_1_404' title='bbox 1920 3561 1932 3596; x_wconf 91' lang='lat'><strong>:</strong></span> <span class='ocrx_word' id='word_1_405' title='bbox 1977 3562 1994 3594; x_wconf 82' lang='grc' dir='ltr'><strong>ι</strong></span> <span class='ocrx_word' id='word_1_406' title='bbox 2035 3542 2090 3597; x_wconf 92' lang='lat' dir='ltr'><strong>ln</strong></span> 
     </span>
    </p>
   </div>
   <div class='ocr_carea' id='block_1_57' title="bbox 514 3632 2092 3705">
    <p class='ocr_par' dir='ltr' id='par_1_57' title="bbox 514 3632 2092 3705">
     <span class='ocr_line' id='line_1_57' title="bbox 514 3632 2092 3705; baseline -0.001 -16"><span class='ocrx_word' id='word_1_407' title='bbox 514 3634 701 3689; x_wconf 84' lang='lat' dir='ltr'><strong>umbra</strong></span> <span class='ocrx_word' id='word_1_408' title='bbox 733 3632 939 3687; x_wconf 86' lang='lat' dir='ltr'><strong>alarum</strong></span> <span class='ocrx_word' id='word_1_409' title='bbox 974 3642 1187 3687; x_wconf 88' lang='lat' dir='ltr'><strong>tuarum</strong></span> <span class='ocrx_word' id='word_1_410' title='bbox 1221 3642 1469 3705; x_wconf 85' lang='lat' dir='ltr'><strong>proteges</strong></span> <span class='ocrx_word' id='word_1_411' title='bbox 1508 3648 1596 3687; x_wconf 91' lang='lat' dir='ltr'><strong>me</strong></span> <span class='ocrx_word' id='word_1_412' title='bbox 1634 3632 1676 3664; x_wconf 70' lang='lat'><strong>‘7</strong></span> <span class='ocrx_word' id='word_1_413' title='bbox 1718 3652 1730 3688; x_wconf 90' lang='lat'><strong>:</strong></span> <span class='ocrx_word' id='word_1_414' title='bbox 1772 3650 1794 3685; x_wconf 75' lang='grc' dir='ltr'><strong>ι</strong></span> <span class='ocrx_word' id='word_1_415' title='bbox 1823 3632 2092 3704; x_wconf 90' lang='lat' dir='ltr'><strong>quomodo</strong></span> 
     </span>
    </p>
   </div>
   <div class='ocr_carea' id='block_1_58' title="bbox 514 3721 2093 3794">
    <p class='ocr_par' dir='ltr' id='par_1_58' title="bbox 514 3721 2093 3794">
     <span class='ocr_line' id='line_1_58' title="bbox 514 3721 2093 3794; baseline -0.001 -15"><span class='ocrx_word' id='word_1_416' title='bbox 514 3722 721 3779; x_wconf 83' lang='lat' dir='ltr'><strong>scilicet</strong></span> <span class='ocrx_word' id='word_1_417' title='bbox 744 3738 807 3778; x_wconf 77' lang='lat' dir='ltr'><strong>ex</strong></span> <span class='ocrx_word' id='word_1_418' title='bbox 838 3722 1037 3778; x_wconf 83' lang='lat' dir='ltr'><strong>divinis</strong></span> <span class='ocrx_word' id='word_1_419' title='bbox 1065 3723 1357 3779; x_wconf 87' lang='lat' dir='ltr'><strong>virtutibus</strong></span> <span class='ocrx_word' id='word_1_420' title='bbox 1404 3721 1653 3794; x_wconf 79' lang='lat' dir='ltr'><strong>(angelis)</strong></span> <span class='ocrx_word' id='word_1_421' title='bbox 1684 3722 1961 3779; x_wconf 81' lang='lat' dir='ltr'><strong>cherubim</strong></span> <span class='ocrx_word' id='word_1_422' title='bbox 1993 3721 2093 3778; x_wconf 88' lang='lat' dir='ltr'><strong>alis</strong></span> 
     </span>
    </p>
   </div>
   <div class='ocr_carea' id='block_1_59' title="bbox 514 3813 2093 3885">
    <p class='ocr_par' dir='ltr' id='par_1_59' title="bbox 514 3813 2093 3885">
     <span class='ocr_line' id='line_1_59' title="bbox 514 3813 2093 3885; baseline 0.002 -18"><span class='ocrx_word' id='word_1_423' title='bbox 514 3813 871 3883; x_wconf 73' lang='lat' dir='ltr'><strong>protegebant</strong></span> <span class='ocrx_word' id='word_1_424' title='bbox 898 3823 950 3869; x_wconf 90' lang='lat' dir='ltr'><strong>et</strong></span> <span class='ocrx_word' id='word_1_425' title='bbox 976 3829 1159 3869; x_wconf 89' lang='lat' dir='ltr'><strong>arcam</strong></span> <span class='ocrx_word' id='word_1_426' title='bbox 1192 3824 1241 3869; x_wconf 91' lang='lat' dir='ltr'><strong>et</strong></span> <span class='ocrx_word' id='word_1_427' title='bbox 1284 3815 1745 3885; x_wconf 87' lang='lat' dir='ltr'><strong>propitiatorium,</strong></span> <span class='ocrx_word' id='word_1_428' title='bbox 1802 3815 1884 3871; x_wconf 88' lang='lat' dir='ltr'><strong>vel</strong></span> <span class='ocrx_word' id='word_1_429' title='bbox 1918 3816 2093 3885; x_wconf 87' lang='lat' dir='ltr'><strong>potius</strong></span> 
     </span>
    </p>
   </div>
   <div class='ocr_carea' id='block_1_60' title="bbox 511 3905 2091 3977">
    <p class='ocr_par' dir='ltr' id='par_1_60' title="bbox 511 3905 2091 3977">
     <span class='ocr_line' id='line_1_60' title="bbox 511 3905 2091 3977; baseline 0.001 -17"><span class='ocrx_word' id='word_1_430' title='bbox 511 3906 739 3971; x_wconf 86' lang='lat' dir='ltr'><strong>Christi,</strong></span> <span class='ocrx_word' id='word_1_431' title='bbox 767 3905 860 3975; x_wconf 91' lang='lat' dir='ltr'><strong>qui</strong></span> <span class='ocrx_word' id='word_1_432' title='bbox 891 3905 1060 3977; x_wconf 87' lang='lat' dir='ltr'><strong>legem</strong></span> <span class='ocrx_word' id='word_1_433' title='bbox 1106 3906 1365 3977; x_wconf 86' lang='lat' dir='ltr'><strong>implevit,</strong></span> <span class='ocrx_word' id='word_1_434' title='bbox 1407 3906 1605 3975; x_wconf 92' lang='lat' dir='ltr'><strong>quique</strong></span> <span class='ocrx_word' id='word_1_435' title='bbox 1635 3905 1811 3961; x_wconf 83' lang='lat' dir='ltr'><strong>factus</strong></span> <span class='ocrx_word' id='word_1_436' title='bbox 1848 3916 1931 3962; x_wconf 88' lang='lat' dir='ltr'><strong>est</strong></span> <span class='ocrx_word' id='word_1_437' title='bbox 1964 3920 2091 3975; x_wconf 90' lang='lat' dir='ltr'><strong>pro-</strong></span> 
     </span>
    </p>
   </div>
   <div class='ocr_carea' id='block_1_61' title="bbox 517 3995 2095 4069">
    <p class='ocr_par' dir='ltr' id='par_1_61' title="bbox 517 3995 2095 4069">
     <span class='ocr_line' id='line_1_61' title="bbox 517 3995 2095 4069; baseline 0.004 -23"><span class='ocrx_word' id='word_1_438' title='bbox 517 3995 722 4065; x_wconf 84' lang='lat' dir='ltr'><strong>pitiatio</strong></span> <span class='ocrx_word' id='word_1_439' title='bbox 748 4012 845 4067; x_wconf 90' lang='lat' dir='ltr'><strong>pro</strong></span> <span class='ocrx_word' id='word_1_440' title='bbox 872 3998 1109 4068; x_wconf 87' lang='lat' dir='ltr'><strong>peccatis</strong></span> <span class='ocrx_word' id='word_1_441' title='bbox 1160 3998 1363 4053; x_wconf 88' lang='lat' dir='ltr'><strong>nostris</strong></span> <span class='ocrx_word' id='word_1_442' title='bbox 1402 3998 1471 4064; x_wconf 73' lang='grc'><strong>⁸⁸,</strong></span> <span class='ocrx_word' id='word_1_443' title='bbox 1516 3999 1669 4069; x_wconf 88' lang='lat' dir='ltr'><strong>signa</strong></span> <span class='ocrx_word' id='word_1_444' title='bbox 1719 3998 1955 4053; x_wconf 88' lang='lat' dir='ltr'><strong>ostendit</strong></span> <span class='ocrx_word' id='word_1_445' title='bbox 1982 4000 2095 4053; x_wconf 89' lang='lat' dir='ltr'><strong>evi-</strong></span> 
     </span>
    </p>
   </div>
   <div class='ocr_carea' id='block_1_62' title="bbox 515 4089 2093 4162">
    <p class='ocr_par' dir='ltr' id='par_1_62' title="bbox 515 4089 2093 4162">
     <span class='ocr_line' id='line_1_62' title="bbox 515 4089 2093 4162; baseline 0.001 -18"><span class='ocrx_word' id='word_1_446' title='bbox 515 4089 830 4145; x_wconf 87' lang='lat' dir='ltr'><strong>dentissima</strong></span> <span class='ocrx_word' id='word_1_447' title='bbox 867 4109 881 4145; x_wconf 91' lang='lat'><strong>:</strong></span> <span class='ocrx_word' id='word_1_448' title='bbox 921 4091 1032 4161; x_wconf 90' lang='lat' dir='ltr'><strong>qui,</strong></span> <span class='ocrx_word' id='word_1_449' title='bbox 1066 4091 1238 4162; x_wconf 85' lang='lat' dir='ltr'><strong>legem</strong></span> <span class='ocrx_word' id='word_1_450' title='bbox 1265 4091 1515 4161; x_wconf 83' lang='lat' dir='ltr'><strong>impletis,</strong></span> <span class='ocrx_word' id='word_1_451' title='bbox 1541 4093 1619 4145; x_wconf 91' lang='lat' dir='ltr'><strong>sic</strong></span> <span class='ocrx_word' id='word_1_452' title='bbox 1643 4090 1957 4160; x_wconf 81' lang='lat' dir='ltr'><strong>expiaturus</strong></span> <span class='ocrx_word' id='word_1_453' title='bbox 1977 4099 2093 4145; x_wconf 82' lang='lat' dir='ltr'><strong>erat</strong></span> 
     </span>
    </p>
   </div>
   <div class='ocr_carea' id='block_1_63' title="bbox 510 4179 2093 4251">
    <p class='ocr_par' dir='ltr' id='par_1_63' title="bbox 510 4179 2093 4251">
     <span class='ocr_line' id='line_1_63' title="bbox 510 4179 2093 4251; baseline 0 -16"><span class='ocrx_word' id='word_1_454' title='bbox 510 4190 795 4251; x_wconf 87' lang='lat' dir='ltr'><strong>peccatum</strong></span> <span class='ocrx_word' id='word_1_455' title='bbox 846 4196 1005 4237; x_wconf 91' lang='lat' dir='ltr'><strong>omne</strong></span> <span class='ocrx_word' id='word_1_456' title='bbox 1040 4182 1249 4236; x_wconf 89' lang='lat' dir='ltr'><strong>mundi.</strong></span> <span class='ocrx_word' id='word_1_457' title='bbox 1287 4179 1575 4251; x_wconf 87' lang='lat' dir='ltr'><strong>Proposuit</strong></span> <span class='ocrx_word' id='word_1_458' title='bbox 1630 4196 1862 4250; x_wconf 87' lang='lat' dir='ltr'><strong>namque</strong></span> <span class='ocrx_word' id='word_1_459' title='bbox 1917 4182 2093 4250; x_wconf 87' lang='lat' dir='ltr'><strong>ipsum</strong></span> 
     </span>
    </p>
   </div>
   <div class='ocr_carea' id='block_1_64' title="bbox 511 4268 2095 4342">
    <p class='ocr_par' dir='ltr' id='par_1_64' title="bbox 511 4268 2095 4342">
     <span class='ocr_line' id='line_1_64' title="bbox 511 4268 2095 4342; baseline 0.001 -19"><span class='ocrx_word' id='word_1_460' title='bbox 511 4269 656 4326; x_wconf 88' lang='lat' dir='ltr'><strong>Deus</strong></span> <span class='ocrx_word' id='word_1_461' title='bbox 683 4268 763 4342; x_wconf 93' lang='lat' dir='ltr'><strong>(ut</strong></span> <span class='ocrx_word' id='word_1_462' title='bbox 792 4271 869 4325; x_wconf 89' lang='lat' dir='ltr'><strong>ait</strong></span> <span class='ocrx_word' id='word_1_463' title='bbox 902 4271 1314 4327; x_wconf 89' lang='lat' dir='ltr'><strong>Dominicornm</strong></span> <span class='ocrx_word' id='word_1_464' title='bbox 1345 4271 1694 4326; x_wconf 89' lang='lat' dir='ltr'><strong>oraculorum</strong></span> <span class='ocrx_word' id='word_1_465' title='bbox 1721 4285 1943 4342; x_wconf 91' lang='lat' dir='ltr'><strong>promus</strong></span> <span class='ocrx_word' id='word_1_466' title='bbox 1971 4285 2095 4325; x_wconf 90' lang='lat' dir='ltr'><strong>con-</strong></span> 
     </span>
    </p>
   </div>
   <div class='ocr_carea' id='block_1_65' title="bbox 512 4362 2089 4435">
    <p class='ocr_par' dir='ltr' id='par_1_65' title="bbox 512 4362 2089 4435">
     <span class='ocr_line' id='line_1_65' title="bbox 512 4362 2089 4435; baseline -0.001 -18"><span class='ocrx_word' id='word_1_467' title='bbox 512 4362 613 4419; x_wconf 88' lang='lat' dir='ltr'><strong>dus</strong></span> <span class='ocrx_word' id='word_1_468' title='bbox 643 4363 730 4420; x_wconf 90' lang='lat' dir='ltr'><strong>ille</strong></span> <span class='ocrx_word' id='word_1_469' title='bbox 760 4364 957 4420; x_wconf 87' lang='lat' dir='ltr'><strong>Paulus</strong></span> <span class='ocrx_word' id='word_1_470' title='bbox 982 4364 1049 4435; x_wconf 69' lang='grc' dir='ltr'><strong>Μ)</strong></span> <span class='ocrx_word' id='word_1_471' title='bbox 1090 4363 1547 4435; x_wconf 88' lang='lat' dir='ltr'><strong>propitiatorium,</strong></span> <span class='ocrx_word' id='word_1_472' title='bbox 1576 4372 1634 4418; x_wconf 91' lang='lat' dir='ltr'><strong>ut</strong></span> <span class='ocrx_word' id='word_1_473' title='bbox 1665 4363 1717 4417; x_wconf 92' lang='lat' dir='ltr'><strong>in</strong></span> <span class='ocrx_word' id='word_1_474' title='bbox 1756 4363 1927 4433; x_wconf 89' lang='lat' dir='ltr'><strong>ipsius</strong></span> <span class='ocrx_word' id='word_1_475' title='bbox 1959 4378 2089 4418; x_wconf 87' lang='lat' dir='ltr'><strong>san-</strong></span> 
     </span>
    </p>
   </div>
   <div class='ocr_carea' id='block_1_66' title="bbox 2444 2807 3542 2882">
    <p class='ocr_par' dir='ltr' id='par_1_66' title="bbox 2444 2807 3542 2882">
     <span class='ocr_line' id='line_1_66' title="bbox 2444 2807 3542 2882; baseline 0.005 -22"><span class='ocrx_word' id='word_1_476' title='bbox 2444 2807 2563 2861; x_wconf 78' lang='lat' dir='ltr'><strong>or&#39;.</strong></span> <span class='ocrx_word' id='word_1_477' title='bbox 2602 2839 2667 2849; x_wconf 89' lang='lat'><strong>—</strong></span> <span class='ocrx_word' id='word_1_478' title='bbox 2698 2807 2985 2881; x_wconf 77' lang='grc' dir='ltr'><strong>ΕΥΣΕΒΙῼ</strong></span> <span class='ocrx_word' id='word_1_479' title='bbox 3018 2810 3366 2882; x_wconf 67' lang='lat' dir='ltr'><strong>animone</strong></span> <span class='ocrx_word' id='word_1_480' title='bbox 3403 2810 3542 2879; x_wconf 74' lang='grc' dir='ltr'>(δι).</span> 
     </span>
    </p>
   </div>
   <div class='ocr_carea' id='block_1_67' title="bbox 2198 2898 3795 2973">
    <p class='ocr_par' dir='ltr' id='par_1_67' title="bbox 2198 2898 3795 2973">
     <span class='ocr_line' id='line_1_67' title="bbox 2198 2898 3795 2973; baseline 0.006 -22"><span class='ocrx_word' id='word_1_481' title='bbox 2198 2899 2304 2963; x_wconf 76' lang='grc' dir='ltr'><strong>Εἰς</strong></span> <span class='ocrx_word' id='word_1_482' title='bbox 2337 2898 2451 2973; x_wconf 60' lang='grc' dir='ltr'>τῂν</span> <span class='ocrx_word' id='word_1_483' title='bbox 2480 2900 2749 2973; x_wconf 50' lang='lat' dir='ltr'><strong>maceror,</strong></span> <span class='ocrx_word' id='word_1_484' title='bbox 2774 2901 2879 2973; x_wconf 61' lang='grc' dir='ltr'><strong>Δκίιὶ</strong></span> <span class='ocrx_word' id='word_1_485' title='bbox 2922 2903 2985 2954; x_wconf 85' lang='grc' dir='ltr'><strong>τὸ</strong></span> <span class='ocrx_word' id='word_1_486' title='bbox 3017 2902 3391 2973; x_wconf 65' lang='grc' dir='ltr'>ἱλαστήριρνς,</span> <span class='ocrx_word' id='word_1_487' title='bbox 3427 2902 3528 2973; x_wconf 70' lang='grc' dir='ltr'>καὶ</span> <span class='ocrx_word' id='word_1_488' title='bbox 3572 2901 3648 2957; x_wconf 86' lang='grc' dir='ltr'>τὰ</span> <span class='ocrx_word' id='word_1_489' title='bbox 3691 2919 3795 2973; x_wconf 79' lang='grc' dir='ltr'><strong>χε-</strong></span> 
     </span>
    </p>
   </div>
   <div class='ocr_carea' id='block_1_68' title="bbox 2226 2968 3751 3042">
    <p class='ocr_par' dir='ltr' id='par_1_68' title="bbox 2226 2968 3751 3042">
     <span class='ocr_line' id='line_1_68' title="bbox 2226 2968 3751 3042; baseline 0.007 -23"><span class='ocrx_word' id='word_1_490' title='bbox 2226 2970 2460 3036; x_wconf 76' lang='grc' dir='ltr'>ρουὸὶμ,</span> <span class='ocrx_word' id='word_1_491' title='bbox 2490 2970 2585 3022; x_wconf 77' lang='grc' dir='ltr'>καὶ</span> <span class='ocrx_word' id='word_1_492' title='bbox 2621 2971 2684 3022; x_wconf 88' lang='grc' dir='ltr'><strong>τὸ</strong></span> <span class='ocrx_word' id='word_1_493' title='bbox 2700 2968 2924 3038; x_wconf 79' lang='grc' dir='ltr'>μάννα,</span> <span class='ocrx_word' id='word_1_494' title='bbox 2960 2973 3059 3025; x_wconf 81' lang='grc' dir='ltr'>καὶ</span> <span class='ocrx_word' id='word_1_495' title='bbox 3093 2972 3206 3039; x_wconf 80' lang='grc' dir='ltr'><strong>τὴν</strong></span> <span class='ocrx_word' id='word_1_496' title='bbox 3230 2968 3459 3041; x_wconf 69' lang='grc' dir='ltr'>ῥάϐδον</span> <span class='ocrx_word' id='word_1_497' title='bbox 3499 2968 3751 3042; x_wconf 58' lang='grc' dir='ltr'><strong>’Δαρώῖἡ</strong></span> 
     </span>
    </p>
   </div>
   <div class='ocr_carea' id='block_1_69' title="bbox 2274 3081 3796 3159">
    <p class='ocr_par' dir='ltr' id='par_1_69' title="bbox 2274 3081 3796 3159">
     <span class='ocr_line' id='line_1_69' title="bbox 2274 3081 3796 3159; baseline 0.012 -25"><span class='ocrx_word' id='word_1_498' title='bbox 2274 3083 2340 3135; x_wconf 82' lang='grc' dir='ltr'><strong>’Π</strong></span> <span class='ocrx_word' id='word_1_499' title='bbox 2392 3082 2491 3153; x_wconf 76' lang='grc' dir='ltr'>μὲν</span> <span class='ocrx_word' id='word_1_500' title='bbox 2536 3082 2789 3148; x_wconf 74' lang='grc' dir='ltr'>κιϐωτὸς,</span> <span class='ocrx_word' id='word_1_501' title='bbox 2834 3084 2929 3138; x_wconf 70' lang='grc' dir='ltr'>καὶ</span> <span class='ocrx_word' id='word_1_502' title='bbox 2972 3085 3033 3137; x_wconf 87' lang='grc' dir='ltr'><strong>τὸ</strong></span> <span class='ocrx_word' id='word_1_503' title='bbox 3066 3085 3396 3156; x_wconf 89' lang='grc' dir='ltr'>ἱλαστήριον,</span> <span class='ocrx_word' id='word_1_504' title='bbox 3438 3085 3576 3157; x_wconf 78' lang='grc' dir='ltr'>ὅπερ</span> <span class='ocrx_word' id='word_1_505' title='bbox 3600 3081 3673 3159; x_wconf 78' lang='grc' dir='ltr'>ἧν</span> <span class='ocrx_word' id='word_1_506' title='bbox 3694 3088 3796 3159; x_wconf 81' lang='grc' dir='ltr'><strong>τῆς</strong></span> 
     </span>
    </p>
   </div>
   <div class='ocr_carea' id='block_1_70' title="bbox 2192 3174 3795 3249">
    <p class='ocr_par' dir='ltr' id='par_1_70' title="bbox 2192 3174 3795 3249">
     <span class='ocr_line' id='line_1_70' title="bbox 2192 3174 3795 3249; baseline 0.003 -22"><span class='ocrx_word' id='word_1_507' title='bbox 2192 3174 2427 3229; x_wconf 79' lang='grc' dir='ltr'>κιϐωτοῦ</span> <span class='ocrx_word' id='word_1_508' title='bbox 2478 3174 2715 3245; x_wconf 80' lang='grc' dir='ltr'>ἐπίθεμα</span> <span class='ocrx_word' id='word_1_509' title='bbox 2766 3176 2899 3245; x_wconf 71' lang='grc'><strong>(52),</strong></span> <span class='ocrx_word' id='word_1_510' title='bbox 2932 3177 3224 3249; x_wconf 80' lang='grc' dir='ltr'>ἀνθρώπου</span> <span class='ocrx_word' id='word_1_511' title='bbox 3261 3178 3371 3248; x_wconf 77' lang='lat'><strong>(33)</strong></span> <span class='ocrx_word' id='word_1_512' title='bbox 3424 3179 3795 3247; x_wconf 85' lang='grc' dir='ltr'>φυλάττοντος</span> 
     </span>
    </p>
   </div>
   <div class='ocr_carea' id='block_1_71' title="bbox 2191 3264 3796 3341">
    <p class='ocr_par' dir='ltr' id='par_1_71' title="bbox 2191 3264 3796 3341">
     <span class='ocr_line' id='line_1_71' title="bbox 2191 3264 3796 3341; baseline 0.004 -23"><span class='ocrx_word' id='word_1_513' title='bbox 2191 3267 2259 3320; x_wconf 82' lang='grc' dir='ltr'>τὰ</span> <span class='ocrx_word' id='word_1_514' title='bbox 2294 3267 2411 3320; x_wconf 86' lang='grc' dir='ltr'>θεῖα</span> <span class='ocrx_word' id='word_1_515' title='bbox 2446 3266 2623 3335; x_wconf 81' lang='grc' dir='ltr'>λόγια,</span> <span class='ocrx_word' id='word_1_516' title='bbox 2672 3268 2762 3321; x_wconf 76' lang='grc' dir='ltr'>καὶ</span> <span class='ocrx_word' id='word_1_517' title='bbox 2814 3269 2969 3322; x_wconf 78' lang='grc' dir='ltr'>ἵλεων</span> <span class='ocrx_word' id='word_1_518' title='bbox 3014 3268 3228 3340; x_wconf 75' lang='grc' dir='ltr'>ἔχοντος</span> <span class='ocrx_word' id='word_1_519' title='bbox 3258 3270 3347 3323; x_wconf 87' lang='grc' dir='ltr'><strong>τὸν</strong></span> <span class='ocrx_word' id='word_1_520' title='bbox 3373 3264 3528 3335; x_wconf 82' lang='grc' dir='ltr'>Θεὸν,</span> <span class='ocrx_word' id='word_1_521' title='bbox 3561 3270 3662 3324; x_wconf 72' lang='grc' dir='ltr'><strong>καὶ</strong></span> <span class='ocrx_word' id='word_1_522' title='bbox 3694 3290 3796 3341; x_wconf 82' lang='grc' dir='ltr'><strong>φυ-</strong></span> 
     </span>
    </p>
   </div>
   <div class='ocr_carea' id='block_1_72' title="bbox 2192 3358 3792 3433">
    <p class='ocr_par' dir='ltr' id='par_1_72' title="bbox 2192 3358 3792 3433">
     <span class='ocr_line' id='line_1_72' title="bbox 2192 3358 3792 3433; baseline 0.004 -22"><span class='ocrx_word' id='word_1_523' title='bbox 2192 3358 2517 3428; x_wconf 81' lang='grc' dir='ltr'>λαττόμενον</span> <span class='ocrx_word' id='word_1_524' title='bbox 2568 3359 2672 3412; x_wconf 82' lang='grc' dir='ltr'><strong>ὑπὸ</strong></span> <span class='ocrx_word' id='word_1_525' title='bbox 2702 3359 2811 3413; x_wconf 83' lang='grc' dir='ltr'><strong>τῶν</strong></span> <span class='ocrx_word' id='word_1_526' title='bbox 2855 3360 3013 3413; x_wconf 85' lang='grc' dir='ltr'>θείων</span> <span class='ocrx_word' id='word_1_527' title='bbox 3048 3360 3356 3431; x_wconf 83' lang='grc' dir='ltr'>δυνάμεων,</span> <span class='ocrx_word' id='word_1_528' title='bbox 3400 3360 3590 3425; x_wconf 82' lang='grc' dir='ltr'>καθώς</span> <span class='ocrx_word' id='word_1_529' title='bbox 3620 3380 3792 3433; x_wconf 79' lang='grc' dir='ltr'>φησιν</span> 
     </span>
    </p>
   </div>
   <div class='ocr_carea' id='block_1_73' title="bbox 2191 3450 3796 3526">
    <p class='ocr_par' dir='ltr' id='par_1_73' title="bbox 2191 3450 3796 3526">
     <span class='ocr_line' id='line_1_73' title="bbox 2191 3450 3796 3526; baseline 0.004 -24"><span class='ocrx_word' id='word_1_530' title='bbox 2191 3450 2221 3502; x_wconf 82' lang='grc' dir='ltr'><strong>ὁ</strong></span> <span class='ocrx_word' id='word_1_531' title='bbox 2255 3451 2509 3522; x_wconf 83' lang='grc' dir='ltr'>Μελῳδός</span> <span class='ocrx_word' id='word_1_532' title='bbox 2532 3466 2545 3479; x_wconf 89' lang='grc'>·</span> <span class='ocrx_word' id='word_1_533' title='bbox 2582 3470 2601 3502; x_wconf 84' lang='lat' dir='ltr'><strong>t</strong></span> <span class='ocrx_word' id='word_1_534' title='bbox 2656 3452 2744 3504; x_wconf 84' lang='lat' dir='ltr'><strong>‘Ev</strong></span> <span class='ocrx_word' id='word_1_535' title='bbox 2788 3455 2853 3524; x_wconf 84' lang='grc' dir='ltr'>τῇ</span> <span class='ocrx_word' id='word_1_536' title='bbox 2905 3452 3101 3526; x_wconf 67' lang='grc' dir='ltr'>καρδία</span> <span class='ocrx_word' id='word_1_537' title='bbox 3134 3470 3237 3523; x_wconf 84' lang='grc' dir='ltr'><strong>μου</strong></span> <span class='ocrx_word' id='word_1_538' title='bbox 3279 3452 3490 3524; x_wconf 75' lang='grc' dir='ltr'>ἔκρυψα</span> <span class='ocrx_word' id='word_1_539' title='bbox 3527 3454 3598 3508; x_wconf 83' lang='grc' dir='ltr'>τὰ</span> <span class='ocrx_word' id='word_1_540' title='bbox 3632 3454 3796 3524; x_wconf 84' lang='grc' dir='ltr'>λόγιά</span> 
     </span>
    </p>
   </div>
   <div class='ocr_carea' id='block_1_74' title="bbox 2194 3542 3793 3617">
    <p class='ocr_par' dir='ltr' id='par_1_74' title="bbox 2194 3542 3793 3617">
     <span class='ocr_line' id='line_1_74' title="bbox 2194 3542 3793 3617; baseline 0.003 -22"><span class='ocrx_word' id='word_1_541' title='bbox 2194 3558 2307 3595; x_wconf 88' lang='grc' dir='ltr'>σου·</span> <span class='ocrx_word' id='word_1_542' title='bbox 2348 3561 2364 3593; x_wconf 73' lang='grc' dir='ltr'><strong>ι</strong></span> <span class='ocrx_word' id='word_1_543' title='bbox 2395 3542 2475 3595; x_wconf 85' lang='grc' dir='ltr'><strong>διὸ</strong></span> <span class='ocrx_word' id='word_1_544' title='bbox 2503 3543 2596 3596; x_wconf 74' lang='grc' dir='ltr'>καὶ</span> <span class='ocrx_word' id='word_1_545' title='bbox 2617 3543 2823 3612; x_wconf 66' lang='grc' dir='ltr'><strong>ἔλεγεν⁸</strong></span> <span class='ocrx_word' id='word_1_546' title='bbox 2856 3564 2874 3595; x_wconf 75' lang='grc' dir='ltr'><strong>ι</strong></span> <span class='ocrx_word' id='word_1_547' title='bbox 2912 3545 2999 3597; x_wconf 80' lang='grc' dir='ltr'><strong>Ἔν</strong></span> <span class='ocrx_word' id='word_1_548' title='bbox 3030 3544 3208 3617; x_wconf 75' lang='grc' dir='ltr'>σκέπῃ</span> <span class='ocrx_word' id='word_1_549' title='bbox 3235 3544 3343 3598; x_wconf 84' lang='grc' dir='ltr'><strong>τῶν</strong></span> <span class='ocrx_word' id='word_1_550' title='bbox 3374 3544 3665 3616; x_wconf 83' lang='grc' dir='ltr'>πτερύγων</span> <span class='ocrx_word' id='word_1_551' title='bbox 3699 3564 3793 3601; x_wconf 84' lang='grc' dir='ltr'><strong>σου</strong></span> 
     </span>
    </p>
   </div>
   <div class='ocr_carea' id='block_1_75' title="bbox 2194 3631 3797 3708">
    <p class='ocr_par' dir='ltr' id='par_1_75' title="bbox 2194 3631 3797 3708">
     <span class='ocr_line' id='line_1_75' title="bbox 2194 3631 3797 3708; baseline 0.003 -21"><span class='ocrx_word' id='word_1_552' title='bbox 2194 3634 2487 3699; x_wconf 84' lang='grc' dir='ltr'>σκεπάσεις</span> <span class='ocrx_word' id='word_1_553' title='bbox 2523 3651 2613 3704; x_wconf 80' lang='grc' dir='ltr'>με’</span> <span class='ocrx_word' id='word_1_554' title='bbox 2649 3654 2667 3687; x_wconf 76' lang='lat' dir='ltr'><strong>s</strong></span> <span class='ocrx_word' id='word_1_555' title='bbox 2697 3631 2807 3689; x_wconf 75' lang='grc' dir='ltr'>οἷον</span> <span class='ocrx_word' id='word_1_556' title='bbox 2828 3638 2937 3691; x_wconf 85' lang='grc' dir='ltr'>τῶν</span> <span class='ocrx_word' id='word_1_557' title='bbox 2964 3636 3245 3708; x_wconf 81' lang='grc' dir='ltr'>δυνάμεων</span> <span class='ocrx_word' id='word_1_558' title='bbox 3272 3636 3341 3691; x_wconf 80' lang='grc' dir='ltr'>τὰ</span> <span class='ocrx_word' id='word_1_559' title='bbox 3382 3637 3659 3708; x_wconf 79' lang='grc' dir='ltr'>χερουδὶμ</span> <span class='ocrx_word' id='word_1_560' title='bbox 3682 3640 3797 3703; x_wconf 83' lang='grc' dir='ltr'>τοῖς</span> 
     </span>
    </p>
   </div>
   <div class='ocr_carea' id='block_1_76' title="bbox 2194 3723 3789 3798">
    <p class='ocr_par' dir='ltr' id='par_1_76' title="bbox 2194 3723 3789 3798">
     <span class='ocr_line' id='line_1_76' title="bbox 2194 3723 3789 3798; baseline 0.004 -21"><span class='ocrx_word' id='word_1_561' title='bbox 2194 3723 2422 3797; x_wconf 78' lang='grc' dir='ltr'>πτέρυξι</span> <span class='ocrx_word' id='word_1_562' title='bbox 2484 3727 2577 3779; x_wconf 76' lang='grc' dir='ltr'><strong>καὶ</strong></span> <span class='ocrx_word' id='word_1_563' title='bbox 2636 3727 2736 3796; x_wconf 73' lang='grc' dir='ltr'><strong>τὴν</strong></span> <span class='ocrx_word' id='word_1_564' title='bbox 2782 3727 3013 3782; x_wconf 75' lang='grc' dir='ltr'>κιϐωτὸν</span> <span class='ocrx_word' id='word_1_565' title='bbox 3042 3727 3339 3795; x_wconf 81' lang='grc' dir='ltr'>ἐφύλαττον</span> <span class='ocrx_word' id='word_1_566' title='bbox 3387 3727 3524 3798; x_wconf 75' lang='grc'><strong>(54),</strong></span> <span class='ocrx_word' id='word_1_567' title='bbox 3582 3730 3682 3783; x_wconf 67' lang='grc' dir='ltr'>καὶ</span> <span class='ocrx_word' id='word_1_568' title='bbox 3727 3730 3789 3783; x_wconf 85' lang='grc' dir='ltr'><strong>τὸ</strong></span> 
     </span>
    </p>
   </div>
   <div class='ocr_carea' id='block_1_77' title="bbox 2196 3814 3795 3889">
    <p class='ocr_par' dir='ltr' id='par_1_77' title="bbox 2196 3814 3795 3889">
     <span class='ocr_line' id='line_1_77' title="bbox 2196 3814 3795 3889; baseline 0.004 -24"><span class='ocrx_word' id='word_1_569' title='bbox 2196 3814 2539 3885; x_wconf 84' lang='grc' dir='ltr'>ἱλαστήριον·</span> <span class='ocrx_word' id='word_1_570' title='bbox 2588 3814 2963 3888; x_wconf 77' lang='grc' dir='ltr'>φυσικώτερον</span> <span class='ocrx_word' id='word_1_571' title='bbox 2992 3817 3069 3881; x_wconf 73' lang='grc' dir='ltr'>δὲ,</span> <span class='ocrx_word' id='word_1_572' title='bbox 3109 3818 3202 3871; x_wconf 89' lang='grc' dir='ltr'><strong>τοῦ</strong></span> <span class='ocrx_word' id='word_1_573' title='bbox 3235 3817 3327 3871; x_wconf 82' lang='grc' dir='ltr'><strong>τὸν</strong></span> <span class='ocrx_word' id='word_1_574' title='bbox 3354 3817 3518 3886; x_wconf 86' lang='grc' dir='ltr'>νόμον</span> <span class='ocrx_word' id='word_1_575' title='bbox 3567 3817 3795 3889; x_wconf 82' lang='grc' dir='ltr'>πληρώ-</span> 
     </span>
    </p>
   </div>
   <div class='ocr_carea' id='block_1_78' title="bbox 2194 3906 3793 3980">
    <p class='ocr_par' dir='ltr' id='par_1_78' title="bbox 2194 3906 3793 3980">
     <span class='ocr_line' id='line_1_78' title="bbox 2194 3906 3793 3980; baseline 0.005 -23"><span class='ocrx_word' id='word_1_576' title='bbox 2194 3922 2385 3968; x_wconf 80' lang='grc' dir='ltr'>σαντος</span> <span class='ocrx_word' id='word_1_577' title='bbox 2444 3906 2704 3978; x_wconf 80' lang='grc' dir='ltr'>Χριστοῦ,</span> <span class='ocrx_word' id='word_1_578' title='bbox 2743 3908 2836 3960; x_wconf 88' lang='grc' dir='ltr'><strong>τοῦ</strong></span> <span class='ocrx_word' id='word_1_579' title='bbox 2869 3909 3159 3979; x_wconf 80' lang='grc' dir='ltr'>γενομένου</span> <span class='ocrx_word' id='word_1_580' title='bbox 3213 3909 3443 3980; x_wconf 80' lang='grc' dir='ltr'>ἱλασμοῦ</span> <span class='ocrx_word' id='word_1_581' title='bbox 3495 3910 3631 3980; x_wconf 77' lang='grc' dir='ltr'>περὶ</span> <span class='ocrx_word' id='word_1_582' title='bbox 3684 3912 3793 3965; x_wconf 83' lang='grc' dir='ltr'><strong>τῶν</strong></span> 
     </span>
    </p>
   </div>
   <div class='ocr_carea' id='block_1_79' title="bbox 2194 3997 3791 4073">
    <p class='ocr_par' dir='ltr' id='par_1_79' title="bbox 2194 3997 3791 4073">
     <span class='ocr_line' id='line_1_79' title="bbox 2194 3997 3791 4073; baseline 0.005 -24"><span class='ocrx_word' id='word_1_583' title='bbox 2194 3997 2478 4069; x_wconf 83' lang='grc' dir='ltr'>ἁμαρτιῶν</span> <span class='ocrx_word' id='word_1_584' title='bbox 2523 3998 2699 4068; x_wconf 82' lang='grc' dir='ltr'>ἡμῶν,</span> <span class='ocrx_word' id='word_1_585' title='bbox 2759 3999 2946 4071; x_wconf 80' lang='grc' dir='ltr'>ἐδήλου</span> <span class='ocrx_word' id='word_1_586' title='bbox 2998 4001 3200 4073; x_wconf 79' lang='grc' dir='ltr'>ἐναργῆ</span> <span class='ocrx_word' id='word_1_587' title='bbox 3257 4002 3571 4072; x_wconf 84' lang='grc' dir='ltr'>τεκμήρια·</span> <span class='ocrx_word' id='word_1_588' title='bbox 3636 4004 3791 4067; x_wconf 83' lang='grc' dir='ltr'>ὅστις</span> 
     </span>
    </p>
   </div>
   <div class='ocr_carea' id='block_1_80' title="bbox 2191 4088 3791 4167">
    <p class='ocr_par' dir='ltr' id='par_1_80' title="bbox 2191 4088 3791 4167">
     <span class='ocr_line' id='line_1_80' title="bbox 2191 4088 3791 4167; baseline 0.004 -25"><span class='ocrx_word' id='word_1_589' title='bbox 2191 4090 2281 4142; x_wconf 83' lang='grc' dir='ltr'><strong>τὸν</strong></span> <span class='ocrx_word' id='word_1_590' title='bbox 2320 4090 2482 4159; x_wconf 86' lang='grc' dir='ltr'>νόμον</span> <span class='ocrx_word' id='word_1_591' title='bbox 2516 4091 2763 4161; x_wconf 81' lang='grc' dir='ltr'>πληρῶν,</span> <span class='ocrx_word' id='word_1_592' title='bbox 2817 4088 2971 4158; x_wconf 71' lang='grc' dir='ltr'>οὗτος</span> <span class='ocrx_word' id='word_1_593' title='bbox 3027 4094 3271 4149; x_wconf 80' lang='grc' dir='ltr'>ἱλάσεται</span> <span class='ocrx_word' id='word_1_594' title='bbox 3312 4093 3405 4147; x_wconf 82' lang='grc' dir='ltr'><strong>τοῦ</strong></span> <span class='ocrx_word' id='word_1_595' title='bbox 3443 4094 3657 4165; x_wconf 76' lang='grc' dir='ltr'>κόσμου</span> <span class='ocrx_word' id='word_1_596' title='bbox 3691 4096 3791 4167; x_wconf 77' lang='grc' dir='ltr'>τὴν</span> 
     </span>
    </p>
   </div>
   <div class='ocr_carea' id='block_1_81' title="bbox 2195 4179 3790 4254">
    <p class='ocr_par' dir='ltr' id='par_1_81' title="bbox 2195 4179 3790 4254">
     <span class='ocr_line' id='line_1_81' title="bbox 2195 4179 3790 4254; baseline 0.005 -23"><span class='ocrx_word' id='word_1_597' title='bbox 2195 4179 2492 4250; x_wconf 84' lang='grc' dir='ltr'>ἁμαρτίαν.</span> <span class='ocrx_word' id='word_1_598' title='bbox 2541 4182 2811 4251; x_wconf 78' lang='grc' dir='ltr'>Προὲθετο</span> <span class='ocrx_word' id='word_1_599' title='bbox 2855 4183 2963 4254; x_wconf 81' lang='grc' dir='ltr'>γὰρ</span> <span class='ocrx_word' id='word_1_600' title='bbox 3007 4185 3167 4237; x_wconf 81' lang='grc' dir='ltr'>αὐτὸν</span> <span class='ocrx_word' id='word_1_601' title='bbox 3212 4185 3241 4237; x_wconf 79' lang='grc' dir='ltr'>ὁ</span> <span class='ocrx_word' id='word_1_602' title='bbox 3270 4183 3422 4247; x_wconf 85' lang='grc' dir='ltr'>Θεὸς,</span> <span class='ocrx_word' id='word_1_603' title='bbox 3450 4183 3527 4246; x_wconf 83' lang='grc' dir='ltr'>ὣς</span> <span class='ocrx_word' id='word_1_604' title='bbox 3560 4201 3733 4253; x_wconf 83' lang='grc' dir='ltr'>φησιν</span> <span class='ocrx_word' id='word_1_605' title='bbox 3762 4187 3790 4239; x_wconf 82' lang='grc' dir='ltr'>ὁ</span> 
     </span>
    </p>
   </div>
   <div class='ocr_carea' id='block_1_82' title="bbox 2194 4271 3787 4349">
    <p class='ocr_par' dir='ltr' id='par_1_82' title="bbox 2194 4271 3787 4349">
     <span class='ocr_line' id='line_1_82' title="bbox 2194 4271 3787 4349; baseline 0.006 -26"><span class='ocrx_word' id='word_1_606' title='bbox 2194 4271 2302 4324; x_wconf 82' lang='grc' dir='ltr'><strong>τῶν</strong></span> <span class='ocrx_word' id='word_1_607' title='bbox 2332 4272 2675 4326; x_wconf 84' lang='grc' dir='ltr'>Δεσποτικῶν</span> <span class='ocrx_word' id='word_1_608' title='bbox 2705 4276 2969 4346; x_wconf 83' lang='grc' dir='ltr'>χρησμῶν</span> <span class='ocrx_word' id='word_1_609' title='bbox 3004 4277 3231 4347; x_wconf 80' lang='grc' dir='ltr'>ταμίας,</span> <span class='ocrx_word' id='word_1_610' title='bbox 3266 4277 3609 4349; x_wconf 77' lang='grc' dir='ltr'>ἱλαστήριονο</span> <span class='ocrx_word' id='word_1_611' title='bbox 3644 4278 3787 4332; x_wconf 80' lang='grc' dir='ltr'>ὥστε</span> 
     </span>
    </p>
   </div>
   <div class='ocr_carea' id='block_1_83' title="bbox 2195 4364 3789 4441">
    <p class='ocr_par' dir='ltr' id='par_1_83' title="bbox 2195 4364 3789 4441">
     <span class='ocr_line' id='line_1_83' title="bbox 2195 4364 3789 4441; baseline 0.006 -24"><span class='ocrx_word' id='word_1_612' title='bbox 2195 4366 2253 4417; x_wconf 89' lang='grc' dir='ltr'><strong>ἐν</strong></span> <span class='ocrx_word' id='word_1_613' title='bbox 2272 4364 2351 4435; x_wconf 83' lang='grc' dir='ltr'>τῷ</span> <span class='ocrx_word' id='word_1_614' title='bbox 2385 4366 2551 4420; x_wconf 80' lang='grc' dir='ltr'>αὑτοῦ</span> <span class='ocrx_word' id='word_1_615' title='bbox 2602 4368 2795 4437; x_wconf 78' lang='grc' dir='ltr'>αἵματι</span> <span class='ocrx_word' id='word_1_616' title='bbox 2835 4369 3169 4434; x_wconf 78' lang='grc' dir='ltr'>ἐνδείξασθαι</span> <span class='ocrx_word' id='word_1_617' title='bbox 3199 4370 3297 4441; x_wconf 73' lang='grc' dir='ltr'>τὴν</span> <span class='ocrx_word' id='word_1_618' title='bbox 3324 4371 3539 4425; x_wconf 87' lang='grc' dir='ltr'>οἱκείαν</span> <span class='ocrx_word' id='word_1_619' title='bbox 3577 4370 3789 4426; x_wconf 79' lang='grc' dir='ltr'>δικαιο-</span> 
     </span>
    </p>
   </div>
   <div class='ocr_carea' id='block_1_84' title="bbox 586 4519 2093 4590">
    <p class='ocr_par' dir='ltr' id='par_1_84' title="bbox 586 4519 2092 4588">
     <span class='ocr_line' id='line_1_84' title="bbox 586 4519 2092 4588; baseline -0.002 -11"><span class='ocrx_word' id='word_1_620' title='bbox 586 4523 631 4554; x_wconf 72' lang='grc'>⁸⁸</span> <span class='ocrx_word' id='word_1_621' title='bbox 657 4519 804 4585; x_wconf 84' lang='lat' dir='ltr'><strong>Psal.</strong></span> <span class='ocrx_word' id='word_1_622' title='bbox 832 4537 1019 4587; x_wconf 80' lang='lat' dir='ltr'><strong>cxvnt,</strong></span> <span class='ocrx_word' id='word_1_623' title='bbox 1052 4522 1139 4576; x_wconf 82' lang='lat' dir='ltr'>II.</span> <span class='ocrx_word' id='word_1_624' title='bbox 1215 4522 1258 4554; x_wconf 69' lang='grc' dir='ltr'>δ’</span> <span class='ocrx_word' id='word_1_625' title='bbox 1291 4522 1435 4577; x_wconf 87' lang='lat' dir='ltr'><strong>Psal.</strong></span> <span class='ocrx_word' id='word_1_626' title='bbox 1464 4537 1573 4587; x_wconf 77' lang='grc' dir='ltr'>ινι,</span> <span class='ocrx_word' id='word_1_627' title='bbox 1607 4522 1659 4576; x_wconf 88' lang='grc'><strong>9.</strong></span> <span class='ocrx_word' id='word_1_628' title='bbox 1713 4521 1760 4554; x_wconf 65' lang='grc'><strong>⁸⁸</strong></span> <span class='ocrx_word' id='word_1_629' title='bbox 1792 4520 1807 4573; x_wconf 95' lang='lat' dir='ltr'><strong>l</strong></span> <span class='ocrx_word' id='word_1_630' title='bbox 1836 4521 1993 4577; x_wconf 81' lang='lat' dir='ltr'><strong>Joan.</strong></span> <span class='ocrx_word' id='word_1_631' title='bbox 2031 4536 2092 4588; x_wconf 89' lang='grc' dir='ltr'><strong>ιι,</strong></span> 
     </span>
    </p>
   </div>
   <div class='ocr_carea' id='block_1_85' title="bbox 2202 4519 2725 4590">
    <p class='ocr_par' dir='ltr' id='par_1_85' title="bbox 2244 4522 2725 4590">
     <span class='ocr_line' id='line_1_85' title="bbox 2244 4522 2725 4590; baseline 0.01 -14"><span class='ocrx_word' id='word_1_632' title='bbox 2244 4522 2290 4554; x_wconf 69' lang='grc' dir='ltr'>δ’</span> <span class='ocrx_word' id='word_1_633' title='bbox 2324 4524 2479 4580; x_wconf 80' lang='lat' dir='ltr'><strong>Rom.</strong></span> <span class='ocrx_word' id='word_1_634' title='bbox 2519 4540 2600 4590; x_wconf 88' lang='lat' dir='ltr'><strong>lii,</strong></span> <span class='ocrx_word' id='word_1_635' title='bbox 2636 4526 2725 4581; x_wconf 75' lang='lat'><strong>25.</strong></span> 
     </span>
    </p>
   </div>
   <div class='ocr_carea' id='block_1_86' title="bbox 1599 4674 2663 4733">
    <p class='ocr_par' dir='ltr' id='par_1_86' title="bbox 1599 4674 2663 4733">
     <span class='ocr_line' id='line_1_86' title="bbox 1599 4674 2663 4733; baseline 0.006 -7"><span class='ocrx_word' id='word_1_636' title='bbox 1599 4675 1837 4728; x_wconf 65' lang='lat' dir='ltr'><strong>VAIiIzE</strong></span> <span class='ocrx_word' id='word_1_637' title='bbox 1880 4674 2266 4733; x_wconf 81' lang='lat' dir='ltr'><strong>LECTIONES</strong></span> <span class='ocrx_word' id='word_1_638' title='bbox 2304 4677 2389 4731; x_wconf 84' lang='lat' dir='ltr'><strong>ET</strong></span> <span class='ocrx_word' id='word_1_639' title='bbox 2433 4679 2663 4732; x_wconf 65' lang='grc' dir='ltr'><strong>ΝΟΤἉΕ.</strong></span> 
     </span>
    </p>
   </div>
   <div class='ocr_carea' id='block_1_87' title="bbox 588 4832 2093 4917">
    <p class='ocr_par' dir='ltr' id='par_1_87' title="bbox 588 4832 2093 4917">
     <span class='ocr_line' id='line_1_87' title="bbox 588 4832 2093 4917; baseline 0 -27"><span class='ocrx_word' id='word_1_640' title='bbox 588 4834 699 4905; x_wconf 75' lang='grc'><strong>(29)</strong></span> <span class='ocrx_word' id='word_1_641' title='bbox 735 4835 999 4917; x_wconf 41' lang='lat' dir='ltr'><strong>Apenas.</strong></span> <span class='ocrx_word' id='word_1_642' title='bbox 1026 4832 1224 4898; x_wconf 79' lang='lat' dir='ltr'><strong>Malim,</strong></span> <span class='ocrx_word' id='word_1_643' title='bbox 1248 4832 1385 4913; x_wconf 80' lang='grc' dir='ltr'>αὐτή</span> <span class='ocrx_word' id='word_1_644' title='bbox 1420 4850 1500 4917; x_wconf 77' lang='grc' dir='ltr'><strong>τε,</strong></span> <span class='ocrx_word' id='word_1_645' title='bbox 1531 4836 1655 4905; x_wconf 90' lang='lat' dir='ltr'><strong>quia</strong></span> <span class='ocrx_word' id='word_1_646' title='bbox 1693 4838 1970 4917; x_wconf 58' lang='lat' dir='ltr'><strong>praecessit</strong></span> <span class='ocrx_word' id='word_1_647' title='bbox 1994 4836 2093 4917; x_wconf 62' lang='grc' dir='ltr'>αὐξ-</span> 
     </span>
    </p>
   </div>
   <div class='ocr_carea' id='block_1_88' title="bbox 2202 4832 3785 4917">
    <p class='ocr_par' dir='ltr' id='par_1_88' title="bbox 2206 4837 3785 4917">
     <span class='ocr_line' id='line_1_88' title="bbox 2206 4837 3785 4917; baseline 0.006 -25"><span class='ocrx_word' id='word_1_648' title='bbox 2206 4837 2425 4917; x_wconf 47' lang='lat' dir='ltr'><strong>Veranii</strong></span> <span class='ocrx_word' id='word_1_649' title='bbox 2458 4840 3006 4917; x_wconf 56' lang='grc' dir='ltr'>μεθ-φυλαττόμενον,</span> <span class='ocrx_word' id='word_1_650' title='bbox 3059 4843 3197 4917; x_wconf 64' lang='lat' dir='ltr'><strong>idem</strong></span> <span class='ocrx_word' id='word_1_651' title='bbox 3245 4843 3404 4917; x_wconf 77' lang='lat' dir='ltr'><strong>habet</strong></span> <span class='ocrx_word' id='word_1_652' title='bbox 3431 4843 3785 4917; x_wconf 68' lang='grc' dir='ltr'>φυλαττομέ-</span> 
     </span>
    </p>
   </div>
   <div class='ocr_carea' id='block_1_89' title="bbox 511 4904 2089 4974">
    <p class='ocr_par' dir='ltr' id='par_1_89' title="bbox 511 4904 2089 4974">
     <span class='ocr_line' id='line_1_89' title="bbox 511 4904 2089 4974; baseline 0.003 -17"><span class='ocrx_word' id='word_1_653' title='bbox 511 4906 601 4969; x_wconf 85' lang='grc' dir='ltr'>τός</span> <span class='ocrx_word' id='word_1_654' title='bbox 631 4920 713 4958; x_wconf 77' lang='grc' dir='ltr'>τε.</span> <span class='ocrx_word' id='word_1_655' title='bbox 769 4906 845 4957; x_wconf 83' lang='lat' dir='ltr'><strong>Ad</strong></span> <span class='ocrx_word' id='word_1_656' title='bbox 900 4904 1037 4957; x_wconf 89' lang='lat' dir='ltr'><strong>hanc</strong></span> <span class='ocrx_word' id='word_1_657' title='bbox 1084 4918 1242 4974; x_wconf 80' lang='lat' dir='ltr'><strong>porro</strong></span> <span class='ocrx_word' id='word_1_658' title='bbox 1300 4904 1457 4974; x_wconf 81' lang='lat' dir='ltr'><strong>epist.</strong></span> <span class='ocrx_word' id='word_1_659' title='bbox 1511 4904 1689 4974; x_wconf 65' lang='lat' dir='ltr'><strong>operai</strong></span> <span class='ocrx_word' id='word_1_660' title='bbox 1725 4908 1963 4974; x_wconf 88' lang='lat' dir='ltr'><strong>pretium</strong></span> <span class='ocrx_word' id='word_1_661' title='bbox 2004 4914 2089 4961; x_wconf 82' lang='lat' dir='ltr'><strong>est</strong></span> 
     </span>
    </p>
   </div>
   <div class='ocr_carea' id='block_1_90' title="bbox 515 4968 2085 5042">
    <p class='ocr_par' dir='ltr' id='par_1_90' title="bbox 515 4968 2085 5042">
     <span class='ocr_line' id='line_1_90' title="bbox 515 4968 2085 5042; baseline 0.003 -16"><span class='ocrx_word' id='word_1_662' title='bbox 515 4968 763 5028; x_wconf 79' lang='lat' dir='ltr'><strong>conferre</strong></span> <span class='ocrx_word' id='word_1_663' title='bbox 799 4989 903 5028; x_wconf 92' lang='lat' dir='ltr'><strong>non</strong></span> <span class='ocrx_word' id='word_1_664' title='bbox 934 4968 1097 5027; x_wconf 82' lang='lat' dir='ltr'><strong>modo</strong></span> <span class='ocrx_word' id='word_1_665' title='bbox 1132 4972 1320 5027; x_wconf 86' lang='lat' dir='ltr'><strong>Isidori</strong></span> <span class='ocrx_word' id='word_1_666' title='bbox 1336 4968 1505 5041; x_wconf 79' lang='lat' dir='ltr'><strong>epist.</strong></span> <span class='ocrx_word' id='word_1_667' title='bbox 1536 4968 1625 5037; x_wconf 74' lang='lat'><strong>&#39;78,</strong></span> <span class='ocrx_word' id='word_1_668' title='bbox 1658 4968 1795 5031; x_wconf 79' lang='lat' dir='ltr'><strong>inl&#39;ra</strong></span> <span class='ocrx_word' id='word_1_669' title='bbox 1842 4986 1894 5031; x_wconf 90' lang='lat' dir='ltr'><strong>et</strong></span> <span class='ocrx_word' id='word_1_670' title='bbox 1928 4976 2085 5042; x_wconf 88' lang='lat' dir='ltr'><strong>alias,</strong></span> 
     </span>
    </p>
   </div>
   <div class='ocr_carea' id='block_1_91' title="bbox 516 5043 2088 5115">
    <p class='ocr_par' dir='ltr' id='par_1_91' title="bbox 516 5043 2088 5115">
     <span class='ocr_line' id='line_1_91' title="bbox 516 5043 2088 5115; baseline 0.003 -21"><span class='ocrx_word' id='word_1_671' title='bbox 516 5044 607 5115; x_wconf 54' lang='lat' dir='ltr'><strong>sed</strong></span> <span class='ocrx_word' id='word_1_672' title='bbox 636 5044 795 5095; x_wconf 85' lang='lat' dir='ltr'><strong>etiam</strong></span> <span class='ocrx_word' id='word_1_673' title='bbox 832 5058 949 5111; x_wconf 63' lang='lat' dir='ltr'><strong>qua:</strong></span> <span class='ocrx_word' id='word_1_674' title='bbox 972 5044 1049 5115; x_wconf 88' lang='lat' dir='ltr'><strong>_de</strong></span> <span class='ocrx_word' id='word_1_675' title='bbox 1080 5043 1361 5111; x_wconf 88' lang='lat' dir='ltr'><strong>utriusque</strong></span> <span class='ocrx_word' id='word_1_676' title='bbox 1386 5045 1661 5106; x_wconf 74' lang='lat' dir='ltr'><strong>castitate.</strong></span> <span class='ocrx_word' id='word_1_677' title='bbox 1691 5056 1745 5101; x_wconf 89' lang='lat' dir='ltr'><strong>et</strong></span> <span class='ocrx_word' id='word_1_678' title='bbox 1776 5046 1995 5115; x_wconf 84' lang='lat' dir='ltr'><strong>Josephi</strong></span> <span class='ocrx_word' id='word_1_679' title='bbox 2033 5054 2088 5099; x_wconf 86' lang='lat' dir='ltr'><strong>et</strong></span> 
     </span>
    </p>
   </div>
   <div class='ocr_carea' id='block_1_92' title="bbox 517 5110 2088 5182">
    <p class='ocr_par' dir='ltr' id='par_1_92' title="bbox 517 5110 2088 5182">
     <span class='ocr_line' id='line_1_92' title="bbox 517 5110 2088 5182; baseline 0.003 -18"><span class='ocrx_word' id='word_1_680' title='bbox 517 5110 798 5176; x_wconf 72' lang='lat' dir='ltr'><strong>Susannre,</strong></span> <span class='ocrx_word' id='word_1_681' title='bbox 828 5110 1082 5181; x_wconf 69' lang='lat' dir='ltr'><strong>praeclare</strong></span> <span class='ocrx_word' id='word_1_682' title='bbox 1104 5115 1318 5181; x_wconf 88' lang='lat' dir='ltr'><strong>scripsit</strong></span> <span class='ocrx_word' id='word_1_683' title='bbox 1350 5122 1538 5182; x_wconf 80' lang='lat' dir='ltr'><strong>auctor</strong></span> <span class='ocrx_word' id='word_1_684' title='bbox 1560 5116 1679 5170; x_wconf 85' lang='lat' dir='ltr'><strong>libri</strong></span> <span class='ocrx_word' id='word_1_685' title='bbox 1714 5118 1786 5169; x_wconf 87' lang='lat' dir='ltr'><strong>De</strong></span> <span class='ocrx_word' id='word_1_686' title='bbox 1805 5110 2088 5182; x_wconf 71' lang='lat' dir='ltr'><strong>disciplina</strong></span> 
     </span>
    </p>
   </div>
   <div class='ocr_carea' id='block_1_93' title="bbox 515 5180 2086 5256">
    <p class='ocr_par' dir='ltr' id='par_1_93' title="bbox 515 5180 2086 5256">
     <span class='ocr_line' id='line_1_93' title="bbox 515 5180 2086 5256; baseline 0.004 -23"><span class='ocrx_word' id='word_1_687' title='bbox 515 5190 563 5256; x_wconf 86' lang='lat' dir='ltr'><strong>_et</strong></span> <span class='ocrx_word' id='word_1_688' title='bbox 605 5184 735 5256; x_wconf 76' lang='lat' dir='ltr'><strong>bona</strong></span> <span class='ocrx_word' id='word_1_689' title='bbox 767 5182 1060 5256; x_wconf 57' lang='grc' dir='ltr'><strong>Δνιιιιζςίιίιε,</strong></span> <span class='ocrx_word' id='word_1_690' title='bbox 1104 5180 1340 5249; x_wconf 85' lang='lat' dir='ltr'><strong>quicum</strong></span> <span class='ocrx_word' id='word_1_691' title='bbox 1367 5180 1625 5254; x_wconf 84' lang='lat' dir='ltr'><strong>Cypriani</strong></span> <span class='ocrx_word' id='word_1_692' title='bbox 1654 5188 1908 5256; x_wconf 89' lang='lat' dir='ltr'><strong>operibus</strong></span> <span class='ocrx_word' id='word_1_693' title='bbox 1941 5180 2086 5241; x_wconf 10' lang='lat' dir='ltr'><strong>icon-</strong></span> 
     </span>
    </p>
   </div>
   <div class='ocr_carea' id='block_1_94' title="bbox 510 5250 1132 5318">
    <p class='ocr_par' dir='ltr' id='par_1_94' title="bbox 510 5250 1132 5318">
     <span class='ocr_line' id='line_1_94' title="bbox 510 5250 1132 5318; baseline 0.01 -19"><span class='ocrx_word' id='word_1_694' title='bbox 510 5250 659 5318; x_wconf 87' lang='lat' dir='ltr'><strong>jungi</strong></span> <span class='ocrx_word' id='word_1_695' title='bbox 702 5251 855 5306; x_wconf 84' lang='lat' dir='ltr'><strong>solet.</strong></span> <span class='ocrx_word' id='word_1_696' title='bbox 891 5250 1132 5305; x_wconf 68' lang='lat' dir='ltr'><strong>Binan.</strong></span> 
     </span>
    </p>
   </div>
   <div class='ocr_carea' id='block_1_95' title="bbox 587 5319 2080 5397">
    <p class='ocr_par' dir='ltr' id='par_1_95' title="bbox 587 5319 2080 5397">
     <span class='ocr_line' id='line_1_95' title="bbox 587 5319 2080 5397; baseline 0.003 -21"><span class='ocrx_word' id='word_1_697' title='bbox 587 5319 858 5397; x_wconf 51' lang='grc' dir='ltr'><strong>(δώροις.</strong></span> <span class='ocrx_word' id='word_1_698' title='bbox 895 5320 1012 5376; x_wconf 76' lang='lat' dir='ltr'><strong>Vat.</strong></span> <span class='ocrx_word' id='word_1_699' title='bbox 1056 5321 1173 5397; x_wconf 83' lang='lat'><strong>650_</strong></span> <span class='ocrx_word' id='word_1_700' title='bbox 1208 5335 1317 5397; x_wconf 71' lang='lat' dir='ltr'><strong>pro</strong></span> <span class='ocrx_word' id='word_1_701' title='bbox 1341 5322 1535 5397; x_wconf 68' lang='grc' dir='ltr'>ᾇλογος</span> <span class='ocrx_word' id='word_1_702' title='bbox 1580 5324 1706 5396; x_wconf 89' lang='lat' dir='ltr'><strong>legit</strong></span> <span class='ocrx_word' id='word_1_703' title='bbox 1754 5327 2080 5397; x_wconf 82' lang='grc' dir='ltr'>παράλογος.</span> 
     </span>
    </p>
   </div>
   <div class='ocr_carea' id='block_1_96' title="bbox 514 5386 2081 5463">
    <p class='ocr_par' dir='ltr' id='par_1_96' title="bbox 514 5386 2081 5463">
     <span class='ocr_line' id='line_1_96' title="bbox 514 5386 2081 5463; baseline 0.005 -21"><span class='ocrx_word' id='word_1_704' title='bbox 514 5386 754 5443; x_wconf 53' lang='grc' dir='ltr'><strong>νθὶεζϐ.</strong></span> <span class='ocrx_word' id='word_1_705' title='bbox 774 5386 834 5445; x_wconf 77' lang='grc' dir='ltr'>ἐῦ</span> <span class='ocrx_word' id='word_1_706' title='bbox 868 5400 990 5445; x_wconf 81' lang='lat' dir='ltr'><strong>ante</strong></span> <span class='ocrx_word' id='word_1_707' title='bbox 1006 5386 1282 5462; x_wconf 79' lang='grc' dir='ltr'>προγόνων</span> <span class='ocrx_word' id='word_1_708' title='bbox 1306 5386 1706 5463; x_wconf 36' lang='lat' dir='ltr'><strong>idem-mutatum</strong></span> <span class='ocrx_word' id='word_1_709' title='bbox 1727 5386 1910 5463; x_wconf 67' lang='grc' dir='ltr'>ἐκ.,ἰιι</span> <span class='ocrx_word' id='word_1_710' title='bbox 1943 5386 2081 5451; x_wconf 74' lang='lat' dir='ltr'><strong>vers.</strong></span> 
     </span>
    </p>
   </div>
   <div class='ocr_carea' id='block_1_97' title="bbox 512 5462 1541 5531">
    <p class='ocr_par' dir='ltr' id='par_1_97' title="bbox 512 5462 1541 5531">
     <span class='ocr_line' id='line_1_97' title="bbox 512 5462 1541 5531; baseline 0.006 -19"><span class='ocrx_word' id='word_1_711' title='bbox 512 5475 626 5531; x_wconf 75' lang='lat' dir='ltr'><strong>seq.</strong></span> <span class='ocrx_word' id='word_1_712' title='bbox 669 5470 791 5531; x_wconf 63' lang='lat' dir='ltr'><strong>ante</strong></span> <span class='ocrx_word' id='word_1_713' title='bbox 818 5463 983 5531; x_wconf 85' lang='grc' dir='ltr'>τιμὴν</span> <span class='ocrx_word' id='word_1_714' title='bbox 1011 5463 1159 5531; x_wconf 91' lang='lat' dir='ltr'><strong>ponit</strong></span> <span class='ocrx_word' id='word_1_715' title='bbox 1182 5464 1298 5531; x_wconf 76' lang='grc' dir='ltr'>τήν.</span> <span class='ocrx_word' id='word_1_716' title='bbox 1334 5462 1541 5518; x_wconf 78' lang='lat' dir='ltr'><strong>Possm.</strong></span> 
     </span>
    </p>
   </div>
   <div class='ocr_carea' id='block_1_98' title="bbox 548 5528 2082 5654">
    <p class='ocr_par' dir='ltr' id='par_1_98' title="bbox 548 5528 2082 5654">
     <span class='ocr_line' id='line_1_98' title="bbox 581 5528 2082 5607; baseline 0.004 -24"><span class='ocrx_word' id='word_1_717' title='bbox 581 5530 693 5598; x_wconf 74' lang='grc'><strong>(51)</strong></span> <span class='ocrx_word' id='word_1_718' title='bbox 728 5528 781 5583; x_wconf 94' lang='lat' dir='ltr'><strong>In</strong></span> <span class='ocrx_word' id='word_1_719' title='bbox 816 5528 969 5585; x_wconf 76' lang='lat' dir='ltr'><strong>titulo</strong></span> <span class='ocrx_word' id='word_1_720' title='bbox 996 5528 1091 5601; x_wconf 85' lang='lat' dir='ltr'><strong>pro</strong></span> <span class='ocrx_word' id='word_1_721' title='bbox 1112 5528 1397 5604; x_wconf 61' lang='lat' dir='ltr'><strong>inicito-mp</strong></span> <span class='ocrx_word' id='word_1_722' title='bbox 1424 5535 1561 5590; x_wconf 86' lang='lat' dir='ltr'><strong>idem</strong></span> <span class='ocrx_word' id='word_1_723' title='bbox 1599 5538 1717 5591; x_wconf 88' lang='lat' dir='ltr'><strong>cod.</strong></span> <span class='ocrx_word' id='word_1_724' title='bbox 1765 5538 1925 5592; x_wconf 86' lang='lat' dir='ltr'><strong>habet</strong></span> <span class='ocrx_word' id='word_1_725' title='bbox 1956 5554 2082 5607; x_wconf 82' lang='grc' dir='ltr'>πρε-</span> 
     </span>
     <span class='ocr_line' id='line_1_99' title="bbox 548 5599 880 5654; baseline 0.009 -3"><span class='ocrx_word' id='word_1_726' title='bbox 548 5599 774 5654; x_wconf 78' lang='grc' dir='ltr'>6υτέοω.</span> <span class='ocrx_word' id='word_1_727' title='bbox 807 5602 880 5654; x_wconf 77' lang='lat' dir='ltr'><strong>In.</strong></span> 
     </span>
    </p>
   </div>
   <div class='ocr_carea' id='block_1_99' title="bbox 514 5616 1829 5669">
    <p class='ocr_par' dir='ltr' id='par_1_99' title="bbox 514 5616 1829 5669">
     <span class='ocr_line' id='line_1_100' title="bbox 514 5616 1829 5669; baseline 0.011 -19"><span class='ocrx_word' id='word_1_728' title='bbox 514 5616 774 5669; x_wconf 83' lang='grc' dir='ltr'>σουτερῳ.</span> <span class='ocrx_word' id='word_1_729' title='bbox 808 5616 880 5655; x_wconf 79' lang='lat' dir='ltr'><strong>ID.</strong></span> <span class='ocrx_word' id='word_1_730' title='bbox 1828 5662 1829 5665; x_wconf 44' lang='grc' dir='ltr'><strong>η</strong></span> 
     </span>
    </p>
   </div>
   <div class='ocr_carea' id='block_1_100' title="bbox 584 5617 2085 5751">
    <p class='ocr_par' dir='ltr' id='par_1_100' title="bbox 584 5617 2085 5751">
     <span class='ocr_line' id='line_1_101' title="bbox 584 5617 2085 5751; baseline 0.008 -30"><span class='ocrx_word' id='word_1_731' title='bbox 584 5617 1117 5751; x_wconf 51' lang='grc' dir='ltr'>ἵέξςῗίοὲῗξπίθεμα</span> <span class='ocrx_word' id='word_1_732' title='bbox 1147 5673 1285 5751; x_wconf 79' lang='lat' dir='ltr'><strong>idem</strong></span> <span class='ocrx_word' id='word_1_733' title='bbox 1316 5676 1437 5728; x_wconf 82' lang='lat' dir='ltr'><strong>rod.</strong></span> <span class='ocrx_word' id='word_1_734' title='bbox 1465 5746 1475 5751; x_wconf 25' lang='grc' dir='ltr'><strong>Α</strong></span> <span class='ocrx_word' id='word_1_735' title='bbox 1487 5678 1631 5751; x_wconf 80' lang='lat' dir='ltr'><strong>addit</strong></span> <span class='ocrx_word' id='word_1_736' title='bbox 1654 5662 1863 5751; x_wconf 59' lang='lat' dir='ltr'><strong>ibfi&#39;C‘JSl.</strong></span> <span class='ocrx_word' id='word_1_737' title='bbox 1894 5680 2085 5751; x_wconf 78' lang='grc' dir='ltr'>πῶμα,</span> 
     </span>
    </p>
   </div>
   <div class='ocr_carea' id='block_1_101' title="bbox 513 5742 2082 5821">
    <p class='ocr_par' dir='ltr' id='par_1_101' title="bbox 513 5742 2082 5821">
     <span class='ocr_line' id='line_1_102' title="bbox 513 5742 2082 5821; baseline 0.008 -30"><span class='ocrx_word' id='word_1_738' title='bbox 513 5742 605 5791; x_wconf 67' lang='lat' dir='ltr'><strong>lsed</strong></span> <span class='ocrx_word' id='word_1_739' title='bbox 641 5742 690 5791; x_wconf 80' lang='lat' dir='ltr'><strong>iit</strong></span> <span class='ocrx_word' id='word_1_740' title='bbox 734 5743 969 5811; x_wconf 74' lang='lat' dir='ltr'><strong>tnaigine</strong></span> <span class='ocrx_word' id='word_1_741' title='bbox 1002 5759 1028 5795; x_wconf 85' lang='lat' dir='ltr'><strong>c</strong></span> <span class='ocrx_word' id='word_1_742' title='bbox 1075 5745 1288 5814; x_wconf 75' lang='lat' dir='ltr'><strong>rrgionc</strong></span> <span class='ocrx_word' id='word_1_743' title='bbox 1338 5746 1582 5809; x_wconf 88' lang='lat' dir='ltr'><strong>ascribit,</strong></span> <span class='ocrx_word' id='word_1_744' title='bbox 1634 5750 1706 5812; x_wconf 78' lang='grc' dir='ltr'>ὡς</span> <span class='ocrx_word' id='word_1_745' title='bbox 1747 5750 1809 5801; x_wconf 78' lang='grc' dir='ltr'><strong>ἂν</strong></span> <span class='ocrx_word' id='word_1_746' title='bbox 1849 5742 2082 5821; x_wconf 64' lang='grc' dir='ltr'>εἴποιμι.</span> 
     </span>
    </p>
   </div>
   <div class='ocr_carea' id='block_1_102' title="bbox 2198 4908 3788 5032">
    <p class='ocr_par' dir='ltr' id='par_1_102' title="bbox 2198 4908 3788 5032">
     <span class='ocr_line' id='line_1_103' title="bbox 2198 4908 3788 5032; baseline 0.008 -71"><span class='ocrx_word' id='word_1_747' title='bbox 2198 4925 2315 5032; x_wconf 61' lang='grc' dir='ltr'>ἄορ.</span> <span class='ocrx_word' id='word_1_748' title='bbox 2356 4908 2509 5031; x_wconf 61' lang='lat' dir='ltr'><strong>Vcirs.</strong></span> <span class='ocrx_word' id='word_1_749' title='bbox 2546 4911 2576 4961; x_wconf 82' lang='lat'><strong>7</strong></span> <span class='ocrx_word' id='word_1_750' title='bbox 2628 4911 2768 4965; x_wconf 88' lang='lat' dir='ltr'><strong>inter</strong></span> <span class='ocrx_word' id='word_1_751' title='bbox 2818 4908 2925 4964; x_wconf 79' lang='grc' dir='ltr'><strong>τῶν</strong></span> <span class='ocrx_word' id='word_1_752' title='bbox 2965 4924 3017 4965; x_wconf 88' lang='lat' dir='ltr'><strong>et</strong></span> <span class='ocrx_word' id='word_1_753' title='bbox 3065 4912 3347 4985; x_wconf 84' lang='grc' dir='ltr'>δυνάμεων</span> <span class='ocrx_word' id='word_1_754' title='bbox 3394 4908 3534 4970; x_wconf 80' lang='lat' dir='ltr'><strong>idem</strong></span> <span class='ocrx_word' id='word_1_755' title='bbox 3590 4908 3788 4973; x_wconf 78' lang='lat' dir='ltr'><strong>inserit</strong></span> 
     </span>
     <span class='ocr_line' id='line_1_104' title="bbox 2232 4995 2493 5032; baseline 0.004 -1"><span class='ocrx_word' id='word_1_756' title='bbox 2232 4996 2255 5031; x_wconf 88' lang='grc' dir='ltr'><strong>ε</strong></span> <span class='ocrx_word' id='word_1_757' title='bbox 2282 4996 2379 5031; x_wconf 88' lang='grc' dir='ltr'>ων.</span> <span class='ocrx_word' id='word_1_758' title='bbox 2441 4995 2493 5032; x_wconf 88' lang='lat' dir='ltr'><strong>o.</strong></span> 
     </span>
    </p>
   </div>
   <div class='ocr_carea' id='block_1_103' title="bbox 2232 4978 3778 5123">
    <p class='ocr_par' dir='ltr' id='par_1_103' title="bbox 2232 4978 3778 5123">
     <span class='ocr_line' id='line_1_105' title="bbox 2232 4978 3778 5123; baseline 0.002 -17"><span class='ocrx_word' id='word_1_759' title='bbox 2232 4979 2383 5118; x_wconf 55' lang='grc' dir='ltr'><strong>είᾶἕὶ</strong></span> <span class='ocrx_word' id='word_1_760' title='bbox 2418 4978 2781 5123; x_wconf 52' lang='grc' dir='ltr'>,ξίνθρώποω</span> <span class='ocrx_word' id='word_1_761' title='bbox 2816 5051 2892 5105; x_wconf 83' lang='lat' dir='ltr'><strong>Ne</strong></span> <span class='ocrx_word' id='word_1_762' title='bbox 2940 5054 3061 5121; x_wconf 87' lang='lat' dir='ltr'><strong>quis</strong></span> <span class='ocrx_word' id='word_1_763' title='bbox 3114 5053 3252 5109; x_wconf 80' lang='lat' dir='ltr'><strong>forte</strong></span> <span class='ocrx_word' id='word_1_764' title='bbox 3291 5063 3462 5123; x_wconf 89' lang='lat' dir='ltr'><strong>putet,</strong></span> <span class='ocrx_word' id='word_1_765' title='bbox 3498 5065 3624 5110; x_wconf 86' lang='lat' dir='ltr'><strong>ante</strong></span> <span class='ocrx_word' id='word_1_766' title='bbox 3676 5059 3778 5113; x_wconf 91' lang='lat' dir='ltr'><strong>hoc</strong></span> 
     </span>
    </p>
   </div>
   <div class='ocr_carea' id='block_1_104' title="bbox 2200 5121 3785 5192">
    <p class='ocr_par' dir='ltr' id='par_1_104' title="bbox 2200 5121 3785 5192">
     <span class='ocr_line' id='line_1_106' title="bbox 2200 5121 3785 5192; baseline 0.006 -20"><span class='ocrx_word' id='word_1_767' title='bbox 2200 5135 2395 5192; x_wconf 70' lang='lat' dir='ltr'><strong>nomen</strong></span> <span class='ocrx_word' id='word_1_768' title='bbox 2428 5121 2616 5192; x_wconf 84' lang='lat' dir='ltr'><strong>deesse</strong></span> <span class='ocrx_word' id='word_1_769' title='bbox 2646 5122 2850 5191; x_wconf 84' lang='lat' dir='ltr'><strong>aliquid</strong></span> <span class='ocrx_word' id='word_1_770' title='bbox 2891 5125 3013 5187; x_wconf 88' lang='lat' dir='ltr'><strong>tale,</strong></span> <span class='ocrx_word' id='word_1_771' title='bbox 3063 5124 3227 5177; x_wconf 83' lang='grc' dir='ltr'>είκών</span> <span class='ocrx_word' id='word_1_772' title='bbox 3275 5121 3445 5190; x_wconf 80' lang='grc' dir='ltr'>ἐστιν,</span> <span class='ocrx_word' id='word_1_773' title='bbox 3490 5126 3571 5178; x_wconf 80' lang='lat' dir='ltr'><strong>vel</strong></span> <span class='ocrx_word' id='word_1_774' title='bbox 3614 5129 3785 5192; x_wconf 85' lang='grc' dir='ltr'>τύπος</span> 
     </span>
    </p>
   </div>
   <div class='ocr_carea' id='block_1_105' title="bbox 2195 5187 3781 5320">
    <p class='ocr_par' dir='ltr' id='par_1_105' title="bbox 2195 5187 3781 5320">
     <span class='ocr_line' id='line_1_107' title="bbox 2195 5187 3781 5265; baseline 0.005 -22"><span class='ocrx_word' id='word_1_775' title='bbox 2195 5187 2263 5260; x_wconf 78' lang='grc' dir='ltr'>ἦν</span> <span class='ocrx_word' id='word_1_776' title='bbox 2296 5191 2370 5257; x_wconf 89' lang='lat' dir='ltr'><strong>(id</strong></span> <span class='ocrx_word' id='word_1_777' title='bbox 2404 5191 2545 5259; x_wconf 85' lang='lat' dir='ltr'><strong>quod</strong></span> <span class='ocrx_word' id='word_1_778' title='bbox 2590 5193 2717 5245; x_wconf 90' lang='lat' dir='ltr'><strong>mihi</strong></span> <span class='ocrx_word' id='word_1_779' title='bbox 2741 5187 2931 5261; x_wconf 51' lang='lat' dir='ltr'><strong>&#39;pritna</strong></span> <span class='ocrx_word' id='word_1_780' title='bbox 2962 5193 3141 5249; x_wconf 81' lang='lat' dir='ltr'><strong>fronte</strong></span> <span class='ocrx_word' id='word_1_781' title='bbox 3185 5187 3507 5265; x_wconf 81' lang='lat' dir='ltr'><strong>videbatur),</strong></span> <span class='ocrx_word' id='word_1_782' title='bbox 3545 5196 3591 5249; x_wconf 88' lang='lat' dir='ltr'><strong>is</strong></span> <span class='ocrx_word' id='word_1_783' title='bbox 3622 5187 3781 5264; x_wconf 64' lang='lat' dir='ltr'><strong>sciat,</strong></span> 
     </span>
     <span class='ocr_line' id='line_1_108' title="bbox 2195 5261 3781 5320; baseline 0.003 -5"><span class='ocrx_word' id='word_1_784' title='bbox 2195 5261 2303 5315; x_wconf 86' lang='grc' dir='ltr'>ἀπὸ</span> <span class='ocrx_word' id='word_1_785' title='bbox 2330 5261 2511 5315; x_wconf 83' lang='grc' dir='ltr'>κοινοῦ</span> <span class='ocrx_word' id='word_1_786' title='bbox 2560 5265 2849 5320; x_wconf 83' lang='lat' dir='ltr'><strong>repetenda</strong></span> <span class='ocrx_word' id='word_1_787' title='bbox 2897 5272 2951 5317; x_wconf 89' lang='lat' dir='ltr'><strong>et</strong></span> <span class='ocrx_word' id='word_1_788' title='bbox 2995 5266 3224 5320; x_wconf 80' lang='lat' dir='ltr'><strong>aptanda</strong></span> <span class='ocrx_word' id='word_1_789' title='bbox 3273 5266 3523 5320; x_wconf 87' lang='lat' dir='ltr'><strong>omnibus</strong></span> <span class='ocrx_word' id='word_1_790' title='bbox 3575 5282 3781 5320; x_wconf 77' lang='lat' dir='ltr'><strong>prince-</strong></span> 
     </span>
    </p>
   </div>
   <div class='ocr_carea' id='block_1_106' title="bbox 2193 5278 3782 5410">
    <p class='ocr_par' dir='ltr' id='par_1_106' title="bbox 2193 5278 3782 5410">
     <span class='ocr_line' id='line_1_109' title="bbox 2195 5278 3782 5335; baseline 0.004 -20"><span class='ocrx_word' id='word_1_791' title='bbox 2195 5278 2303 5315; x_wconf 86' lang='grc' dir='ltr'><strong>απο</strong></span> <span class='ocrx_word' id='word_1_792' title='bbox 2330 5279 2511 5315; x_wconf 84' lang='grc' dir='ltr'>κοινου</span> <span class='ocrx_word' id='word_1_793' title='bbox 2560 5278 2849 5332; x_wconf 79' lang='lat' dir='ltr'><strong>repetentia</strong></span> <span class='ocrx_word' id='word_1_794' title='bbox 2897 5278 2951 5317; x_wconf 89' lang='lat' dir='ltr'><strong>et</strong></span> <span class='ocrx_word' id='word_1_795' title='bbox 2995 5278 3224 5333; x_wconf 82' lang='lat' dir='ltr'><strong>aptanda</strong></span> <span class='ocrx_word' id='word_1_796' title='bbox 3273 5278 3523 5320; x_wconf 82' lang='lat' dir='ltr'><strong>omnibus</strong></span> <span class='ocrx_word' id='word_1_797' title='bbox 3575 5282 3782 5335; x_wconf 76' lang='lat' dir='ltr'><strong>prince-</strong></span> 
     </span>
     <span class='ocr_line' id='line_1_110' title="bbox 2193 5331 3780 5410; baseline 0.006 -26"><span class='ocrx_word' id='word_1_798' title='bbox 2193 5331 2441 5410; x_wconf 60' lang='lat' dir='ltr'><strong>tlentibus</strong></span> <span class='ocrx_word' id='word_1_799' title='bbox 2497 5333 2583 5384; x_wconf 80' lang='lat' dir='ltr'><strong>illa</strong></span> <span class='ocrx_word' id='word_1_800' title='bbox 2633 5342 2794 5403; x_wconf 80' lang='lat' dir='ltr'><strong>(vers.</strong></span> <span class='ocrx_word' id='word_1_801' title='bbox 2828 5332 2937 5403; x_wconf 82' lang='lat' dir='ltr'><strong>Il),</strong></span> <span class='ocrx_word' id='word_1_802' title='bbox 2975 5334 3163 5407; x_wconf 84' lang='grc' dir='ltr'>ἐδήλου</span> <span class='ocrx_word' id='word_1_803' title='bbox 3217 5336 3426 5406; x_wconf 85' lang='grc' dir='ltr'>ἐναργῆ</span> <span class='ocrx_word' id='word_1_804' title='bbox 3473 5339 3780 5410; x_wconf 78' lang='grc' dir='ltr'>τεκμήρια.</span> 
     </span>
    </p>
   </div>
   <div class='ocr_carea' id='block_1_107' title="bbox 2191 5403 3779 5541">
    <p class='ocr_par' dir='ltr' id='par_1_107' title="bbox 2191 5403 3779 5541">
     <span class='ocr_line' id='line_1_111' title="bbox 2191 5403 3779 5541; baseline 0.002 -13"><span class='ocrx_word' id='word_1_805' title='bbox 2191 5403 2378 5541; x_wconf 47' lang='grc' dir='ltr'><strong>ωειλ)</strong></span> <span class='ocrx_word' id='word_1_806' title='bbox 2410 5471 2513 5525; x_wconf 87' lang='lat' dir='ltr'><strong>Pro</strong></span> <span class='ocrx_word' id='word_1_807' title='bbox 2542 5471 2834 5540; x_wconf 78' lang='grc' dir='ltr'>ἐφύλαττον</span> <span class='ocrx_word' id='word_1_808' title='bbox 2856 5476 2973 5529; x_wconf 82' lang='lat' dir='ltr'><strong>cod.</strong></span> <span class='ocrx_word' id='word_1_809' title='bbox 2998 5476 3117 5530; x_wconf 76' lang='lat' dir='ltr'><strong>Viti.</strong></span> <span class='ocrx_word' id='word_1_810' title='bbox 3150 5478 3254 5533; x_wconf 77' lang='lat'><strong>650</strong></span> <span class='ocrx_word' id='word_1_811' title='bbox 3272 5477 3430 5531; x_wconf 72' lang='lat' dir='ltr'><strong>habet</strong></span> <span class='ocrx_word' id='word_1_812' title='bbox 3453 5477 3779 5541; x_wconf 83' lang='grc' dir='ltr'>ἐκάλυπτον,</span> 
     </span>
    </p>
   </div>
   <div class='ocr_carea' id='block_1_108' title="bbox 2195 5543 3776 5623">
    <p class='ocr_par' dir='ltr' id='par_1_108' title="bbox 2195 5543 3776 5623">
     <span class='ocr_line' id='line_1_112' title="bbox 2195 5543 3776 5623; baseline 0.004 -27"><span class='ocrx_word' id='word_1_813' title='bbox 2195 5554 2247 5596; x_wconf 79' lang='lat' dir='ltr'><strong>et</strong></span> <span class='ocrx_word' id='word_1_814' title='bbox 2302 5558 2555 5623; x_wconf 36' lang='lat' dir='ltr'><strong>innit‘pro</strong></span> <span class='ocrx_word' id='word_1_815' title='bbox 2592 5543 2973 5623; x_wconf 60' lang='lat' dir='ltr'><strong>sot&#39;i_&#39;rbv_legit_</strong></span> <span class='ocrx_word' id='word_1_816' title='bbox 3004 5546 3190 5601; x_wconf 88' lang='grc' dir='ltr'>τοῦτον</span> <span class='ocrx_word' id='word_1_817' title='bbox 3222 5548 3331 5601; x_wconf 79' lang='grc' dir='ltr'>τόν.</span> <span class='ocrx_word' id='word_1_818' title='bbox 3375 5548 3529 5623; x_wconf 64' lang='lat' dir='ltr'><strong>\&#39;_ei&#39;s.</strong></span> <span class='ocrx_word' id='word_1_819' title='bbox 3572 5549 3776 5623; x_wconf 57' lang='lat' dir='ltr'><strong>posti,</strong></span> 
     </span>
    </p>
   </div>
   <div class='ocr_carea' id='block_1_109' title="bbox 2198 5615 3780 5688">
    <p class='ocr_par' dir='ltr' id='par_1_109' title="bbox 2198 5615 3780 5688">
     <span class='ocr_line' id='line_1_113' title="bbox 2198 5615 3780 5688; baseline 0.005 -21"><span class='ocrx_word' id='word_1_820' title='bbox 2198 5625 2311 5688; x_wconf 86' lang='lat' dir='ltr'><strong>post</strong></span> <span class='ocrx_word' id='word_1_821' title='bbox 2342 5615 2532 5688; x_wconf 68' lang='grc' dir='ltr'>ἐδήλου</span> <span class='ocrx_word' id='word_1_822' title='bbox 2586 5616 2729 5688; x_wconf 68' lang='lat' dir='ltr'><strong>addit</strong></span> <span class='ocrx_word' id='word_1_823' title='bbox 2764 5617 2892 5688; x_wconf 57' lang='grc' dir='ltr'>γάρ,</span> <span class='ocrx_word' id='word_1_824' title='bbox 2934 5616 3086 5671; x_wconf 77' lang='lat' dir='ltr'><strong>Vrrs.</strong></span> <span class='ocrx_word' id='word_1_825' title='bbox 3117 5634 3232 5687; x_wconf 83' lang='lat' dir='ltr'><strong>seq.</strong></span> <span class='ocrx_word' id='word_1_826' title='bbox 3272 5634 3370 5688; x_wconf 90' lang='lat' dir='ltr'><strong>pro</strong></span> <span class='ocrx_word' id='word_1_827' title='bbox 3400 5618 3547 5683; x_wconf 81' lang='grc' dir='ltr'>ὅστις</span> <span class='ocrx_word' id='word_1_828' title='bbox 3574 5615 3780 5675; x_wconf 72' lang='grc' dir='ltr'>’δςτὶιιίι</span> 
     </span>
    </p>
   </div>
   <div class='ocr_carea' id='block_1_110' title="bbox 2197 5684 3780 5761">
    <p class='ocr_par' dir='ltr' id='par_1_110' title="bbox 2197 5684 3780 5761">
     <span class='ocr_line' id='line_1_114' title="bbox 2197 5684 3780 5761; baseline 0.006 -27"><span class='ocrx_word' id='word_1_829' title='bbox 2197 5684 2446 5761; x_wconf 50' lang='grc' dir='ltr'>ἰιιμιιιιξτι</span> <span class='ocrx_word' id='word_1_830' title='bbox 2490 5687 2536 5736; x_wconf 87' lang='grc' dir='ltr'><strong>ὁ.</strong></span> <span class='ocrx_word' id='word_1_831' title='bbox 2593 5684 2742 5740; x_wconf 74' lang='lat' dir='ltr'><strong>Veis.</strong></span> <span class='ocrx_word' id='word_1_832' title='bbox 2800 5684 2920 5742; x_wconf 82' lang='lat' dir='ltr'><strong>itide</strong></span> <span class='ocrx_word' id='word_1_833' title='bbox 2969 5684 3348 5758; x_wconf 41' lang='lat' dir='ltr'><strong>qttiiit0,&#39;:t:itc</strong></span> <span class='ocrx_word' id='word_1_834' title='bbox 3393 5689 3589 5761; x_wconf 75' lang='grc' dir='ltr'>λύτρον</span> <span class='ocrx_word' id='word_1_835' title='bbox 3644 5690 3780 5746; x_wconf 87' lang='lat' dir='ltr'><strong>tollit</strong></span> 
     </span>
    </p>
   </div>
   <div class='ocr_carea' id='block_1_111' title="bbox 2197 5754 2573 5823">
    <p class='ocr_par' dir='ltr' id='par_1_111' title="bbox 2197 5754 2573 5823">
     <span class='ocr_line' id='line_1_115' title="bbox 2197 5754 2573 5823; baseline 0.008 -17"><span class='ocrx_word' id='word_1_836' title='bbox 2197 5755 2322 5823; x_wconf 79' lang='grc' dir='ltr'>γάρ.</span> <span class='ocrx_word' id='word_1_837' title='bbox 2360 5754 2573 5808; x_wconf 75' lang='lat' dir='ltr'><strong>Possm.</strong></span> 
     </span>
    </p>
   </div>
   <div class='ocr_carea' id='block_1_112' title="bbox 3838 230 3873 267">
    <p class='ocr_par' dir='ltr' id='par_1_112' title="bbox 3838 230 3873 267">
     <span class='ocr_line' id='line_1_116' title="bbox 3838 230 3873 267; baseline 0 -6"><span class='ocrx_word' id='word_1_838' title='bbox 3838 230 3873 267; x_wconf 54' lang='grc' dir='ltr'>,ἢ</span> 
     </span>
    </p>
   </div>
   <div class='ocr_carea' id='block_1_113' title="bbox 3638 246 3925 397">
    <p class='ocr_par' dir='ltr' id='par_1_113' title="bbox 3638 246 3925 397">
     <span class='ocr_line' id='line_1_117' title="bbox 3638 246 3925 397; baseline 0 -34"><span class='ocrx_word' id='word_1_839' title='bbox 3638 246 3795 387; x_wconf 58' lang='lat' dir='ltr'><strong>aa</strong></span> <span class='ocrx_word' id='word_1_840' title='bbox 3838 246 3925 379; x_wconf 49' lang='grc' dir='ltr'>τῆξ</span> 
     </span>
    </p>
   </div>
  </div>
