3976 6472
173 427 308 496 H33

1062 428 1602 490 EPISTOLARUM
1641 429 1787 489 LIB.
1830 429 1928 490 ιγ.
1967 453 2036 462 --·
2071 429 2309 489 EPIST.
2354 428 2604 490 LXXIV.

3320 419 3456 484 113i.

175 537 358 610 σύν-ην.
418 535 810 606 Ἀντεισήγαγε
852 534 956 608 γάρ
990 534 1185 607 λύτρον
1208 547 1299 590 τιν
1338 538 1641 608 Μονογενῆ,
1671 537 1758 589 ἵνα

1872 539 2023 607 ςιιίιιο
2069 553 2221 591 suam
2274 539 2585 593 ostenderet
2623 534 2915 604 justitiam.
2959 533 3260 589 Introduxit
3311 537 3456 587 enim

173 633 269 705 ῑχῃ
296 631 458 698 λόγον
491 632 522 700 ή
565 631 747 698 χάρις.
792 628 888 682 'Ev
917 629 1026 697 γάρ
1055 627 1196 699 ὑπὲρ
1238 624 1476 693 πάντων,
1507 629 1601 682 καὶ
1623 627 1765 696 ὑπὲρ

170 726 267 784 τὴν
315 726 538 779 πάντων
565 722 723 788 ἀξίαν
757 723 950 794 ἱερεῖον
979 720 1295 792 δεξάμενος,
1327 723 1420 776 καὶ
1443 721 1540 792 τὴν
1563 720 1764 792 ἔχθραν

165 819 348 882 ἔλυσε,
393 817 488 870 καὶ
530 813 628 886 τὴν
688 812 989 883 καταδίκην
1035 813 1234 883 ἀφῆκε,
1262 809 1357 867 καὶ
1384 815 1464 878 είς
1491 811 1765 865 υἱοθεσίαν

168 909 340 978 ἀνῆγε
375 907 508 977 (55),
541 907 635 960 καὶ
677 904 892 977 μυρίοις
945 904 1170 973 ἀγαθοῖς
1221 903 1522 975 ἐκόσμησε.
1570 902 1654 958 Τὰ
1706 901 1765 957 δὲ

169 997 459 1071 χερουϐὶμ,
490 995 682 1068 θρόνος
707 992 838 1047 ὄντα
866 993 961 1046 κα)⁵
983 992 1134 1064 ἅρμα
1159 993 1254 1046 τοῦ
1277 992 1413 1047 Θεοῦ
1443 994 1502 1064 (ι
1549 991 1607 1047 Ὀ
1630 990 1766 1048 καθ-

170 1089 370 1159 ήμενος
398 1086 508 1158 γὰρ
541 1084 633 1139 ἐπὶ
669 1083 777 1138 τῶν
814 1083 1103 1155 χερουϐὶμ,
1135 1082 1413 1154 ὲμφάνηθι
1445 1083 1501 1154 ι)
1522 1124 1538 1149 ,
1571 1081 1762 1155 ἐδήλου

165 1179 256 1233 τὸν
277 1171 324 1246 ᾧ
350 1175 787 1233 κατεσκεύασται
811 1175 838 1228 ὁ
887 1175 1032 1242 ναὸς,
1081 1177 1162 1228 ὅτι
1201 1174 1504 1247 ἀχώριστός
1531 1174 1646 1228 ἐστι
1670 1176 1765 1228 καὶ

168 1270 602 1341 ἀσχημάτιστος.
659 1269 772 1337 Τῆς
819 1266 875 1320 δὲ
930 1265 1210 1336 βασιλείας
1260 1263 1428 1320 αὑτοῦ
1487 1263 1758 1334 σύμϐολον

169 1363 348 1426 ἔκειτο
383 1359 579 1416 ταῦτα.
640 1359 860 1428 Ἐπειδὴ
886 1357 996 1434 γὰρ
1035 1357 1166 1412 ναοῦ
1194 1357 1353 1426 λόγος
1377 1356 1572 1420 οὐδεὶς,
1601 1356 1659 1410 ὃν
1687 1357 1762 1429 μὴ

171 1454 358 1522 στέφει
401 1452 656 1522 ἀγαλμω
693 1450 724 1502 ὁ
770 1450 829 1503 δὲ
872 1450 1079 1504 τούτων
1123 1447 1346 1521 ἡγεμὼν
1400 1449 1493 1502 καὶ
1529 1449 1762 1520 ποιητὴς

169 1547 431 1607 ἐπέκεινα
472 1544 656 1615 πάσης
709 1541 926 1611 φύσεώς
951 1544 1068 1596 ἐστι
1126 1543 1220 1596 καὶ
1259 1542 1607 1613 ἀνθρωπίνης
1640 1542 1761 1594 ὲπι-

168 1637 336 1700 νοίας,
361 1636 450 1689 διὰ
473 1635 567 1688 τοῦ
593 1632 785 1705 θρόνου
817 1633 927 1707 (36)
953 1632 1047 1686 τοῦ
1074 1632 1466 1703 παμϐασιλέως
1489 1630 1760 1695 Δεσπότου

167 1729 576 1800 ὲχαρακτήρισε
626 1727 765 1799 (57).
823 1726 898 1780 Τὸ
943 1727 1001 1779 δὲ
1067 1726 1264 1797 μάννα,
1328 1726 1421 1779 καὶ
1479 1726 1513 1796 ή
1566 1723 1762 1797 ῥάϐδος

180 1820 394 1892 ’Δαρὼν
432 1823 465 1892 ή
510 1820 894 1890 βλαστήσασα,
946 1817 1163 1890 μηνύει,
1213 1817 1273 1874 τὸ
1314 1818 1434 1888 μὲν,
1477 1819 1558 1871 ὅτι
1610 1817 1762 1881 θείας

168 1909 528 1974 ἁπολαύσεώς
579 1926 637 1964 τε
687 1909 784 1962 καὶ
833 1909 1041 1980 τροφῆς
1087 1910 1116 1960 ὁ
1167 1909 1277 1962 τῶν
1335 1908 1494 1962 Θείων
1546 1908 1765 1980 θεσμῶν

1872 1908 2081 1978 positus
2117 1915 2245 1972 est,
2272 1922 2546 1978 supraque
2573 1921 2790 1963 omnem
2825 1906 3081 1961 humanae
3112 1906 3309 1965 mentis
3331 1921 3470 1964 con-
3557 1914 3579 1933 '

169 2002 345 2072 φύλαξ
373 2001 792 2072 κοινωνήσειενο
827 2003 860 2071 ἡ
887 2001 964 2066 δὲ,
997 2001 1081 2053 ὅτι
1102 2002 1151 2053 οἱ
1183 2000 1616 2071 παραϐαίνοντες
1659 2001 1761 2054 αὐ-

165 2099 312 2162 τοὺς,
354 2097 452 2149 καὶ
485 2097 532 2148 oi
573 2097 640 2166 τῇ
689 2095 958 2166 ἱερωσύνῃ
999 2094 1059 2147 οὐ
1103 2093 1335 2157 δεόντως
1355 2092 1755 2165 ἐπιπηδῶντες,

168 2188 734 2261 σωφρονισθὴσονται.

1865 630 2101 699 pretium
2134 631 2525 701 redemptionis
2559 631 2896 697 unigenitum
2927 629 3123 687 Filium
3166 645 3348 692 suum,
3401 641 3461 683 ιιι

1865 718 2046 774 locum
2083 736 2146 774 ac
2176 720 2445 777 rationem
2477 719 2680 788 justam
2714 712 2940 775 haberet
2972 720 3148 790 gratia
3182 735 3248 774 ac
3276 721 3454 776 venia.

1865 810 2038 870 Unica
2083 812 2227 867 enim
2265 827 2364 882 pro
2398 813 2652 868 omnibus
2673 818 2921 881 .,recepta
2954 812 3196 876 victima,
3229 827 3458 883 qumque

1863 904 2106 958 omnium
2136 903 2456 974 dignitatem
2503 917 2568 959 ac
2609 904 2842 973 pretium
2877 902 3036 974 longe
3072 913 3380 973 superaret,
3405 915 3461 960 et

1865 993 2208 1052 inimicitiam
2245 993 2517 1059 dissolvit,
2555 1003 2610 1050 et
2655 993 3165 1051 condemnationem
3227 997 3457 1064 remisit,

1863 1083 1997 1138 etin
2027 1083 2371 1155 adoptionem
2424 1083 2657 1138 tiliorum
2713 1097 2811 1139 nos
2864 1083 3098 1149 reduxit,
3136 1093 3190 1139 et
3230 1085 3459 1145 intiuitis

1863 1174 2021 1231 honis
2045 1174 2347 1230 exornavit.
2387 1173 2680 1230 Cherubim
2709 1188 2862 1239 vero,
2885 1188 3006 1245 quae
3035 1185 3193 1230 erant
3226 1176 3458 1232 thronus

1863 1275 1918 1320 et
1938 1281 2132 1323 currus
2164 1266 2255 1321 Dei
2282 1265 2566 1336 (scriptum
2587 1275 2673 1321 est
2696 1266 2840 1321 enim
2875 1283 2888 1319 :
2925 1284 2940 1317 ι
2977 1265 3078 1332 Qui
3113 1267 3274 1321 sedes
3295 1281 3463 1336 super

1863 1357 2169 1424 cherubim,
2195 1358 2549 1414 manifestare
2578 1358 2624 1392 '°
2662 1357 2736 1430 ι),
2785 1358 2935 1413 illum
2968 1358 3348 1426 ostendebant,
3373 1358 3462 1414 cui

1862 1448 2140 1504 conditum
2184 1460 2303 1505 erat
2334 1450 2618 1520 templum,
2654 1449 2797 1519 quod
2843 1451 2964 1506 loco
3000 1451 3122 1520 capi
3183 1459 3236 1505 ct
3291 1451 3462 1521 figura

1862 1541 2094 1610 exprimi
2119 1555 2226 1596 non
2259 1543 2452 1612 possit.
2487 1540 2655 1614 Regni
2708 1550 2891 1596 autem
2939 1542 3109 1610 ipsius
3149 1541 3266 1598 haec
3303 1552 3466 1596 erant

1863 1633 2037 1701 posita
2069 1632 2334 1704 symbola.
2365 1633 2502 1700 Quia
2535 1634 2677 1690 enim
2714 1633 2857 1688 nulla
2887 1634 3122 1688 habetur
3161 1634 3302 1689 ratio
3334 1633 3455 1701 ejus

1865 1721 2076 1792 templi,
2105 1722 2245 1791 quod
2274 1723 2476 1784 nullum
2517 1733 2741 1778 coronat
2785 1723 3137 1780 simulacrum
3169 1743 3182 1779 :
3215 1723 3303 1778 ille
3333 1739 3464 1782 vero

1865 1816 2059 1878 horum
2107 1830 2312 1886 praeses
2355 1824 2410 1869 et
2443 1815 2698 1872 conditor
2741 1814 2884 1869 ultra
2939 1829 3158 1870 omnem
3213 1825 3464 1873 naturam

1872 2009 2110 2069 ceptum,
2139 2014 2237 2070 per
2274 2001 2528 2054 thronum
2560 1989 2818 2056 omnibus
2861 1999 3224 2069 imperitantis
3253 1998 3464 2054 Domini

1867 2093 2042 2161 ipsum
2071 2099 2555 2162 reprtesentarunt.
2583 2089 2778 2145 Manna
2809 2105 2960 2158 vero,
2983 2099 3038 2145 et
3061 2091 3212 2164 virga
3231 2089 3467 2146 Aaronis

1862 2199 1982 2253 qua:
2009 2183 2362 2253 germinarat,
2393 2181 2687 2254 signillcat,
2717 2181 2848 2237 illud
2897 2181 3118 2254 quidem
3145 2181 3287 2251 quod
3330 2181 3469 2237 divi-

168 2298 360 2337 narum
392 2281 576 2351 legum
631 2288 816 2335 custos
877 2279 1149 2349 particeps
1221 2278 1388 2332 etiam
1440 2277 1653 2332 futurus
1702 2278 1774 2332 sit
1809 2275 2021 2332 fructus
2096 2285 2150 2331 et
2190 2275 2431 2332 alimenti
2497 2276 2714 2331 divini:
2752 2276 2853 2331 ista
2883 2290 3032 2342 vero,
3065 2277 3207 2347 quod
3255 2291 3463 2332 eorum-

165 2372 284 2426 dem
323 2378 782 2440 transgressores,
808 2366 1007 2436 quique
1033 2367 1086 2422 in
1112 2366 1478 2424 sacerdotium
1508 2383 1616 2424 non
1640 2368 2031 2423 convenienter
2061 2366 2338 2434 insiliunt,
2373 2365 2632 2437 puniendi
2667 2365 2795 2422 sint.

549 2481 666 2534 0x.
708 2509 773 2520 -
805 2480 1004 2549 Mum;
1047 2480 1373 2551 ΔΙΑΚΟΝῼ.

338 2588 485 2657 Περὶ
514 2587 625 2657 τῆς
660 2585 782 2640 τῶν
811 2586 1121 2642 Ἰουδαίων
1141 2585 1580 2657 αἰχμαλωσίας.

245 2697 448 2750 Ἢνίκα
475 2695 568 2748 τὸν
603 2693 1044 2764 πολυθρύλλητον
1096 2697 1302 2748 ἐκεῖνον
1345 2695 1494 2762 ναὸν,
1531 2693 1626 2748 καὶ
1665 2694 1760 2768 τὴν

166 2789 499 2860 περιϐόητον
549 2787 647 2840 καὶ
681 2785 909 2849 πολλοὺς
953 2786 1229 2857 πολέμους
1277 2787 1582 2858 ἀναιμακτὶ
1606 2789 1764 2857 νικήο

166 2897 339 2934 σασαν
374 2879 486 2932 τῶν
522 2875 790 2931 Ἰουδαίων
813 2876 1146 2952 μητρόπολιν
1170 2876 1282 2946 πῦρ
1316 2876 1646 2948 Ῥωμαϊκὸν,
1677 2874 1766 2930 διὰ

162 2969 224 3021 τὸ
257 2966 638 3037 τετολμῆσθαι
663 2967 722 3019 ὲν
756 2965 893 3036 αὐτῇ
920 2966 1061 3020 κατὰ
1099 2965 1195 3020 τοῦ
1221 2966 1460 3037 Χριστοῦ
1493 2967 1562 3019 τὰ
1606 2967 1765 3021 ἀτόλ-

168 3078 338 3138 μητα,
419 3057 598 3112 ἔκλινε
620 3074 635 3088 ·
674 3057 796 3110 τότε
832 3057 895 3127 δὴ
933 3057 1026 3118 καὶ
1054 3058 1209 3111 αὐτοὶ
1248 3058 1524 3129 πανταχοῦ
1553 3059 1650 3129 τῆς
1686 3060 1765 3111 οἰ-

166 3149 446 3221 κουμένης
486 3145 850 3218 αἰχμαλώτων
891 3147 1094 3218 τρόπον
1144 3147 1544 3218 διεσπάρησαν.
1594 3149 1765 3203 Δυνὰ-

2211 2478 2446 2535 LXXIV.
2480 2510 2551 2521 —--
2580 2479 2795 2545 ΜΕΝᾹΞ
2825 2478 3148 2539 DIACONO.

2016 2586 2092 2641 De
2120 2586 2436 2641 Judworum
2463 2585 2769 2653 captivitate
2802 2583 2874 2657 [et
2901 2584 3111 2639 excidio
3130 2580 3335 2665 ﬁnali].

1892 2762 1895 2765 _
1941 2696 2172 2764 Quando
2205 2697 2624 2753 celeberrimum
2659 2695 2790 2751 illud
2827 2695 3108 2766 templum,
3139 2704 3196 2750 et
3236 2693 3466 2765 famige-

1869 2788 2201 2843 ratissimam
2252 2786 2562 2846 Judmorum
2622 2787 2990 2856 metropolim,
3036 2801 3161 2857 quae
3202 2785 3386 2840 multis
3415 2787 3469 2842 in

1875 2879 2035 2936 bellis
2068 2879 2274 2949 absque
2311 2879 2577 2950 sanguine
2631 2877 2826 2934 victrix
2886 2879 3015 2934 olim
3059 2878 3289 2943 exstitit,
3327 2878 3471 2947 ignis

1876 2969 2159 3025 Romanus
2189 2971 2256 3024 ad
2287 2978 2487 3024 terram
2526 2969 2829 3036 inclinavit,
2858 2970 3001 3039 quod
3034 2969 3088 3024 in
3131 2971 3248 3040 ipsa
3278 2975 3468 3026 contra

1872 3061 2149 3118 Christum
2178 3062 2398 3118 infanda
2431 3063 2520 3116 illa
2546 3061 2749 3118 fuerint
2771 3071 3083 3134 perpetrata
3114 3079 3128 3115 :
3182 3072 3311 3119 tunc
3339 3076 3473 3118 sane

1872 3163 1927 3208 et
1961 3153 2064 3224 ipsi
2100 3169 2199 3223 per
2235 3163 2405 3208 totum
2459 3155 2648 3210 orbem
2708 3167 2977 3209 terrarum
3039 3155 3214 3216 instar
3260 3157 3472 3212 manci-

171 3261 334 3314 μενος
393 3241 504 3312 γὰρ
548 3240 747 3303 αὐτοὺς
790 3240 999 3300 ἀνελεῖν
1028 3241 1189 3304 αὐτὸς
1231 3243 1259 3294 ὁ
1287 3240 1660 3312 παροινηθεὶς,
1685 3241 1772 3298 διὰ

1877 3245 2089 3316 piorum
2119 3245 2348 3315 dispersi
2372 3254 2519 3302 sunt.
2549 3245 2683 3301 Cum
2710 3246 2856 3301 ettim
2879 3260 2974 3302 eos
3005 3248 3121 3316 ipse
3143 3248 3234 3319 qui
3270 3247 3470 3320 injuria

169 3333 345 3388 πολλὰ
371 3332 533 3387 τοῦτο
557 3333 619 3386 οῦ
652 3331 923 3402 πεποίηκε
942 3350 954 3361 ·
985 3333 1203 3405 πρῶτον
1230 3333 1333 3403 μὲν
1359 3333 1552 3406 καιρὸν
1582 3335 1767 3400 αὐτοῖς

171 3427 466 3499 μετανοίας
499 3425 679 3490 διδούς
706 3441 718 3454 ·
754 3426 1005 3497 δεύτερον
1036 3426 1092 3479 δὲ
1123 3426 1209 3481 ἵνα
1226 3427 1323 3480 καὶ
1347 3427 1445 3491 τὰς
1465 3428 1769 3498 ἀποφάσεις

169 3521 334 3576 αὑτοῦ
367 3521 484 3589 ('58)
537 3519 717 3572 ἴδωσιν
755 3521 834 3582 είς
879 3519 1042 3591 ἔργον
1091 3519 1483 3591 ὲκϐεϐηκυίας.
1552 3521 1616 3574 Ἦ
1668 3523 1769 3592 μὲν

169 3612 276 3684 γάρ
302 3608 392 3684 ἦν·
423 3632 440 3664 ι
479 3611 610 3665 Ἰδοὺ
646 3613 863 3679 ἀφίεται
891 3614 919 3665 ὁ
948 3609 1094 3676 οἶκος
1118 3613 1272 3683 ὑμῶν
1296 3612 1500 3684 ἔρημος
1521 3631 1535 3645 ο
1565 3632 1584 3666 ι
1615 3616 1646 3684 ἡ
1681 3615 1766 3683 δὲ,

173 3722 193 3757 τ
235 3706 313 3758 Οὐ
361 3704 440 3774 μὴ
475 3706 637 3775 μείνῃ
672 3703 817 3766 λίθος
862 3704 956 3756 ἐπὶ
990 3703 1156 3767 λίϐον,
1202 3704 1259 3767 ὃς
1289 3705 1350 3757 οὐ
1394 3704 1769 3775 καταλυθήσε-

167 3814 289 3851 ται·
337 3817 354 3847 ι
400 3798 609 3868 τρίτον,
655 3796 742 3848 ἵνα
780 3793 1055 3865 πανταχοῦ
1103 3796 1204 3865 τὴν
1242 3795 1406 3859 δόξαν
1442 3795 1608 3849 αὑτοῦ
1647 3796 1767 3850 δια·

169 3888 500 3960 λάμπουσαν
532 3887 821 3957 θεώμενοι,
862 3887 1330 3957 παρακνίςωνται,
1360 3888 1453 3941 καὶ
1479 3889 1770 3959 ἐννοήσαν-

169 3999 258 4046 τες
289 3983 374 4035 ὅτι
399 3981 492 4034 ἐπὶ
513 3979 622 4033 τῶν
661 3981 945 4052 προγόνων
973 3980 1068 4034 καὶ
1095 3979 1636 4052 είδωλολατροῦντες,
1672 3983 1767 4038 καὶ

168 4069 691 4138 παιδοκτονοῦντες,
741 4072 836 4124 καὶ
896 4071 1183 4142 προφήτας
1232 4070 1552 4140 σφάζοντες,
1617 4072 1767 4126 οὐδὲν

170 4165 416 4218 τοιοῦτον
453 4161 682 4227 ἔπαθον,
718 4161 854 4216 ἀλλά
878 4163 1361 4233 σωφρονιζόμενοι,
1399 4163 1558 4218 πάλιν
1587 4165 1769 4220 οἴκαδε

171 4258 518 4328 ἐπανήγοντο
541 4273 554 4286 ·
587 4255 684 4310 νῦν
721 4255 778 4319 δὲ
808 4256 1191 4327 αἰχμαλωσίαν
1231 4256 1596 4326 ὑπομένουσιν
1631 4259 1766 4312 ἀνα-

172 4349 423 4419 κλήσεως
454 4347 685 4420 ἄμοιρον
706 4363 719 4377 ·
756 4347 852 4402 καὶ
889 4349 989 4418 τὴν
1016 4347 1274 4419 ἀλήθειαν
1309 4351 1599 4418 ὲπιγνοῖεν.
1630 4351 1690 4402 Et
1714 4351 1770 4403 δὲ

175 4442 251 4513 μὴ
277 4442 387 4495 ὑπὸ
419 4442 530 4495 τῶν
559 4439 901 4512 πραγμάτων
938 4438 1302 4504 παιδευθείεν,
1331 4439 1419 4493 διὰ
1456 4440 1564 4493 τῶν
1593 4443 1770 4494 ἐκεῖσε

171 4535 458 4606 τιμωριῶν
516 4534 610 4587 καὶ
657 4533 883 4596 ἄκοντες
930 4532 1393 4603 ὁμολογήσουσιν,
1437 4533 1526 4586 ὅτε
1582 4535 1770 4595 αὐτοῖς

168 4624 270 4694 τῆς
298 4624 699 4696 μεταγνώσεως
730 4623 920 4694 ὄφελος
950 4623 1124 4677 οὐδέν.

1876 3346 1984 3390 tam
2035 3336 2247 3392 enormi
2298 3334 2524 3392 allectus
2577 3336 2774 3402 fuerat,
2819 3336 3009 3392 tollere
3057 3338 3125 3392 de
3165 3340 3344 3394 medio
3374 3354 3470 3410 po-

1875 3429 2087 3493 tuisset,
2119 3428 2304 3483 multis
2353 3429 2420 3483 de
2447 3429 2632 3484 causis
2661 3428 2714 3482 id
2752 3443 2858 3485 non
2893 3427 3064 3484 fecit:
3099 3429 3262 3503 453
3292 3431 3470 3500 primo

1871 3520 2092 3590 quidem
2159 3531 2370 3590 tempus
2432 3523 2564 3590 ipsis
2619 3522 2927 3579 concedens
2974 3521 3042 3576 ad
3088 3524 3468 3592 paenitentiam

1872 3613 2182 3680 agendam;
2227 3611 2424 3666 deinde
2459 3627 2607 3678 vero,
2645 3623 2704 3668 ut
2763 3623 2819 3669 et
2873 3608 3267 3684 praedictiones
3293 3613 3471 3684 ipsius

1873 3701 2200 3757 viderentin
2227 3717 2364 3771 opus
2396 3703 2710 3771 productas.
2742 3703 2861 3758 Alia
2893 3703 3039 3759 enim
3070 3714 3189 3759 erat
3220 3722 3234 3757 :
3269 3723 3289 3757 ι
3330 3705 3471 3761 Ecce

1873 3789 2200 3860 relinquitur
2223 3792 2414 3847 domus
2440 3802 2618 3850 vestra
2647 3794 2866 3851 deserta
2886 3795 2954 3848 ⁵⁸.
2983 3814 3000 3845 ι
3034 3795 3154 3850 Alia
3175 3805 3294 3850 erat
3316 3796 3466 3851 haec:

1879 3900 1898 3934 ι
1931 3881 2048 3938 Non
2093 3884 2329 3938 inauebit
2370 3885 2510 3955 lapis
2555 3901 2722 3957 super
2772 3887 3031 3956 lapidem,
3079 3887 3171 3958 qui
3222 3901 3328 3942 non
3374 3887 3468 3942 de-

1874 3981 2118 4027 struetur
2166 3974 2232 4026 δ’.
2275 3993 2292 4024 ι
2333 3972 2540 4041 Tertio,
2584 3986 2643 4037 ut
2688 3977 2888 4047 ubique
2938 3977 3184 4032 locorum
3237 3976 3467 4047 gloriam

1877 4065 2044 4135 ipsius
2085 4064 2379 4135 fulgentem
2425 4068 2849 4136 conspicientes,
2904 4078 3134 4125 urantur
3186 4078 3287 4124 :et
3341 4069 3469 4124 dum

1875 4160 2114 4229 cogitant
2149 4174 2232 4224 se,
2265 4158 2530 4230 majorum
2561 4176 2787 4216 suorum
2827 4162 3184 4232 temporibus,
3218 4163 3469 4230 quamvis

1874 4263 1930 4310 ct
1954 4253 2322 4309 idololatriam
2357 4262 2701 4320 exercerent,
2733 4264 2788 4309 et
2816 4253 3017 4309 liberos
3044 4254 3295 4324 proprios
3324 4255 3470 4309 occi-

1874 4349 2169 4409 derent,et
2215 4347 2506 4415 prophetas
2562 4354 2890 4409 mactarent,
2948 4345 3082 4400 nihil
3131 4345 3240 4401 tale
3289 4354 3468 4410 tamen

1875 4453 2064 4505 passos
2117 4452 2236 4492 esse
2271 4455 2283 4490 :
2321 4438 2416 4493 sed
2465 4438 2783 4508 castigatus,
2822 4439 3040 4492 domum
3111 4439 3326 4491 tandem
3381 4452 3468 4490 re-

1875 4531 2066 4584 ductos
2092 4527 2302 4596 fuisse;
2359 4544 2501 4584 nunc
2549 4538 2729 4583 autem
2769 4530 3144 4598 captivitatem
3197 4529 3471 4584 sustinere

1880 4623 2239 4678 revocationis
2269 4637 2492 4692 prorsus
2518 4630 2798 4691 expertem
2833 4638 2846 4674 :
2879 4622 3014 4686 haec,
3061 4622 3304 4692 inquam,
3338 4622 3466 4677 dum

171 4717 312 4784 apud
360 4715 605 4768 animum
641 4723 916 4782 reputant,
948 4714 1313 4768 utveritatem
1343 4728 1561 4785 quoque
1603 4713 2105 4783 agnoscant.Quod
2161 4716 2206 4770 si
2232 4717 2298 4770 ab
2363 4715 2493 4783 ipsis
2554 4729 2734 4768 rerum
2783 4712 3122 4784 argumentis
3161 4728 3282 4769 sese
3342 4728 3470 4768 eru-

174 4808 276 4860 diri
306 4823 414 4860 non
451 4807 752 4876 patiantur,
789 4805 1074 4861 tormentis
1097 4804 1487 4874 suppliciorum
1513 4806 1566 4860 in
1595 4805 1766 4863 altera
1805 4807 1911 4860 vita
1951 4806 2354 4876 propositorum
2417 4807 2496 4863 vel
2552 4807 2701 4860 inviti
2739 4806 2805 4860 ad
2881 4804 3276 4862 confessionem
3326 4806 3469 4861 veri-

175 4896 302 4951 talis
361 4897 670 4966 adiguntur,
728 4897 943 4966 quando
1003 4893 1204 4951 nullam
1266 4895 1400 4966 ipsis
1455 4896 1774 4966 paenitentia
1816 4898 2102 4952 utilitatem
2132 4896 2338 4952 afferet.

257 5053 304 5084 ”
342 5052 484 5107 Psal.
518 5069 707 5118 Lxxtx,
736 5054 791 5106 2.
878 5054 919 5085 ⁵¹
955 5053 1088 5110 Luc.
1128 5070 1247 5119 χιιι,
1285 5057 1372 5112 55.
1447 5055 1491 5085 ⁵³
1528 5054 1656 5109 ibid.
1699 5056 1754 5109 ‘2.

1269 5207 1506 5263 VARIAE
1549 5208 1936 5268 LEC'I‘IONclS
1977 5212 2061 5266 ΕΤ
2103 5212 2336 5268 NOTAE.

251 5373 364 5441 (35)
408 5371 555 5423 ldcm
597 5370 719 5441 cod.
771 5368 940 5441 ἀνῆγε
988 5378 1160 5421 mutat
1205 5371 1255 5441 in
1285 5369 1552 5441 ἀνήγαγε.
1603 5368 1757 5425 Vers.

178 5437 294 5513 seq.
327 5437 428 5512 pro
456 5441 584 5493 ὄντα
619 5437 856 5506 legittbv.
880 5438 1033 5495 Vers.
1083 5449 1202 5513 post
1226 5437 1282 5504 5,
1315 5437 1619 5513 ἀχώριστος
1647 5458 1763 5494 ιιιιι-

182 5511 268 5566 tat
291 5514 344 5566 in
373 5512 680 5583 ἀχὼρητος,
718 5522 771 5564 et
806 5525 951 5583 _vers.
979 5512 1226 5583 _sPcundo
1259 5520 1377 5583 post
1407 5511 1589 5583 στέφει
1617 5513 1766 5565 addit

177 5584 256 5638 τό.
284 5579 578 5652 νιτέζεέιι.
603 5596 700 5652 pro
729 5579 1140 5652 τούτων,1ιειι›ει
1158 5580 1265 5634 τῶν
1295 5580 1531 5652 πάντων.
1550 5580 1759 5635 Possm.

249 5653 361 5725 (ὃὸ)
393 5655 522 5708 Post
542 5650 741 5725 θρόνου
776 5650 1230 5725 cud._V‘at._addit
1252 5651 1379 5725 τὴν,
1411 5663 1468 5725 et
1512 5668 1763 5725 IIIOXApl’O

177 5720 439 5777 δεσπότου
473 5720 635 5777 habet
674 5722 1010 5776 δεσποτείαν.
1057 5720 1213 5776 Vers.
1250 5720 1374 5776 inde
1406 5721 1460 5788 2,
1497 5739 1597 5792 pro
1628 5723 1763 5791 ἀπο-

172 5792 418 5858 λαύσεως
466 5811 523 5846 τε
575 5793 695 5858 καὶ,
733 5792 903 5847 solum
963 5793 1113 5862 ponit
1157 5792 1548 5846 ἀπολαύσεται.
1603 5792 1754 5848 Vers.

176 5868 362 5920 eodem
391 5877 442 5920 ct
475 5880 592 5934 seq.
633 5865 777 5932 quod
807 5874 983 5918 exstat
1011 5866 1061 5919 in
1091 5865 1237 5920 eJito
1262 5862 1759 5934 κοινώνησενιιιιρει

1867 5388 1896 5426 a
1937 5374 2123 5427 codice
2159 5372 2335 5428 Vatic.
2374 5376 2498 5432 650.
2539 5377 2594 5430 ln

1940 5442 2052 5512 (37)
2088 5445 2397 5518 Δεωξπότου
2429 5449 2886 5518 ἐχίιραχτιῇρισε.
2929 5451 3152 5506 Videtur
3199 5453 3252 5508 in
3293 5456 3472 5510 medio

1871 5514 2061 5596 deesse
2091 5515 2276 5596 αὑτὸν2
2308 5533 2386 5596 sc.
2424 5520 2516 5596 τὸν
2536 5514 2789 5596 ἡγεμόνα
2821 5523 2915 5596 καὶ
2947 5528 3196 5594 ποιητήν.
3240 5525 3302 5579 Ει
3342 5527 3469 5596 ἐχα-

1878 5587 2199 5664 ρακτήρισε,
2248 5587 2491 5664 δηλονρτι
2526 5587 2610 5664 -τά
2658 5587 2951 5662 ’χερουϐίμ,
3003 5587 3103 5649 nisi
3133 5587 3278 5664 'quis
3317 5587 3471 5652 malit

1878 5658 2488 5774 ξὶιξξξέῃῗχαρακτηρίσθη.
2523 5658 2692 5718 nm;
2729 5658 2786 5704 '—
2819 5658 3083 5721 Sedvide
3130 5658 3468 5735 superiorem

1873 5740 2075 5778 “Ollllll.

1868 5793 2215 5923 Poggg'f’ro
2277 5799 2442 5855 αὑτοῦ
2501 5805 2618 5859 cod.
2682 5803 2800 5859 Val.
2868 5806 2973 5860 651)
3034 5808 3196 5864 habet
3259 5810 3466 5878 αὐτοῖς.
