3976 6446
488 303 620 367 lli!)

1681 299 1740 357 S.
1787 294 2075 355 lSIDORI
2118 289 2550 352 PELUSIOTE

3593 257 3726 328 ιιιιι

483 417 846 472 commutavit.
866 414 1054 471 Omnia
1086 415 1227 468 enim
1259 412 1359 478 ipsi
1389 411 1677 475 commisit,
1699 411 1812 464 solo
1830 417 2056 476 excepto

2170 405 2376 472 Βφοεὶς,
2441 407 2495 456 ἐν
2544 402 2598 454 δὲ
2651 400 2761 460 τοῖς
2813 382 3035 463 ὑψηλοῖς
3081 385 3366 448 ταπεινός·
3411 381 3509 435 καὶ
3531 379 3599 478 ἐν
3631 377 3728 478 μὶν

487 507 698 559 nomine
728 507 894 575 regio.
927 504 1228 574 lmpcrabat
1259 503 1446 558 deinde
1493 501 1749 555 fratribus
1798 499 1909 555 suis
1950 499 2051 552 itc-

488 605 623 660 ruto,
668 598 880 665 quando
931 595 1010 650 vel
1057 593 1360 663 incognitus
1407 600 1465 646 ut
1511 590 1695 656 frater,
1730 589 2055 646 adorabatur

486 700 541 740 ut
589 703 703 741 rex.
745 687 1046 758 lmperabat
1097 699 1311 756 quoque
1352 683 1607 754 Egypto.
1651 681 1784 736 Nam
1829 696 1949 734 cum
2001 680 2052 733 in

486 793 550 832 eo
579 789 714 833 esset
754 787 809 832 ut
850 778 990 832 fame
1020 785 1430 832 consumeretur
1459 790 1521 828 ea
1573 775 1738 845 regio,
1767 787 1886 842 qum
1923 771 2054 825 alia-

489 880 604 920 rum
657 868 929 935 regionum
964 867 1144 921 nutrix
1190 879 1311 921 esse
1357 864 1578 931 solebat,
1624 863 1803 918 divina
1839 861 2051 917 consilii

488 953 824 1024 providentia
854 969 970 1010 eam
1017 955 1149 1010 aluit
1177 963 1230 1010 et
1259 955 1614 1010 conservavit.
1649 953 1938 1023 imperavit
1965 953 2056 1007 de-

491 1045 649 1112 nique
677 1056 729 1098 et
789 1045 1014 1112 ipsemet
1046 1045 1168 1110 sibi,
1200 1045 1340 1113 quod
1367 1056 1448 1097 est
1495 1043 1701 1112 imperii
1741 1057 1910 1114 genus
1936 1056 2054 1096 om-

489 1135 636 1188 nium
703 1135 1015 1202 maximum,
1045 1137 1256 1205 quando
1294 1143 1351 1189 et
1397 1135 1448 1188 in
1485 1134 1774 1189 humilibus
1813 1133 2057 1188 sublimis

489 1235 808 1296 conspectus
829 1236 934 1292 est,
956 1235 1011 1282 et
1040 1228 1090 1282 in
1121 1221 1435 1282 sublimibus
1465 1226 1681 1282 humilis
1705 1244 1719 1281 :
1749 1237 1804 1282 et
1826 1227 1876 1279 iu
1902 1225 2058 1279 rebus

489 1319 706 1387 quidem
758 1319 1084 1389 turpissimis
1131 1319 1408 1373 servitutis
1445 1331 1638 1386 expers
1686 1316 1948 1386 planeque
1989 1315 2054 1369 li-

489 1404 618 1470 ber,
671 1407 722 1460 in
765 1409 975 1462 decoris
1015 1417 1194 1462 autem
1243 1416 1297 1463 et
1339 1407 1578 1463 honestis
1625 1407 2057 1476 promptissimus

489 1507 650 1568 atque
682 1501 1099 1569 impigerrimns.
1146 1499 1281 1554 Nam
1319 1513 1490 1566 neque
1519 1499 1571 1552 in
1607 1509 1826 1568 paterna
1876 1497 2054 1563 domo,

492 1600 663 1659 neque
697 1591 750 1645 in
780 1590 1094 1662 Egyptiaca
1142 1607 1374 1660 unquam
1424 1592 1597 1645 elatus
1643 1597 1726 1644 est
1783 1588 2056 1660 superbia,

489 1696 610 1734 cum
641 1695 699 1735 se
727 1680 794 1736 ab
822 1683 1068 1737 omnibus
1097 1683 1240 1752 diligi
1272 1682 1492 1736 videret.
1528 1673 1711 1751 Neque
1754 1680 1896 1735 illius
1942 1695 2058 1734 mu-

490 1771 637 1828 lieris
681 1771 952 1829 libidinem
994 1775 1288 1840 accusavit,
1321 1789 1442 1828 cum
1491 1774 1704 1842 quidem
1739 1771 2057 1842 locupletem

493 1863 712 1919 haberet
743 1874 928 1920 testem
969 1865 1219 1935 impudici
1259 1864 1457 1919 amoris
1486 1865 1756 1936 egregiam
1808 1865 2059 1928 formam,

493 1954 716 2009 haberet
745 1970 958 2026 quoque
979 1955 1404 2013 benevolentiam
1430 1955 1543 2011 heri
1561 1955 1658 2011 sibi
1687 1956 2058 2010 assistentem:

491 2045 604 2107 qui,
663 2059 786 2099 cum
820 2047 1091 2102 accusatio
1145 2047 1299 2101 istius
1351 2046 1590 2100 criminis
1617 2059 1832 2115 petram
1871 2043 2064 2112 capitis

488 2133 701 2198 aderat,
728 2149 795 2190 ne
823 2135 1036 2205 quidem
1069 2135 1200 2192 loris
1237 2151 1432 2193 casum
1466 2137 1519 2191 in
1551 2149 1820 2192 carcerem
1851 2144 2058 2190 tantum

489 2222 746 2291 'conjecit.
781 2224 934 2290 Quod
968 2224 1011 2281 si
1052 2226 1175 2295 quis
1209 2226 1280 2280 sit
1314 2225 1402 2294 qui
1445 2225 1524 2281 sic
1561 2225 1853 2293 existimet,
1886 2224 2062 2294 ipsum

491 2312 641 2380 (talia
673 2329 982 2383 perpessum
1001 2317 1168 2387 esse),
1193 2318 1447 2387 quoniam
1482 2332 1541 2373 se
1573 2316 1758 2373 ulcisci
1788 2332 1892 2373 non
1915 2326 2065 2387 pote-

493 2412 597 2468 rat,
633 2403 680 2460 is
714 2404 872 2459 velim
905 2405 1125 2476 cogitet,
1159 2421 1281 2462 eum
1322 2406 1673 2477 philosophiae
1700 2421 1920 2476 operam
1968 2409 2062 2462 de-

491 2495 656 2550 disse.
687 2494 886 2551 Deinde
923 2497 1030 2565 ]am
1081 2498 1282 2568 regiam
1319 2507 1632 2569 potestatem
1685 2500 1930 2570 adeptus,
1970 2517 2065 2571 po-

492 2583 637 2640 'terat
661 2596 809 2640 certe
845 2586 1096 2656 iniuriam
1125 2587 1416 2643 vindicare.
1451 2587 1554 2643 Sed
1587 2601 1761 2658 neque
1783 2588 2066 2643 calumniis

490 2681 751 2745 gravatus
781 2677 1080 2744 accusavit,
1111 2691 1283 2746 neque
1325 2679 1378 2731 iu
1425 2678 1719 2733 custodiam
1767 2677 2064 2746 coniectus,

493 2767 722 2836 imperio
763 2767 864 2822 sibi
909 2768 963 2823 in
991 2767 1111 2823 illos
1139 2770 1230 2838 qui
1262 2767 1390 2824 inibi
1421 2769 1659 2826 conclusi
1695 2770 2070 2825 detinebantur

491 2857 802 2924 rommisso,
833 2859 1153 2928 superbivit,
1184 2868 1238 2914 et
1273 2859 1408 2916 alios
1432 2860 1797 2924 conculcavit;
1849 2862 1941 2917 sed
1973 2875 2061 2930 po-

495 2950 623 3014 tius,
645 2958 900 3018 quantum
927 2950 979 3004 in
1005 2965 1062 3004 se
1085 2959 1223 3016 erat,
1243 2951 1478 3020 ipsorum
1505 2967 1642 3006 onus
1669 2954 1916 3007 mceroris
1939 2954 2066 3008 alle-

494 3042 659 3106 vavit,
692 3041 876 3111 procul
908 3042 1086 3107 dubio,
1115 3044 1257 3113 quod
1305 3044 1420 3113 ipse
1466 3043 1664 3112 injuste
1694 3059 1758 3098 eo
1789 3044 2065 3114 coniectus
2092 3075 2135 3132 ε

493 3141 660 3198 esset,
687 3147 753 3186 es
783 3133 897 3188 suis
938 3133 1144 3188 eventis
1171 3134 1535 3202 conjecturam
1580 3135 1782 3191 faciens
1805 3136 1966 3188 etiam
2002 3137 2067 3191 de

495 3222 736 3290 ipsorum
765 3221 1000 3276 casibus.
1043 3220 1225 3277 Solent
1256 3224 1397 3278 enim
1429 3223 1672 3292 plerique
1700 3239 1888 3280 omnes
1923 3240 2069 3280 mor-

496 3310 633 3365 tales
674 3325 740 3366 ex
783 3312 902 3367 suis
931 3311 1089 3367 rebus
1120 3321 1281 3382 atque
1310 3316 1537 3380 eventis,
1594 3315 1660 3370 de
1697 3315 1818 3370 aliis
1853 3331 2070 3386 quoque

496 3401 820 3457 sententiam
870 3401 1057 3458 ferre:
1101 3403 1260 3472 inque
1307 3406 1494 3474 primis
1539 3407 1590 3461 id
1636 3407 1765 3462 fecit
1811 3410 1944 3477 ipse,
1979 3411 2068 3480 qui

497 3491 695 3562 ubique
721 3493 980 3563 praclara
1033 3495 1249 3551 virtutis
1283 3497 1574 3564 specimina
1616 3497 1784 3564 dedit,
1819 3498 1987 3572 456
2015 3511 2070 3556 et

500 3592 757 3652 tanquam
806 3598 996 3638 aurum
1054 3585 1106 3640 in
1162 3584 1282 3655 igne
1337 3587 1651 3656 exploratus
1709 3591 2072 3662 probatusque

500 3669 622 3736 fuit,
646 3686 864 3740 suaeque
889 3673 1157 3742 aequitatis
1185 3674 1349 3730 animi
1387 3677 1585 3731 indicia
1631 3679 1763 3733 satis
1789 3680 2070 3736 manifesta

500 3761 747 3831 praebuit.
779 3761 844 3815 Et
873 3762 997 3831 quid
1028 3764 1147 3819 dico
1178 3764 1228 3818 in
1263 3779 1482 3821 carcere
1518 3767 1647 3837 (non
1693 3766 1857 3822 fuisse
1879 3783 2069 3838 super-

500 3851 674 3920 bum),
703 3851 792 3907 ubi
821 3854 984 3908 etiam
1033 3853 1139 3910 illis
1168 3869 1381 3925 quoque
1411 3855 1691 3912 humilitas
1723 3864 1779 3912 et
1809 3859 2072 3915 modestia

503 3942 775 4012 animique
833 3945 1122 4001 submissio
1175 3946 1355 4016 aliqua
1404 3947 1773 4017 ingeneratur,
1825 3949 1915 4019 qui
1967 3965 2071 4006 non

503 4043 628 4088 sunt
663 4033 862 4105 alioqui
905 4036 1058 4090 valde
1110 4036 1271 4092 alieni
1319 4053 1348 4091 a
1398 4038 1604 4105 dolore,
1650 4055 1820 4111 eaque
1870 4042 1952 4097 vel
2006 4056 2074 4098 ex

502 4123 855 4191 conscientia,
897 4125 978 4181 vel
1020 4141 1086 4181 ex
1111 4127 1278 4197 ipsius
1307 4127 1408 4182 loci
1439 4128 1691 4199 squalore
1735 4132 1900 4187 nata?
1937 4132 2070 4189 Cum

502 4231 678 4288 neque
710 4217 762 4271 in
795 4219 911 4288 ipso
940 4233 1103 4290 regno
1133 4221 1533 4291 reprehensioni
1568 4222 1728 4280 fuerit
1760 4226 2028 4281 obnoxius
2057 4245 2071 4283 :

503 4309 594 4362 sed
627 4309 695 4363 ibi
723 4324 934 4381 quoque
965 4313 1211 4368 eamdem
1253 4315 1720 4371 mansuetudinem
1763 4317 2074 4388 declararit,

2152 467 2263 559 τοῖς
2285 496 2582 565 αἰσχίστοις
2612 488 2911 548 ἀδούλωτος
2943 482 3036 536 καὶ
3083 477 3389 545 ἐλεύθερος,
3422 467 3588 565 ἐνώδι

2155 559 2424 656 πρέπουσι
2467 580 2878 653 προθυμότατος
2913 575 3006 628 καὶ
3052 569 3397 628 ἀοκνότατος.
3441 561 3584 617 Οὔτε
3623 559 3734 656 γαρ

2155 653 2212 731 ἐν
2249 679 2313 747 τῇ
2345 675 2592 745 πατρῴα,
2628 673 2752 726 οὔτε
2789 672 2847 724 ἐν
2874 671 2939 739 τῇ
2983 663 3328 732 Αίγυπτιακῇ
3369 657 3540 728 οίκία,
3591 653 3732 725 ἧρθη

2157 773 2235 834 εἰς
2263 768 2619 829 ἀτασθαλίαν,
2657 765 2799 837 ὁρῶν
2827 763 3020 818 ἑαυτὸν
3049 759 3200 831 παρὰ
3247 756 3467 809 πάντων
3503 749 3733 820 ἀγαπώ-

2160 881 2317 936 μενον
2340 881 2353 895 σ
2402 862 2523 916 ούδέ
2553 860 2779 931 ⁴ἤλεγξεν
2803 856 3020 925 ἐκείνης
3060 853 3158 924 τὴν
3197 847 3477 919 λαγνείαν,
3514 845 3650 914 ἔχων
3675 841 3737 894 τὸ

2160 955 2257 1026 μὲν
2284 954 2480 1016 κάλλος
2501 950 2591 1005 τοῦ
2624 950 2824 1022 ἔρωτος
2857 947 3074 1014 ἐκείνης
3107 943 3423 1007 ἀξιόπιστον
3455 938 3734 1008 μάρτυρα,

2156 1043 2253 1115 τὴν
2289 1045 2344 1098 δὲ
2380 1043 2592 1097 εὔνοιαν
2624 1041 2718 1094 τοῦ
2749 1040 3009 1093 δεσπότου
3040 1029 3575 1102 συναγωνιζομένην.
3635 1027 3737 1090 Ὃς

2156 1134 2242 1204 δὴ,
2278 1133 2375 1203 τῆς
2403 1132 2738 1202 κατηγορίας
2774 1130 2990 1200 σφαγὴν
3017 1126 3337 1195 ὼδινούσης,
3375 1123 3496 1176 οὐδὲ
3542 1119 3738 1191 μαστί-

2160 1224 2258 1291 ξας
2282 1227 2357 1289 εἰς
2391 1221 2770 1295 δεσμωτήριον
2795 1219 3067 1274 ἐνέϐαλεν.
3102 1220 3164 1272 Ei
3185 1217 3243 1271 δέ
3273 1233 3355 1278 τις
3393 1213 3627 1283 νομίζει,
3651 1209 3742 1263 διὰ

2157 1316 2218 1369 τδ
2245 1315 2320 1387 μὴ
2342 1315 2658 1386 δεδυνῆσθαι
2710 1311 3046 1384 ἀμύνασθαι,
3096 1305 3599 1378 πεφιλοσοφηκέναι
3650 1304 3741 1354 ἐν-

2158 1408 2368 1469 νοείτω,
2411 1408 2494 1460 ὅτι
2537 1407 2659 1460 ούδέ
2701 1402 3027 1475 βασιλεύσας
3079 1401 3250 1471 αὐτὴν
3295 1399 3408 1470 (50)
3462 1396 3735 1468 ἠμύνατο.

2159 1498 2292 1553 Οὔτε
2323 1493 2415 1552 οῦν
2451 1497 2882 1568 συκοφαντηθείς
2905 1494 3154 1565 ἤλεγξεν,
3181 1492 3307 1546 οὕτε
3337 1493 3420 1544 ei:
3443 1490 3506 1544 τὸ
3533 1489 3742 1554 οἴκημα

2159 1591 2438 1661 ἐμπεσὼν,
2454 1590 2549 1644 καὶ
2565 1590 2664 1660 τὴν
2683 1587 2857 1660 ἀρχὴν
2879 1587 2986 1641 τῶν
3004 1588 3182 1639 ἐκεῖσε
3199 1582 3584 1653 ἐμπιστευθεὶς
3603 1580 3682 1649 (5|
3701 1582 3740 1642 ),

2164 1681 2307 1751 μέγα
2341 1683 2632 1753 ἐφρόνησε,
2667 1681 2761 1734 κοιλ⁹
2789 1681 2915 1743 τοὺς
2951 1679 3141 1742 ἄλλους
3171 1678 3582 1743 κατεπάτησενσ
3605 1671 3744 1725 ἀλλὰ

2163 1772 2256 1826 καὶ
2287 1773 2574 1841 ἐκούφισεν
2609 1770 2809 1835 αὐτῶν,
2858 1770 2935 1834 ὡς
2967 1769 3243 1838 ἐνεδέχετο
3264 1807 3278 1830 ,
3329 1765 3390 1819 τὸ
3419 1766 3526 1835 τῆς
3565 1762 3744 1832 λύπης

2161 1861 2346 1932 ἄχθος,
2371 1864 2433 1915 ἐκ
2453 1862 2563 1914 τῶν
2587 1861 2708 1914 καθ’
2738 1860 2932 1914 ἑαυτὸν
2955 1858 3106 1922 ἴσως,
3124 1858 3206 1911 ὅτι
3235 1856 3435 1918 ἀδίκως
3460 1852 3744 1923 ἐϐέϐλητο,

2163 1950 2257 2004 καὶ
2287 1949 2415 2020 περὶ
2436 1949 2659 2003 ἐκείνων
2690 1949 3071 2020 λογισάμενος.
3105 1944 3346 2000 Είὼθασι
3372 1945 3482 2016 γὰρ
3506 1943 3748 2005 ἄπαντες

2163 2042 2228 2094 ἐκ
2263 2041 2370 2094 τῶν
2410 2041 2530 2093 καθ’
2570 2041 2818 2103 ἑαυτοὺς,
2846 2040 2940 2093 καὶ
2987 2038 3116 2108 περὶ
3150 2037 3259 2090 τῶν
3285 2035 3461 2091 ἄλλων
3500 2033 3598 2096 τὰς
3635 2032 3747 2102 ψή-

2165 2151 2300 2202 φους
2332 2133 2547 2204 φέρειν’
2580 2134 2816 2202 μάλιστα
2837 2133 2883 2187 δ’
2910 2133 3140 2195 ἐκεῖνος,
3174 2130 3203 2182 ὁ
3223 2125 3499 2197 πανταχοῦ
3525 2125 3749 2194 δοκίμια

2163 2224 2264 2294 τῆς
2291 2225 2490 2295 ἀρετῆς
2517 2221 2786 2287 δεδωκὼς,
2810 2223 2885 2285 ὡς
2905 2221 3106 2293 χρυσὸς
3137 2221 3193 2272 ἐν
3216 2220 3350 2289 πυρὶ
3375 2215 3747 2288 βασανισθεὶς.

2167 2317 2260 2370 καὶ
2291 2315 2390 2385 τῆς
2419 2315 2627 2378 οἰκείας
2670 2314 2852 2380 δείξας
2894 2314 3006 2385 (52)
3036 2313 3104 2366 τά
3139 2311 3518 2383 γνωρίσματα.
3555 2308 3666 2361 Καὶ
3694 2307 3750 2360 τί

2165 2405 2324 2474 λέγω,
2390 2409 2447 2459 ἐν
2491 2404 2568 2475 τῷ
2621 2404 2924 2475 οίκήματις
2982 2402 3152 2457 Ἔνθα
3198 2403 3292 2455 καί⁵
3347 2402 3461 2462 τοῖς
3509 2397 3584 2469 μὴ
3627 2395 3750 2450 λίαν

2165 2498 2492 2568 ἀναλγήτοις
2543 2497 2790 2550 τίκτεται
2827 2514 2910 2559 τις
2937 2492 3411 2566 ταπεινοφροσύνη
3442 2491 3536 2545 καὶ
3577 2489 3752 2543 ἐπιεί-

2167 2607 2310 2655 κεια,
2343 2590 2377 2661 ἢ
2403 2591 2467 2642 ἐκ
2505 2587 2601 2642 τοῦ
2644 2587 2968 2649 συνειδότος,
2997 2588 3031 2656 ἦ
3071 2587 3136 2640 ἐκ
3158 2585 3252 2640 τοῦ
3280 2585 3444 2638 τόπου
3473 2582 3749 2652 φυομένη,

2175 2681 2338 2734 ὁπότε
2375 2678 2499 2733 οὔτε
2529 2681 2588 2733 ἐν
2615 2681 2681 2749 τῇ
2707 2679 2952 2750 βασιλείᾳ
2980 2677 3222 2748 ὴλέγχθη
3241 2695 3256 2708 ο
3285 2675 3422 2730 ἀλλά
3443 2676 3608 2729 κάκεῖ
3649 2673 3750 2744 τὴν

2169 2771 2337 2842 αὐτὴν
2358 2771 2640 2842 πραότητα
2671 2769 2782 2840 (53)
2814 2769 3148 2835 ἐπεδείξατο,
3170 2767 3391 2837 τρέφων
3452 2766 3556 2837 μὲν
3580 2766 3750 2832 Atyn-

2170 2863 2375 2925 πτίους,
2406 2862 2498 2915 καὶ
2550 2863 2660 2924 τοῖς
2721 2859 3056 2930 πανταχόθεν
3118 2860 3313 2929 ἥκουσι
3363 2859 3520 2930 χεῖρα
3577 2872 3755 2924 σωτη-

2172 2955 2292 3023 ρίας
2324 2953 2435 3024 (54)
2479 2951 2719 3023 ὀρέγων·
2759 2952 2885 3014 τοὺς
2920 2949 2976 3004 δὲ
3011 2950 3275 3020 ἀδελφοὺς
3318 2950 3380 3003 οὗ
3435 2948 3600 3019 μόνον
3651 2948 3755 3000 οὐκ

2170 3043 2531 3114 ἀμυνόμενος,
2572 3041 2708 3095 ἀλλὰ
2745 3042 2838 3095 καὶ
2881 3040 3209 3112 εὐεργετῶν.
3266 3039 3331 3092 Ὢ
3379 3039 3478 3107 τῆς
3523 3038 3751 3110 ἀρετῆς,

2169 3132 2263 3186 καὶ
2312 3131 2496 3185 δοῦλον
2539 3129 2919 3202 μεγαλόφρονα
2972 3127 3343 3199 ἐπιδειξάσης,
3395 3127 3491 3181 καὶ
3524 3125 3756 3196 βασιλέα

2168 3222 2601 3293 ταπεινόφροναί
2653 3221 2699 3275 ὣ
2748 3221 2861 3293 (55)
2929 3223 3029 3291 τῆς
3075 3219 3392 3291 ἁπανταχοῦ
3446 3221 3514 3273 τὰ
3572 3221 3754 3272 οἰκεῖα

2169 3314 2444 3383 τεκμήρια
2478 3314 2908 3384 σημηναμένηςί
2958 3311 3002 3364 ὢ
3030 3313 3127 3383 τῆς
3163 3311 3537 3366 ἀταπεινώτου
3572 3312 3671 3383 μὲν
3695 3312 3754 3364 ἐν

2175 3407 2504 3474 συμφοραῖς,
2549 3403 2830 3468 ἐπιεικοῦς
2867 3405 2924 3458 δὲ
2951 3405 3008 3456 ἐν
3043 3405 3372 3475 ύπεροχαῖςῑ
3416 3405 3461 3457 ὣ
3484 3404 3584 3474 τῆς
3612 3406 3753 3474 μήτε

2170 3497 2235 3565 τῇ
2282 3494 2541 3565 ἀσελγείᾳ
2577 3494 2928 3566 ήττηΟείσης,
2983 3495 3119 3567 μήτε
3149 3495 3243 3547 ἐπὶ
3297 3496 3362 3564 τῇ
3415 3494 3756 3565 συκοφαντίᾳ

2170 3586 2612 3658 δυσχερανάσηςῐ
2654 3585 2698 3639 ὣ
2736 3587 2834 3659 τῆς
2889 3588 3025 3640 πᾶσι
3080 3586 3179 3658 μὲν
3223 3585 3538 3658 βασιλικῶς,
3592 3589 3657 3656 τῇ
3707 3585 3754 3639 δ’

2171 3679 2329 3749 ἡδονῇ
2361 3678 2703 3749 τυραννικῶς
2729 3678 3117 3750 χρησαμένηςῑ
3149 3677 3313 3748 ῶτῆς
3339 3677 3432 3731 καὶ
3473 3678 3554 3741 είς
3586 3677 3756 3745 ἀνάγ-

2171 3788 2274 3840 κην
2303 3768 2654 3841 ἐμπεσούσης
2685 3769 3051 3841 διηγήσασθαι
3095 3769 3166 3822 τὰ
3209 3769 3332 3822 καθ’
3385 3769 3610 3840 ἑαυτὴν,
3660 3771 3757 3822 καὶ

2172 3863 2574 3935 ἐρυθριασάσης
2616 3863 2715 3935 τὴν
2760 3864 3020 3936 ἀλήθειαν
3076 3864 3273 3929 εἰπεῖν,
3333 3863 3422 3917 ἵνα
3493 3863 3568 3934 μὴ
3624 3864 3754 3934 δόξῃ

2180 3956 2448 4024 στέφανον
2479 3955 2838 4027 σωφροσύνης
2872 3959 3038 4028 ἑαυτῇ
3066 3955 3434 4029 περιτιθέναιι
3468 3955 3608 4009 Οὔτε
3645 3957 3758 4026 γὰρ

2174 4049 2285 4099 τῶν
2313 4046 2560 4116 ἀδελφῶν
2589 4047 2689 4118 τὴν
2717 4047 3008 4118 ἐπιϐουλὴν
3039 4047 3298 4120 ἐξέφηνεν
3318 4087 3332 4111 ,
3363 4046 3488 4100 οὔτε
3522 4048 3616 4102 τὸν
3653 4049 3757 4118 τῆς

2177 4140 2482 4209 Αἰγυπτίας
2528 4138 2736 4210 ἔρωτα·
2784 4138 2900 4192 ἀλλ’
2933 4139 3069 4211 ἔφη’
3106 4157 3125 4191 ι
3176 4141 3366 4212 Κλοπῇ
3413 4142 3663 4212 ἐκλάπην
3693 4144 3757 4194 ἐκ

2176 4231 2280 4301 γῆς
2322 4230 2612 4299 Ἐϐραίων,
2661 4230 2756 4284 καὶ
2787 4223 2890 4284 ὦδε
2928 4230 3165 4300 ἐποίησα
3205 4231 3357 4284 οὐδὲν
3405 4231 3605 4284 κακόνσ
3641 4231 3757 4285 ἀλλ’

2179 4322 2434 4377 ἐνέϐαλόν
2475 4341 2542 4394 με
2566 4323 2648 4386 είς
2679 4322 2772 4376 τὸν
2799 4323 2964 4377 τόπον
3003 4321 3098 4375 τοῦ
3129 4323 3333 4377 λάκκου
3375 4323 3585 4377 τούτου.
3622 4343 3640 4375 ι
3670 4325 3758 4378 Δι-

505 4399 715 4456 dumet
742 4401 1024 4474 Egyptios
1056 4405 1246 4472 aleret,
1279 4417 1332 4463 et
1377 4407 1442 4464 iis
1487 4407 1578 4477 qui
1608 4410 1775 4465 variis
1822 4423 1889 4465 ex
1942 4410 2065 4468 locis

2181 4413 2354 4475 καίως
2384 4414 2490 4484 ἄρα
2518 4416 2546 4466 ό
2579 4415 2678 4485 τῆς
2708 4413 3064 4487 σωφροσύνης
3100 4414 3396 4486 νομοθέτης
3425 4415 3518 4469 καὶ
3541 4415 3756 4486 πρύτα-

506 4489 880 4559 adveniebant,
907 4510 1124 4550 manum
1154 4498 1443 4552 salutarem
1473 4500 1764 4567 praeberet;
1797 4510 1853 4557 et
1883 4503 1933 4556 in
1966 4502 2075 4558 fra-

507 4594 619 4640 trcs
659 4599 763 4639 non
807 4586 981 4640 solum
1021 4602 1126 4642 non
1175 4589 1649 4651 animadverteret,
1683 4605 1866 4646 verum
1911 4595 2072 4649 etiam

2184 4525 2264 4570 νις
2293 4502 2626 4577 ἐϐράϐευσεν
2661 4507 2812 4577 αὐτῷ
2862 4507 2953 4560 τὸν
2982 4507 3268 4577 στέφανον,
3295 4507 3634 4561 ἀπόϐλεπτον
3659 4507 3757 4577 μὲν

2179 4602 2290 4663 τοῖς
2322 4599 2508 4662 παλαι,
2541 4598 2785 4668 ἀοίδιμον
2815 4597 2870 4650 δὲ
2907 4599 3021 4660 τοῖς
3050 4597 3188 4667 μετὰ
3228 4596 3403 4652 ταῦτα
3441 4599 3754 4672 ἀποφήνας,

502 4677 760 4733 beneficia
788 4679 1078 4735 conferret.
1101 4679 1146 4736 Ο
1169 4681 1535 4739 incredibilem
1560 4685 1772 4741 virtutis
1800 4687 1933 4742 vim!
1955 4703 2072 4757 quae
2103 4701 2159 4746 et
2205 4708 2418 4746 servum
2465 4692 2863 4763 magnanimum
2887 4692 3151 4757 exhibuit,
3180 4702 3232 4746 et
3295 4707 3471 4763 regem
3499 4694 3757 4748 humilem

505 4781 664 4840 atque
696 4771 1019 4827 demissum!
1053 4772 1098 4827 Ο
1129 4773 1403 4842 virtutem,
1459 4790 1576 4844 quae
1623 4778 1798 4834 ubivis
1828 4777 2067 4834 locorum
2103 4784 2381 4839 manifesta
2452 4785 2534 4839 sui
2567 4785 2718 4854 signa
2745 4785 2940 4839 edidit!
2972 4785 3015 4837 0
3041 4784 3315 4851 virtutem,
3378 4802 3496 4855 qua:
3529 4776 3582 4840 in
3612 4787 3758 4840 cala-

509 4862 781 4922 mitatibus
803 4865 1016 4935 quidem
1043 4865 1264 4923 minime
1296 4868 1560 4936 abiectam
1603 4884 1660 4924 se
1690 4872 1974 4940 praestitit;
2019 4875 2068 4927 in
2104 4878 2394 4931 eminentia
2427 4893 2552 4932 vero
2587 4880 2771 4932 mitem
2840 4885 2895 4932 et
2923 4877 3316 4946 animaequam!
3387 4875 3432 4932 Ο
3477 4877 3757 4943 virtutem,

1594 5043 1829 5099 VARUE
1872 5043 2257 5104 LECTIONES
2292 5049 2376 5103 ET
2414 5049 2644 5105 NOTAE.

579 5193 690 5270 (50)
724 5192 1032 5270 Ed._Pat_'is.
1063 5195 1192 5248 ὅπου
1232 5197 1568 5270 δέ-βασ-ιλεὺς
1607 5199 1867 5270 ἀμυνὰτω
1907 5202 2064 5270 αὐτή.

512 5261 804 5332 Sequimur
836 5264 1116 5319 lectionem
1151 5261 1349 5322 codicis
1390 5261 1836 5324 Vatican'ifllmr.

579 5333 1231 5409 (61)Ρὶ“οέμπ.ιστευοεὶς
1286 5338 1421 5409 idem
1471 5339 1652 5409 habet;
1693 5340 2072 5409 ἐγχειρισοεῐς.

515 5401 664 5473 \‘ers.
697 5418 811 5471 seq.
851 5401 1138 5472 ἐκούφισεν
1168 5413 1325 5472 auget
1371 5407 1419 5458 in
1463 5401 1818 5473 ἐπεκούφισεν
1849 5401 1898 5461 cl
1934 5401 2074 5464 vers.

515 5472 688 5547 inde?
717 5489 815 5547 pro
839 5473 1098 5547 ἐϐέϐλητο
1140 5477 1327 5547 scribit
1359 5472 1682 5547 ἐμϐέϐλητοέ
1719 5478 1928 5534 Possm.

585 5543 696 5615 (52)
739 5542 852 5609 Τῆς
886 5546 1104 5609 casiae
1139 5544 1360 5609 δείξας.
1390 5542 1609 5600 Videtur
1640 5547 1854 5615 aliquod
1886 5566 2075 5601 uoiucn

511 5611 906 5666 Sttltsiautit’um
926 5615 1130 5676 deesse,
1157 5617 1238 5668 cui
1266 5611 1792 5680 :taljit'izttttr-oizsf'ic,
1818 5620 1914 5670 nisi
1943 5623 2078 5669 forte

516 5695 610 5746 pro
643 5696 706 5737 cu
743 5682 1019 5751 legentium
1063 5686 1376 5749 ἐπιεικείας.
1410 5686 1567 5740 BHT.
1602 5716 1665 5723 —~-
1702 5689 1840 5744 lutcr
1873 5690 2076 5742 οἰκείας

2177 5219 2223 5260 et
2251 5206 2429 5270 δείξας
2461 5210 2582 5261 cod.
2616 5208 2732 5261 Vat.
2769 5209 2957 5263 inserit
2989 5209 3286 5274 εὐγενείας.
3318 5210 3529 5266 Possm.

2253 5277 2526 5353 (Ei3)_Post
2560 5278 2840 5348 πραότητα
2870 5280 2992 5334 cod.
3044 5277 3166 5335 Vat.
3222 5282 3368 5335 addit
3411 5281 3504 5334 καὶ
3548 5282 3752 5353 ἡμερό-

2181 5363 2337 5415 τητα.
2367 5347 2573 5400 Possm.

2253 5417 2363 5484 (54)
2389 5418 2561 5490 Χεῖρα
2606 5420 2920 5485 σωτηρίας.
2956 5420 3016 5473 F.
3059 5418 3266 5484 legend.
3300 5420 3586 5490 σωτήριον.
3623 5421 3757 5476 illud

2182 5488 2617 5559 mnuumsnlutis
2670 5491 2899 5554 prwbcre
2955 5490 3330 5545 llcbraisutuln
3369 5488 3527 5559 sapit.
3585 5491 3754 5546 Rt'rt'.

2255 5557 2365 5631 (liii)
2403 5558 2533 5610 Cod.
2572 5557 2688 5613 Vat.
2721 5559 2763 5612 ι’ἶι
2804 5572 2972 5613 ululat
3011 5563 3059 5612 iu
3088 5560 3182 5619 ὡς,
3207 5573 3396 5617 ιιινριδ
3435 5557 3550 5631 Set].
3583 5579 3742 5630 σημς-

2191 5627 2426 5697 νῖίιὸνης
2460 5640 2612 5697 Auget
2653 5631 2701 5683 iu
2730 5648 3069 5701 κατασημην.
3121 5631 3326 5684 Possm.
