3976 6408
234 368 359 433 1157
1190 359 1731 424 EI’IS'IOLARUM
1763 356 1910 418 LIB.
1958 355 2058 417 1V.
2104 379 2168 388 --
2197 352 2436 413 EPIST.
2485 350 2675 413 XCVI.
3389 352 3524 415 112:8

216 476 462 547 etcjecit
491 491 553 531 ex
590 475 856 540 Ecclesia,
890 485 938 530 et
971 473 1173 544 ejicere
1208 475 1502 529 mandavit.
1532 475 1599 527 At
1647 473 1715 527 de
1773 472 1933 525 rebus
1985 466 2222 523 occultis
2269 472 2590 532 exspectare
2607 463 2794 530 jussit,
2845 462 3020 532 quoad
3080 463 3288 520 venerit
3340 464 3518 520 Domi.

219 584 344 622 nus.
390 567 703 622 Absurdum
739 565 882 621 enim
925 576 1010 622 est
1067 566 1265 636 jmlicis
1291 567 1608 636 dignitatem
1678 580 1744 620 ac
1803 578 2004 618 munus
2081 560 2327 628 arripere
2382 564 2548 624 atque
2613 554 2870 611 invadere
2935 555 3094 624 Velle,
3147 567 3201 612 ct
3253 557 3518 613 calculum

216 664 429 734 absque
456 662 663 731 judicio
698 660 878 726 ferre,
932 671 988 718 et
1029 677 1137 716 non
1189 650 1509 730 permittere
1544 675 1667 716 eum
1719 658 1920 729 regulae
1945 655 2214 711 veritatis.

508 777 635 830 PE'.
671 806 740 818 —
775 776 1008 847 ΠΑΥΛῼ
1056 774 1532 846 ΠΡΕΣΒΥΤΕΡῼ.

2207 741 2373 797 XCV.
2403 775 2471 787 -—
2496 741 2727 800 PAULO
2753 740 3228 798 I’RESBYTERO.

309 873 418 936 Εἰς
451 869 540 935 τὸ,
575 888 593 921 ι
640 870 745 925 Διὰ
772 871 828 924 τί
859 833 996 937 οὐχί
1022 867 1270 939 μᾶλλον
1302 833 1646 928 ἁδικεῖσθες
1687 885 1705 915 ι

1924 837 1982 894 In
2019 838 2151 891 iHud
2178 835 2339 889 Pauli
2378 836 2604 899 dictum,
2654 854 2674 884 ‹
2717 833 2895 898 Quare
2928 851 3031 888 non
3057 835 3225 905 magis
3257 834 3515 904 iujuriam

2509 906 2760 972 patimini
2793 904 2878 957 NI?
2915 923 2934 956 ›

1207 987 1238 1015 ρ

291 1046 357 1098 Et
399 1045 494 1098 καί
530 1063 636 1109 τις,
677 1045 754 1108 ὡς
811 1044 1116 1116 γέγραφας,
1170 1045 1270 1113 τὴν
1321 1043 1500 1113 ψυχὴν
1551 1042 1807 1113 ἐπιθυμίᾳ

1998 1036 2348 1105 Qquuam,
2383 1043 2438 1087 ut
2486 1036 2777 1105 scripsisti,
2824 1036 3046 1105 quidam
3087 1047 3191 1102 est,
3237 1039 3328 1106 qui
3380 1041 3502 1092 aui-

214 1139 328 1192 τῶν
348 1137 649 1209 ἀλλοτρίων
697 1139 776 1198 είς
812 1137 1073 1190 ἀπόνοιαν
1119 1135 1512 1210 ὲρεθίζει(9υ),
1559 1126 1619 1188 οὗ
1659 1135 1807 1206 μόνον

1929 1144 2079 1182 mum
2107 1143 2268 1181 suum
2300 1128 2595 1198 cupiditate
2635 1143 2817 1182 rerum
2863 1128 3165 1182 alienarum
3207 1132 3273 1183 ad
3323 1145 3515 1186 νεοσσι-

213 1232 449 1296 ἀδικεῖν,
473 1231 607 1284 ἀλλά
641 1230 737 1284 καὶ
785 1229 1046 1300 φλυαρεῖν
1088 1225 1398 1297 διεγνωκώς
1422 1245 1435 1257 ’
1474 1227 1811 1297 Γέγραπται·

209 1323 380 1400 ειΔιά
413 1321 466 1374 τί
509 1322 628 1391 οὐχὶ
691 1320 890 1391 μᾶλλον
949 1317 1265 1384 ἀδικεῖσθε;
1325 1337 1343 1370 ι
1384 1318 1649 1384 ἀκουέτω,
1676 1317 1728 1369 ετ
1751 1334 1815 1384 γε

212 1407 331 1465 ὦτα
366 1413 503 1483 ἔχει,
528 1413 621 1465 καὶ
665 1412 740 1483 μὴ
766 1411 936 1467 ταῦτα
965 1412 998 1476 ἡ
1041 1408 1445 1480 φιλοχρηματία
1477 1408 1810 1481 ἀπέφραξεν,

211 1505 298 1558 ὅτι
329 1504 392 1556 Εἰ
447 1503 720 1555 καὶτοῦτο
755 1503 879 1572 ἐμοὶ
907 1501 1239 1572 γέγραπται,
1266 1501 1346 1552 σοὶ
1388 1500 1447 1552 οὐ
1497 1499 1811 1570 γέγραπται

211 1596 564 1666 ἀποστερεῖν.
600 1595 694 1666 Μὴ
727 1595 905 1648 τοίνυν
935 1611 1016 1647 σοι
1043 1593 1274 1662 γινέσθω
1322 1592 1634 1656 πλεονεξίας
1677 1592 1814 1663 πρό-

213 1706 380 1757 φασις
424 1689 458 1757 ἡ
492 1687 824 1757 ἁποστολικὴ
858 1687 1180 1756 παραίνεσις
1213 1701 1227 1715 ·
1271 1684 1392 1754 μηδ’
1444 1683 1632 1751 ἐπειδὴ
1669 1701 1815 1752 παρ-

1923 1221 2067 1274 diam
2105 1219 2327 1285 titillat,
2377 1235 2485 1273 non
2531 1219 2703 1273 solum
2744 1220 2931 1288 inique
2976 1235 3139 1287 agere
3178 1236 3242 1276 ac
3294 1221 3516 1277 defrau-

1921 1313 2054 1366 dare
2095 1311 2251 1379 alios,
2291 1326 2480 1365 verum
2507 1312 2670 1366 etiam
2701 1311 2790 1381 (ad
2818 1311 3190 1367 defensionem
3219 1313 3348 1368 facti
3373 1315 3513 1384 ejus)

1920 1403 2111 1472 nugari
2163 1411 2370 1458 certum
2401 1417 2466 1457 ac
2516 1402 2874 1458 deliberatum
2924 1403 3176 1460 habens:
3231 1404 3511 1477 Scriptum

1926 1505 2018 1548 est
2049 1495 2272 1566 (inquit)
2318 1513 2332 1550 :
2378 1513 2396 1546 ι
2435 1493 2619 1560 Quare
2674 1509 2778 1549 non
2835 1497 3008 1567 magis
3066 1498 3325 1567 injuriam
3372 1500 3517 1567 pati-

1925 1588 2097 1641 mini?
2155 1606 2173 1640 ι
2225 1597 2406 1641 tamen
2456 1587 2672 1653 audiat,
2717 1587 2879 1642 modo
2924 1602 3086 1643 aures
3127 1589 3371 1655 habeat,
3415 1603 3516 1644 nec

1935 1679 2034 1734 has
2067 1678 2296 1733 avaritia
2323 1678 2620 1734 obstruxit.
2651 1678 2914 1745 Quamvis
2942 1681 3086 1734 enim
3121 1681 3225 1736 hoc
3251 1681 3515 1749 scriptum

212 1779 411 1850 ῄνεσεν
437 1779 560 1850 ἐμοὶ
588 1778 1029 1849 ἀποστερεῖσθαι,
1057 1777 1137 1830 σοι
1160 1775 1344 1847 χώραν
1366 1776 1552 1846 νόμιζε
1571 1774 1807 1828 δεδόσθαι

1929 1771 2024 1837 sit,
2052 1778 2106 1824 at
2138 1770 2233 1824 tibi
2266 1785 2372 1824 non
2397 1780 2481 1824 est
2515 1769 2777 1842 scriptum
2813 1780 2908 1826 aut
2947 1784 3304 1840 praeceptum,
3337 1784 3398 1828 ut
3429 1789 3517 1828 mu

212 1871 312 1923 τοῦ
353 1870 561 1923 ἀδικεῖν
586 1885 599 1900 ·
639 1870 762 1940 ἐμοὶ
794 1868 902 1940 γάρ
933 1868 1205 1941 σωτηρίαν
1237 1867 1296 1920 τὸ
1345 1866 1653 1921 ἀδικεῖσθαι
1679 1907 1692 1932 ,
1732 1867 1807 1918 σοι

1924 1861 2102 1933 (alios)
2140 1876 2196 1914 re
2222 1861 2542 1916 defraudes.
2582 1861 2764 1928 Quare
2792 1877 2861 1917 ne
2895 1863 2989 1919 tibi
3021 1865 3332 1934 iniquitatis
3370 1881 3508 1935 pras-

213 1961 272 2015 δὲ
306 1960 580 2032 τιμωρίαν
608 1959 670 2014 τὸ
697 1961 1041 2034 ἀποστερεῖν,
1080 1958 1339 2032 φέρει[ν].

1924 1965 2101 2011 textus
2137 1958 2225 2009 liat
2270 1954 2573 2026 apostolica
2599 1955 2944 2012 admonitio:
2990 1973 3171 2028 neque
3207 1959 3352 2025 ideo,
3388 1959 3515 2026 quia

215 2059 351 2112 mihi
412 2068 599 2113 auctor
651 2057 756 2112 fuit
815 2067 894 2126 ut,
937 2071 1094 2127 aequo
1142 2057 1326 2111 animo
1364 2065 1582 2127 paterer
1626 2067 1712 2108 me
1750 2052 2086 2117 defraudari,
2154 2064 2205 2106 tu
2265 2051 2365 2105 tibi
2433 2051 2609 2105 locum
2641 2065 2762 2107 esse
2819 2055 3007 2106 datum
3064 2054 3250 2122 inique
3320 2053 3515 2125 agendi

214 2152 499 2208 existima.
529 2153 661 2207 Nam
688 2161 748 2208 ut
773 2153 904 2209 mihi
931 2153 1160 2210 salutem
1190 2150 1349 2206 aﬁ‘ert
1402 2149 1657 2220 injuriam
1716 2163 1873 2218 aequo
1905 2148 2088 2203 animo
2144 2147 2378 2202 tolerare
2406 2186 2421 2212 ,
2493 2146 2566 2210 ita
2614 2160 2645 2201 ε
2679 2150 2957 2203 contrario
3008 2145 3102 2202 tibi
3173 2147 3515 2202 defraudatio

213 2249 542 2318 supplicium
572 2248 738 2318 parit.

397 2365 528 2430 ιιεῖν.
567 2395 637 2404 -
656 2364 1018 2436 ΜΑΡΤΙΔΝῼ
1049 2363 1126 2436 (ι)
1159 2362 1638 2433 ΠΡΕΣΒΥΤΕΡῼ.

212 2455 358 2524 Περὶ
408 2455 669 2523 Ἡρώδου
727 2455 835 2510 τοῦ
890 2456 1241 2525 τετράρχου,
1271 2459 1371 2515 καὶ
1411 2456 1520 2512 τοῦ
1595 2457 1814 2512 Βαπτι-

573 2525 746 2591 στοῦ,
775 2525 875 2580 καὶ
909 2526 1023 2595 τῆς
1058 2527 1425 2596 Ἡρωδιάδος.

284 2638 405 2691 Οὐκ
461 2637 637 2706 ὀλίγα,
693 2638 815 2693 οὐδὲ
876 2641 1068 2711 μικρὰ,
1126 2641 1262 2695 ἀλλά
1310 2644 1403 2695 καὶ
1466 2643 1662 2707 πολλὰ,
1717 2645 1814 2698 καὶ

215 2729 456 2800 μεγάλα,
492 2727 567 2800 (2)
648 2729 728 2800 τῷ
768 2731 1050 2804 τετράρχῃ
1129 2732 1584 2802 πεπλημμέλητο.
1645 2735 1812 2806 Ὠμοῢ

211 2821 327 2891 γὰρ
355 2821 569 2884 λέοντος
616 2817 684 2892 ἧν
717 2821 973 2890 δυσγενὲς
1023 2822 1311 2892 βλάστημα
1333 2824 1430 2892 (5).
1457 2826 1667 2897 Ὠσπερ
1704 2827 1813 2898 γάρ

213 2917 243 2968 ὁ
267 2913 460 2971 δεδιὼς
501 2913 576 2983 μὴ
599 2911 751 2976 νόθος
773 2913 889 2977 υίὸς
910 2913 1000 2966 τοῦ
1032 2914 1233 2966 οἰκείου
1269 2915 1475 2986 πατρὸς
1504 2919 1811 2989 νομισθείη,

213 3005 313 3060 τοῦ
343 3006 414 3058 τά
458 3004 630 3074 βρέφη
680 3005 749 3057 τὰ
799 3007 857 3059 ἐν
902 3006 1149 3076 Βηθλεὲμ
1189 3007 1491 3074 ἀνελόντος,
1553 3010 1812 3082 τοιαύτην

216 3094 414 3158 ἔπλεξε
447 3093 774 3165 τραγῳδίαν,
825 3095 900 3157 ὼς
963 3095 1030 3148 ἂν
1059 3096 1330 3168 ἀμιλληθῇ
1388 3099 1572 3167 σχεδὸν
1601 3099 1678 3168 τῷ
1722 3117 1812 3152 τε-

225 3187 403 3250 κόντι,
434 3186 528 3237 καὶ
557 3180 715 3254 οῐμαι
753 3185 1064 3256 τετράρχης
1101 3188 1196 3240 καὶ
1223 3187 1312 3240 διὰ
1337 3187 1495 3241 τοῦτο
1537 3188 1809 3258 λελέχθαι,

214 3276 316 3344 οὐχ
332 3275 418 3328 ὅτι
435 3274 705 3344 τετάρτην
733 3276 927 3346 μοῖραν
956 3277 1055 3346 τῆς
1076 3275 1337 3346 πατρῴας
1359 3275 1635 3345 βασιλείας
1654 3279 1812 3346 μόνον

215 3366 450 3428 διεῖπεν,
501 3361 616 3416 ἀλλ’
666 3363 748 3416 ὅτι
795 3365 889 3416 καὶ
928 3363 1032 3416 ὑπὸ
1082 3362 1191 3417 τῶν
1247 3365 1533 3436 τεσσάρων
1575 3366 1811 3434 γενικῶν

217 3455 379 3509 ειδῶν
410 3454 515 3523 τῆς
552 3453 753 3518 κακίας
790 3454 986 3525 ἧρχθη.
1043 3453 1270 3525 Πρῶτον
1303 3455 1402 3525 μὲν
1435 3456 1542 3526 γάρ
1573 3458 1814 3527 παρανόσ

221 3565 341 3617 pro;
370 3547 562 3613 ἄγεται
613 3545 713 3615 τὴν
762 3544 1104 3616 Ἦρωδιάδα’
1161 3540 1282 3599 εἶτα
1347 3547 1624 3618 ἐλεγχθεὶς
1663 3548 1811 3621 παρά

216 3636 315 3690 τοῦ
365 3636 696 3703 Βαπτιστοῦ,
742 3635 859 3690 δέον
903 3637 1370 3707 σωφρονισθῆναι,
1399 3639 1480 3700 εἰς
1530 3639 1813 3710 δεσμωτή-
1841 3684 1883 3741 C

222 3747 341 3800 ριον
381 3729 644 3798 ἐμϐάλλει
691 3729 752 3782 οὐ
794 3728 1238 3800 παρανομοῦντα,
1286 3728 1422 3783 ἀλλὰ
1467 3732 1809 3802 παρανομίαν

219 3822 536 3890 ἐλέγχοντα.
583 3821 836 3884 Ἔπειτα,
881 3820 1203 3891 βουλόμενος
1247 3821 1590 3887 ἀποκτεῖναι,
1623 3824 1807 3886 φοϐεῖ-

219 3932 316 3970 ται
332 3914 427 3967 τὸν
456 3913 632 3984 ὄχλον,
668 3913 760 3966 τὸν
786 3912 1085 3966 ἀδέκαστον
1113 3912 1392 3982 ὀφθαλμὸν
1430 3912 1504 3984 μὴ
1527 3915 1805 3985 φοϐηθείς.

219 4002 358 4059 Εἶτα
394 4003 816 4075 ἀπερισκέπτως
853 4005 944 4058 καὶ
977 4005 1245 4075 ἀορίστως
1285 4003 1497 4074 ὀμνύει,
1526 4008 1592 4077 τῇ
1635 4006 1807 4076 θυγα-

218 4098 312 4166 τρὶ
337 4097 440 4165 τῆς
465 4097 528 4150 τὸ
553 4097 738 4165 δρᾶμα
767 4096 1115 4167 συνθησάσης
1133 4096 1232 4166 (4),
1270 4097 1364 4150 καὶ¹
1408 4097 1535 4163 ἀξια
1561 4099 1630 4152 τὰ
1663 4101 1804 4171 μέρη

215 4187 314 4239 τοῦ
359 4186 540 4256 γάμου
583 4185 1004 4255 παρασκευάσαι
1046 4185 1350 4257 οίηθείσης,
1401 4189 1509 4240 πᾶν
1566 4189 1703 4259 ὅπερ
1742 4190 1807 4243 ἂν

221 4277 551 4346 αἰτήσηται,
596 4279 900 4346 παρασχεῖν
930 4290 944 4304 ⁶
1002 4277 1062 4328 τὸ
1099 4276 1155 4329 δὲ
1198 4276 1332 4348 ὀρθὰ
1366 4279 1458 4331 καὶ
1500 4279 1683 4333 δίκαια
1709 4281 1811 4333 δώ-

219 4382 358 4432 σειν,
404 4366 466 4418 ού
510 4365 940 4437 προσδιώρισεν’
993 4367 1107 4421 ἀλλ’
1153 4367 1324 4432 οὕτως
1374 4369 1807 4440 ἀπροϐούλευτον

217 4456 335 4528 ἔχει
369 4458 462 4510 τὸν
494 4457 777 4528 λογισμὸν,
829 4459 905 4523 ὼς
938 4459 1033 4512 καὶ
1086 4459 1148 4511 τὸ
1191 4460 1363 4530 ἣμισυ
1395 4461 1495 4530 τῆς
1530 4463 1808 4532 βασιλείας

217 4547 650 4616 ἐπαγγείλασθαι
678 4566 692 4581 ·
743 4550 803 4602 οὺ
845 4549 1222 4619 λογισάμενος,
1271 4552 1354 4605 ὅτι
1390 4553 1806 4625 ἀργαλεώτερον

213 4643 334 4694 ἐστι
368 4641 716 4714 δικαιοσύνης
761 4644 1018 4697 ἐκπεσεῖν
1071 4643 1102 4714 ἢ
1147 4644 1444 4714 βασιλείας.
1495 4643 1626 4699 Εἶτα
1659 4649 1811 4719 εὐορ-

214 4735 343 4798 κίας
399 4737 755 4806 προσχήματι
829 4739 1010 4790 πᾶσαν
1083 4738 1373 4808 ὲπιορκὶαν
1466 4739 1803 4812 ὑπερϐαίνει.

285 4871 373 4924 ⁸⁸1
410 4869 534 4924 Cor.
568 4889 643 4932 vr,
680 4873 731 4926 7.
812 4874 855 4906 ‘9
885 4875 1052 4932 Marc.
1086 4894 1155 4940 Vl,
1191 4879 1378 4934 17-29.

2101 2356 2287 2413 XCVI.
2323 2389 2391 2398 -—-
2435 2355 2802 2414 MARTIANO
2843 2357 3328 2417 PRESBYTERO.

1921 2451 1999 2507 De
2052 2450 2263 2506 Herode
2297 2451 2950 2574 ιριταγείιααᾱῖἒὲἐοῧηηε)
2965 2452 3231 2524 Baptista,
3257 2466 3304 2509 et
3341 2454 3512 2510 [lera-

2629 2541 2748 2577 mae
2783 2541 2849 2577 ".

1991 2635 2178 2705 Neque
2209 2651 2404 2706 pauca,
2438 2650 2614 2706 neque
2649 2639 2870 2708 exigua,
2897 2637 2992 2693 sed
3028 2647 3082 2693 et
3109 2638 3277 2693 multa
3312 2647 3366 2692 et
3398 2655 3513 2693 ma-

1919 2745 2024 2796 gna
2079 2730 2293 2784 scelera
2331 2730 2611 2785 commisit
2635 2732 2914 2785 tetrarcba
2948 2731 3264 2802 (Herodes).
3296 2731 3510 2788 Crude-

1919 2819 1988 2874 lis
2021 2821 2166 2875 enim
2207 2821 2379 2876 leonis
2417 2821 2659 2889 ignobile
2686 2835 2913 2891 germen
2946 2832 3086 2877 erat.
3117 2822 3251 2877 Nam
3283 2825 3512 2891 proinde

1916 2910 2073 2979 quasi
2145 2921 2461 2977 metueret,
2512 2926 2580 2965 ne
2646 2913 2883 2982 degener
2934 2926 2999 2967 ac
3061 2927 3250 2983 parum
3305 2916 3512 2984 genui-

1917 3016 2018 3055 nus
2082 3002 2164 3056 sui
2225 3004 2400 3071 patris
2463 3004 2607 3058 [ilius
2662 3018 2784 3058 esse
2840 3014 3146 3074 putaretur,
3194 3005 3310 3073 ejus
3364 3006 3508 3074 dico,

1918 3093 2014 3162 qui
2064 3094 2304 3150 infantes
2335 3095 2778 3151 Bethleemiticos
2823 3097 3068 3163 sustulit,
3124 3100 3288 3152 talem
3340 3102 3511 3154 texuit

1919 3187 2268 3256 tragmdiam,
2307 3198 2366 3242 ut
2397 3187 2566 3242 ferme
2591 3197 2830 3243 certaret
2861 3204 2985 3244 cum
3015 3204 3116 3246 suo
3143 3199 3296 3257 patre
3328 3191 3393 3245 de
3421 3192 3504 3244 fa-

1915 3277 2162 3332 cinorum
2198 3281 2510 3345 atrocitate,
2543 3295 2780 3348 meaque
2809 3281 3072 3350 opinione
3118 3282 3262 3334 illam
3291 3297 3511 3351 quoque

1916 3364 1987 3420 ob
2040 3381 2265 3422 causam
2315 3371 2592 3424 tetrarcha
2640 3368 2808 3441 464
2851 3372 3281 3436 diceretur,non
3333 3374 3508 3429 solum

1916 3458 2056 3526 quod
2103 3468 2356 3529 quartam
2405 3461 2559 3531 regni
2609 3462 2914 3530 portionem
2958 3465 3266 3532 obtineret,
3316 3482 3506 3522 verum

1916 3551 2081 3605 etiam
2109 3551 2253 3620 quod
2283 3568 2312 3607 a
2345 3563 2588 3623 quatuor
2613 3556 2962 3626 generalibus
2994 3573 3060 3613 ac
3091 3560 3382 3629 praecipuis
3427 3563 3506 3614 vi-

1924 3641 2121 3696 tiorum
2175 3643 2363 3698 formis
2412 3658 2713 3715 regeretur.
2762 3649 2897 3704 Nam
2950 3655 3126 3721 primo
3168 3654 3385 3724 quidem
3421 3655 3506 3707 in-

1913 3732 2062 3802 juste
2096 3743 2150 3791 et
2183 3746 2375 3792 contra
2421 3737 2566 3808 leges
2596 3742 2744 3796 ducit
2780 3740 3139 3799 llerodiadem
3173 3763 3184 3798 :
3242 3743 3448 3800 Deinde
3475 3761 3505 3798 a

1915 3822 2126 3879 Joanne
2152 3824 2395 3897 Baptista
2446 3832 2840 3900 reprehensus,
2879 3848 3003 3890 cum
3051 3844 3330 3906 oporteret
3379 3851 3504 3892 eum

1918 3918 2140 3986 corrigi,
2192 3919 2243 3972 in
2283 3935 2562 3976 carcerem
2597 3926 2820 3992 conjicit
2891 3943 2998 3984 non
3050 3939 3366 3999 peccantem
3411 3939 3508 3985 aut

1917 4008 2212 4075 quidquam
2249 4010 2452 4080 injuste
2476 4022 2753 4082 agentem,
2787 4018 2880 4071 sed
2931 4033 3078 4084 eum,
3113 4022 3204 4089 qui
3247 4023 3509 4091 iniquita-

1922 4107 2030 4150 tem
2067 4099 2454 4170 redarguebat.
2501 4103 2803 4172 Praeterea,
2855 4124 2976 4163 cum
3012 4112 3170 4167 vellet
3210 4128 3332 4168 eum
3363 4115 3507 4170 occi-

1915 4189 2064 4252 dere,
2101 4191 2254 4244 timet
2297 4192 2528 4260 plebem,
2570 4199 2658 4265 qui
2713 4209 2893 4256 tamen
2930 4205 3304 4271 it.cort'UpItnn
3357 4208 3504 4260 illum

1917 4284 2135 4335 omnium
2185 4285 2322 4338 nihil
2363 4299 2653 4343 metuerat.
2721 4293 2800 4346 Ad
2844 4295 2960 4350 haec
3005 4297 3310 4366 improvide
3341 4309 3506 4367 atquo

1917 4375 2200 4430 indeﬁnite
2224 4378 2374 4448 jurat
2410 4379 2533 4436 lilia:
2563 4383 2680 4452 ejus
2711 4384 2948 4456 feminae,
2984 4405 3104 4459 quae
3137 4391 3324 4444 infelix
3374 4392 3504 4446 illud

1916 4464 2104 4518 drama
2137 4469 2521 4534 adornaverat,
2553 4489 2782 4544 qumque
2819 4479 2980 4546 digna
3018 4483 3350 4535 matrimonii
3382 4484 3502 4550 ejus

1922 4561 2142 4627 praemia
2172 4577 2228 4614 se
2256 4564 2637 4621 coneiliavisse
2666 4571 2913 4635 putabat,
2945 4574 3201 4642 quidquid
3238 4577 3501 4641 pettissel,

1918 4665 1976 4703 se
2009 4650 2360 4718 pra-biturum
2405 4673 2419 4708 :
2459 4673 2562 4710 non
2595 4668 2773 4714 autem
2806 4663 3090 4719 addiderat
3128 4668 3266 4719 hanc
3305 4666 3498 4719 limita-

1918 4741 2144 4808 tionem,
2183 4758 2329 4800 recta
2358 4763 2415 4802 se
2433 4748 2690 4821 justaque
2711 4758 2912 4821 petenti
2931 4758 3182 4814 daturum
3209 4778 3222 4814 :
3249 4761 3344 4814 sed
3369 4760 3503 4816 adeo

1333 5013 1566 5068 VARle
1601 5015 1986 5073 LECTIGNES
2009 5019 2097 5074 ET
2121 5021 2352 5081 ΝΟΤᾹΞ.

287 5148 404 5220 (99)
446 5146 721 5240 ’ξρξθίζεε
757 5149 878 5230 cod.
915 5149 1188 5240 vatus.st
1223 5162 1396 5205 mutat
1428 5153 1479 5206 in
1502 5152 1805 5240 ’ἐρεθίζωνη

1994 5155 2072 5227 (2)
2103 5158 2223 5240 καὶ.
2256 5162 2459 5216 πολλὰ
2509 5163 2607 5216 καὶ
2652 5165 2909 5240 μεγάλα.
2963 5164 3093 5220 Illud
3145 5168 3238 5220 καὶ
3290 5175 3501 5240 μεγάλα

209 5232 265 5275 et
292 5218 434 5292 νει-ε.
470 5219 503 5272 '5
545 5218 750 5292 ἀδικεῖν
795 5218 849 5271 in
918 5221 1184 5286 ἀπειλεῖν,
1221 5237 1454 5292 moxque
1496 5218 1807 5290 διεγνωκὼξ

210 5292 262 5344 iu
296 5291 620 5354 διέγνωκας.
657 5287 862 5342 Possm.

281 5360 358 5430 (l)
389 5359 454 5430 In,
476 5357 803 5430 cod._Vatic.
830 5360 1116 5430 inscriptio
1145 5361 1300 5427 hujus
1334 5375 1422 5429 ep.
1458 5362 1588 5415 nihil
1633 5364 1800 5418 habet

209 5427 360 5500 aliud
407 5428 509 5482 nisi
557 5427 862 5500 Μαρκιανῴ
909 5427 1026 5483 sine
1073 5427 1549 5494 adjunmofl’ers.
1595 5434 1628 5485 2

206 5499 484 5570 τετράρχῃ
529 5498 769 5570 adjungit
805 5499 942 5553 idem
986 5500 1218 5570 Ἡρώδῃ.
1267 5502 1424 5555 Vers.
1456 5503 1488 5555 5
1531 5512 1648 5570 post
1681 5498 1796 5570 Vap-

212 5567 651 5641 ιιειιειίὶιιίεύίιο
685 5567 941 5641 δυσγενὲς
972 5567 1109 5623 idem
1155 5567 1376 5624 omittit.
1413 5567 1568 5624 Vers.
1601 5573 1633 5626 6
1671 5567 1792 5641 post

208 5640 436 5702 ὼςιιιιΙίι
464 5637 902 5709 ἂνλοιάμιλληθῇ
934 5641 1182 5707 producit
1207 5642 1408 5705 addito,
1425 5642 1529 5694 ναί.
1557 5637 1708 5696 νοτε.
1740 5645 1789 5709 7,

205 5710 518 5780 τετράρχηςῄ
539 5707 590 5762 in
625 5707 1136 5776 ιιιιιιι·ιυιιι”ἱιιίιεοιὶι
1181 5725 1362 5766 casum
1411 5712 1655 5768 scribens
1701 5707 1789 5768 ’τε-ὲ

206 5778 472 5852 τράίρχηνζ
501 5778 578 5833 In.

1911 5240 2024 5301 ροιι
2060 5239 2174 5280 erat
2213 5231 2264 5283 in
2304 5247 2444 5298 ms.;
2500 5231 2863 5288 necessarium
2913 5244 3127 5301 tamen,
3167 5249 3225 5292 ut
3269 5231 3498 5300 videtur.

1912 5291 2153 5351 Bursa.

1987 5369 2064 5434 (5)
2095 5367 2300 5450 i‘iempe
2342 5372 2552 5450 vulpes,
2611 5384 2684 5450 ut_
2715 5373 2965 5450 Christus
3002 5391 3134 5450 cum
3186 5384 3498 5450 appellavit.

1680 5444 1798 5501 post
1901 5432 2079 5508 Porro
2112 5439 2174 5493 de
2195 5432 2351 5506 pinna
2382 5432 2641 5498 divinitus
2673 5446 2798 5499 huic
2835 5446 3034 5501 Herodi
3055 5447 3128 5501 ob
3152 5432 3497 5508 interiectum

1905 5502 2168 5594 {qaunem
2195 5502 2497 5594 Baptista!"
2533 5516 2788 5594 immissa
2831 5518 3094 5594 videndus
3119 5502 3501 5594 θειᾱὸὲὲῌιῖιῖἐ

1910 5574 2187 5653 Ιιὺςμκχιιι
2214 5574 2575 5653 Αἰτίιωοίορη
2600 5600 2721 5653 cap.
2759 5586 2808 5639 7.
2847 5583 2925 5640 In.

1979 5645 2057 5738 (ﬁ)
2094 5645 2751 5738 Rroouvogchsrjg'idem
2801 5658 2924 5738 cod.
2961 5659 3138 5738 liabet
3183 5664 3497 5738 συνθείσης.

1905 5712 2061 5770 νρις.
2100 5719 2220 5774 inde
2250 5720 2304 5788 4,
2343 5712 2453 5792 ἔχει
2491 5712 2664 5782 mutat
2696 5727 2749 5782 in
2782 5722 2921 5798 εἶχε.
2955 5712 3171 5789 Possis.
