3976 6414
246 465 382 529 1165
1161 476 1698 538 EPISTOLARUM
1731 476 1877 536 LIB.
1921 477 2018 537 IV.
2063 500 2134 511 ·-·
2169 473 2410 535 EPIST.
2451 473 2548 535 CI.
3385 465 3520 530 iliiti

237 580 542 650 λαμϐάνειν
590 582 688 646 τὰς
735 582 1072 648 ἀποδείξεις·
1117 589 1210 640 καὶ
1247 592 1312 659 τῇ
1353 589 1482 659 ἁγίᾳ
1522 590 1726 660 συνόδῳ
1762 607 1792 641 τ

1934 602 2055 641 esse
2074 586 2437 640 deliniverunt
2462 602 2478 650 ;
2510 592 2566 638 et
2594 579 2685 636 alii
2710 580 2930 650 quidem
2959 579 3201 634 divinum
3250 577 3513 647 Spiritum

234 671 677 744 συγκροτηθείσῃ
700 675 840 727 κατὰ
866 675 1458 742 Νικαίανιάκολουθεῖν,
1487 680 1622 748 μήτε
1653 693 1792 748 προσ

1936 691 2043 730 non
2076 675 2244 730 Deum
2277 674 2652 737 conﬁtentur;
2685 671 2775 725 alii
2806 686 2935 726 vero
2974 668 3430 723 ministratorium
3463 678 3519 720 et

231 761 516 824 τιθέντας,
595 765 737 835 μήτε
791 766 1185 836 ἀφαιροῦντας.
1230 768 1446 839 Ἐκείνη
1486 767 1596 837 γὰρ
1639 768 1790 820 θεόοε

1932 766 2278 822 sanetilicum
2319 764 2610 835 appellant.
2641 763 2758 818 Non
2784 773 2996 831 oportet
3028 776 3237 823 eorum,
3257 763 3346 828 qui
3373 775 3518 813 mor-

229 850 662 919 ἐμπνευσθείσα,
697 855 929 925 τάληθὲς
951 855 1324 924 ἐδογμάτισεν.
1429 861 1432 864 ’

1937 861 2005 913 bo
2037 857 2306 920 laborant,
2343 855 2497 925 sequi
2525 854 2815 925 sttil'ragia;
2841 855 2935 908 sed
2969 853 3260 922 exjudicio
3301 862 3522 906 sant-tn-

233 957 412 1002 torum
445 945 726 1001 hominum
751 951 1242 1005 demonstrationes
1278 963 1537 1015 mutuari,
1594 961 1649 1006 et
1716 962 1914 1007 sanctae
1977 953 2204 1022 synodo,
2266 967 2385 1021 quae
2433 950 2627 1007 Nicmaa
2665 952 2846 1005 habita
2901 950 3022 1013 fuit.
3086 951 3386 1014 adhaerere,
3425 964 3519 1001 ne-

229 1047 339 1104 que
360 1034 624 1090 addentes
653 1037 700 1090 ei
733 1036 1045 1106 quidquam,
1085 1055 1257 1110 neque
1287 1042 1658 1096 detrahentes.
1702 1036 1794 1094 lla
1835 1045 1978 1096 enim
2042 1043 2302 1097 divinitus
2367 1044 2653 1112 inspirata,
2705 1046 2987 1099 veritatem
3041 1045 3354 1128 dogmatqu
3406 1052 3516 1096 tra-

229 1125 389 1180 didit.

550 1245 630 1296 P'.
657 1273 702 1283 .-
755 1244 1016 1316 tmere
1046 1245 1158 1314 (eo)
1197 1247 1522 1317 ΔΙΑΚΟΝῼ.

231 1332 294 1384 Τί
318 1332 515 1397 ἐστιν,
548 1351 566 1384 ι
601 1335 705 1399 Είς
726 1334 986 1398 ἔνδειξιν
1008 1335 1116 1404 τῆς
1145 1335 1538 1405 δικαιοσύνης
1558 1338 1765 1392 αὐτοῦ.
1799 1357 1817 1390 ι

310 1445 532 1514 Ἐπειδὴ
577 1448 899 1518 γέγραφας,
935 1449 999 1502 Τί
1039 1451 1208 1513 ἐστιν,
1262 1468 1280 1501 ι
1325 1451 1418 1513 Εἰς
1459 1451 1685 1518 ἔνδειξιν
1720 1452 1824 1522 τῆς

2307 1245 2370 1302 C.
2397 1276 2463 1286 —
2492 1246 2768 1303 ISIDORO
2811 1246 3132 1302 DIACONO.

2031 1335 2173 1401 Quid
2202 1336 2292 1402 sit,
2335 1355 2352 1388 ι
2386 1338 2470 1389 Ad
2512 1339 2860 1392 ostensionem
2878 1338 3112 1428 iustitia:
3144 1356 3257 1393 sum
3279 1340 3348 1394 ⁷⁵.
3376 1360 3394 1391 s

1991 1450 2258 1518 Quoniam
2304 1465 2399 1520 per
2433 1451 2647 1507 litteras
2690 1455 3016 1522 quaesitis“,
3079 1456 3207 1524 quid
3249 1457 3316 1510 sit
3365 1459 3508 1526 quod

219 1533 577 1603 δικαιοσύνης
602 1535 789 1599 aiat-06;
820 1556 837 1588 ι
857 1539 1018 1607 φημὶ,
1042 1539 1122 1590 ὅτι
1145 1540 1330 1610 ἐπειδὴ
1349 1541 1434 1593 ὅτε
1457 1542 1792 1612 ήὰνθρωπείι

1931 1543 2131 1598 Paulus
2165 1545 2340 1598 dixit:
2375 1545 2488 1599 «Ad
2507 1546 2877 1600 03tensionem
2903 1549 3128 1618 iustitia:
3156 1565 3306 1604 sum:
3343 1569 3360 1602 ι
3417 1564 3505 1603 re-

220 1626 388 1692 φύσις
419 1627 617 1698 ἐμάνη,
647 1629 742 1680 καὶ
767 1627 1090 1692 ἁνύποιστος
1116 1625 1184 1701 ἦν
1202 1630 1310 1683 τῶν
1335 1633 1755 1702 ἁμαρτημάτων
1782 1635 1814 1702 ἡ

217 1714 514 1784 τυραννὶς,
553 1717 649 1767 καὶ
713 1717 904 1785 καιρὸς
964 1718 1291 1787 ἀποφάσεως
1336 1715 1424 1790 ἦν,
1477 1722 1814 1794 πανολεθρίᾳ

217 1806 698 1877 καταδικαζούσης
728 1809 787 1860 τὸ
823 1809 979 1876 γένος
1027 1809 1161 1882 (πᾶς
1201 1811 1310 1883 γὰρ
1343 1814 1584 1884 ἰατρείας
1627 1813 1813 1885 ἐξηλέ-

215 1895 360 1966 γχθη
391 1897 616 1966 τρόπος,
648 1899 739 1951 καὶ
767 1897 893 1951 οὔτε
917 1903 1098 1970 νόμος,
1133 1898 1258 1953 οὔτε
1284 1903 1625 1973 προφητικὸς
1656 1903 1812 1972 λόγος

215 1986 311 2038 τὸν
345 1988 761 2043 ἐπιπολάσαντα
793 1990 980 2061 λοιμὸν
1008 1994 1278 2048 ἀπελάσαι
1313 1995 1519 2065 ἴσχυεν)
1548 2015 1559 2028 ·
1591 1996 1714 2049 τότε
1746 1996 1811 2067 δὴ

215 2075 420 2149 λύτρον
467 2080 559 2132 τὸν
588 2081 871 2152 Μονογενῆ
902 2085 1296 2153 ἐπεισήγαγεν,
1343 2087 1409 2138 ἶν’
1446 2086 1545 2157 ἔχῃ
1587 2087 1744 2156 λόγον
1776 2089 1808 2157 ἡ

211 2168 380 2238 χάρις
405 2186 420 2202 ·
457 2169 545 2223 διὰ
583 2169 724 2223 τοῦτ’
755 2169 859 2241 ἔφη
903 2174 931 2225 ὁ
988 2173 1310 2238 Ἀπὸστολος
1337 2192 1350 2206 ο
1390 2194 1408 2228 ι
1455 2177 1550 2238 Εἰς
1588 2176 1812 2241 ἔνδειξιν

211 2255 316 2324 τῆς
343 2257 704 2329 δικαιοσύνης
735 2260 921 2314 αὑτοῦ.
956 2281 973 2314 i
1013 2263 1229 2334 Ἰερεῖον
1253 2266 1360 2335 γὰρ
1385 2268 1732 2338 προσηνέχθη
1755 2268 1812 2322 ἓν

212 2348 356 2420 ὑπὲρ
409 2349 646 2414 πάντων,
696 2353 791 2404 καὶ
840 2353 980 2426 ὑπὲρ
1021 2355 1119 2425 τὴν
1167 2358 1423 2410 ἁπάντων
1471 2359 1648 2424 ἀξίαν.
1695 2362 1804 2414 Καὶ

208 2438 336 2492 τότε
370 2442 404 2510 ή
438 2440 578 2511 ὀργή
630 2441 794 2512 ἐλύθη
815 2482 829 2506 ,
858 2446 952 2498 καὶ
976 2447 1008 2515 ἡ
1051 2447 1364 2519 καταλλαγὴ
1391 2449 1583 2518 γέγονε
1601 2490 1616 2514 ,
1643 2451 1736 2506 καὶ
1770 2454 1800 2524 ἡ

208 2527 385 2600 ἔχθρα
407 2530 488 2593 είς
520 2529 702 2598 φιλίαν
743 2534 1210 2605 μετερῤυθμίσθη,
1243 2540 1340 2590 καὶ
1379 2540 1502 2592 ἀντὶ
1539 2541 1636 2611 τῆς
1669 2543 1804 2595 ἀπο-

209 2619 457 2687 φάσεως,
486 2621 548 2673 τὸ
578 2623 857 2694 ὑπερφυὲς
884 2623 982 2695 τῆς
1008 2626 1282 2692 υἱοθεσίας
1325 2629 1480 2702 ἐδόθη
1516 2633 1801 2704 χάρισμα,

210 2711 308 2763 καὶ
324 2711 662 2783 μυρίαδῶρα
695 2713 949 2783 ἐχόρευσε
977 2717 1286 2786 κοσμοῦντα
1312 2720 1410 2790 τὴν
1447 2723 1799 2793 Ἐκκλησίαν,

212 2800 276 2854 ἵν’
317 2801 456 2870 ὁμοῦ
494 2803 590 2855 καὶ
621 2805 654 2872 ἡ
694 2806 1010 2877 δικαιοσύνη
1056 2807 1282 2880 δειχθῇ,
1324 2812 1471 2883 καὶὴ
1507 2816 1799 2884 περιουσία

209 2891 312 2962 τῆς
341 2892 686 2965 ἁγαθότητος
711 2896 948 2969 δηλωθῇ.
1685 2887 1691 2892 ι

1927 1639 2210 1704 spondeo;
2251 1655 2269 1686 ι
2307 1635 2444 1702 Quia
2471 1646 2821 1706 posteaquam
2860 1639 3091 1693 humana
3135 1651 3328 1694 natura
3358 1641 3500 1694 insa-

1927 1726 2064 1779 nivit
2099 1728 2358 1781 adversus
2389 1729 2578 1788 Deum.
2621 1739 2674 1782 et
2708 1741 3057 1796 [testatorum
3081 1735 3329 1800 tyrannis
3360 1733 3504 1786 into-

1921 1817 2164 1874 lerabilis
2205 1819 2345 1873 facta
2372 1828 2511 1880 erat,
2544 1829 2597 1873 et
2635 1830 2844 1886 tempus
2881 1823 3068 1875 ιιιΙιϊςιι
3115 1823 3353 1877 ferendae
3377 1837 3502 1876 sen-

1921 1910 2125 1972 tentias,
2154 1925 2274 1979 qua:
2298 1911 2468 1964 exilio
2497 1912 2796 1966 universali
2859 1913 3146 1967 damnaret
3195 1922 3364 1967 totum
3406 1931 3500 1983 ge—

1913 2015 2016 2056 nus
2044 2001 2341 2056 humanum
2381 2003 2584 2073 (omnis
2625 2003 2768 2057 enim
2801 2003 2936 2057 ratio
2967 2005 3346 2059 medicationis
3394 2008 3491 2057 de-

1911 2093 2181 2163 prehensa
2251 2093 2431 2148 fuerat
2490 2094 2667 2148 inanis
2702 2105 2754 2148 et
2799 2095 2995 2160 nihili;
3034 2110 3097 2148 ac
3154 2111 3333 2162 neque
3387 2096 3494 2156 lex.

1911 2200 2088 2254 neque
2117 2187 2469 2255 propheticus
2493 2200 2677 2240 sermo
2711 2187 3361 2252 pestilentemVmor-bum,
3399 2188 3492 2254 qui

1911 2276 2094 2329 Omnia
2125 2285 2444 2344 occuparat,
2494 2275 2767 2345 depellere
2826 2277 3099 2344 valebat);
3159 2287 3287 2330 tunc
3347 2277 3490 2331 Deus

1912 2366 2145 2434 pretium
2191 2366 2584 2434 redemptionis
2616 2367 2920 2420 introduxit
2954 2368 3287 2436 unigenitum
3333 2383 3489 2420 suum

1910 2455 2132 2520 Filium,
2164 2467 2223 2511 ut
2250 2457 2400 2512 locus
2431 2472 2552 2511 esse
2576 2465 2758 2527 posset
2787 2458 2978 2528 gratia:
3028 2475 3091 2512 ac
3117 2461 3288 2513 veniae
3328 2481 3340 2512 :
3373 2475 3493 2512 eam

1910 2549 1978 2602 ob
2012 2562 2124 2601 rem
2161 2547 2264 2602 boc
2294 2546 2432 2600 dixit
2459 2548 2757 2617 Apostolus
2792 2566 2804 2602 :
2854 2565 2873 2599 ι
2905 2550 2983 2602 Ad
3008 2549 3489 2616 ostensionemjn-

1901 2639 2067 2694 stitia:
2091 2653 2226 2692 sum.
2261 2657 2278 2690 ι
2318 2636 2554 2692 Victima
2595 2641 2744 2693 enim
2771 2633 2952 2692 dblata
2985 2649 3065 2694 est
3105 2655 3210 2693 una
3244 2656 3341 2709 pro
3366 2655 3488 2693 ont-

1901 2729 2085 2794 nibus,
2119 2744 2350 2800 quaeque
2376 2729 2632 2785 omnibus
2688 2731 2951 2800 dignitate
3007 2747 3071 2785 ac
3111 2734 3291 2803 pretio
3326 2747 3493 2798 supe-

1901 2820 2015 2874 rior
2043 2830 2214 2876 esset.
2245 2822 2324 2875 Ac
2354 2829 2482 2876 tunc
2527 2822 2704 2876 soluta
2739 2833 2824 2878 est
2852 2823 2958 2889 ira,
2985 2833 3040 2879 et
3105 2825 3489 2879 reconciliatio

1896 2909 2039 2965 facta
2069 2921 2174 2977 est,
2221 2913 2699 2983 redintegrataque
2755 2915 2953 2984 gratia,
3015 2930 3342 2971 conversum
3404 2927 3490 2972 est

215 2988 406 3040 odium
441 2989 492 3040 in
525 2991 950 3047 amicitiamzel
981 3009 1079 3063 pro
1125 3001 1391 3053 sententia
1437 3000 1656 3070 capitali
1727 3002 2086 3060 abdicationis
2152 3007 2335 3059 datum
2403 3015 2488 3060 est
2548 3007 2825 3062 excellens
2876 3008 3008 3064 illttd
3066 3010 3382 3080 adoptionis
3434 3014 3490 3068 in

209 3079 353 3133 tilios
382 3081 608 3145 donmn,
634 3093 689 3136 et
724 3083 932 3150 inﬁnita
957 3103 1308 3144 accesserunt
1360 3095 1520 3158 dona,
1586 3095 1785 3163 quibus
1824 3107 2186 3153 exornaretur
2219 3098 2462 3152 Ecclesia
2491 3116 2505 3154 :
2570 3109 2628 3153 ut
2656 3099 2731 3154 ita
2787 3099 2952 3154 simul
2979 3079 3268 3172 etjustitia
3301 3114 3490 3159 osten-

206 3171 454 3232 deretur,
501 3179 555 3224 et
578 3169 907 3228 abundantia
941 3175 1198 3233 bonitatis
1224 3182 1614 3236 declararetur.

363 3284 489 3340 PA'.
529 3315 604 3325 —
631 3287 981 3361 ΜΔΡΤΥΡΙῼ
1012 3292 1460 3367 ΠΡΕΣΒΥΤΕΡῼ
1499 3297 1631 3367 (ετ).

211 3373 315 3443 Εις
345 3375 412 3430 τὸ
437 3416 452 3442 ,
487 3393 507 3430 ι
548 3377 816 3433 Δέδωκεν
842 3380 1044 3457 adﬂat}
1075 3385 1109 3436 ό
1151 3387 1297 3451 Θεὸς
1324 3388 1563 3457 πνεῦμα
1611 3405 1793 3443 κατα-

852 3450 1098 3518 νύξεως.
1143 3470 1161 3504 ι

292 3555 519 3630 Ἐπειδὴ
547 3559 630 3622 τὸ,
666 3576 685 3611 ι
721 3562 961 3616 Δέδωκεν
1001 3567 1185 3631 αὐτοῖς
1213 3565 1395 3630 ὁΘεὸς
1439 3587 1655 3639 πνευμα
1691 3589 1789 3626 κα-

204 3647 504 3713 τανύξεως,
536 3649 849 3720 ὀφθαλμοὺς
881 3652 975 3705 τοῦ
1021 3655 1095 3719 μὴ
1136 3655 1376 3722 βλέπειν,
1419 3659 1517 3712 καὶ
1554 3654 1668 3715 ὦτα
1695 3663 1790 3716 τοῦ

209 3737 283 3807 μὴ
312 3737 559 3801 ἀκούειν,
593 3737 697 3801 ἕως
725 3741 822 3809 τῆς
863 3745 1105 3812 σήμερον
1146 3743 1398 3814 ἡμέρας,
1461 3765 1478 3797 ι
1539 3765 1792 3819 σαφηνι-

205 3828 402 3898 σθῆναί
433 3844 518 3881 σοι
572 3829 834 3898 ἠξίωσας,
865 3832 1052 3885 ἄκουε·
1083 3833 1176 3898 Τὸ,
1203 3835 1406 3900 ἔδωκε,
1442 3840 1535 3892 καὶ
1565 3841 1624 3893 τὸ
1644 3858 1794 3911 παρ-

204 3919 419 3983 έδωκε,
448 3921 590 3974 κατὰ
621 3925 744 3985 τοὺς
789 3924 889 3992 τῆς
926 3926 1080 3995 ἱερᾶς
1111 3926 1149 3978 Γ
1154 3928 1332 3998 ραφῆς
1361 3930 1561 4001 νόμους
1596 3936 1690 3986 καὶ
1721 3936 1791 3989 τὰ

209 4012 499 4083 ἰδιώματα,
529 4012 881 4083 ἁφῆκενείσὶ
913 4017 1024 4087 (28)
1056 4019 1150 4071 καὶ
1172 4021 1622 4090 συνεχίὶῳησεν.
1649 4029 1710 4079 Ei
1731 4027 1789 4080 δὲ

203 4105 262 4157 οὗ
291 4105 589 4178 καταδέχῃ,
620 4107 685 4159 δι’
707 4108 1034 4174 ἀποδείξεως
1062 4111 1091 4163 ὁ
1123 4112 1277 4180 λόγος
1312 4113 1594 4182 βαδιεῖταιο
1619 4121 1788 4190 Φησὶν

203 4197 230 4249 ὁ
258 4197 473 4260 Παῦλος
505 4199 635 4269 περὶ
661 4199 769 4251 τῶν
807 4199 866 4252 τὸ
900 4199 1039 4254 θεῖον
1068 4201 1234 4268 σέϐας
1263 4205 1374 4274 ((29)
1405 4209 1645 4274 εἰδώλοις
1664 4213 1787 4264 ἐπι-

201 4290 588 4358 φημισάντωνο
609 4307 629 4341 ι
657 4289 978 4361 Παρέδωκεν
996 4293 1191 4358 αὐτοὺς
1221 4297 1299 4359 είς
1318 4297 1463 4370 πάθη
1489 4302 1733 4370 ἀτιμίας·
1762 4322 1780 4355 ι

198 4382 504 4442 τουτέστιν,
544 4379 774 4448 ἀντι-ἧκεν,
823 4382 1173 4449 ἐγκατέλιπε.
1210 4387 1333 4452 Πῶς
1355 4390 1464 4462 γὰρ
1495 4393 1593 4445 οὑκ
1620 4393 1782 4463 ἔμελ-

198 4468 288 4520 λον
324 4471 418 4522 καὶ
451 4470 550 4541 τὴν
582 4469 742 4539 φύσιν
774 4474 990 4542 ἀγνοεῖν
1025 4477 1121 4528 καὶ
1174 4477 1489 4551 ὑπερορίοις
1525 4485 1785 4550 ἐγκαλινο

196 4559 404 4614 δεῖσθαι
436 4563 798 4632 πταίσμασιν,
831 4567 880 4617 οί
912 4566 1012 4637 τὴν
1045 4570 1223 4622 κτίσιν
1258 4572 1406 4640 παρὰ
1433 4572 1523 4624 τὸν
1555 4574 1780 4646 κτίστην

197 4653 720 4720 προσκυνήσαντες;
758 4655 866 4708 Kal
906 4657 1104 4709 πάλιν·
1149 4678 1167 4710 ι
1205 4663 1532 4731 Παρὲδωκεν
1581 4667 1779 4730 αὐτοὺς

194 4742 273 4801 εἰς
305 4743 568 4812 ἀδόκιμον
595 4742 740 4809 νοῦν,
775 4747 948 4798 ποιεῖν
981 4749 1050 4801 τὰ
1083 4749 1158 4818 μὴ
1196 4751 1533 4822 καθήκοντα.
1575 4774 1592 4806 s
1640 4753 1776 4811 Εἶτα

194 4830 388 4884 ἑαυτὸν
444 4834 764 4903 ἑρμηνεύων
812 4835 960 4907 ἔφη·
1011 4863 1027 4888 ι
1093 4839 1574 4914 Πεπληρωμένους
1625 4849 1777 4921 πάσῃ

193 4922 396 5008 dataria,
424 4926 612 4996 κακίᾳ,
647 4925 958 5000 πλεονεξίᾳ.
993 4948 1010 4979 ι
1043 4929 1105 4984 Ei
1135 4933 1317 4985 τοίνυν
1346 4937 1773 5008 πεπληρωμένοι

189 5007 348 5082 ἦσαν,
391 5015 510 5078 πῶς
544 5017 830 5088 παρέδωκε
855 5037 869 5086 ;
913 5019 1021 5072 Θέα
1049 5025 1149 5090 τῆς
1176 5024 1464 5094 ἀκριϐείας
1490 5007 1632 5099 (30)(
1658 5032 1770 5084 Οὐκ

257 5190 303 5221 ’⁸
339 5191 498 5246 Rom.
531 5206 614 5254 ιιι,
646 5192 737 5247 23.
810 5195 856 5226 ⁷⁸
891 5195 1047 5252 Rom.
1088 5214 1164 5264 Il,
1193 5199 1245 5253 8.

2150 3302 2241 3357 Cl.
2272 3333 2340 3342 —
2372 3304 2737 3362 MARTYRIO
2771 3307 3246 3368 PRESBYTERO.

1900 3389 1966 3443 In
1988 3391 2122 3446 illud
2158 3391 2447 3478 Paulinum
2477 3398 2673 3450 dictum
2706 3415 2723 3452 :
2759 3419 2798 3478 ι.
2827 3400 2994 3478 Dedit
3027 3405 3157 3472 ipsis
3196 3406 3338 3462 Deus
3373 3411 3483 3478 spi-

2312 3471 2472 3518 ritum
2500 3471 2916 3536 compunclionis
2949 3473 3016 3526 ".
3050 3471 3070 3524 ι

1967 3573 2236 3638 Quoniam
2272 3592 2298 3629 ιι
2331 3593 2418 3632 me
2468 3581 2697 3647 petiisti,
2729 3595 2785 3637 ut
2816 3586 2909 3639 tilii
2937 3602 3267 3654 exponerem
3304 3593 3432 3649 illud
3463 3615 3476 3649 :

1900 3683 1919 3717 ι
1957 3667 2112 3720 Dedit
2139 3667 2243 3722 illis
2275 3670 2417 3725 Deus
2457 3675 2706 3741 spiritum
2734 3684 3205 3747 compnnctionis:
3268 3687 3482 3752 οι-υιυε.

1895 3767 1951 3810 ut
1979 3774 2084 3811 non
2119 3760 2339 3814 videant
2366 3781 2378 3816 :
2406 3776 2458 3817 et
2498 3780 2677 3829 aures,
2709 3778 2766 3820 ut
2793 3785 2896 3823 non
2923 3776 3166 3840 audiant,
3227 3793 3397 3846 usque
3428 3781 3480 3835 in

1894 3847 2221 3904 hodiernum
2261 3852 2436 3918 diem;
2481 3873 2498 3905 ι
2530 3859 2797 3913 ausculta.
2873 3859 2962 3915 ltla
3006 3867 3194 3931 verba,
3242 3868 3384 3922 dedit
3428 3884 3483 3926 et

1893 3940 2135 4003 tradidit,
2166 3943 2466 3995 secundum
2501 3945 2648 4014 leges
2681 3958 2734 4001 et
2764 3954 3129 4019 pronrielates
3175 3959 3479 4028 modosque

1892 4031 2203 4100 peculiares
2235 4033 2487 4101 loquendi
2555 4051 2725 4092 sacrae
2777 4039 3094 4111 Scriptura},
3145 4049 3474 4118 significant,

1891 4121 2103 4191 reliquit
2139 4122 2222 4177 vel
2248 4126 2506 4191 permisit.
2543 4128 2696 4193 Quod
2728 4133 2772 4184 si
2803 4132 2903 4187 hoc
2955 4150 3059 4188 non
3131 4141 3350 4208 recipis,
3382 4159 3478 4212 per

1890 4215 2690 4287 demonstrationemprocedet
2756 4225 2954 4278 oratio.
3005 4229 3101 4298 Ait
3163 4229 3365 4287 Paulus
3409 4236 3476 4290 de

1891 4304 2012 4370 illis,
2045 4307 2134 4374 qni
2175 4308 2518 4365 divinitatem
2553 4311 2715 4369 idolis
2773 4317 3126 4384 tribuebant:
3164 4343 3182 4374 ‹
3224 4325 3476 4384 Tradidit

1899 4410 1993 4449 eos
2021 4397 2209 4467 (Deus)
2244 4398 2294 4451 in
2330 4400 2560 4456 aﬂ‘ectus
2595 4403 2907 4473 ignominiae
2946 4411 3030 4478 7';
3073 4433 3089 4464 ι
3128 4417 3228 4470 hoc
3246 4429 3353 4483 est,
3383 4437 3472 4476 re-

1889 4485 2066 4555 liquit,
2099 4488 2325 4544 dimisit.
2387 4491 2505 4558 Quo
2545 4497 2707 4551 modo
2758 4515 2992 4570 namque
3038 4505 3152 4561 [ieri
3211 4523 3468 4582 poterat,

1888 4589 1946 4633 ιιι
2006 4597 2110 4636 non
2161 4583 2479 4653 ignorarent
2533 4600 2806 4658 naturam,
2859 4607 2912 4650 et
2967 4599 3350 4662 volutarentur
3415 4611 3466 4665 in

1885 4670 2188 4728 sceleribus
2223 4685 2431 4732 natura:
2469 4683 2728 4739 terminos
2765 4690 3188 4764 excedentibus,
3240 4699 3339 4766 illi,
3377 4703 3467 4770 qui

1883 4769 2730 4840 creaturam,omissoCreatore,
2769 4778 3185 4839 adorabant?Et
3225 4769 3418 4844 iterum
3453 4811 3468 4843 :

1892 4873 1909 4905 ι
1957 4854 2208 4913 Tradidit
2244 4863 2414 4916 eosin
2451 4867 2736 4933 reprobum
2793 4884 3050 4940 sensum,
3114 4889 3173 4931 ut
3230 4881 3471 4938 facerent

1883 4959 2003 5012 qum.
2029 4962 2133 5002 non
2167 4949 2453 5006 decent".
2496 4973 2514 5005 ι
2555 4952 2764 5012 Deinde
2814 4961 3051 5030 seipsum
3078 4966 3465 5037 interpretans,

1881 5037 2062 5092 dicit:
2113 5056 2131 5090 ι
2174 5039 2432 5111 Repletos
2472 5047 2620 5103 omni
2684 5048 2996 5120 iniquitate,
3063 5058 3292 5126 malitia,
3339 5077 3467 5118 ava-

1347 5201 1394 5232 ⁷⁶
1429 5202 1582 5258 Itoni.
1621 5222 1657 5264 t.
1694 5208 1782 5263 26.
1864 5213 1906 5243 "’
1945 5212 2072 5269 ibid.
2105 5216 2193 5272 28.

1284 5352 1518 5409 VARI/1'3
1557 5355 1943 5420 LECTIONES
1984 5366 2072 5422 ET
2109 5369 2342 5427 NOTAE.

258 5499 369 5567 (‘26)
401 5500 534 5555 Cod.
567 5499 688 5554 Vat.
719 5502 824 5554 650
872 5503 1155 5571 lsidnrttm,
1193 5511 1278 5562 cui
1314 5510 1427 5565 itare
1460 5513 1772 5571 inscribitur

190 5571 433 5636 cpistola,
496 5573 805 5693 episcottttm
864 5575 1011 5634 facit,
1084 5592 1179 5642 pro
1233 5579 1461 5650 διακόνῳ
1527 5586 1771 5641 scribens

190 5639 488 5693 ἐπισκόπω.
569 5656 656 5693 ers
711 5643 744 5693 8
773 5660 858 5693 cn.
904 5660 998 5693 nru
1026 5645 1206 5693 ἴσγυεν
1239 5650 1374 5693 idem
1421 5653 1572 5693 nulla:
1614 5655 1771 5693 ε’τνη-

190 5639 488 5711 ἐπισκὸπῳ.
519 5639 656 5723 vers
698 5643 744 5723 ἐς
773 5660 858 5711 cp.
904 5660 998 5723 pro
1022 5639 1206 5723 ἴσχυεν
1239 5650 1374 5702 idem
1420 5639 1578 5723 liabet
1614 5639 1771 5723 isxu;

194 5724 296 5788 etv,
321 5724 370 5762 et
402 5709 612 5791 verm-4
642 5727 669 5762 τι
696 5709 918 5791 finitimi
947 5709 1160 5785 ἑχὸρέἶυε
1196 5721 1403 5783 scribit,
1439 5722 1577 5773 haud
1612 5709 1767 5791 parith

194 5781 377 5851 aptius,
410 5781 739 5851 ἐχορήγησε.
781 5780 986 5838 Possm.

258 5848 362 5917 (27;
398 5848 682 5920 Inscriptio
718 5854 947 5906 sumitur
983 5869 1041 5906 ex
1083 5855 1202 5908 cod.
1243 5856 1410 5912 Vatic.
1444 5860 1567 5924 6.30,
1601 5862 1750 5922 Eon.

1870 5663 2048 5736 pietur
2078 5684 2140 5719 ex
2181 5673 2300 5722 mil.
2340 5663 2512 5729 Vit’tic.
2551 5679 2708 5736 Ευιτ.

1869 5802 2038 5858 ϐειανέ

2090 5528 2210 5608 {cici
2237 5533 2356 5608 cod.
2388 5532 2506 5588 Vat.
2541 5550 2710 5594 mutat
2742 5543 2792 5595 in
2827 5546 2959 5599 ἐστί.
2996 5546 3208 5608 Possm.

2095 5601 2204 5700 Xo:
2244 5602 2659 5700 clé6:;,_tllla:‘itl
2703 5615 2833 5667 edit.
2880 5615 3049 5672 Paris.
3085 5597 3294 5694 deri-at,
3331 5645 3458 5700 ευρ.

1943 5735 2052 5857 (Ξθ)
2084 5738 2507 5860 magpies!“
2543 5735 2670 5803 cod.
2703 5751 2821 5807 Vat.
2861 5771 3032 5812 mutat
3080 5763 3130 5816 in
3167 5766 3264 5836 τὴν
3298 5768 3457 5837 ἀκρί·

1943 5822 1949 5854 ι
1995 5825 2038 5858 ·.
2163 5828 2200 5862 s.
2248 5857 2252 5861 .
2283 5851 2292 5861 .
