3976 6416
258 437 398 509 1169

1156 427 1692 490 EPISTOLARUM
1739 427 1887 487 LIB.
1927 426 2024 493 IV.
2066 449 2136 462 -
2165 422 2404 484 EPIST.
2441 419 2602 481 CIII.

3393 389 3539 477 Ἰιτο

254 545 452 616 πλαγῶ
484 542 600 612 (35)
641 539 762 594 cost
803 536 1055 610 μεταστῶ
1107 535 1189 598 εις
1230 534 1290 588 τὸ
1327 533 1523 605 μηκέτι
1577 534 1790 602 ὑμνεῖν.
1825 552 1844 585 ι

1956 532 2065 586 rari
2089 543 2272 593 autem
2307 545 2468 586 nemo
2502 529 2682 594 debet,
2715 527 2759 582 si
2791 525 2958 583 etiam
2991 525 3044 580 in
3074 525 3276 581 bonam
3326 536 3536 594 partem

263 641 551 708 σεπήγαγε
569 633 680 705 γάρ
700 649 713 662 ο
755 651 773 683 ι
811 630 1016 702 Κύριος
1046 630 1074 681 ὁ
1101 626 1235 689 Θεός
1263 643 1388 696 μου,
1429 626 1510 689 είς
1543 623 1635 677 τὸν
1669 622 1842 677 αιῶνά

252 724 735 800 ἐξομολογήσομαί
774 740 877 776 σοι.
941 740 959 772 ι
990 719 1100 772 Καὶ
1120 719 1169 772 οἱ
1198 719 1324 788 περὶ
1370 715 1636 788 Συμεῶνα
1657 715 1714 769 δὲ
1741 717 1834 769 καὶ

250 821 408 880 Δευῒ.
439 819 578 889 μετὰ
607 817 669 868 τὸ
698 811 1022 884 ύϐρισθῆναι
1054 811 1136 873 εις
1158 810 1329 881 αὐτὴν
1357 808 1458 880 τὴν
1483 807 1842 878 σωφροσύνην

251 913 352 980 τὴν
386 907 646 977 ἀδελφὴν,
674 903 1074 971 κατενύγησαν,
1107 901 1374 964 τουτέστι,
1398 897 1829 968 κατεπλάγησαν

251 1003 353 1056 καὶ
390 995 828 1068 κατετρώθησαν
881 991 987 1054 ὑπὸ
1021 992 1224 1061 ζήλου·
1266 991 1362 1044 καὶ
1383 988 1561 1054 οὕτως
1602 991 1682 1052 εις
1700 991 1837 1060 ἀμε-

249 1094 486 1148 τάθετον
521 1088 790 1153 ἐξέπεσαν
829 1086 1024 1156 ὀργὴν,
1050 1084 1126 1149 ὡς
1159 1084 1254 1139 καὶ
1283 1083 1422 1154 δόλῳ
1461 1083 1522 1136 ού
1564 1081 1726 1152 μόνον
1751 1079 1848 1136 τὸν

251 1185 547 1255 ὑϐριστὴν,
593 1179 728 1234 ἀλλὰ
763 1179 861 1236 καὶ
891 1180 1072 1234 πᾶσαν
1110 1175 1276 1232 αὑτοῦ
1305 1174 1405 1246 τὴν
1449 1173 1608 1228 πόλιν
1641 1173 1844 1246 ἡϐηδὸν

254 1276 628 1344 κατασφάξαι.

1951 625 2188 680 sumitur
2217 621 2658 692 compunctionis
2717 619 2964 675 verbum.
3007 617 3143 672 Nam
3200 617 3274 672 ibi
3319 632 3537 686 quoque

1948 717 2240 788 signilli-at,
2271 716 2615 770 vulneratum
2651 726 2772 768 esse
2793 709 2958 766 rebus
2989 709 3148 764 bonis
3180 726 3193 763 :
3223 709 3376 762 verbi
3412 723 3536 778 gra-

1951 808 2047 872 tia,
2078 821 2201 860 cum
2230 807 2397 860 etiam
2426 806 2609 860 divino
2651 817 2838 858 amore
2889 811 3142 870 correpta
3195 801 3374 854 anima
3422 800 3533 854 cla-

1942 909 2099 953 mat:
2138 917 2158 950 ι
2209 897 2346 965 Quia
2389 897 2682 951 dilectione
2743 894 3025 950 vulnerata
3070 908 3188 948 sum
3263 907 3364 962 ego
3407 891 3474 946 ⁸⁸.
3510 910 3528 941 ι

1943 991 2242 1048 Sciendum
2268 1001 2349 1046 est
2378 998 2582 1052 autem,
2636 1005 2741 1042 non
2796 987 3019 1042 omnino
3071 987 3263 1041 eadem
3313 985 3534 1038 nomina

1941 1092 2036 1138 aut
2064 1082 2227 1138 verba
2262 1081 2514 1138 eumdem
2562 1095 2782 1150 semper
2845 1079 3182 1135 intellectum
3248 1077 3520 1144 praebere.

1942 1173 2077 1229 Nam
2104 1173 2274 1228 David
2305 1184 2523 1243 quoque
2545 1171 2720 1226 dixit:
2754 1187 2774 1223 ι
2804 1168 2878 1226 Ut
2938 1179 3124 1224 cantet
3186 1167 3282 1222 tibi
3349 1165 3521 1237 gloria

1943 1281 2089 1332 mea,
2111 1277 2288 1321 etnon
2319 1280 2654 1336 compungar
2683 1263 2754 1330 “,
2824 1265 2927 1318 hoc
2949 1273 3054 1328 est,
3093 1271 3150 1316 ut
3183 1260 3336 1332 puto.
3372 1274 3440 1314 ne
3467 1272 3533 1312 eo

257 1369 496 1436 redigar,
527 1377 586 1421 ut
621 1382 724 1421 nou
779 1364 1008 1434 amplius
1059 1374 1253 1417 canam
1298 1358 1545 1429 hymnos.
1587 1377 1604 1409 ι
1637 1356 1862 1412 Addidit
1900 1359 2047 1415 enim
2081 1377 2096 1414 :
2137 1375 2156 1411 t
2197 1361 2422 1414 Domine
2473 1359 2614 1414 Deus
2669 1371 2846 1424 meus,
2901 1358 2956 1412 in
3005 1365 3271 1411 aeternum
3303 1352 3530 1408 coullte-

257 1458 358 1510 hor
382 1458 475 1512 tibi
507 1455 576 1512 ".
607 1477 624 1510 ι
661 1457 765 1512 Sed
795 1470 849 1513 et
875 1456 966 1525 qui
1002 1455 1146 1508 circa
1206 1451 1516 1505 Simeonem
1571 1461 1627 1504 et
1687 1450 1814 1504 Levi
1856 1460 2036 1519 erant,
2062 1459 2183 1521 post
2217 1452 2473 1508 violatam
2550 1466 2662 1508 suae
2734 1452 2937 1507 sororis
2986 1450 3321 1520 pudicitiam,
3390 1462 3534 1502 com-

255 1549 444 1617 puncti
477 1559 623 1612 sunt,
663 1549 764 1604 hoc
791 1558 875 1603 est
897 1547 950 1600 iu
1004 1554 1278 1611 stuporem
1318 1541 1444 1603 acti.
1501 1551 1552 1597 et
1589 1541 1966 1597 convulnerati
1998 1551 2127 1597 sunt
2193 1544 2296 1600 zeli
2366 1555 2422 1599 et
2483 1543 2876 1613 indignationis
2935 1541 3277 1596 vehementia
3309 1556 3323 1593 :
3365 1547 3529 1608 atque

255 1639 331 1692 ita
394 1639 447 1692 in
500 1640 831 1707 pertinacem
889 1637 1026 1690 iram
1101 1634 1430 1694 inciderunt,
1486 1641 1544 1685 ut
1590 1630 1776 1688 dolose
1834 1647 2053 1703 quoque
2115 1634 2422 1708 neum
2491 1633 2664 1690 solum
2740 1633 2914 1704 ipsum
2978 1632 3192 1702 injurim
3253 1640 3532 1685 auctorem

254 1728 508 1794 Sicbem,
536 1731 631 1785 sed
657 1744 761 1783 una
783 1727 944 1781 etiam
981 1734 1147 1781 totam
1173 1725 1342 1796 ipsius
1372 1723 1651 1778 civitatem
1705 1736 1734 1776 ε
1776 1723 1949 1793 prima
1980 1726 2265 1794 pubertate
2294 1735 2616 1782 mactarent.

743 1859 869 1916 PB’.
913 1891 983 1906 -
1011 1861 1360 1932 οιΛιιτΡιῼ.

339 1973 558 2043 Ἐπειδὴ
611 1974 915 2046 γέγραφαςο
958 1975 1020 2029 El
1065 1974 1488 2028 συνεϐούλευσεν
1535 1977 1565 2030 ὁ
1594 1974 1805 2038 Παῦλος
1828 1991 1843 2007 ο

259 2086 280 2120 ε
320 2066 514 2130 Θέλεις
541 2066 599 2119 δὲ
655 2065 732 2138 μὴ
771 2065 1058 2136 φοϐεῖσθαι
1102 2067 1510 2138 τὴννεξουσίαν,
1548 2066 1611 2121 τὸ
1643 2066 1847 2136 ἀγαθὴν

254 2157 429 2220 ποίει,
455 2158 552 2212 καὶ
573 2157 717 2224 ῑξεις
744 2158 968 2213 ἔπαινον
1002 2158 1062 2224 ἐξ
1087 2159 1258 2230 αὐτῆς
1279 2178 1292 2192 ·
1332 2179 1350 2212 ι
1384 2159 1502 2224 πῶς
1543 2159 1680 2232 μετὰ
1711 2159 1847 2231 βρα-

251 2253 358 2322 χέα
402 2251 598 2318 φησιν·
653 2267 673 2302 ι
732 2249 983 2303 Ἀπόδοτε
1009 2249 1087 2321 τῷ
1112 2251 1203 2304 τὸν
1237 2249 1425 2322 φόϐον,
1453 2251 1544 2306 τὸν
1578 2251 1776 2320 φόϐον;
1823 2270 1841 2304 ι

247 2337 434 2412 οῐμαι,
468 2342 552 2395 ὅτι
582 2343 632 2394 εί
669 2341 745 2412 μὴ
781 2341 1026 2412 περὶτοῦ
1063 2341 1201 2395 Θεοῦ
1224 2359 1370 2406 τινες
1396 2342 1530 2396 αύτδ
1567 2341 1846 2413 βούλονται

249 2432 516 2504 εἰρῆσθαι
544 2433 564 2504 (
597 2432 907 2504 γέγραπται
938 2433 1047 2504 γάρ
1069 2451 1081 2463 ο
1119 2453 1136 2484 ι
1190 2434 1338 2503 Τίμα
1372 2434 1464 2486 τὸν
1494 2434 1720 2504 Κύριον,
1753 2434 1847 2487 καὶ

253 2523 503 2594 ισγύσεις
528 2541 541 2555 ο
571 2525 714 2596 πλὴν
743 2524 799 2577 δὲ
833 2524 999 2577 αὐτοῦ
1030 2524 1104 2594 μὴ
1144 2525 1312 2594 φοϐοῦ
1362 2525 1525 2580 ἄλλον
1560 2527 1606 2595 ι)
1628 2543 1640 2556 ο
1668 2527 1848 2578 έκεῖνο

255 2615 360 2682 μὲν
394 2609 542 2677 εἷπε,
583 2615 662 2685 τῷ
696 2615 787 2667 τὸν
817 2614 982 2683 φόϐον
1030 2613 1139 2668 ἀπὸ
1179 2615 1275 2668 τοῦ
1304 2615 1493 2685 ξίφους
1521 2618 1635 2681 τοῖς
1666 2617 1850 2689 πλημ-

253 2704 514 2764 μελοῦσιν
551 2707 940 2777 ἀπηρτημένον
970 2707 1372 2778 διαδιδράσκειν
1403 2708 1495 2762 τὸν
1531 2709 1844 2780 φιλάρετον,

249 2799 348 2850 καὶ
387 2798 485 2849 τοῦ
510 2798 835 2867 ἀρχοντικοῦ
870 2801 1092 2852 ἐπαίνου
1126 2799 1418 2869 τυγχάνειν
1438 2817 1453 2830 ’
1485 2800 1646 2854 τοῦτο
1668 2801 1724 2854 δὲ
1753 2799 1846 2855 τδν

246 2891 312 2940 εκ
357 2891 455 2958 τῆς
491 2900 784 2960 συντυχξας
815 2891 908 2944 καὶ
936 2893 1036 2962 τῆς
1086 2891 1269 2956 αἰδοῦς
1294 2892 1391 2945 καὶ
1413 2893 1513 2962 τῆς
1554 2893 1722 2964 τιμῆς
1746 2893 1846 2962 τῆς

252 2982 754 3052 κεχρεωστημένης
800 2986 914 3048 τοῖς
958 2984 1292 3055 ἡγουμένοις
1324 2987 1622 3055 χρεωστεῖν
1657 2984 1842 3054 φόϐον.

249 3071 390 3125 Οὐδὲ
425 3074 535 3144 γάρ
563 3075 714 3127 ἐστιν
756 3075 953 3146 ἀτελὴς
983 3076 1202 3141 τούτου,
1225 3076 1322 3128 τοῦ
1350 3076 1517 3147 μηδὲν
1539 3077 1703 3132 αὐτὸν
1733 3097 1841 3136 πα·-

2405 1858 2512 1916 Cll.
2556 1887 2629 1900 -υ
2670 1856 3065 1914 PHILETRTO.

2017 1973 2283 2043 Quoniam
2327 1989 2423 2041 per
2451 1975 2665 2029 litteras
2712 1975 3007 2044 quasivisti
3061 1989 3169 2044 quo
3202 1984 3359 2043 pacto
3394 1972 3535 2027 Pau-

1951 2067 2054 2134 lus,
2080 2068 2125 2122 si
2153 2067 2443 2122 consilium
2472 2068 2620 2122 dedit
2650 2067 2734 2122 his
2767 2066 2948 2121 verbis
2977 2079 2991 2116 :
3041 2058 3189 2121 ("Vis
3211 2075 3392 2120 autem
3428 2083 3534 2119 non

1951 2159 2144 2214 timere
2184 2167 2528 2228 potestatem,
2571 2156 2658 2214 [ac
2705 2159 2907 2212 bonum
2947 2168 3001 2211 et
3055 2157 3279 2213 habebis
3323 2157 3535 2211 laudem

1949 2251 2016 2304 ab
2051 2265 2115 2304 ea
2144 2250 2220 2318 “;
2259 2267 2280 2304 ι
2326 2249 2486 2320 paulo
2521 2258 2644 2320 post
2693 2249 2841 2304 dicat
2876 2268 2891 2304 :
2931 2269 2950 2303 ε
2987 2250 3218 2306 Reddite
3260 2249 3309 2304 ei
3353 2249 3438 2303 cui
3471 2248 3538 2302 ti-

1951 2357 2156 2397 morem
2209 2341 2461 2414 (debetis)
2521 2341 2776 2397 timorem
2808 2341 2852 2374 ⁸⁷
2891 2359 2905 2396 :
2957 2359 2976 2395 ι
3021 2341 3099 2396 sic
3147 2340 3423 2396 existimo.
3479 2339 3536 2394 Si

1950 2433 2039 2505 qui
2071 2435 2244 2489 nolint
2282 2424 2419 2489 forte
2456 2433 2586 2488 illud
2619 2434 2826 2489 dictum
2855 2447 2977 2488 esse
3006 2432 3076 2489 de
3106 2432 3218 2489 Deo
3248 2433 3535 2504 (scriptum

1949 2537 2033 2583 est
2056 2528 2252 2582 enim:
2304 2545 2324 2579 ι
2387 2526 2603 2582 Honora
2659 2527 2964 2590 Dominum,
3023 2537 3077 2582 et
3134 2535 3326 2596 potens
3381 2527 3536 2582 eris:

1951 2628 2146 2689 pra-ter
2191 2621 2363 2689 ipsum
2409 2635 2538 2675 vero
2587 2635 2692 2674 non
2729 2619 2946 2672 timebis
2989 2618 3154 2672 alium
3181 2617 3258 2686 ⁸⁸;
3300 2617 3356 2688 ι)
3408 2616 3537 2672 illud

1948 2713 2164 2780 quidem
2217 2713 2367 2780 prius
2419 2713 2620 2766 dixisse
2675 2710 2899 2764 Paulum
2953 2711 3092 2776 ideo,
3139 2709 3270 2778 quia
3321 2708 3538 2763 virtutis

1947 2801 2225 2856 stmliosus
2282 2804 2532 2854 timorem
2568 2802 2741 2864 illum,
2794 2803 2935 2869 quia
2982 2801 3162 2869 gladio
3211 2801 3538 2856 facinorosis

1948 2891 2243 2962 impendet,
2292 2891 2532 2962 eﬂ'ugiat,
2578 2899 2633 2945 et
2685 2892 2896 2946 laudem
2948 2893 3300 2962 magistratus
3341 2906 3534 2944 votise-

1946 2998 2143 3057 quatur
2170 3007 2184 3038 :
2223 2987 2324 3044 hoc
2354 2999 2532 3042 autem
2562 2988 2833 3057 posterius
2858 2987 3177 3057 (protulisse
3205 2989 3352 3056 eum)
3386 2987 3532 3050 ideo,

1946 3080 2072 3147 quia
2117 3079 2282 3133 etiam
2333 3087 2508 3134 metus
2548 3081 2770 3149 quidam
2812 3080 3076 3135 debeatur
3126 3077 3536 3148 magistratibus

251 3163 685 3232 ραϐλάπτοντος,
713 3164 851 3218 ἀλλὰ
882 3166 978 3219 καὶ
1010 3163 1434 3237 αἱδεσιμώτερον
1459 3168 1554 3220 καὶ
1590 3167 1842 3240 λαμπρό-

1952 3182 2013 3224 ex
2053 3170 2351 3224 reverentia
2405 3183 2459 3225 et
2505 3171 2710 3226 h0ll0l‘8
2741 3172 2896 3239 ipsis,
2946 3171 3164 3240 quando
3219 3171 3374 3225 nobis
3412 3185 3536 3224 cum

246 3270 410 3324 τερον
439 3255 862 3324 ἀποφαίνοντος.
895 3257 1079 3310 Εῐκειν
1122 3257 1233 3326 γὰρ
1276 3256 1382 3328 χρὴ
1425 3258 1591 3312 παντὶ
1633 3261 1833 3325 σθένει,

245 3348 306 3400 ἐν
333 3340 418 3408 οἷς
454 3347 582 3416 μήτ’
609 3346 862 3400 εὐσέϐεια
902 3349 1032 3420 μήθ’
1079 3351 1112 3420 ή
1153 3349 1342 3420 ἀρετὴ,
1369 3350 1837 3416 καταϐλάπτεται,

247 3437 385 3492 ἀλλὰ
409 3438 504 3491 καὶ
534 3437 940 3511 βασιλικωτέρα
961 3442 1054 3494 καὶ
1085 3442 1491 3513 ἐπιφανεστέρα
1517 3444 1581 3497 ἐκ
1606 3444 1704 3514 τῆς
1731 3444 1836 3497 τῶν

251 3529 550 3598 μετιόντων
585 3530 888 3594 ἐπιεικείας
908 3533 1287 3602 ἀναφαίνεται.

1945 3250 2055 3314 illis
2081 3261 2349 3329 agendum
2379 3275 2481 3325 est,
2511 3263 2715 3318 debito.
2756 3262 2941 3332 Neque
2963 3263 3107 3318 enim
3149 3263 3200 3317 is
3230 3264 3320 3332 qui
3353 3263 3536 3317 virtuti

1949 3351 2041 3405 dat
2067 3367 2313 3419 Operam,
2362 3353 2624 3408 immunis
2652 3364 2738 3409 est
2773 3369 2802 3410 a
2840 3355 2963 3409 talis
2997 3356 3210 3409 timoris
3237 3356 3317 3424 (ut
3347 3355 3427 3409 sic
3462 3354 3533 3409 lo-

1949 3441 2123 3512 quar)
2181 3443 2557 3497 reverentialis
2625 3445 3010 3513 praestatione,
3071 3447 3164 3514 qui
3227 3445 3542 3499 nullatenus

1951 3535 2125 3601 ipsum
2157 3533 2320 3599 laedit,
2374 3535 2505 3604 quin
2537 3539 2716 3604 potius
2769 3537 3221 3592 venerabiliorem
3265 3546 3429 3606 atque
3473 3535 3539 3589 il-

249 3619 564 3674 lnstriorem
593 3620 854 3677 declarat.
905 3622 1113 3680 Cedere
1165 3626 1311 3678 enim
1365 3634 1580 3694 oportet
1647 3625 2037 3696 (magistratui)
2097 3626 2350 3681 omnibus
2432 3629 2663 3692 viribus,
2717 3630 2768 3683 in
2821 3629 2928 3684 illis
2977 3631 3161 3699 rebus,
3237 3631 3291 3685 in
3343 3631 3537 3698 quibus

250 3730 428 3784 neque
472 3715 685 3784 pietati,
737 3732 912 3787 neque
945 3719 1130 3773 virtuti
1183 3718 1349 3773 ullum
1401 3719 1625 3774 at'l‘ertur
1669 3721 2079 3787 detrimentum,
2150 3722 2258 3775 imo
2328 3721 2492 3776 etiam
2535 3724 2882 3792 praestantior
2946 3735 3110 3796 atque
3173 3725 3437 3796 insignior
3468 3740 3540 3781 ex

247 3811 520 3866 cultorum
558 3826 782 3866 suorum
822 3815 1196 3870 moderatione
1227 3817 1657 3871 demonstratur.

504 3943 622 3998 Pl".
667 3975 725 3984 —
759 3945 1070 4018 εηιΜΑΧφ
1119 3947 1557 4021 ΑΝΑΓΝΩΣἹᾘ.

416 4054 519 4119 Eic
547 4055 645 4107 τὸ·
683 4075 700 4105 ι
745 4056 942 4123 Ὑμεῖς
977 4057 1120 4110 ἐστε
1136 4057 1308 4127 σῶμα
1347 4061 1624 4125 Χριστοῦ.
1676 4082 1692 4104 δ

332 4188 552 4259 Ἐπειδὴ
581 4187 883 4260 γέγραφας·
927 4190 992 4244 Τί
1032 4192 1180 4244 ἐστιν
1206 4211 1219 4224 ο
1261 4211 1280 4242 ι
1322 4193 1509 4264 Ὑμεῖς
1537 4196 1658 4248 ἐστε
1687 4197 1844 4266 σῶμα

2257 3955 2389 4011 CIII.
2424 3989 2492 3998 --
2521 3957 2871 4013 EPIMACIIO
2901 3959 3221 4014 LECTORI.

2122 4065 2188 4118 In
2223 4067 2377 4129 illud,
2416 4087 2433 4119 ι
2499 4068 2599 4122 Vos
2627 4072 2753 4122 estis
2783 4089 2972 4137 corpus
3001 4073 3196 4125 Ultriin
3231 4075 3298 4127 ⁸⁸.
3333 4095 3349 4126 ι

2015 4198 2282 4262 Quoniam
2333 4216 2431 4269 per
2486 4201 2697 4256 litteras
2727 4206 3053 4272 quat-sitim,
3105 4208 3231 4274 quid
3273 4209 3385 4261 sibi—
3411 4211 3536 4266 velit

247 4284 513 4353 Χριστοῦ,
545 4284 640 4336 καὶ
674 4285 810 4353 μέλη
842 4285 905 4338 ἐκ
936 4285 1171 4356 μέρου;;
1200 4306 1217 4338 ι
1256 4283 1432 4358 οῐμαι,
1464 4289 1545 4341 ὅτι
1579 4290 1766 4359 ἐπειδὴ
1794 4290 1844 4342 oi.

1952 4288 2074 4342 illud
2115 4307 2128 4343 :
2166 4307 2184 4340 ι
2235 4288 2344 4346 Vos
2392 4294 2526 4347 estis
2566 4308 2765 4363 corpus
2811 4294 3046 4360 Christi',
3083 4308 3137 4352 et
3191 4301 3428 4353 membra
3470 4317 3534 4356 es

251 4375 349 4440 μὲν
377 4372 695 4441 ἁπανταγοῦ
729 4375 826 4442 τῆς
851 4375 941 4444 ὑφ’
968 4375 1102 4445 ἡλίῳ
1143 4375 1471 4447 Ἐκκλησίας
1498 4377 1657 4446 σῶμα
1698 4379 1832 4448 Χρι-

1952 4390 2122 4443 :mrte;
2155 4400 2172 4432 ι
2205 4382 2462 4446 arbitror,
2494 4385 2619 4454 quia
2634 4389 3114 4457 quatqttotubique
3152 4391 3339 4446 vivunt
3360 4391 3532 4446 Immi-

249 4461 401 4522 στοῦ,
437 4461 711 4530 Κορίνθιοι
738 4462 795 4514 δὲ
828 4464 990 4532 μέρος
1019 4460 1159 4530 ἦσαν
1199 4464 1391 4518 τούτου
1431 4465 1525 4518 τοῦ
1554 4466 1831 4533 σώματος,

1952 4485 2057 4535 ³85,
2089 4472 2344 4527 Ecclesiae
2382 4476 2707 4533 universalis
2730 4479 2833 4531 sub
2855 4480 2966 4532 sole
2999 4496 3094 4548 per
3141 4492 3312 4536 totum
3345 4485 3532 4538 nrlmnt

244 4554 332 4605 διὰ
358 4552 521 4605 τοῦτο
541 4552 758 4621 ἔφησενο
787 4573 805 4604 ι
831 4549 938 4608 Ἕκ
973 4556 1190 4624 μέρους
1226 4575 1241 4605 ι
1271 4551 1403 4619 οἷον,
1427 4557 1602 4619 Μέλος
1622 4559 1768 4611 ἐστὶν
1801 4563 1833 4632 ἡ

1952 4563 2199 4630 .lispersm
2239 4579 2438 4634 corpus
2481 4569 2817 4622 constituunt
2840 4569 3076 4634 Christi;
3111 4573 3375 4626 Corinthii
3407 4590 3538 4627 vero

247 4646 381 4714 παρ’
421 4645 552 4713 ύμῖν
596 4646 894 4714 Ἐκκλησία
927 4647 1024 4716 τῆς
1065 4647 1401 4718 ἁπανταχοῦ.
1439 4649 1600 4702 Ὥστε
1634 4650 1835 4706 δίκαιοι

1952 4669 2062 4708 tars
2089 4671 2182 4709 era
2227 4669 2244 4709 t
2274 4657 2434 4728 hujus
2454 4660 2726 4729 corporis,
2757 4662 2875 4716 id"0
2904 4661 3127 4716 Paulum
3159 4665 3261 4718 hoc
3287 4666 3524 4722 dixisse:

248 4731 312 4784 ἂν
372 4734 521 4802 εῐητε
560 4733 622 4784 οὐ
662 4733 822 4801 μόνον
862 4735 997 4806 πρὸς
1044 4737 1271 4799 ἑαυτοὺς
1303 4737 1646 4806 (ἐστασίαζον
1677 4741 1831 4812 γὰρ),

1952 4762 1956 4794 ι
1993 4743 2069 4798 Ex
2113 4757 2283 4815 parte.
2329 4768 2346 4800 ι
2391 4748 2555 4815 Quasi
2599 4751 2804 4805 diceret
2853 4771 2864 4804 :
2917 4751 3156 4807 Ecclesia
3217 4770 3338 4823 quae
3394 4763 3529 4823 apud

246 4823 507 4879 ἀλλὰκαὶ
563 4826 700 4898 πρὸς
752 4827 960 4891 πάντας
1013 4828 1136 4892 τοὺς
1193 4830 1335 4882 κατὰ
1361 4830 1460 4900 τὴν
1502 4832 1834 4906 οἰκουμένην

1952 4850 2031 4890 ros
2059 4847 2165 4902 est,
2216 4841 2519 4893 membrum
2549 4852 2631 4893 est
2660 4842 2922 4896 Ecclesia:
2971 4844 3298 4899 universalis
3331 4847 3529 4913 ubique

246 4914 576 4982 όμοπίστους
601 4919 867 4986 ὁμονοεῖν,
901 4920 1078 4973 πᾶσαν
1100 4919 1365 4989 διχόνοιαν
1387 4923 1451 4974 ὲκ
1483 4923 1659 4975 ποδῶν
1679 4941 1834 4996 ποιη-

1952 4944 2174 4983 ocorum
2203 4929 2424 4984 diﬂ'usa'.
2461 4931 2828 4998 Quamobrem
2859 4949 3072 5001 aequum
3100 4947 3268 4998 esset,
3302 4952 3395 4991 vos
3428 4955 3532 4990 tttm

249 5005 496 5076 σάμενοι.
1006 5017 1014 5024 ’
1931 5021 2103 5074 solum
2135 5033 2274 5076 .nter
2301 5026 2656 5094 vosmetipsos
2695 5025 3016 5098 (discordias
3047 5030 3189 5082 cnim
3232 5029 3530 5102 fovebant),

249 5111 760 5149 tet-umetmntenm
786 5100 1036 5153 munibus
1085 5117 1178 5170 per
1233 5103 1419 5155 urbem
1455 5113 1721 5158 terrarum
1756 5107 2072 5176 degentibus
2114 5113 2311 5181 passim
2347 5113 2467 5167 ﬁdei
2511 5115 2673 5168 sociis
2727 5117 3073 5170 concordiam
3151 5119 3350 5186 rolcre,
3385 5100 3532 5177 omni

246 5185 523 5242 discordia
556 5186 740 5253 procul
775 5186 1029 5255 relegata.

307 5368 353 5400 ⁸³
382 5367 543 5444 (iant.
568 5385 640 5431 tv,
676 5369 738 5444 ρ.
812 5369 859 5402 ⁸⁵
893 5370 1030 5426 Psal.
1068 5389 1218 5439 χχιιι,
1251 5376 1336 5431 15.
1414 5378 1458 5407 ⁸⁸⁵
1494 5378 1640 5432 Psal.
1668 5395 1837 5444 cxvn,
1866 5381 1952 5435 ‘27.

307 5385 352 5400 ὀ
382 5385 543 5424 utut.
568 5385 640 5431 tv,
684 5385 736 5423 υ.
812 5385 859 5402 ’ν
893 5385 1030 5426 t'sat.
1068 5389 1218 5439 χιιι,
1251 5385 1336 5431 15.
1414 5385 1458 5407 "
1494 5385 1640 5432 Psal.
1668 5395 1837 5444 cxvn,

249 5437 335 5495 "l
381 5440 510 5496 Cor.
554 5455 643 5502 xv,
671 5439 761 5495 27.

2045 5385 2089 5416 ⁸⁸
2121 5386 2406 5453 liom.xm,
2441 5392 2492 5445 ‘5.
2584 5393 2626 5424 ⁸⁷
2663 5393 2772 5448 ibid
2820 5398 2868 5451 7.

2949 5397 2993 5427 ’⁸⁸
3027 5397 3186 5452 I‘t'uv.
3226 5411 3309 5462 ιιι,
3344 5400 3398 5462 9,
3437 5400 3517 5454 10.

1360 5601 1589 5658 VARle
1628 5605 2011 5666 LECTIONES
2051 5611 2138 5666 ET
2177 5613 2412 5671 ΝΟΤᾹΞ.

317 5755 455 5832 (ῥίς)-
486 5755 632 5832 liter,
677 5757 848 5832 ὅπερ,
899 5753 1053 5826 οἶμαι
1107 5775 1276 5828 usque
1333 5762 1398 5832 ad
1459 5764 1827 5832 καταπλαγῶ,

345 5769 456 5837 ρει).
486 5769 633 5837 liter,
677 5769 848 5837 egeo,
899 5769 1053 5826 otpat
1107 5775 1276 5828 usque
1333 5769 1398 5837 ad
1459 5769 1827 5837 καταπλαγῶ,
1943 5769 2202 5825 Vaticano
2233 5772 2357 5828 650.
2388 5774 2544 5833 Eon.

253 5826 533 5880 omittebat
568 5826 655 5881 ed.
704 5825 898 5893 I'aris.,
931 5825 984 5882 et
1032 5825 1201 5884 recte
1231 5830 1547 5898 supplemm.
1584 5850 1608 5885 η
1645 5825 1827 5889 codice
2276 5825 2294 5828 θ
2635 5865 2640 5868 Ι
