3976 6428
531 404 668 472 “75
1714 402 1772 463 S.
1818 399 2107 463 ISIDORI
2144 392 2580 459 PELUSIOTE
3636 373 3768 440 1176

533 516 597 564 ad
635 512 992 566 Abrahamnm
1038 533 1050 568 :
1097 529 1115 563 t
1160 510 1446 578 Ingredere
1491 510 1557 564 ad
1605 511 1853 564 ancillam
1896 525 2087 573 meam,

2199 523 2322 576 μου,
2355 505 2448 558 καὶ
2497 499 2883 564 τεκνοποίησον
2913 493 2970 561 ἐξ
3009 493 3203 561 αὐτῆς.
3245 508 3263 541 ι
3307 487 3381 540 Τὸ
3503 484 3767 578 ἄψασθαι,

528 613 584 656 ut
611 603 800 658 liberos
849 618 914 656 ex
948 616 1008 657 ea
1040 576 1264 672 procreat
1304 602 1369 655 ".
1413 622 1430 654 ι
1483 601 1758 668 Tangendi
1801 611 1978 656 autem
2023 600 2087 654 de

2196 593 2290 646 ἐπὶ
2328 592 2422 645 τοῦ
2456 592 2650 661 φιλεῖν,
2682 589 2715 659 ἢ
2752 583 3064 656 έφάψασθαι
3097 580 3230 649 (Π).
3274 580 3337 632 El
3384 577 3500 646 γὰρ
3523 576 3621 628 καὶ
3639 592 3766 672 ’πα-

533 692 808 757 hasiando,
853 703 944 746 aut
989 663 1404 748 contrectando.
1455 692 1775 762 Quanquam
1805 693 1946 746 enim
1986 690 2086 742 ista

2200 684 2575 756 ρασαλλόμενα
2600 685 2667 752 τῇ
2703 678 2928 748 συνόδῳ,
2953 677 3014 728 οὐ
3041 675 3186 727 δοκεί
3201 674 3578 742 ἁμαρτήματα
3609 663 3768 762 εἶναι,

526 785 570 836 si
609 797 730 837 cum
763 785 907 838 coitu
948 782 1316 848 conferantur,
1345 793 1562 853 peccata
1603 798 1723 838 esse
1767 797 1871 836 oon
1905 781 2087 836 viden-

2193 777 2331 831 ἀλλά
2367 792 2430 843 γε
2461 773 2720 843 ἀληθείας
2750 768 3076 838 δικαζούσης
3128 765 3444 833 πταίσματα
3485 762 3582 816 καὶ
3629 759 3770 853 α-ὑτὰ

528 884 654 934 tur,
710 882 1079 926 verumtamen
1121 849 1360 928 Veritate
1392 872 1827 943 judicante-lpsa
1875 885 2087 940 quoque

2195 869 2416 930 εἰκότως
2445 865 2510 920 ἂν
2532 866 2640 937 εῐη.
2669 866 2731 918 El
2754 866 2861 932 γὰρ
2883 863 2916 932 ἡ
2947 859 3231 930 περίεργος
3256 858 3354 912 θέα
3386 856 3606 926 μοιχεία
3630 849 3766 906 εῖναι

525 964 719 1018 merito
766 963 941 1031 lapsus
990 963 1206 1033 quidam
1252 965 1522 1019 censenda
1565 952 1784 1018 fuerint.
1834 960 1971 1016 Nam
2034 961 2080 1016 si

2197 959 2470 1029 κέκριται,
2501 960 2535 1027 ἠ
2581 957 2690 1028 ἁφὴ
2737 953 2915 1024 πολλῷ
2964 952 3125 1006 πλέον
3170 950 3510 1022 κριθήσεται.
3559 948 3768 1016 Ὠσπερ

524 1053 734 1106 curiosa
778 1054 1154 1123 contemplatio
1191 1053 1512 1108 adulterium
1561 1068 1684 1107 esse
1719 1051 1960 1120 judicata
2001 1061 2085 1106 est

2197 1051 2308 1120 γὰρ
2337 1051 2427 1103 ἐπὶ
2453 1049 2561 1102 τῶν
2590 1049 2814 1102 εἰκόνων
2841 1043 3037 1116 χρῶμα
3057 1043 3318 1114 γραμμῆς
3342 1037 3770 1111 κινητικώτερόν

527 1147 592 1212 (a
638 1144 912 1215 Christo.)
965 1145 1317 1198 contrectatio
1347 1153 1496 1198 certe
1544 1143 1712 1197 multo
1765 1142 1937 1212 magis
1991 1155 2087 1211 pro

2190 1143 2338 1194 έστιν
2361 1157 2372 1169 ·
2422 1140 2566 1194 οὕτω
2604 1140 2700 1193 καὶ
2737 1139 2830 1191 ἐπὶ
2861 1136 2970 1189 τῶν
3017 1136 3130 1203 (48)
3173 1133 3441 1203 σωμάτων
3479 1131 3595 1205 ἁφὴ
3643 1129 3769 1192 θέας

526 1233 789 1289 adulterio
817 1236 1163 1304 jndicabitur.
1193 1234 1655 1300 Quemadmodum
1689 1233 1831 1286 enim
1871 1234 1922 1287 in
1956 1236 2087 1287 ima-

2191 1231 2635 1303 κινητικώτερον.
2668 1231 2730 1282 Εί
2776 1229 2957 1281 τοίνυν
3001 1229 3035 1298 ἡ
3056 1227 3152 1279 Θέα
3190 1225 3488 1294 λεπτοτέρα
3510 1219 3651 1277 οὖσα
3676 1238 3768 1276 ια-

523 1322 737 1386 ginibus
769 1325 991 1392 depictis
1012 1324 1160 1378 color
1181 1325 1349 1393 magis
1375 1323 1540 1377 allicit
1571 1335 1903 1391 spectatores
1930 1339 2085 1392 quam

2190 1325 2531 1396 τακέκριται,
2565 1323 2599 1392 ὴ
2652 1320 2764 1392 ἁφὴ
2819 1319 3104 1389 παχυτέρα
3137 1313 3275 1372 οὖσα
3306 1316 3628 1380 ἀπόλαυσις,
3671 1313 3768 1367 οὐκ

526 1412 662 1465 nuda
693 1413 1034 1479 lineamenta,
1094 1414 1174 1468 sic
1211 1415 1373 1470 etiam
1416 1413 1468 1466 in
1505 1417 1822 1482 corporibus
1869 1429 2084 1482 compa-

2190 1417 2496 1478 ἀπεικότως
2520 1413 2916 1484 ἀπηγόρευται.

528 1513 699 1557 ratum
737 1513 838 1566 est,
871 1518 927 1560 ιιι
953 1515 1127 1560 tactus
1194 1519 1358 1573 quam
1400 1507 1548 1559 visus
1596 1505 1850 1571 majorem
1899 1507 2142 1560 movendi
2184 1509 2290 1561 vim
2362 1509 2576 1564 habeat.
2619 1508 2675 1562 Si
2716 1505 2880 1574 igitur
2921 1515 3170 1572 aspectus
3224 1500 3472 1569 quamvis
3520 1495 3768 1552 subtilior

523 1609 711 1650 sensus
757 1597 826 1650 sit
858 1611 922 1650 ac
957 1597 1162 1663 purior,
1196 1597 1582 1651 condemnatus
1622 1605 1705 1651 est
1741 1607 1940 1661 tamen,
1981 1612 2083 1651 non
2125 1598 2397 1652 immerito
2427 1607 2623 1664 tactus,
2655 1606 2712 1651 ut
2744 1597 2834 1666 qui
2903 1595 2975 1651 sit
3033 1593 3274 1648 crassior
3306 1603 3470 1660 atque
3507 1587 3767 1658 impurior

523 1701 737 1750 sensus,
769 1688 1073 1755 prohibitus
1101 1695 1204 1742 est.

837 1797 949 1852 CX.
980 1829 1051 1838 —
1084 1798 1380 1855 LEONTIO
1420 1799 1770 1856 EPISCOPO.

525 1887 662 1952 Quid
689 1889 754 1941 sit
784 1889 958 1942 illud:
999 1907 1017 1940 t
1060 1891 1125 1944 Et
1156 1902 1304 1944 erunt
1351 1893 1404 1944 in
1431 1892 1688 1946 montibus
1725 1903 1779 1944 ut
1835 1894 2086 1948 columba:

1125 1963 1432 2014 meditantes
1471 1963 1536 2015 '7.
1569 1980 1589 2013 ι

593 2068 852 2134 Quoniam
903 2084 998 2138 per
1046 2069 1251 2125 litteras
1300 2072 1621 2139 quzesivisti.
1664 2073 1791 2141 quid
1844 2075 1912 2127 sit
1961 2075 2086 2129 illud

521 2159 662 2225 quod
685 2159 752 2212 ab
781 2159 1062 2214 Ezechiele
1089 2161 1348 2226 scriptum
1375 2171 1458 2214 cst
1486 2179 1498 2214 :
1527 2180 1545 2211 t
1577 2161 1642 2214 Et
1672 2173 1831 2214 erunt
1855 2163 1905 2214 iu
1934 2177 2087 2216 mon-

522 2252 663 2306 tibus
690 2261 746 2305 ut
770 2252 1035 2307 columba:
1071 2251 1428 2314 meditantes;
1464 2270 1482 2302 ι
1525 2253 1844 2320 respondeo,
1870 2253 2084 2308 tametsi

526 2340 714 2394 multis
763 2343 944 2394 verbis
996 2341 1231 2410 indigeat
1271 2341 1392 2409 ejus
1461 2341 1856 2409 interpretatio,
1888 2359 1971 2397 tne
2007 2353 2086 2398 ta—

520 2445 637 2484 men
689 2446 847 2498 quam
893 2439 1079 2500 potero
1137 2431 1669 2500 cmnpendiosissimc
1715 2435 1764 2487 id
1809 2435 2083 2502 expositu-

518 2537 656 2576 rum.
695 2520 766 2576 De
801 2521 904 2576 illis
936 2532 1054 2574 erat
1085 2535 1265 2574 sermo
1304 2524 1598 2590 prophetae,
1630 2525 1721 2591 qni
1761 2534 1818 2576 ut
1851 2542 1879 2576 a
1909 2525 2077 2593 Baby-

515 2609 642 2665 lonii
679 2610 866 2682 (regis)
893 2610 1173 2664 invasione
1205 2611 1302 2664 tuti
1336 2621 1541 2676 essent,
1569 2611 1623 2664 in
1649 2623 1860 2666 montes
1885 2612 2077 2667 conlu-

512 2710 700 2769 gerant
721 2717 734 2756 :
755 2714 888 2767 quos
908 2701 1005 2762 ait,
1020 2700 1264 2768 quamvis
1287 2699 1468 2754 hostes
1485 2700 1738 2770 etfuglsse
1753 2704 2082 2764 viderentur,

515 2803 694 2845 tamen
735 2790 957 2857 justitite
993 2790 1187 2844 divina
1229 2790 1756 2848 animadversionem
1809 2809 1913 2848 non
1960 2810 2084 2849 eva-

512 2892 690 2932 suros.
728 2876 860 2932 Nam
896 2879 1112 2948 quando
1146 2879 1200 2932 in
1234 2879 1492 2935 solitariis
1526 2881 1657 2936 locis
1682 2896 2085 2938 cont‘torantes

510 2975 667 3020 extra
694 2981 908 3022 omnem
941 2968 1030 3022 teli
1039 2969 1246 3036 jactum
1270 2983 1330 3023 se
1350 2969 1676 3026 constitutos
1705 2987 1824 3027 esse
1851 2975 2082 3028 arbitra-

511 3057 731 3119 buntur,
765 3065 889 3110 tunc
913 3067 967 3109 et
1001 3071 1198 3112 uxores
1247 3073 1374 3113 suas
1409 3069 1462 3113 et
1501 3060 1719 3126 liberos,
1763 3075 1818 3117 et
1854 3073 2080 3118 caetero-

510 3159 627 3198 rum
663 3146 1079 3214 propiuquorum
1106 3147 1329 3200 exitium
1377 3152 1653 3217 perpetuis
1682 3153 1970 3218 gemitibus
2018 3171 2080 3208 ac

510 3233 985 3289 lamentationibus
1023 3247 1436 3306 prosequentur.
1481 3239 1864 3295 Columbarum
1904 3255 2079 3298 autem

508 3325 610 3378 sub
674 3325 904 3394 imagine
938 3330 1235 3384 acerrimos
1310 3331 1613 3384 animorum
1660 3335 1954 3387 Ieruciatus
2014 3340 2082 3390 ob

508 3413 693 3469 oculos
714 3417 1008 3485 proposuit.
1029 3417 1129 3484 Qui
1152 3423 1295 3474 enim
1315 3423 1573 3483 clamant,
1595 3431 1649 3474 et
1671 3438 1899 3492 angores
1918 3425 2080 3497 472

509 3505 674 3559 animi
707 3507 787 3561 sui
825 3506 890 3560 ad
920 3509 1195 3576 proximos
1228 3508 1484 3577 ederunt,
1525 3529 1630 3569 non
1665 3517 1920 3585 exiguum
1955 3534 2079 3584 per-

507 3597 711 3665 cipiunt
753 3599 955 3654 doloris
985 3600 1234 3655 solatium
1265 3614 1320 3657 et
1371 3604 1753 3662 levamentum.
1787 3609 1916 3662 Nam
1945 3625 2079 3677 qun-

508 3685 792 3740 dammodo
823 3687 1022 3744 leviora
1055 3689 1192 3746 ﬂuot
1231 3695 1500 3749 narrando
1548 3699 1685 3750 mala
1717 3697 1801 3767 (ea
1834 3714 1950 3766 qua:
1985 3715 2081 3752 nos

508 3778 797 3848 cruciant).
830 3779 933 3846 Qui
967 3795 1098 3836 vero
1121 3793 1212 3837 aut
1252 3794 1396 3840 metu
1438 3795 1532 3842 aut
1569 3788 1735 3843 aliam
1771 3790 2078 3858 quampiam
2121 3821 2134 3837 ο

510 3867 580 3920 ob
605 3884 824 3925 causam
846 3872 1062 3929 silentio
1083 3875 1417 3932 calamitates
1442 3893 1569 3933 suas
1605 3878 1882 3934 involvunt
1920 3889 2081 3949 atque

510 3962 784 4026 occulunt,
818 3965 911 4017 sed
944 3965 1062 4018 solo
1099 3968 1333 4035 suspirio
1363 3969 1663 4024 cruciatum
1714 3971 2077 4034 sobiudicant,

512 4049 586 4103 ιΙΙῘ
658 4051 1050 4108 intolerabilem
1114 4060 1466 4125 experiuntur
1524 4059 1650 4112 mali
1722 4060 2077 4124 invasionem,

507 4143 706 4210 quippe
731 4159 851 4210 qua:
873 4147 939 4200 ad
967 4147 1308 4201 sanationem
1366 4165 1470 4202 non
1506 4148 1748 4212 inclinet,
1780 4151 1872 4203 sed
1901 4151 2078 4216 potius

2491 1806 2594 1862 Pl'.
2629 1834 2700 1845 ——
2737 1801 3034 1871 ΛΕΟΝΤΙῼ
3073 1798 3442 1870 ΕΠΙΣΚΟΠῼ.

2195 1898 2256 1952 Τί
2279 1896 2438 1950 ἐστι·
2482 1914 2500 1948 t
2541 1894 2650 1950 Καὶ
2683 1894 2930 1947 ἔσονται
2978 1888 3217 1944 ἐπὶτῶν
3264 1889 3447 1955 ὀρέων
3475 1889 3557 1955 ὡς
3605 1905 3766 1956 περι-

2607 1964 2810 2032 στεραὶ
2838 1959 3217 2030 uela-turma!
3237 1974 3257 2022 ;
3295 1978 3313 2008 ι

2258 2075 2474 2146 Ἐπειδὴ
2520 2075 2832 2144 γέγραφας·
2864 2072 2928 2125 Τί
2973 2075 3090 2125 ἐστι
3129 2070 3189 2124 τὸ
3221 2071 3432 2141 γραφὲν
3468 2068 3625 2138 παρὰ
3672 2068 3767 2122 τοῦ

2197 2165 2460 2235 Ἵεζεκιὴλ
2484 2185 2497 2199 ν
2547 2189 2564 2217 ι
2611 2166 2721 2219 Καὶ
2768 2164 2982 2216 ἔσονται
3021 2161 3254 2215 ἐπὶτῶν
3280 2161 3451 2229 ὀρέων
3498 2158 3574 2220 ὡς
3607 2174 3768 2228 περι-

2190 2258 2378 2327 στεραὶ
2399 2257 2747 2327 μελετητικαί
2771 2273 2785 2319 ;
2814 2274 2830 2306 ι
2867 2254 3029 2324 φημὶ,
3060 2255 3142 2307 ὅτι
3170 2252 3496 2314 πολυεπείσς
3514 2249 3615 2316 μὲν
3634 2249 3768 2320 χρῄ-

2188 2347 2268 2410 ζει
2296 2350 2326 2417 ἡ
2357 2348 2623 2418 ἑρμηνεία
2645 2363 2656 2376 ·
2689 2347 2857 2416 ὅμως,
2902 2345 2978 2404 ὡς
3033 2343 3098 2396 ἂν
3129 2339 3238 2406 οἷός
3278 2359 3335 2396 τε
3379 2336 3443 2402 ὦ,
3479 2338 3767 2409 συντεμὼν

2187 2439 2378 2507 φράσω
2403 2456 2416 2471 ν
2453 2440 2587 2508 Περὶ
2621 2437 2731 2490 τῶν
2775 2439 2830 2489 ὲν
2863 2438 2927 2505 τῇ
2965 2433 3307 2487 Βαϐυλωνίου
3345 2432 3519 2501 ἐφόδῳ
3546 2432 3765 2484 ἀνασω-

2187 2528 2386 2581 Θέντων
2427 2529 2506 2590 είς
2536 2528 2605 2581 τὰ
2625 2529 2749 2597 δρη,
2789 2523 2859 2598 ἦν
2889 2526 2966 2596 τῷ
2997 2527 3253 2596 προφήτῃ
3276 2527 3302 2578 ὁ
3343 2524 3520 2591 λόγος,
3552 2525 3636 2576 ὅτι
3653 2523 3765 2575 οὐδ’

2188 2613 2253 2666 ἂν
2282 2614 2474 2678 δόξωσι
2499 2613 2923 2682 διαπεφευγέναι
2949 2615 3073 2676 τοὺς
3115 2611 3428 2682 πολεμίους,
3457 2609 3768 2679 διαφεύξον-

2185 2719 2275 2754 ται
2299 2701 2397 2772 τὴν
2419 2703 2595 2771 δίκην.
2634 2704 2801 2755 Ὅταν
2830 2703 2939 2773 γὰρ
2979 2703 3076 2765 τὰς
3107 2702 3342 2771 ἐρήμους
3378 2700 3767 2770 κατειληφότες

2185 2792 2291 2857 ἔξω
2325 2793 2431 2845 τῶν
2481 2793 2672 2846 δεινῶν
2717 2789 2854 2847 εἶναι
2889 2795 3223 2865 ἡγήσωνται,
3250 2793 3368 2846 τότε
3401 2791 3672 2862 γυναῖκάς
3705 2806 3766 2843 τε

2186 2886 2281 2937 καὶ
2329 2886 2526 2948 παῖδας
2552 2886 2646 2939 καὶ
2673 2887 2782 2941 τῶν
2815 2885 2992 2940 ἄλλων
3018 2886 3233 2940 οἰκείων
3254 2887 3347 2939 τδν
3382 2884 3608 2956 mago»
3631 2884 3768 2956 θρηο

2188 2976 2406 3038 νοῦντες
2455 2977 2794 3030 διατελοῦσν
2834 2976 2914 3047 τῷ
2952 2976 3014 3030 δέ
3051 2976 3159 3029 τῶν
3195 2975 3538 3046 περιστερῶν
3577 2983 3765 3045 παρα-

2184 3066 2439 3135 δείγματι
2471 3067 2531 3119 τὸ
2567 3066 2898 3136 περιώδυνον
2930 3068 3039 3121 τῶν
3058 3067 3247 3137 ψυχῶν
3289 3068 3658 3138 παρέστησεν.
3699 3067 3765 3119 Οί

2185 3154 2284 3223 μὲν
2323 3154 2433 3225 γὰρ
2487 3155 2717 3224 βοῶντες
2769 3159 2863 3209 καὶ
2910 3157 3048 3226 πρὸς
3101 3158 3226 3221 τοὺς
3257 3156 3425 3219 πέλας
3481 3156 3542 3209 τὸ
3594 3156 3766 3219 πάθος

2179 3241 2502 3311 ἐκφέροντες
2527 3241 2587 3293 οὐ
2621 3241 2823 3312 μικρὰν
2847 3242 3188 3313 λαμϐάνουσι
3212 3243 3306 3296 τοῦ
3333 3242 3538 3305 πάθους
3575 3260 3763 3314 παρα-

2183 3331 2399 3400 μυθίαν.
2434 3331 2771 3400 Κουφίζεται
2801 3333 2911 3402 γὰρ
2934 3332 3134 3403 τρόπον
3161 3333 3280 3387 τινὰ
3310 3336 3376 3404 τῇ
3405 3333 3658 3405 διηγήσει
3692 3336 3762 3390 τὰ

2179 3420 2326 3494 πάθη
2365 3423 2475 3492 (49)
2506 3440 2518 3450 ·
2549 3425 2596 3476 ot
2641 3424 2684 3476 δ’
2741 3423 2846 3476 ὑπὸ
2877 3424 3049 3488 δέους,
3100 3425 3132 3495 ἢ
3180 3426 3347 3496 ἄλλης
3390 3425 3534 3490 τινὸς
3579 3426 3761 3488 αἰτίας

2184 3517 2309 3584 σιγῇ
2344 3514 2444 3576 τὰς
2501 3514 2789 3584 συμφορὰς
2843 3515 3339 3586 κατακρύπτοντες,
3382 3517 3529 3587 μόνῳ
3573 3516 3631 3569 δὲ
3680 3517 3762 3588 τῷ

2191 3605 2481 3675 στεναγμῴ
2497 3605 2596 3674 τὴν
2622 3605 2813 3674 ὀδύνην
2833 3606 3206 3675 ἐμφαίνοντες,
3231 3607 3555 3662 ἀνύποιστον
3576 3608 3760 3679 ἔχουσι

2187 3695 2280 3748 τοῦ
2339 3695 2511 3748 κακοῦ
2559 3694 2656 3766 τὴν
2701 3695 2910 3764 ἔφοδον,
2946 3696 3040 3749 ἅτε
3085 3698 3162 3760 είς
3215 3698 3511 3768 θεραπείαν
3554 3699 3652 3770 μὲν
3683 3699 3762 3769 μὴ

2185 3787 2464 3848 νεύουσαν,
2515 3788 2594 3849 είς
2625 3785 2873 3839 ἐπίτασιν
2912 3787 2968 3840 δὲ
3022 3787 3344 3856 βλέπουσαν.
3381 3789 3630 3858 Δηλῶσαι
3667 3785 3761 3844 οὖν

2182 3875 2502 3945 βουλόμενος
2536 3875 2649 3946 (50)
2679 3874 2778 3946 τῆς
2819 3877 3090 3946 τιμωρίας
3116 3877 3176 3929 τὸ
3202 3876 3451 3946 μέγεθος,
3496 3877 3632 3931 ἀλλὰ
3667 3878 3762 3931 καὶ

2176 3968 2270 4020 τοῦ
2290 3967 2441 4028 δέους
2466 3966 2562 4037 τὴν
2589 3967 2914 4038 ὑπερϐολὴν,
2941 3967 3054 4036 είγε
3083 3967 3217 4038 μηδὲ
3239 3968 3434 4038 ὲκϐοᾷν
3447 3969 3758 4039 τολμῶμεν,
3779 4027 3786 4042 ι

2178 4055 2274 4125 τῆς
2306 4057 2544 4124 ὑποψίας
2567 4057 2655 4108 ἀεὶ
2685 4058 2782 4126 τὴν
2811 4057 2999 4126 ἔφοδον
3031 4059 3141 4110 τῶν
3171 4058 3444 4130 πολεμίων
3471 4061 3754 4129 ὀνειροπο-

2176 4147 2395 4217 λούσης,
2426 4150 2490 4218 τῇ
2522 4147 2746 4220 τοιαύτῃ
2777 4148 2944 4202 εικόνι
2980 4151 3270 4220 ἐχρήσατο.

508 4233 574 4286 ad
618 4243 960 4298 augmentum
993 4245 1045 4290 et
1073 4237 1429 4292 intensionem
1467 4247 1692 4305 spectet.
1738 4238 1870 4292 Cum
1939 4239 2102 4307 igitur
2179 4235 2598 4304 magnitudinem
2659 4237 2820 4291 veHet
2876 4239 3117 4293 iudicare
3165 4239 3430 4308 supplicii.
3473 4253 3650 4309 neque
3698 4237 3755 4292 id

506 4324 674 4376 solum
734 4339 920 4378 verum
960 4325 1123 4380 etiam
1177 4329 1714 4383 vehementissimum
1777 4341 1831 4383 et
1891 4330 2213 4383 accrrimmn
2254 4338 2479 4392 metum,
2541 4328 2806 4396 siquidem
2854 4346 3027 4398 neque
3092 4331 3400 4386 exclamare
3469 4333 3755 4408 audemus.

506 4415 808 4481 suspicione
837 4430 1048 4486 semper
1088 4418 1337 4473 hostilem
1383 4419 1792 4488 impressionem
1865 4421 2010 4474 velut
2037 4421 2090 4475 in
2131 4434 2322 4475 somno
2381 4419 2766 4476 obversantem
2825 4437 2888 4477 ac
2943 4433 3386 4492 reprtesentatatn
3462 4425 3757 4495 cogitante.

506 4509 739 4578 imagine
761 4510 1020 4578 ejusmodi
1051 4528 1180 4568 usus
1208 4524 1309 4568 est.

815 4601 955 4656 CXI.
974 4633 1043 4642 ——
1060 4603 1409 4661 LAMPETIO
1436 4605 1753 4664 DlACONO.
2104 4623 2148 4678 ι)

653 4688 814 4745 «Cum
846 4691 1092 4748 obtuleris
1114 4711 1300 4750 munus
1323 4706 1469 4749 tuum
1495 4699 1562 4751 ad
1589 4700 1760 4753 altare
1778 4699 1842 4752 ".
1875 4719 1892 4749 ι

2451 4608 2601 4663 PlA'.
2648 4638 2718 4650 —
2747 4609 3109 4679 ΛΑΜΠΕΤΙῼ
3146 4609 3471 4680 ΔιΑιςοΝφ.

2187 4715 2205 4749 t
2257 4696 2400 4751 Ἐὰν
2442 4698 2790 4766 προσφέρῃς
2829 4698 2944 4833 τιῖὶρ
2928 4695 3120 4765 δῶρόν
3169 4714 3285 4752 σου
3317 4697 3418 4751 ἐπι
3444 4698 3510 4752 τὸ
3539 4701 3756 4754 Guma-

2788 4783 2874 4819 στ-
2949 4783 3058 4820 ιον.
3102 4785 3119 4817 ι

2788 4783 3058 4820 amator.
3102 4785 3119 4817 ι

575 4870 822 4928 Maxima:
845 4886 986 4927 cura:
1016 4882 1140 4928 sunt
1168 4872 1277 4930 Deo
1334 4873 1510 4929 Verbo
1539 4877 1814 4930 hominum
1843 4879 1984 4932 inter
2011 4893 2068 4933 se

2251 4878 2520 4946 Μέγιστον
2553 4878 2664 4948 (5t)
2711 4878 2788 4947 τῷ
2831 4878 2950 4948 Θεῷ
3000 4877 3156 4948 Λόγῳ
3205 4881 3233 4932 ό
3287 4879 3414 4948 περὶ
3455 4876 3569 4932 τῶν
3627 4879 3754 4950 πρὸς

576 5025 622 5058 ’⁸
650 5025 787 5081 Gen.
815 5039 924 5092 ενι,
952 5025 1008 5080 2.
1071 5027 1118 5059 "
1153 5027 1350 5083 Ezech.
1383 5043 1479 5092 vn,
1512 5029 1598 5083 l6.
1681 5029 1730 5061 "
1759 5029 1947 5085 Matth.
2014 5047 2065 5094 v,
2094 5029 2185 5085 25.

1625 5184 1858 5239 VARIE
1897 5184 2278 5243 LECTIONES
2315 5185 2404 5242 ET
2438 5184 2670 5241 ΝΟἹΕ.

578 5336 705 5415 (47)
755 5337 861 5392 Pro
912 5336 1224 5406 ιφάψασθαι
1271 5341 1408 5395 Idem
1461 5344 1581 5397 cod.
1624 5344 1812 5399 scribit
1857 5345 2071 5415 έπαφᾶ-

2190 5345 2271 5398 ted
2300 5345 2464 5400 etiam
2493 5341 2732 5415 querulis
2764 5344 3164 5415 narrationibus
3204 5345 3256 5400 in
3303 5345 3530 5400 aliorum
3570 5348 3750 5402 sinum

509 5407 891 5484 e0atLPosstu._
1039 5478 1050 5484 _
1092 5478 1103 5484 _
1157 5479 1168 5484 _
1267 5479 1293 5484 _
1389 5481 1433 5484 __
1978 5407 1990 5415 ⁷
2177 5407 2525 5484 exoneratur.
2581 5411 2780 5465 Confer
2814 5414 2988 5484 locum
3021 5414 3251 5469 similem
3298 5417 3438 5484 apud
3487 5416 3752 5473 lsidorum

576 5475 686 5547 (48)
705 5475 943 5547 _Prb_his,
969 5478 1062 5531 καὶ
1087 5478 1180 5531 ἐπὶ
1224 5479 1354 5545 τῶν,
1388 5481 1526 5535 idem
1551 5485 1673 5538 cod.
1703 5484 1874 5540 solum
1907 5485 2072 5541 habet

2190 5491 2418 5537 nostrum
2463 5481 2554 5536 lib.
2591 5496 2654 5534 ιιι
2689 5494 2775 5547 ep.
2805 5483 2856 5535 8.
2892 5482 3052 5536 Rtr'r.

504 5544 789 5623 “7315333,.
831 5544 936 5623 lo._
1067 5616 1078 5623 _
1120 5616 1132 5623 _
1341 5544 1347 5545 ⁷
1395 5617 1407 5623 _

2192 5622 2202 5623 ί
2247 5552 2358 5620 (50)
2411 5544 2806 5623 Βουλόμενος.
2853 5549 2980 5623 Post
3019 5551 3338 5623 βουλόμενος
3365 5562 3505 5623 puto
3550 5553 3753 5611 adden-

578 5614 685 5682 (-l9)
717 5613 829 5668 Non
860 5614 1032 5668 solum
1066 5616 1248 5684 igitur,
1279 5627 1337 5672 ut
1362 5617 1438 5671 ait
1467 5619 1646 5681 ΟνίιΙ..

2190 5613 2503 5690 Ιιιίη,ί‹μιοι1
2550 5613 2621 5690 ἰιι
2651 5613 2772 5673 ms.
2805 5613 3102 5690 omittitur,
3142 5613 3202 5674 ού
3247 5613 3426 5690 μανόν.
3485 5625 3559 5676 Io.

2250 5689 2498 5762 (51)]ἰό
2518 5688 2770 5762 μέγιστον
2795 5690 2910 5762 cod.
2941 5689 3064 5762 Vat:
3089 5690 3192 5743 650
3218 5688 3370 5748 habet
3399 5695 3672 5762 μέγιστος,
3699 5705 3753 5750 et

653 5746 905 5815 Expletur
934 5749 1178 5818 lacrymis
1211 5754 1537 5821 egeriturque
1564 5756 1732 5820 dolor,
2179 5746 2321 5814 vers.
2342 5746 2393 5812 ’Ξ
2427 5746 2549 5813 ante
2579 5746 2734 5825 λόγος
2765 5757 2909 5812 addit
2937 5762 2986 5812 ό.
3037 5758 3242 5814 Possm.
