  <div class='ocr_page' id='page_1' title='image "/cluster/home/n/w/nwhite01/storage/ocr_20150623/78/ien.35556001661065/600.png"; bbox 0 0 3976 6420; ppageno 0'>
   <div class='ocr_carea' id='block_1_1' title="bbox 199 445 326 512">
    <p class='ocr_par' dir='ltr' id='par_1_1' title="bbox 199 445 326 512">
     <span class='ocr_line' id='line_1_1' title="bbox 199 445 326 512; baseline -0.008 0"><span class='ocrx_word' id='word_1_1' title='bbox 199 445 326 512; x_wconf 66' lang='lat' dir='ltr'><strong>lli?</strong></span> 
     </span>
    </p>
   </div>
   <div class='ocr_carea' id='block_1_2' title="bbox 1065 449 2560 515">
    <p class='ocr_par' dir='ltr' id='par_1_2' title="bbox 1065 449 2560 515">
     <span class='ocr_line' id='line_1_2' title="bbox 1065 449 2560 515; baseline 0.003 -5"><span class='ocrx_word' id='word_1_2' title='bbox 1065 449 1605 510; x_wconf 70' lang='lat' dir='ltr'><strong>EPISTULARUM</strong></span> <span class='ocrx_word' id='word_1_3' title='bbox 1648 451 1793 511; x_wconf 88' lang='lat' dir='ltr'><strong>LIB.</strong></span> <span class='ocrx_word' id='word_1_4' title='bbox 1840 453 1916 511; x_wconf 76' lang='grc' dir='ltr'>ιν</span> <span class='ocrx_word' id='word_1_5' title='bbox 1998 478 2067 490; x_wconf 78' lang='lat'><strong>-~</strong></span> <span class='ocrx_word' id='word_1_6' title='bbox 2101 453 2338 513; x_wconf 80' lang='lat' dir='ltr'><strong>EPIST.</strong></span> <span class='ocrx_word' id='word_1_7' title='bbox 2379 453 2560 515; x_wconf 83' lang='lat' dir='ltr'><strong>CXII.</strong></span> 
     </span>
    </p>
   </div>
   <div class='ocr_carea' id='block_1_3' title="bbox 3342 445 3472 506">
    <p class='ocr_par' dir='ltr' id='par_1_3' title="bbox 3342 445 3472 506">
     <span class='ocr_line' id='line_1_3' title="bbox 3342 445 3472 506; baseline -0.015 0"><span class='ocrx_word' id='word_1_8' title='bbox 3342 445 3472 506; x_wconf 82' lang='lat' dir='ltr'><strong>U78</strong></span> 
     </span>
    </p>
   </div>
   <div class='ocr_carea' id='block_1_4' title="bbox 197 553 1826 628">
    <p class='ocr_par' dir='ltr' id='par_1_4' title="bbox 197 556 1826 628">
     <span class='ocr_line' id='line_1_4' title="bbox 197 556 1826 628; baseline 0.004 -19"><span class='ocrx_word' id='word_1_9' title='bbox 197 559 457 627; x_wconf 70' lang='grc' dir='ltr'><strong>ἀλλήλους</strong></span> <span class='ocrx_word' id='word_1_10' title='bbox 515 556 874 625; x_wconf 71' lang='grc' dir='ltr'>καταλλαγιῖΝ</span> <span class='ocrx_word' id='word_1_11' title='bbox 923 557 1100 627; x_wconf 83' lang='grc' dir='ltr'><strong>λόγος.</strong></span> <span class='ocrx_word' id='word_1_12' title='bbox 1149 559 1209 612; x_wconf 88' lang='lat'><strong>&#39;0</strong></span> <span class='ocrx_word' id='word_1_13' title='bbox 1239 559 1347 628; x_wconf 82' lang='grc' dir='ltr'><strong>γὰρ</strong></span> <span class='ocrx_word' id='word_1_14' title='bbox 1389 560 1678 625; x_wconf 76' lang='grc' dir='ltr'><strong>διαλλάξας</strong></span> <span class='ocrx_word' id='word_1_15' title='bbox 1712 563 1779 614; x_wconf 66' lang='grc' dir='ltr'><strong>τὰ</strong></span> <span class='ocrx_word' id='word_1_16' title='bbox 1812 582 1826 621; x_wconf 60' lang='grc' dir='ltr'><strong><em>ε</em></strong></span> 
     </span>
    </p>
   </div>
   <div class='ocr_carea' id='block_1_5' title="bbox 1912 553 3472 628">
    <p class='ocr_par' dir='ltr' id='par_1_5' title="bbox 1913 553 3472 625">
     <span class='ocr_line' id='line_1_5' title="bbox 1913 553 3472 625; baseline -0.008 -10"><span class='ocrx_word' id='word_1_17' title='bbox 1913 563 2378 618; x_wconf 78' lang='lat' dir='ltr'><strong>econciiiationes.</strong></span> <span class='ocrx_word' id='word_1_18' title='bbox 2407 561 2539 614; x_wconf 75' lang='lat' dir='ltr'><strong>Nam</strong></span> <span class='ocrx_word' id='word_1_19' title='bbox 2587 559 2727 613; x_wconf 89' lang='lat' dir='ltr'><strong>idem</strong></span> <span class='ocrx_word' id='word_1_20' title='bbox 2756 557 2866 620; x_wconf 87' lang='lat' dir='ltr'><strong>ille,</strong></span> <span class='ocrx_word' id='word_1_21' title='bbox 2892 557 2982 625; x_wconf 83' lang='lat' dir='ltr'><strong>qui</strong></span> <span class='ocrx_word' id='word_1_22' title='bbox 3017 553 3318 611; x_wconf 74' lang='lat' dir='ltr'><strong>cmicstium</strong></span> <span class='ocrx_word' id='word_1_23' title='bbox 3349 567 3472 609; x_wconf 84' lang='lat' dir='ltr'><strong>cum</strong></span> 
     </span>
    </p>
   </div>
   <div class='ocr_carea' id='block_1_6' title="bbox 197 644 1780 721">
    <p class='ocr_par' dir='ltr' id='par_1_6' title="bbox 197 644 1780 721">
     <span class='ocr_line' id='line_1_6' title="bbox 197 644 1780 721; baseline -0.001 -17"><span class='ocrx_word' id='word_1_24' title='bbox 197 649 425 720; x_wconf 76' lang='grc' dir='ltr'>οὐράνια</span> <span class='ocrx_word' id='word_1_25' title='bbox 453 651 569 712; x_wconf 87' lang='grc' dir='ltr'>τοῖς</span> <span class='ocrx_word' id='word_1_26' title='bbox 595 649 875 716; x_wconf 76' lang='grc' dir='ltr'><strong>ἐπιγείοις,</strong></span> <span class='ocrx_word' id='word_1_27' title='bbox 905 644 1058 714; x_wconf 76' lang='grc' dir='ltr'>οὗτος</span> <span class='ocrx_word' id='word_1_28' title='bbox 1094 651 1190 704; x_wconf 74' lang='grc' dir='ltr'><strong>καὶ</strong></span> <span class='ocrx_word' id='word_1_29' title='bbox 1231 650 1327 712; x_wconf 77' lang='grc' dir='ltr'><strong>τὰς</strong></span> <span class='ocrx_word' id='word_1_30' title='bbox 1373 650 1571 721; x_wconf 60' lang='grc' dir='ltr'>ἔχθρας</span> <span class='ocrx_word' id='word_1_31' title='bbox 1601 669 1780 721; x_wconf 85' lang='grc' dir='ltr'>παρα-</span> 
     </span>
    </p>
   </div>
   <div class='ocr_carea' id='block_1_7' title="bbox 199 739 1785 814">
    <p class='ocr_par' dir='ltr' id='par_1_7' title="bbox 199 739 1785 814">
     <span class='ocr_line' id='line_1_7' title="bbox 199 739 1785 814; baseline 0.003 -22"><span class='ocrx_word' id='word_1_32' title='bbox 199 739 337 802; x_wconf 79' lang='grc' dir='ltr'>λύει,</span> <span class='ocrx_word' id='word_1_33' title='bbox 379 742 518 809; x_wconf 82' lang='grc' dir='ltr'>μήτε</span> <span class='ocrx_word' id='word_1_34' title='bbox 561 740 725 810; x_wconf 86' lang='grc' dir='ltr'>φῦναι</span> <span class='ocrx_word' id='word_1_35' title='bbox 763 741 1083 812; x_wconf 80' lang='grc' dir='ltr'><strong>συγχωρῶν,</strong></span> <span class='ocrx_word' id='word_1_36' title='bbox 1122 742 1217 795; x_wconf 77' lang='grc' dir='ltr'>καὶ</span> <span class='ocrx_word' id='word_1_37' title='bbox 1255 742 1637 814; x_wconf 83' lang='grc' dir='ltr'>βλαστησάσας</span> <span class='ocrx_word' id='word_1_38' title='bbox 1676 744 1785 796; x_wconf 77' lang='grc' dir='ltr'><strong>ἀπὸ</strong></span> 
     </span>
    </p>
   </div>
   <div class='ocr_carea' id='block_1_8' title="bbox 199 828 1783 904">
    <p class='ocr_par' dir='ltr' id='par_1_8' title="bbox 199 828 1783 904">
     <span class='ocr_line' id='line_1_8' title="bbox 199 828 1783 904; baseline 0.004 -23"><span class='ocrx_word' id='word_1_39' title='bbox 199 828 309 881; x_wconf 83' lang='grc' dir='ltr'><strong>τῶν</strong></span> <span class='ocrx_word' id='word_1_40' title='bbox 337 828 510 899; x_wconf 70' lang='grc' dir='ltr'>ριζδῶν</span> <span class='ocrx_word' id='word_1_41' title='bbox 556 830 725 894; x_wconf 79' lang='grc' dir='ltr'>αὐτὰς</span> <span class='ocrx_word' id='word_1_42' title='bbox 756 831 1065 884; x_wconf 78' lang='grc' dir='ltr'><strong>κατασείων</strong></span> <span class='ocrx_word' id='word_1_43' title='bbox 1086 847 1100 862; x_wconf 87' lang='grc'><strong>·</strong></span> <span class='ocrx_word' id='word_1_44' title='bbox 1148 831 1298 898; x_wconf 71' lang='grc' dir='ltr'>λέγει</span> <span class='ocrx_word' id='word_1_45' title='bbox 1325 833 1424 902; x_wconf 86' lang='grc' dir='ltr'>μὲν</span> <span class='ocrx_word' id='word_1_46' title='bbox 1462 835 1599 903; x_wconf 79' lang='grc' dir='ltr'><strong>γάρ’</strong></span> <span class='ocrx_word' id='word_1_47' title='bbox 1637 852 1656 884; x_wconf 85' lang='grc' dir='ltr'>ι</span> <span class='ocrx_word' id='word_1_48' title='bbox 1691 833 1783 904; x_wconf 81' lang='grc' dir='ltr'><strong>Μὴ</strong></span> 
     </span>
    </p>
   </div>
   <div class='ocr_carea' id='block_1_9' title="bbox 198 919 1784 996">
    <p class='ocr_par' dir='ltr' id='par_1_9' title="bbox 198 919 1784 996">
     <span class='ocr_line' id='line_1_9' title="bbox 198 919 1784 996; baseline 0.003 -25"><span class='ocrx_word' id='word_1_49' title='bbox 198 919 424 987; x_wconf 68' lang='grc' dir='ltr'>ὀργίζου</span> <span class='ocrx_word' id='word_1_50' title='bbox 452 919 532 989; x_wconf 83' lang='grc' dir='ltr'>τῷ</span> <span class='ocrx_word' id='word_1_51' title='bbox 556 919 774 990; x_wconf 80' lang='grc' dir='ltr'>ἁδελφῷ</span> <span class='ocrx_word' id='word_1_52' title='bbox 797 937 889 974; x_wconf 90' lang='grc' dir='ltr'><strong>σου</strong></span> <span class='ocrx_word' id='word_1_53' title='bbox 934 923 1079 990; x_wconf 76' lang='grc' dir='ltr'>εικῆ.</span> <span class='ocrx_word' id='word_1_54' title='bbox 1125 940 1143 973; x_wconf 83' lang='lat' dir='ltr'><strong>s</strong></span> <span class='ocrx_word' id='word_1_55' title='bbox 1187 922 1407 994; x_wconf 81' lang='grc' dir='ltr'>Ἐπειδὴ</span> <span class='ocrx_word' id='word_1_56' title='bbox 1437 924 1494 976; x_wconf 78' lang='grc' dir='ltr'>δὲ</span> <span class='ocrx_word' id='word_1_57' title='bbox 1523 920 1631 978; x_wconf 78' lang='grc' dir='ltr'>οῐδε</span> <span class='ocrx_word' id='word_1_58' title='bbox 1687 925 1784 996; x_wconf 78' lang='grc' dir='ltr'>τὴν</span> 
     </span>
    </p>
   </div>
   <div class='ocr_carea' id='block_1_10' title="bbox 201 1009 1786 1084">
    <p class='ocr_par' dir='ltr' id='par_1_10' title="bbox 201 1009 1786 1084">
     <span class='ocr_line' id='line_1_10' title="bbox 201 1009 1786 1084; baseline 0.002 -22"><span class='ocrx_word' id='word_1_59' title='bbox 201 1009 558 1081; x_wconf 74' lang='grc' dir='ltr'><strong>ἀνθρωπίνην</strong></span> <span class='ocrx_word' id='word_1_60' title='bbox 586 1011 872 1064; x_wconf 69' lang='grc' dir='ltr'>ἀσθένειαν</span> <span class='ocrx_word' id='word_1_61' title='bbox 918 1011 1326 1068; x_wconf 80' lang='grc' dir='ltr'>ὀλισθαίνουσαν</span> <span class='ocrx_word' id='word_1_62' title='bbox 1349 1013 1484 1084; x_wconf 75' lang='grc'><strong>(52),</strong></span> <span class='ocrx_word' id='word_1_63' title='bbox 1520 1013 1612 1067; x_wconf 72' lang='grc' dir='ltr'>καὶ</span> <span class='ocrx_word' id='word_1_64' title='bbox 1648 1014 1786 1084; x_wconf 80' lang='grc' dir='ltr'>μετὰ</span> 
     </span>
    </p>
   </div>
   <div class='ocr_carea' id='block_1_11' title="bbox 201 1095 1787 1177">
    <p class='ocr_par' dir='ltr' id='par_1_11' title="bbox 201 1095 1787 1177">
     <span class='ocr_line' id='line_1_11' title="bbox 201 1095 1787 1177; baseline 0.005 -22"><span class='ocrx_word' id='word_1_65' title='bbox 201 1103 263 1155; x_wconf 78' lang='grc' dir='ltr'><strong>τδ</strong></span> <span class='ocrx_word' id='word_1_66' title='bbox 297 1104 555 1170; x_wconf 78' lang='grc' dir='ltr'>γενέσθαι</span> <span class='ocrx_word' id='word_1_67' title='bbox 586 1095 792 1159; x_wconf 79' lang='grc' dir='ltr'><strong>διαλύει</strong></span> <span class='ocrx_word' id='word_1_68' title='bbox 833 1105 944 1175; x_wconf 77' lang='grc'><strong>(53)</strong></span> <span class='ocrx_word' id='word_1_69' title='bbox 1003 1106 1100 1169; x_wconf 76' lang='grc' dir='ltr'><strong>τὰς</strong></span> <span class='ocrx_word' id='word_1_70' title='bbox 1138 1107 1316 1177; x_wconf 73' lang='grc' dir='ltr'>ῥίζας,</span> <span class='ocrx_word' id='word_1_71' title='bbox 1365 1109 1462 1162; x_wconf 74' lang='grc' dir='ltr'>καὶ</span> <span class='ocrx_word' id='word_1_72' title='bbox 1487 1109 1548 1162; x_wconf 83' lang='grc' dir='ltr'>τὸ</span> <span class='ocrx_word' id='word_1_73' title='bbox 1588 1110 1787 1163; x_wconf 84' lang='grc' dir='ltr'>οίκεῖον</span> 
     </span>
    </p>
   </div>
   <div class='ocr_carea' id='block_1_12' title="bbox 201 1195 1789 1272">
    <p class='ocr_par' dir='ltr' id='par_1_12' title="bbox 201 1195 1789 1272">
     <span class='ocr_line' id='line_1_12' title="bbox 201 1195 1789 1272; baseline 0.003 -24"><span class='ocrx_word' id='word_1_74' title='bbox 201 1195 378 1266; x_wconf 82' lang='grc' dir='ltr'>δῶρον</span> <span class='ocrx_word' id='word_1_75' title='bbox 405 1197 593 1266; x_wconf 73' lang='grc' dir='ltr'>μένειν</span> <span class='ocrx_word' id='word_1_76' title='bbox 628 1197 914 1252; x_wconf 75' lang='grc' dir='ltr'>ἀτέλεστον</span> <span class='ocrx_word' id='word_1_77' title='bbox 940 1197 1208 1268; x_wconf 80' lang='grc' dir='ltr'>ἀνέχεται,</span> <span class='ocrx_word' id='word_1_78' title='bbox 1243 1199 1351 1261; x_wconf 72' lang='grc' dir='ltr'>ἕως</span> <span class='ocrx_word' id='word_1_79' title='bbox 1385 1201 1453 1254; x_wconf 77' lang='grc' dir='ltr'>ἂν</span> <span class='ocrx_word' id='word_1_80' title='bbox 1483 1200 1622 1272; x_wconf 77' lang='grc' dir='ltr'>πρὸς</span> <span class='ocrx_word' id='word_1_81' title='bbox 1661 1202 1789 1254; x_wconf 73' lang='grc' dir='ltr'>ἑαυ-</span> 
     </span>
    </p>
   </div>
   <div class='ocr_carea' id='block_1_13' title="bbox 207 1287 1788 1365">
    <p class='ocr_par' dir='ltr' id='par_1_13' title="bbox 207 1287 1788 1365">
     <span class='ocr_line' id='line_1_13' title="bbox 207 1287 1788 1365; baseline 0.004 -25"><span class='ocrx_word' id='word_1_82' title='bbox 207 1291 336 1352; x_wconf 69' lang='grc' dir='ltr'>τοὺς</span> <span class='ocrx_word' id='word_1_83' title='bbox 361 1289 750 1361; x_wconf 76' lang='grc' dir='ltr'>σπεισώμεθαο</span> <span class='ocrx_word' id='word_1_84' title='bbox 777 1290 890 1360; x_wconf 71' lang='grc' dir='ltr'><strong>ἔχει</strong></span> <span class='ocrx_word' id='word_1_85' title='bbox 928 1289 1028 1360; x_wconf 84' lang='grc' dir='ltr'>μὲν</span> <span class='ocrx_word' id='word_1_86' title='bbox 1049 1287 1142 1344; x_wconf 84' lang='grc' dir='ltr'>οὖν</span> <span class='ocrx_word' id='word_1_87' title='bbox 1176 1292 1591 1365; x_wconf 75' lang='grc' dir='ltr'><strong>φιλανθρωπίαν</strong></span> <span class='ocrx_word' id='word_1_88' title='bbox 1623 1294 1788 1365; x_wconf 81' lang='grc' dir='ltr'>ἀκρο-</span> 
     </span>
    </p>
   </div>
   <div class='ocr_carea' id='block_1_14' title="bbox 204 1381 1788 1457">
    <p class='ocr_par' dir='ltr' id='par_1_14' title="bbox 204 1381 1788 1457">
     <span class='ocr_line' id='line_1_14' title="bbox 204 1381 1788 1457; baseline 0.004 -25"><span class='ocrx_word' id='word_1_89' title='bbox 204 1381 385 1450; x_wconf 79' lang='grc' dir='ltr'>τάτην</span> <span class='ocrx_word' id='word_1_90' title='bbox 415 1381 479 1434; x_wconf 78' lang='grc' dir='ltr'><strong>τὸ</strong></span> <span class='ocrx_word' id='word_1_91' title='bbox 509 1381 734 1452; x_wconf 84' lang='grc' dir='ltr'>λεχθέν’</span> <span class='ocrx_word' id='word_1_92' title='bbox 765 1383 865 1436; x_wconf 81' lang='grc' dir='ltr'>οὐκ</span> <span class='ocrx_word' id='word_1_93' title='bbox 921 1385 1144 1456; x_wconf 79' lang='grc' dir='ltr'>ἀμοιρεῖ</span> <span class='ocrx_word' id='word_1_94' title='bbox 1171 1385 1228 1438; x_wconf 78' lang='grc' dir='ltr'>δὲ</span> <span class='ocrx_word' id='word_1_95' title='bbox 1269 1385 1363 1438; x_wconf 70' lang='grc' dir='ltr'>καὶ</span> <span class='ocrx_word' id='word_1_96' title='bbox 1410 1385 1673 1457; x_wconf 82' lang='grc' dir='ltr'><strong>λογισμοῦ</strong></span> <span class='ocrx_word' id='word_1_97' title='bbox 1707 1386 1788 1439; x_wconf 85' lang='grc' dir='ltr'>δι-</span> 
     </span>
    </p>
   </div>
   <div class='ocr_carea' id='block_1_15' title="bbox 208 1470 1789 1547">
    <p class='ocr_par' dir='ltr' id='par_1_15' title="bbox 208 1470 1789 1547">
     <span class='ocr_line' id='line_1_15' title="bbox 208 1470 1789 1547; baseline 0.004 -25"><span class='ocrx_word' id='word_1_98' title='bbox 208 1470 390 1524; x_wconf 84' lang='grc' dir='ltr'>καίου.</span> <span class='ocrx_word' id='word_1_99' title='bbox 422 1473 496 1526; x_wconf 86' lang='grc' dir='ltr'><strong>Σὺ</strong></span> <span class='ocrx_word' id='word_1_100' title='bbox 532 1474 631 1543; x_wconf 75' lang='grc' dir='ltr'>μὲν</span> <span class='ocrx_word' id='word_1_101' title='bbox 658 1473 788 1544; x_wconf 81' lang='grc' dir='ltr'>γὰρ,</span> <span class='ocrx_word' id='word_1_102' title='bbox 814 1476 969 1545; x_wconf 69' lang='grc' dir='ltr'>φησὶ,</span> <span class='ocrx_word' id='word_1_103' title='bbox 993 1475 1403 1546; x_wconf 80' lang='grc' dir='ltr'>φιλανθρωπίαν</span> <span class='ocrx_word' id='word_1_104' title='bbox 1433 1478 1614 1547; x_wconf 77' lang='grc' dir='ltr'>ζητεῖς</span> <span class='ocrx_word' id='word_1_105' title='bbox 1639 1494 1651 1508; x_wconf 76' lang='grc' dir='ltr'><strong>ο</strong></span> <span class='ocrx_word' id='word_1_106' title='bbox 1671 1475 1789 1529; x_wconf 73' lang='grc' dir='ltr'><strong>ἀλλ’</strong></span> 
     </span>
    </p>
   </div>
   <div class='ocr_carea' id='block_1_16' title="bbox 204 1561 1792 1634">
    <p class='ocr_par' dir='ltr' id='par_1_16' title="bbox 204 1561 1792 1634">
     <span class='ocr_line' id='line_1_16' title="bbox 204 1561 1792 1634; baseline 0.002 -21"><span class='ocrx_word' id='word_1_107' title='bbox 204 1565 232 1613; x_wconf 84' lang='grc' dir='ltr'>ὁ</span> <span class='ocrx_word' id='word_1_108' title='bbox 258 1561 591 1632; x_wconf 64' lang='grc' dir='ltr'>ἠδικημένος</span> <span class='ocrx_word' id='word_1_109' title='bbox 645 1563 945 1633; x_wconf 77' lang='grc' dir='ltr'>ἐκδίκησιν.</span> <span class='ocrx_word' id='word_1_110' title='bbox 998 1565 1070 1617; x_wconf 79' lang='grc' dir='ltr'>Σὺ</span> <span class='ocrx_word' id='word_1_111' title='bbox 1123 1564 1222 1634; x_wconf 84' lang='grc' dir='ltr'>μὲν</span> <span class='ocrx_word' id='word_1_112' title='bbox 1260 1563 1448 1627; x_wconf 80' lang='grc' dir='ltr'><strong>καλεῖς</strong></span> <span class='ocrx_word' id='word_1_113' title='bbox 1491 1564 1606 1634; x_wconf 73' lang='grc'><strong>(54)</strong></span> <span class='ocrx_word' id='word_1_114' title='bbox 1636 1564 1792 1634; x_wconf 84' lang='grc' dir='ltr'>ὲλεή-</span> 
     </span>
    </p>
   </div>
   <div class='ocr_carea' id='block_1_17' title="bbox 210 1653 1789 1726">
    <p class='ocr_par' dir='ltr' id='par_1_17' title="bbox 210 1653 1789 1726">
     <span class='ocr_line' id='line_1_17' title="bbox 210 1653 1789 1726; baseline 0.003 -23"><span class='ocrx_word' id='word_1_115' title='bbox 210 1670 386 1720; x_wconf 89' lang='grc' dir='ltr'>μονα·</span> <span class='ocrx_word' id='word_1_116' title='bbox 413 1653 538 1718; x_wconf 72' lang='grc' dir='ltr'><strong>⁴ἀλλ’</strong></span> <span class='ocrx_word' id='word_1_117' title='bbox 581 1655 789 1718; x_wconf 79' lang='grc' dir='ltr'>ἐκεῖνος</span> <span class='ocrx_word' id='word_1_118' title='bbox 831 1655 1060 1710; x_wconf 86' lang='grc' dir='ltr'>δίκαιον.</span> <span class='ocrx_word' id='word_1_119' title='bbox 1107 1656 1179 1708; x_wconf 78' lang='grc' dir='ltr'><strong>Σὺ</strong></span> <span class='ocrx_word' id='word_1_120' title='bbox 1224 1655 1556 1726; x_wconf 79' lang='grc' dir='ltr'>συγγνώμην</span> <span class='ocrx_word' id='word_1_121' title='bbox 1598 1655 1789 1718; x_wconf 82' lang='grc' dir='ltr'>αἰτεῖς,</span> 
     </span>
    </p>
   </div>
   <div class='ocr_carea' id='block_1_18' title="bbox 207 1743 1793 1818">
    <p class='ocr_par' dir='ltr' id='par_1_18' title="bbox 207 1743 1793 1818">
     <span class='ocr_line' id='line_1_18' title="bbox 207 1743 1793 1818; baseline 0.001 -22"><span class='ocrx_word' id='word_1_122' title='bbox 207 1744 324 1796; x_wconf 83' lang='grc' dir='ltr'><strong>ἀλλ’</strong></span> <span class='ocrx_word' id='word_1_123' title='bbox 357 1744 570 1807; x_wconf 64' lang='grc' dir='ltr'>ἐκεῖνος</span> <span class='ocrx_word' id='word_1_124' title='bbox 606 1743 681 1815; x_wconf 80' lang='grc' dir='ltr'>μὴ</span> <span class='ocrx_word' id='word_1_125' title='bbox 713 1744 998 1816; x_wconf 82' lang='grc' dir='ltr'>βοηθηθεὶς</span> <span class='ocrx_word' id='word_1_126' title='bbox 1027 1746 1289 1818; x_wconf 77' lang='grc' dir='ltr'>καταόοᾷ.</span> <span class='ocrx_word' id='word_1_127' title='bbox 1321 1746 1538 1800; x_wconf 85' lang='grc' dir='ltr'>Παῦσον</span> <span class='ocrx_word' id='word_1_128' title='bbox 1586 1749 1793 1801; x_wconf 77' lang='grc' dir='ltr'>ἐκεῖνον</span> 
     </span>
    </p>
   </div>
   <div class='ocr_carea' id='block_1_19' title="bbox 115 1832 1792 1908">
    <p class='ocr_par' dir='ltr' id='par_1_19' title="bbox 115 1832 1792 1908">
     <span class='ocr_line' id='line_1_19' title="bbox 115 1832 1792 1908; baseline 0.005 -25"><span class='ocrx_word' id='word_1_129' title='bbox 115 1879 126 1890; x_wconf 79' lang='grc'><em>,</em></span> <span class='ocrx_word' id='word_1_130' title='bbox 207 1832 436 1895; x_wconf 81' lang='grc' dir='ltr'>δικαίως</span> <span class='ocrx_word' id='word_1_131' title='bbox 487 1834 868 1896; x_wconf 77' lang='grc' dir='ltr'>καταϐοῶντα.</span> <span class='ocrx_word' id='word_1_132' title='bbox 898 1836 992 1889; x_wconf 74' lang='grc' dir='ltr'>καὶ</span> <span class='ocrx_word' id='word_1_133' title='bbox 1022 1837 1120 1889; x_wconf 82' lang='grc' dir='ltr'>οὐκ</span> <span class='ocrx_word' id='word_1_134' title='bbox 1160 1837 1489 1908; x_wconf 82' lang='grc' dir='ltr'>ἀμοιρήσεις</span> <span class='ocrx_word' id='word_1_135' title='bbox 1519 1836 1616 1907; x_wconf 83' lang='grc' dir='ltr'>τῆς</span> <span class='ocrx_word' id='word_1_136' title='bbox 1652 1837 1792 1907; x_wconf 78' lang='grc' dir='ltr'><strong>ἐμῆς</strong></span> 
     </span>
    </p>
   </div>
   <div class='ocr_carea' id='block_1_20' title="bbox 1894 643 3474 722">
    <p class='ocr_par' dir='ltr' id='par_1_20' title="bbox 1894 643 3474 722">
     <span class='ocr_line' id='line_1_20' title="bbox 1894 643 3474 722; baseline -0.006 -18"><span class='ocrx_word' id='word_1_137' title='bbox 1894 651 2247 706; x_wconf 83' lang='lat' dir='ltr'><strong>terrestribus</strong></span> <span class='ocrx_word' id='word_1_138' title='bbox 2270 652 2502 722; x_wconf 83' lang='lat' dir='ltr'><strong>gratiam</strong></span> <span class='ocrx_word' id='word_1_139' title='bbox 2532 649 2945 719; x_wconf 74' lang='lat' dir='ltr'><strong>redintegravit,</strong></span> <span class='ocrx_word' id='word_1_140' title='bbox 2977 647 3099 701; x_wconf 84' lang='lat' dir='ltr'><strong>odia</strong></span> <span class='ocrx_word' id='word_1_141' title='bbox 3132 658 3354 716; x_wconf 84' lang='lat' dir='ltr'><strong>quoque</strong></span> <span class='ocrx_word' id='word_1_142' title='bbox 3373 643 3474 696; x_wconf 60' lang='lat' dir='ltr'><strong>hoc</strong></span> 
     </span>
    </p>
   </div>
   <div class='ocr_carea' id='block_1_21' title="bbox 1894 737 3471 812">
    <p class='ocr_par' dir='ltr' id='par_1_21' title="bbox 1894 737 3471 812">
     <span class='ocr_line' id='line_1_21' title="bbox 1894 737 3471 812; baseline -0.003 -18"><span class='ocrx_word' id='word_1_143' title='bbox 1894 744 2098 797; x_wconf 85' lang='lat' dir='ltr'><strong>miuum</strong></span> <span class='ocrx_word' id='word_1_144' title='bbox 2124 745 2385 806; x_wconf 79' lang='lat' dir='ltr'><strong>dissolvit,</strong></span> <span class='ocrx_word' id='word_1_145' title='bbox 2416 757 2593 812; x_wconf 83' lang='lat' dir='ltr'><strong>neque</strong></span> <span class='ocrx_word' id='word_1_146' title='bbox 2638 742 2822 800; x_wconf 74' lang='lat' dir='ltr'><strong>enasci</strong></span> <span class='ocrx_word' id='word_1_147' title='bbox 2881 755 2944 794; x_wconf 85' lang='lat' dir='ltr'><strong>ea</strong></span> <span class='ocrx_word' id='word_1_148' title='bbox 2990 741 3334 809; x_wconf 73' lang='lat' dir='ltr'><strong>permittens,</strong></span> <span class='ocrx_word' id='word_1_149' title='bbox 3368 737 3471 791; x_wconf 89' lang='lat' dir='ltr'><strong>etsi</strong></span> 
     </span>
    </p>
   </div>
   <div class='ocr_carea' id='block_1_22' title="bbox 1894 829 3477 904">
    <p class='ocr_par' dir='ltr' id='par_1_22' title="bbox 1894 829 3477 904">
     <span class='ocr_line' id='line_1_22' title="bbox 1894 829 3477 904; baseline -0.003 -19"><span class='ocrx_word' id='word_1_150' title='bbox 1894 834 2035 887; x_wconf 88' lang='lat' dir='ltr'><strong>forte</strong></span> <span class='ocrx_word' id='word_1_151' title='bbox 2063 835 2514 904; x_wconf 84' lang='lat' dir='ltr'><strong>germinaverint,</strong></span> <span class='ocrx_word' id='word_1_152' title='bbox 2546 833 2807 888; x_wconf 84' lang='lat' dir='ltr'><strong>radicitus</strong></span> <span class='ocrx_word' id='word_1_153' title='bbox 2826 831 2923 885; x_wconf 84' lang='lat' dir='ltr'><strong>illa</strong></span> <span class='ocrx_word' id='word_1_154' title='bbox 2958 829 3280 885; x_wconf 90' lang='lat' dir='ltr'><strong>concutiens</strong></span> <span class='ocrx_word' id='word_1_155' title='bbox 3312 836 3477 896; x_wconf 86' lang='lat' dir='ltr'><strong>atque</strong></span> 
     </span>
    </p>
   </div>
   <div class='ocr_carea' id='block_1_23' title="bbox 1892 919 3477 979">
    <p class='ocr_par' dir='ltr' id='par_1_23' title="bbox 1892 919 3477 979">
     <span class='ocr_line' id='line_1_23' title="bbox 1892 919 3477 979; baseline -0.004 -3"><span class='ocrx_word' id='word_1_156' title='bbox 1892 924 2147 979; x_wconf 88' lang='lat' dir='ltr'><strong>evellens.</strong></span> <span class='ocrx_word' id='word_1_157' title='bbox 2179 925 2266 976; x_wconf 79' lang='lat' dir='ltr'><strong>Ait</strong></span> <span class='ocrx_word' id='word_1_158' title='bbox 2296 924 2440 976; x_wconf 90' lang='lat' dir='ltr'><strong>enim</strong></span> <span class='ocrx_word' id='word_1_159' title='bbox 2477 941 2491 976; x_wconf 92' lang='lat'><strong>:</strong></span> <span class='ocrx_word' id='word_1_160' title='bbox 2531 941 2550 976; x_wconf 82' lang='grc' dir='ltr'>ι</span> <span class='ocrx_word' id='word_1_161' title='bbox 2589 922 2706 977; x_wconf 82' lang='lat' dir='ltr'><strong>Noli</strong></span> <span class='ocrx_word' id='word_1_162' title='bbox 2759 921 2921 976; x_wconf 81' lang='lat' dir='ltr'><strong>irasci</strong></span> <span class='ocrx_word' id='word_1_163' title='bbox 2964 919 3124 973; x_wconf 83' lang='lat' dir='ltr'><strong>fratri</strong></span> <span class='ocrx_word' id='word_1_164' title='bbox 3151 928 3245 972; x_wconf 89' lang='lat' dir='ltr'><strong>tuo</strong></span> <span class='ocrx_word' id='word_1_165' title='bbox 3305 925 3477 971; x_wconf 83' lang='lat' dir='ltr'><strong>teme-</strong></span> 
     </span>
    </p>
   </div>
   <div class='ocr_carea' id='block_1_24' title="bbox 1895 1010 3476 1085">
    <p class='ocr_par' dir='ltr' id='par_1_24' title="bbox 1895 1010 3476 1085">
     <span class='ocr_line' id='line_1_24' title="bbox 1895 1010 3476 1085; baseline -0.003 -18"><span class='ocrx_word' id='word_1_166' title='bbox 1895 1028 1954 1069; x_wconf 88' lang='lat' dir='ltr'><strong>re</strong></span> <span class='ocrx_word' id='word_1_167' title='bbox 1977 1015 2067 1069; x_wconf 76' lang='grc' dir='ltr'><strong>η’.</strong></span> <span class='ocrx_word' id='word_1_168' title='bbox 2109 1032 2128 1066; x_wconf 75' lang='grc' dir='ltr'>ι</span> <span class='ocrx_word' id='word_1_169' title='bbox 2153 1013 2294 1082; x_wconf 81' lang='lat' dir='ltr'><strong>Quia</strong></span> <span class='ocrx_word' id='word_1_170' title='bbox 2321 1029 2450 1068; x_wconf 79' lang='lat' dir='ltr'><strong>vero</strong></span> <span class='ocrx_word' id='word_1_171' title='bbox 2478 1014 2647 1082; x_wconf 84' lang='lat' dir='ltr'><strong>probe</strong></span> <span class='ocrx_word' id='word_1_172' title='bbox 2667 1014 2944 1085; x_wconf 88' lang='lat' dir='ltr'><strong>cognitam</strong></span> <span class='ocrx_word' id='word_1_173' title='bbox 2966 1010 3127 1066; x_wconf 81' lang='lat' dir='ltr'><strong>habet</strong></span> <span class='ocrx_word' id='word_1_174' title='bbox 3185 1011 3476 1064; x_wconf 86' lang='lat' dir='ltr'><strong>humanam</strong></span> 
     </span>
    </p>
   </div>
   <div class='ocr_carea' id='block_1_25' title="bbox 1897 1097 3467 1175">
    <p class='ocr_par' dir='ltr' id='par_1_25' title="bbox 1897 1097 3467 1175">
     <span class='ocr_line' id='line_1_25' title="bbox 1897 1097 3467 1175; baseline -0.004 -17"><span class='ocrx_word' id='word_1_175' title='bbox 1897 1104 2291 1168; x_wconf 73' lang='lat' dir='ltr'><strong>inﬁrmitatem,</strong></span> <span class='ocrx_word' id='word_1_176' title='bbox 2319 1120 2439 1175; x_wconf 74' lang='lat' dir='ltr'><strong>qua!</strong></span> <span class='ocrx_word' id='word_1_177' title='bbox 2464 1104 2565 1160; x_wconf 93' lang='lat' dir='ltr'><strong>levi</strong></span> <span class='ocrx_word' id='word_1_178' title='bbox 2595 1114 2871 1160; x_wconf 80' lang='lat' dir='ltr'><strong>tuoineuto</strong></span> <span class='ocrx_word' id='word_1_179' title='bbox 2898 1105 2965 1157; x_wconf 88' lang='lat' dir='ltr'><strong>ad</strong></span> <span class='ocrx_word' id='word_1_180' title='bbox 2990 1103 3196 1173; x_wconf 86' lang='lat' dir='ltr'><strong>lapsum</strong></span> <span class='ocrx_word' id='word_1_181' title='bbox 3228 1097 3467 1168; x_wconf 88' lang='lat' dir='ltr'><strong>impelli-</strong></span> 
     </span>
    </p>
   </div>
   <div class='ocr_carea' id='block_1_26' title="bbox 1897 1188 3470 1258">
    <p class='ocr_par' dir='ltr' id='par_1_26' title="bbox 1897 1188 3470 1258">
     <span class='ocr_line' id='line_1_26' title="bbox 1897 1188 3470 1258; baseline -0.004 -10"><span class='ocrx_word' id='word_1_182' title='bbox 1897 1203 2005 1258; x_wconf 90' lang='lat' dir='ltr'><strong>tur,</strong></span> <span class='ocrx_word' id='word_1_183' title='bbox 2033 1194 2196 1247; x_wconf 85' lang='lat' dir='ltr'><strong>etiam</strong></span> <span class='ocrx_word' id='word_1_184' title='bbox 2222 1194 2428 1249; x_wconf 78' lang='lat' dir='ltr'><strong>exortis</strong></span> <span class='ocrx_word' id='word_1_185' title='bbox 2453 1194 2757 1249; x_wconf 90' lang='lat' dir='ltr'><strong>inimicitiis</strong></span> <span class='ocrx_word' id='word_1_186' title='bbox 2791 1190 3042 1248; x_wconf 81' lang='lat' dir='ltr'><strong>dissolvit</strong></span> <span class='ocrx_word' id='word_1_187' title='bbox 3099 1205 3286 1245; x_wconf 85' lang='lat' dir='ltr'><strong>earum</strong></span> <span class='ocrx_word' id='word_1_188' title='bbox 3320 1188 3470 1243; x_wconf 89' lang='lat' dir='ltr'><strong>radi-</strong></span> 
     </span>
    </p>
   </div>
   <div class='ocr_carea' id='block_1_27' title="bbox 1893 1283 3480 1354">
    <p class='ocr_par' dir='ltr' id='par_1_27' title="bbox 1893 1283 3480 1354">
     <span class='ocr_line' id='line_1_27' title="bbox 1893 1283 3480 1354; baseline -0.002 -15"><span class='ocrx_word' id='word_1_189' title='bbox 1893 1298 2008 1349; x_wconf 90' lang='lat' dir='ltr'><strong>ces,</strong></span> <span class='ocrx_word' id='word_1_190' title='bbox 2037 1285 2280 1354; x_wconf 88' lang='lat' dir='ltr'><strong>adeoque</strong></span> <span class='ocrx_word' id='word_1_191' title='bbox 2299 1286 2576 1354; x_wconf 85' lang='lat' dir='ltr'><strong>proprium</strong></span> <span class='ocrx_word' id='word_1_192' title='bbox 2605 1300 2802 1340; x_wconf 86' lang='lat' dir='ltr'><strong>munus</strong></span> <span class='ocrx_word' id='word_1_193' title='bbox 2849 1283 3227 1354; x_wconf 82' lang='lat' dir='ltr'><strong>imperfectum</strong></span> <span class='ocrx_word' id='word_1_194' title='bbox 3255 1294 3480 1336; x_wconf 84' lang='lat' dir='ltr'><strong>manere</strong></span> 
     </span>
    </p>
   </div>
   <div class='ocr_carea' id='block_1_28' title="bbox 1896 1373 3480 1446">
    <p class='ocr_par' dir='ltr' id='par_1_28' title="bbox 1896 1373 3480 1446">
     <span class='ocr_line' id='line_1_28' title="bbox 1896 1373 3480 1446; baseline -0.001 -18"><span class='ocrx_word' id='word_1_195' title='bbox 1896 1389 2051 1442; x_wconf 61' lang='lat' dir='ltr'><strong>a&#39;quo</strong></span> <span class='ocrx_word' id='word_1_196' title='bbox 2077 1376 2258 1430; x_wconf 88' lang='lat' dir='ltr'><strong>animo</strong></span> <span class='ocrx_word' id='word_1_197' title='bbox 2285 1379 2408 1441; x_wconf 89' lang='lat' dir='ltr'><strong>fert,</strong></span> <span class='ocrx_word' id='word_1_198' title='bbox 2437 1376 2616 1444; x_wconf 81' lang='lat' dir='ltr'><strong>quoad</strong></span> <span class='ocrx_word' id='word_1_199' title='bbox 2650 1391 2820 1446; x_wconf 86' lang='lat' dir='ltr'><strong>usque</strong></span> <span class='ocrx_word' id='word_1_200' title='bbox 2845 1377 2990 1430; x_wconf 80' lang='lat' dir='ltr'><strong>inter</strong></span> <span class='ocrx_word' id='word_1_201' title='bbox 3019 1388 3120 1429; x_wconf 90' lang='lat' dir='ltr'><strong>nos</strong></span> <span class='ocrx_word' id='word_1_202' title='bbox 3152 1373 3208 1428; x_wconf 87' lang='lat' dir='ltr'><strong>in</strong></span> <span class='ocrx_word' id='word_1_203' title='bbox 3246 1386 3480 1427; x_wconf 84' lang='lat' dir='ltr'><strong>concor-</strong></span> 
     </span>
    </p>
   </div>
   <div class='ocr_carea' id='block_1_29' title="bbox 1901 1462 3480 1534">
    <p class='ocr_par' dir='ltr' id='par_1_29' title="bbox 1901 1462 3480 1534">
     <span class='ocr_line' id='line_1_29' title="bbox 1901 1462 3480 1534; baseline -0.001 -18"><span class='ocrx_word' id='word_1_204' title='bbox 1901 1465 2044 1519; x_wconf 86' lang='lat' dir='ltr'><strong>diam</strong></span> <span class='ocrx_word' id='word_1_205' title='bbox 2082 1468 2389 1520; x_wconf 83' lang='lat' dir='ltr'><strong>redeamus.</strong></span> <span class='ocrx_word' id='word_1_206' title='bbox 2424 1466 2558 1520; x_wconf 89' lang='lat' dir='ltr'><strong>Cum</strong></span> <span class='ocrx_word' id='word_1_207' title='bbox 2611 1465 2776 1534; x_wconf 82' lang='lat' dir='ltr'><strong>igitur</strong></span> <span class='ocrx_word' id='word_1_208' title='bbox 2820 1465 2872 1520; x_wconf 90' lang='lat' dir='ltr'><strong>id</strong></span> <span class='ocrx_word' id='word_1_209' title='bbox 2912 1463 3056 1533; x_wconf 90' lang='lat' dir='ltr'><strong>quod</strong></span> <span class='ocrx_word' id='word_1_210' title='bbox 3116 1462 3322 1517; x_wconf 88' lang='lat' dir='ltr'><strong>dictum</strong></span> <span class='ocrx_word' id='word_1_211' title='bbox 3377 1470 3480 1525; x_wconf 87' lang='lat' dir='ltr'><strong>est,</strong></span> 
     </span>
    </p>
   </div>
   <div class='ocr_carea' id='block_1_30' title="bbox 1901 1556 3484 1625">
    <p class='ocr_par' dir='ltr' id='par_1_30' title="bbox 1901 1556 3484 1625">
     <span class='ocr_line' id='line_1_30' title="bbox 1901 1556 3484 1625; baseline -0.001 -15"><span class='ocrx_word' id='word_1_212' title='bbox 1901 1571 2168 1610; x_wconf 83' lang='lat' dir='ltr'><strong>summam</strong></span> <span class='ocrx_word' id='word_1_213' title='bbox 2228 1557 2280 1610; x_wconf 93' lang='lat' dir='ltr'><strong>in</strong></span> <span class='ocrx_word' id='word_1_214' title='bbox 2345 1571 2403 1611; x_wconf 83' lang='lat' dir='ltr'><strong>se</strong></span> <span class='ocrx_word' id='word_1_215' title='bbox 2463 1557 2860 1611; x_wconf 77' lang='lat' dir='ltr'><strong>humanitatem</strong></span> <span class='ocrx_word' id='word_1_216' title='bbox 2896 1556 3337 1625; x_wconf 84' lang='lat' dir='ltr'><strong>complectatur:</strong></span> <span class='ocrx_word' id='word_1_217' title='bbox 3373 1565 3484 1608; x_wconf 90' lang='lat' dir='ltr'><strong>tum</strong></span> 
     </span>
    </p>
   </div>
   <div class='ocr_carea' id='block_1_31' title="bbox 1900 1648 3486 1718">
    <p class='ocr_par' dir='ltr' id='par_1_31' title="bbox 1900 1648 3486 1718">
     <span class='ocr_line' id='line_1_31' title="bbox 1900 1648 3486 1718; baseline -0.003 -14"><span class='ocrx_word' id='word_1_218' title='bbox 1900 1649 2062 1704; x_wconf 85' lang='lat' dir='ltr'><strong>etiam</strong></span> <span class='ocrx_word' id='word_1_219' title='bbox 2093 1649 2462 1717; x_wconf 82' lang='lat' dir='ltr'><strong>rationejusta</strong></span> <span class='ocrx_word' id='word_1_220' title='bbox 2494 1665 2600 1704; x_wconf 92' lang='lat' dir='ltr'><strong>nou</strong></span> <span class='ocrx_word' id='word_1_221' title='bbox 2634 1649 2968 1704; x_wconf 82' lang='lat' dir='ltr'><strong>destituitur.</strong></span> <span class='ocrx_word' id='word_1_222' title='bbox 2995 1649 3129 1703; x_wconf 82' lang='lat' dir='ltr'><strong>Nam</strong></span> <span class='ocrx_word' id='word_1_223' title='bbox 3155 1659 3208 1702; x_wconf 92' lang='lat' dir='ltr'><strong>tu</strong></span> <span class='ocrx_word' id='word_1_224' title='bbox 3243 1648 3486 1718; x_wconf 83' lang='lat' dir='ltr'><strong>quidem,</strong></span> 
     </span>
    </p>
   </div>
   <div class='ocr_carea' id='block_1_32' title="bbox 1901 1740 3489 1809">
    <p class='ocr_par' dir='ltr' id='par_1_32' title="bbox 1901 1740 3489 1809">
     <span class='ocr_line' id='line_1_32' title="bbox 1901 1740 3489 1809; baseline -0.001 -16"><span class='ocrx_word' id='word_1_225' title='bbox 1901 1741 2098 1808; x_wconf 89' lang='lat' dir='ltr'><strong>inquit,</strong></span> <span class='ocrx_word' id='word_1_226' title='bbox 2119 1740 2507 1794; x_wconf 88' lang='lat' dir='ltr'><strong>humanitatem</strong></span> <span class='ocrx_word' id='word_1_227' title='bbox 2534 1740 3032 1809; x_wconf 81' lang='lat' dir='ltr'><strong>benignitatemque</strong></span> <span class='ocrx_word' id='word_1_228' title='bbox 3061 1743 3201 1809; x_wconf 83' lang='lat' dir='ltr'><strong>apud</strong></span> <span class='ocrx_word' id='word_1_229' title='bbox 3235 1752 3320 1792; x_wconf 88' lang='lat' dir='ltr'><strong>me</strong></span> <span class='ocrx_word' id='word_1_230' title='bbox 3336 1751 3489 1807; x_wconf 75' lang='lat' dir='ltr'><strong>quae-</strong></span> 
     </span>
    </p>
   </div>
   <div class='ocr_carea' id='block_1_33' title="bbox 1903 1827 3489 1899">
    <p class='ocr_par' dir='ltr' id='par_1_33' title="bbox 1903 1827 3489 1899">
     <span class='ocr_line' id='line_1_33' title="bbox 1903 1827 3489 1899; baseline -0.004 -14"><span class='ocrx_word' id='word_1_231' title='bbox 1903 1831 2010 1894; x_wconf 84' lang='lat' dir='ltr'><strong>ris;</strong></span> <span class='ocrx_word' id='word_1_232' title='bbox 2047 1839 2100 1884; x_wconf 90' lang='lat' dir='ltr'><strong>at</strong></span> <span class='ocrx_word' id='word_1_233' title='bbox 2132 1833 2178 1884; x_wconf 87' lang='lat' dir='ltr'><strong>is</strong></span> <span class='ocrx_word' id='word_1_234' title='bbox 2213 1831 2303 1899; x_wconf 92' lang='lat' dir='ltr'><strong>qui</strong></span> <span class='ocrx_word' id='word_1_235' title='bbox 2334 1833 2432 1884; x_wconf 88' lang='lat' dir='ltr'><strong>abs</strong></span> <span class='ocrx_word' id='word_1_236' title='bbox 2467 1842 2518 1884; x_wconf 88' lang='lat' dir='ltr'><strong>te</strong></span> <span class='ocrx_word' id='word_1_237' title='bbox 2570 1829 2767 1898; x_wconf 85' lang='lat' dir='ltr'><strong>injuria</strong></span> <span class='ocrx_word' id='word_1_238' title='bbox 2821 1827 3052 1885; x_wconf 74' lang='lat' dir='ltr'><strong>aﬂ‘ectus</strong></span> <span class='ocrx_word' id='word_1_239' title='bbox 3098 1838 3203 1892; x_wconf 86' lang='lat' dir='ltr'><strong>est,</strong></span> <span class='ocrx_word' id='word_1_240' title='bbox 3227 1829 3489 1882; x_wconf 89' lang='lat' dir='ltr'><strong>ultionem</strong></span> 
     </span>
    </p>
   </div>
   <div class='ocr_carea' id='block_1_34' title="bbox 210 1915 1826 1998">
    <p class='ocr_par' dir='ltr' id='par_1_34' title="bbox 210 1924 1790 1998">
     <span class='ocr_line' id='line_1_34' title="bbox 210 1924 1790 1998; baseline 0.005 -24"><span class='ocrx_word' id='word_1_241' title='bbox 210 1924 503 1993; x_wconf 71' lang='grc' dir='ltr'>εὐμενείας</span> <span class='ocrx_word' id='word_1_242' title='bbox 523 1941 536 1956; x_wconf 78' lang='grc'><strong><em>⁸</em></strong></span> <span class='ocrx_word' id='word_1_243' title='bbox 560 1924 844 1993; x_wconf 80' lang='grc' dir='ltr'>διάλλαεον</span> <span class='ocrx_word' id='word_1_244' title='bbox 863 1927 1044 1996; x_wconf 86' lang='grc' dir='ltr'>σαυτῷ</span> <span class='ocrx_word' id='word_1_245' title='bbox 1065 1926 1156 1980; x_wconf 81' lang='grc' dir='ltr'>τὸν</span> <span class='ocrx_word' id='word_1_246' title='bbox 1182 1926 1528 1998; x_wconf 82' lang='grc' dir='ltr'>ἀδικηθέντα,</span> <span class='ocrx_word' id='word_1_247' title='bbox 1563 1931 1657 1982; x_wconf 77' lang='grc' dir='ltr'><strong>καὶ</strong></span> <span class='ocrx_word' id='word_1_248' title='bbox 1670 1929 1790 1982; x_wconf 89' lang='grc' dir='ltr'>τότε</span> 
     </span>
    </p>
   </div>
   <div class='ocr_carea' id='block_1_35' title="bbox 1912 1915 3488 1998">
    <p class='ocr_par' dir='ltr' id='par_1_35' title="bbox 1912 1915 3488 1991">
     <span class='ocr_line' id='line_1_35' title="bbox 1912 1915 3488 1991; baseline -0.003 -17"><span class='ocrx_word' id='word_1_249' title='bbox 1912 1921 2089 1991; x_wconf 69' lang='lat' dir='ltr'><strong>poscit.</strong></span> <span class='ocrx_word' id='word_1_250' title='bbox 2122 1920 2202 1974; x_wconf 91' lang='lat' dir='ltr'><strong>&#39;l‘u</strong></span> <span class='ocrx_word' id='word_1_251' title='bbox 2227 1921 2445 1989; x_wconf 85' lang='lat' dir='ltr'><strong>quidem</strong></span> <span class='ocrx_word' id='word_1_252' title='bbox 2495 1917 2906 1974; x_wconf 85' lang='lat' dir='ltr'><strong>misericordem</strong></span> <span class='ocrx_word' id='word_1_253' title='bbox 2937 1932 3023 1971; x_wconf 86' lang='lat' dir='ltr'><strong>me</strong></span> <span class='ocrx_word' id='word_1_254' title='bbox 3054 1931 3218 1972; x_wconf 81' lang='lat' dir='ltr'><strong>vocas</strong></span> <span class='ocrx_word' id='word_1_255' title='bbox 3255 1934 3268 1971; x_wconf 91' lang='lat'>:</span> <span class='ocrx_word' id='word_1_256' title='bbox 3307 1924 3363 1968; x_wconf 88' lang='lat' dir='ltr'><strong>at</strong></span> <span class='ocrx_word' id='word_1_257' title='bbox 3393 1915 3488 1970; x_wconf 85' lang='lat' dir='ltr'><strong>ille</strong></span> 
     </span>
    </p>
   </div>
   <div class='ocr_carea' id='block_1_36' title="bbox 212 2013 1799 2086">
    <p class='ocr_par' dir='ltr' id='par_1_36' title="bbox 212 2013 1799 2086">
     <span class='ocr_line' id='line_1_36' title="bbox 212 2013 1799 2086; baseline 0.003 -22"><span class='ocrx_word' id='word_1_258' title='bbox 212 2013 317 2082; x_wconf 74' lang='grc' dir='ltr'><strong>ἐμὲ</strong></span> <span class='ocrx_word' id='word_1_259' title='bbox 386 2013 749 2084; x_wconf 84' lang='grc' dir='ltr'>διαλλαγῆναί</span> <span class='ocrx_word' id='word_1_260' title='bbox 795 2033 879 2068; x_wconf 89' lang='grc' dir='ltr'>σοι</span> <span class='ocrx_word' id='word_1_261' title='bbox 940 2015 1311 2084; x_wconf 79' lang='grc' dir='ltr'>ἁντιϐόλησον.</span> <span class='ocrx_word' id='word_1_262' title='bbox 1361 2017 1438 2068; x_wconf 83' lang='grc' dir='ltr'><strong>Οὐ</strong></span> <span class='ocrx_word' id='word_1_263' title='bbox 1498 2017 1799 2086; x_wconf 82' lang='grc' dir='ltr'>πιπράσκω</span> 
     </span>
    </p>
   </div>
   <div class='ocr_carea' id='block_1_37' title="bbox 212 2102 1801 2176">
    <p class='ocr_par' dir='ltr' id='par_1_37' title="bbox 212 2102 1801 2176">
     <span class='ocr_line' id='line_1_37' title="bbox 212 2102 1801 2176; baseline 0.003 -22"><span class='ocrx_word' id='word_1_264' title='bbox 212 2102 374 2174; x_wconf 77' lang='grc' dir='ltr'>δώρῳ</span> <span class='ocrx_word' id='word_1_265' title='bbox 423 2102 714 2176; x_wconf 79' lang='grc' dir='ltr'>ἀλλοτρίας</span> <span class='ocrx_word' id='word_1_266' title='bbox 744 2105 1080 2175; x_wconf 78' lang='grc' dir='ltr'><strong>ἐκδικήσεως</strong></span> <span class='ocrx_word' id='word_1_267' title='bbox 1127 2105 1352 2159; x_wconf 79' lang='grc' dir='ltr'>δίκαιον.</span> <span class='ocrx_word' id='word_1_268' title='bbox 1382 2107 1456 2159; x_wconf 80' lang='grc' dir='ltr'><strong>Οὐ</strong></span> <span class='ocrx_word' id='word_1_269' title='bbox 1500 2107 1706 2160; x_wconf 87' lang='grc' dir='ltr'>νοθεύω</span> <span class='ocrx_word' id='word_1_270' title='bbox 1739 2107 1801 2159; x_wconf 80' lang='grc' dir='ltr'>τὸ</span> 
     </span>
    </p>
   </div>
   <div class='ocr_carea' id='block_1_38' title="bbox 214 2194 1802 2269">
    <p class='ocr_par' dir='ltr' id='par_1_38' title="bbox 214 2194 1802 2269">
     <span class='ocr_line' id='line_1_38' title="bbox 214 2194 1802 2269; baseline 0.003 -23"><span class='ocrx_word' id='word_1_271' title='bbox 214 2194 520 2247; x_wconf 77' lang='grc' dir='ltr'>ἀδέκαστον</span> <span class='ocrx_word' id='word_1_272' title='bbox 571 2196 854 2266; x_wconf 79' lang='grc' dir='ltr'><strong>κριτήριον</strong></span> <span class='ocrx_word' id='word_1_273' title='bbox 899 2195 1053 2263; x_wconf 85' lang='grc'><strong>(55)·</strong></span> <span class='ocrx_word' id='word_1_274' title='bbox 1104 2196 1165 2249; x_wconf 85' lang='grc' dir='ltr'>οὐ</span> <span class='ocrx_word' id='word_1_275' title='bbox 1216 2197 1550 2268; x_wconf 80' lang='grc' dir='ltr'>μεταδίδωμί</span> <span class='ocrx_word' id='word_1_276' title='bbox 1605 2197 1802 2269; x_wconf 88' lang='grc' dir='ltr'>σοιτῴ</span> 
     </span>
    </p>
   </div>
   <div class='ocr_carea' id='block_1_39' title="bbox 215 2281 1807 2358">
    <p class='ocr_par' dir='ltr' id='par_1_39' title="bbox 215 2281 1807 2358">
     <span class='ocr_line' id='line_1_39' title="bbox 215 2281 1807 2358; baseline 0.003 -24"><span class='ocrx_word' id='word_1_277' title='bbox 215 2281 543 2351; x_wconf 78' lang='grc' dir='ltr'>ἀδικήσαντι</span> <span class='ocrx_word' id='word_1_278' title='bbox 582 2285 680 2354; x_wconf 83' lang='grc' dir='ltr'>τῆς</span> <span class='ocrx_word' id='word_1_279' title='bbox 732 2283 846 2354; x_wconf 83' lang='grc'><strong>(56)</strong></span> <span class='ocrx_word' id='word_1_280' title='bbox 877 2285 1184 2354; x_wconf 83' lang='grc' dir='ltr'>εὐμενείας,</span> <span class='ocrx_word' id='word_1_281' title='bbox 1214 2285 1318 2350; x_wconf 75' lang='grc' dir='ltr'>ἕως</span> <span class='ocrx_word' id='word_1_282' title='bbox 1370 2285 1437 2340; x_wconf 84' lang='grc' dir='ltr'>ἂν</span> <span class='ocrx_word' id='word_1_283' title='bbox 1465 2289 1494 2341; x_wconf 83' lang='grc' dir='ltr'>ὁ</span> <span class='ocrx_word' id='word_1_284' title='bbox 1525 2286 1807 2358; x_wconf 73' lang='grc' dir='ltr'>ἀδικηθεὶς</span> 
     </span>
    </p>
   </div>
   <div class='ocr_carea' id='block_1_40' title="bbox 215 2370 1801 2449">
    <p class='ocr_par' dir='ltr' id='par_1_40' title="bbox 215 2370 1801 2449">
     <span class='ocr_line' id='line_1_40' title="bbox 215 2370 1801 2449; baseline 0.006 -27"><span class='ocrx_word' id='word_1_285' title='bbox 215 2370 593 2443; x_wconf 60' lang='grc' dir='ltr'>ὀλοῳύρηταυ</span> <span class='ocrx_word' id='word_1_286' title='bbox 643 2374 820 2427; x_wconf 73' lang='grc' dir='ltr'>ἐκεῖνό</span> <span class='ocrx_word' id='word_1_287' title='bbox 876 2392 958 2428; x_wconf 86' lang='grc' dir='ltr'><strong>σοι</strong></span> <span class='ocrx_word' id='word_1_288' title='bbox 1013 2375 1324 2446; x_wconf 83' lang='grc' dir='ltr'>δωροῦμαι,</span> <span class='ocrx_word' id='word_1_289' title='bbox 1370 2377 1432 2430; x_wconf 85' lang='grc' dir='ltr'>οὐ</span> <span class='ocrx_word' id='word_1_290' title='bbox 1481 2379 1677 2449; x_wconf 88' lang='grc' dir='ltr'>μικρὸν</span> <span class='ocrx_word' id='word_1_291' title='bbox 1720 2380 1801 2444; x_wconf 81' lang='grc' dir='ltr'>δν,</span> 
     </span>
    </p>
   </div>
   <div class='ocr_carea' id='block_1_41' title="bbox 216 2464 1804 2540">
    <p class='ocr_par' dir='ltr' id='par_1_41' title="bbox 216 2464 1804 2540">
     <span class='ocr_line' id='line_1_41' title="bbox 216 2464 1804 2540; baseline 0.005 -24"><span class='ocrx_word' id='word_1_292' title='bbox 216 2464 354 2517; x_wconf 77' lang='grc' dir='ltr'><strong>ἀλλὰ</strong></span> <span class='ocrx_word' id='word_1_293' title='bbox 393 2465 488 2516; x_wconf 76' lang='grc' dir='ltr'>καὶ</span> <span class='ocrx_word' id='word_1_294' title='bbox 525 2466 718 2537; x_wconf 84' lang='grc' dir='ltr'>κομιδῇ</span> <span class='ocrx_word' id='word_1_295' title='bbox 753 2465 1010 2536; x_wconf 83' lang='grc' dir='ltr'>μέγιστον</span> <span class='ocrx_word' id='word_1_296' title='bbox 1033 2484 1046 2497; x_wconf 86' lang='grc'>·</span> <span class='ocrx_word' id='word_1_297' title='bbox 1079 2468 1412 2539; x_wconf 84' lang='grc' dir='ltr'>ὑπερτίθημι</span> <span class='ocrx_word' id='word_1_298' title='bbox 1439 2469 1538 2540; x_wconf 80' lang='grc' dir='ltr'><strong>τὴν</strong></span> <span class='ocrx_word' id='word_1_299' title='bbox 1571 2471 1804 2538; x_wconf 80' lang='grc' dir='ltr'>διάγνω-</span> 
     </span>
    </p>
   </div>
   <div class='ocr_carea' id='block_1_42' title="bbox 220 2557 1806 2634">
    <p class='ocr_par' dir='ltr' id='par_1_42' title="bbox 220 2557 1806 2634">
     <span class='ocr_line' id='line_1_42' title="bbox 220 2557 1806 2634; baseline 0.006 -27"><span class='ocrx_word' id='word_1_300' title='bbox 220 2571 342 2609; x_wconf 90' lang='grc' dir='ltr'>σιν·</span> <span class='ocrx_word' id='word_1_301' title='bbox 384 2557 487 2609; x_wconf 79' lang='grc' dir='ltr'>οὐκ</span> <span class='ocrx_word' id='word_1_302' title='bbox 519 2557 738 2628; x_wconf 75' lang='grc' dir='ltr'>ἐκφέρω</span> <span class='ocrx_word' id='word_1_303' title='bbox 767 2559 930 2622; x_wconf 80' lang='grc' dir='ltr'>εὐθὺς</span> <span class='ocrx_word' id='word_1_304' title='bbox 961 2559 1222 2628; x_wconf 82' lang='grc' dir='ltr'>αὐτοτελῆ</span> <span class='ocrx_word' id='word_1_305' title='bbox 1256 2561 1552 2630; x_wconf 80' lang='grc' dir='ltr'>ἀπόφασιν.</span> <span class='ocrx_word' id='word_1_306' title='bbox 1603 2563 1806 2634; x_wconf 89' lang='grc' dir='ltr'>Δίδωμί</span> 
     </span>
    </p>
   </div>
   <div class='ocr_carea' id='block_1_43' title="bbox 221 2647 1474 2719">
    <p class='ocr_par' dir='ltr' id='par_1_43' title="bbox 221 2647 1474 2719">
     <span class='ocr_line' id='line_1_43' title="bbox 221 2647 1474 2719; baseline 0.006 -22"><span class='ocrx_word' id='word_1_307' title='bbox 221 2659 308 2698; x_wconf 80' lang='grc' dir='ltr'>σοι</span> <span class='ocrx_word' id='word_1_308' title='bbox 339 2647 534 2718; x_wconf 79' lang='grc' dir='ltr'>καιρὸν</span> <span class='ocrx_word' id='word_1_309' title='bbox 565 2647 1008 2718; x_wconf 81' lang='grc' dir='ltr'>ἀπολογήσασθαι</span> <span class='ocrx_word' id='word_1_310' title='bbox 1038 2647 1118 2718; x_wconf 85' lang='grc' dir='ltr'><strong>τῷ</strong></span> <span class='ocrx_word' id='word_1_311' title='bbox 1141 2649 1474 2719; x_wconf 84' lang='grc' dir='ltr'><strong>ἀδικηθέντι.</strong></span> 
     </span>
    </p>
   </div>
   <div class='ocr_carea' id='block_1_44' title="bbox 1902 2006 3485 2084">
    <p class='ocr_par' dir='ltr' id='par_1_44' title="bbox 1902 2006 3485 2084">
     <span class='ocr_line' id='line_1_44' title="bbox 1902 2006 3485 2084; baseline -0.004 -18"><span class='ocrx_word' id='word_1_312' title='bbox 1902 2015 2127 2084; x_wconf 81' lang='lat' dir='ltr'><strong>justum.</strong></span> <span class='ocrx_word' id='word_1_313' title='bbox 2165 2010 2245 2066; x_wconf 87' lang='lat' dir='ltr'><strong>Tu</strong></span> <span class='ocrx_word' id='word_1_314' title='bbox 2285 2012 2494 2066; x_wconf 81' lang='lat' dir='ltr'><strong>veniam</strong></span> <span class='ocrx_word' id='word_1_315' title='bbox 2525 2010 2768 2080; x_wconf 76' lang='lat' dir='ltr'><strong>postulas</strong></span> <span class='ocrx_word' id='word_1_316' title='bbox 2805 2025 2819 2063; x_wconf 92' lang='lat'><strong>:</strong></span> <span class='ocrx_word' id='word_1_317' title='bbox 2855 2016 2910 2062; x_wconf 89' lang='lat' dir='ltr'><strong>at</strong></span> <span class='ocrx_word' id='word_1_318' title='bbox 2933 2008 3023 2062; x_wconf 84' lang='lat' dir='ltr'><strong>ille</strong></span> <span class='ocrx_word' id='word_1_319' title='bbox 3058 2009 3299 2064; x_wconf 80' lang='lat' dir='ltr'><strong>nandum</strong></span> <span class='ocrx_word' id='word_1_320' title='bbox 3331 2006 3485 2076; x_wconf 84' lang='lat' dir='ltr'><strong>adju-</strong></span> 
     </span>
    </p>
   </div>
   <div class='ocr_carea' id='block_1_45' title="bbox 1910 2097 3495 2173">
    <p class='ocr_par' dir='ltr' id='par_1_45' title="bbox 1910 2097 3495 2173">
     <span class='ocr_line' id='line_1_45' title="bbox 1910 2097 3495 2173; baseline -0.004 -15"><span class='ocrx_word' id='word_1_321' title='bbox 1910 2117 1996 2161; x_wconf 86' lang='lat' dir='ltr'><strong>tus</strong></span> <span class='ocrx_word' id='word_1_322' title='bbox 2024 2107 2305 2159; x_wconf 79' lang='lat' dir='ltr'><strong>reclamat.</strong></span> <span class='ocrx_word' id='word_1_323' title='bbox 2334 2103 2652 2173; x_wconf 88' lang='lat' dir='ltr'><strong>Tranquilla</strong></span> <span class='ocrx_word' id='word_1_324' title='bbox 2689 2101 2842 2156; x_wconf 86' lang='lat' dir='ltr'><strong>illum</strong></span> <span class='ocrx_word' id='word_1_325' title='bbox 2899 2101 2990 2171; x_wconf 83' lang='lat' dir='ltr'><strong>qui</strong></span> <span class='ocrx_word' id='word_1_326' title='bbox 3031 2099 3176 2168; x_wconf 85' lang='lat' dir='ltr'><strong>juste</strong></span> <span class='ocrx_word' id='word_1_327' title='bbox 3231 2097 3495 2154; x_wconf 83' lang='lat' dir='ltr'><strong>reclamat</strong></span> 
     </span>
    </p>
   </div>
   <div class='ocr_carea' id='block_1_46' title="bbox 1910 2190 3494 2268">
    <p class='ocr_par' dir='ltr' id='par_1_46' title="bbox 1910 2190 3494 2268">
     <span class='ocr_line' id='line_1_46' title="bbox 1910 2190 3494 2268; baseline -0.004 -17"><span class='ocrx_word' id='word_1_328' title='bbox 1910 2197 2022 2268; x_wconf 90' lang='lat' dir='ltr'><strong>(ne</strong></span> <span class='ocrx_word' id='word_1_329' title='bbox 2059 2197 2155 2252; x_wconf 88' lang='lat' dir='ltr'><strong>tibi</strong></span> <span class='ocrx_word' id='word_1_330' title='bbox 2181 2197 2394 2250; x_wconf 82' lang='lat' dir='ltr'><strong>veniam</strong></span> <span class='ocrx_word' id='word_1_331' title='bbox 2430 2193 2787 2263; x_wconf 87' lang='lat' dir='ltr'><strong>concedam),</strong></span> <span class='ocrx_word' id='word_1_332' title='bbox 2811 2201 2866 2247; x_wconf 92' lang='lat' dir='ltr'><strong>et</strong></span> <span class='ocrx_word' id='word_1_333' title='bbox 2924 2202 3052 2248; x_wconf 92' lang='lat' dir='ltr'><strong>tunc</strong></span> <span class='ocrx_word' id='word_1_334' title='bbox 3107 2205 3226 2245; x_wconf 88' lang='lat' dir='ltr'><strong>mea</strong></span> <span class='ocrx_word' id='word_1_335' title='bbox 3258 2190 3354 2244; x_wconf 88' lang='lat' dir='ltr'><strong>tibi</strong></span> <span class='ocrx_word' id='word_1_336' title='bbox 3385 2204 3494 2244; x_wconf 92' lang='lat' dir='ltr'><strong>non</strong></span> 
     </span>
    </p>
   </div>
   <div class='ocr_carea' id='block_1_47' title="bbox 1903 2283 3490 2355">
    <p class='ocr_par' dir='ltr' id='par_1_47' title="bbox 1903 2283 3490 2355">
     <span class='ocr_line' id='line_1_47' title="bbox 1903 2283 3490 2355; baseline -0.006 -12"><span class='ocrx_word' id='word_1_337' title='bbox 1903 2288 2078 2343; x_wconf 90' lang='lat' dir='ltr'><strong>deerit</strong></span> <span class='ocrx_word' id='word_1_338' title='bbox 2111 2287 2507 2345; x_wconf 84' lang='lat' dir='ltr'><strong>benevolentia.</strong></span> <span class='ocrx_word' id='word_1_339' title='bbox 2529 2285 2842 2340; x_wconf 70' lang='lat' dir='ltr'><strong>lieconcilia</strong></span> <span class='ocrx_word' id='word_1_340' title='bbox 2871 2284 3026 2355; x_wconf 82' lang='lat' dir='ltr'><strong>prius</strong></span> <span class='ocrx_word' id='word_1_341' title='bbox 3057 2283 3153 2337; x_wconf 80' lang='lat' dir='ltr'><strong>tibi</strong></span> <span class='ocrx_word' id='word_1_342' title='bbox 3184 2295 3310 2336; x_wconf 88' lang='lat' dir='ltr'><strong>eum</strong></span> <span class='ocrx_word' id='word_1_343' title='bbox 3328 2293 3490 2350; x_wconf 82' lang='lat' dir='ltr'><strong>quem</strong></span> 
     </span>
    </p>
   </div>
   <div class='ocr_carea' id='block_1_48' title="bbox 1905 2363 3488 2444">
    <p class='ocr_par' dir='ltr' id='par_1_48' title="bbox 1905 2363 3488 2444">
     <span class='ocr_line' id='line_1_48' title="bbox 1905 2363 3488 2444; baseline -0.005 -10"><span class='ocrx_word' id='word_1_344' title='bbox 1905 2379 2088 2434; x_wconf 70' lang='lat' dir='ltr'><strong>laesisti</strong></span> <span class='ocrx_word' id='word_1_345' title='bbox 2121 2396 2136 2444; x_wconf 92' lang='lat'><strong>;</strong></span> <span class='ocrx_word' id='word_1_346' title='bbox 2169 2386 2224 2432; x_wconf 90' lang='lat' dir='ltr'><strong>et</strong></span> <span class='ocrx_word' id='word_1_347' title='bbox 2258 2390 2386 2432; x_wconf 90' lang='lat' dir='ltr'><strong>tunc</strong></span> <span class='ocrx_word' id='word_1_348' title='bbox 2423 2363 2578 2441; x_wconf 70' lang='lat' dir='ltr'><strong>milii,</strong></span> <span class='ocrx_word' id='word_1_349' title='bbox 2611 2387 2673 2430; x_wconf 89' lang='lat' dir='ltr'><strong>ut.</strong></span> <span class='ocrx_word' id='word_1_350' title='bbox 2703 2375 2800 2430; x_wconf 89' lang='lat' dir='ltr'><strong>tibi</strong></span> <span class='ocrx_word' id='word_1_351' title='bbox 2853 2373 3198 2438; x_wconf 87' lang='lat' dir='ltr'><strong>reconcilier,</strong></span> <span class='ocrx_word' id='word_1_352' title='bbox 3223 2371 3488 2441; x_wconf 82' lang='lat' dir='ltr'><strong>supplies.</strong></span> 
     </span>
    </p>
   </div>
   <div class='ocr_carea' id='block_1_49' title="bbox 1904 2459 3496 2537">
    <p class='ocr_par' dir='ltr' id='par_1_49' title="bbox 1904 2459 3496 2537">
     <span class='ocr_line' id='line_1_49' title="bbox 1904 2459 3496 2537; baseline -0.005 -13"><span class='ocrx_word' id='word_1_353' title='bbox 1904 2469 2020 2524; x_wconf 81' lang='lat' dir='ltr'><strong>Non</strong></span> <span class='ocrx_word' id='word_1_354' title='bbox 2043 2473 2218 2525; x_wconf 78' lang='lat' dir='ltr'><strong>vendo</strong></span> <span class='ocrx_word' id='word_1_355' title='bbox 2259 2485 2484 2524; x_wconf 86' lang='lat' dir='ltr'><strong>munere</strong></span> <span class='ocrx_word' id='word_1_356' title='bbox 2503 2468 2595 2537; x_wconf 88' lang='lat' dir='ltr'><strong>jus</strong></span> <span class='ocrx_word' id='word_1_357' title='bbox 2621 2468 2814 2523; x_wconf 76' lang='lat' dir='ltr'><strong>aliena:</strong></span> <span class='ocrx_word' id='word_1_358' title='bbox 2867 2466 3092 2521; x_wconf 87' lang='lat' dir='ltr'><strong>ultionis</strong></span> <span class='ocrx_word' id='word_1_359' title='bbox 3123 2483 3137 2519; x_wconf 87' lang='lat'><strong>:</strong></span> <span class='ocrx_word' id='word_1_360' title='bbox 3174 2479 3283 2519; x_wconf 90' lang='lat' dir='ltr'><strong>non</strong></span> <span class='ocrx_word' id='word_1_361' title='bbox 3339 2459 3496 2516; x_wconf 85' lang='lat' dir='ltr'><strong>adul-</strong></span> 
     </span>
    </p>
   </div>
   <div class='ocr_carea' id='block_1_50' title="bbox 1906 2556 3495 2632">
    <p class='ocr_par' dir='ltr' id='par_1_50' title="bbox 1906 2556 3495 2632">
     <span class='ocr_line' id='line_1_50' title="bbox 1906 2556 3495 2632; baseline -0.006 -15"><span class='ocrx_word' id='word_1_362' title='bbox 1906 2574 2025 2618; x_wconf 89' lang='lat' dir='ltr'><strong>tero</strong></span> <span class='ocrx_word' id='word_1_363' title='bbox 2078 2565 2450 2632; x_wconf 83' lang='lat' dir='ltr'><strong>incorruptum</strong></span> <span class='ocrx_word' id='word_1_364' title='bbox 2480 2561 2747 2629; x_wconf 87' lang='lat' dir='ltr'><strong>judicium</strong></span> <span class='ocrx_word' id='word_1_365' title='bbox 2799 2575 2975 2615; x_wconf 89' lang='lat' dir='ltr'><strong>meum</strong></span> <span class='ocrx_word' id='word_1_366' title='bbox 3010 2577 3024 2612; x_wconf 91' lang='lat'>:</span> <span class='ocrx_word' id='word_1_367' title='bbox 3060 2574 3167 2612; x_wconf 87' lang='lat' dir='ltr'><strong>non</strong></span> <span class='ocrx_word' id='word_1_368' title='bbox 3222 2556 3364 2611; x_wconf 75' lang='lat' dir='ltr'><strong>facio</strong></span> <span class='ocrx_word' id='word_1_369' title='bbox 3419 2564 3495 2620; x_wconf 90' lang='lat' dir='ltr'><strong>te,</strong></span> 
     </span>
    </p>
   </div>
   <div class='ocr_carea' id='block_1_51' title="bbox 1905 2648 3503 2724">
    <p class='ocr_par' dir='ltr' id='par_1_51' title="bbox 1905 2648 3503 2724">
     <span class='ocr_line' id='line_1_51' title="bbox 1905 2648 3503 2724; baseline -0.006 -16"><span class='ocrx_word' id='word_1_370' title='bbox 1905 2655 1996 2724; x_wconf 92' lang='lat' dir='ltr'><strong>qui</strong></span> <span class='ocrx_word' id='word_1_371' title='bbox 2034 2655 2264 2708; x_wconf 85' lang='lat' dir='ltr'><strong>alterum</strong></span> <span class='ocrx_word' id='word_1_372' title='bbox 2291 2655 2484 2724; x_wconf 83' lang='lat' dir='ltr'><strong>injuria</strong></span> <span class='ocrx_word' id='word_1_373' title='bbox 2519 2651 2771 2718; x_wconf 74' lang='lat' dir='ltr'><strong>alfecisti,</strong></span> <span class='ocrx_word' id='word_1_374' title='bbox 2832 2665 2965 2706; x_wconf 68' lang='lat' dir='ltr'><strong>mete</strong></span> <span class='ocrx_word' id='word_1_375' title='bbox 3007 2648 3324 2720; x_wconf 87' lang='lat' dir='ltr'><strong>participem</strong></span> <span class='ocrx_word' id='word_1_376' title='bbox 3377 2659 3503 2716; x_wconf 81' lang='lat' dir='ltr'><strong>gra-</strong></span> 
     </span>
    </p>
   </div>
   <div class='ocr_carea' id='block_1_52' title="bbox 222 2735 3500 2815">
    <p class='ocr_par' dir='ltr' id='par_1_52' title="bbox 222 2735 3500 2815">
     <span class='ocr_line' id='line_1_52' title="bbox 222 2735 3500 2815; baseline 0.002 -28"><span class='ocrx_word' id='word_1_377' title='bbox 222 2735 334 2800; x_wconf 77' lang='lat' dir='ltr'><strong>tiae,</strong></span> <span class='ocrx_word' id='word_1_378' title='bbox 369 2751 532 2805; x_wconf 90' lang='lat' dir='ltr'><strong>quam</strong></span> <span class='ocrx_word' id='word_1_379' title='bbox 557 2736 650 2791; x_wconf 85' lang='lat' dir='ltr'><strong>diu</strong></span> <span class='ocrx_word' id='word_1_380' title='bbox 672 2737 872 2804; x_wconf 89' lang='lat' dir='ltr'><strong>injuria</strong></span> <span class='ocrx_word' id='word_1_381' title='bbox 917 2737 1164 2804; x_wconf 84' lang='lat' dir='ltr'><strong>all&#39;ectns,</strong></span> <span class='ocrx_word' id='word_1_382' title='bbox 1199 2740 1326 2792; x_wconf 85' lang='lat' dir='ltr'><strong>mihi</strong></span> <span class='ocrx_word' id='word_1_383' title='bbox 1370 2740 1446 2797; x_wconf 82' lang='lat' dir='ltr'><strong>,de</strong></span> <span class='ocrx_word' id='word_1_384' title='bbox 1518 2751 1568 2796; x_wconf 88' lang='lat' dir='ltr'><strong>te</strong></span> <span class='ocrx_word' id='word_1_385' title='bbox 1631 2744 2006 2810; x_wconf 87' lang='lat' dir='ltr'><strong>conqueritur.</strong></span> <span class='ocrx_word' id='word_1_386' title='bbox 2066 2743 2199 2798; x_wconf 90' lang='lat' dir='ltr'><strong>liiud</strong></span> <span class='ocrx_word' id='word_1_387' title='bbox 2251 2743 2346 2799; x_wconf 84' lang='lat' dir='ltr'><strong>tibi</strong></span> <span class='ocrx_word' id='word_1_388' title='bbox 2409 2744 2633 2815; x_wconf 87' lang='lat' dir='ltr'><strong>largior,</strong></span> <span class='ocrx_word' id='word_1_389' title='bbox 2701 2745 2846 2814; x_wconf 92' lang='lat' dir='ltr'><strong>quod</strong></span> <span class='ocrx_word' id='word_1_390' title='bbox 2903 2742 3122 2812; x_wconf 87' lang='lat' dir='ltr'><strong>quidem</strong></span> <span class='ocrx_word' id='word_1_391' title='bbox 3181 2739 3500 2808; x_wconf 87' lang='lat' dir='ltr'><strong>neutiquam</strong></span> 
     </span>
    </p>
   </div>
   <div class='ocr_carea' id='block_1_53' title="bbox 220 2827 3500 2904">
    <p class='ocr_par' dir='ltr' id='par_1_53' title="bbox 220 2827 3500 2904">
     <span class='ocr_line' id='line_1_53' title="bbox 220 2827 3500 2904; baseline 0 -22"><span class='ocrx_word' id='word_1_392' title='bbox 220 2828 502 2897; x_wconf 78' lang='lat' dir='ltr'><strong>exiguum,</strong></span> <span class='ocrx_word' id='word_1_393' title='bbox 538 2829 633 2883; x_wconf 88' lang='lat' dir='ltr'><strong>sed</strong></span> <span class='ocrx_word' id='word_1_394' title='bbox 694 2827 850 2898; x_wconf 88' lang='lat' dir='ltr'><strong>longe</strong></span> <span class='ocrx_word' id='word_1_395' title='bbox 896 2830 1189 2883; x_wconf 82' lang='lat' dir='ltr'><strong>maximum</strong></span> <span class='ocrx_word' id='word_1_396' title='bbox 1212 2839 1299 2884; x_wconf 86' lang='lat' dir='ltr'><strong>est</strong></span> <span class='ocrx_word' id='word_1_397' title='bbox 1331 2849 1346 2886; x_wconf 90' lang='lat'>:</span> <span class='ocrx_word' id='word_1_398' title='bbox 1376 2831 1585 2899; x_wconf 87' lang='lat' dir='ltr'><strong>protelp</strong></span> <span class='ocrx_word' id='word_1_399' title='bbox 1619 2847 1798 2887; x_wconf 72' lang='lat' dir='ltr'><strong>causa:</strong></span> <span class='ocrx_word' id='word_1_400' title='bbox 1837 2834 2280 2901; x_wconf 86' lang='lat' dir='ltr'><strong>dijudicatiouetu</strong></span> <span class='ocrx_word' id='word_1_401' title='bbox 2312 2852 2327 2888; x_wconf 89' lang='lat'><strong>:</strong></span> <span class='ocrx_word' id='word_1_402' title='bbox 2361 2844 2468 2889; x_wconf 90' lang='lat' dir='ltr'><strong>non</strong></span> <span class='ocrx_word' id='word_1_403' title='bbox 2535 2833 2721 2890; x_wconf 86' lang='lat' dir='ltr'><strong>statim</strong></span> <span class='ocrx_word' id='word_1_404' title='bbox 2775 2833 3068 2904; x_wconf 84' lang='lat' dir='ltr'><strong>perfectam</strong></span> <span class='ocrx_word' id='word_1_405' title='bbox 3120 2846 3185 2885; x_wconf 83' lang='lat' dir='ltr'><strong>ac</strong></span> <span class='ocrx_word' id='word_1_406' title='bbox 3256 2829 3500 2886; x_wconf 76' lang='lat' dir='ltr'><strong>deﬁniti-</strong></span> 
     </span>
    </p>
   </div>
   <div class='ocr_carea' id='block_1_54' title="bbox 221 2915 3154 2993">
    <p class='ocr_par' dir='ltr' id='par_1_54' title="bbox 221 2915 3154 2993">
     <span class='ocr_line' id='line_1_54' title="bbox 221 2915 3154 2993; baseline 0.001 -23"><span class='ocrx_word' id='word_1_407' title='bbox 221 2931 345 2971; x_wconf 80' lang='lat' dir='ltr'><strong>vam</strong></span> <span class='ocrx_word' id='word_1_408' title='bbox 406 2915 698 2985; x_wconf 90' lang='lat' dir='ltr'><strong>pronuntio</strong></span> <span class='ocrx_word' id='word_1_409' title='bbox 740 2917 1094 2972; x_wconf 85' lang='lat' dir='ltr'><strong>sententiam.</strong></span> <span class='ocrx_word' id='word_1_410' title='bbox 1129 2916 1381 2977; x_wconf 85' lang='lat' dir='ltr'><strong>Concedo</strong></span> <span class='ocrx_word' id='word_1_411' title='bbox 1418 2920 1510 2976; x_wconf 85' lang='lat' dir='ltr'><strong>tibi</strong></span> <span class='ocrx_word' id='word_1_412' title='bbox 1540 2921 1772 2992; x_wconf 84' lang='lat' dir='ltr'><strong>spatium</strong></span> <span class='ocrx_word' id='word_1_413' title='bbox 1813 2923 1880 2978; x_wconf 89' lang='lat' dir='ltr'><strong>ad</strong></span> <span class='ocrx_word' id='word_1_414' title='bbox 1909 2925 2354 2982; x_wconf 74' lang='lat' dir='ltr'><strong>satisfaciendum</strong></span> <span class='ocrx_word' id='word_1_415' title='bbox 2385 2925 2434 2978; x_wconf 92' lang='lat' dir='ltr'><strong>ei</strong></span> <span class='ocrx_word' id='word_1_416' title='bbox 2465 2938 2630 2992; x_wconf 87' lang='lat' dir='ltr'><strong>quem</strong></span> <span class='ocrx_word' id='word_1_417' title='bbox 2667 2923 2869 2993; x_wconf 85' lang='lat' dir='ltr'><strong>injuria</strong></span> <span class='ocrx_word' id='word_1_418' title='bbox 2905 2919 3154 2976; x_wconf 84' lang='lat' dir='ltr'><strong>alfecisti.</strong></span> 
     </span>
    </p>
   </div>
   <div class='ocr_carea' id='block_1_55' title="bbox 744 3007 1276 3069">
    <p class='ocr_par' dir='ltr' id='par_1_55' title="bbox 744 3007 1276 3069">
     <span class='ocr_line' id='line_1_55' title="bbox 744 3007 1276 3069; baseline 0.008 -10"><span class='ocrx_word' id='word_1_419' title='bbox 744 3007 888 3061; x_wconf 84' lang='lat' dir='ltr'><strong>PIB&#39;.</strong></span> <span class='ocrx_word' id='word_1_420' title='bbox 924 3038 996 3049; x_wconf 93' lang='lat'><strong><em>—</em></strong></span> <span class='ocrx_word' id='word_1_421' title='bbox 1027 3009 1276 3069; x_wconf 80' lang='grc' dir='ltr'><strong>ΩΡΙΩΝΙ.</strong></span> 
     </span>
    </p>
   </div>
   <div class='ocr_carea' id='block_1_56' title="bbox 221 3097 1806 3173">
    <p class='ocr_par' dir='ltr' id='par_1_56' title="bbox 221 3097 1806 3173">
     <span class='ocr_line' id='line_1_56' title="bbox 221 3097 1806 3173; baseline 0.004 -19"><span class='ocrx_word' id='word_1_422' title='bbox 221 3097 481 3173; x_wconf 51' lang='grc' dir='ltr'>Περίλα)</span> <span class='ocrx_word' id='word_1_423' title='bbox 526 3097 874 3173; x_wconf 69' lang='grc' dir='ltr'>συντᾴεεως</span> <span class='ocrx_word' id='word_1_424' title='bbox 920 3100 1034 3173; x_wconf 66' lang='grc' dir='ltr'><strong>τοῦ</strong></span> <span class='ocrx_word' id='word_1_425' title='bbox 1067 3102 1479 3158; x_wconf 73' lang='grc' dir='ltr'>ἀποστολικοῦ</span> <span class='ocrx_word' id='word_1_426' title='bbox 1499 3104 1771 3173; x_wconf 78' lang='grc' dir='ltr'>ῥήματος</span> <span class='ocrx_word' id='word_1_427' title='bbox 1791 3147 1806 3173; x_wconf 88' lang='grc'><em>,</em></span> 
     </span>
    </p>
   </div>
   <div class='ocr_carea' id='block_1_57' title="bbox 363 3168 1660 3244">
    <p class='ocr_par' dir='ltr' id='par_1_57' title="bbox 363 3168 1660 3244">
     <span class='ocr_line' id='line_1_57' title="bbox 363 3168 1660 3244; baseline 0.003 -22"><span class='ocrx_word' id='word_1_428' title='bbox 363 3168 512 3222; x_wconf 70' lang='grc' dir='ltr'>ἔνθα</span> <span class='ocrx_word' id='word_1_429' title='bbox 542 3170 697 3237; x_wconf 76' lang='grc' dir='ltr'>φησι</span> <span class='ocrx_word' id='word_1_430' title='bbox 716 3185 730 3198; x_wconf 83' lang='grc'><strong>’</strong></span> <span class='ocrx_word' id='word_1_431' title='bbox 770 3187 788 3220; x_wconf 90' lang='grc' dir='ltr'>ι</span> <span class='ocrx_word' id='word_1_432' title='bbox 825 3170 1194 3224; x_wconf 75' lang='grc' dir='ltr'>Κωλυόντων</span> <span class='ocrx_word' id='word_1_433' title='bbox 1223 3173 1434 3242; x_wconf 79' lang='grc' dir='ltr'>ταμεῖν</span> <span class='ocrx_word' id='word_1_434' title='bbox 1466 3168 1602 3244; x_wconf 69' lang='grc'><strong>(57),</strong></span> <span class='ocrx_word' id='word_1_435' title='bbox 1642 3193 1660 3226; x_wconf 73' lang='lat' dir='ltr'><strong>i</strong></span> 
     </span>
    </p>
   </div>
   <div class='ocr_carea' id='block_1_58' title="bbox 304 3228 1882 3336">
    <p class='ocr_par' dir='ltr' id='par_1_58' title="bbox 304 3228 1882 3336">
     <span class='ocr_line' id='line_1_58' title="bbox 304 3228 1882 3336; baseline 0.003 -22"><span class='ocrx_word' id='word_1_436' title='bbox 304 3228 560 3330; x_wconf 66' lang='lat' dir='ltr'><strong>&#39;Ermb&#39;h,</strong></span> <span class='ocrx_word' id='word_1_437' title='bbox 589 3228 641 3314; x_wconf 69' lang='grc' dir='ltr'>τί</span> <span class='ocrx_word' id='word_1_438' title='bbox 668 3261 784 3313; x_wconf 74' lang='grc' dir='ltr'>ἐστι</span> <span class='ocrx_word' id='word_1_439' title='bbox 822 3261 882 3314; x_wconf 82' lang='grc' dir='ltr'>τὸ</span> <span class='ocrx_word' id='word_1_440' title='bbox 911 3262 1203 3332; x_wconf 76' lang='grc' dir='ltr'>είρημένον</span> <span class='ocrx_word' id='word_1_441' title='bbox 1349 3228 1580 3336; x_wconf 46' lang='grc' dir='ltr'><strong>Παύλῳζ</strong></span> <span class='ocrx_word' id='word_1_442' title='bbox 1625 3286 1642 3318; x_wconf 78' lang='grc' dir='ltr'><strong>ε</strong></span> <span class='ocrx_word' id='word_1_443' title='bbox 1684 3268 1811 3319; x_wconf 83' lang='grc' dir='ltr'><strong>Κω-</strong></span> <span class='ocrx_word' id='word_1_444' title='bbox 1839 3228 1882 3286; x_wconf 78' lang='lat' dir='ltr'>c</span> 
     </span>
    </p>
   </div>
   <div class='ocr_carea' id='block_1_59' title="bbox 220 3352 1810 3428">
    <p class='ocr_par' dir='ltr' id='par_1_59' title="bbox 220 3352 1810 3428">
     <span class='ocr_line' id='line_1_59' title="bbox 220 3352 1810 3428; baseline 0.003 -22"><span class='ocrx_word' id='word_1_445' title='bbox 220 3352 460 3408; x_wconf 80' lang='grc' dir='ltr'>λυόντων</span> <span class='ocrx_word' id='word_1_446' title='bbox 501 3355 733 3422; x_wconf 78' lang='grc' dir='ltr'>γαμεῖν·</span> <span class='ocrx_word' id='word_1_447' title='bbox 781 3353 876 3406; x_wconf 79' lang='grc' dir='ltr'>καὶ</span> <span class='ocrx_word' id='word_1_448' title='bbox 904 3354 1204 3424; x_wconf 81' lang='grc' dir='ltr'>ἀπέχεσθαι</span> <span class='ocrx_word' id='word_1_449' title='bbox 1241 3354 1548 3426; x_wconf 80' lang='grc' dir='ltr'>βρωμάτων</span> <span class='ocrx_word' id='word_1_450' title='bbox 1569 3398 1583 3422; x_wconf 88' lang='grc'><em>,</em></span> <span class='ocrx_word' id='word_1_451' title='bbox 1631 3376 1650 3410; x_wconf 74' lang='grc' dir='ltr'>ι</span> <span class='ocrx_word' id='word_1_452' title='bbox 1679 3355 1810 3428; x_wconf 70' lang='grc' dir='ltr'><strong>ἠθέ-</strong></span> 
     </span>
    </p>
   </div>
   <div class='ocr_carea' id='block_1_60' title="bbox 225 3443 1815 3520">
    <p class='ocr_par' dir='ltr' id='par_1_60' title="bbox 225 3443 1815 3520">
     <span class='ocr_line' id='line_1_60' title="bbox 225 3443 1815 3520; baseline 0.002 -21"><span class='ocrx_word' id='word_1_453' title='bbox 225 3443 396 3518; x_wconf 70' lang='grc' dir='ltr'>λησας</span> <span class='ocrx_word' id='word_1_454' title='bbox 435 3443 627 3514; x_wconf 77' lang='grc' dir='ltr'>μαθεῖν</span> <span class='ocrx_word' id='word_1_455' title='bbox 651 3483 665 3507; x_wconf 84' lang='grc'><strong><em>,</em></strong></span> <span class='ocrx_word' id='word_1_456' title='bbox 717 3445 847 3509; x_wconf 82' lang='grc' dir='ltr'>ῖσθι,</span> <span class='ocrx_word' id='word_1_457' title='bbox 889 3445 971 3499; x_wconf 72' lang='grc' dir='ltr'><strong>ὅτι</strong></span> <span class='ocrx_word' id='word_1_458' title='bbox 999 3447 1144 3509; x_wconf 78' lang='grc' dir='ltr'>τινὲς</span> <span class='ocrx_word' id='word_1_459' title='bbox 1192 3447 1319 3516; x_wconf 86' lang='grc' dir='ltr'>μὲν,</span> <span class='ocrx_word' id='word_1_460' title='bbox 1355 3449 1815 3520; x_wconf 83' lang='grc' dir='ltr'>προσποιούμενοι</span> 
     </span>
    </p>
   </div>
   <div class='ocr_carea' id='block_1_61' title="bbox 222 3536 1819 3612">
    <p class='ocr_par' dir='ltr' id='par_1_61' title="bbox 222 3536 1819 3612">
     <span class='ocr_line' id='line_1_61' title="bbox 222 3536 1819 3612; baseline 0.001 -20"><span class='ocrx_word' id='word_1_461' title='bbox 222 3538 442 3606; x_wconf 71' lang='grc' dir='ltr'>ἀγνοεῖν</span> <span class='ocrx_word' id='word_1_462' title='bbox 474 3537 556 3590; x_wconf 84' lang='grc' dir='ltr'><strong>ὅτι</strong></span> <span class='ocrx_word' id='word_1_463' title='bbox 582 3537 826 3607; x_wconf 78' lang='grc' dir='ltr'>χάρισμα</span> <span class='ocrx_word' id='word_1_464' title='bbox 854 3536 1110 3605; x_wconf 84' lang='grc' dir='ltr'>γνώσεως</span> <span class='ocrx_word' id='word_1_465' title='bbox 1137 3539 1228 3592; x_wconf 75' lang='grc' dir='ltr'>καὶ</span> <span class='ocrx_word' id='word_1_466' title='bbox 1256 3541 1447 3610; x_wconf 83' lang='grc' dir='ltr'>σοφίας</span> <span class='ocrx_word' id='word_1_467' title='bbox 1472 3541 1688 3612; x_wconf 72' lang='grc' dir='ltr'>εἴληφε,</span> <span class='ocrx_word' id='word_1_468' title='bbox 1725 3542 1819 3594; x_wconf 79' lang='grc' dir='ltr'>καὶ</span> 
     </span>
    </p>
   </div>
   <div class='ocr_carea' id='block_1_62' title="bbox 221 3626 1821 3704">
    <p class='ocr_par' dir='ltr' id='par_1_62' title="bbox 221 3626 1821 3704">
     <span class='ocr_line' id='line_1_62' title="bbox 221 3626 1821 3704; baseline 0.003 -21"><span class='ocrx_word' id='word_1_469' title='bbox 221 3629 307 3684; x_wconf 77' lang='grc' dir='ltr'>δτι</span> <span class='ocrx_word' id='word_1_470' title='bbox 354 3628 566 3698; x_wconf 78' lang='grc' dir='ltr'>Ἐρμῆς</span> <span class='ocrx_word' id='word_1_471' title='bbox 598 3626 736 3683; x_wconf 73' lang='grc' dir='ltr'>εἶναι</span> <span class='ocrx_word' id='word_1_472' title='bbox 788 3629 1084 3702; x_wconf 64' lang='grc' dir='ltr'>ἐνομίσθη,</span> <span class='ocrx_word' id='word_1_473' title='bbox 1122 3631 1258 3698; x_wconf 83' lang='grc' dir='ltr'>φασὶ</span> <span class='ocrx_word' id='word_1_474' title='bbox 1290 3631 1366 3703; x_wconf 83' lang='grc' dir='ltr'>μὴ</span> <span class='ocrx_word' id='word_1_475' title='bbox 1409 3633 1821 3704; x_wconf 77' lang='grc' dir='ltr'>κεκρατηκέναι</span> 
     </span>
    </p>
   </div>
   <div class='ocr_carea' id='block_1_63' title="bbox 223 3719 1824 3792">
    <p class='ocr_par' dir='ltr' id='par_1_63' title="bbox 223 3719 1824 3792">
     <span class='ocr_line' id='line_1_63' title="bbox 223 3719 1824 3792; baseline 0.002 -17"><span class='ocrx_word' id='word_1_476' title='bbox 223 3720 316 3775; x_wconf 72' lang='grc' dir='ltr'>τὸν</span> <span class='ocrx_word' id='word_1_477' title='bbox 343 3719 671 3774; x_wconf 83' lang='grc' dir='ltr'>’Δπόστολον</span> <span class='ocrx_word' id='word_1_478' title='bbox 689 3719 791 3789; x_wconf 82' lang='grc' dir='ltr'>τῆς</span> <span class='ocrx_word' id='word_1_479' title='bbox 823 3721 1095 3792; x_wconf 81' lang='grc' dir='ltr'>φράσεως,</span> <span class='ocrx_word' id='word_1_480' title='bbox 1119 3723 1233 3776; x_wconf 77' lang='grc' dir='ltr'>ἀλλ’</span> <span class='ocrx_word' id='word_1_481' title='bbox 1269 3725 1351 3786; x_wconf 88' lang='grc' dir='ltr'><strong>εἰς</strong></span> <span class='ocrx_word' id='word_1_482' title='bbox 1383 3725 1697 3778; x_wconf 79' lang='grc' dir='ltr'>τούναντίον</span> <span class='ocrx_word' id='word_1_483' title='bbox 1728 3742 1824 3779; x_wconf 86' lang='grc' dir='ltr'><strong>πε-</strong></span> 
     </span>
    </p>
   </div>
   <div class='ocr_carea' id='block_1_64' title="bbox 2341 3011 3077 3088">
    <p class='ocr_par' dir='ltr' id='par_1_64' title="bbox 2341 3011 3077 3088">
     <span class='ocr_line' id='line_1_64' title="bbox 2341 3011 3077 3088; baseline -0.007 -17"><span class='ocrx_word' id='word_1_484' title='bbox 2341 3014 2508 3088; x_wconf 71' lang='grc' dir='ltr'><strong>ιπ</strong></span> <span class='ocrx_word' id='word_1_485' title='bbox 2534 3012 2692 3071; x_wconf 84' lang='lat' dir='ltr'><strong>cxu.</strong></span> <span class='ocrx_word' id='word_1_486' title='bbox 2722 3045 2794 3054; x_wconf 92' lang='lat'><strong>—</strong></span> <span class='ocrx_word' id='word_1_487' title='bbox 2820 3011 3077 3069; x_wconf 77' lang='lat' dir='ltr'><strong>ORIONI.</strong></span> 
     </span>
    </p>
   </div>
   <div class='ocr_carea' id='block_1_65' title="bbox 1920 3101 3506 3175">
    <p class='ocr_par' dir='ltr' id='par_1_65' title="bbox 1920 3101 3506 3175">
     <span class='ocr_line' id='line_1_65' title="bbox 1920 3101 3506 3175; baseline -0.005 -10"><span class='ocrx_word' id='word_1_488' title='bbox 1920 3109 1996 3165; x_wconf 78' lang='lat' dir='ltr'><strong>De</strong></span> <span class='ocrx_word' id='word_1_489' title='bbox 2026 3109 2418 3165; x_wconf 69' lang='lat' dir='ltr'><strong>construction</strong></span> <span class='ocrx_word' id='word_1_490' title='bbox 2456 3107 2735 3175; x_wconf 75' lang='lat' dir='ltr'><strong>apostolici</strong></span> <span class='ocrx_word' id='word_1_491' title='bbox 2761 3106 2911 3172; x_wconf 84' lang='lat' dir='ltr'><strong>dicti,</strong></span> <span class='ocrx_word' id='word_1_492' title='bbox 2938 3106 3029 3159; x_wconf 79' lang='lat' dir='ltr'><strong>ubi</strong></span> <span class='ocrx_word' id='word_1_493' title='bbox 3067 3105 3149 3158; x_wconf 83' lang='lat' dir='ltr'><strong>ait</strong></span> <span class='ocrx_word' id='word_1_494' title='bbox 3180 3119 3202 3158; x_wconf 87' lang='lat'><strong><em>:</em></strong></span> <span class='ocrx_word' id='word_1_495' title='bbox 3235 3121 3256 3157; x_wconf 76' lang='grc' dir='ltr'><strong>ε</strong></span> <span class='ocrx_word' id='word_1_496' title='bbox 3305 3101 3506 3158; x_wconf 71' lang='lat' dir='ltr'><strong>Prohi-</strong></span> 
     </span>
    </p>
   </div>
   <div class='ocr_carea' id='block_1_66' title="bbox 2131 3175 3288 3235">
    <p class='ocr_par' dir='ltr' id='par_1_66' title="bbox 2131 3175 3288 3235">
     <span class='ocr_line' id='line_1_66' title="bbox 2131 3175 3288 3235; baseline -0.006 -2"><span class='ocrx_word' id='word_1_497' title='bbox 2131 3181 2360 3235; x_wconf 77' lang='lat' dir='ltr'><strong>bentism</strong></span> <span class='ocrx_word' id='word_1_498' title='bbox 2392 3177 2788 3232; x_wconf 77' lang='lat' dir='ltr'><strong>matrimonium</strong></span> <span class='ocrx_word' id='word_1_499' title='bbox 2803 3176 3112 3232; x_wconf 78' lang='lat' dir='ltr'><strong>contrahere</strong></span> <span class='ocrx_word' id='word_1_500' title='bbox 3132 3175 3243 3233; x_wconf 82' lang='lat'><strong>”&quot;.</strong></span> <span class='ocrx_word' id='word_1_501' title='bbox 3269 3192 3288 3226; x_wconf 77' lang='grc' dir='ltr'>ι</span> 
     </span>
    </p>
   </div>
   <div class='ocr_carea' id='block_1_67' title="bbox 1992 3261 3509 3340">
    <p class='ocr_par' dir='ltr' id='par_1_67' title="bbox 1992 3261 3509 3340">
     <span class='ocr_line' id='line_1_67' title="bbox 1992 3261 3509 3340; baseline -0.003 -16"><span class='ocrx_word' id='word_1_502' title='bbox 1992 3271 2257 3337; x_wconf 86' lang='lat' dir='ltr'><strong>Quoniam</strong></span> <span class='ocrx_word' id='word_1_503' title='bbox 2276 3269 2406 3340; x_wconf 88' lang='lat' dir='ltr'><strong>quid</strong></span> <span class='ocrx_word' id='word_1_504' title='bbox 2430 3269 2501 3323; x_wconf 85' lang='lat' dir='ltr'><strong>sit</strong></span> <span class='ocrx_word' id='word_1_505' title='bbox 2517 3267 2658 3338; x_wconf 90' lang='lat' dir='ltr'><strong>quod</strong></span> <span class='ocrx_word' id='word_1_506' title='bbox 2677 3268 2817 3336; x_wconf 88' lang='lat' dir='ltr'><strong>apud</strong></span> <span class='ocrx_word' id='word_1_507' title='bbox 2836 3265 3060 3321; x_wconf 82' lang='lat' dir='ltr'><strong>Paulum</strong></span> <span class='ocrx_word' id='word_1_508' title='bbox 3083 3265 3302 3328; x_wconf 89' lang='lat' dir='ltr'><strong>dicitur,</strong></span> <span class='ocrx_word' id='word_1_509' title='bbox 3327 3283 3345 3316; x_wconf 73' lang='grc' dir='ltr'>ι</span> <span class='ocrx_word' id='word_1_510' title='bbox 3373 3261 3509 3320; x_wconf 81' lang='lat' dir='ltr'><strong>Pro-</strong></span> 
     </span>
    </p>
   </div>
   <div class='ocr_carea' id='block_1_68' title="bbox 1923 3354 3512 3424">
    <p class='ocr_par' dir='ltr' id='par_1_68' title="bbox 1923 3354 3512 3424">
     <span class='ocr_line' id='line_1_68' title="bbox 1923 3354 3512 3424; baseline -0.003 -7"><span class='ocrx_word' id='word_1_511' title='bbox 1923 3361 2223 3417; x_wconf 85' lang='lat' dir='ltr'><strong>bibeutium</strong></span> <span class='ocrx_word' id='word_1_512' title='bbox 2267 3361 2494 3424; x_wconf 88' lang='lat' dir='ltr'><strong>nubere,</strong></span> <span class='ocrx_word' id='word_1_513' title='bbox 2528 3367 2585 3414; x_wconf 87' lang='lat' dir='ltr'><strong>et</strong></span> <span class='ocrx_word' id='word_1_514' title='bbox 2640 3358 2919 3413; x_wconf 83' lang='lat' dir='ltr'><strong>abstinere</strong></span> <span class='ocrx_word' id='word_1_515' title='bbox 2965 3372 2995 3411; x_wconf 90' lang='lat' dir='ltr'><strong>a</strong></span> <span class='ocrx_word' id='word_1_516' title='bbox 3025 3357 3180 3422; x_wconf 83' lang='lat' dir='ltr'><strong>cibis,</strong></span> <span class='ocrx_word' id='word_1_517' title='bbox 3224 3374 3245 3410; x_wconf 77' lang='lat' dir='ltr'><strong>s</strong></span> <span class='ocrx_word' id='word_1_518' title='bbox 3297 3354 3512 3412; x_wconf 84' lang='lat' dir='ltr'><strong>discere</strong></span> 
     </span>
    </p>
   </div>
   <div class='ocr_carea' id='block_1_69' title="bbox 1921 3447 3514 3518">
    <p class='ocr_par' dir='ltr' id='par_1_69' title="bbox 1921 3447 3514 3518">
     <span class='ocr_line' id='line_1_69' title="bbox 1921 3447 3514 3518; baseline -0.003 -12"><span class='ocrx_word' id='word_1_519' title='bbox 1921 3452 2163 3514; x_wconf 88' lang='lat' dir='ltr'><strong>voluisti,</strong></span> <span class='ocrx_word' id='word_1_520' title='bbox 2199 3451 2343 3507; x_wconf 87' lang='lat' dir='ltr'><strong>scire</strong></span> <span class='ocrx_word' id='word_1_521' title='bbox 2368 3451 2535 3506; x_wconf 83' lang='lat' dir='ltr'><strong>debes</strong></span> <span class='ocrx_word' id='word_1_522' title='bbox 2573 3449 2838 3518; x_wconf 82' lang='lat' dir='ltr'><strong>quosdam</strong></span> <span class='ocrx_word' id='word_1_523' title='bbox 2866 3447 3190 3504; x_wconf 83' lang='lat' dir='ltr'><strong>simulantes</strong></span> <span class='ocrx_word' id='word_1_524' title='bbox 3214 3461 3276 3502; x_wconf 86' lang='lat' dir='ltr'><strong>se</strong></span> <span class='ocrx_word' id='word_1_525' title='bbox 3297 3447 3514 3502; x_wconf 82' lang='lat' dir='ltr'><strong>nescire</strong></span> 
     </span>
    </p>
   </div>
   <div class='ocr_carea' id='block_1_70' title="bbox 1918 3536 3517 3609">
    <p class='ocr_par' dir='ltr' id='par_1_70' title="bbox 1918 3536 3517 3609">
     <span class='ocr_line' id='line_1_70' title="bbox 1918 3536 3517 3609; baseline -0.001 -15"><span class='ocrx_word' id='word_1_526' title='bbox 1918 3543 2060 3609; x_wconf 79' lang='lat' dir='ltr'><strong>quod</strong></span> <span class='ocrx_word' id='word_1_527' title='bbox 2088 3541 2288 3597; x_wconf 90' lang='lat' dir='ltr'><strong>donum</strong></span> <span class='ocrx_word' id='word_1_528' title='bbox 2315 3540 2563 3596; x_wconf 69' lang='lat' dir='ltr'><strong>scientiae</strong></span> <span class='ocrx_word' id='word_1_529' title='bbox 2585 3547 2636 3594; x_wconf 86' lang='lat' dir='ltr'><strong>et</strong></span> <span class='ocrx_word' id='word_1_530' title='bbox 2659 3538 2943 3609; x_wconf 68' lang='lat' dir='ltr'><strong>sapientiai</strong></span> <span class='ocrx_word' id='word_1_531' title='bbox 2971 3545 3316 3602; x_wconf 87' lang='lat' dir='ltr'><strong>consecutus,</strong></span> <span class='ocrx_word' id='word_1_532' title='bbox 3340 3536 3517 3606; x_wconf 88' lang='lat' dir='ltr'><strong>quod-</strong></span> 
     </span>
    </p>
   </div>
   <div class='ocr_carea' id='block_1_71' title="bbox 1922 3628 3512 3702">
    <p class='ocr_par' dir='ltr' id='par_1_71' title="bbox 1922 3628 3512 3702">
     <span class='ocr_line' id='line_1_71' title="bbox 1922 3628 3512 3702; baseline -0.004 -14"><span class='ocrx_word' id='word_1_533' title='bbox 1922 3649 2028 3702; x_wconf 90' lang='lat' dir='ltr'><strong>que</strong></span> <span class='ocrx_word' id='word_1_534' title='bbox 2055 3634 2126 3688; x_wconf 90' lang='lat' dir='ltr'><strong>ob</strong></span> <span class='ocrx_word' id='word_1_535' title='bbox 2148 3633 2202 3688; x_wconf 89' lang='lat' dir='ltr'><strong>id</strong></span> <span class='ocrx_word' id='word_1_536' title='bbox 2225 3633 2387 3688; x_wconf 88' lang='lat' dir='ltr'><strong>etiam</strong></span> <span class='ocrx_word' id='word_1_537' title='bbox 2407 3633 2712 3688; x_wconf 80' lang='lat' dir='ltr'><strong>Mercurius</strong></span> <span class='ocrx_word' id='word_1_538' title='bbox 2731 3631 3074 3687; x_wconf 77' lang='lat' dir='ltr'><strong>existimatus</strong></span> <span class='ocrx_word' id='word_1_539' title='bbox 3100 3631 3173 3686; x_wconf 91' lang='lat' dir='ltr'><strong>sit</strong></span> <span class='ocrx_word' id='word_1_540' title='bbox 3195 3628 3512 3698; x_wconf 77' lang='lat' dir='ltr'><strong>Apostolus,</strong></span> 
     </span>
    </p>
   </div>
   <div class='ocr_carea' id='block_1_72' title="bbox 1921 3719 3514 3794">
    <p class='ocr_par' dir='ltr' id='par_1_72' title="bbox 1921 3719 3514 3794">
     <span class='ocr_line' id='line_1_72' title="bbox 1921 3719 3514 3794; baseline -0.002 -16"><span class='ocrx_word' id='word_1_541' title='bbox 1921 3725 2107 3779; x_wconf 87' lang='lat' dir='ltr'><strong>dicere</strong></span> <span class='ocrx_word' id='word_1_542' title='bbox 2169 3738 2274 3779; x_wconf 91' lang='lat' dir='ltr'><strong>non</strong></span> <span class='ocrx_word' id='word_1_543' title='bbox 2323 3737 2576 3780; x_wconf 84' lang='lat' dir='ltr'><strong>servasse</strong></span> <span class='ocrx_word' id='word_1_544' title='bbox 2616 3738 2740 3780; x_wconf 90' lang='lat' dir='ltr'><strong>eum</strong></span> <span class='ocrx_word' id='word_1_545' title='bbox 2775 3721 3032 3794; x_wconf 86' lang='lat' dir='ltr'><strong>loquendi</strong></span> <span class='ocrx_word' id='word_1_546' title='bbox 3075 3721 3368 3786; x_wconf 84' lang='lat' dir='ltr'><strong>rationem,</strong></span> <span class='ocrx_word' id='word_1_547' title='bbox 3417 3719 3514 3775; x_wconf 88' lang='lat' dir='ltr'><strong>sed</strong></span> 
     </span>
    </p>
   </div>
   <div class='ocr_carea' id='block_1_73' title="bbox 228 3810 1826 3887">
    <p class='ocr_par' dir='ltr' id='par_1_73' title="bbox 228 3810 1826 3887">
     <span class='ocr_line' id='line_1_73' title="bbox 228 3810 1826 3887; baseline 0.003 -21"><span class='ocrx_word' id='word_1_548' title='bbox 228 3810 598 3882; x_wconf 82' lang='grc' dir='ltr'>ριενεχθῆναι.</span> <span class='ocrx_word' id='word_1_549' title='bbox 636 3812 710 3865; x_wconf 82' lang='grc' dir='ltr'><strong>Τὸ</strong></span> <span class='ocrx_word' id='word_1_550' title='bbox 735 3811 866 3884; x_wconf 73' lang='grc' dir='ltr'>γὰρ,</span> <span class='ocrx_word' id='word_1_551' title='bbox 913 3831 931 3865; x_wconf 86' lang='grc' dir='ltr'>ι</span> <span class='ocrx_word' id='word_1_552' title='bbox 974 3813 1316 3870; x_wconf 72' lang='grc' dir='ltr'>κωλυόντων</span> <span class='ocrx_word' id='word_1_553' title='bbox 1351 3818 1582 3887; x_wconf 79' lang='grc' dir='ltr'>γαμεῖν,</span> <span class='ocrx_word' id='word_1_554' title='bbox 1626 3835 1644 3868; x_wconf 77' lang='grc' dir='ltr'>ι</span> <span class='ocrx_word' id='word_1_555' title='bbox 1685 3817 1826 3870; x_wconf 80' lang='grc' dir='ltr'>κατὰ</span> 
     </span>
    </p>
   </div>
   <div class='ocr_carea' id='block_1_74' title="bbox 1912 3810 3515 3887">
    <p class='ocr_par' dir='ltr' id='par_1_74' title="bbox 1927 3812 3515 3876">
     <span class='ocr_line' id='line_1_74' title="bbox 1927 3812 3515 3876; baseline -0.004 -5"><span class='ocrx_word' id='word_1_556' title='bbox 1927 3819 1978 3871; x_wconf 90' lang='lat' dir='ltr'><strong>in</strong></span> <span class='ocrx_word' id='word_1_557' title='bbox 2021 3817 2355 3872; x_wconf 87' lang='lat' dir='ltr'><strong>contrarium</strong></span> <span class='ocrx_word' id='word_1_558' title='bbox 2406 3815 2648 3871; x_wconf 86' lang='lat' dir='ltr'><strong>delatum</strong></span> <span class='ocrx_word' id='word_1_559' title='bbox 2702 3829 2845 3872; x_wconf 88' lang='lat' dir='ltr'><strong>esse.</strong></span> <span class='ocrx_word' id='word_1_560' title='bbox 2897 3812 3218 3871; x_wconf 77' lang='lat' dir='ltr'><strong>Cumeuim</strong></span> <span class='ocrx_word' id='word_1_561' title='bbox 3259 3812 3515 3876; x_wconf 75' lang='lat' dir='ltr'><strong>dixisset,</strong></span> 
     </span>
    </p>
   </div>
   <div class='ocr_carea' id='block_1_75' title="bbox 334 3945 1402 4022">
    <p class='ocr_par' dir='ltr' id='par_1_75' title="bbox 334 3945 1402 4022">
     <span class='ocr_line' id='line_1_75' title="bbox 334 3945 1402 4022; baseline 0.004 -17"><span class='ocrx_word' id='word_1_562' title='bbox 334 3947 404 3982; x_wconf 78' lang='lat'><strong><em>&quot;‘</em></strong></span> <span class='ocrx_word' id='word_1_563' title='bbox 425 3945 712 4020; x_wconf 70' lang='lat' dir='ltr'><strong>Mattb.°v,</strong></span> <span class='ocrx_word' id='word_1_564' title='bbox 749 3951 841 4007; x_wconf 74' lang='grc'><strong>22.</strong></span> <span class='ocrx_word' id='word_1_565' title='bbox 911 3953 1042 4007; x_wconf 81' lang='grc' dir='ltr'><strong>⁸⁸⁶·Ι</strong></span> <span class='ocrx_word' id='word_1_566' title='bbox 1074 3953 1214 4008; x_wconf 88' lang='lat' dir='ltr'><strong>Tim.</strong></span> <span class='ocrx_word' id='word_1_567' title='bbox 1248 3969 1318 4022; x_wconf 86' lang='lat' dir='ltr'><strong>tv,</strong></span> <span class='ocrx_word' id='word_1_568' title='bbox 1345 3955 1402 4009; x_wconf 81' lang='lat'><strong>3.</strong></span> 
     </span>
    </p>
   </div>
   <div class='ocr_carea' id='block_1_76' title="bbox 1356 4065 2424 4124">
    <p class='ocr_par' dir='ltr' id='par_1_76' title="bbox 1356 4065 2424 4124">
     <span class='ocr_line' id='line_1_76' title="bbox 1356 4065 2424 4124; baseline -0.001 -1"><span class='ocrx_word' id='word_1_569' title='bbox 1356 4067 1593 4123; x_wconf 65' lang='lat' dir='ltr'><strong>VARIIE</strong></span> <span class='ocrx_word' id='word_1_570' title='bbox 1635 4066 2026 4124; x_wconf 79' lang='lat' dir='ltr'><strong>LECTIONES</strong></span> <span class='ocrx_word' id='word_1_571' title='bbox 2061 4065 2150 4122; x_wconf 88' lang='lat' dir='ltr'><strong>ET</strong></span> <span class='ocrx_word' id='word_1_572' title='bbox 2188 4065 2424 4122; x_wconf 71' lang='grc' dir='ltr'><strong>ΝΟΤᾸΞ.</strong></span> 
     </span>
    </p>
   </div>
   <div class='ocr_carea' id='block_1_77' title="bbox 303 4209 1819 4289">
    <p class='ocr_par' dir='ltr' id='par_1_77' title="bbox 303 4209 1819 4289">
     <span class='ocr_line' id='line_1_77' title="bbox 303 4209 1819 4289; baseline -0.001 -16"><span class='ocrx_word' id='word_1_573' title='bbox 303 4209 1006 4289; x_wconf 6' lang='grc' dir='ltr'><strong>(52)δ1ἡνξςὰγθρωπίνην</strong></span> <span class='ocrx_word' id='word_1_574' title='bbox 1056 4218 1377 4274; x_wconf 80' lang='grc' dir='ltr'>ἀσθένειαν</span> <span class='ocrx_word' id='word_1_575' title='bbox 1432 4219 1819 4289; x_wconf 61' lang='grc' dir='ltr'>ὀλισθαικουο</span> 
     </span>
    </p>
   </div>
   <div class='ocr_carea' id='block_1_78' title="bbox 231 4285 1812 4359">
    <p class='ocr_par' dir='ltr' id='par_1_78' title="bbox 231 4285 1812 4359">
     <span class='ocr_line' id='line_1_78' title="bbox 231 4285 1812 4359; baseline -0.004 -13"><span class='ocrx_word' id='word_1_576' title='bbox 231 4285 522 4346; x_wconf 67' lang='grc' dir='ltr'>σαν-,Βία</span> <span class='ocrx_word' id='word_1_577' title='bbox 564 4285 1006 4359; x_wconf 70' lang='lat' dir='ltr'><strong>Qltrysostotnus,</strong></span> <span class='ocrx_word' id='word_1_578' title='bbox 1048 4290 1282 4359; x_wconf 81' lang='grc' dir='ltr'>πρᾶγμα</span> <span class='ocrx_word' id='word_1_579' title='bbox 1329 4289 1604 4343; x_wconf 79' lang='grc' dir='ltr'>εὑόλισθον</span> <span class='ocrx_word' id='word_1_580' title='bbox 1650 4286 1812 4357; x_wconf 81' lang='grc' dir='ltr'>φύσει</span> 
     </span>
    </p>
   </div>
   <div class='ocr_carea' id='block_1_79' title="bbox 233 4355 748 4415">
    <p class='ocr_par' dir='ltr' id='par_1_79' title="bbox 233 4355 748 4415">
     <span class='ocr_line' id='line_1_79' title="bbox 233 4355 748 4415; baseline 0 -5"><span class='ocrx_word' id='word_1_581' title='bbox 233 4359 543 4415; x_wconf 65' lang='grc' dir='ltr'>ἄνθρωπος.</span> <span class='ocrx_word' id='word_1_582' title='bbox 585 4355 748 4412; x_wconf 81' lang='lat' dir='ltr'><strong>Rt&#39;r&#39;r.</strong></span> 
     </span>
    </p>
   </div>
   <div class='ocr_carea' id='block_1_80' title="bbox 309 4425 1824 4498">
    <p class='ocr_par' dir='ltr' id='par_1_80' title="bbox 309 4425 1824 4498">
     <span class='ocr_line' id='line_1_80' title="bbox 309 4425 1824 4498; baseline 0.001 -16"><span class='ocrx_word' id='word_1_583' title='bbox 309 4425 426 4498; x_wconf 69' lang='lat'><strong>(53,)</strong></span> <span class='ocrx_word' id='word_1_584' title='bbox 472 4425 688 4498; x_wconf 78' lang='grc' dir='ltr'>Διαλύει</span> <span class='ocrx_word' id='word_1_585' title='bbox 739 4437 908 4498; x_wconf 86' lang='lat' dir='ltr'><strong>mutat</strong></span> <span class='ocrx_word' id='word_1_586' title='bbox 953 4426 1093 4498; x_wconf 77' lang='lat' dir='ltr'><strong>idem</strong></span> <span class='ocrx_word' id='word_1_587' title='bbox 1135 4427 1256 4498; x_wconf 85' lang='lat' dir='ltr'><strong>cod.</strong></span> <span class='ocrx_word' id='word_1_588' title='bbox 1302 4427 1354 4480; x_wconf 89' lang='lat' dir='ltr'><strong>in</strong></span> <span class='ocrx_word' id='word_1_589' title='bbox 1389 4427 1736 4498; x_wconf 82' lang='grc' dir='ltr'>διασαλεύει,</span> <span class='ocrx_word' id='word_1_590' title='bbox 1767 4436 1824 4483; x_wconf 88' lang='lat' dir='ltr'><strong>et</strong></span> 
     </span>
    </p>
   </div>
   <div class='ocr_carea' id='block_1_81' title="bbox 236 4496 1708 4568">
    <p class='ocr_par' dir='ltr' id='par_1_81' title="bbox 236 4496 1708 4568">
     <span class='ocr_line' id='line_1_81' title="bbox 236 4496 1708 4568; baseline 0.002 -20"><span class='ocrx_word' id='word_1_591' title='bbox 236 4496 535 4568; x_wconf 74' lang='lat' dir='ltr'><strong>vers.__pos_t</strong></span> <span class='ocrx_word' id='word_1_592' title='bbox 569 4496 751 4568; x_wconf 76' lang='lat' dir='ltr'><strong>tertio,</strong></span> <span class='ocrx_word' id='word_1_593' title='bbox 781 4496 1103 4568; x_wconf 69' lang='grc' dir='ltr'>ἀκροτάτην</span> <span class='ocrx_word' id='word_1_594' title='bbox 1123 4499 1174 4552; x_wconf 89' lang='lat' dir='ltr'><strong>iu</strong></span> <span class='ocrx_word' id='word_1_595' title='bbox 1205 4497 1466 4568; x_wconf 76' lang='grc' dir='ltr'>ἄκρατον.</span> <span class='ocrx_word' id='word_1_596' title='bbox 1497 4497 1708 4552; x_wconf 79' lang='lat' dir='ltr'><strong>Possm.</strong></span> 
     </span>
    </p>
   </div>
   <div class='ocr_carea' id='block_1_82' title="bbox 309 4515 1823 4638">
    <p class='ocr_par' dir='ltr' id='par_1_82' title="bbox 309 4515 1823 4638">
     <span class='ocr_line' id='line_1_82' title="bbox 310 4515 1708 4568; baseline -0.001 -16"><span class='ocrx_word' id='word_1_597' title='bbox 310 4515 384 4552; x_wconf 89' lang='lat' dir='ltr'><strong>rs.</strong></span> <span class='ocrx_word' id='word_1_598' title='bbox 419 4515 535 4563; x_wconf 84' lang='lat' dir='ltr'><strong>post</strong></span> <span class='ocrx_word' id='word_1_599' title='bbox 569 4515 751 4560; x_wconf 75' lang='lat' dir='ltr'><strong>terno,</strong></span> <span class='ocrx_word' id='word_1_600' title='bbox 781 4515 1020 4567; x_wconf 88' lang='grc' dir='ltr'>ακροτατ</span> <span class='ocrx_word' id='word_1_601' title='bbox 1062 4515 1090 4550; x_wconf 87' lang='grc' dir='ltr'><strong>ν</strong></span> <span class='ocrx_word' id='word_1_602' title='bbox 1123 4515 1174 4552; x_wconf 85' lang='grc' dir='ltr'>ιιι</span> <span class='ocrx_word' id='word_1_603' title='bbox 1205 4515 1466 4568; x_wconf 88' lang='grc' dir='ltr'>ακρατον.</span> <span class='ocrx_word' id='word_1_604' title='bbox 1497 4515 1708 4552; x_wconf 64' lang='lat' dir='ltr'><strong>russus.</strong></span> 
     </span>
     <span class='ocr_line' id='line_1_83' title="bbox 309 4515 1823 4638; baseline 0 -17"><span class='ocrx_word' id='word_1_605' title='bbox 309 4565 427 4638; x_wconf 74' lang='grc'><strong>(54)</strong></span> <span class='ocrx_word' id='word_1_606' title='bbox 457 4564 541 4618; x_wconf 84' lang='grc' dir='ltr'><strong><em>Σὺ</em></strong></span> <span class='ocrx_word' id='word_1_607' title='bbox 580 4564 698 4633; x_wconf 79' lang='grc' dir='ltr'><strong>μὲν</strong></span> <span class='ocrx_word' id='word_1_608' title='bbox 734 4566 960 4638; x_wconf 65' lang='grc' dir='ltr'>καλεῖς.</span> <span class='ocrx_word' id='word_1_609' title='bbox 1007 4515 1234 4622; x_wconf 45' lang='grc' dir='ltr'><strong>ᾇὶάθιιιιδ</strong></span> <span class='ocrx_word' id='word_1_610' title='bbox 1269 4571 1458 4623; x_wconf 86' lang='lat' dir='ltr'><strong>deesse</strong></span> <span class='ocrx_word' id='word_1_611' title='bbox 1497 4585 1586 4638; x_wconf 85' lang='grc' dir='ltr'>με,</span> <span class='ocrx_word' id='word_1_612' title='bbox 1618 4578 1710 4621; x_wconf 85' lang='lat' dir='ltr'><strong>aut</strong></span> <span class='ocrx_word' id='word_1_613' title='bbox 1743 4567 1823 4621; x_wconf 87' lang='lat' dir='ltr'><strong>ita</strong></span> 
     </span>
    </p>
   </div>
   <div class='ocr_carea' id='block_1_83' title="bbox 235 4636 1091 4707">
    <p class='ocr_par' dir='ltr' id='par_1_83' title="bbox 235 4636 1091 4707">
     <span class='ocr_line' id='line_1_84' title="bbox 235 4636 1091 4707; baseline -0.001 -16"><span class='ocrx_word' id='word_1_614' title='bbox 235 4636 338 4707; x_wconf 85' lang='lat' dir='ltr'><strong>pro</strong></span> <span class='ocrx_word' id='word_1_615' title='bbox 355 4636 469 4707; x_wconf 76' lang='grc' dir='ltr'>μὲν</span> <span class='ocrx_word' id='word_1_616' title='bbox 506 4638 902 4707; x_wconf 81' lang='lat' dir='ltr'><strong>reponendum.</strong></span> <span class='ocrx_word' id='word_1_617' title='bbox 926 4636 1091 4707; x_wconf 76' lang='lat' dir='ltr'><strong>iit&#39;r&#39;r.</strong></span> 
     </span>
    </p>
   </div>
   <div class='ocr_carea' id='block_1_84' title="bbox 309 4703 1818 4777">
    <p class='ocr_par' dir='ltr' id='par_1_84' title="bbox 309 4703 1818 4777">
     <span class='ocr_line' id='line_1_85' title="bbox 309 4703 1818 4777; baseline -0.001 -17"><span class='ocrx_word' id='word_1_618' title='bbox 309 4703 427 4777; x_wconf 79' lang='lat'><strong>(55)</strong></span> <span class='ocrx_word' id='word_1_619' title='bbox 461 4704 560 4777; x_wconf 43' lang='grc'><strong>01)-</strong></span> <span class='ocrx_word' id='word_1_620' title='bbox 581 4707 807 4777; x_wconf 72' lang='grc' dir='ltr'>νοθεύω</span> <span class='ocrx_word' id='word_1_621' title='bbox 847 4706 914 4777; x_wconf 68' lang='lat' dir='ltr'><strong>to</strong></span> <span class='ocrx_word' id='word_1_622' title='bbox 957 4703 1651 4777; x_wconf 48' lang='lat' dir='ltr'><strong>ddsxdatqiddémror</strong></span> <span class='ocrx_word' id='word_1_623' title='bbox 1694 4722 1818 4773; x_wconf 80' lang='grc' dir='ltr'>κρι-</span> 
     </span>
    </p>
   </div>
   <div class='ocr_carea' id='block_1_85' title="bbox 237 4772 1819 4846">
    <p class='ocr_par' dir='ltr' id='par_1_85' title="bbox 237 4772 1819 4846">
     <span class='ocr_line' id='line_1_86' title="bbox 237 4772 1819 4846; baseline -0.001 -16"><span class='ocrx_word' id='word_1_624' title='bbox 237 4772 470 4846; x_wconf 59' lang='grc' dir='ltr'><strong>τήριργ.</strong></span> <span class='ocrx_word' id='word_1_625' title='bbox 521 4772 669 4828; x_wconf 83' lang='lat' dir='ltr'><strong>Fort.</strong></span> <span class='ocrx_word' id='word_1_626' title='bbox 705 4775 917 4845; x_wconf 82' lang='lat' dir='ltr'><strong>legend.</strong></span> <span class='ocrx_word' id='word_1_627' title='bbox 948 4777 1008 4828; x_wconf 82' lang='grc' dir='ltr'>οὐ</span> <span class='ocrx_word' id='word_1_628' title='bbox 1047 4793 1096 4846; x_wconf 91' lang='grc' dir='ltr'>ν.</span> <span class='ocrx_word' id='word_1_629' title='bbox 1125 4774 1377 4846; x_wconf 43' lang='grc' dir='ltr'>τηάδίκῳ</span> <span class='ocrx_word' id='word_1_630' title='bbox 1414 4775 1477 4828; x_wconf 79' lang='grc' dir='ltr'>τὸ</span> <span class='ocrx_word' id='word_1_631' title='bbox 1523 4772 1819 4829; x_wconf 79' lang='grc' dir='ltr'>ἀδέκαστον</span> 
     </span>
    </p>
   </div>
   <div class='ocr_carea' id='block_1_86' title="bbox 238 4839 1392 4914">
    <p class='ocr_par' dir='ltr' id='par_1_86' title="bbox 238 4839 1392 4914">
     <span class='ocr_line' id='line_1_87' title="bbox 238 4839 1392 4914; baseline 0 -16"><span class='ocrx_word' id='word_1_632' title='bbox 238 4839 345 4914; x_wconf 2' lang='grc' dir='ltr'>κρῖ(</span> <span class='ocrx_word' id='word_1_633' title='bbox 370 4839 445 4914; x_wconf 18' lang='lat' dir='ltr'><strong>lita</strong></span> <span class='ocrx_word' id='word_1_634' title='bbox 476 4853 627 4914; x_wconf 77' lang='lat' dir='ltr'><strong>certe</strong></span> <span class='ocrx_word' id='word_1_635' title='bbox 669 4839 863 4914; x_wconf 70' lang='lat' dir='ltr'><strong>sensus</strong></span> <span class='ocrx_word' id='word_1_636' title='bbox 899 4845 1154 4914; x_wconf 87' lang='lat' dir='ltr'><strong>postulat.</strong></span> <span class='ocrx_word' id='word_1_637' title='bbox 1182 4839 1392 4899; x_wconf 69' lang='lat' dir='ltr'><strong>Possm.</strong></span> 
     </span>
    </p>
   </div>
   <div class='ocr_carea' id='block_1_87' title="bbox 306 4910 1820 4985">
    <p class='ocr_par' dir='ltr' id='par_1_87' title="bbox 306 4910 1820 4985">
     <span class='ocr_line' id='line_1_88' title="bbox 306 4910 1820 4985; baseline 0.001 -18"><span class='ocrx_word' id='word_1_638' title='bbox 306 4910 624 4985; x_wconf 14' lang='lat' dir='ltr'><strong>(756)_lnler</strong></span> <span class='ocrx_word' id='word_1_639' title='bbox 657 4913 756 4982; x_wconf 83' lang='grc' dir='ltr'>τῆς</span> <span class='ocrx_word' id='word_1_640' title='bbox 801 4923 855 4969; x_wconf 87' lang='lat' dir='ltr'><strong>et</strong></span> <span class='ocrx_word' id='word_1_641' title='bbox 901 4910 1189 4985; x_wconf 82' lang='grc' dir='ltr'>εὐμενείας</span> <span class='ocrx_word' id='word_1_642' title='bbox 1253 4915 1394 4968; x_wconf 89' lang='lat' dir='ltr'><strong>idem</strong></span> <span class='ocrx_word' id='word_1_643' title='bbox 1447 4916 1569 4969; x_wconf 89' lang='lat' dir='ltr'><strong>cod.</strong></span> <span class='ocrx_word' id='word_1_644' title='bbox 1623 4914 1820 4970; x_wconf 77' lang='lat' dir='ltr'><strong>inserit</strong></span> 
     </span>
    </p>
   </div>
   <div class='ocr_carea' id='block_1_88' title="bbox 237 4981 517 5045">
    <p class='ocr_par' dir='ltr' id='par_1_88' title="bbox 237 4981 517 5045">
     <span class='ocr_line' id='line_1_89' title="bbox 237 4981 517 5045; baseline -0.007 -10"><span class='ocrx_word' id='word_1_645' title='bbox 237 4981 415 5045; x_wconf 57' lang='lat'><strong>11.1516.</strong></span> <span class='ocrx_word' id='word_1_646' title='bbox 439 4981 517 5034; x_wconf 81' lang='lat' dir='ltr'><strong>In.</strong></span> 
     </span>
    </p>
   </div>
   <div class='ocr_carea' id='block_1_89' title="bbox 273 5001 1826 5120">
    <p class='ocr_par' dir='ltr' id='par_1_89' title="bbox 273 5001 1826 5120">
     <span class='ocr_line' id='line_1_90' title="bbox 273 5001 1826 5120; baseline 0.003 -15"><span class='ocrx_word' id='word_1_647' title='bbox 273 5001 614 5119; x_wconf 47' lang='lat' dir='ltr'><strong>Hgij&#39;fianc</strong></span> <span class='ocrx_word' id='word_1_648' title='bbox 642 5050 927 5120; x_wconf 69' lang='lat' dir='ltr'><strong>epistolam</strong></span> <span class='ocrx_word' id='word_1_649' title='bbox 960 5067 1067 5108; x_wconf 91' lang='lat' dir='ltr'><strong>nou</strong></span> <span class='ocrx_word' id='word_1_650' title='bbox 1093 5052 1226 5106; x_wconf 88' lang='lat' dir='ltr'><strong>satis</strong></span> <span class='ocrx_word' id='word_1_651' title='bbox 1259 5055 1540 5108; x_wconf 89' lang='lat' dir='ltr'><strong>commode</strong></span> <span class='ocrx_word' id='word_1_652' title='bbox 1572 5067 1672 5108; x_wconf 83' lang='lat' dir='ltr'><strong>nec</strong></span> <span class='ocrx_word' id='word_1_653' title='bbox 1705 5054 1826 5110; x_wconf 85' lang='lat' dir='ltr'><strong>sine</strong></span> 
     </span>
    </p>
   </div>
   <div class='ocr_carea' id='block_1_90' title="bbox 239 5121 1818 5191">
    <p class='ocr_par' dir='ltr' id='par_1_90' title="bbox 239 5121 1818 5191">
     <span class='ocr_line' id='line_1_91' title="bbox 239 5121 1818 5191; baseline 0.001 -17"><span class='ocrx_word' id='word_1_654' title='bbox 239 5121 781 5191; x_wconf 81' lang='lat' dir='ltr'><strong>difficultatemagua</strong></span> <span class='ocrx_word' id='word_1_655' title='bbox 805 5121 1054 5175; x_wconf 84' lang='lat' dir='ltr'><strong>Latinam</strong></span> <span class='ocrx_word' id='word_1_656' title='bbox 1078 5122 1146 5175; x_wconf 85' lang='lat' dir='ltr'><strong>ab</strong></span> <span class='ocrx_word' id='word_1_657' title='bbox 1175 5123 1469 5190; x_wconf 88' lang='lat' dir='ltr'><strong>interprete</strong></span> <span class='ocrx_word' id='word_1_658' title='bbox 1500 5125 1614 5177; x_wconf 87' lang='lat' dir='ltr'><strong>lteri</strong></span> <span class='ocrx_word' id='word_1_659' title='bbox 1639 5137 1818 5191; x_wconf 84' lang='lat' dir='ltr'><strong>posse,</strong></span> 
     </span>
    </p>
   </div>
   <div class='ocr_carea' id='block_1_91' title="bbox 240 5189 1822 5260">
    <p class='ocr_par' dir='ltr' id='par_1_91' title="bbox 240 5189 1822 5260">
     <span class='ocr_line' id='line_1_92' title="bbox 240 5189 1822 5260; baseline 0.001 -16"><span class='ocrx_word' id='word_1_660' title='bbox 240 5190 402 5244; x_wconf 81' lang='lat' dir='ltr'><strong>facile</strong></span> <span class='ocrx_word' id='word_1_661' title='bbox 451 5189 584 5243; x_wconf 89' lang='lat' dir='ltr'><strong>mibi</strong></span> <span class='ocrx_word' id='word_1_662' title='bbox 632 5192 979 5255; x_wconf 88' lang='lat' dir='ltr'><strong>asscntietur,</strong></span> <span class='ocrx_word' id='word_1_663' title='bbox 1025 5191 1118 5258; x_wconf 92' lang='lat' dir='ltr'><strong>qui</strong></span> <span class='ocrx_word' id='word_1_664' title='bbox 1178 5189 1348 5245; x_wconf 81' lang='lat' dir='ltr'><strong>velata</strong></span> <span class='ocrx_word' id='word_1_665' title='bbox 1398 5189 1669 5260; x_wconf 80' lang='lat' dir='ltr'><strong>paulisper</strong></span> <span class='ocrx_word' id='word_1_666' title='bbox 1704 5208 1822 5245; x_wconf 84' lang='lat' dir='ltr'><strong>mea</strong></span> 
     </span>
    </p>
   </div>
   <div class='ocr_carea' id='block_1_92' title="bbox 243 5260 1827 5331">
    <p class='ocr_par' dir='ltr' id='par_1_92' title="bbox 243 5260 1827 5331">
     <span class='ocr_line' id='line_1_93' title="bbox 243 5260 1827 5331; baseline 0.001 -17"><span class='ocrx_word' id='word_1_667' title='bbox 243 5260 494 5314; x_wconf 78' lang='lat' dir='ltr'><strong>\ersione</strong></span> <span class='ocrx_word' id='word_1_668' title='bbox 531 5261 756 5313; x_wconf 88' lang='lat' dir='ltr'><strong>lentarit</strong></span> <span class='ocrx_word' id='word_1_669' title='bbox 802 5274 996 5314; x_wconf 85' lang='lat' dir='ltr'><strong>novam</strong></span> <span class='ocrx_word' id='word_1_670' title='bbox 1031 5276 1095 5315; x_wconf 88' lang='lat' dir='ltr'><strong>ac</strong></span> <span class='ocrx_word' id='word_1_671' title='bbox 1134 5263 1431 5331; x_wconf 89' lang='lat' dir='ltr'><strong>propriam.</strong></span> <span class='ocrx_word' id='word_1_672' title='bbox 1477 5262 1654 5317; x_wconf 79' lang='lat' dir='ltr'><strong>Causa</strong></span> <span class='ocrx_word' id='word_1_673' title='bbox 1686 5262 1827 5315; x_wconf 71' lang='grc' dir='ltr'><strong>ἀίω-</strong></span> 
     </span>
    </p>
   </div>
   <div class='ocr_carea' id='block_1_93' title="bbox 1919 4216 3518 4289">
    <p class='ocr_par' dir='ltr' id='par_1_93' title="bbox 1919 4216 3518 4289">
     <span class='ocr_line' id='line_1_94' title="bbox 1919 4216 3518 4289; baseline 0.001 -15"><span class='ocrx_word' id='word_1_674' title='bbox 1919 4218 2145 4289; x_wconf 79' lang='lat' dir='ltr'><strong>unitatis</strong></span> <span class='ocrx_word' id='word_1_675' title='bbox 2162 4228 2216 4272; x_wconf 89' lang='lat' dir='ltr'><strong>et</strong></span> <span class='ocrx_word' id='word_1_676' title='bbox 2238 4216 2682 4289; x_wconf 86' lang='lat' dir='ltr'><strong>confragositatis</strong></span> <span class='ocrx_word' id='word_1_677' title='bbox 2715 4232 2824 4272; x_wconf 91' lang='lat' dir='ltr'><strong>non</strong></span> <span class='ocrx_word' id='word_1_678' title='bbox 2859 4232 2961 4271; x_wconf 83' lang='lat' dir='ltr'><strong>una</strong></span> <span class='ocrx_word' id='word_1_679' title='bbox 2994 4226 3099 4282; x_wconf 87' lang='lat' dir='ltr'><strong>est,</strong></span> <span class='ocrx_word' id='word_1_680' title='bbox 3144 4233 3306 4287; x_wconf 83' lang='lat' dir='ltr'><strong>quam</strong></span> <span class='ocrx_word' id='word_1_681' title='bbox 3335 4219 3518 4289; x_wconf 87' lang='lat' dir='ltr'><strong>quivis</strong></span> 
     </span>
    </p>
   </div>
   <div class='ocr_carea' id='block_1_94' title="bbox 1921 4288 3519 4360">
    <p class='ocr_par' dir='ltr' id='par_1_94' title="bbox 1921 4288 3519 4360">
     <span class='ocr_line' id='line_1_95' title="bbox 1921 4288 3519 4360; baseline 0.002 -18"><span class='ocrx_word' id='word_1_682' title='bbox 1921 4289 2091 4344; x_wconf 88' lang='lat' dir='ltr'><strong>lector</strong></span> <span class='ocrx_word' id='word_1_683' title='bbox 2129 4288 2342 4360; x_wconf 87' lang='lat' dir='ltr'><strong>facilius</strong></span> <span class='ocrx_word' id='word_1_684' title='bbox 2393 4288 2513 4360; x_wconf 80' lang='lat' dir='ltr'><strong>ipse</strong></span> <span class='ocrx_word' id='word_1_685' title='bbox 2555 4303 2653 4358; x_wconf 89' lang='lat' dir='ltr'><strong>per</strong></span> <span class='ocrx_word' id='word_1_686' title='bbox 2684 4303 2744 4343; x_wconf 89' lang='lat' dir='ltr'><strong>se</strong></span> <span class='ocrx_word' id='word_1_687' title='bbox 2789 4289 3182 4360; x_wconf 70' lang='lat' dir='ltr'><strong>deprehendet,</strong></span> <span class='ocrx_word' id='word_1_688' title='bbox 3217 4288 3378 4358; x_wconf 84' lang='lat' dir='ltr'><strong>quam</strong></span> <span class='ocrx_word' id='word_1_689' title='bbox 3416 4304 3519 4360; x_wconf 83' lang='lat' dir='ltr'><strong>ego</strong></span> 
     </span>
    </p>
   </div>
   <div class='ocr_carea' id='block_1_95' title="bbox 1919 4357 3518 4427">
    <p class='ocr_par' dir='ltr' id='par_1_95' title="bbox 1919 4357 3518 4427">
     <span class='ocr_line' id='line_1_96' title="bbox 1919 4357 3518 4427; baseline 0.001 -15"><span class='ocrx_word' id='word_1_690' title='bbox 1919 4373 2146 4415; x_wconf 87' lang='lat' dir='ltr'><strong>necesse</strong></span> <span class='ocrx_word' id='word_1_691' title='bbox 2189 4359 2418 4414; x_wconf 86' lang='lat' dir='ltr'><strong>habeam</strong></span> <span class='ocrx_word' id='word_1_692' title='bbox 2452 4357 2698 4427; x_wconf 86' lang='lat' dir='ltr'><strong>pluribus</strong></span> <span class='ocrx_word' id='word_1_693' title='bbox 2747 4373 3045 4426; x_wconf 78' lang='lat' dir='ltr'><strong>exponere.</strong></span> <span class='ocrx_word' id='word_1_694' title='bbox 3095 4357 3168 4411; x_wconf 89' lang='lat' dir='ltr'><strong>Ea</strong></span> <span class='ocrx_word' id='word_1_695' title='bbox 3208 4357 3292 4413; x_wconf 85' lang='lat' dir='ltr'><strong>me</strong></span> <span class='ocrx_word' id='word_1_696' title='bbox 3332 4375 3359 4412; x_wconf 87' lang='lat' dir='ltr'><strong>a</strong></span> <span class='ocrx_word' id='word_1_697' title='bbox 3395 4357 3518 4413; x_wconf 75' lang='lat' dir='ltr'><strong>ver-</strong></span> 
     </span>
    </p>
   </div>
   <div class='ocr_carea' id='block_1_96' title="bbox 1922 4428 3522 4496">
    <p class='ocr_par' dir='ltr' id='par_1_96' title="bbox 1922 4428 3522 4496">
     <span class='ocr_line' id='line_1_97' title="bbox 1922 4428 3522 4496; baseline 0.001 -14"><span class='ocrx_word' id='word_1_698' title='bbox 1922 4430 2084 4482; x_wconf 89' lang='lat' dir='ltr'><strong>tendo</strong></span> <span class='ocrx_word' id='word_1_699' title='bbox 2110 4443 2246 4496; x_wconf 85' lang='lat' dir='ltr'><strong>pene</strong></span> <span class='ocrx_word' id='word_1_700' title='bbox 2289 4430 2676 4483; x_wconf 87' lang='lat' dir='ltr'><strong>deterruerat:</strong></span> <span class='ocrx_word' id='word_1_701' title='bbox 2708 4439 2862 4483; x_wconf 89' lang='lat' dir='ltr'><strong>certe</strong></span> <span class='ocrx_word' id='word_1_702' title='bbox 2910 4428 2977 4482; x_wconf 88' lang='lat' dir='ltr'><strong>ad</strong></span> <span class='ocrx_word' id='word_1_703' title='bbox 3017 4440 3321 4483; x_wconf 74' lang='lat' dir='ltr'><strong>extremum</strong></span> <span class='ocrx_word' id='word_1_704' title='bbox 3380 4432 3522 4484; x_wconf 78' lang='lat' dir='ltr'><strong>banc</strong></span> 
     </span>
    </p>
   </div>
   <div class='ocr_carea' id='block_1_97' title="bbox 1921 4496 3521 4568">
    <p class='ocr_par' dir='ltr' id='par_1_97' title="bbox 1921 4496 3521 4568">
     <span class='ocr_line' id='line_1_98' title="bbox 1921 4496 3521 4568; baseline 0 -16"><span class='ocrx_word' id='word_1_705' title='bbox 1921 4499 2192 4553; x_wconf 85' lang='lat' dir='ltr'><strong>reservari</strong></span> <span class='ocrx_word' id='word_1_706' title='bbox 2225 4497 2412 4568; x_wconf 86' lang='lat' dir='ltr'><strong>jussit,</strong></span> <span class='ocrx_word' id='word_1_707' title='bbox 2458 4513 2523 4550; x_wconf 89' lang='lat' dir='ltr'><strong>ne</strong></span> <span class='ocrx_word' id='word_1_708' title='bbox 2555 4499 2732 4552; x_wconf 87' lang='lat' dir='ltr'><strong>dicam</strong></span> <span class='ocrx_word' id='word_1_709' title='bbox 2756 4499 2956 4568; x_wconf 77' lang='lat' dir='ltr'><strong>coegit.</strong></span> <span class='ocrx_word' id='word_1_710' title='bbox 2992 4496 3221 4552; x_wconf 83' lang='lat' dir='ltr'><strong>Teutuvi</strong></span> <span class='ocrx_word' id='word_1_711' title='bbox 3267 4509 3377 4552; x_wconf 90' lang='lat' dir='ltr'><strong>tum</strong></span> <span class='ocrx_word' id='word_1_712' title='bbox 3421 4499 3521 4553; x_wconf 63' lang='lat' dir='ltr'><strong>alio</strong></span> 
     </span>
    </p>
   </div>
   <div class='ocr_carea' id='block_1_98' title="bbox 1929 4568 3521 4637">
    <p class='ocr_par' dir='ltr' id='par_1_98' title="bbox 1929 4568 3521 4637">
     <span class='ocr_line' id='line_1_99' title="bbox 1929 4568 3521 4637; baseline 0.001 -17"><span class='ocrx_word' id='word_1_713' title='bbox 1929 4570 2080 4637; x_wconf 93' lang='lat' dir='ltr'><strong>quid.</strong></span> <span class='ocrx_word' id='word_1_714' title='bbox 2117 4568 2224 4624; x_wconf 89' lang='lat' dir='ltr'><strong>Sed</strong></span> <span class='ocrx_word' id='word_1_715' title='bbox 2257 4582 2344 4623; x_wconf 86' lang='lat' dir='ltr'><strong>me</strong></span> <span class='ocrx_word' id='word_1_716' title='bbox 2375 4568 2578 4636; x_wconf 88' lang='lat' dir='ltr'><strong>ubique</strong></span> <span class='ocrx_word' id='word_1_717' title='bbox 2619 4582 2840 4622; x_wconf 83' lang='lat' dir='ltr'><strong>sensum</strong></span> <span class='ocrx_word' id='word_1_718' title='bbox 2889 4568 3177 4637; x_wconf 86' lang='lat' dir='ltr'><strong>scriptoris</strong></span> <span class='ocrx_word' id='word_1_719' title='bbox 3207 4579 3521 4624; x_wconf 86' lang='lat' dir='ltr'><strong>assecutum</strong></span> 
     </span>
    </p>
   </div>
   <div class='ocr_carea' id='block_1_99' title="bbox 1931 4637 3526 4709">
    <p class='ocr_par' dir='ltr' id='par_1_99' title="bbox 1931 4637 3526 4709">
     <span class='ocr_line' id='line_1_100' title="bbox 1931 4637 3526 4709; baseline -0.001 -18"><span class='ocrx_word' id='word_1_720' title='bbox 1931 4653 2073 4709; x_wconf 85' lang='lat' dir='ltr'><strong>esse,</strong></span> <span class='ocrx_word' id='word_1_721' title='bbox 2106 4637 2159 4693; x_wconf 87' lang='lat' dir='ltr'><strong>id</strong></span> <span class='ocrx_word' id='word_1_722' title='bbox 2185 4653 2311 4693; x_wconf 86' lang='lat' dir='ltr'><strong>vero</strong></span> <span class='ocrx_word' id='word_1_723' title='bbox 2339 4638 2660 4709; x_wconf 88' lang='lat' dir='ltr'><strong>nou__ausim</strong></span> <span class='ocrx_word' id='word_1_724' title='bbox 2699 4639 2923 4709; x_wconf 83' lang='lat' dir='ltr'><strong>dicere:</strong></span> <span class='ocrx_word' id='word_1_725' title='bbox 2960 4638 3069 4709; x_wconf 86' lang='lat' dir='ltr'><strong>into</strong></span> <span class='ocrx_word' id='word_1_726' title='bbox 3093 4651 3292 4709; x_wconf 76' lang='lat' dir='ltr'><strong>negare</strong></span> <span class='ocrx_word' id='word_1_727' title='bbox 3325 4653 3526 4708; x_wconf 82' lang='lat' dir='ltr'><strong>propa-</strong></span> 
     </span>
    </p>
   </div>
   <div class='ocr_carea' id='block_1_100' title="bbox 1927 4705 3522 4777">
    <p class='ocr_par' dir='ltr' id='par_1_100' title="bbox 1927 4705 3522 4777">
     <span class='ocr_line' id='line_1_101' title="bbox 1927 4705 3522 4777; baseline 0 -17"><span class='ocrx_word' id='word_1_728' title='bbox 1927 4707 2034 4760; x_wconf 89' lang='lat' dir='ltr'><strong>lam</strong></span> <span class='ocrx_word' id='word_1_729' title='bbox 2068 4723 2172 4762; x_wconf 92' lang='lat' dir='ltr'><strong>non</strong></span> <span class='ocrx_word' id='word_1_730' title='bbox 2208 4721 2422 4763; x_wconf 78' lang='lat' dir='ltr'><strong>vereor.</strong></span> <span class='ocrx_word' id='word_1_731' title='bbox 2447 4705 2560 4762; x_wconf 88' lang='lat' dir='ltr'><strong>Nec</strong></span> <span class='ocrx_word' id='word_1_732' title='bbox 2587 4717 2852 4777; x_wconf 65' lang='lat' dir='ltr'><strong>praestare</strong></span> <span class='ocrx_word' id='word_1_733' title='bbox 2878 4707 3127 4762; x_wconf 84' lang='lat' dir='ltr'><strong>lectionis</strong></span> <span class='ocrx_word' id='word_1_734' title='bbox 3152 4705 3522 4777; x_wconf 68' lang='lat' dir='ltr'><strong>integritatem</strong></span> 
     </span>
    </p>
   </div>
   <div class='ocr_carea' id='block_1_101' title="bbox 1928 4777 3522 4847">
    <p class='ocr_par' dir='ltr' id='par_1_101' title="bbox 1928 4777 3522 4847">
     <span class='ocr_line' id='line_1_102' title="bbox 1928 4777 3522 4847; baseline 0.001 -18"><span class='ocrx_word' id='word_1_735' title='bbox 1928 4777 2072 4840; x_wconf 92' lang='lat' dir='ltr'><strong>volo,</strong></span> <span class='ocrx_word' id='word_1_736' title='bbox 2113 4778 2326 4832; x_wconf 87' lang='lat' dir='ltr'><strong>tametsi</strong></span> <span class='ocrx_word' id='word_1_737' title='bbox 2364 4780 2613 4847; x_wconf 65' lang='lat' dir='ltr'><strong>quaedam</strong></span> <span class='ocrx_word' id='word_1_738' title='bbox 2647 4777 2981 4832; x_wconf 79' lang='lat' dir='ltr'><strong>correxerim</strong></span> <span class='ocrx_word' id='word_1_739' title='bbox 3015 4777 3389 4846; x_wconf 89' lang='lat' dir='ltr'><strong>probabiliter.</strong></span> <span class='ocrx_word' id='word_1_740' title='bbox 3425 4777 3522 4831; x_wconf 92' lang='lat' dir='ltr'><strong>Do-</strong></span> 
     </span>
    </p>
   </div>
   <div class='ocr_carea' id='block_1_102' title="bbox 1927 4847 3522 4916">
    <p class='ocr_par' dir='ltr' id='par_1_102' title="bbox 1927 4847 3522 4916">
     <span class='ocr_line' id='line_1_103' title="bbox 1927 4847 3522 4916; baseline -0.003 -14"><span class='ocrx_word' id='word_1_741' title='bbox 1927 4847 2131 4902; x_wconf 89' lang='lat' dir='ltr'><strong>ctiores</strong></span> <span class='ocrx_word' id='word_1_742' title='bbox 2162 4848 2290 4902; x_wconf 89' lang='lat' dir='ltr'><strong>deut</strong></span> <span class='ocrx_word' id='word_1_743' title='bbox 2344 4848 2591 4910; x_wconf 89' lang='lat' dir='ltr'><strong>meliora,</strong></span> <span class='ocrx_word' id='word_1_744' title='bbox 2642 4858 2702 4902; x_wconf 88' lang='lat' dir='ltr'><strong>et</strong></span> <span class='ocrx_word' id='word_1_745' title='bbox 2741 4847 2991 4916; x_wconf 86' lang='lat' dir='ltr'><strong>inprimis</strong></span> <span class='ocrx_word' id='word_1_746' title='bbox 3026 4847 3316 4902; x_wconf 86' lang='lat' dir='ltr'><strong>ostendant</strong></span> <span class='ocrx_word' id='word_1_747' title='bbox 3346 4849 3522 4911; x_wconf 89' lang='lat' dir='ltr'><strong>nobis,</strong></span> 
     </span>
    </p>
   </div>
   <div class='ocr_carea' id='block_1_103' title="bbox 1920 4915 3524 4987">
    <p class='ocr_par' dir='ltr' id='par_1_103' title="bbox 1920 4915 3524 4987">
     <span class='ocr_line' id='line_1_104' title="bbox 1920 4915 3524 4987; baseline 0.001 -18"><span class='ocrx_word' id='word_1_748' title='bbox 1920 4926 2033 4970; x_wconf 89' lang='lat' dir='ltr'><strong>tum</strong></span> <span class='ocrx_word' id='word_1_749' title='bbox 2067 4932 2176 4986; x_wconf 91' lang='lat' dir='ltr'><strong>quo</strong></span> <span class='ocrx_word' id='word_1_750' title='bbox 2203 4926 2364 4985; x_wconf 83' lang='lat' dir='ltr'><strong>pacto</strong></span> <span class='ocrx_word' id='word_1_751' title='bbox 2398 4919 2549 4971; x_wconf 77' lang='lat' dir='ltr'><strong>varia</strong></span> <span class='ocrx_word' id='word_1_752' title='bbox 2571 4917 2716 4972; x_wconf 88' lang='lat' dir='ltr'><strong>dicta</strong></span> <span class='ocrx_word' id='word_1_753' title='bbox 2741 4915 3042 4987; x_wconf 76' lang='lat' dir='ltr'><strong>scriptum</strong></span> <span class='ocrx_word' id='word_1_754' title='bbox 3074 4917 3128 4987; x_wconf 83' lang='lat' dir='ltr'><strong>in</strong></span> <span class='ocrx_word' id='word_1_755' title='bbox 3161 4917 3264 4971; x_wconf 82' lang='lat' dir='ltr'><strong>bac</strong></span> <span class='ocrx_word' id='word_1_756' title='bbox 3291 4917 3524 4986; x_wconf 80' lang='lat' dir='ltr'><strong>epistola</strong></span> 
     </span>
    </p>
   </div>
   <div class='ocr_carea' id='block_1_104' title="bbox 1919 4985 3524 5056">
    <p class='ocr_par' dir='ltr' id='par_1_104' title="bbox 1919 4985 3524 5056">
     <span class='ocr_line' id='line_1_105' title="bbox 1919 4985 3524 5056; baseline -0.001 -15"><span class='ocrx_word' id='word_1_757' title='bbox 1919 4985 2254 5056; x_wconf 66' lang='lat' dir='ltr'><strong>cohaereant,</strong></span> <span class='ocrx_word' id='word_1_758' title='bbox 2289 4998 2455 5056; x_wconf 87' lang='lat' dir='ltr'><strong>atque</strong></span> <span class='ocrx_word' id='word_1_759' title='bbox 2491 4987 2558 5041; x_wconf 82' lang='lat' dir='ltr'><strong>ad</strong></span> <span class='ocrx_word' id='word_1_760' title='bbox 2587 5001 2753 5040; x_wconf 90' lang='lat' dir='ltr'><strong>unum</strong></span> <span class='ocrx_word' id='word_1_761' title='bbox 2781 4985 3005 5056; x_wconf 82' lang='lat' dir='ltr'><strong>scopum</strong></span> <span class='ocrx_word' id='word_1_762' title='bbox 3034 4985 3342 5040; x_wconf 79' lang='lat' dir='ltr'><strong>referantur</strong></span> <span class='ocrx_word' id='word_1_763' title='bbox 3371 4998 3524 5042; x_wconf 84' lang='lat' dir='ltr'><strong>:tum</strong></span> 
     </span>
    </p>
   </div>
   <div class='ocr_carea' id='block_1_105' title="bbox 1920 5055 3522 5127">
    <p class='ocr_par' dir='ltr' id='par_1_105' title="bbox 1920 5055 3522 5127">
     <span class='ocr_line' id='line_1_106' title="bbox 1920 5055 3522 5127; baseline 0.001 -19"><span class='ocrx_word' id='word_1_764' title='bbox 1920 5058 2048 5127; x_wconf 82' lang='lat' dir='ltr'><strong>quid</strong></span> <span class='ocrx_word' id='word_1_765' title='bbox 2078 5055 2179 5111; x_wconf 89' lang='lat' dir='ltr'><strong>sibi</strong></span> <span class='ocrx_word' id='word_1_766' title='bbox 2209 5055 2270 5127; x_wconf 83' lang='lat' dir='ltr'><strong>in</strong></span> <span class='ocrx_word' id='word_1_767' title='bbox 2284 5055 2718 5127; x_wconf 87' lang='lat' dir='ltr'><strong>uniuscujusque</strong></span> <span class='ocrx_word' id='word_1_768' title='bbox 2742 5055 3069 5127; x_wconf 80' lang='lat' dir='ltr'><strong>allegatione</strong></span> <span class='ocrx_word' id='word_1_769' title='bbox 3094 5063 3148 5109; x_wconf 88' lang='lat' dir='ltr'><strong>et</strong></span> <span class='ocrx_word' id='word_1_770' title='bbox 3174 5058 3522 5127; x_wconf 71' lang='lat' dir='ltr'><strong>expositione</strong></span> 
     </span>
    </p>
   </div>
   <div class='ocr_carea' id='block_1_106' title="bbox 1923 5125 3524 5196">
    <p class='ocr_par' dir='ltr' id='par_1_106' title="bbox 1923 5125 3524 5196">
     <span class='ocr_line' id='line_1_107' title="bbox 1923 5125 3524 5196; baseline -0.001 -17"><span class='ocrx_word' id='word_1_771' title='bbox 1923 5126 2160 5196; x_wconf 80' lang='lat' dir='ltr'><strong>Isidorus</strong></span> <span class='ocrx_word' id='word_1_772' title='bbox 2191 5125 2349 5196; x_wconf 77' lang='lat' dir='ltr'><strong>velit,</strong></span> <span class='ocrx_word' id='word_1_773' title='bbox 2373 5125 2532 5196; x_wconf 22' lang='lat' dir='ltr'><strong>quod:</strong></span> <span class='ocrx_word' id='word_1_774' title='bbox 2553 5127 2807 5196; x_wconf 85' lang='lat' dir='ltr'><strong>equidem</strong></span> <span class='ocrx_word' id='word_1_775' title='bbox 2844 5125 2947 5196; x_wconf 76' lang='lat' dir='ltr'><strong>non</strong></span> <span class='ocrx_word' id='word_1_776' title='bbox 2976 5126 3176 5196; x_wconf 79' lang='lat' dir='ltr'><strong>ubique</strong></span> <span class='ocrx_word' id='word_1_777' title='bbox 3205 5127 3385 5195; x_wconf 85' lang='lat' dir='ltr'><strong>capio.</strong></span> <span class='ocrx_word' id='word_1_778' title='bbox 3410 5125 3524 5179; x_wconf 89' lang='lat' dir='ltr'><strong>Cur</strong></span> 
     </span>
    </p>
   </div>
   <div class='ocr_carea' id='block_1_107' title="bbox 1923 5194 3207 5266">
    <p class='ocr_par' dir='ltr' id='par_1_107' title="bbox 1923 5194 3207 5266">
     <span class='ocr_line' id='line_1_108' title="bbox 1923 5194 3207 5266; baseline -0.002 -15"><span class='ocrx_word' id='word_1_779' title='bbox 1923 5195 2068 5251; x_wconf 90' lang='lat' dir='ltr'><strong>enim</strong></span> <span class='ocrx_word' id='word_1_780' title='bbox 2103 5195 2204 5266; x_wconf 81' lang='grc' dir='ltr'><strong>τὴν</strong></span> <span class='ocrx_word' id='word_1_781' title='bbox 2237 5194 3006 5266; x_wconf 73' lang='grc' dir='ltr'>ἀμϐλυωπίαν“όίεείωυ1ειηῖ</span> <span class='ocrx_word' id='word_1_782' title='bbox 3040 5195 3207 5250; x_wconf 76' lang='lat' dir='ltr'><strong>lim.</strong></span> 
     </span>
    </p>
   </div>
   <div class='ocr_carea' id='block_1_108' title="bbox 314 5409 3526 5534">
    <p class='ocr_par' dir='ltr' id='par_1_108' title="bbox 314 5409 3526 5534">
     <span class='ocr_line' id='line_1_109' title="bbox 314 5409 3526 5486; baseline -0.002 -17"><span class='ocrx_word' id='word_1_783' title='bbox 314 5415 396 5486; x_wconf 84' lang='grc' dir='ltr'><strong>(ο)</strong></span> <span class='ocrx_word' id='word_1_784' title='bbox 437 5414 720 5469; x_wconf 81' lang='lat' dir='ltr'><strong>Eruditam</strong></span> <span class='ocrx_word' id='word_1_785' title='bbox 757 5429 890 5470; x_wconf 88' lang='lat' dir='ltr'><strong>sane</strong></span> <span class='ocrx_word' id='word_1_786' title='bbox 919 5427 970 5470; x_wconf 89' lang='lat' dir='ltr'><strong>et</strong></span> <span class='ocrx_word' id='word_1_787' title='bbox 1021 5416 1207 5471; x_wconf 90' lang='lat' dir='ltr'><strong>utilem</strong></span> <span class='ocrx_word' id='word_1_788' title='bbox 1263 5417 1435 5472; x_wconf 80' lang='lat' dir='ltr'><strong>sancti</strong></span> <span class='ocrx_word' id='word_1_789' title='bbox 1467 5415 1658 5472; x_wconf 89' lang='lat' dir='ltr'><strong>lsidori</strong></span> <span class='ocrx_word' id='word_1_790' title='bbox 1710 5416 1989 5485; x_wconf 81' lang='lat' dir='ltr'><strong>epistolam</strong></span> <span class='ocrx_word' id='word_1_791' title='bbox 2042 5413 2194 5469; x_wconf 81' lang='lat' dir='ltr'><strong>novis</strong></span> <span class='ocrx_word' id='word_1_792' title='bbox 2243 5413 2481 5483; x_wconf 77' lang='lat' dir='ltr'><strong>adjicere</strong></span> <span class='ocrx_word' id='word_1_793' title='bbox 2532 5413 2734 5468; x_wconf 90' lang='lat' dir='ltr'><strong>idcirco</strong></span> <span class='ocrx_word' id='word_1_794' title='bbox 2781 5411 3002 5483; x_wconf 86' lang='lat' dir='ltr'><strong>placuit,</strong></span> <span class='ocrx_word' id='word_1_795' title='bbox 3057 5409 3201 5479; x_wconf 91' lang='lat' dir='ltr'><strong>quod</strong></span> <span class='ocrx_word' id='word_1_796' title='bbox 3258 5409 3526 5476; x_wconf 80' lang='lat' dir='ltr'><strong>interpres</strong></span> 
     </span>
     <span class='ocr_line' id='line_1_110' title="bbox 314 5480 3526 5534; baseline 0 0"><span class='ocrx_word' id='word_1_797' title='bbox 314 5499 573 5534; x_wconf 71' lang='lat' dir='ltr'><strong>:rmanus.</strong></span> <span class='ocrx_word' id='word_1_798' title='bbox 615 5493 811 5534; x_wconf 74' lang='lat' dir='ltr'><strong>camera</strong></span> <span class='ocrx_word' id='word_1_799' title='bbox 837 5486 1105 5534; x_wconf 83' lang='lat' dir='ltr'><strong>eruditus.</strong></span> <span class='ocrx_word' id='word_1_800' title='bbox 1143 5486 1227 5534; x_wconf 83' lang='lat' dir='ltr'><strong>vel</strong></span> <span class='ocrx_word' id='word_1_801' title='bbox 1272 5487 1442 5534; x_wconf 80' lang='lat' dir='ltr'><strong>iusius</strong></span> <span class='ocrx_word' id='word_1_802' title='bbox 1464 5489 2071 5534; x_wconf 67' lang='lat' dir='ltr'><strong>conilessimie.senstttn</strong></span> <span class='ocrx_word' id='word_1_803' title='bbox 2103 5487 2285 5534; x_wconf 86' lang='lat' dir='ltr'><strong>minus</strong></span> <span class='ocrx_word' id='word_1_804' title='bbox 2329 5491 2414 5534; x_wconf 86' lang='lat' dir='ltr'><strong>est</strong></span> <span class='ocrx_word' id='word_1_805' title='bbox 2463 5493 2764 5534; x_wconf 73' lang='lat' dir='ltr'><strong>assecutus.</strong></span> <span class='ocrx_word' id='word_1_806' title='bbox 2789 5482 2919 5534; x_wconf 89' lang='lat' dir='ltr'><strong>vitio</strong></span> <span class='ocrx_word' id='word_1_807' title='bbox 2961 5480 3149 5534; x_wconf 88' lang='lat' dir='ltr'><strong>scrinti</strong></span> <span class='ocrx_word' id='word_1_808' title='bbox 3196 5480 3526 5534; x_wconf 72' lang='lat' dir='ltr'><strong>exettmlaria</strong></span> 
     </span>
    </p>
   </div>
   <div class='ocr_carea' id='block_1_109' title="bbox 241 5481 1826 5624">
    <p class='ocr_par' dir='ltr' id='par_1_109' title="bbox 241 5481 1826 5624">
     <span class='ocr_line' id='line_1_111' title="bbox 241 5481 1826 5555; baseline 0.001 -17"><span class='ocrx_word' id='word_1_809' title='bbox 241 5481 573 5544; x_wconf 78' lang='lat' dir='ltr'><strong>Germanus.</strong></span> <span class='ocrx_word' id='word_1_810' title='bbox 615 5493 812 5538; x_wconf 71' lang='lat' dir='ltr'><strong>cwtera</strong></span> <span class='ocrx_word' id='word_1_811' title='bbox 837 5486 1105 5545; x_wconf 87' lang='lat' dir='ltr'><strong>eruditus,</strong></span> <span class='ocrx_word' id='word_1_812' title='bbox 1143 5486 1227 5542; x_wconf 89' lang='lat' dir='ltr'><strong>vel</strong></span> <span class='ocrx_word' id='word_1_813' title='bbox 1272 5487 1442 5555; x_wconf 86' lang='lat' dir='ltr'><strong>ipsius</strong></span> <span class='ocrx_word' id='word_1_814' title='bbox 1464 5481 1826 5548; x_wconf 81' lang='lat' dir='ltr'><strong>confessione.</strong></span> 
     </span>
     <span class='ocr_line' id='line_1_112' title="bbox 245 5550 1824 5624; baseline 0.001 -16"><span class='ocrx_word' id='word_1_815' title='bbox 245 5553 530 5624; x_wconf 26' lang='lat' dir='ltr'><strong>liavara‘ci.</strong></span> <span class='ocrx_word' id='word_1_816' title='bbox 567 5550 711 5624; x_wconf 76' lang='lat' dir='ltr'><strong>Nam</strong></span> <span class='ocrx_word' id='word_1_817' title='bbox 735 5554 788 5606; x_wconf 89' lang='lat' dir='ltr'><strong>in</strong></span> <span class='ocrx_word' id='word_1_818' title='bbox 819 5557 932 5609; x_wconf 89' lang='lat' dir='ltr'><strong>suis</strong></span> <span class='ocrx_word' id='word_1_819' title='bbox 956 5555 1114 5609; x_wconf 85' lang='lat' dir='ltr'><strong>codd.</strong></span> <span class='ocrx_word' id='word_1_820' title='bbox 1145 5555 1312 5624; x_wconf 85' lang='lat' dir='ltr'><strong>abbas</strong></span> <span class='ocrx_word' id='word_1_821' title='bbox 1338 5555 1526 5610; x_wconf 87' lang='lat' dir='ltr'><strong>Billins</strong></span> <span class='ocrx_word' id='word_1_822' title='bbox 1560 5573 1663 5609; x_wconf 87' lang='lat' dir='ltr'><strong>non</strong></span> <span class='ocrx_word' id='word_1_823' title='bbox 1700 5571 1824 5624; x_wconf 86' lang='lat' dir='ltr'><strong>repe</strong></span> 
     </span>
    </p>
   </div>
   <div class='ocr_carea' id='block_1_110' title="bbox 1912 5481 3529 5624">
    <p class='ocr_par' dir='ltr' id='par_1_110' title="bbox 1912 5481 3529 5624">
     <span class='ocr_line' id='line_1_113' title="bbox 1916 5481 3529 5550; baseline -0.001 -12"><span class='ocrx_word' id='word_1_824' title='bbox 1916 5500 2071 5538; x_wconf 87' lang='lat' dir='ltr'><strong>nsum</strong></span> <span class='ocrx_word' id='word_1_825' title='bbox 2103 5481 2414 5538; x_wconf 79' lang='lat' dir='ltr'><strong>minusest</strong></span> <span class='ocrx_word' id='word_1_826' title='bbox 2463 5493 2764 5548; x_wconf 82' lang='lat' dir='ltr'><strong>assecutus,</strong></span> <span class='ocrx_word' id='word_1_827' title='bbox 2782 5481 2919 5536; x_wconf 53' lang='lat' dir='ltr'><strong>&#39;vitio</strong></span> <span class='ocrx_word' id='word_1_828' title='bbox 2961 5481 3149 5550; x_wconf 86' lang='lat' dir='ltr'><strong>scripti</strong></span> <span class='ocrx_word' id='word_1_829' title='bbox 3196 5481 3529 5548; x_wconf 75' lang='lat' dir='ltr'><strong>exemplaris</strong></span> 
     </span>
     <span class='ocr_line' id='line_1_114' title="bbox 1912 5552 3528 5624; baseline 0 -17"><span class='ocrx_word' id='word_1_830' title='bbox 1912 5594 1918 5607; x_wconf 82' lang='lat'><strong>.</strong></span> <span class='ocrx_word' id='word_1_831' title='bbox 1952 5553 2216 5623; x_wconf 87' lang='lat' dir='ltr'><strong>Equidem</strong></span> <span class='ocrx_word' id='word_1_832' title='bbox 2243 5552 2564 5624; x_wconf 76' lang='lat' dir='ltr'><strong>allaboravi,</strong></span> <span class='ocrx_word' id='word_1_833' title='bbox 2591 5552 3226 5624; x_wconf 81' lang='lat' dir='ltr'><strong>Vatican_i__cod._ope,ut</strong></span> <span class='ocrx_word' id='word_1_834' title='bbox 3259 5552 3361 5621; x_wconf 79' lang='lat' dir='ltr'><strong>legi</strong></span> <span class='ocrx_word' id='word_1_835' title='bbox 3388 5565 3528 5607; x_wconf 83' lang='lat' dir='ltr'><strong>nunc</strong></span> 
     </span>
    </p>
   </div>
   <div class='ocr_carea' id='block_1_111' title="bbox 244 5621 2106 5692">
    <p class='ocr_par' dir='ltr' id='par_1_111' title="bbox 244 5621 2106 5692">
     <span class='ocr_line' id='line_1_115' title="bbox 244 5621 2106 5692; baseline 0.001 -16"><span class='ocrx_word' id='word_1_836' title='bbox 244 5634 298 5676; x_wconf 92' lang='lat' dir='ltr'><strong>ct</strong></span> <span class='ocrx_word' id='word_1_837' title='bbox 330 5621 556 5691; x_wconf 83' lang='lat' dir='ltr'><strong>intelligi</strong></span> <span class='ocrx_word' id='word_1_838' title='bbox 592 5621 784 5692; x_wconf 77' lang='lat' dir='ltr'><strong>melius</strong></span> <span class='ocrx_word' id='word_1_839' title='bbox 807 5634 970 5692; x_wconf 88' lang='lat' dir='ltr'><strong>queat</strong></span> <span class='ocrx_word' id='word_1_840' title='bbox 996 5623 1220 5691; x_wconf 86' lang='lat' dir='ltr'><strong>epistola</strong></span> <span class='ocrx_word' id='word_1_841' title='bbox 1247 5639 1417 5679; x_wconf 67' lang='lat' dir='ltr'><strong>Sacrae</strong></span> <span class='ocrx_word' id='word_1_842' title='bbox 1449 5624 1745 5692; x_wconf 64' lang='lat' dir='ltr'><strong>Scriptura:</strong></span> <span class='ocrx_word' id='word_1_843' title='bbox 1762 5621 2106 5679; x_wconf 61' lang='lat' dir='ltr'><strong>illustrandae</strong></span> 
     </span>
    </p>
   </div>
   <div class='ocr_carea' id='block_1_112' title="bbox 2144 5621 3524 5690">
    <p class='ocr_par' dir='ltr' id='par_1_112' title="bbox 2144 5621 3524 5690">
     <span class='ocr_line' id='line_1_116' title="bbox 2144 5621 3524 5690; baseline -0.001 -15"><span class='ocrx_word' id='word_1_844' title='bbox 2144 5621 2457 5690; x_wconf 88' lang='lat' dir='ltr'><strong>peridonea,</strong></span> <span class='ocrx_word' id='word_1_845' title='bbox 2496 5623 2747 5690; x_wconf 78' lang='lat' dir='ltr'><strong>viamque</strong></span> <span class='ocrx_word' id='word_1_846' title='bbox 2778 5622 2907 5674; x_wconf 85' lang='lat' dir='ltr'><strong>aliis</strong></span> <span class='ocrx_word' id='word_1_847' title='bbox 2948 5622 3032 5675; x_wconf 69' lang='lat' dir='ltr'><strong>bis</strong></span> <span class='ocrx_word' id='word_1_848' title='bbox 3060 5631 3524 5690; x_wconf 88' lang='lat' dir='ltr'><strong>commonstraus.</strong></span> 
     </span>
    </p>
   </div>
   <div class='ocr_carea' id='block_1_113' title="bbox 249 5689 3526 5764">
    <p class='ocr_par' dir='ltr' id='par_1_113' title="bbox 249 5689 3526 5764">
     <span class='ocr_line' id='line_1_117' title="bbox 249 5689 3526 5764; baseline -0 -20"><span class='ocrx_word' id='word_1_849' title='bbox 249 5692 404 5764; x_wconf 87' lang='lat' dir='ltr'><strong>initio</strong></span> <span class='ocrx_word' id='word_1_850' title='bbox 432 5689 565 5742; x_wconf 73' lang='lat' dir='ltr'><strong>vero</strong></span> <span class='ocrx_word' id='word_1_851' title='bbox 592 5689 836 5764; x_wconf 37' lang='lat' dir='ltr'><strong>Paulum;</strong></span> <span class='ocrx_word' id='word_1_852' title='bbox 865 5689 1043 5764; x_wconf 64' lang='lat' dir='ltr'><strong>Iconii</strong></span> <span class='ocrx_word' id='word_1_853' title='bbox 1073 5693 1398 5748; x_wconf 82' lang='lat' dir='ltr'><strong>Mercurium</strong></span> <span class='ocrx_word' id='word_1_854' title='bbox 1444 5689 1770 5763; x_wconf 64' lang='lat' dir='ltr'><strong>eloquentiae</strong></span> <span class='ocrx_word' id='word_1_855' title='bbox 1807 5695 1978 5764; x_wconf 81' lang='lat' dir='ltr'><strong>gratia</strong></span> <span class='ocrx_word' id='word_1_856' title='bbox 2002 5689 2346 5764; x_wconf 76' lang='lat' dir='ltr'><strong>appellatum</strong></span> <span class='ocrx_word' id='word_1_857' title='bbox 2379 5690 2560 5764; x_wconf 67' lang='lat' dir='ltr'><strong>discas</strong></span> <span class='ocrx_word' id='word_1_858' title='bbox 2608 5689 2793 5764; x_wconf 78' lang='lat' dir='ltr'><strong>Actor.</strong></span> <span class='ocrx_word' id='word_1_859' title='bbox 2840 5704 2949 5764; x_wconf 51' lang='lat' dir='ltr'><strong>xlv,</strong></span> <span class='ocrx_word' id='word_1_860' title='bbox 3014 5689 3102 5752; x_wconf 79' lang='lat' dir='ltr'><strong>il,</strong></span> <span class='ocrx_word' id='word_1_861' title='bbox 3136 5691 3308 5764; x_wconf 66' lang='lat' dir='ltr'><strong>cuius</strong></span> <span class='ocrx_word' id='word_1_862' title='bbox 3359 5701 3414 5743; x_wconf 83' lang='lat' dir='ltr'><strong>et</strong></span> <span class='ocrx_word' id='word_1_863' title='bbox 3475 5693 3526 5744; x_wconf 88' lang='lat' dir='ltr'><strong>in</strong></span> 
     </span>
    </p>
   </div>
   <div class='ocr_carea' id='block_1_114' title="bbox 248 5757 3527 5831">
    <p class='ocr_par' dir='ltr' id='par_1_114' title="bbox 248 5757 3527 5831">
     <span class='ocr_line' id='line_1_118' title="bbox 248 5757 3527 5831; baseline -0.001 -17"><span class='ocrx_word' id='word_1_864' title='bbox 248 5763 691 5831; x_wconf 12' lang='lat' dir='ltr'><strong>prosituaicpist.</strong></span> <span class='ocrx_word' id='word_1_865' title='bbox 729 5760 831 5815; x_wconf 74' lang='lat'><strong>“5</strong></span> <span class='ocrx_word' id='word_1_866' title='bbox 879 5760 1084 5817; x_wconf 83' lang='lat' dir='ltr'><strong>Uranin</strong></span> <span class='ocrx_word' id='word_1_867' title='bbox 1111 5764 1340 5817; x_wconf 77' lang='lat' dir='ltr'><strong>diacono</strong></span> <span class='ocrx_word' id='word_1_868' title='bbox 1381 5757 1963 5819; x_wconf 49' lang='lat' dir='ltr'><strong>missa}nnnnctninit.</strong></span> <span class='ocrx_word' id='word_1_869' title='bbox 1999 5757 2103 5816; x_wconf 78' lang='lat' dir='ltr'><strong>l’ro</strong></span> <span class='ocrx_word' id='word_1_870' title='bbox 2139 5760 2555 5831; x_wconf 83' lang='grc' dir='ltr'>περιενεχθῆναι</span> <span class='ocrx_word' id='word_1_871' title='bbox 2600 5770 2720 5816; x_wconf 82' lang='lat' dir='ltr'><strong>erat</strong></span> <span class='ocrx_word' id='word_1_872' title='bbox 2765 5761 2817 5814; x_wconf 90' lang='lat' dir='ltr'><strong>in</strong></span> <span class='ocrx_word' id='word_1_873' title='bbox 2861 5757 3020 5815; x_wconf 77' lang='lat' dir='ltr'><strong>Rom.</strong></span> <span class='ocrx_word' id='word_1_874' title='bbox 3050 5759 3170 5814; x_wconf 84' lang='lat' dir='ltr'><strong>cod.</strong></span> <span class='ocrx_word' id='word_1_875' title='bbox 3203 5757 3393 5829; x_wconf 81' lang='lat' dir='ltr'><strong>script.</strong></span> <span class='ocrx_word' id='word_1_876' title='bbox 3429 5773 3527 5812; x_wconf 70' lang='lat' dir='ltr'><strong>ns-</strong></span> 
     </span>
    </p>
   </div>
   <div class='ocr_carea' id='block_1_115' title="bbox 251 5830 611 5899">
    <p class='ocr_par' dir='ltr' id='par_1_115' title="bbox 251 5830 611 5899">
     <span class='ocr_line' id='line_1_119' title="bbox 251 5830 611 5899; baseline -0.008 -15"><span class='ocrx_word' id='word_1_877' title='bbox 251 5830 611 5899; x_wconf 76' lang='grc' dir='ltr'>ριενηνέχθαι.</span> 
     </span>
    </p>
   </div>
  </div>
