3976 6444
551 448 684 513 1187

1742 452 1801 511 S.
1850 449 2138 512 lSlDORI
2175 444 2611 507 PELUSIOT/E

3662 443 3793 511 1188

538 563 736 632 plura?
766 581 785 615 ι
827 563 975 617 Sicut
1012 579 1114 618 non
1150 575 1273 618 sunt
1306 564 1508 618 similes
1543 561 1711 617 facies
1742 561 1998 621 faciehus,
2032 562 2101 614 ita

2206 560 2339 612 πᾶσι
2362 557 2675 633 χαρακτὴρ,
2718 554 2809 609 καὶ
2840 554 2895 608 ιν
2918 554 3161 625 τοσαύτῃ
3186 552 3389 625 πληθύῖ
3412 521 3650 626 διαφορὰ
3675 556 3789 626 (70)

542 666 718 721 neque
748 654 908 707 corda
936 653 1233 707 hominum.
1267 671 1284 703 ι
1313 651 1357 708 Ο
1388 666 1499 706 rem
1528 652 1937 705 admirandam!
1965 665 2102 703 unus

544 743 789 811 idemque
820 743 958 796 inest
987 744 1233 798 omnibus
1272 743 1557 797 character
1586 759 1599 796 :
1640 752 1695 797 et
1729 744 1782 795 in
1829 751 1971 795 tanta
2004 741 2103 796 lto-

537 836 738 887 mutum
756 833 1099 887 multitudine
1114 849 1332 887 omnum
1355 834 1495 887 inest
1516 832 1815 888 diﬂ'erentia
1838 830 2099 895 vultuum,

540 933 598 975 ut
627 922 694 977 iis
715 923 803 991 qui
838 924 1019 977 vident
1044 924 1243 992 agnitio
1271 923 1609 977 confusionis
1636 935 1828 989 expers
1851 930 2102 975 constare

541 1014 725 1080 ponit.
759 1013 1074 1083 Quanquam
1109 1014 1251 1067 enim
1278 1015 1544 1067 interdum
1574 1016 1621 1067 in
1653 1013 1919 1083 aliquibus
1950 1014 2110 1067 simi-

542 1102 710 1158 litudo
739 1104 913 1158 inesse
948 1104 1179 1163 videtur.
1209 1112 1386 1159 tamen
1420 1106 1639 1158 omnino
1691 1104 1969 1173 quidpiam
2019 1105 2104 1156 in-

542 1195 784 1247 venietur
817 1194 869 1246 in
904 1193 1089 1247 iisdem
1131 1198 1272 1264 quod
1306 1211 1400 1250 eos
1439 1195 1797 1249 discriminet.
1837 1193 1970 1247 Nam
2004 1193 2104 1248 etsi

543 1284 779 1353 pulchris
817 1286 986 1339 oculis
1018 1287 1225 1355 praediti
1252 1289 1360 1340 sint
1394 1286 1565 1351 multi,
1601 1296 1800 1351 tamen,
1830 1289 1968 1341 inter
2004 1286 2101 1340 bos

540 1391 752 1445 quoque
780 1386 864 1432 est
895 1375 1213 1432 diﬂ'ereutia.
1244 1378 1347 1431 Alii
1394 1378 1540 1432 enim
1583 1378 1758 1433 caesiis
1787 1378 1981 1443 oculis,
2011 1379 2101 1431 alii

542 1480 766 1519 uvarum
794 1466 1025 1520 colorem
1057 1479 1115 1520 ac
1146 1469 1393 1534 speciem
1415 1467 1795 1531 referentibus,
1826 1466 1915 1519 alii
1950 1466 2108 1536 nigri-

543 1552 789 1606 cantibus
822 1552 1205 1620 reperiuntur:
1250 1553 1339 1605 alii
1379 1554 1543 1607 etiam
1583 1553 1957 1607 albicantibus.
2000 1552 2105 1606 Sed

541 1654 597 1698 et
627 1644 676 1695 iu
704 1644 910 1711 capillis
933 1644 1182 1712 quiddam
1210 1644 1348 1698 inest
1378 1644 1665 1709 peculiare.
1697 1644 1847 1710 Quod
1876 1645 1919 1698 si
1940 1644 2104 1699 etiam

542 1732 663 1786 simi
693 1743 816 1787 sunt
848 1734 1013 1803 aliqui
1042 1750 1057 1796 ;
1100 1744 1155 1787 at
1189 1750 1290 1788 non
1340 1749 1524 1787 onmes
1567 1734 1756 1788 eodem
1809 1736 1987 1799 modo,
2014 1737 2106 1790 sed

544 1822 632 1877 hic
660 1824 818 1886 istud,
847 1823 935 1878 ille
977 1824 1105 1879 illud
1142 1826 1442 1878 membrum
1492 1824 1651 1879 habet
1691 1824 1999 1879 formosius.
2041 1826 2109 1879 Et

2204 650 2422 710 πάντως
2452 647 2628 700 ἔνεστι
2659 645 2983 715 προσώπων,
3020 644 3093 708 ὡς
3120 644 3427 715 ἀσύγχυτον
3450 648 3564 707 τοῖς
3585 647 3789 717 ὁρῶσιν

2202 734 2469 805 εἶναιτὴν
2511 735 2729 804 γνῶσιν.
2767 735 2828 788 El
2862 733 2970 805 γὰρ
3001 733 3093 786 καί
3134 751 3265 787 ποτε
3302 733 3359 786 ἐν
3398 750 3542 787 τισιν
3588 737 3791 791 ἐνεῖναι

2200 828 2339 894 δόξει
2365 826 2639 896 ὁμοιότης,
2675 824 2787 877 ἀλλ’
2822 823 3174 894 εὑρεθήσεται
3203 840 3257 876 τι
3284 825 3502 889 πάντως
3526 825 3588 878 τὸ
3618 826 3790 898 διορί-

2203 917 2381 981 ζον.Εἰ
2399 916 2506 985 γὰρ
2528 916 2619 968 καὶ
2632 914 2960 984 εὐόφθαλμοί
2978 916 3083 985 εἰσι
3095 913 3439 977 uenabula
3456 916 3563 969 κάν
3578 916 3792 981 τούτοις

2202 1008 2318 1060 ἐστὶ
2346 983 2595 1076 διαφορά.
2625 1006 2686 1059 οι
2724 1005 2821 1075 μὲν
2842 983 2951 1076 ⁴ιιὰρ
2982 983 3093 1076 (7i)
3117 1008 3386 1075 χαροποὶ,
3413 1009 3463 1059 οἱ
3485 1007 3531 1059 δ’
3558 1006 3791 1072 οἰνίζον-

2201 1114 2313 1159 τες,
2339 1097 2393 1149 οἱ
2416 1096 2471 1149 δὲ
2494 1095 2897 1166 μελανόμματοι
2918 1094 3283 1165 εὑρίσκονται,
3310 1096 3358 1147 oi
3379 1095 3433 1148 δὲ
3459 1098 3552 1149 καὶ
3580 1092 3789 1155 λευκοί.

2216 1188 2377 1242 Ἀλλὰ
2402 1188 2495 1241 καὶ
2520 1188 2576 1240 ὲν
2594 1185 2765 1256 θριξὶν
2798 1185 2995 1254 ἰδιότης
3011 1186 3181 1239 ἐστίν’
3212 1188 3261 1239 ιι
3280 1187 3335 1239 δὲ
3358 1189 3450 1241 καὶ
3476 1189 3651 1258 σιμοὶ,
3670 1189 3791 1241 ἀλλ’

2204 1279 2265 1332 οὐ
2289 1280 2487 1341 πάντες
2511 1276 2730 1347 ὁμοίως·
2754 1276 2867 1330 ἀλλ’
2889 1278 2917 1328 6
2940 1276 3040 1345 μὲν
3067 1275 3245 1339 τοῦτο,
3276 1280 3304 1331 6
3323 1278 3379 1331 δὲ
3406 1278 3583 1332 ἐκεῖνο
3606 1280 3671 1331 τὸ

2204 1370 2293 1432 λος
2323 1369 2538 1422 κάλλιον
2574 1369 2707 1436 ἔχει·
2744 1367 2838 1420 καὶ
2876 1368 2905 1420 6
2936 1366 3032 1437 μὲν
3056 1365 3268 1431 λευκὸς,
3309 1369 3337 1420 ό
3379 1366 3437 1420 δὲ
3466 1368 3660 1437 μέλας⁹
3691 1370 3791 1423 καὶ

2207 1458 2420 1520 πάντως
2457 1456 2573 1510 ἐστὶ
2602 1457 2662 1509 τὸ
2685 1455 2935 1520 διοιδίζον.
2970 1456 3044 1509 Οὐ
3072 1458 3182 1528 γὰρ
3208 1457 3385 1511 πάντα
3415 1450 3526 1510 οἷον
3561 1459 3676 1530 (72)
3707 1462 3791 1512 sl-

2206 1552 2347 1602 πεῖν·
2383 1548 2522 1601 οὕτω
2567 1548 2661 1601 καὶ
2690 1549 2741 1602 αἱ
2792 1547 3007 1619 καρδίαι
3052 1548 3161 1600 τῶν
3197 1547 3519 1618 ἀνθρώπων·
3569 1552 3631 1603 οὐ
3679 1551 3791 1619 γὰρ

2208 1642 2341 1694 πᾶσι
2367 1640 2433 1692 τὰ
2465 1638 2603 1693 αὐτὰ
2631 1639 2872 1710 ἀρέσκει·
2911 1637 3045 1691 ἀλλὰ
3082 1640 3193 1700 τοῖς
3218 1638 3317 1709 μὲν
3351 1622 3558 1703 ταῦτα,
3598 1645 3714 1704 τοῖς
3740 1643 3789 1696 δ’

2206 1733 2408 1785 ἐκεῖνα.
2434 1731 2542 1783 Καὶ
2561 1729 2715 1783 αὐτοὶ
2734 1730 2791 1783 δὲ
2812 1730 2861 1781 οἱ
2885 1728 2992 1782 τῶν
3014 1728 3193 1783 αὐτῶν
3213 1729 3437 1798 ἐρασταὶ
3456 1732 3555 1800 οὐχ
3581 1732 3789 1801 ὁμοίως

2210 1820 2337 1891 περὶ
2372 1820 2438 1872 τὰ
2469 1818 2746 1889 ὲπέραστα
2772 1817 3003 1887 ἔχουσινθ
3048 1816 3164 1870 ἀλλ’
3193 1819 3242 1869 οἰ
3278 1818 3376 1888 μὲν
3411 1820 3699 1889 μειζόνων,
3733 1822 3787 1873 oi

542 1908 909 1980 aliusqu'idem
934 1912 1193 1966 candidus
1219 1922 1323 1975 est,
1346 1912 1482 1965 alius
1504 1922 1682 1967 autem
1706 1913 1859 1981 niger
1888 1930 1901 1967 :
1930 1915 2104 1968 omni-

2207 1909 2261 1962 δὲ
2318 1908 2554 1980 μετρίων
2586 1905 2696 1978 (75)
2753 1907 3014 1975 ἐφίενται.
3066 1906 3235 1959 Πόσοι
3280 1906 3555 1977 σώφρονές
3602 1909 3784 1962 εἰσινὶ

543 2016 717 2071 noque
746 2010 828 2056 est
849 2003 1071 2073 aliquid,
1099 2004 1243 2073 quod
1275 2005 1564 2059 discrimen
1602 2005 1742 2058 inter
1769 2020 1863 2059 eos
1914 2004 2100 2061 faciat.

543 2093 726 2163 Neque
757 2097 898 2148 enim
952 2095 1131 2149 omnia
1164 2096 1341 2149 verbis
1385 2095 1610 2164 exprimi
1642 2104 1882 2163 possunt.
1920 2095 2013 2151 Sic
2053 2106 2108 2151 et

542 2186 704 2241 corda
756 2186 1026 2239 hominum
1070 2193 1193 2239 sunt
1218 2196 1549 2253 comparata.
1601 2183 1737 2239 Nam
1780 2200 1881 2241 non
1917 2187 2104 2243 eadem

541 2277 790 2331 omnibus
822 2277 1031 2346 placent
1070 2294 1083 2331 :
1113 2277 1204 2332 sed
1234 2277 1353 2331 aliis
1389 2278 1603 2345 quidem
1647 2278 1781 2343 haec,
1821 2280 1939 2333 aliis
1978 2296 2106 2336 vero

544 2368 652 2421 illa.
678 2368 813 2435 Quid
839 2370 978 2437 quod
1012 2369 1083 2422 illi
1107 2371 1225 2437 ipsi,
1255 2370 1344 2439 qui
1374 2370 1689 2425 earumdem
1713 2386 1890 2425 rerum
1921 2386 2107 2428 amore

546 2469 815 2521 tenentur,
852 2471 956 2512 non
993 2458 1181 2513 eodem
1211 2460 1367 2513 modo
1389 2474 1513 2527 erga
1558 2476 1645 2514 res
1687 2470 1893 2514 amatas
1930 2459 2107 2517 affecti

544 2560 688 2613 aunt,
717 2550 808 2604 sed
834 2550 924 2603 alii
956 2552 1349 2614 vehementius,
1382 2552 1469 2604 alii
1501 2551 1828 2604 moderatius
1853 2568 1946 2605 eas
1978 2567 2105 2607 con-

543 2638 1049 2707 cupiscuntiQuant
1091 2641 1238 2695 multi
1276 2651 1399 2695 sunt
1425 2641 1593 2695 sobrii
1621 2654 1683 2695 ac
1708 2644 2107 2711 temperantes?

541 2730 611 2783 At
639 2730 990 2784 dissimiliter.
1025 2731 1125 2784 Alii
1167 2746 1399 2799 namque
1425 2731 1825 2799 virginitatem,
1856 2732 1943 2786 alii
1975 2748 2103 2787 con-

544 2821 848 2880 tinentiam,
888 2820 978 2873 alii
1010 2822 1241 2891 denique
1275 2822 1595 2877 ltonorabile
1624 2822 1932 2891 coniugium
1978 2835 2103 2879 sunt

546 2909 798 2976 amplexi.
837 2907 1007 2973 Quam
1039 2909 1185 2961 umlti
1220 2920 1339 2964 sunt
1386 2910 1799 2964 misericordes?
1829 2912 1933 2965 Sed
1970 2913 2108 2968 inter

544 3013 604 3051 se
635 2996 903 3050 diiierunt.
944 2997 1114 3063 Quam
1166 2999 1315 3051 multi
1360 3009 1485 3052 sunt
1530 3000 1701 3068 justi?
1742 3001 1849 3055 Sed
1877 3002 2105 3058 variant.

543 3087 657 3143 Non
687 3089 855 3142 solum
895 3099 1070 3142 autem
1105 3089 1155 3141 in
1208 3090 1524 3153 virtutibus,
1560 3092 1655 3146 sed
1689 3092 1743 3145 in
1794 3092 1936 3147 vitiis
1967 3108 2105 3163 quo-

2207 2001 2322 2055 ἀλλ’
2382 2000 2479 2070 οὐχ
2522 1999 2742 2069 ὁμοίως.
2802 1996 2866 2053 0i
2912 1997 3011 2067 μὶν
3064 1997 3172 2068 γὰρ
3211 1998 3308 2067 τὴν
3365 1999 3687 2068 παρθενίαν,
3732 2002 3787 2054 οἱ

2206 2092 2261 2145 δὲ
2287 2092 2385 2162 τὴν
2414 2093 2759 2162 ἐγκράτειαν,
2799 2090 2847 2143 οἱ
2876 2090 2933 2143 δὲ
2973 2089 3065 2143 τὸν
3115 2088 3330 2158 ἔντιμον
3369 2089 3546 2159 γάμον
3598 2090 3787 2160 ήσπά-

2207 2198 2387 2236 σαντο.
2430 2184 2591 2236 Πόσοι
2639 2182 2956 2252 ἐλεήμονεςὲ
3011 2180 3129 2235 ἀλλ’
3168 2180 3376 2233 ἑαυτῶν
3436 2181 3781 2253 διαφέρουσι.

2205 2274 2369 2327 Πόσοι
2396 2272 2621 2326 δίκαιοιῖ
2657 2272 2791 2325 ἀλλὰ
2819 2271 3237 2324 διαλλάττουσιν.
3270 2271 3345 2324 Οὐ
3374 2270 3533 2341 μόνον
3556 2272 3647 2323 ἐπὶ
3676 2272 3787 2325 τῶν

2206 2365 2417 2435 ἀρετῶν
2442 2363 2577 2435 (Ἡ),
2601 2362 2736 2416 ἀλλὰ
2765 2364 2857 2415 καὶ
2893 2362 3110 2415 ἐπὶτῶν
3135 2361 3343 2415 κακιῶν
3364 2363 3425 2415 τὸ
3457 2362 3590 2415 αὐτὸ
3632 2361 3785 2415 ἔστιν

2211 2458 2356 2511 ίδεῐν.
2414 2458 2577 2510 Πόσοι
2625 2456 2730 2509 εἰσὶ
2775 2455 3055 2509 κάκιστοιι
3102 2455 3235 2507 ἀλλὰ
3276 2454 3538 2525 διορισμῷ
3578 2456 3784 2526 γνωρί-

2208 2547 2411 2611 ζονται.
2465 2547 2627 2599 Πόσοι
2670 2545 2891 2613 λάγνοιι
2939 2545 3054 2600 ἀλλ’
3084 2548 3145 2599 οὐ
3192 2546 3392 2609 πάντες
3430 2550 3539 2611 τοῖς
3594 2548 3784 2611 αὐτοῖς

2206 2637 2470 2690 ἑάλωσαν.
2525 2636 2589 2689 El
2639 2635 2695 2689 δὲ
2735 2636 2828 2689 καὶ
2872 2637 2985 2697 τοῖς
3050 2636 3233 2698 αὐτοῖς
3286 2635 3483 2697 ἁλοῖεν,
3546 2634 3662 2688 ἀλλ’
3720 2638 3781 2688 οὐ

2207 2729 2409 2790 πάντες
2438 2726 2640 2796 ὁμοίως
2683 2726 3002 2779 διάκεινται·
3050 2724 3190 2776 ἀλλὰ
3240 2727 3292 2777 οι
3325 2724 3425 2794 μὲν
3468 2726 3589 2786 ταῖς
3637 2728 3782 2779 κατὰ

2208 2818 2389 2885 φύσιν,
2420 2819 2469 2869 οἱ
2498 2817 2554 2869 δὲ
2582 2819 2704 2879 ταῖς
2734 2815 3049 2887 ύπερορίαις
3076 2814 3190 2884 (75)
3220 2815 3512 2887 τέρπονται
3542 2817 3776 2887 ἡδοναῖς’

2206 2912 2253 2962 οἱ
2311 2909 2418 2980 μὲν·
2450 2911 2530 2971 εἰς
2576 2910 2672 2980 τὴν
2710 2908 2929 2978 ἔννομον
2976 2909 3137 2976 φύσιν
3184 2907 3570 2978 παροινοῦσιν-
3627 2908 3677 2970 ot
3724 2907 3782 2959 δὲ

2211 3000 2303 3053 καὶ
2344 2998 2441 3069 τὴν
2494 3000 2848 3069 ἑδραστήριον
2872 2998 2981 3067 (76)
3015 2996 3341 3067 ὑϐρίζουσιν.
3372 2997 3434 3050 Οἱ
3469 2996 3567 3067 μὲν
3614 2997 3782 3066 ψοφο-

2207 3090 2347 3152 δεεῖς
2366 3089 2477 3159 (77,
2516 3092 2671 3140 εἰσιν·
2697 3090 2744 3140 οἱ
2771 3088 2827 3140 δὲ
2860 3088 3235 3157 ῥιψοκίνδυνοι.
3261 3089 3323 3141 Ol.
3353 3088 3451 3159 μὲν
3491 3089 3743 3157 φειδωλοί
3763 3106 3777 3119 ·

542 3194 650 3249 que
676 3180 815 3233 idem
844 3180 1026 3235 videre
1054 3188 1137 3233 est
1160 3180 1469 3235 discrimen.
1502 3181 1673 3248 Quam
1712 3182 1859 3237 multi
1884 3184 2100 3253 pessimi

2206 3179 2333 3232 οἷ’δὲ
2355 3179 2570 3233 ἄσωτοι.
2597 3178 2659 3230 Ui
2680 3177 2777 3247 μὲν
2796 3177 2913 3229 οὐδὲ
2940 3176 3097 3243 λόγου
3125 3175 3639 3229 ἀκοῦσαιδύνανται·
3662 3178 3778 3231 οιδδ

545 3271 982 3339 vitiosissimique
1028 3272 1187 3324 sunt?
1218 3270 1595 3327 Verumtamen
1633 3273 1934 3329 differentia
1967 3290 2100 3343 qua-

2206 3273 2325 3326 οὐδὲ
2354 3273 2448 3336 τὰς
2470 3274 2739 3342 τιμωρίας
2789 3272 3119 3342 φρίττουσιν.
3146 3275 3209 3323 Οἱ
3243 3270 3339 3341 μὲν
3364 3271 3593 3334 κόλακές
3619 3274 3775 3325 εἰσιν·
3842 3336 3847 3339 7

544 3360 666 3415 dam
696 3359 1151 3415 internascuntur.
1200 3361 1369 3427 Quam
1430 3362 1580 3416 multi
1639 3374 1766 3417 sunt
1798 3363 2104 3419 libidinibus

2206 3366 2252 3415 oi.
2282 3365 2338 3416 δὲ
2365 3363 2754 3417 κολακεύεσθαι
2785 3362 3083 3432 βούλονται.
3130 3365 3193 3416 Οἱ
3231 3363 3329 3433 μὲν
3362 3363 3500 3434 μέθῃ
3529 3364 3773 3434 ἥδονται·

544 3449 748 3504 dediti?
776 3451 841 3502 At
874 3465 975 3503 non
1030 3465 1218 3505 omnes
1271 3450 1461 3505 iisdem
1512 3456 1655 3521 capti
1684 3462 1828 3507 sunt.
1869 3453 2022 3519 Quod
2062 3454 2104 3507 si

2206 3458 2252 3507 οἱ
2282 3455 2339 3507 δὲ
2368 3454 2536 3517 θέαις.
2565 3455 2628 3507 0i
2668 3448 2766 3523 μὲν
2797 3455 2960 3525 ᾠδαῖς
2985 3495 2998 3518 ,
3028 3456 3078 3507 οἱ
3114 3454 3171 3507 δὲ
3203 3455 3421 3527 θρήνοις
3440 3472 3454 3486 -
3488 3458 3536 3508 oi
3582 3455 3682 3524 μὲν
3719 3457 3779 3509 ἐν

542 3541 705 3594 etiam
736 3540 921 3594 iisdem
950 3556 1163 3610 quoque
1189 3542 1504 3611 capiantur;
1538 3551 1595 3596 at
1620 3558 1724 3597 non
1747 3559 1934 3598 omnes
1959 3543 2104 3598 simi-

2210 3548 2328 3607 ταῖς
2361 3546 2586 3615 ἐρήμοις
2608 3583 2623 3607 ,
2666 3546 2715 3596 oi
2742 3544 2799 3597 δὲ
2829 3546 2885 3597 ἐν
2915 3548 3035 3606 ταῖς
3069 3545 3255 3597 πόλεσι
3291 3544 3663 3615 λῃστεύουσιν.
3716 3548 3778 3599 Οἱ

545 3633 665 3687 liter
693 3632 866 3687 affecti
896 3642 1051 3698 sunt;
1088 3647 1269 3687 verum
1301 3633 1390 3686 alii
1417 3634 1776 3701 voluptatibus
1809 3635 2102 3689 secundum

2214 3636 2313 3705 μὲν
2354 3634 2616 3703 φονῶσινο
2663 3635 2711 3687 oi
2744 3634 2800 3686 δὲ
2845 3634 2963 3686 οὐδὲ
3010 3634 3202 3699 ἄλογον
3246 3635 3615 3711 σφαττόμενον
3645 3636 3779 3689 ἰδεῖν

545 3734 814 3787 naturam,
843 3723 929 3777 alii
968 3723 1331 3791 voluptatibus
1370 3740 1401 3777 a
1454 3733 1645 3778 natura
1689 3725 2104 3779 abhorrentibus

2210 3726 2591 3795 ὑπομένουσιν.
2619 3726 2678 3779 0i
2703 3725 2803 3793 μὲν
2825 3725 2987 3778 δειλοὶ
3009 3728 3165 3778 εἰσινο
3196 3726 3246 3778 oi
3273 3725 3327 3778 δὲ
3351 3726 3593 3796 θρασεῖς.
3638 3726 3778 3779 Ἀλλ’

545 3812 901 3865 delectantur.
932 3811 1034 3866 Alii
1068 3813 1282 3881 quidem
1311 3814 1365 3867 in
1392 3812 1682 3882 legitimam
1704 3796 1949 3868 iraturam
1982 3829 2104 3883 pec-

2208 3819 2257 3869 εῐ
2300 3816 2475 3868 πάντα
2506 3815 2574 3867 τὰ
2622 3817 2993 3886 ἁμαρτήματα
3026 3816 3537 3887 καταριθμήσασθαι
3572 3819 3781 3888 ἐπιχει-

543 3910 670 3955 caut
694 3910 749 3954 et
777 3901 1157 3966 libidinantur;
1207 3901 1296 3955 alii
1326 3916 1452 3955 vero
1492 3904 1651 3955 etiam
1686 3903 1947 3971 posticam
1981 3916 2104 3956 cor-

2210 3906 2457 3975 ρήσαιμι,
2487 3905 2596 3957 οὐδ’
2624 3906 2671 3958 εἰ
2696 3905 3005 3959 παύσασθαι
3034 3889 3343 3976 βουλοίμην,
3370 3906 3655 3978 δυναίμην.
3688 3909 3781 3962 Διὸ

544 3992 687 4059 poris
728 4002 933 4060 partem
979 3992 1304 4047 contumelia
1344 3992 1607 4048 afficiunt.
1651 3994 1753 4046 Alii
1805 3994 2101 4047 meticulosi

2207 3994 2495 4056 ἐκθειάσας
2520 3994 2616 4057 τὰς
2648 3994 2796 4063 ἱερὰς
2828 3996 2921 4048 καὶ
2956 3995 3101 4059 θείας
3128 3996 3167 4047 Γ
3171 3996 3380 4067 ραφὰς,
3414 3994 3780 4058 καταπαύσω,

543 4095 607 4133 ac
632 4081 801 4134 timidi
835 4092 993 4146 sunt;
1037 4082 1130 4135 alii
1157 4082 1393 4136 audaces
1425 4090 1481 4136 et
1512 4082 1869 4149 praefidentes.
1900 4081 2003 4133 Alii
2038 4090 2254 4137 tenaces
2287 4098 2350 4137 ac
2382 4084 2569 4151 parci;
2608 4084 2695 4137 alii
2729 4084 2931 4153 profusi
2986 4100 3050 4138 ac
3108 4096 3346 4153 nepotes.
3381 4085 3487 4140 Alii
3542 4072 3784 4141 never;

542 4172 666 4223 Imm
700 4171 912 4239 quidem
937 4173 1123 4226 audire
1154 4180 1378 4239 possunt
1412 4169 1734 4235 acrius;alii
1757 4177 1945 4222 contra
2011 4181 2137 4224 sunt
2171 4172 2260 4240 qui
2293 4188 2358 4226 ne
2388 4174 2646 4243 supplicia
2676 4174 2842 4246 476
2867 4176 3079 4245 quidem
3128 4175 3373 4231 horrent.
3440 4175 3543 4229 Alii
3586 4177 3782 4231 adula-

542 4272 687 4319 tores
710 4274 862 4329 sunt;
895 4264 985 4317 alii
1018 4278 1143 4318 vero
1173 4279 1234 4318 se
1266 4263 1472 4317 adulari
1511 4261 1713 4317 volunt.
1760 4262 1864 4315 Alii
1908 4262 2169 4319 ebrietate
2196 4266 2446 4334 gaudent,
2513 4266 2601 4319 alii
2672 4268 3026 4336 spectaculis;
3082 4267 3173 4321 alii
3207 4266 3479 4333 cantibus,
3552 4265 3645 4320 alii
3695 4267 3779 4320 ia-

536 4341 975 4411 ‘mentationihus.
1006 4356 1108 4411 Alii
1157 4358 1211 4412 in
1255 4356 1510 4423 desertis,
1543 4356 1634 4410 alii
1668 4358 1721 4409 in
1754 4356 1976 4410 urbibus
2042 4357 2323 4411 latrocinia
2386 4368 2661 4416 exercent.
2711 4362 2812 4414 Alii
2882 4364 3055 4416 caedes
3103 4362 3313 4431 spirant
3352 4371 3407 4415 et
3471 4371 3777 4441 appetunt;

545 4447 629 4499 alii
662 4462 726 4500 ne
767 4447 976 4501 brutum
1005 4449 1217 4514 quidem
1262 4446 1463 4501 animal
1508 4454 1799 4501 mactatum
1834 4446 2095 4515 aspicere
2133 4462 2288 4515 aequo
2315 4450 2496 4501 animo
2528 4459 2767 4517 possunt.
2799 4449 2901 4504 Alii
2970 4448 3167 4517 ignavi,
3202 4448 3291 4501 alii
3368 4446 3581 4503 feroces
3606 4460 3771 4502 sunt.

544 4537 651 4592 Sed
683 4536 724 4590 si
751 4538 925 4591 omnia
966 4538 1243 4592 hominum
1285 4546 1507 4607 peccata
1548 4549 1869 4591 enumerare
1912 4549 2098 4601 coner,
2141 4550 2207 4589 ne
2251 4536 2295 4589 si
2358 4535 2520 4590 velim
2560 4537 2773 4607 quidem
2806 4538 3009 4591 exitum
3080 4534 3325 4591 invenire
3376 4549 3441 4592 ac
3499 4538 3774 4602 desinere,

547 4627 767 4698 possim.
815 4627 1148 4698 Quapropter
1206 4636 1493 4683 veneratus
1541 4641 1725 4683 sacras
1775 4640 1839 4681 ac
1900 4626 2109 4681 divinas
2150 4625 2479 4697 Scripturas,
2517 4627 2605 4682 bic
2639 4628 2799 4683 finem
2838 4627 3054 4685 faciam.

1643 4802 1879 4859 VARIE
1915 4802 2301 4860 LECTIONES
2335 4802 2423 4857 ET
2458 4801 2689 4858 ΝΟΤλΕ.

542 4976 896 5045 prospiciunt,
935 4977 1056 5045 dum
1088 4990 1191 5027 non
1226 4974 1400 5028 solum
1458 4974 1511 5027 in
1546 4972 1775 5037 actione,
1809 4973 1900 5028 sed
1934 4975 2096 5030 etiam

2206 5044 2211 5045 7
2240 5044 2245 5045 7
2273 4972 2383 5043 (75)
2403 4973 2540 5045 Cod.
2572 4973 2691 5029 Vat.
2719 4973 2821 5028 650
2861 4987 2957 5042 pro
2990 4971 3253 5045 μειζόνων
3288 4979 3346 5045 e_t_
3372 4971 3611 5043 μετρίων
3638 4974 3779 5045 sui-

542 5039 591 5100 in
645 5039 969 5114 cogitatione
1022 5044 1314 5114 fmditatem
1366 5058 1519 5097 suam
1601 5055 2033 5114 recOguoscuut.
2070 5062 2088 5096 ι
2198 5044 2276 5098 bit
2302 5039 2561 5112 μειζόνως
2591 5050 2645 5097 et
2675 5039 2937 5114 μετρίως.
2971 5039 3074 5097 non
3108 5042 3267 5097 male.
3305 5039 3604 5111 Ve'rsﬁseq.
3635 5042 3781 5098 Evn-

542 5112 811 5169 ΙὶιττῘ-η
848 5112 1237 5183 Quidquidsit,
1280 5113 1543 5166 luculenta
1576 5120 1661 5183 est
1682 5122 1760 5183 _et
1793 5113 2098 5177 pererudita

2206 5130 2299 5183 μον
2333 5125 2502 5164 mutat
2544 5116 2594 5165 iu
2626 5112 2825 5182 τίμιον.
2870 5114 2946 5183 lo.

542 5200 700 5251 super
736 5185 833 5234 hoc
865 5183 1008 5233 dicto
1038 5181 1221 5251 lsidori
1249 5182 1652 5235 commentatio.
1682 5179 1845 5251 Eotjr.
2062 5250 2065 5251 7

2206 5179 2214 5183 ’
2272 5182 2381 5251 (74)
2411 5186 2489 5234 Οὐ
2518 5179 2711 5250 μόνοιν
2744 5186 2845 5235 ἐπὶ
2872 5180 3007 5251 -τῶν

612 5249 720 5319 (70)
757 5251 900 5304 inter
943 5250 1173 5319 διαφορὰ
1215 5262 1289 5319 et7
1324 5252 1540 5311 πάντως
1587 5253 1711 5302 cod.
1746 5250 1882 5319 7V7at.
1915 5250 2101 5303 inserit

2206 5249 2286 5304 tur
2316 5249 2434 5319 esse
2460 5249 2719 5305 mutssum
2756 5252 2833 5303 δέ.
2868 5249 3035 5305 RIT'I'.

538 5318 781 5395 *πάντωνζ
816 5332 869 5371 et
923 5335 1061 5395 vers.
1105 5318 1220 5395 post
1268 5318 1323 5382 2,
1348 5336 1442 5390 pro
1482 5322 1680 5372 ἐνεῖναι
1733 5318 1871 5383 δόξει
1908 5320 2099 5374 scribit

2273 5320 2385 5389 (75)
2418 5318 2873 5395 Ρ-ινο-ὑττερορίαις
2907 5320 3046 5373 idem
3078 5318 3199 5395 eod.
3247 5321 3410 5375 habet
3440 5320 3776 5395 ’ὑπερορίοις

540 5396 674 5448 idem
698 5389 894 5459 δόξειεν
926 5386 1083 5459 εἶναι.
1113 5388 1321 5442 Possm.
1348 5386 1365 5390 ’
1394 5458 1399 5459 7
1426 5457 1437 5459 _
1566 5458 1571 5459 7
1938 5457 1977 5459 μ

2206 5400 2254 5443 et
2280 5386 2420 5459 vers.
2436 5391 2578 5459 inde
2602 5386 2676 5451 6f
2700 5386 2983 5459 ἀνέχονται
3018 5404 3114 5458 pro
3138 5390 3407 5443 δύνανται.
3439 5387 3521 5444 lo.

604 5459 717 5531 (7i)
742 5458 1017 5531 luteo-{ip
1039 5470 1092 5512 et
1126 5459 1357 5528 χαροποὶ
1390 5457 1529 5531 idem
1562 5458 1753 5531 inserit
1785 5460 1911 5511 εἱσι.
1936 5457 2088 5511 Vers.

2264 5458 2376 5531 (76)
2434 5457 2875 5531 Ὲὸραστήριοὴ.
2919 5460 3172 5529 lntelligit
3218 5475 3376 5513 anqu
3416 5475 3444 5531 :7
3470 5470 3525 5513 et
3571 5461 3775 5518 indicat

536 5534 570 5585 4
601 5526 712 5597 seq.
753 5526 1155 5598 μελανόμματοι
1182 5526 1349 5598 ululat
1389 5528 1440 5598 in
1470 5528 1958 5595 μεγαλονόμματοι,
1993 5542 2096 5598 non

2206 5526 2368 5581 scelus
2407 5529 2551 5596 quod
2588 5526 2932 5597 nonproilcit
2971 5526 3133 5596 scire,
3179 5541 3241 5583 ut
3262 5544 3385 5584 cum
3436 5529 3773 5598 imperatore

537 5595 700 5653 recte.
746 5595 894 5649 Vers.
939 5595 1054 5663 seq.
1092 5607 1210 5663 post
1244 5595 1427 5649 λευκοὶ
1462 5599 1573 5650 haec
1614 5608 1760 5650 recte
1802 5598 1961 5665 adiit
1993 5597 2095 5647 κάν
2197 5597 2400 5665 loquar.
2439 5599 2515 5650 in.
2724 5595 2737 5597 ’
3122 5595 3125 5596 ⁷
3308 5636 3311 5639 -

536 5668 742 5729 τούτοις
806 5666 965 5718 πάλιν
1020 5666 1321 5736 ὲναλλαγή’
1375 5666 1420 5717 οἱ
1486 5666 1541 5717 δὲ
1618 5668 1711 5719 καὶ
1766 5663 1947 5718 οὖλοι·
2006 5664 2093 5716 ἀλ.

2266 5663 2377 5736 (77)
2416 5667 2591 5720 Gloss.
2639 5677 2745 5720 vel.
2778 5667 3065 5737 ψοφοδεὴς.
3100 5684 3403 5722 aonorosus.
3440 5668 3537 5721 Est
3587 5681 3767 5725 autent

538 5739 611 5793 lo.
745 5804 783 5807 μ
811 5805 835 5807 _7
920 5803 945 5807 Α
1025 5804 1032 5807 7
1188 5804 1198 5807 7
1306 5804 1315 5807 _
1580 5806 1595 5807 77
1728 5804 1736 5807 7
1830 5805 1835 5807 7
1936 5803 1973 5807 _
2198 5736 2243 5807 is
2275 5738 2363 5803 qui
2390 5738 2614 5791 minimo
2644 5753 2857 5807 quoque
2885 5736 3017 5792 sono
3047 5751 3137 5792 :tut
3165 5739 3400 5807 strepitu
3428 5748 3765 5795 exterretur.

607 5805 716 5865 (72)
745 5804 887 5858 Edit.
917 5803 1113 5867 Paris,
1148 5804 1208 5855 οὐ
1257 5804 1365 5870 γὰρ
1409 5806 1655 5857 παντοῖον
1695 5804 1883 5856 εἰπεῖν.
1936 5803 2091 5855 Eon".
2198 5805 2276 5856 lo.

3051 5180 3151 5248 ἀρ.
3174 5180 3304 5236 Post
3330 5183 3391 5235 οὐ
3436 5182 3601 5252 μόνον
3635 5186 3779 5241 vide-
