3976 6438
188 466 323 532 H89

650 572 797 625 PlE'.
848 602 916 611 —
956 573 1304 644 ΕΠΙΦΑΝΙῼ.

185 661 288 731 Είς
325 661 393 716 τὸ
420 621 817 728 συγκριτικὸν·
844 621 1283 731 περῦοι-χείαῖ
1309 658 1407 731 καί
1429 655 1665 722 κλοπῆς
1687 671 1778 724 γε·
1809 621 1824 633 ⁸

335 730 701 800 τραμμένονο
751 749 769 781 ι
817 730 960 783 Ἐὰν
997 729 1124 792 ἁλῷ
1156 745 1248 794 τις
1286 729 1578 782 κλέπτων.
1606 749 1624 780 ι

251 824 483 884 Ἔοικας
515 821 754 888 ἀγνοεῖν,
784 821 866 874 ὅτι
916 820 1008 872 ἐπὶ
1043 819 1152 872 τῶν
1185 819 1465 890 ὁμογενῶν
1493 817 1631 887 (78),
1678 815 1779 869 οὐκ

181 915 272 970 ἐπὶ
303 914 415 966 τῶν
445 911 780 982 ἑτερογενῶν
817 913 846 965 ό
877 905 1234 982 συγκριτικός
1257 910 1546 982 χαρακτὴρ
1568 907 1780 972 λαμϐά-

180 1021 334 1058 νεται
375 1003 479 1056 οὐκ
508 1005 590 1066 είς
612 1003 712 1073 τὴν
742 1003 990 1055 ἐναντίαν
1021 1002 1176 1068 τάξιν
1207 1001 1424 1069 ὲξωθῶν
1451 1000 1518 1052 τά
1552 1015 1781 1069 συγκρι-

180 1097 404 1166 νόμενα·
457 1093 574 1148 ἀλλ’
640 1093 939 1147 ἐλάττωσιν
990 1093 1273 1163 ἐμφαίνων
1327 1093 1422 1144 καὶ
1474 1090 1771 1159 ὑπεροχήν.

181 1189 402 1258 Ὠσπερ
441 1188 552 1258 γάρ
581 1189 639 1240 ὲν
660 1189 773 1248 τοῖς
800 1186 1110 1256 πταίσμασι
1139 1185 1198 1239 τὸ
1229 1185 1330 1256 μὲν
1355 1183 1468 1237 ἔστι
1503 1183 1690 1248 κακὸν,
1721 1185 1778 1235 τὸ

178 1279 234 1333 δὲ
263 1281 481 1341 κάκιον,
521 1278 580 1330 τὸ
611 1277 668 1329 δὲ
706 1274 967 1329 κάκιστον
1006 1275 1199 1348 (κακὸν
1235 1277 1334 1346 μὲν
1360 1277 1468 1344 γὰρ
1505 1276 1537 1344 ἡ
1577 1274 1776 1344 κλοπήο

180 1369 376 1424 κάκιον
401 1371 458 1422 δὲ
490 1371 522 1438 ἡ
564 1367 814 1436 πορνεία·
844 1365 1101 1420 κάκιστον
1131 1367 1188 1420 δὲ
1225 1368 1258 1434 ἡ
1296 1366 1532 1436 μοιχεία)
1556 1383 1568 1394 ·
1607 1364 1780 1428 οὕτως

177 1462 282 1512 κάν
322 1462 437 1522 τοῖς
467 1457 895 1529 κατορθώμασι,
924 1457 986 1510 τὸ
1019 1457 1119 1527 μὲν
1145 1457 1331 1520 καλὸν,
1359 1457 1420 1509 τὸ
1443 1457 1498 1510 δὲ
1536 1455 1776 1520 κάλλιον,

177 1551 236 1602 τὸ
258 1551 316 1603 δὲ
352 1549 663 1602 κάλλιστον’
709 1548 874 1600 καλὸν
916 1548 1016 1618 μὲν
1050 1549 1160 1618 γὰρ
1195 1549 1222 1600 6
1247 1548 1444 1616 γάμος·
1475 1547 1692 1601 κάλλιον
1722 1547 1778 1598 δὲ

179 1643 211 1711 ἡ
241 1641 564 1712 ἐγκράτεια,
600 1639 888 1692 κάλλιστον
917 1639 973 1692 δὲ
1005 1641 1038 1710 ἠ
1089 1637 1352 1709 παρθενία
1391 1636 1525 1708 (79).
1571 1637 1645 1688 Τὸ
1687 1631 1778 1689 οὖν

177 1732 270 1784 τοῦ
303 1729 595 1784 καλλίστου
628 1730 871 1795 ἔλαττον,
906 1730 1005 1784 οὑκ
1035 1732 1112 1792 είς
1147 1728 1244 1801 τὴν
1285 1729 1534 1782 ὲναντίαν
1566 1727 1781 1792 ἐξωθεῖ-

179 1841 266 1877 ται
297 1822 476 1888 τάξιν,
507 1822 625 1874 ἀλλ’
665 1821 744 1885 είς
784 1822 881 1893 τὴν
916 1821 1171 1876 ἐλάττονα
1213 1821 1332 1890 μὲν,
1377 1820 1474 1890 τὴν
1505 1819 1670 1890 αὐτὴν
1697 1819 1777 1874 δέ.

1077 457 1612 526 EPISTOLARUM
1653 458 1800 518 LIB.
1844 457 1942 516 1v.
1983 423 2052 492 έ-
2089 455 2326 517 EPIST.
2369 456 2566 518 CXVI.

3339 455 3476 522 1190

2330 568 2488 625 CXV.
2525 599 2594 622 .-
2634 567 3009 624 EPIPHANIO

1882 658 1946 712 In
1977 661 2427 733 comparationem
2477 662 2543 733 de
2594 661 2860 713 adulterio
2903 671 2953 714 et
2987 662 3133 730 furto
3159 664 3468 733 \rscrt’ptam,

2097 721 2116 780 ἱ
2158 727 2218 783 Si
2241 731 2358 799 quis
2388 731 2443 782 in
2473 729 2618 798 furto
2641 721 2997 798 deprehensus
3036 733 3103 784 sit
3147 721 3209 786 “.
3248 751 3266 784 ι

1953 818 2171 874 Videris
2203 820 2477 890 ignorare,
2511 822 2656 890 quod
2689 822 2739 875 in
2785 821 2890 875 illis
2925 837 3045 890 quae
3073 824 3315 891 ejusdem
3346 838 3473 881 sunt

1881 911 2122 980 generis,
2157 925 2261 964 non
2292 911 2343 964 in
2380 911 2445 964 iis
2472 927 2594 981 qua:
2623 923 2751 965 sunt
2795 913 3022 978 diversi,
3046 917 3472 984 comparationis

1883 1013 2010 1056 nota
2041 1003 2215 1057 locum
2246 1002 2464 1068 habeat,
2488 1018 2592 1056 non
2637 1005 2689 1057 in
2720 1005 3058 1059 contrarium
3090 1009 3337 1062 ordinem
3376 1025 3470 1064 ve-

1883 1091 1960 1147 lut
1991 1093 2270 1162 expellens
2295 1107 2357 1148 ea
2385 1109 2613 1162 quorum
2649 1095 2955 1150 instituitur
2977 1100 3344 1166 comparatio;
3376 1102 3473 1156 sed

1887 1183 1969 1238 vel
2003 1185 2327 1239 deteriorem
2366 1185 2450 1240 vel
2501 1188 2938 1256 prmstantiorem
2988 1189 3236 1245 indicans
3285 1192 3473 1246 condi-

1883 1272 2107 1328 tionem.
2134 1274 2271 1328 l‘tam
2314 1285 2373 1328 ut
2405 1276 2463 1330 in
2517 1277 2667 1332 vitiis
2700 1289 2756 1333 et
2786 1278 3023 1348 lapsibus
3067 1281 3214 1336 aliud
3253 1285 3472 1352 quidem

1886 1374 1969 1419 est
1997 1367 2222 1433 malum,
2253 1367 2400 1421 aliud
2432 1383 2562 1422 vero
2618 1370 2797 1438 pejus,
2828 1371 2976 1426 aliud
3035 1373 3271 1442 denique
3299 1375 3474 1442 pessi-

1881 1472 2027 1509 mum
2069 1463 2218 1526 (nam
2267 1457 2468 1512 malum
2499 1460 2718 1528 quidem
2749 1470 2834 1516 est
2879 1461 3106 1530 furtum,
3160 1464 3312 1534 pejor
3346 1479 3475 1520 vero

1879 1547 2172 1612 scortatio;
2198 1550 2493 1617 pessimum
2523 1561 2704 1605 autem
2731 1553 3106 1624 adulterium),
3125 1555 3205 1608 sic
3232 1555 3472 1608 etiamin

1880 1638 2172 1694 virtutibus
2204 1649 2261 1694 et
2308 1649 2455 1694 recte
2517 1641 2696 1706 factis,
2734 1642 2880 1697 aliud
2943 1643 3141 1699 bonum
3195 1654 3298 1706 est,
3328 1646 3473 1700 aliud

1883 1733 2094 1798 melius,
2128 1733 2272 1786 aliud
2297 1735 2584 1803 Optimum.
2613 1736 2775 1790 Verbi
2801 1738 2997 1807 gratia,
3025 1738 3224 1792 bonum
3254 1739 3472 1805 quidem

1888 1833 1969 1877 est
2037 1824 2371 1894 conjugium,
2402 1827 2495 1880 sed
2557 1828 2906 1896 prmstantior
2954 1837 3037 1881 est
3102 1828 3471 1892 continentia;

177 1917 253 1967 Οὐ
292 1916 404 1986 γάρ
452 1915 519 1968 ἀν
566 1931 651 1978 τις
701 1914 995 1984 σωφρονῶν
1035 1915 1102 1985 τῇ
1157 1912 1384 1984 πορνεία
1423 1913 1524 1983 τὴν
1572 1910 1778 1981 παρϐε-

1889 1917 2330 1982 prrestantissima
2369 1931 2498 1972 vero
2544 1927 2704 1986 atque
2731 1917 2937 1987 optima
2992 1918 3296 1988 virginitas.
3340 1917 3472 1972 illud

177 2007 297 2058 νίαν
329 2003 443 2074 (80)
481 2003 842 2074 παραϐάλλοι,
874 2003 1012 2056 ἀλλά
1041 2004 1140 2073 τὴν
1182 2002 1507 2073 ἐγκράτειαν
1562 2003 1656 2055 καὶ
1687 2002 1776 2054 τὸν

175 2099 362 2167 τίμιον
411 2097 612 2170 γάμον.
644 2096 752 2149 Καὶ
780 2099 812 2166 ἡ
843 2096 1033 2167 Γραφὴ
1070 2096 1125 2148 δὲ
1176 2097 1383 2165 κλοπῆς
1410 2098 1503 2148 καὶ
1534 2094 1777 2166 μοιχείας

180 2190 476 2261 σύγκρισιν
499 2189 821 2259 ποιουμένη,
854 2190 979 2258 ἔφη·
1018 2207 1036 2240 ι
1078 2189 1151 2242 Ού
1180 2189 1512 2258 Θαυμαστὸν,
1543 2189 1637 2242 ἐὰν
1666 2187 1777 2258 ἁλῷ

179 2298 261 2346 τις
301 2279 576 2334 κλέπτωνο
609 2279 832 2333 κλέπτει
859 2281 987 2350 γὰρ,
1023 2280 1108 2333 ἵνα
1156 2281 1408 2352 ὲκπλήσῃ
1442 2281 1552 2350 (81)
1594 2281 1776 2351 ψυχὴν

178 2371 480 2426 πεινῶσαν.
519 2371 580 2424 '0
604 2370 662 2423 δὲ
691 2371 874 2442 μοιχὸς
906 2371 972 2425 δι’
1016 2370 1222 2425 ἔνδειαν
1263 2371 1476 2441 φρενῶν
1501 2369 1777 2425 ἀπώλειαν

179 2467 245 2534 τῇ
280 2463 480 2518 ἑαυτοῦ
505 2464 652 2533 ψυχῇ
698 2466 1085 2534 περιποιεῖται.
1125 2483 1142 2516 ι
1185 2465 1258 2518 Οὐ
1289 2465 1398 2535 γάρ
1445 2463 1776 2534 συγγνώμην

180 2555 504 2626 παρέχουσα
534 2555 615 2624 τῷ
651 2554 937 2608 κλέπτοντι
962 2596 977 2619 ,
1005 2555 1099 2607 καὶ
1139 2555 1450 2609 ἀπολύουσα
1478 2555 1640 2608 αὑτὸν
1670 2555 1778 2609 τῶν

171 2649 568 2724 ῒγκλημάτων,
601 2645 758 2700 τοῦτο
799 2646 924 2717 ἔφη·
973 2647 1109 2701 ἀλλά
1148 2649 1214 2718 τῇ
1258 2647 1508 2717 μοιχείᾳ,
1543 2647 1776 2718 κακίστη

179 2737 338 2810 οὔσῃ.
362 2740 464 2810 τὴν
488 2738 697 2809 κλοπὴν
721 2739 1168 2809 παραόάλλουσα,
1205 2739 1572 2810 ἡμερωτέραν
1603 2738 1777 2809 αὐτὴν

179 2831 286 2902 [φη
335 2827 476 2885 ιεἶναι
519 2832 614 2885 καὶ
646 2832 1001 2902 κουφοτέραν,
1050 2832 1143 2884 καὶ
1185 2830 1424 2902 μάλιστα
1483 2831 1612 2882 ὅταν
1671 2829 1778 2882 ὑπὸ

180 2923 372 2987 πενίας
405 2924 684 2993 τίκτηται.

1888 2006 2069 2075 igitur.
2105 2007 2246 2074 quod
2281 2006 2486 2073 Optimo
2506 2017 2592 2062 est
2624 2007 2878 2072 inferius,
2912 2025 3016 2064 non
3060 2005 3472 2066 in'contrat-iam

1879 2095 2186 2149 extruditur
2210 2093 2430 2160 seriem,
2460 2096 2552 2150 sed
2581 2107 2761 2149 manet
2794 2098 2845 2150 in
2879 2098 3069 2151 eadem
3091 2099 3254 2163 serie,
3282 2109 3476 2153 tamet-

1890 2185 1936 2239 si
1991 2184 2265 2241 inferiore.
2302 2185 2471 2240 Nemo
2493 2189 2638 2242 enim
2686 2188 2776 2257 qui
2808 2203 2954 2244 sanae
3017 2191 3214 2245 mentis
3242 2193 3334 2253 sit,
3361 2190 3474 2245 {or-

1887 2275 2214 2331 nicationem
2246 2291 2369 2333 cum
2409 2279 2717 2348 virginitate
2769 2282 3078 2346 contulerit,
3143 2283 3236 2336 sed
3293 2281 3473 2352 potius

1883 2369 2272 2424 continentiam
2324 2380 2378 2425 et
2440 2370 2753 2427 honorabile
2807 2373 3138 2443 conjugiutn.
3194 2373 3472 2443 Scriptura

1886 2475 2102 2529 quoque
2133 2458 2263 2515 furti
2292 2469 2345 2516 et
2377 2462 2627 2517 adulterii
2663 2465 3132 2533 comparationem
3160 2466 3470 2531 instituens,

1885 2553 1959 2606 ait
1991 2571 2003 2607 :
2040 2571 2060 2604 ι
2093 2552 2209 2607 Νοη
2235 2553 2307 2609 sit
2339 2555 2559 2620 mirum,
2591 2556 2634 2610 si
2682 2558 2930 2626 capiatur
2966 2558 3163 2630 aliquis
3200 2561 3288 2629 qtti
3323 2559 3473 2614 {ura-

1886 2653 1994 2703 tur.
2031 2645 2265 2700 Furatur
2292 2647 2461 2711 enim,
2487 2657 2546 2703 ut
2579 2650 2802 2719 impleat
2830 2653 3068 2707 animam
3118 2655 3471 2708 esurientem.

1883 2738 1953 2792 At
1984 2739 2230 2794 moechus
2280 2751 2500 2810 propter
2540 2741 2777 2812 in0piam
2817 2745 3038 2809 mentis,
3105 2747 3473 2815 perditionem

1884 2831 2080 2882 anima:
2103 2846 2213 2884 suae
2242 2832 2496 2899 acquirit.
2535 2852 2554 2884 ι
2591 2833 2707 2888 Non
2731 2836 2874 2890 enim
2905 2851 2969 2890 eo
2999 2851 3159 2891 sensu
3190 2837 3291 2892 hoc
3315 2837 3471 2901 dixit,

1885 2920 2040 2988 quasi
2069 2921 2282 2974 veniam
2316 2923 2469 2976 daret
2507 2924 2645 2988 furi,
2686 2941 2921 2994 eumque
2968 2928 3191 2984 omnino
3224 2927 3473 2983 absolve-

183 3025 264 3070 ret
291 3018 362 3071 ab
399 3018 546 3071 omni
591 3016 842 3082 crimine,
872 3015 964 3071 sed
1011 3031 1132 3070 cum
1159 3015 1448 3082 adulterio,
1481 3015 1624 3085 quod
1685 3013 1980 3084 pessimum
2051 3024 2133 3070 est
2203 3017 2399 3078 scelus,
2442 3015 2646 3073 furtum
2707 3035 3055 3092 comparans,
3137 3023 3312 3080 levius
3371 3025 3474 3083 hoc

181 3121 348 3176 atque
402 3106 746 3161 tolerabilius
790 3121 912 3161 esse
960 3107 1350 3174 pronuntiavit,
1399 3107 1764 3175 maximeque,
1805 3105 2075 3174 quandoa
2111 3118 2434 3175 paupertate
2471 3121 2794 3178 generatur.

498 3198 662 3263 ιηςν.
701 3226 764 3236 -
809 3195 1108 3266 ΕΥΤΟΝΙῼ
1146 3195 1468 3266 ΔιΑΚΟΝῼ.

467 3286 610 3354 Περὶ
632 3283 897 3355 Λαζάρου
927 3285 1025 3339 καὶ
1050 3285 1158 3340 τοῦ
1174 3287 1494 3340 πλουσίου.

253 3379 483 3441 Ἔοικας
517 3375 955 3448 τεθορυὸἧσθαι,
984 3374 1072 3429 διὰ
1122 3375 1179 3428 τὸ
1213 3373 1536 3445 ἀκηκοέναι,
1575 3374 1657 3426 ὅτι
1696 3373 1784 3426 ἐν-

182 3470 360 3526 ταῦθα
387 3471 484 3525 καὶ
511 3473 540 3524 6
571 3469 821 3540 Λάζαρος
850 3468 919 3522 τά
953 3466 1275 3536 πταίσματα
1294 3509 1310 3533 ,
1346 3466 1442 3521 καὶ
1467 3468 1496 3520 6
1525 3465 1784 3530 πλούσιος

181 3563 252 3617 τά
302 3560 711 3633 κατορθώματα
745 3558 1048 3630 ἀπείληφεν
1070 3575 1084 3588 ·
1118 3558 1236 3612 ἀλλ’
1275 3559 1324 3610 εί
1387 3560 1673 3628 προσεῖχες
1706 3558 1784 3628 τῷ

181 3653 484 3726 είρημένῳ,
513 3653 616 3705 οὐκ
644 3650 711 3706 ἂν
746 3649 966 3714 ἔπαθες,
993 3649 1066 3702 Τὸ
1093 3650 1203 3721 γὰρ
1227 3648 1302 3720 μὴ
1326 3650 1520 3711 εἰπεῖν,
1567 3649 1780 3713 ἔλαϐες,

183 3743 298 3797 ἀλλ’
357 3743 662 3808 ἀπέλαϐες
707 3740 808 3810 (τὸ
856 3739 956 3812 μὲν
987 3739 1094 3811 γάρ
1129 3739 1291 3810 χάριν
1346 3737 1581 3810 μηνύει,
1621 3739 1682 3791 τὸ
1717 3739 1784 3811 se

183 3832 467 3902 ἀμοιϐὴν),
498 3831 681 3884 πᾶσαν
711 3828 996 3900 σαφηνίζει
1017 3830 1109 3884 καὶ
1138 3829 1400 3895 ἐγγυᾶται
1429 3827 1527 3898 τὴν
1553 3827 1780 3891 ἔννοιαν,

181 3923 280 3992 τὴν
319 3922 452 3993 παρ’
501 3920 661 3991 ἡμῶν
695 3920 1013 3991 εἰρημένην.
1061 3920 1184 3972 Ὅτι
1221 3919 1278 3971 δὲ
1322 3919 1382 3972 ού
1427 3919 1588 3988 μόνον
1620 3918 1669 3970 οἱ
1702 3920 1780 3980 είς

183 4014 355 4084 ἀκρον
376 4013 585 4085 ἀρετῆς
609 4011 935 4082 ἐληλακότες
959 4011 1177 4082 ἔχουσιν
1199 4009 1537 4082 ἀνθρώπινόν
1554 4028 1606 4062 τι
1628 4011 1784 4062 πταῖ-

188 4120 300 4175 σμα
326 4103 345 4174 (
374 4103 539 4172 μόνον
577 4101 688 4170 γάρ
719 4101 780 4153 τὸ
807 4101 960 4155 Θείον
985 4101 1416 4173 ἀναμάρτητον),
1449 4099 1585 4152 ἀλλὰ
1611 4101 1707 4152 καὶ
1733 4101 1782 4152 οἱ

185 4197 266 4259 είς
295 4192 392 4248 τὶν
441 4193 695 4263 πυθμένα
728 4194 826 4264 τῆς
861 4193 1058 4255 κακίας
1099 4192 1558 4262 ἐμπεπτωκότες,
1597 4189 1782 4260 ἔχουσί

187 4301 239 4336 τι
287 4281 660 4354 κατόρθωμα,
715 4283 746 4353 ἠ
797 4282 918 4352 ίερά
961 4281 1223 4352 κηρύττει
1264 4281 1479 4352 Γραφήο
1513 4280 1640 4349 περὶ
1683 4279 1782 4348 μὲν

187 4375 413 4428 ἐκείνων
448 4374 704 4440 λέγουσα·
743 4391 761 4424 ι
792 4373 888 4435 Τίς
918 4373 1276 4443 καυχήσεται,
1311 4371 1480 4443 ἁγνὴν
1512 4372 1654 4440 ἔχειν
1681 4372 1782 4441 τὴν

189 4465 454 4535 καρδίαν;
504 4464 538 4535 ἢ
590 4463 674 4527 τίς
701 4463 1184 4535 παρρησιάσεται,
1231 4462 1472 4533 καθαρὸς
1505 4457 1644 4514 εἶναι
1675 4461 1782 4515 ἀπὸ

2197 3195 2384 3251 CXVI.
2412 3226 2482 3237 —
2507 3196 2812 3254 EUTONIO
2842 3200 3161 3259 DIALONO.

2346 3286 2426 3340 De
2451 3287 2656 3342 Lanaro
2684 3302 2731 3343 et
2757 3292 2920 3345 divite
2939 3293 3002 3348 ¹³.

1959 3374 2172 3430 Videris
2202 3381 2553 3446 perturbatus
2594 3396 2740 3445 esse,
2779 3383 2920 3451 quod
2954 3386 3250 3453 audiveris,
3293 3389 3344 3443 in
3373 3389 3477 3447 hoc

1884 3465 2084 3519 saeculo
2117 3476 2170 3519 et
2204 3466 2474 3523 Lazarum
2511 3469 2760 3541 lapsuum
2802 3488 3026 3529 suorum
3053 3491 3268 3546 poenas,
3305 3490 3360 3535 et
3393 3483 3477 3536 di-

1888 3558 2048 3610 vitem
2091 3567 2237 3613 recte
2268 3559 2334 3613 ab
2391 3575 2450 3615 se
2517 3562 2780 3618 factorum
2837 3569 3060 3635 praemia
3096 3573 3389 3642 recepisse.
3420 3573 3476 3629 Si

1886 3658 2016 3698 vero
2052 3645 2118 3698 ad
2154 3645 2207 3699 id
2230 3648 2374 3715 quod
2413 3649 2618 3704 dictum
2653 3660 2757 3717 est,
2799 3655 3149 3723 attendisses,
3211 3675 3317 3713 non
3374 3663 3476 3716 hoc

1888 3733 1980 3787 tibi
2015 3736 2354 3820 contigisset.
2385 3737 2520 3793 Nam
2581 3745 2724 3811 quod
2785 3760 2891 3799 non
2927 3746 3026 3814 ait,
3066 3752 3348 3820 accepisti,
3378 3757 3473 3808 sed

1884 3811 2130 3895 recepiiti
2158 3828 2312 3897 (illud
2355 3833 2500 3884 enim
2547 3832 2752 3889 indicat
2790 3838 3049 3904 gratiam,
3094 3842 3197 3896 hoc
3239 3858 3362 3898 vero
3391 3858 3477 3898 re-

1889 3917 2266 3987 tributionem)
2303 3940 2316 3972 :
2351 3921 2401 3974 id
2428 3937 2644 3977 omnem
2677 3927 2917 3980 declarat
2939 3944 3004 3982 ac
3034 3933 3301 4000 promittit
3326 3935 3473 3989 illum

1883 4022 2123 4077 sensum,
2155 4025 2316 4078 quem
2370 4028 2468 4067 nos
2513 4016 2772 4072 diximus.
2821 4019 2987 4090 477
3015 4021 3134 4076 Jam
3183 4027 3328 4093 quod
3366 4042 3471 4082 non

1882 4099 2054 4151 solum
2091 4101 2122 4153 ii
2165 4102 2255 4166 qui
2292 4104 2359 4156 ad
2415 4119 2729 4173 supremum
2767 4110 2996 4166 virtutis
3038 4111 3315 4185 fastigium
3351 4133 3472 4187 per.

1882 4202 2166 4255 venerunt,
2203 4192 2440 4248 habeant
2475 4197 2695 4266 aliquod
2734 4203 3032 4258 humanum
3071 4220 3316 4264 erratum
3358 4211 3471 4282 (cui

1885 4278 1998 4332 sint
2054 4291 2148 4334 aut
2202 4284 2495 4354 aliquando
2568 4287 2778 4346 fuerint
2823 4295 3094 4368 obnoxii).
3130 4299 3290 4356 Solus
3323 4278 3470 4358 enim

1885 4367 2022 4424 Deus
2053 4375 2235 4429 omnis
2259 4385 2342 4430 est
2375 4382 2587 4446 peccati
2621 4397 2822 4453 expers
2856 4401 2868 4439 :
2897 4388 2989 4442 sed
3015 4391 3178 4444 etiam
3213 4391 3246 4446 ii
3286 4395 3376 4462 qui
3413 4397 3467 4450 in

1881 4460 2208 4527 profundum
2271 4469 2529 4524 vitiorum
2596 4473 2926 4540 inciderunt.
2997 4481 3222 4550 aliquod
3287 4460 3468 4543 tamen

188 4556 512 4628 ἀμαρτιῶν;
548 4573 568 4606 ι
592 4555 721 4626 περὶ
749 4555 806 4607 δὲ
827 4554 1050 4618 τούτων,
1082 4556 1163 4607 ὅτι
1204 4555 1261 4606 Ὀ
1283 4553 1472 4624 κριτὴς
1497 4553 1726 4617 ἀδικίας,
1750 4555 1776 4605 ὁ

1889 4562 2032 4639 recte
2066 4554 2263 4610 factum
2320 4572 2474 4615 sacra
2506 4562 2788 4633 Scriptura
2821 4582 3034 4638 quoque
3065 4582 3311 4639 testatur,
3344 4578 3468 4632 dunt

191 4649 329 4718 μήτε
351 4646 488 4699 Θεὸν
510 4645 676 4716 φοὸού
686 4663 866 4716 μενος,
895 4645 1031 4716 μήτε
1053 4645 1340 4715 ἄνθρωπον
1359 4645 1776 4713 ἐντρεπόμενος,

190 4738 418 4802 ἐποίησέ
449 4755 502 4790 τι
543 4737 803 4807 χρηστὸν,
851 4736 950 4806 τὴν
986 4735 1226 4806 συνεχῶς
1270 4734 1601 4805 προσιοῦσαν
1630 4733 1778 4803 αύτῷ

191 4831 364 4900 χήραν
416 4828 678 4898 ἐλεήσας,
721 4828 816 4882 καὶ
860 4827 1164 4895 ἐπεξελθὼν
1217 4829 1330 4889 τοῖς
1372 4824 1668 4896 ἀδικοῦσιν.
1716 4827 1779 4879 El

189 4923 370 4976 τοίνυν
403 4921 500 4974 καὶ
530 4921 588 4972 ἐν
614 4922 728 4984 τοῖς
759 4919 878 4975 λίαν
906 4921 1148 4992 ἀρίστοις
1175 4917 1492 4989 εὑρίσκεταί
1526 4933 1610 4973 τις
1633 4915 1777 4986 μέμ-

264 5077 307 5113 υ
333 5075 502 5133 Prov.
535 5091 605 5142 vr,
638 5075 831 5132 30-52.
910 5077 952 5107 ¹³
983 5074 1118 5130 Luc.
1146 5089 1256 5140 xvi,
1294 5075 1313 5128 l
1357 5088 1510 5143 seqq.

1885 4638 1952 4693 de
1983 4643 2151 4709 priori
2185 4645 2403 4712 quidem
2449 4649 2730 4705 hominum
2775 4670 2974 4724 genere
3011 4660 3085 4714 ait
3119 4678 3133 4714 :
3176 4678 3196 4712 ι
3242 4666 3474 4735 Quisja-

1885 4733 2054 4785 etatiit
2090 4746 2299 4790 castum
2355 4739 2556 4795 habere
2595 4745 2730 4796 cor?
2782 4757 2877 4801 aut
2929 4751 3049 4816 quis
3104 4751 3272 4808 libere
3324 4733 3468 4812 dicet

1885 4840 1943 4879 se
1971 4842 2164 4894 purum
2201 4846 2320 4884 esse
2350 4845 2383 4885 a
2413 4836 2649 4900 pectatis
2684 4835 2767 4890 ιιι
2801 4857 2819 4888 1
2868 4840 2936 4895 de.
2965 4843 3250 4909 posteriori
3289 4859 3469 4903 autem

1891 4917 2047 4981 dicit,
2108 4917 2345 4989 judicent
2394 4924 2544 4978 illum
2590 4927 2916 4998 iniquitatis,
2945 4934 3036 5001 qui
3089 4951 3263 5006 neque
3305 4939 3468 4996 L‘eum

1595 5073 1638 5104 ¹¹δ
1672 5070 1832 5128 Prov.
1856 5089 1949 5138 xx,
1989 5077 2042 5128 9.

1269 5209 1504 5266 VARIIE
1539 5208 1928 5263 LECTIONES
1969 5207 2058 5262 ET
2102 5208 2339 5266 ΝΟΤᾸΞ.

258 5376 373 5452 (78)
427 5375 552 5429 Ἐπί
584 5371 1062 5452 τῷν-ὁμογενῷν.
1094 5370 1370 5452 ῐκξιιηιιιςςιι.
1402 5368 1636 5452 regulam
1686 5382 1769 5452 re-

193 5438 289 5502 rta‘:
335 5438 781 5511 comparationis
811 5438 952 5510 sazpe
995 5442 1226 5494 inculcat
1269 5440 1522 5511 Isidorus.
1568 5438 1768 5493 Confer

193 5519 350 5587 epist.
391 5509 494 5570 l35
520 5515 612 5587 liii.
648 5529 682 5567 ιι
717 5523 769 5587 et
802 5513 958 5587 epist.
986 5513 1083 5566 351
1123 5512 1333 5587 libant.
1373 5509 1536 5587 R‘l’i'T:

265 5588 378 5657 (79)
421 5584 624 5657 Καλὸν
658 5577 847 5657 μὲν
873 5581 1078 5657 γᾴμος,
1110 5579 1380 5657 addito?
1401 5579 1469 5657 δὲ
1497 5581 1532 5646 ἡ
1558 5577 1772 5657 ἐγκρά-

195 5649 724 5736 τειά,”7ςεί;λλισζᾷγ
778 5653 846 5705 δὲ
882 5649 1275 5736 ῆν⁷παξρξνία.
1305 5649 1768 5736 ,ϐριιίιξτ.νξιί›.ᾘιι

196 5719 351 5795 epist.
391 5725 510 5787 155,
545 5733 600 5778 et
637 5721 735 5804 lib.‘
763 5739 821 5804 ιιι
857 5719 1013 5803 epist.
1053 5722 1184 5801 551..
1207 5730 1259 5773 et
1305 5720 1440 5772 infra
1477 5721 1530 5798 lt.
1562 5719 1652 5797 lib.
1682 5734 1768 5784 ep.

201 5797 320 5860 192,
355 5796 443 5850 ubi
479 5796 637 5863 docet
675 5801 1050 5863 rvnrgmnatem
1077 5800 1336 5844 antistare
1371 5803 1619 5863 C9iljliglt)
1652 5804 1770 5863 qum

199 5877 250 5921 et
278 5858 508 5936 apostoli
555 5861 704 5917 Pauli
753 5858 806 5917 εἶ
854 5863 1092 5918 oumium
1122 5869 1362 5917 veterum
1397 5858 1648 5913 Ecclesiae
1686 5859 1772 5910 do-

1877 5378 2194 5450 ctortstn,_et
2231 5371 2410 5450 ipsius
2441 5374 2576 5428 adeo
2624 5377 2830 5450 Christi
2879 5386 3144 5440 sententia
3196 5391 3470 5449 unanimis

1879 5451 1984 5519 est,
2011 5451 2063 5558 ll:
2102 5443 2358 5505 demirer,
2400 5457 2641 5512 repertos
2686 5449 2854 5505 fuisse
2886 5453 2978 5523 qui
3023 5456 3313 5516 dissentire
3350 5443 3470 5519 aint

1873 5524 1987 5561 aus:
2069 5524 2119 5561 ιι.

1939 5578 2621 5674 Elii]
2667 5594 3017 5657 παρθενίαν.
3067 5595 3130 5651 F.
3174 5598 3286 5671 Τὴν
3332 5619 3469 5674 πορ-

1871 5653 2018 5699 νείαν
2047 5653 2121 5736 τ·ῇῖ
2152 5653 2440 5736 παρῡενὶᾳ.
2487 5656 2561 5709 In.

1944 5722 2056 5807 (ξι)
2101 5722 2236 5807 "Iret
2275 5722 2596 5807 ‘é‘xaliicq:
2646 5729 2749 5798 leg.
2775 5733 3078 5807 δὲμπλήση,
3121 5747 3179 5793 ut
3222 5739 3274 5793 in
3333 5741 3466 5798 Bibl.

1871 5786 2102 5913 9⁸³³⁸⁵⁵1
2121 5793 2382 5860 δετίριυιη
2417 5786 2518 5860 εει,
2545 5786 2724 5853 Ῑίυνῖ
2771 5786 3078 5860 Stilonium"
3099 5786 3274 5864 civi"

1891 5874 2052 5911 tnetn.
2109 5876 2158 5913 υ.
