3976 6448
501 432 638 502 1191

1699 427 1760 488 S.
1801 426 2092 487 ISIDORI
2131 421 2568 484 PELUSIOT/E

3619 411 3760 476 1192

499 539 791 604 metuebat,
825 552 996 607 neque
1023 535 1291 590 hominem
1312 533 1681 596 reverebatur,
1713 533 1836 587 boni
1875 541 2054 587 tamen
2087 582 2089 589 ι

2203 548 2250 593 ις
2279 571 2292 591 ,
2322 531 2416 582 καὶ
2442 531 2498 581 ὲν
2533 529 2645 592 τοῖς
2676 527 2954 586 κακίστοις
2989 525 3100 597 (εξ)
3127 525 3295 597 ἀρετὴ
3316 541 3329 556 ο
3358 524 3411 577 τί
3436 524 3761 593 θαυμάζεις,

499 631 780 704 quidpiam
815 626 1034 692 fecisse,
1073 627 1197 679 dum
1250 625 1462 678 viduam
1523 623 1694 686 illam,
1732 638 1853 693 qua
1891 621 2068 678 conti-

2202 625 2213 674 l
2239 620 2473 674 ινταῦθα
2512 620 2896 692 διαλυσάμενοι
2926 620 3197 690 ἑκάτεροι,
3229 619 3411 672 ἐκεῖσε
3445 614 3763 688 ἀπηνέχθη-

498 729 689 778 neuter
715 720 890 788 ipsum
927 717 1130 780 adibat,
1179 713 1554 769 misericordia
1611 722 1930 782 prosecutus
1961 721 2066 775 est,

498 823 554 866 et
578 817 895 882 persecutus
923 807 1126 861 ultione
1151 819 1245 860 eos
1274 803 1365 873 qui
1413 804 1585 872 ipsam
1620 801 1817 871 injuria
1857 799 2062 855 afficie-

2166 729 2287 775 σαν,
2319 715 2348 766 6
2379 713 2478 782 μὶν
2515 713 2720 783 γυμνὸς
2757 711 3196 782 ἁμαρτημάτων,
3233 711 3261 763 6
3313 709 3370 762 δὲ
3401 709 3613 780 ἔρημος
3654 725 3756 762 κα-

2163 801 2536 874 τορθωμάτων
2561 819 2575 867 ;
2611 803 2701 856 Διὸ
2725 804 2752 857 6
2777 802 2876 872 μὲν
2925 800 3174 871 καθαράν
3201 799 3410 869 ὲτρὺγα
3430 800 3531 869 τὴν
3565 799 3767 870 εὐφρο-

501 899 712 957 bant".
740 899 795 953 Si
832 898 994 967 igitur
1013 905 1100 963 ,et
1131 897 1182 948 in
1211 894 1316 949 illis
1343 895 1432 964 qui
1469 903 1596 950 sunt
1623 893 1834 963 optimi,
1863 892 2066 962 aliquid

2203 893 2352 962 ύνην·
2382 894 2410 946 6
2445 893 2502 947 δὲ
2531 892 2963 964 ἀπαραμύθητον
3002 890 3242 961 ὑπέμενε
3266 890 3368 960 τὴν
3392 891 3696 959 τιμωρίαν.

506 995 774 1062 reperitur
797 991 1013 1059 dignum
1060 987 1500 1056 reprehensione,
1526 996 1580 1040 et
1623 993 1812 1040 contra
1861 985 1915 1039 in
1954 985 2061 1040 illis
2098 1000 2315 1055 quoque
2347 986 2438 1055 qui
2475 996 2603 1040 sunt
2655 984 2896 1056 pessimi,
2962 983 3140 1052 aliqua
3212 983 3386 1036 virtus
3416 982 3598 1036 inest:
3630 977 3763 1050 quid

505 1083 746 1147 miraris,
779 1081 824 1136 si
857 1081 910 1134 in
963 1080 1071 1133 vita
1105 1079 1266 1132 ambo
1314 1078 1473 1134 soluti
1512 1078 1896 1143 discesserunt,
1931 1076 2068 1132 alter
2107 1078 2324 1148 quidem
2375 1077 2550 1132 nudus
2611 1077 2870 1147 peccatis,
2895 1076 3032 1130 alter
3064 1089 3192 1130 vero
3227 1074 3475 1130 desertus
3519 1088 3550 1126 a
3581 1072 3762 1126 virtu-

508 1175 679 1235 tibus?
702 1176 871 1244 Quam
894 1172 964 1228 ob
993 1187 1210 1228 causam
1242 1172 1380 1228 alter
1405 1172 1618 1241 quidem
1650 1187 1842 1243 puram
1915 1173 2156 1242 percepit
2235 1171 2498 1237 laetitiam,
2527 1170 2666 1226 alter
2728 1180 2908 1227 autem
2946 1170 3124 1226 omnis
3170 1183 3367 1237 expers
3413 1167 3597 1223 solatii
3646 1183 3769 1225 sus-

509 1271 671 1327 tinuit
693 1267 1016 1338 supplicium
1031 1305 1046 1321 .

630 1380 837 1440 CXVII.
877 1409 951 1421 —-
985 1375 1426 1437 VALENTIANO
1466 1376 1946 1434 PRESBYTERO.

509 1477 686 1544 Quare
743 1475 846 1537 lex,
913 1471 1056 1540 lepra
1115 1483 1205 1526 aut
1262 1470 1385 1526 aliis
1463 1472 1660 1544 morbis
1717 1471 2083 1525 involuntariis

578 1546 898 1647 laborantes,
937 1550 1087 1596 extra
1116 1559 1271 1597 sacra
1307 1551 1489 1596 castra
1515 1542 1801 1596 consistere
1831 1556 2085 1610 praecepe-

582 1617 651 1647 ..ει
689 1619 704 1647 ι

582 1619 651 1668 rt't
689 1619 755 1668 “.

582 1726 795 1784 Videris
832 1727 962 1783 mihi
1015 1739 1120 1780 non
1156 1726 1387 1794 probare
1423 1738 1538 1789 eos,
1568 1721 1660 1792 qui
1708 1721 1943 1777 lectores
1970 1722 2082 1790 (sa-

512 1830 726 1872 crarum
777 1812 1127 1882 Litterarum)
1185 1811 1252 1866 ad
1293 1809 1805 1880 contemplationem
1856 1824 1918 1865 ac
1971 1819 2085 1864 stu-

513 1906 660 1962 dium
712 1907 1091 1975 allegoriarum
1153 1901 1650 1971 investigandarmn
1707 1901 2081 1957 exhortantur.

518 2000 652 2054 Dum
679 1999 849 2061 enim,
878 2006 936 2051 ut
960 1996 1165 2061 aiebas,
1207 1995 1528 2064 semetipsos
1553 1993 1847 2064 Scripturis
1873 1992 2087 2062 sapien-

519 2090 687 2146 tiores
711 2103 833 2146 esse
858 2088 1192 2148 existimant,
1235 2084 1359 2140 binc
1395 2085 1452 2138 fit
1474 2094 1533 2140 ut
1565 2085 1743 2140 divina
1774 2082 1992 2138 oracula
2028 2084 2082 2138 in

521 2194 874 2249 quascunque
904 2180 1036 2249 ipsis
1085 2177 1306 2232 libuerit
1347 2177 1545 2249 figuras
1591 2176 2002 2240 transforment,
2032 2184 2086 2230 et

518 2271 796 2326 auditores
818 2269 1002 2325 multis
1037 2269 1210 2323 modis
1242 2267 1446 2323 fallant.
1489 2268 1559 2322 At
1601 2283 1700 2338 ego
1729 2281 1904 2338 neque
1945 2265 2084 2332 illos,

516 2362 560 2417 si
592 2363 718 2432 quid
763 2361 978 2431 sapiens
1023 2368 1188 2429 atque
1232 2360 1499 2414 eruditum
1547 2359 1791 2414 invenire
1832 2358 2089 2428 pollicen-

521 2463 628 2520 tur,
658 2451 1010 2523 culpaverim,
1042 2465 1218 2521 neque
1256 2459 1309 2504 te
1349 2449 1624 2506 nolentem
1678 2462 1733 2506 et
1758 2451 1982 2506 invitum
2021 2451 2087 2504 ad

519 2546 806 2616 allegorias
836 2545 1145 2598 tractandas
1171 2543 1465 2614 coegerim,
1493 2546 1586 2600 sed
1616 2553 1757 2598 recta
1794 2544 1861 2597 ad
1898 2542 2090 2598 defen-

520 2638 729 2694 sionem
767 2651 852 2692 me
892 2636 1190 2706 accingam.
1233 2637 1535 2704 Quzrsivisti
1566 2637 1709 2691 enim
1741 2653 1757 2692 :
1791 2636 1967 2702 Quare
2011 2635 2091 2690 ie-

519 2728 744 2800 gislator
773 2728 1013 2798 leprosos
1042 2737 1097 2781 et
1132 2728 1253 2781 aliis
1284 2726 1488 2783 morbis
1523 2727 1904 2782 invoiuntariis
1932 2727 2088 2781 labo-

521 2828 708 2876 rantes
733 2833 760 2870 a
789 2819 962 2873 sacris
988 2818 1219 2871 ratibus
1240 2817 1489 2872 exclusos
1520 2828 1683 2886 atque
1715 2825 1949 2871 remotos
1970 2831 2093 2871 esse

523 2909 801 2967 sanxerit?
830 2908 1090 2962 Ausculta
1133 2906 1295 2973 igitur
1324 2909 1700 2976 compendiose
1729 2918 1793 2961 ac
1834 2907 2091 2972 breviter,

526 3006 759 3054 mentem
800 3007 944 3058 tuam
984 2997 1036 3051 in
1080 2994 1309 3050 collecto
1338 2995 1560 3051 babens.
1599 2994 1804 3068 (Neque
1836 2997 1980 3051 enim
2015 2995 2096 3050 fas

522 3101 608 3149 est
660 3100 867 3145 natura
916 3104 1137 3155 arcana,
1181 3104 1301 3158 quae
1339 3089 1456 3157 ipsa
1510 3090 1690 3143 abdita
1741 3103 1862 3144 esse
1905 3087 2092 3154 voluit,

524 3181 840 3251 divulgare.)
885 3180 1010 3235 ideo
1052 3181 1151 3236 hoc
1196 3181 1270 3234 ita
1318 3179 1461 3234 cavit
1513 3190 1570 3233 ut
1617 3190 1901 3249 parentum
1942 3178 2098 3233 luxu-

529 3275 664 3328 riam
706 3282 1088 3341 compesceret,
1133 3277 1186 3325 et
1225 3269 1592 3340 voluptatibus
1651 3266 1832 3321 frenos
1900 3263 2089 3332 ἰηιρο-

530 3373 724 3428 seret,
771 3372 825 3416 et
873 3363 1057 3415 modos
1107 3375 1169 3414 ac
1221 3361 1352 3414 fines
1404 3356 1777 3413 consuetudini
1831 3351 2096 3424 coniugali

530 3460 809 3509 statueret.
848 3450 982 3504 Nam
1026 3451 1151 3518 quia
1199 3449 1349 3504 multi
1393 3458 1518 3502 tunc
1547 3447 1764 3516 quando
1808 3445 1959 3501 nefas
1993 3455 2096 3509 est,

531 3545 584 3601 in
610 3555 804 3600 emtum
847 3541 1196 3604 conveniunt,
1229 3551 1282 3595 et
1342 3556 1406 3595 ex
1447 3540 1820 3610 intempestiva
1868 3538 2087 3592 commi-

531 3637 708 3692 stione
744 3636 951 3705 impura
983 3644 1038 3688 et
1067 3632 1324 3688 deformia
1368 3645 1594 3698 corpora
1630 3640 1978 3698 procreantur
2009 3629 2096 3697 (li-

534 3718 976 3792 berorum),neid
996 3722 1167 3786 fieret,
1189 3735 1372 3774 curam
1395 3721 1812 3788 cautionemque
1834 3718 2096 3771 adhibuit.

531 3817 683 3883 Quod
735 3825 907 3868 autem
955 3813 1066 3865 hac
1101 3826 1187 3865 res
1229 3825 1335 3864 non
1388 3821 1494 3864 tam
1530 3810 1636 3864 illis
1681 3811 1770 3878 qui
1819 3798 1944 3863 inde
1973 3824 2099 3878 pro-

529 3906 676 3975 gnati
701 3915 844 3965 sunt,
873 3918 1029 3970 quam
1059 3901 1372 3970 parentibus
1397 3902 1546 3968 ipsis,
1577 3902 1865 3954 maximam
1900 3899 2098 3954 afferat

530 4011 766 4064 poenam,
807 4008 988 4056 nemo,
1022 4001 1080 4046 ut
1120 3993 1333 4061 Opinor,
1377 3991 1606 4062 ignorat.
1657 3991 1765 4044 Etsi
1815 3991 1956 4044 enim
1991 3990 2094 4043 ista

533 4102 618 4142 res
688 4086 956 4154 aliquibus
1009 4083 1238 4139 fortasse
1303 4097 1369 4137 ne
1420 4083 1632 4152 quidem
1683 4081 1891 4138 videtur
1942 4081 2102 4136 ullam

530 4175 807 4230 continere
865 4188 1126 4242 poenam,
1189 4175 1334 4241 quod
1400 4176 1733 4229 consuetudo
1795 4175 2102 4244 opinionem

529 4278 701 4332 pernae
753 4265 1035 4317 destruat:
1069 4270 1247 4316 tamen
1299 4265 1541 4333 plerique
1585 4278 1776 4319 omnes
1825 4275 2099 4333 parentes,

2277 1379 2420 1434 PiZ'.
2457 1409 2524 1421 —
2556 1377 3042 1450 οΥΑΑΕΝΤιΑΝᾳ
3079 1377 3193 1449 (ss)
3227 1376 3703 1449 ΠΡΕΣΒΥΤΕΡῼ.

2193 1471 2294 1525 Διὰ
2325 1471 2382 1523 τι
2422 1469 2454 1523 ὁ
2487 1471 2670 1539 νόμος
2709 1469 2850 1536 τοὺς
2881 1467 3247 1539 λεπρῷντας,
3294 1467 3340 1539 ᾔ
3379 1467 3627 1539 ἐτέρους
3678 1487 3776 1539 re-

2261 1539 2500 1609 σήματα
2551 1537 2812 1593 ἀκούσια
2870 1538 3232 1609 νοσοῦντας,
3281 1537 3398 1609 ἔξω
3435 1538 3594 1594 εἷναι
3658 1538 3777 1592 τῶν

2264 1607 2438 1677 ιερῶν
2465 1610 2798 1677 περιϐόλων
2824 1608 3040 1677 προσέι
3050 1608 3198 1672 afer
3224 1608 3357 1678 (84).

2264 1724 2484 1786 Ἔοικας
2503 1723 2603 1775 οὐκ
2623 1721 2979 1792 ἀποδέχεσθαι
3000 1721 3124 1784 τοὺς
3160 1722 3251 1775 ἐπὶ
3273 1721 3371 1786 τὰς
3395 1721 3639 1792 θεωρίας
3661 1722 3776 1792 (δεῖ)

2189 1814 2315 1876 τοὺς
2373 1813 2845 1882 ἀναγινώσκοντας
2896 1812 3368 1885 παρακαλοῦντας.
3418 1813 3781 1884 Σοφωτέρους

2191 1905 2320 1975 γὰρ,
2351 1905 2427 1968 ὡς
2458 1904 2614 1975 ἔφης,
2664 1904 2772 1958 τῶν
2806 1903 3038 1974 Γραφῶν
3077 1904 3302 1966 ἑαυτοὺς
3333 1902 3656 1975 ἡγούμενοι,
3699 1907 3779 1967 είς

2192 1998 2331 2067 άπερ
2355 1995 2631 2067 βούλονται
2664 1995 3120 2067 μετακομίζοντες
3146 1994 3214 2048 τὰ
3238 1995 3357 2048 θεῖα
3386 1996 3582 2064 Λόγια,
3607 1996 3782 2049 πολλὰ

2195 2090 2487 2158 σφάλλουσι
2533 2089 2661 2153 τοῦς
2713 2089 3033 2152 ἀκούοντας.
3098 2087 3239 2156 Ἐγὼ
3288 2088 3332 2140 δ’
3384 2087 3499 2142 οὔτ’
3533 2089 3782 2153 ἐκείνους

2194 2181 2571 2251 αἰτιασαίμην,
2619 2181 2667 2232 εί
2722 2182 2884 2249 σοφόν
2932 2198 2982 2234 τι
3029 2179 3269 2251 ἐξευρεῖν
3321 2180 3783 2248 ἐπαγγέλλονται,

2193 2271 2317 2326 οὔτε
2370 2272 2452 2335 σὲ,
2500 2274 2574 2344 μὴ
2619 2272 2958 2343 βουλόμενον,
3005 2273 3323 2342 ἀλληγορεῖν
3373 2272 3782 2342 άναγκάσαψι,

2197 2365 2310 2418 ἀλλ’
2365 2366 2422 2429 ἐξ
2465 2364 2683 2428 εὐθείας
2712 2365 2811 2435 τὴν
2846 2363 3141 2432 ἀπολογίαν
3203 2362 3563 2432 ποιησαίμην.
3603 2363 3784 2430 Ἐφης

2196 2457 2340 2525 γάρ·
2381 2455 2488 2509 Τοῦ
2519 2456 2680 2526 χάριν
2724 2459 2750 2508 6
2804 2455 3100 2525 νομοθέτης
3147 2454 3273 2518 τοὺς
3306 2452 3651 2525 λεπρῶντας,
3687 2455 3783 2507 καὶ

2195 2547 2358 2618 ἔτερα
2387 2546 2666 2618 νοσήματα
2697 2545 2930 2599 ἀκούσια
2965 2542 3278 2612 νοσοῦντας,
3305 2542 3411 2608 ἔξω
3441 2541 3584 2596 εἶναι
3616 2542 3783 2614 ἱερῶν

2196 2640 2499 2711 περιϐόλων
2529 2638 2847 2702 ἔθέσπισενς
2885 2638 3081 2691 ’Δκουε
3111 2637 3176 2706 δὴ
3204 2635 3506 2705 συντόμως,
3537 2651 3780 2703 συναγα-

2197 2733 2309 2803 γών
2345 2749 2437 2785 σου
2466 2731 2557 2785 τὸν
2593 2730 2716 2786 νοῦν
2739 2731 2830 2801 (οὐ
2867 2730 2976 2800 γάρ
3009 2730 3166 2800 θέμις
3202 2727 3389 2798 σαφῶς
3428 2727 3499 2781 τὰ
3540 2727 3642 2795 τῆς
3673 2728 3780 2796 φύ-

2201 2841 2334 2886 σεως
2381 2821 2723 2892 δημοσιεύειν
2754 2819 3070 2891 μυστήρια)“
3108 2821 3225 2871 Ὅτι
3245 2818 3343 2882 τὰς
3376 2817 3647 2888 ἀκρασίας
3671 2819 3785 2870 silv

2201 2914 2405 2983 γονέων
2450 2913 2814 2972 ἀναστέλλων,
2847 2913 2941 2964 καὶ
2968 2913 3086 2973 ταῖς
3117 2911 3329 2980 ἡδοναῖς
3369 2907 3624 2978 χαλινοὺς
3658 2910 3786 2960 ἑπι-

2201 3005 2389 3069 τιθεὶς,
2440 3005 2535 3058 καὶ
2582 3003 2754 3073 μέτρα
2809 3000 3007 3072 ὁρίζων
3065 3003 3185 3064 ταῖς
3242 2999 3571 3062 συνουσίαις,
3623 2999 3786 3052 τοῦτο

2202 3093 2551 3164 προσέταξεν.
2598 3091 2815 3161 Ἐπειδὴ
2846 3090 2953 3162 γὰρ
2985 3089 3169 3143 πολλοὶ
3197 3089 3285 3143 ὅτε
3309 3087 3372 3142 οὐ
3401 3088 3561 3158 θέμις
3585 3090 3784 3160 συνέρ-

2199 3201 2403 3254 χονται,
2437 3183 2530 3235 καὶ
2557 3183 2621 3235 ὲκ
2648 3183 2744 3251 τῆς
2773 3182 3005 3252 ἀκαίρου
3043 3183 3333 3244 συνουσίας
3363 3181 3654 3252 ἀκάθαρτα
3685 3185 3785 3237 καὶ

2194 3273 2428 3343 δυσεχθῆ
2464 3273 2576 3343 (86)
2608 3272 2882 3324 τίκτονται
2914 3270 3159 3341 σώματα,
3194 3271 3281 3324 ἵνα
3315 3271 3390 3341 μὴ
3423 3270 3584 3324 τοῦτο
3614 3272 3781 3342 γένη-

2193 3381 2304 3424 ται,
2331 3364 2662 3433 ἐφρόντισεν.
2696 3363 2816 3415 ’Ότι
2841 3361 2897 3414 δὲ
2929 3361 2991 3415 οὐ
3021 3364 3131 3426 τοῖς
3165 3361 3455 3433 τεχθεῐσιν,
3496 3361 3634 3416 ἀλλὰ
3662 3366 3780 3425 τοῖς

2195 3453 2413 3506 τεκοῦσι
2459 3443 2657 3524 μᾶλλον
2689 3457 2952 3524 μεγίστην
2983 3453 3136 3524 φέρει
3181 3454 3422 3514 κόλασιν,
3466 3453 3666 3519 οὐδεὶς,
3702 3454 3781 3518 ὠς

2195 3539 2372 3614 οἶμαι,
2427 3547 2630 3613 ἀγνοεῖ.
2700 3545 2764 3597 Ol
2817 3545 2915 3615 μὲν
2967 3545 3075 3616 γάρ
3131 3544 3250 3598 οὐδὲ
3317 3545 3590 3617 τιμωρίαν
3649 3546 3781 3610 ἴσως

2202 3635 2456 3706 ἡγοῦνται
2502 3636 2562 3689 τὸ
2610 3637 2862 3705 πρᾶγμα,
2911 3637 3010 3706 τῆς
3061 3633 3350 3707 συνηθείας
3405 3636 3506 3708 τὴν
3556 3637 3782 3692 κόλασιν

2201 3725 2533 3795 ὲκλυούσηςο
2586 3727 2634 3777 οἱ
2685 3725 2728 3777 δ’
2775 3725 3074 3795 ἀνήκεστον
3118 3726 3450 3796 ὑπομένουσι
3482 3727 3778 3797 τιμωρίαν,

2201 3813 2291 3874 οὒς
2318 3812 2546 3883 ηὔχοντο
2578 3813 2833 3881 ἀμείνους
2864 3812 3072 3865 ἑαυτῶν
3113 3811 3276 3880 εἶναί-ν
3325 3813 3552 3877 τούτους
3595 3817 3781 3885 είΡΥ⁰⁶

2206 3906 2398 3975 μένους
2445 3905 2605 3975 ἱερῶν
2659 3905 2889 3959 συνόδων
2925 3904 3208 3976 θεώμενοι.
3264 3907 3372 3959 Καὶ
3423 3911 3534 3970 τοῖς
3586 3908 3684 3978 μὲν
3720 3909 3783 3961 τὸ

2202 3990 2338 4047 εἶναι
2377 3994 2627 4046 ἀκούσιον
2659 3997 2718 4047 τὸ
2752 3995 2918 4057 πάθος
2961 3996 3302 4066 ὲξευμαρίζει
3332 3997 3428 4068 τὴν
3465 4001 3778 4068 συμφοράνο

2201 4088 2311 4146 τοῖς
2359 4086 2414 4137 δὲ
2446 4087 2505 4137 τὸ
2542 4087 2841 4139 συνειδέναι
2889 4088 2970 4139 ὅτι
3019 4087 3117 4155 τῆς
3148 4088 3416 4158 ἀκρασίας
3450 4089 3632 4142 αὐτῶν
3662 4093 3780 4144 ἐστι

2203 4176 2468 4246 σύμϐολον
2519 4178 2632 4246 (87)
2683 4177 2949 4241 ἑκουσίου,
2990 4177 3314 4232 ἀνύποιστον
3355 4180 3632 4250 ποιεῖτὴν
3660 4180 3781 4235 ὀδύ-

2201 4284 2319 4336 νην.

527 4355 719 4424 qnibus
741 4357 792 4407 id
822 4369 918 4406 usu
945 4353 1108 4419 venit,
1141 4353 1442 4408 incurabile
1475 4357 1744 4410 sustinent
1767 4356 2081 4424 supplicium
2123 4367 2176 4410 et
2201 4359 2472 4412 cruciatos
2521 4359 2783 4414 maximos
2849 4360 3172 4426 animorum,
3201 4361 3325 4416 dum
3393 4361 3595 4416 llbf‘l‘OS
3622 4375 3780 4420 suos.

526 4464 684 4518 quos,
718 4449 798 4516 (ut
841 4446 944 4500 fert
993 4462 1278 4503 commune
1329 4457 1612 4516 parentum
1686 4448 1890 4509 votum)
1932 4451 2127 4520 seipsis
2201 4455 2603 4521 praestantiores
2659 4469 2782 4508 esse
2840 4456 3132 4522 Optabant,
3189 4457 3361 4511 sacris
3419 4457 3781 4512 conventibus

528 4541 699 4592 arceri
749 4551 908 4608 atque
946 4540 1156 4595 excludi
1187 4540 1391 4595 vident.
1435 4539 1501 4594 Et
1549 4539 1736 4595 liberis
1797 4540 2012 4609 quidem
2063 4541 2115 4596 id
2191 4543 2550 4598 calamitatem
2613 4545 2791 4599 reddit
2854 4546 3146 4610 leviorem,
3206 4551 3347 4616 quod
3413 4546 3611 4601 malum
3678 4548 3782 4601 hoc

531 4629 672 4684 nulla
700 4643 796 4682 sua
823 4629 976 4698 culpa
1005 4631 1106 4684 sibi
1139 4632 1486 4695 attraxerint,
1515 4631 1608 4688 sed
1634 4633 1840 4700 absque
1903 4647 2002 4687 sua
2065 4635 2337 4690 voluntate
2380 4637 2430 4688 in
2485 4638 2537 4692 id
2620 4640 2948 4694 inciderint:
2985 4638 3153 4711 478
3184 4641 3502 4709 parentibus
3569 4649 3781 4707 autem,

607 4782 656 4817 ¹⁶
683 4781 813 4838 Luc.
857 4797 1009 4848 xvtn,
1053 4783 1074 4838 l
1107 4798 1260 4854 seqq.

1593 4940 1829 5000 νΑιιιιΕ
1868 4943 2251 5003 LECTIONES
2288 4948 2378 5003 ET
2435 4947 2664 5005 NOTAE.

595 5095 705 5166 (89.)
737 5095 876 5149 Edit.
925 5094 1120 5162 Paris.,
1153 5096 1214 5148 El
1257 5097 1438 5149 τοίνυν
1473 5099 1490 5117 '
1526 5097 1619 5151 καὶ
1671 5103 1727 5153 ὲν
1766 5102 1877 5164 τοῖς
1933 5103 2093 5156 κακί-

529 5182 697 5234 στοις.
726 5166 936 5234 omissis
968 5166 1301 5220 intertnediis
1334 5183 1453 5234 qua:
1496 5170 1848 5224 restituuntur
1872 5187 1937 5226 cx
1969 5177 2089 5226 cod.

528 5233 703 5286 Valle.
730 5232 853 5286 650.
885 5232 1036 5286 Eutr.

623 5304 708 5365 85)
742 5304 876 5356 Cod.
910 5303 1026 5356 Vat.
1054 5303 1180 5365 650,
1215 5305 1494 5359 Οὐάλεντι.
1523 5305 1733 5362 Possm.

623 5306 688 5355 85
742 5306 876 5356 Cod.
910 5306 1026 5356 Vat.
1054 5306 1180 5365 650,
1215 5306 1494 5359 Οὐάλεντι.
1523 5306 1733 5362 Possm.

598 5306 708 5442 :84;
737 5372 1056 5425 Conieratur
1088 5389 1206 5425 cum
1244 5376 1343 5428 hac
1367 5378 1526 5444 episu
1576 5378 1668 5430 Ml
1717 5378 1852 5432 infra
1887 5382 1986 5432 hoc
2033 5382 2100 5434 li-

528 5443 639 5495 bro.
690 5443 852 5504 lh'u.

591 5511 704 5588 (85)
757 5511 899 5588 Ἐπὶ.
916 5509 1020 5574 τὰς
1050 5511 1310 5588 θεωρίας.
1345 5512 1586 5582 θεωρίας
1619 5516 1704 5569 hic
1734 5529 1886 5588 vorat
1925 5518 2083 5588 άλλη-

525 5580 732 5657 γοριίας,
764 5580 1282 5657 quotluperspicuutn
1333 5587 1386 5633 lit
1428 5580 1488 5634 «t-
1524 5587 1851 5657 seqq.,_obrs
1910 5605 1967 5638 σε

527 5647 846 5722 βουλόμενον
863 5647 1194 5722 ά-λληγορεῑν
1227 5647 1666 5722 άναγκασαίμην.
1699 5655 1958 5709 Smnliter
1995 5647 2082 5710 in:

524 5734 615 5796 cra
641 5720 795 5786 epist.
821 5717 942 5796 293.
967 5717 1133 5771 Aliter
1161 5720 1492 5796 Epiphanius
1539 5717 1735 5790 accipit
1767 5726 1999 5796 θεωρίαν
2038 5729 2090 5778 in

532 5793 624 5840 hac
649 5787 931 5846 sententia,
987 5804 1143 5854 quam
1182 5791 1520 5857 Urigenianis
1562 5787 1850 5860 Opposuit:
1882 5787 2090 5848 ’Πάντα

2190 5106 2259 5158 τὰ
2285 5107 2400 5160 θεῖα

2427 5108 2490 5178 ρή
2501 5125 2644 5178 ματα
2673 5111 2772 5162 οὑκ
2794 5109 3121 5179 ἀλληγορίας
3145 5112 3337 5177 δεῖται,
3363 5111 3500 5169 ἀλλά
3527 5114 3605 5178 ὡς
3636 5107 3776 5179 ἔχει·

2193 5177 2424 5265 θεωρίαις
2457 5177 2512 5265 δέ
2534 5181 2716 5265 ’δεῖται
2744 5181 2837 5265 καὶ
2869 5177 3208 5265 αζσθήσεως,
3236 5185 3321 5265 είς
3340 5185 3401 5235 τὸ
3425 5184 3632 5265 ειίδέναιι
3656 5177 3780 5265 διε.

2197 5263 2327 5316 στης
2379 5251 2687 5310 ὑποθέσεως
2731 5253 2824 5320 τὴν
2869 5252 3117 5321 δύναμιν.
3153 5253 3247 5306 llic
3296 5253 3497 5322 θεωρία
3548 5256 3643 5306 καὶ
3690 5256 3776 5309 ατ-

2199 5317 2389 5388 σθησις
2431 5319 2735 5388 adhibenda
2765 5322 2814 5372 in
2853 5322 3256 5388 Scripturarum
3283 5321 3535 5386 lectione,
3575 5335 3776 5377 tracta-

2201 5387 2454 5462 tionque
2492 5389 2622 5462 nillil
2654 5387 2793 5440 aliud
2826 5401 2908 5443 est
2941 5387 3116 5462 quam
3137 5393 3523 5462 tpsuw‘ivﬁillud
3558 5410 3586 5446 ει
3616 5394 3772 5447 Citri-

2199 5465 2283 5509 Slo
2314 5459 2424 5522 ipso
2458 5458 2610 5509 nobis
2637 5458 3066 5512 cutntneutlatum
3092 5458 3246 5514 Jnan.
3277 5458 3326 5514 ν’.
3366 5461 3532 5516 Rt‘r'r.

2263 5525 2375 5593 (86)
2410 5526 2680 5593 Scriptum
2700 5526 2933 5603 δυξεχθῇ
2957 5532 3078 5603 cod.
3117 5530 3234 5603 Vat.
3259 5542 3432 5585 mutat
3459 5534 3511 5585 in
3535 5533 3770 5603 εἰδεχθῆ,

2195 5605 2247 5647 et
2287 5611 2425 5647 wrs.
2461 5611 2576 5662 seq.
2619 5609 2735 5661 post
2763 5599 2845 5649 ὅτι
2880 5599 2934 5650 δὲ
2965 5599 3310 5652 τυΙιΙὶιτυῦτο.

2265 5665 2378 5734 (87)
2413 5667 2555 5716 ιιιιτιι·
2584 5665 2855 5734 σύμϐολον
2880 5680 2930 5721 et
2971 5671 3216 5721 ἑκουσίου
3262 5672 3399 5724 idem
3429 5671 3547 5724 cod.
3588 5671 3775 5726 inserit

2198 5736 2313 5803 τῆς.
2351 5736 2555 5788 Ρρεςικ.
