3988 6426
548 357 682 422 1199

1753 338 1813 398 S.
1856 329 2146 396 ISIDORI
2189 324 2622 390 PELUSIOT/E

3654 313 3798 384 ιεω

546 463 770 527 addidit,
817 456 1062 529 corporis
1103 458 1586 524 temperamentum
1629 446 1778 517 sequi
1831 445 2115 498 facultates

2233 439 2485 507 τάμενος·
2519 437 2594 496 ώς
2641 430 2955 502 ἐλέγχεσθαι
2995 429 3156 482 αὑτὸν
3199 426 3376 497 μάτην
3410 425 3512 496 μὲν
3542 423 3604 478 τὸ
3628 425 3803 499 hosta

541 560 982 621 animmzeoqne
1037 548 1250 603 tandem
1305 544 1584 616 pervenit,
1640 553 1698 595 ut
1750 540 1989 601 diceret,
2042 548 2110 590 ne

2233 531 2308 599 τῆς
2334 527 2513 598 ψυχῆς
2541 523 2906 595 θρυλλοῦντα·
2938 520 3024 576 διὰ
3064 520 3121 573 δὲ
3151 519 3209 573 τὸ
3249 519 3325 590 μὴ
3371 517 3526 584 δόξαι
3583 517 3806 581 πολλοῖς

543 651 754 721 quidem
778 643 1024 714 corporis
1047 650 1324 711 expertem
1356 649 1408 694 et
1447 635 1808 693 immortalem
1833 646 1954 686 esse
1986 630 2110 684 ani-

546 719 704 801 mam,
744 749 868 790 cum
908 730 1105 802 'nescio
1149 729 1418 800 quomodo
1462 730 1940 795 temperamentum
1981 719 2112 773 deii-

541 827 702 883 nierit
748 825 1015 886 animum,
1086 828 1144 873 ut
1192 817 1265 872 ita
1317 823 1575 888 arguatur
1615 813 1837 874 frustra,
1865 822 1930 864 ac
1977 807 2114 862 dicis

545 925 751 972 tantum
784 927 945 968 causa
987 922 1185 965 nomen
1219 906 1442 978 quidem
1491 904 1684 960 anima:
1711 901 1923 956 crebris
1953 911 2110 954 usur-

544 1023 672 1080 pare
715 1004 1057 1062 sermonibus
1103 1001 1277 1054 :dum
1337 1009 1514 1053 autem
1570 997 1674 1050 hoc
1729 994 1895 1048 verbo
1959 1001 2113 1044 tenus

545 1101 813 1160 concedit,
855 1112 922 1152 ne
953 1095 1207 1152 videlicet
1248 1092 1431 1149 multis
1472 1087 1808 1159 sapientibus
1841 1082 2114 1140 contradi-

544 1209 668 1257 cere
711 1191 995 1254 videatur,
1043 1203 1156 1244 rem
1206 1187 1414 1241 interea
1459 1182 1630 1250 ipsam
1661 1184 1954 1249 Oppugnat.
2008 1172 2113 1229 Sed

549 1297 652 1339 non
703 1292 785 1338 est
830 1280 930 1351 ipsi
974 1280 1078 1334 hac
1130 1278 1182 1333 in
1236 1291 1293 1331 re
1337 1269 1770 1330 auscultandum.
1815 1265 1947 1321 Nam
1988 1265 2114 1321 dum

549 1395 578 1427 ιι
602 1375 755 1428 edico
814 1371 1050 1444 dogmati
1111 1385 1172 1426 se
1222 1361 1669 1428 accommodavit,
1721 1372 1982 1429 suamque
2031 1371 2117 1411 ar-

548 1479 654 1521 tem
679 1465 920 1520 stahilire
947 1472 1002 1517 et
1028 1459 1412 1522 commendare
1439 1456 1632 1522 voluit,
1652 1452 1897 1510 veritatis
1929 1465 2113 1506 curam

545 1560 766 1628 insuper
814 1556 1020 1610 habuit.
1066 1553 1142 1609 De
1190 1549 1473 1607 curatione
1520 1559 1752 1616 namque
1804 1556 2112 1614 corporum,

544 1649 704 1720 481
743 1648 998 1717 quoniam
1033 1645 1085 1699 in
1129 1643 1230 1698 hac
1271 1651 1389 1697 arte
1427 1637 1698 1696 excellens
1738 1635 1842 1690 fuit
1894 1633 2114 1697 artifex,

2227 624 2406 691 σοφοῖς
2435 617 2755 688 αντιλέγειν,
2785 616 2942 670 τοῦτο
2967 611 3371 684 συγχωροῦντα,
3406 610 3485 680 τῷ
3509 611 3585 681 (i)
3621 611 3805 681 πράγ-

2219 731 2347 784 ματι
2401 709 2730 782 μαχόμενος,
2763 706 2997 776 τοῦνομα
3037 705 3329 774 συγχωρεῖ.
3379 700 3520 755 Ἀλλ’
3543 702 3606 754 οὒ
3636 718 3806 769 προσ-

2214 805 2396 859 εκτέον
2421 801 2569 872 αὐτῷ
2588 803 2646 854 ἐν
2669 799 2860 870 τούτῳ.
2889 797 2976 865 Τῷ
3007 796 3115 866 γὰρ
3144 794 3372 867 ίατρικῷ
3408 793 3643 863 δόγματι
3673 791 3805 844 ἑπό-

2219 912 2397 968 μενος,
2422 894 2517 947 καὶ
2537 893 2633 965 τὴν
2662 891 2798 946 ἰδίαν
2812 891 3008 960 τέχνην
3036 887 3298 957 συστῆναι
3329 886 3675 957 βουλόμενος,
3700 883 3804 952 τῆς

2215 987 2470 1059 ἀληθείας
2500 985 2603 1039 οὐκ
2642 984 2948 1056 ἐφρόντισε.
2995 980 3273 1050 Σωμάτων
3317 981 3429 1051 γὰρ
3478 978 3611 1049 περὶ
3635 976 3805 1044 Θερα-

2215 1077 2395 1141 πείας.
2423 1076 2608 1147 ἐπειδὴ
2635 1074 2883 1146 τεχνίτης
2909 1074 2966 1126 ιν
2992 1070 3164 1144 ταύτῃ
3193 1072 3222 1123 ὁ
3240 1071 3379 1141 ἀνὴρ
3401 1067 3804 1140 περιελαλεῖτο,

2215 1170 2292 1234 ὡς
2320 1168 2564 1240 βούλεται
2599 1169 2682 1240 (οὗ
2711 1167 2820 1238 γὰρ
2842 1165 3214 1236 ἀφαιρήσομαι
3245 1162 3407 1216 αὑτοῦ
3430 1164 3532 1232 τὴν
3563 1161 3662 1213 ἐπὶ
3686 1160 3810 1212 τοὺ-

2216 1279 2328 1328 τοις
2358 1260 2581 1333 άξίαν),
2611 1260 2789 1332 ψυχῆς
2843 1258 2888 1311 δ’
2944 1257 3129 1311 ἕνεκεν
3184 1256 3260 1327 μὴ
3311 1253 3643 1325 ἁμιλλάσθω
3696 1255 3808 1314 τοῖς

2219 1353 2566 1428 σοφωτέροις,
2611 1351 2746 1423 μηδὲ
2799 1348 3178 1404 καταϐαινέτω
3215 1349 3295 1412 είς
3339 1346 3552 1415 ἀγῶνα,
3593 1341 3658 1400 οὗ
3716 1345 3809 1398 καὶ

2217 1443 2519 1516 ἀνάσκητος
2554 1444 2670 1496 ἐστι
2706 1440 2801 1495 καὶ
2839 1437 3206 1510 ἀμελέτητος’
3266 1436 3401 1509 μηδὲ
3451 1435 3699 1507 ἀθλητὴς
3735 1433 3811 1486 ὣν

2216 1536 2315 1607 τὴν
2353 1535 2617 1607 μουσικὴν
2662 1531 2915 1604 κρινέτω·
2969 1530 3105 1600 μηδὲ
3146 1530 3277 1602 περὶ
3305 1528 3376 1582 τὰ
3416 1527 3656 1592 σώματα
3685 1527 3812 1596 ὅλην

2219 1627 2417 1683 ἑαυτοῦ
2443 1624 2686 1689 κενώσας
2730 1624 2831 1696 τὴν
2883 1622 3118 1685 σύνεσιν,
3169 1620 3296 1692 περὶ
3336 1618 3520 1690 ψυχῆς
3551 1619 3817 1688 δογματι-

550 1708 795 1802 ῧῖιιιθζ
835 1738 1088 1807 loquatur
1116 1749 1246 1792 sane
1277 1748 1375 1790 suo
1406 1732 1708 1787 arbitratu:
1754 1742 1932 1799 neque
1971 1727 2113 1783 enim

2233 1718 2380 1786 ξέτω⁸
2419 1717 2550 1789 μηδὲ
2582 1716 2883 1771 πιστευέτω
2905 1714 3005 1784 (2),
3039 1713 3097 1766 ὲν
3125 1710 3202 1783 τῷ
3246 1710 3691 1774 κατασκευάζειν
3717 1708 3817 1780 τὴν

549 1833 651 1902 ipsi
685 1795 999 1901 dignitatem
1048 1830 1100 1884 in
1148 1829 1232 1884 his
1276 1826 1436 1881 rebus
1477 1838 1632 1880 suam
1683 1795 1987 1878 detraham.
2045 1818 2118 1873 De

2233 1809 2487 1882 ippovlav
2529 1807 2636 1861 τῶν
2673 1806 2950 1876 στοιχείων
2995 1800 3134 1857 εἶναι
3172 1803 3370 1874 ψυχήν.
3409 1803 3474 1857 El
3511 1801 3627 1873 γὰρ
3655 1801 3817 1854 τοῦτο

549 1924 726 1979 anima
761 1935 890 1978 vero
912 1930 1187 1976 certamen
1217 1931 1342 1974 cum
1374 1914 1710 1986 sapientibus
1736 1925 1805 1966 ne
1834 1908 2116 1978 suscipiat,

552 2029 722 2084 neque
749 2015 1040 2070 descendat
1081 2012 1133 2067 in
1163 2012 1364 2066 luetam
1385 2051 1399 2078 ,
1428 2009 1481 2065 in
1515 2023 1618 2080 qua
1651 2021 1755 2063 non
1795 2015 1876 2061 est
1904 2005 2120 2060 exerci-

554 2117 696 2162 tatus
724 2116 778 2161 et
809 2103 1313 2175 impraemeditatus,
1347 2116 1526 2174 neque
1556 2114 1682 2175 cum
1709 2099 1782 2154 sit
1812 2097 2014 2153 athleta
2039 2097 2121 2166 ju-

551 2198 748 2251 dicium
781 2195 884 2250 sibi
913 2202 1093 2249 sumat
1119 2195 1184 2249 de
1209 2203 1326 2249 arte
1355 2192 1558 2248 musica
1585 2209 1597 2246 :
1627 2203 1856 2258 cumque
1905 2202 2120 2242 omnem

550 2299 702 2339 suam
730 2283 1071 2354 prudentiam
1113 2283 1259 2338 circa
1314 2295 1544 2351 corpora
1575 2279 1976 2346 consumpserit
2000 2316 2017 2340 ,
2055 2276 2123 2331 de

551 2373 730 2428 anima
764 2387 830 2427 ne
878 2373 1054 2426 tradat
1087 2373 1338 2440 dogmata
1366 2389 1378 2424 :
1433 2383 1608 2440 neque
1636 2367 1856 2432 credat,
1886 2367 2121 2420 animam

552 2467 852 2522 consistere
893 2465 945 2519 in
977 2462 1314 2525 concilianda
1350 2460 1631 2516 harmonia
1667 2470 1721 2514 et
1750 2470 2124 2525 contempera-

558 2560 700 2613 lione
744 2558 1150 2614 elementorum.
1187 2554 1240 2608 Si
1275 2554 1417 2609 enim
1449 2553 1551 2607 huc
1583 2552 1679 2621 ipsi
1722 2567 1789 2606 ex
1839 2549 2122 2621 ltypothesi

555 2651 710 2705 detur
744 2649 927 2717 (nemo
958 2649 1102 2702 enim
1140 2646 1356 2716 sapiens
1400 2645 1471 2698 ita
1513 2657 1576 2697 cx
1611 2644 1794 2697 animo
1826 2639 2120 2710 senserit):

554 2744 597 2796 si
630 2741 846 2811 quidem
880 2741 952 2793 ita
995 2753 1052 2793 se
1105 2737 1268 2792 habet
1297 2736 1375 2791 rei
1404 2734 1606 2788 veritas
1627 2773 1642 2797 ,
1688 2747 1811 2789 cum
1840 2731 1954 2800 ipso
1987 2740 2123 2784 tem-

557 2841 891 2902 peramento,
911 2829 997 2884 vel
1014 2829 1190 2898 potius
1211 2840 1315 2880 uua
1339 2839 1459 2880 cum
1486 2836 1710 2892 corpore
1729 2822 1906 2877 anima
1927 2821 2131 2874 exstin—

2221 1901 2342 1955 καθ’
2379 1900 2633 1954 ὑπόθεσιν
2684 1897 2862 1969 δοθείη
2889 1897 2995 1968 (μὴ
3037 1897 3146 1966 γὰρ
3187 1895 3251 1966 δή
3291 1911 3374 1958 τις
3408 1893 3520 1947 τῶν
3572 1895 3818 1949 συνετῶν

2218 1994 2362 2047 οὕτω
2389 1991 2749 2063 φρονήσειεν),
2782 1990 2969 2061 ἐπειδὴ
3022 1989 3167 2059 μάλα
3200 1985 3429 2058 ἀλήθεια
3461 1985 3643 2051 οὕτως
3675 1987 3815 2058 ἔχει,

2223 2088 2340 2157 μετ’
2381 2083 2569 2150 αὑτοῦ,
2617 2084 2817 2155 μᾶλλον
2849 2082 2906 2136 δὲ
2959 2080 3097 2153 μετὰ
3128 2079 3220 2133 τοῦ
3278 2077 3532 2149 σώματος
3570 2077 3812 2146 σϐεσθή-

2223 2193 2396 2230 σεται.
2427 2177 2487 2229 El
2537 2176 2645 2247 γὰρ
2678 2173 2936 2246 ἁρμονία,
2985 2173 3079 2226 καὶ
3123 2170 3411 2254 ⁶τελευταία
3462 2168 3816 2235 συνίσταται,

2222 2270 2316 2322 καὶ
2367 2267 2560 2340 πρώτη
2621 2267 2918 2321 ἀπόλλυται
2961 2264 3035 2338 (ὴ
3088 2263 3195 2335 γὰρ
3228 2261 3368 2331 λύρα
3410 2263 3506 2316 καὶ
3539 2263 3597 2315 αί
3627 2261 3820 2333 χορδαὶ

2221 2358 2580 2430 ἁρμοσθεῖσαι
2610 2358 2728 2427 μὲν,
2767 2355 2866 2428 τὴν
2905 2354 3170 2427 ἁρμονίαν
3222 2353 3468 2406 τίκτουσι
3491 2368 3506 2383 ⁸
3535 2350 3811 2404 διαλυθείο

2226 2468 2314 2504 σαι
2362 2450 2418 2502 δὲ
2452 2448 2646 2520 χρόνον
2680 2447 2799 2501 τινὰ
2846 2446 3178 2515 διαμένουσι,
3225 2445 3322 2513 τῆς
3358 2441 3634 2512 ἁρμονίας
3674 2459 3815 2513 προ-

2222 2537 2711 2612 απολομένης)⁰”·τί
2741 2533 2834 2592 οὖν
2860 2536 2994 2607 φαίη
3015 2539 3042 2590 ὁ
3063 2535 3337 2604 βέλτιστος
3367 2533 3494 2603 περὶ
3523 2532 3635 2586 τῶν
3664 2532 3815 2604 παρὰ

2225 2635 2479 2706 ποιηταῐς
2507 2631 2603 2686 καὶ
2642 2632 2952 2702 φιλοσόφοις
2991 2629 3085 2682 καὶ
3128 2627 3491 2697 λογογράφοις
3514 2625 3816 2696 φιλοσοφη-

2226 2727 2448 2790 θέντων,
2483 2726 2558 2788 ώς
2590 2726 2765 2794 πάντη
2813 2739 2873 2776 τε
2911 2721 3006 2775 καὶ
3055 2719 3274 2783 πάντως
3339 2718 3626 2789 ἐσομένων
3654 2718 3717 2771 ὲν
3748 2719 3814 2789 τῇ

2228 2818 2404 2889 κρίσει
2465 2815 2870 2887 κο).αστηρίων;
2946 2813 3104 2867 Ποῖον
3170 2812 3228 2867 δὲ
3302 2812 3467 2883 γέρας
3515 2812 3632 2874 τοῖς
3691 2811 3817 2883 ᾑδε

558 2933 770 2993 guctur.
808 2920 864 2975 Si
891 2921 1036 2974 enim
1063 2919 1241 2972 anima
1276 2925 1358 2970 est
1388 2913 1694 2978 harmonia,
1719 2921 1828 2967 tum
1859 2921 1912 2966 et
1941 2909 2122 2964 ultima

2233 2910 2438 2982 βιοῦσιν
2490 2907 2666 2980 ὀρθῶς
2699 2906 3007 2974 ἐπινοήσεις
3044 2904 3169 2966 Τοῖς
3196 2903 3305 2975 γὰρ
3347 2903 3489 2956 οὕτω
3529 2903 3817 2957 πολιτευο-

559 2989 939 3077 constituetur,
969 3025 1020 3066 et
1040 3011 1210 3080 prima
1237 3010 1551 3078 perimetur.
1587 3006 1728 3078 Lyra
1747 3004 1893 3060 enim
1920 3013 1972 3058 et
1998 3003 2122 3058 lldcs

2234 3001 2435 3071 μένοις,
2474 3000 2550 3062 ώς
2591 2998 2660 3051 τὰ
2699 2995 2890 3060 πολλὰ,
2937 2989 3072 3047 ἆθλα
3111 2993 3382 3064 μεγίστων
3406 2993 3479 3064 (5)
3516 2995 3692 3048 πόνων
3726 2995 3818 3048 καὶ

559 3101 895 3159 concinnatae
927 3101 1144 3171 quidem
1176 3107 1481 3169 aptataque
1511 3106 1832 3153 concentum
1869 3094 2122 3164 pariunt:

2233 3090 2472 3164 ἱδρώτων
2512 3089 2707 3160 μεστὰ,
2744 3086 2849 3151 ἕως
2874 3086 2972 3157 τῆς
3010 3085 3199 3139 ἐνθάδε
3236 3085 3492 3158 τελευτῆς
3520 3087 3816 3158 προετέθη.

559 3195 839 3251 dissoluta:
869 3208 998 3250 vero
1033 3193 1101 3246 ad
1129 3201 1339 3261 tempus
1373 3189 1590 3259 aliquod
1637 3193 1874 3250 manent,
1903 3185 2118 3242 harmo-

2234 3185 2332 3238 Ποῖ
2358 3183 2416 3235 δὲ
2457 3180 2556 3252 τὴν
2605 3179 2876 3250 τιμωρίαν
2910 3180 3069 3249 ὁριεϊ,
3109 3180 3221 3241 τοῖς
3266 3177 3464 3232 κακίαν
3495 3179 3594 3249 μὲν
3635 3180 3819 3232 πᾶσαν

564 3287 650 3340 nia
687 3285 836 3352 prius
857 3281 1150 3337 exstincta.
1183 3278 1320 3345 Quid
1352 3289 1530 3340 autem
1559 3277 1795 3347 optimus
1829 3273 1917 3330 ille
1950 3271 2122 3345 (Gale-

2239 3271 2669 3343 μεταδιώκουσιν
2704 3268 2810 3331 ’ἐως
2841 3267 3095 3333 θανάτου,
3149 3269 3245 3322 καὶ
3269 3268 3501 3321 πλούτου
3531 3268 3625 3324 καὶ
3652 3267 3819 3338 τιμῆς

563 3376 686 3444 nus)
722 3375 965 3430 dicturus
997 3382 1083 3428 est
1111 3371 1179 3427 de
1212 3371 1277 3426 iis
1308 3384 1428 3441 quae
1472 3369 1611 3438 apud
1643 3377 1831 3439 poetas
1876 3374 1931 3420 et
1959 3363 2122 3434 philo-

2237 3362 2605 3426 dtto).aaiouct;
2672 3359 2796 3423 Πῶς
2845 3359 3223 3432 διερμηνεύσει
3267 3361 3367 3431 τὴν
3421 3358 3552 3430 παρ’
3593 3359 3820 3431 Ὁμήρῳ

563 3471 763 3535 sophos
807 3475 863 3520 ct
915 3473 1162 3521 oratores
1189 3464 1460 3534 disputata
1494 3470 1621 3516 sunt
1646 3459 1870 3527 passim,
1906 3457 2048 3528 quod
2078 3457 2122 3511 in

2237 3453 2333 3508 τοῦ
2365 3449 2675 3521 λογιστικοῦ
2705 3449 2843 3522 πρὸς
2878 3451 2936 3505 τὸ
2963 3451 3194 3522 Θυμικδν
3217 3451 3541 3522 παραίνεσιν
3563 3467 3578 3481 ”

563 3567 809 3614 extremo
835 3556 1039 3625 judicio
1063 3556 1262 3625 ubique
1291 3563 1346 3609 et
1381 3552 1604 3610 omnino
1651 3549 1830 3605 futura
1866 3549 1976 3604 sint
2005 3545 2308 3618 supplicia?
2329 3544 2497 3611 Quale
2519 3558 2647 3598 vero
2710 3543 2989 3611 praemium
3016 3544 3078 3599 iis
3144 3545 3234 3614 qui
3291 3544 3434 3598 hanc
3478 3542 3644 3596 vitam
3673 3549 3821 3599 recte

566 3651 1022 3720 laudabiliterque
1055 3648 1482 3719 transegeruut?
1515 3645 1714 3714 quique
1755 3646 1828 3700 ita
1856 3659 1948 3700 res
2013 3643 2361 3709 rationesque
2394 3654 2519 3695 snas
2592 3638 2982 3700 instituerunt,
3032 3648 3090 3692 ut
3155 3637 3322 3694 multa
3369 3638 3670 3693 certamina
3703 3655 3820 3701 ma-

567 3742 729 3798 aimls
762 3740 1038 3797 laboribus
1069 3755 1134 3795 ac
1176 3741 1464 3796 sudoribus
1491 3738 1646 3809 plena
1673 3738 1739 3793 ad
1774 3737 1935 3791 ﬁnem
1968 3750 2141 3807 usque
2176 3736 2332 3804 huius
2364 3735 2494 3788 vitae
2541 3731 2673 3803 ipsis
2714 3730 2921 3789 fuerint
2969 3732 3289 3804 proposita?
3337 3730 3437 3788 Ubi
3499 3747 3630 3788 vero
3695 3748 3823 3804 sup-

569 3836 788 3904 plicium
822 3833 929 3888 illis
958 3831 1179 3886 deliniet
1202 3871 1216 3896 ,
1247 3831 1336 3900 qui
1377 3843 1595 3885 omnem
1627 3828 2028 3899 improbitatem
2064 3825 2130 3882 ad
2171 3835 2398 3881 mortem
2448 3837 2619 3895 usque
2685 3833 2967 3878 sectantur
2993 3863 3009 3889 ,
3060 3823 3265 3878 interea
3297 3831 3478 3877 tamen
3530 3822 3735 3878 divitiis
3767 3836 3823 3879 et

569 3932 773 3984 honore
806 3927 1240 3993 fruunturlQuo
1264 3926 1422 3982 modo
1492 3934 1670 3979 autem
1738 3923 1880 3976 illam
1951 3923 2090 3993 apud
2130 3920 2421 3978 Homerum
2506 3917 2935 3974 admonitionem
2997 3915 3486 3989 interpretabitur,
3539 3931 3648 3986 qua
3694 3931 3822 3989 pars

569 4023 761 4077 auium
790 4020 1000 4076 ratione
1029 4019 1251 4090 [tradita
1282 4018 1451 4073 utitur
1479 4015 1543 4072 ad
1579 4014 1909 4072 irascibilem
1938 4012 2246 4072 facultatem
2271 4033 2285 4068 :

711 4134 817 4190 Cor
855 4135 1018 4204 suﬂ'er
1050 4133 1300 4201 patiens?

573 4227 853 4296 Quomodo
893 4229 995 4281 hoc
1027 4239 1154 4280 vero
1183 4223 1408 4294 accipiet
1434 4242 1447 4278 :

714 4315 893 4372 Manet
925 4331 1086 4386 usque
1118 4316 1324 4380 anima,
1357 4324 1405 4369 et
1446 4313 1584 4367 subit
1623 4314 1841 4367 orrum?

574 4412 852 4478 Quomodo
882 4406 1007 4462 item
1037 4407 1177 4461 istud
1206 4423 1220 4459 :

718 4501 867 4556 Certe
905 4498 1105 4568 aliquid
1152 4494 1368 4550 restabit
1396 4492 1465 4547 ad
1494 4493 1716 4548 orcum.’

2393 4129 2650 4195 Τέτλαθι,
2693 4126 2940 4197 κραδίιη

2248 4219 2371 4284 Πῶς
2397 4220 2474 4284 δὲ,

2389 4310 2560 4382 Ψυχή
2595 4328 2658 4366 τε
2685 4310 2872 4381 μένει,
2903 4301 3169 4366 Ἄϊδόσδε
3190 4308 3472 4380 ﬂamini;

2247 4403 2370 4468 Πῶς
2399 4403 2484 4469 δὲ,

2390 4489 2478 4552 Ἦ
2497 4495 2574 4564 ῥά
2599 4495 2658 4549 τί
2687 4495 2821 4550 ἐστι
2845 4494 2942 4550 καί
2972 4493 3065 4550 ειν
3103 4492 3303 4551 Ἀΐδαο
3334 4491 3643 4563 δόμοισιν-ς

579 4615 731 4685 Quod
762 4611 894 4666 nihil
920 4618 1005 4664 est
1032 4607 1199 4673 aliud,
1243 4620 1404 4675 quam
1477 4618 1669 4660 revera
1701 4602 1774 4658 ibi
1809 4614 2023 4673 quoque
2050 4601 2122 4658 ali

2247 4608 2314 4663 ὀ
2347 4608 2516 4672 ἔστιν,
2560 4607 2776 4680 ἀληθῶς
2807 4607 2873 4680 δὴ
2929 4608 3046 4663 ι’στι
3093 4626 3149 4663 τι
3191 4609 3372 4666 κάκεῖ.
3405 4606 3527 4673 Πῶς
3555 4608 3616 4664 δι
3652 4609 3812 4683 Εὐρι-

579 4707 709 4778 quid
741 4701 1024 4773 supererit.
1073 4698 1350 4766 Quomodo
1400 4706 1576 4751 autem
1617 4692 1935 4762 Euripides,
1985 4705 2142 4763 quem

580 4799 875 4869 sapientem
909 4808 1030 4847 esse
1065 4791 1275 4851 dicitis.
1308 4792 1407 4844 hoc
1437 4785 1801 4857 pronuntiavit
1830 4803 1844 4839 :

719 4887 859 4942 Bene
895 4899 955 4938 ac
986 4885 1132 4938 beate
1159 4886 1211 4937 iu
1241 4883 1411 4950 infera
1441 4880 1535 4934 tibi
1567 4881 1634 4936 sit
1667 4877 1870 4934 domo?

2256 4699 2437 4770 πίδης,
2470 4700 2528 4754 ὃν
2557 4700 2722 4771 σοφὸν
2771 4695 2909 4755 εἶναι
2953 4699 3161 4772 δρίξετε
3188 4701 3287 4773 (θ’
3319 4699 3442 4772 ίφτΓ

2397 4873 2480 4933 Εὖ
2523 4894 2622 4933 σοι
2653 4875 2884 4946 γένοιτο
2921 4888 3016 4931 καί
3055 4878 3123 4930 ἐν
3152 4877 3318 4945 ᾶὶὶῗος
3357 4877 3565 4948 δόμοις
3605 4878 3716 4952 (5);

1673 5030 1909 5088 VARIE
1953 5028 2344 5088 LECTIONES
2376 5029 2463 5085 ET
2501 5027 2732 5085 NOTAE.

659 5201 732 5274 (i)
767 5199 906 5274 Idem
941 5193 1376 5274 σηιεηττράγματι
1408 5191 1556 5274 ponit
1588 5189 1714 5256 γάρ·
1754 5195 1807 5241 et
1834 5200 1976 5241 vers.
2014 5184 2138 5241 inde

585 5273 638 5337 2,
665 5263 768 5341 pro
803 5263 1154 5341 l6iav__seribit
1181 5264 1407 5341 οἰκείαν.
1438 5263 1653 5317 Possm.

659 5323 894 5414 (§)V(}ot_l.
933 5336 1056 5414 _Vat.
1109 5333 1411 5414 πιστευέτω
1440 5329 1737 5414 .mutatmin.
1785 5323 2140 5414 πιστευέσθω.

590 5396 744 5466 νεὶ-ἐ.
782 5410 903 5462 inde
933 5409 985 5474 5,
1032 5423 1126 5476 pro
1159 5406 1299 5476 μάλα
1330 5404 1480 5472 punit
1536 5401 1689 5476 μηδὲ.
1715 5399 1778 5476 ἡ..
1817 5396 1970 5476 vers.
2004 5411 2146 5476 ‘seq.

590 5492 704 5549 post
738 5478 901 5534 αὐτοῦ
929 5465 1070 5532 addit
1097 5465 1286 5549 viget
1319 5465 1413 5543 pro
1447 5465 1889 5549 μετάξειὼειὶῑυὶι
1912 5465 2038 5549 «pd;
2075 5466 2147 5518 In.

657 5552 731 5618 t3)
775 5550 917 5603 Idem
953 5551 1070 5618 cod.
1108 5535 1373 5618 μεγίστων
1407 5535 1576 5618 mutat
1603 5543 1652 5618 iu
1679 5535 1969 5618 μέγιστα(
1997 5535 2150 5618 γει-ε.

590 5606 770 5691 ροὲιᾟ
801 5622 940 5673 inter
966 5617 1068 5691 ἕως
1097 5606 1149 5670 et
1188 5606 1420 5691 βανάτου
1463 5614 1647 5668 inserit
1675 5606 1750 5662 δέ·
1775 5618 1992 5691 θιοινριοε,
2031 5606 2152 5659 inde

594 5678 751 5743 iertiu
782 5704 876 5759 pro
904 5706 962 5741 τε
996 5678 1145 5757 μένει
1201 5687 1321 5756 legit
1353 5689 1404 5739 in
1446 5693 1696 5759 comest"
1722 5678 2060 5759 ,σκιδναμένῃ
2097 5684 2152 5728 ct

590 5776 623 5817 e
656 5749 848 5828 rt‘g.'itt
879 5749 1119 5828 margine
1150 5749 1364 5828 apponit
1399 5755 1686 5825 ἱπταμὲνη.
1722 5749 1794 5804 Ιυ.

2316 5185 2393 5256 (4)
2429 5181 2793 5252 Εὐριπίδης,
2843 5181 2916 5236 ὃν
2958 5184 3154 5256 σοφὰν
3199 5180 3352 5238 εἶναι
3411 5183 3650 5252 cipitata.
3709 5186 3822 5242 Noti

2249 5255 2375 5310 sunt
2423 5269 2638 5318 versus,
2679 5269 2786 5322 quo
2820 5263 2930 5309 tres
2978 5255 3120 5312 inter
3163 5269 3222 5311 se
3269 5256 3621 5312 conferuntur
3673 5257 3828 5314 laude

2252 5325 2534 5397 sapientiae
2574 5326 2626 5379 in
2656 5323 2846 5394 primis
2875 5324 3025 5380 clari.

2327 5436 2900 5518 ξοθορς-Σοέξοέίλῆςο
2929 5438 3267 5518 “etiam
3292 5441 3343 5495 δ’
3367 5442 3728 5518 Εὐριπίδης·

2340 5508 2602 5579 Ἀνδρῶν
2628 5509 2680 5562 δ’
2709 5508 2989 5563 ἁπάντων
3015 5508 3327 5580 Σωκράτης
3363 5508 3731 5582 σοφώτατος.

2323 5599 2521 5656 Notum
2558 5614 2772 5670 quoque
2814 5597 2888 5655 ‘de
2939 5601 3193 5670 Euripide
3234 5603 3506 5660 Ciceronis
3541 5605 3826 5673 judicium.

2254 5683 2512 5741 quantum
2539 5673 2761 5737 singulis
2783 5684 2916 5738 pene
2944 5673 3189 5728 versibus
3211 5675 3328 5740 ejus
3360 5677 3627 5730 lrihttetit.
3666 5675 3824 5739 Ιίιττ,

2324 5742 2398 5812 ᾧ)
2433 5737 2514 5797 Εὖ
2548 5757 2645 5796 σοι
2675 5737 2903 5810 aeream
2935 5741 3027 5794 καί
3061 5742 3128 5796 ἐι·
3163 5737 3351 5811 ’Λῗδος
3384 5743 3607 5816 δόμοις.
3635 5737 3822 5809 Pheres
