3988 6436
553 312 686 375 1M

1753 307 1813 365 S.
1856 301 2144 364 ISIDGRI
2184 300 2616 362 PELUSIOTE

544 428 644 481 sibi
674 424 850 479 studio
877 423 1072 479 habeat
1099 434 1285 478 curam
1325 416 1571 488 corporis
1603 461 1618 485 ,
1660 432 1765 473 non
1797 418 2014 487 quidem
2047 425 2098 471 ut

2211 416 2239 486 ή
2271 414 2504 485 ὑγρότης
2528 417 2559 484 ἡ
2586 414 2645 467 τὸ
2672 412 2954 467 κλυδώνιον
2976 410 3328 482 ἐργασαμένη
3359 402 3775 481 χειραγωγῆαῃ,

540 513 869 569 carnositate
900 512 1129 582 quadam
1156 511 1435 583 saginetnr
1452 518 1614 580 atque
1641 509 1982 573 intumescat,
2008 508 2099 562 sed

543 612 747 657 tantum
788 611 848 656 ut
874 610 1024 658 recte
1051 602 1250 665 valeat,
1279 614 1401 655 cum
1436 598 1635 664 anima,
1670 598 1713 654 si
1747 612 1865 654 eam
1898 598 2099 651 valetu-

540 692 679 748 dinis
706 707 893 749 curam
921 693 1193 765 negligat,
1229 692 1425 746 luitura
1456 691 1530 745 sit
1572 704 1691 745 eam
1728 690 1973 760 corporis
2020 689 2099 744 in-

541 781 881 849 Iemperiem,
906 790 960 835 et
991 781 1112 837 inde
1134 778 1531 836 incommodum
1554 784 1892 849 perceptura,
1912 790 2099 845 quam-

538 873 618 928 vis
648 884 753 928 non
801 873 1014 941 propria
1048 879 1103 925 et
1147 869 1427 940 principali
1482 884 1619 925 noxa
1650 906 1667 933 ,
1721 872 1956 922 attamen
2002 881 2099 936 per

537 960 1239 1030 consensumJntemperies
1253 960 1395 1015 enim
1408 960 1649 1029 corporis
1661 967 1717 1013 et
1731 957 2101 1023 ebrietas',sni-

536 1066 635 1105 ma:
672 1066 885 1121 quoque
917 1051 1059 1105 illam
1081 1050 1413 1106 aﬂ‘ectionem
1445 1048 1780 1105 transmittit.
1806 1047 1921 1116 Ipsa
1953 1062 2097 1112 vero,

534 1142 760 1207 perinde
791 1152 850 1196 ut
881 1144 1209 1212 gubernator
1240 1143 1293 1195 in
1328 1155 1514 1210 magna
1559 1147 1878 1209 tempestate
1912 1140 2101 1209 depre-

538 1231 742 1285 hensus
774 1229 1133 1300 iactatusque,
1164 1230 1529 1298 perturbatur.
1552 1242 1608 1283 et
1637 1244 1788 1284 suam
1816 1230 2096 1285 scientiam

534 1334 640 1374 non
674 1320 914 1377 declarat
943 1320 1240 1376 submersa.
1265 1319 1400 1374 Tum
1425 1335 1553 1376 vero
1581 1320 1737 1390 quasi
1768 1320 1927 1376 uvida
1956 1320 2097 1376 facta

532 1423 675 1478 sape
709 1410 885 1480 agitur
916 1423 980 1465 ac
1009 1407 1183 1465 fertur
1212 1423 1532 1480 quocunque
1555 1409 1749 1465 humor
1780 1416 1873 1464 aut
1900 1406 2097 1465 ﬂuctus

2207 506 2280 559 Οὐ
2328 506 2436 575 γὰρ
2469 505 2528 558 τὸ
2554 506 2627 576 μὴ
2676 502 2812 559 εἶναι
2860 505 3035 575 ψυχὴν
3078 504 3346 557 ἀθάνατον
3371 499 3531 553 τοῦτο
3561 497 3775 552 δείκνυ-

2208 614 2312 659 σιν,
2346 596 2479 649 ἀλλὰ
2527 598 2589 649 τὸ
2644 596 3027 666 ἐμποδίζεσθαι
3085 594 3256 664 αὐτῆς
3307 590 3410 654 τὰς
3458 587 3771 658 ἐνεργείας·

2203 687 2390 756 ἐπειδὴ
2423 688 2559 757 μήτε
2591 689 2847 757 μουσικὸς
2869 686 3104 756 ἄριστος,
3142 686 3381 756 ἄμουσον
3406 682 3580 753 λύραν
3609 680 3769 750 έχων,

2203 779 2240 850 ἢ
2298 780 2383 841 είς
2444 777 2672 847 πέλαγος
2728 776 3002 848 ἐμπεσὼν,
3067 775 3392 845 ἐναρμόνιον
3458 769 3775 826 ἀποτελέσει

2207 869 2386 941 μέλος.
2438 869 2553 923 Καὶ
2596 870 2770 923 ταῦτα
2829 870 2925 938 μὲν
2972 867 3082 921 ἀπὸ
3149 866 3428 937 λογισμῶν
3497 862 3775 935 είρήσθωσ

2211 959 2556 1030 ὶπιφερέσθω
2605 959 2648 1012 δ’
2683 960 2783 1031 ήδη
2818 961 2851 1029 ἡ
2899 958 2992 1011 τοῦ
3041 954 3388 1027 Δημιουργοῦ
3418 954 3626 1023 ψῆφος,
3658 955 3774 1005 ἑπι-

2206 1049 2583 1122 σφραγίζουσα
2612 1051 2674 1103 τὸ
2701 1049 3135 1122 εἰρημένονμῗη,
3179 1048 3272 1100 καὶ
3306 1047 3579 1112 λέγουσαο
3622 1061 3641 1094 ι
3685 1042 3775 1111 Μὴ

2205 1141 2480 1214 φοόηθῆτε
2524 1143 2633 1196 ἀπὸ
2684 1142 2793 1197 τῶν
2843 1141 3270 1196 ἀποκτεινόντων
3314 1139 3376 1192 τὸ
3430 1136 3616 1206 σῶμα,
3680 1132 3776 1203 τὴν

2201 1236 2258 1290 δὲ
2279 1235 2457 1306 ψυχὴν
2485 1235 2560 1307 μὴ
2588 1236 2902 1306 δυναμένων
2931 1234 3274 1287 ἀποκτεῖναι.
3316 1250 3335 1284 s
3374 1232 3466 1292 Ὦς
3497 1228 3774 1282 ἀθανάτου

2199 1324 2487 1395 τοιγαροῦν
2540 1324 2711 1394 οῦσης
2755 1324 2857 1393 τῆς
2896 1322 3097 1394 ψυχῆς,
3130 1321 3274 1376 οὕτω
3314 1320 3410 1375 καὶ
3454 1316 3777 1388 διαγώμεθα

2202 1417 2297 1470 καὶ
2325 1414 2807 1487 δωπραττώμεθα.

532 1516 648 1556 eam
684 1500 959 1572 impulerit
994 1503 1459 1572 comprehensam.
1509 1500 1694 1573 Neque
1737 1502 1881 1557 enim
1944 1518 2007 1558 ea
2041 1520 2127 1562 res
2166 1508 2269 1563 hoc
2296 1510 2534 1564 det-lauat
2558 1549 2574 1574 ,
2628 1524 2733 1563 non
2800 1523 2919 1563 esse
2958 1503 3314 1561 immortalem
3357 1501 3598 1557 animam
3628 1538 3645 1564 ,
3683 1498 3776 1553 sed

531 1598 773 1653 actiones
806 1599 971 1669 ipsius
1004 1598 1249 1666 impediri
1281 1598 1505 1654 indicat.
1554 1596 1686 1655 Nam
1721 1612 1893 1668 neque
1932 1601 2169 1657 musicus
2234 1604 2532 1673 quamlibet
2599 1604 2877 1673 optimus,
2936 1601 3170 1669 ineptam
3205 1597 3413 1653 habens
3446 1595 3651 1666 lyram,
3685 1602 3779 1645 aut

534 1692 588 1745 in
626 1691 847 1762 pelagus
902 1692 1151 1761 delapsus
1178 1732 1195 1757 ,
1244 1691 1566 1767 concinnum
1600 1707 1819 1748 carmen
1856 1708 2091 1763 unquam
2130 1697 2379 1753 ediderit.
2418 1698 2481 1753 Et
2517 1698 2632 1752 haec
2680 1697 2898 1766 quidem
2937 1696 3199 1751 hactenus
3264 1706 3331 1747 ex
3400 1687 3780 1744 ratiocinatio-

535 1781 692 1838 nibus
720 1784 866 1838 dicta
896 1783 1024 1839 siut.
1058 1783 1176 1840 Jam
1214 1798 1345 1840 vero
1386 1778 1599 1853 opiﬁcis
1629 1784 1797 1855 ipsius
1838 1796 1893 1839 et
1955 1787 2230 1845 Creatoris
2299 1791 2490 1846 animai
2524 1790 2766 1847 calculus
2826 1786 3154 1859 proferatur,
3184 1784 3481 1852 obsignans
3545 1780 3599 1833 id
3630 1776 3778 1847 quod

535 1875 735 1931 dictum
768 1886 873 1943 est.
905 1887 961 1933 et
993 1877 1181 1933 dicens
1210 1896 1225 1932 :
1256 1875 1334 1933 Ne
1363 1878 1547 1934 timete
1576 1880 1644 1935 ab
1685 1879 1751 1934 iis
1780 1882 1871 1950 qui
1895 1896 2089 1950 corpus
2127 1884 2402 1947 occidunt,
2436 1886 2668 1939 animam
2704 1897 2833 1938 vero
2862 1880 3111 1938 occidere
3167 1891 3271 1931 non
3326 1882 3582 1942 possunt.
3617 1869 3775 1935 Quod

535 1971 705 2021 restat
735 1967 897 2037 igitur
918 2007 936 2034 ,
971 1968 1051 2024 sic
1094 1968 1217 2023 vita:
1250 1978 1447 2023 nostra
1477 1968 1711 2025 rationes
1756 1971 2101 2042 actionesque
2141 1988 2331 2029 omnes
2396 1973 2759 2033 instituamus,
2792 1979 2849 2023 ut
2918 1967 3171 2024 convenit
3203 1978 3297 2019 eos
3329 1962 3544 2026 facere,
3579 1958 3781 2027 quibus

533 2068 847 2124 persuasum
878 2068 980 2123 est,
1017 2057 1252 2114 animam
1282 2058 1639 2115 immortalem
1666 2073 1811 2117 esse.

897 2170 1060 2243 433
1095 2169 1323 2228 cxxw.
1353 2200 1425 2212 --
1451 2170 1743 2228 ISIDOBO.

534 2259 598 2315 In
655 2259 790 2315 illud
831 2264 1029 2317 dictum
1062 2261 1262 2318 Paulini
1297 2279 1315 2317 :
1374 2280 1393 2315 ι
1427 2262 1700 2319 Peccatsri
1742 2276 1913 2319 autem
1963 2268 2097 2323 dixit

575 2403 581 2414 Ι
955 2330 1136 2388 Deus:
1165 2333 1344 2398 Quare
1375 2342 1430 2386 tu
1451 2333 1530 2401 “,
1553 2352 1575 2386 ι
1604 2344 1710 2390 ctc.

604 2444 867 2517 Equidem
906 2445 986 2500 sic
1013 2444 1287 2510 existimo,
1323 2461 1417 2501 eos
1452 2461 1664 2503 onmem
1699 2448 1964 2504 excedere
2002 2462 2104 2501 au-

535 2536 765 2604 daciam,
787 2536 882 2608 qui
911 2536 1034 2590 vitae
1059 2537 1276 2605 quidem
1301 2537 1517 2605 optima:
1548 2540 1809 2592 rationem
1838 2548 1888 2594 et
1912 2555 2095 2594 curam

535 2628 734 2683 habent
770 2626 993 2691 nullam,
1029 2627 1236 2680 interea
1278 2640 1403 2681 vero
1440 2628 1508 2682 de
1533 2626 1873 2699 dogmatibus
1903 2643 2095 2700 perpe-

538 2727 658 2773 tuas
685 2716 892 2786 agitant
921 2716 1312 2772 contentiones.
1358 2714 1491 2769 Cum
1541 2716 1685 2769 enim
1725 2716 1966 2784 ipsorum
2022 2716 2100 2769 lo—

536 2807 732 2877 quendi
758 2806 974 2863 licentia
1007 2805 1219 2862 occlusa
1250 2806 1321 2862 sit
1343 2820 1447 2859 non
1476 2806 1631 2861 ostiis
1657 2815 1711 2860 et
1742 2806 1955 2877 sigillis,
1981 2822 2101 2877 quae

533 2901 657 2969 quis
687 2898 830 2954 forte
856 2908 1149 2952 concutere
1177 2906 1232 2951 ct
1264 2896 1476 2952 amoliri
1516 2898 1725 2966 possit,
1777 2898 1871 2952 sed
1904 2899 2101 2954 divinis

532 2988 789 3053 oraculis,
813 3002 932 3057 quae
945 2988 1218 3043 clamant:
1245 2986 1553 3041 rPeccnlori
1582 2996 1757 3041 autem
1776 2987 1910 3041 dixit
1929 2988 2098 3045 Deus:

535 3084 723 3148 Quare
778 3089 832 3134 tu
863 3094 1085 3135 enarras
1110 3077 1353 3143 iustitiae
1386 3070 1551 3141 meas.
1581 3087 1636 3132 et
1664 3079 1894 3135 assumis
1929 3088 2098 3135 testa-

534 3178 774 3226 mentum
805 3183 981 3225 meum
1003 3184 1097 3239 per
1125 3185 1188 3225 os
1210 3170 1405 3225 tuum?
1424 3190 1441 3221 ι
1476 3170 1577 3240 ipsi
1606 3184 1671 3225 eo
1698 3181 2078 3241 processerunt

533 3261 796 3327 audacia,
831 3270 889 3314 ut
923 3277 1029 3317 non
1060 3262 1232 3317 solum
1262 3263 1328 3317 de
1354 3262 1599 3330 justitiis,
1636 3276 1772 3333 quas
1820 3262 2100 3332 ejnrarunt

534 3354 835 3423 disceptent
890 3353 1106 3422 (minus
1146 3356 1290 3409 enim
1327 3352 1557 3410 fortasse
1585 3354 1709 3407 mali
1746 3355 1845 3409 hoc
1878 3353 2015 3409 foret
2040 3355 2057 3422 )
2086 3395 2104 3410 .

535 3459 722 3500 verum
747 3446 911 3499 etiam
939 3446 1005 3500 de
1032 3444 1287 3502 ineffabili
1311 3454 1365 3501 et
1389 3445 1677 3515 purissima
1701 3454 1891 3499 natura
1920 3446 2097 3500 divina

538 3535 917 3592 contentiones
946 3550 1010 3590 ac
1031 3536 1328 3590 certamina
1384 3537 1699 3606 suscipiant.
1732 3534 1952 3592 Talibus
1991 3537 2095 3591 ita-

538 3641 644 3695 que
676 3640 777 3697 ego
807 3627 1070 3683 suaecrim
1093 3669 1112 3693 ,
1144 3642 1209 3682 ne
1248 3630 1514 3683 scelerato
1549 3641 1708 3697 atque
1742 3628 1952 3699 impuro
1980 3643 2095 3691 ore,

538 3726 800 3785 quantum
847 3718 899 3773 in
933 3732 993 3774 se
1025 3728 1139 3785 est,
1187 3717 1428 3773 lacerent
1457 3733 1545 3774 res
1581 3719 1791 3774 divinas
1814 3758 1829 3784 ,
1881 3734 2002 3789 qua:
2032 3718 2100 3774 iis

539 3823 753 3879 quoque
784 3809 895 3876 vis,
926 3825 989 3866 ac
1015 3825 1080 3866 ne
1104 3811 1190 3865 vis
1231 3811 1446 3881 quidem
1479 3820 1607 3866 sunt
1632 3810 2095 3882 pervestigabiles,

542 3900 634 3969 qui
665 3901 792 3959 vita
838 3911 963 3959 sunt
1004 3903 1242 3973 probatae
1264 3911 1426 3973 atque
1454 3902 1758 3960 innocentis
1784 3921 1799 3958 :
1832 3902 1925 3959 sed
1952 3910 2011 3957 ut
2043 3903 2096 3957 in

543 4004 602 4046 se
634 3990 781 4061 ipsos
830 4002 1146 4047 convertant
1178 4002 1340 4061 atque
1374 4007 1666 4050 exerceant
1703 3993 1832 4048 illud
1871 4006 2097 4047 examen

2607 2173 2797 2240 PKcr.
2828 2204 2893 2215 _
2933 2166 3193 2237 ramum
3226 2163 3364 2237 (tt).

2199 2264 2303 2329 είς
2334 2264 2433 2316 τόο
2474 2280 2493 2313 ι
2539 2260 2622 2325 Ἥῷ
2645 2259 2713 2314 δὲ
2738 2251 3302 2377 Ἠρῖωέῷτεῖῗενό
3343 2250 3506 2315 Θεός·
3548 2248 3699 2303 Ἵνα
3715 2245 3776 2300 τι

2756 2343 2861 2393 συ,
2906 2347 2925 2380 ι
2960 2344 3015 2381 κ.
3050 2343 3103 2379 τ.
3147 2343 3196 2377 Α.

2270 2445 2456 2516 Πάοης
2484 2444 2658 2513 ῐγωγι
2687 2442 2892 2513 τόλμης
2925 2440 3182 2493 ἐπέκεινα
3210 2436 3414 2506 χωρεῖν
3452 2429 3776 2499 ῦπολαμὸἁί

2199 2556 2275 2591 νω
2306 2535 2432 2597 τοὺς
2480 2533 2596 2605 βίου
2653 2534 2755 2604 μὲν
2805 2530 3029 2603 ἀρίστου
3089 2522 3360 2597 μηδεμίαν
3410 2520 3778 2590 ποιουμένους

2200 2630 2479 2700 πρόνοιαν,
2500 2626 2631 2699 περὶ
2656 2625 2711 2680 δὲ
2735 2622 3023 2693 δογμάτων
3041 2617 3278 2689 συνεχῶς
3299 2612 3777 2687 ζυγομαχοῦντας.

2201 2717 2607 2789 Κεκλεισμένης
2632 2716 2741 2787 γὰρ
2774 2714 2955 2769 αὐτῶν
3000 2710 3100 2778 τῆς
3142 2708 3454 2782 παρρησίας
3487 2707 3549 2758 οὐ
3583 2704 3777 2775 θύραις

2203 2810 2297 2863 καὶ
2338 2808 2689 2879 σημάντροις,
2733 2804 2892 2858 ἅτινα
2923 2802 2988 2857 ἄν
3023 2819 3107 2865 τις
3143 2800 3236 2854 καὶ
3274 2795 3777 2869 ωρασαλεὺοεισν,

2205 2900 2338 2955 ἀλλὰ
2365 2899 2527 2961 Θείοις
2580 2895 2747 2967 βοῶσι
2785 2896 3089 2966 χρησμοῖς·
3158 2910 3178 2943 ι
3232 2889 3323 2961 Τῷ
3359 2890 3414 2943 δὲ
3463 2884 3781 2959 ἁμαρτωλῷ

2202 2988 2355 3046 εἶπεν
2403 2995 2432 3044 ό
2462 2990 2593 3052 Θεός
2616 3004 2630 3019 ·
2682 2989 2802 3042 ἰνα
2842 2986 2894 3041 τί
2929 2987 2993 3040 σὺ
3044 2984 3271 3054 ὲκδιηγῇ
3301 2982 3369 3035 τὰ
3425 2977 3779 3063 δικαιώματά

2205 3098 2329 3154 μου,
2357 3080 2450 3135 καὶ
2482 3077 2883 3148 ἀναλαμϐάνῃς
2918 3076 3019 3148 τὴν
3072 3073 3337 3144 διαθήκην
3397 3087 3499 3142 μου
3538 3067 3630 3121 διὰ
3664 3068 3782 3121 στό-

2206 3171 2374 3243 ματός
2407 3186 2502 3224 σου
2523 3188 2575 3234 ;s
2616 3170 2771 3223 αὐτοὶ
2790 3167 3135 3233 είςτοσοῦτον
3164 3163 3516 3234 κεχωρήκασι
3548 3158 3780 3229 τόλμης.

2201 3264 2277 3327 ὡς
2303 3262 2378 3333 μὴ
2412 3262 2572 3333 μόνον
2612 3262 2738 3333 περὶ
2757 3258 2867 3314 τῶν
2890 3256 3299 3327 δικαιωμάτων,
3332 3249 3406 3307 ὧν
3428 3252 3779 3320 ὲξόμνυνται.

2204 3354 2539 3425 λογοκρινεῖν
2568 3351 2680 3423 (15)
2715 3347 2895 3423 (ἦττον
2935 3348 3043 3421 γὰρ
3088 3342 3157 3420 ἦν
3197 3346 3364 3401 κακὸν
3400 3345 3534 3406 ἴσως
3555 3345 3596 3410 ),
3640 3340 3780 3396 ἀλλὰ

2211 3446 2337 3515 περὶ
2359 3444 2459 3515 τῆς
2476 3444 2716 3513 ἀρρήτου
2740 3442 2835 3496 καὶ
2861 3440 3131 3511 ἀχράντου
3155 3436 3370 3509 φύσεως
3391 3433 3776 3503 διαφέρεσθαι.

2208 3535 2676 3606 Συμϐουλεύσαιμ’
2754 3534 2821 3588 ἂν
2900 3532 3077 3585 τοίνυν
3161 3531 3275 3592 τοῖς
3362 3525 3650 3589 τοιούτοις,
3709 3523 3784 3595 μὴ

2208 3623 2387 3695 μιαρῷ
2420 3624 2513 3677 καὶ
2543 3624 2729 3690 ἐναγεῖ
2758 3623 2987 3692 στόματι
3020 3621 3155 3690 τόγε
3207 3617 3416 3672 ἑαυτῶν
3448 3615 3615 3686 μέρος
3647 3630 3785 3667 σπα·

2206 3715 2430 3788 ράσσειν
2475 3713 2543 3769 τὰ
2585 3714 2726 3779 θεῖα,
2762 3714 2830 3767 τὰ
2873 3714 2967 3768 καὶ
3003 3714 3115 3776 τοῖς
3149 3712 3271 3765 λίαν
3319 3705 3782 3777 εὐδοκιμωτάτοις

2208 3807 2359 3878 μόλις
2407 3806 2684 3877 εὐθήρατα
2709 3823 2721 3836 ·
2777 3804 2915 3858 ἀλλὰ
2952 3806 3079 3874 περὶ
3126 3803 3350 3867 ἑαυτοὺς
3393 3799 3654 3871 στρέφειν
3686 3797 3786 3868 τὴν

2206 3899 2469 3970 βάσανονο
2504 3898 2645 3969 τάχα
2683 3914 2796 3961 πως
2828 3897 2928 3959 τὰς
2971 3895 3193 3966 κηλῖδας
3241 3892 3663 3964 ἁποτρίιίωνται,
3714 3888 3784 3952 ἃς

2203 3990 2266 4044 οὐ
2295 3988 2522 4053 δεόντως
2550 3990 2761 4051 ἑαυτοῖς
2786 3987 3234 4060 προσιτρίψαντο.

539 4094 594 4138 et
628 4083 989 4152 scrutinium,
1029 4085 1100 4139 ita
1127 4084 1373 4144 fortassis
1404 4086 1494 4143 ﬁet
1518 4128 1535 4154 ,
1570 4096 1629 4140 ut
1653 4086 1890 4143 maculas
1916 4126 1931 4152 ,
2000 4099 2137 4154 quas
2173 4084 2522 4153 sibimetipsis
2560 4092 2749 4137 contra
2825 4082 3063 4136 omcium
3114 4087 3460 4150 asperseruut
3483 4121 3497 4143 ,
3530 4092 3626 4132 eas
3659 4076 3783 4132 abs-

545 4184 777 4248 tergant.

884 4287 1137 4346 CXXVII.
1174 4321 1243 4331 —
1275 4290 1430 4347 MLO
1455 4288 1768 4345 DIACONO.

550 4378 613 4430 In
642 4379 840 4431 dictum
867 4379 1020 4443 illud,
1050 4381 1336 4448 «Animalia
1370 4382 1523 4433 homo
1546 4397 1647 4434 non
1670 4380 1883 4448 percipit
1911 4394 1969 4431 ea
1986 4393 2103 4446 qua

616 4456 743 4519 sunt
756 4449 971 4519 spiritus
983 4450 1049 4503 ¹⁹.
1062 4467 1079 4500 ι
1105 4447 1243 4514 Quid
1259 4451 1324 4503 sit
1349 4450 1659 4519 spiritualis,
1676 4449 1810 4519 'quid
1832 4448 2102 4514 animalis,

618 4516 743 4580 quid
774 4516 1021 4572 carnalis.

622 4623 979 4693 Spirituales,
1021 4629 1103 4682 vir
1133 4627 1381 4698 sapiens,
1420 4637 1574 4684 vocat
1610 4626 1803 4685 Paulus
1825 4668 1841 4693 ,
1875 4644 1969 4686 eos
2013 4632 2103 4701 qui

547 4717 817 4783 spirituali
847 4718 988 4774 dono
1013 4722 1203 4790 gratiae
1233 4722 1409 4775 ornati
1436 4730 1593 4775 sunt:
1626 4722 1825 4791 quique
1850 4736 1952 4776 non
1988 4732 2105 4775 tan-

550 4820 660 4860 lttm
689 4822 845 4877 supra
872 4821 1115 4866 naturam
1142 4825 1198 4865 se
1224 4812 1626 4876 elevarunt,sed
1649 4813 1808 4866 etiam
1834 4813 2100 4866 rationum

554 4904 994 4969 .unsequentiam
1026 4916 1116 4970 per
1161 4902 1317 4956 fidem
1356 4902 1819 4956 transcenderunt.
1862 4900 2103 4966 Quorum

552 5010 613 5046 vx
665 5008 887 5046 numero
932 5003 1047 5047 erat
1094 5004 1149 5047 et
1194 4994 1308 5062 ipse
1346 4993 1580 5060 Paulus,
1630 5002 1684 5047 et
1722 4993 1797 5046 illi
1848 4992 1913 5046 ad
1975 5006 2109 5062 quos

555 5084 865 5137 scribebat:
903 5082 1047 5137 «Non
1081 5084 1209 5138 eStis
1249 5086 1299 5138 in
1323 5100 1486 5140 carne
1510 5127 1525 5152 ,
1563 5085 1655 5139 sed
1697 5086 1747 5139 in
1792 5084 2003 5153 spiritu,
2034 5084 2110 5138 si-

628 5235 673 5267 ”
705 5234 845 5291 Psal.
878 5251 1020 5300 nix,
1052 5234 1130 5288 16.
1207 5236 1251 5267 ’θ
1284 5238 1299 5291 l
1335 5237 1459 5293 Cor.
1486 5253 1546 5303 tt,
1577 5239 1664 5293 Η.

2557 4288 2724 4339 PKZ'.
2754 4319 2824 4329 -..
2852 4285 3062 4353 ΝΕΙΛῼ
3108 4284 3427 4354 “suum.

2211 4382 2315 4446 Εἰς
2362 4380 2449 4432 τό*
2511 4399 2529 4431 ι
2579 4379 2633 4432 '0
2675 4378 2938 4448 ψυχικὸς
2970 4376 3378 4448 ἅνθρωποςλού
3421 4376 3659 4447 δέχεται
3716 4377 3788 4430 τὰ

2281 4450 2390 4503 τοῦ
2413 4446 2774 4518 πνεύματος,
2789 4446 2817 4498 ι
2868 4450 2930 4503 Τί
2950 4446 3372 4517 πνευματικὸς,
3397 4446 3497 4500 καί
3520 4448 3784 4517 ψυχικὸς

2283 4520 2382 4573 καί
2416 4520 2722 4588 σαρκικός.

2284 4630 2692 4701 Πνευματικοὺς
2742 4629 2917 4694 καλεῖ,
2974 4624 3021 4682 ὧ
3069 4628 3232 4696 σοφὲ,
3288 4627 3318 4680 ὁ
3367 4626 3580 4689 Παῦλος
3650 4627 3779 4689 τοὺς

2207 4738 2337 4774 πνευ
2346 4720 2560 4791 ματικῷ
2576 4720 3019 4790 κεκοσμημένους
3041 4720 3339 4790 χαρίσματι
3360 4733 3373 4747 ’
3413 4718 3506 4771 καὶ
3524 4717 3585 4770 οῦ
3620 4719 3782 4787 μόνον

2208 4812 2307 4880 τῆς
2333 4810 2548 4878 φύσεως
2568 4809 2826 4879 ἀνωτέρω
2864 4810 3238 4881 χωρήσαντας,
3268 4807 3404 4862 ἀλλά
3432 4808 3526 4861 καὶ
3550 4807 3650 4879 τὴν
3672 4807 3783 4861 τῶν

2216 4901 2386 4970 λόγων
2399 4900 2714 4955 ἀκολουθίαν
2726 4900 2812 4955 διὰ
2828 4903 2923 4972 τῆς
2937 4900 3168 4965 πίστεως
3179 4899 3626 4971 ὑπερϐεϐηκότας
3643 4900 3663 4970 (
3675 4897 3780 4967 16).

2218 4986 2317 5047 ’Ὧν
2343 4988 2422 5058 εἷς
2448 4991 2515 5066 ἦν
2559 4994 2653 5049 καὶ
2696 4994 2857 5057 αὐτὸς
2888 4995 2916 5047 ό
2946 4992 3175 5057 Παῦλος,
3213 4994 3455 5047 κάκεῖνοι
3503 4985 3586 5054 οἷς
3618 4990 3787 5062 ἔγρα-

2221 5104 2317 5157 φεν
2342 5104 2353 5116 ·
2397 5106 2413 5138 ι
2449 5090 2562 5140 υὺκ
2593 5087 2715 5139 ἐστὲ
2757 5089 2814 5139 ὲν
2852 5087 3036 5157 σαρκὶ,
3072 5084 3185 5138 ἀλλ’
3215 5086 3272 5138 tv
3302 5082 3596 5152 πνεύματι,
3624 5082 3788 5152 εἴπερ

1636 5392 1868 5447 VARUS
1909 5390 2291 5449 LECTIONES
2332 5390 2417 5447 ΕΤ
2450 5391 2679 5447 ΝΟΤίΕ.

629 5541 911 5615 (l3)_|dent
955 5543 1073 5598 cod.
1105 5544 1162 5596 τὸ
1209 5543 1495 5615 εἰρημένον
1525 5554 1691 5599 mutat
1739 5548 1788 5600 in
1835 5546 1901 5598 τὰ
1952 5547 2101 5615 εἰρη-

562 5618 717 5680 μένα.
752 5613 961 5669 Possm.

627 5681 735 5740 (Nl
761 5684 887 5737 (Ind.
924 5682 1038 5747 Yal.
1069 5686 1210 5740 :tdtlit
1242 5684 1537 5749 ἐπισκόπῳ.
1571 5686 1643 5739 in.

2271 5546 2393 5669 .(45;
2423 5544 2525 5601 Pro
2549 5547 2882 5616 λογοκρινεῖν
2911 5548 3029 5599 cod.
3075 5547 3189 5599 Vat.
3215 5546 3318 5599 650
3355 5544 3478 5614 legit
3512 5546 3675 5614 λόγον
3695 5565 3784 5601 κιο

2272 5634 2337 5669 ιν.
2400 5632 2451 5669 o.

2221 5634 2337 5669 JEt‘I.
2378 5632 2451 5670 ID.

2283 5686 2391 5751 (iii)
2420 5685 2509 5739 Ed.
2553 5684 2700 5739 Paris
2729 5727 2742 5748 ,
2782 5684 2867 5735 διὰ
2898 5684 3001 5735 τῶν
3034 5684 3305 5753 λογισμῶν
3337 5686 3433 5736 ὑπ.
3473 5685 3633 5740 Enn.

3786 76 3797 91 π
3844 74 3853 85 ι

3716 100 3723 119 ἦ
3872 102 3877 105 “
3918 98 3921 115 Τ

3730 128 3735 133 -
3898 120 3921 137 ,ἐ

3706 162 3739 183 "j
3826 166 3837 183 τ
3864 160 3887 177 υ,

3712 188 3737 201 -τό

3636 286 3777 361 nu
3862 224 3921 347 ’ἓ
