3988 6422
172 331 315 400 HIS

1021 331 1560 394 EPISTOLARUM
1597 333 1744 393 LIB.
1792 335 1889 393 IV.
1929 360 1998 369 -
2043 334 2280 395 EPIST.
2321 331 2582 394 CXXIX.

3316 330 3452 394 1206

169 448 400 516 Πνεῦμα
437 445 571 501 Θεοῦ
619 447 752 503 οἰκεῖ
785 447 843 500 ἐν
878 446 1020 516 ὑμῖν.
1055 465 1072 497 ι
1113 445 1392 514 Ψυχικοὺς
1415 443 1491 507 δὲ,
1516 444 1647 515 περὶ
1669 436 1750 498 ’ὧν
1779 490 1786 504 ,

1879 445 2072 516 [uideni
2099 445 2336 515 Spiritus
2379 443 2470 497 Dei
2508 441 2715 498 habitat
2746 441 2797 495 in
2828 438 3069 497 vobis“.
3099 457 3120 492 ι
3169 439 3452 498 Animales

169 541 487 611 γέγραπται
514 554 526 568 ·
568 558 586 591 ι
625 539 866 609 Ἶυχικοὶ
898 535 1118 607 πνεῦμα
1171 537 1243 608 μὴ
1279 534 1500 606 ἔχοντες
1525 551 1541 567 ·
1585 554 1602 586 ι
1630 534 1756 599 τοὺς

166 634 283 694 τοῖς
338 632 622 701 λογισμοῖς
670 629 766 683 καὶ
814 628 1191 696 συλλογισμοῖς
1234 627 1330 680 καὶ¹
1381 624 1758 694 διαλογισμοῖς

171 723 380 793 μᾶλλον
397 720 877 793 ἑπερειδομένους,
905 719 997 773 καὶ
1019 719 1080 771 τὸ
1100 718 1307 772 δίκαιον
1334 718 1426 772 καὶ
1456 717 1518 770 τὸ
1548 716 1757 786 συμφέ-

169 833 261 886 ρον
307 817 375 868 ἐκ
421 813 628 868 τούτων
673 810 993 882 νομίζοντας
1043 810 1318 882 εὑρίσκειν
1345 826 1358 839 ·
1392 803 1496 862 οἷοί
1539 808 1677 861 εἰσιν
1707 808 1758 860 οἱ

169 907 302 979 παρ’
334 906 562 978 Ἕλλησι
614 904 785 973 σοφοί.
821 903 1126 973 Σαρκικοὺς
1166 903 1223 955 δὲ
1260 903 1387 966 τοὺς
1417 903 1529 965 τοῖς
1556 899 1756 954 πάθεσι

169 1000 271 1069 τῆς
301 998 508 1070 σαρκὸς
535 995 890 1069 ἡττηθέντας,
911 996 1020 1050 ἀπὸ
1040 995 1134 1049 τοῦ
1163 992 1757 1064 πλειστοδυναμοῦντος

171 1092 370 1155 αὐτοὺς
395 1089 579 1144 καλῶν
603 1105 617 1121 ο
659 1084 762 1142 οἶοι
795 1089 995 1152 πάντες
1026 1089 1075 1142 οἱ
1105 1089 1344 1156 ἐναγεῖς,
1378 1087 1471 1140 καὶ
1496 1084 1747 1156 ἀκάθαρ-

173 1199 274 1247 τοι,
309 1182 408 1234 καὶ
463 1179 594 1252 περὶ
639 1180 740 1243 τὰς
781 1178 1066 1244 συνουσίας
1112 1179 1436 1242 λυττῶντες.
1493 1176 1553 1230 Et
1589 1176 1702 1248 γὰρ
1727 1175 1756 1228 6

175 1271 494 1342 σωματικὰς
531 1270 908 1340 Πνευματικδς
957 1269 1070 1340 (I7)
1098 1269 1258 1340 σῶμα
1287 1267 1401 1340 ἔχει
1435 1269 1527 1322 καὶ
1557 1266 1756 1338 ψυχὴν,

173 1364 267 1417 καὶ
300 1362 330 1415 6
361 1361 594 1433 ψυχικὸς
646 1361 805 1432 σῶμα
862 1362 996 1432 ἔχει,
1044 1361 1138 1414 καὶ
1186 1363 1214 1413 6
1261 1362 1523 1432 σαρκικὸς
1549 1361 1753 1432 ψυχὴν,

170 1453 286 1506 ἀλλ’
337 1453 449 1507 ἀπὸ
523 1453 618 1506 τοῦ
686 1451 1013 1524 κρατοῦντος
1067 1452 1300 1517 ἕκαστος
1347 1453 1593 1506 καλεῖται
1617 1451 1754 1524 (I8).

172 1545 390 1614 Ὠσπερ
419 1542 532 1615 γὰρ
561 1544 752 1615 γήϊνον
777 1543 993 1612 λέγεται
1022 1542 1085 1594 τὸ
1117 1541 1300 1612 σῶμα,
1328 1542 1509 1597 καίτοι
1528 1543 1623 1596 καὶ
1642 1542 1752 1596 τῶν

171 1634 348 1690 ἄλλων
378 1635 660 1706 στοιχείων
699 1635 944 1706 μετέχον.
985 1633 1065 1705 τῷ
1087 1633 1232 1689 κατά
1260 1633 1323 1688 τὸ
1369 1634 1622 1688 πλεῖστον
1657 1632 1753 1706 μέ-

177 1741 265 1798 ρος
293 1727 396 1798 τῆς
427 1727 533 1798 γῆς
565 1727 844 1798 μετέχειν·
878 1726 1021 1781 οὕτω
1050 1726 1324 1791 κάκείνοις
1357 1725 1467 1782 ἀπὸ
1494 1726 1589 1782 τοῦ
1620 1741 1758 1799 κρα-

171 1817 396 1883 τοῦντος
425 1818 708 1889 ἐξενίκησε
737 1817 1007 1891 τοῦνομα..

1865 550 1995 591 vero
2017 533 2272 605 appellat,
2305 537 2371 588 de
2400 533 2598 602 quilms
2643 533 2907 599 scriptum
2949 538 3072 586 est:
3114 530 3446 595 «Animalcs,

1861 629 2112 696 spiritum
2155 642 2260 682 non
2306 625 2572 681 habentes
2593 625 2632 656 ⁸¹
2665 640 2680 688 ;
2712 642 2730 675 ι
2779 638 2872 676 eos
2925 622 3016 690 qui
3072 622 3454 677 ratiocinatio-

1861 721 2040 786 nibus,
2072 729 2127 775 et
2156 719 2484 789 syllogismis
2512 727 2569 772 et
2595 713 3056 784 disputationibus
3089 714 3266 780 potius
3301 713 3454 766 inni-

1867 821 2082 876 tuntur,
2112 820 2168 865 et
2196 827 2259 864 ex
2293 811 2378 864 his
2409 825 2468 864 se
2511 809 2830 863 inventuros
2863 807 3200 862 arbitrantur
3227 804 3278 858 id
3308 807 3455 875 quod

1862 904 2066 972 justum
2116 903 2190 957 sit
2236 909 2292 956 et
2335 900 2512 956 utile:
2567 899 2757 969 quales
2808 909 2940 953 sunt
2987 897 3264 966 sapientes
3312 896 3454 964 apud

1861 994 2105 1050 Graecos.
2135 993 2398 1049 Caruales
2423 992 2662 1061 denique
2693 1005 2809 1055 eos,
2837 990 2928 1058 qui
2955 987 3239 1043 aﬂ‘ectihus
3270 987 3456 1042 carnis

1863 1101 1921 1142 se
1951 1086 2092 1141 vinci
2133 1086 2447 1155 patiuntur;
2501 1083 2570 1138 ab
2606 1096 2670 1138 eo
2703 1081 2846 1150 quod
2879 1079 3172 1151 plurimum
3219 1077 3274 1133 in
3324 1077 3457 1146 ipsis

1861 1178 2049 1248 pollet,
2071 1176 2572 1232 denominationem
2603 1189 2793 1230 eorum
2821 1187 3072 1229 sumens:
3103 1170 3290 1240 quales
3332 1178 3457 1223 sunt

1863 1283 2054 1326 omnes
2087 1267 2359 1332 scelerati,
2389 1275 2442 1322 et
2473 1267 2670 1338 impuri
2695 1308 2710 1331 ,
2737 1274 2793 1321 et
2819 1265 2908 1335 qui
2939 1263 3088 1319 circa
3118 1261 3371 1318 libidines
3399 1272 3456 1316 et

1863 1360 2042 1414 coitus
2071 1359 2374 1415 insaniunt.
2406 1359 2728 1426 Quanquam
2771 1359 2918 1413 enim
2951 1354 3256 1424 spiritualis
3285 1355 3454 1408 etiam

1863 1453 2028 1508 homo
2061 1466 2260 1522 corpus
2300 1452 2460 1506 habet
2507 1461 2562 1506 et
2594 1451 2858 1514 animam,
2887 1458 2944 1504 et
2969 1445 3224 1502 animalis
3253 1459 3456 1516 corpus

1861 1543 2049 1606 habet,
2082 1551 2137 1597 et
2166 1543 2403 1602 carnalis
2433 1543 2615 1596 anima
2648 1557 2754 1595 non
2779 1539 3132 1596 destituitur:
3169 1551 3352 1594 tamen
3387 1539 3454 1593 ab

1861 1648 1928 1704 eo
1962 1636 2104 1703 quod
2137 1633 2483 1704 potissimum
2513 1643 2618 1697 est,
2639 1633 2870 1702 quisque
2889 1630 3213 1702 appellatur.
3248 1629 3455 1698 Quem-

1864 1725 2155 1780 admodum
2225 1723 2372 1779 enim
2418 1738 2617 1794 corpus
2646 1762 2661 1786 ,
2711 1721 2924 1776 tametsi
2969 1721 3200 1775 aliorum
3237 1734 3455 1788 quoque

1794 1812 1838 1869 Β
1864 1817 2257 1873 elementorum
2301 1817 2575 1887 particeps
2636 1817 2710 1871 sit
2736 1833 2762 1880 ,’
2791 1815 2911 1869 ideo
2961 1827 3145 1868 tamen
3181 1823 3461 1867 terrenum

173 1911 412 1978 dicitur,
442 1912 585 1982 quod
621 1911 914 1968 maximam
948 1919 1156 1980 partem
1201 1925 1266 1965 ex
1318 1919 1463 1965 terra
1505 1918 1754 1966 constet:
1794 1909 1874 1966 sic
1907 1907 2013 1964 illis
2033 1923 2250 1979 quoque
2279 1923 2346 1964 ex
2373 1923 2439 1963 eo
2470 1907 2613 1977 quod
2661 1905 2937 1975 potentius
3005 1914 3109 1968 est,
3146 1917 3342 1957 nomen
3369 1898 3462 1956 ob-

175 2001 355 2058 llttuil.

572 2093 752 2148 PKH'.
771 2123 841 2136 —
870 2093 1204 2166 Εγετεψιι)
1226 2093 1362 2163 (I9).

176 2186 280 2252 εις
305 2184 418 2240 τὸν
437 2183 714 2254 ἀοίδιμον
736 2184 995 2239 θάνατον
1010 2185 1116 2241 τοῦ
1138 2185 1412 2255 Σωτῆρος
1437 2183 1604 2255 ἡμῶν
1624 2185 1760 2257 (ΞΟ).

248 2275 445 2341 Πόθεν,
478 2275 634 2345 ἔφης,
675 2274 834 2346 δῆλόν
866 2277 1036 2340 ἐστιν,
1067 2278 1148 2330 ὅτι
1182 2277 1325 2332 ἑκὼν
1352 2277 1448 2331 ἐπὶ
1475 2280 1570 2331 τὸν
1599 2277 1755 2332 θάνα-

177 2385 266 2421 τον
292 2361 505 2437 mem
521 2365 757 2438 Χριστός
774 2365 920 2438 (2i);
945 2367 1196 2422 Μάλιστα
1218 2367 1316 2438 μὲν
1334 2368 1398 2422 ὲκ
1417 2366 1510 2422 τοῦ
1535 2369 1762 2439 νεκροὺς

181 2460 493 2529 Δεσπσιικῇ
535 2457 795 2530 αὑθεντίᾳ
834 2459 1218 2530 ὲγηγερκέναι.
1274 2459 1333 2514 '0
1379 2459 1490 2532 γὰρ
1552 2462 1766 2530 νεκροῖς

182 2550 326 2621 ζωήν
358 2550 753 2622 χαρισάμενος.
784 2551 883 2605 οὑκ
903 2549 968 2604 ἂν
992 2551 1164 2622 δήπου
1199 2551 1348 2606 ἄκων
1375 2553 1469 2605 ἐπὶ
1500 2552 1560 2606 τὸ
1594 2551 1766 2617 πάθος

180 2643 346 2714 ῆκθηο
377 2640 440 2696 EI
460 2642 516 2696 δὲ
542 2643 637 2695 καὶ
665 2645 732 2713 τῇ
764 2641 917 2714 θεῖκῇ
947 2641 1167 2713 ἑξουσίᾳ
1192 2644 1290 2696 οὑκ
1325 2643 1485 2713 ήθελε
1546 2644 1762 2714 χρήσα-

182 2733 331 2798 σθαι,
364 2732 502 2788 ἀλλά.
548 2749 610 2801 γε
636 2732 763 2803 ἐξῆν
809 2732 1293 2818 ἀπολογησάμενον
1338 2735 1622 2805 ἐκφυγεῖν,
1653 2735 1769 2802 εἴγε

182 2825 365 2896 ήθιλε.
399 2823 512 2879 Καὶ
539 2823 648 2896 γὰρ
675 2819 790 2895 εἶχε
814 2825 908 2878 καὶ
936 2825 1029 2879 τὸν
1057 2825 1288 2879 Πιλᾶτον
1319 2827 1398 2892 εἰς
1435 2824 1593 2880 τοῦτο
1619 2825 1768 2895 αὐτῷ

189 2917 630 2989 συμπράττοντα,
665 2917 757 2972 καὶ
784 2919 1035 2985 λέγοντα,
1077 2920 1208 2972 ποτε
1246 2919 1346 2990 μέν
1369 2935 1383 2951 ·
1421 2937 1440 2972 ι
1480 2920 1592 2988 Οὐχ
1622 2917 1770 2989 εὑρί-

185 3027 300 3064 σκω
331 3012 392 3063 ὲν
428 3009 580 3080 αὐτῷ
619 3008 740 3063 οὐδὲ
773 3008 902 3080 μίαν
934 3011 1115 3064 αίτίαν
1137 3011 1370 3064 θανάτου
1390 3027 1404 3042 °
1447 3030 1465 3062 ι
1504 3011 1636 3063 ποτὲ
1661 3010 1718 3064 δέ
1749 3025 1763 3039 ⁸

2160 2091 2329 2166 484
2363 2089 2644 2148 CXXVIII.
2667 2117 2739 2130 —-
2761 2085 3176 2146 EUSTEPHIO.

2083 2185 2150 2239 In
2181 2185 2432 2239 celebrem
2459 2193 2681 2238 mortem
2716 2181 3016 2237 Saluatoris
3057 2179 3244 2233 nostri.

1946 2275 2101 2332 Unde
2149 2285 2402 2339 constat,
2461 2272 2646 2342 inquis
2675 2311 2690 2336 ,
2751 2271 3028 2326 Christum
3085 2269 3226 2324 ultro
3269 2275 3324 2323 et
3363 2283 3462 2324 sua

1873 2377 2066 2441 sponte
2095 2368 2160 2423 ad
2203 2376 2435 2423 mortem
2466 2366 2683 2422 venisse
2703 2366 2726 2410 ν
2756 2364 2989 2418 Maxime
3028 2364 3245 2432 quidem
3273 2377 3338 2417 ex
3370 2377 3458 2426 eo.

1874 2462 2018 2532 quod
2058 2471 2303 2516 mortuos
2336 2459 2615 2515 Dominica
2643 2458 2968 2514 auctoritate
2998 2469 3054 2512 et
3088 2456 3332 2534 potentia
3366 2471 3463 2511 ex-

1875 2553 2086 2607 citavit.
2148 2551 2282 2606 Nam
2331 2550 2422 2620 qui
2485 2549 2716 2604 mortuis
2769 2549 2937 2622 vitam
2972 2547 3204 2618 largitus
3246 2556 3371 2613 est,
3418 2548 3464 2602 is

1874 2642 2118 2713 profecto
2170 2659 2273 2696 non
2322 2641 2526 2695 invitus
2558 2641 2626 2694 ad
2662 2640 2970 2710 passionem
3009 2654 3163 2693 suam
3195 2639 3464 2694 abductus

1873 2745 1978 2791 est.
2023 2734 2174 2803 Quod
2210 2735 2253 2788 si
2310 2735 2475 2788 etiam
2532 2734 2714 2788 divina
2749 2730 2995 2803 potentia
3043 2732 3120 2785 uti
3157 2731 3332 2786 noluit
3363 2771 3376 2795 ,
3409 2737 3464 2783 at

1875 2837 2024 2880 certe
2063 2826 2260 2880 licebat
2298 2827 2347 2879 ei
2377 2865 2391 2888 ,
2453 2825 2496 2880 si
2545 2822 2847 2888 voluisset,
2901 2821 3216 2877 defensione
3263 2821 3464 2876 utendo

1877 2915 2136 2988 ell‘ugere.
2194 2916 2442 2972 Habebat
2491 2918 2635 2971 enim
2683 2914 2912 2969 Pilatum
2943 2927 3160 2983 quoque
3210 2912 3316 2968 sibi
3348 2913 3465 2982 ejus

1874 3017 2104 3063 conatus
2136 3009 2365 3073 socium,
2399 3016 2455 3064 et
2485 3006 2756 3062 dicentem
2779 3046 2795 3069 ,
2829 3022 2973 3061 nunc
2998 3006 3216 3074 quidem
3251 3026 3262 3060 :
3299 3023 3319 3056 ‹
3347 3004 3464 3058 Non

189 3122 207 3152 ι
261 3100 469 3165 Ἀθῶὸς
494 3102 612 3170 είμι
653 3102 763 3156 ἀπὸ
801 3101 895 3156 τοῦ
943 3103 1171 3174 αἵματος
1201 3104 1415 3159 τούτου.
1457 3123 1475 3154 ι
1512 3104 1575 3156 Ei
1606 3104 1663 3157 δὲ
1695 3104 1769 3175 μὴ

1879 3100 2097 3157 invenio
2133 3100 2186 3152 in
2226 3099 2344 3168 ipso
2389 3098 2554 3153 ullam
2606 3097 2820 3168 culpam
2856 3097 3031 3192 morte
3079 3096 3295 3166 dignam
3319 3093 3406 3162 ⁸·;
3441 3115 3461 3149 ι

183 3195 636 3268 ἀπολογήσασθαι
667 3195 880 3268 seu”,
913 3195 1323 3250 ἐκκαλέσασθαι
1357 3195 1499 3249 κατὰ
1553 3193 1767 3254 Παῦλον

184 3289 332 3358 ἐξῆν.
386 3287 500 3341 Καὶ
530 3285 640 3358 γὰρ
674 3285 781 3340 ὑπὸ
829 3285 1135 3358 Ῥωμαίους
1185 3281 1350 3359 ἦσαν.
1397 3286 1601 3340 Λοιπὸν
1657 3285 1770 3352 γὰρ

184 3377 508 3445 Αὔγουστος
543 3378 572 3430 6
615 3376 909 3446 Ῥωμαίων
955 3377 1317 3448 αὐτοκράτωρ
1356 3377 1771 3448 χειρωσάμενος

185 3472 457 3533 ἅπαντας,
497 3469 555 3522 ὲν
582 3461 664 3533 οἷς
694 3464 834 3540 ἦσαν
863 3470 958 3523 καὶ
990 3467 1166 3534 αυτοὶ,
1203 3467 1490 3521 ἐκέλευσεν
1529 3465 1772 3538 ἀπογρά-

183 3559 392 3630 ψασθαι
431 3559 615 3614 πᾶσαν
645 3557 743 3630 τὴν
771 3558 1122 3629 οἰκουμένην,
1161 3557 1268 3628 πρὸ
1293 3555 1388 3614 τοῦ
1421 3558 1513 3610 τὸν
1543 3556 1772 3625 Σωτῆρα

184 3652 243 3703 τὸ
281 3650 429 3705 κατά
458 3650 641 3721 σάρκα
684 3649 1046 3718 γεννηθῆναι·
1092 3649 1192 3703 καῖ
1228 3647 1519 3717 Ῥωμαίων
1550 3645 1772 3718 ἡγεμὼν

182 3735 250 3812 ἦν
284 3740 421 3811 παρ’
461 3740 646 3803 αὐτοῖς
698 3739 727 3791 6
775 3738 1027 3802 Πιλάτος,
1084 3737 1287 3796 διέπων
1320 3738 1390 3790 τὰ
1443 3739 1768 3809 πράγματα,

187 3835 279 3889 καὶ
311 3834 443 3897 τοὺς
465 3831 904 3904 ἑκκαλουμινους
937 3831 1175 3902 πέμπων
1206 3832 1284 3894 εἱς
1321 3832 1420 3903 τὴν
1452 3829 1769 3902 Ῥωμαίων,

187 3927 280 3979 καὶ
335 3923 524 3997 τηρῶν
579 3923 764 3988 αὐτοῖς
824 3923 887 3977 τὸ
939 3922 1174 3979 ἄσυλον⁶
1228 3922 1419 3995 ὥσπερ
1471 3918 1564 3977 οὖν
1616 3923 1709 3977 καὶ
1747 3925 1775 3976 6

186 4018 417 4087 Φῆστος,
469 4016 518 4071 εί
546 4017 604 4070 δὲ
656 4015 869 4088 βούλει,
902 4017 932 4070 6
969 4015 1273 4088 χιλίαρχος,
1308 4017 1400 4070 τὸν
1432 4015 1645 4070 Παῦλον
1681 4017 1776 4069 καὶ

187 4109 447 4163 διέσωσεν
477 4109 543 4161 ἐκ
583 4106 680 4178 τῆς
714 4093 963 4177 φονώσης
995 4107 1240 4168 συνόδου.
1287 4107 1386 4160 καὶ
1424 4108 1504 4170 εἰς
1556 4106 1776 4176 Ῥώμην

189 4200 327 4268 πρὸς
358 4198 620 4266 Καίσαρα
654 4195 990 4267 ἀνέπεμψεν.
1034 4196 1171 4250 Ἀλλ’
1217 4195 1371 4251 οὐδὲν
1426 4196 1638 4250 τούτων
1675 4212 1774 4249 πε-

187 4290 421 4359 ποίηκεν
458 4290 488 4341 6
541 4285 776 4358 Χριστός
798 4304 814 4319 ο
866 4286 991 4341 οὔτε
1024 4289 1134 4359 γὰρ
1167 4292 1229 4361 τῇ
1263 4288 1507 4361 ἐξουσίᾳ,
1536 4287 1661 4342 οὕτε
1709 4290 1775 4360 τῇ

189 4381 492 4453 ἀπολογίᾳ,
521 4378 645 4434 οὔτε
670 4382 737 4451 τῇ
763 4380 1016 4453 ἐκκλήτῳ
1055 4383 1349 4453 ὲχρήσαςο,
1393 4383 1480 4434 ἵνα
1507 4381 1777 4452 λαμπρῶς

190 4471 364 4547 δείξῃ,
393 4473 480 4526 ὅτι
509 4470 600 4525 τὸν
631 4469 862 4526 θάνατον
889 4469 1220 4527 θανατώσων
1246 4471 1392 4544 δεῦρ’
1429 4475 1646 4542 ἀφῖκτο.

1874 3208 2019 3248 nunc
2051 3207 2214 3246 vero:
2252 3207 2271 3243 t
2305 3191 2570 3246 Iunocens
2616 3203 2735 3243 sum
2786 3187 2869 3243 ab
2896 3187 2998 3243 hoc
3049 3187 3313 3257 sanguine
3340 3187 3407 3243 ⁸⁸.
3441 3205 3462 3239 ι

1873 3283 2028 3352 Quod
2077 3284 2122 3339 si
2169 3297 2272 3338 nec
2313 3282 2633 3337 defensione
2674 3278 3004 3334 innocentiae
3035 3279 3114 3332 uti
3148 3279 3319 3333 voluit
3345 3319 3360 3345 ,
3412 3290 3470 3334 at

1875 3389 2177 3443 provocare
2205 3372 2457 3443 exemplo
2489 3372 2644 3428 Pauli
2677 3371 2896 3427 licebat.
2942 3369 3118 3426 Erant
3168 3371 3315 3425 enim
3367 3371 3471 3426 sub

1876 3466 2137 3522 Romanis
2165 3466 2356 3523 Judzei.
2405 3465 2555 3548 Name
2590 3480 2714 3521 cum
2765 3464 3046 3535 Augustus
3091 3463 3468 3520 Romanorum

1877 3558 2173 3628 imperator
2219 3570 2409 3613 omnes
2457 3556 2514 3612 lu
2562 3570 2717 3612 suam
2767 3555 3067 3625 redegisset
3121 3563 3468 3624 potestatem.

1876 3647 2022 3703 inter
2048 3663 2186 3718 quos
2212 3648 2311 3720 ipsi
2347 3661 2568 3717 quoque
2610 3655 2802 3714 erant,
2829 3647 2998 3718 jussit
3042 3660 3243 3702 census
3273 3647 3470 3718 agendi

1876 3753 2039 3794 causa
2081 3739 2319 3794 describi
2346 3753 2566 3794 omnem
2597 3747 2865 3794 terrarum
2898 3739 3109 3802 orbem,
3143 3738 3470 3808 priusquam

1879 3832 2134 3887 Salvator
2181 3830 2481 3886 secundum
2527 3843 2751 3884 carnem
2817 3839 3176 3885 nasceretur:
3234 3839 3289 3885 et
3352 3837 3472 3886 erat

1879 3922 2020 3992 apud
2055 3919 2202 3992 ipsos
2233 3919 2605 3976 Romanorum
2635 3935 2839 3990 praeses
2872 3920 3097 3987 Pilatus,
3128 3922 3222 3991 qui
3259 3936 3346 3977 res
3376 3920 3472 3974 ad-

1879 4013 2250 4076 ministrabat,
2279 4023 2332 4068 et
2356 4012 2688 4083 appellantes
2709 4011 2940 4069 Romam
2964 4014 3230 4082 mittebat,
3264 4028 3472 4083 eosque

1881 4107 2145 4160 adversus
2174 4106 2282 4160 vim
2321 4114 2466 4161 tutos
2501 4106 2831 4175 prastahat;
2869 4115 2930 4160 ut
2979 4115 3036 4162 et
3095 4105 3289 4161 Festus
3350 4113 3473 4174 post

1879 4212 2026 4264 eum,
2066 4197 2183 4253 sive
2217 4197 2390 4252 mavis
2423 4198 2675 4256 tribunus
2710 4198 2942 4254 militum
2969 4239 2986 4264 ,
3020 4197 3242 4254 Paulum
3269 4206 3326 4252 et
3355 4208 3473 4252 ser-

1881 4291 2029 4346 vavit
2061 4306 2130 4346 ex
2162 4293 2373 4362 synodo
2405 4289 2717 4347 Judcorum
2738 4332 2754 4358 ,
2799 4307 2920 4362 qua
2951 4293 3087 4365 nihil
3121 4293 3226 4347 nisi
3268 4292 3472 4348 caedem

1883 4385 2150 4453 spirabat,
2182 4393 2237 4439 et
2269 4382 2498 4438 Romam
2535 4383 2602 4439 ad
2625 4381 2900 4440 Cmsarem
2932 4385 3164 4440 remisit.
3203 4383 3310 4440 Sed
3340 4384 3473 4441 nihil

1811 4465 1854 4520 ι)
1885 4475 2116 4530 istorum
2153 4474 2280 4529 fecit
2328 4474 2612 4532 Christus-
2664 4475 2802 4532 Nam
2850 4491 3026 4546 neque
3077 4478 3314 4548 potentia
3353 4492 3473 4542 sua,

193 4579 372 4635 neque
419 4562 756 4627 defensione,
789 4575 964 4632 neque
1010 4563 1375 4634 appellatione
1415 4579 1546 4620 usus
1573 4575 1691 4629 est,
1741 4575 1800 4618 ut
1839 4563 2042 4635 liquido
2110 4568 2444 4636 ostenderet,
2521 4583 2581 4622 se
2624 4569 2729 4624 huc
2780 4579 3068 4640 propterea
3119 4569 3330 4624 venisse
3358 4607 3375 4634 ,
3417 4575 3476 4622 ut

194 4670 423 4716 mortem
455 4668 628 4713 morte
653 4655 906 4721 alliceret.

379 4747 556 4803 PKG’.
611 4777 683 4789 —
739 4749 1124 4820 ΣΤΡΔἸἮΓΙῼ
1174 4751 1600 4807 MONAZONTI.

193 4847 299 4910 Είς
324 4844 394 4897 τό
417 4857 433 4871 ⁸
471 4861 487 4894 ι
534 4841 663 4898 Πᾶν
689 4844 1026 4916 (intimum,
1063 4844 1095 4916 ὸ
1131 4844 1239 4899 ἐὰν
1284 4845 1428 4915 ποιῇ
1469 4846 1802 4916 ἄνθρωπος,

674 4914 848 4981 ἐκτὸς
873 4915 978 4970 τοῦ
1017 4915 1309 4984 σώματος.
1333 4936 1350 4968 ι

269 5005 500 5070 Πολλὰς,
560 4999 606 5059 ὦ
664 5005 926 5078 μακάριε.
978 5007 1203 5062 δυνατὸν
1265 5010 1347 5072 είς
1407 5010 1505 5062 τό’
1571 5029 1588 5062 t
1665 5011 1780 5064 Πᾶν

2097 4752 2337 4809 CXXIX.
2366 4785 2437 4795 —
2467 4751 2865 4811 STRATEGIO
2901 4751 3257 4810 MONACHO.

1887 4845 1956 4902 In
1984 4847 2114 4900 illud
2161 4846 2319 4919 Pauli
2351 4849 2574 4919 dictum,
2614 4865 2632 4900 ι
2673 4847 2840 4903 Omne
2869 4857 3173 4919 peccatum.
3203 4847 3480 4919 quodcun-

2156 4935 2255 4988 que
2285 4917 2463 4988 fecerit
2493 4918 2668 4982 homo,
2695 4928 2846 4972 extra
2870 4917 3059 4987 corpus
3086 4918 3150 4972 “.
3183 4937 3201 4971 ι

1961 5009 2173 5076 Multae,
2215 5027 2248 5061 ο
2301 5014 2497 5076 beate,
2555 5009 2702 5066 velut
2734 5011 2915 5081 ianuae
2971 5025 3228 5066 sensuum
3277 5012 3478 5084 aperiri

269 5143 315 5176 ³⁸
347 5139 504 5198 Rom.
537 5157 654 5208 vm,
682 5141 735 5194 9.
813 5141 1001 5198 "Jud.
1036 5144 1119 5199 I9.
1200 5145 1244 5177 ³¹
1279 5144 1408 5201 Luc.
1451 5161 1604 5213 χχιιι,
1634 5147 1686 5201 ι.
1764 5148 1784 5180 ³

1879 5148 2025 5204 latth.
2069 5166 2239 5214 xxvn,
2264 5150 2352 5205 ει.
2434 5150 2479 5182 ³⁸
2507 5149 2681 5207 lCor.
2711 5167 2784 5218 vt,
2817 5151 2903 5206 I8.

1316 5259 1554 5316 VARIE
1592 5260 1984 5318 LECTIONES
2017 5263 2106 5317 ΕΤ
2145 5262 2378 5319 NOTAE.

271 5396 386 5472 (I7)
417 5393 518 5450 Ed.
551 5393 752 5472 Pa_ris._,
775 5399 1167 5472 ὁσωματικός,
1199 5402 1372 5456 male:
1396 5416 1534 5457 corr.
1565 5417 1626 5456 ex
1655 5403 1777 5456 εοιι.

204 5465 378 5537 \‘atic.
412 5466 680 5537 sententia
709 5465 1006 5537 ﬂagitante.
1041 5471 1195 5524 Eutr.

274 5535 387 5606 (I8)
442 5535 587 5589 Ἀπὸ
635 5537 742 5609 τοῦ
786 5535 1152 5609 ἆρατοῦντος
1197 5541 1452 5609 ἕκαστος
1493 5543 1780 5600 καλεῖται.
1865 5565 1868 5580 ι

205 5605 338 5660 γιέιε
372 5621 538 5672 supra
564 5607 721 5671 epist.
757 5605 876 5662 illi.
914 5609 1077 5666 Rtrr.

209 5675 540 5802 Nimiast
578 5677 858 5749 Εὐστεφίῳ
886 5682 1007 5742 cod.
1042 5680 1158 5737 Vat.
1191 5683 1295 5738 650
1335 5685 1480 5740 addit
1513 5687 1785 5756 ναυάρχῳ.

1964 5403 2075 5525 (23)
2108 5404 2240 5458 Cum
2274 5405 2374 5458 hac
2417 5406 2575 5475 epist.
2622 5405 2810 5460 confer
2851 5405 3011 5473 epist.
3065 5405 3127 5458 97
3163 5404 3319 5469 huius
3357 5407 3479 5463 libri

1964 5515 1968 5525 .
2065 5489 2181 5525 ιττ.

1894 5489 2242 5613 Η’.Θ-Ιίῖῐζῐότι
2288 5545 2443 5599 ἑκὼν
2491 5545 2587 5598 ἐπὶ
2620 5545 2726 5599 τὸν
2761 5545 3024 5601 θάνατοι·
3058 5541 3245 5614 ἦλθεν
3283 5550 3312 5599 ὀ
3347 5550 3484 5616 Χρι-

1899 5618 2065 5688 στός.
2121 5615 2424 5670 Bernartius
2458 5634 2471 5670 :
2511 5637 2529 5667 ι
2555 5618 2807 5670 Christus
2847 5619 3108 5686 quaesitus
3146 5619 3210 5668 ad
3258 5634 3479 5688 regnum

1903 5685 2058 5754 fugit,
2095 5688 2353 5753 qmesitus
2382 5690 2448 5740 ad
2474 5698 2703 5743 mortem
2733 5704 2834 5741 non
2871 5690 3024 5755 fugit.
3053 5691 3145 5741 sed
3175 5703 3292 5742 sese
3322 5685 3479 5741 obtu-

1905 5758 1982 5811 lit.
2029 5756 2293 5824 :‘Optituc
2328 5758 2489 5824 igitur
2514 5761 2563 5812 in
2596 5759 2766 5828 ipsum
2805 5761 3033 5829 quadrat
3067 5775 3276 5822 tersus,
3319 5775 3476 5829 quem
