3988 6424
261 379 401 449 1209

1141 369 1678 434 EPISTOLARUM
1717 370 1862 430 ΜΒ.
1903 370 1998 432 ιν.
2039 395 2108 408 ·-·
2149 375 2388 439 EPIST.
2428 379 2691 441 CXXIX.

3421 374 3559 442 1210

259 491 570 558 ἀπαλλάξαι
633 488 937 562 βουλόμεθα
960 504 972 518 ·
1023 488 1236 560 μήποτε
1285 485 1380 539 καὶ
1430 485 1460 538 6
1525 472 1853 545 Ἀπόστολος

1959 488 2006 543 is
2035 505 2145 546 non
2199 481 2539 548 commiserit
2593 501 2817 564 peccata
2871 493 3032 549 venia
3064 493 3294 566 majora,
3323 495 3558 554 dicimus

257 584 357 638 hri.
381 580 485 653 τῆς
519 579 780 652 πορνείας
809 577 968 633 τοῦτο
1005 577 1132 648 ῐιρη.
1175 575 1280 629 Τὸν
1309 575 1417 647 γάρ
1467 571 1852 644 πορνεύσαντα

259 671 419 746 παρὰ
467 668 777 743 Κορινθίοις
837 667 1172 738 σωφρονίσαι
1225 666 1588 738 βουλόμενος,
1643 663 1852 738 ταύτην

258 765 465 838 usus:
514 761 612 831 τὴν
669 763 875 834 φωνήν.
906 761 970 814 Εἰ
1012 760 1069 815 δὲ
1115 758 1212 815 καὶ
1243 760 1454 831 τρίτην,
1491 757 1664 814 ἐννόει
1693 797 1709 821 ,
1768 758 1852 827 δτι

263 857 456 925 ὥσπερ
495 855 524 906 6
573 855 657 919 εἰς
688 853 954 908 θάλατταν
1001 854 1152 906 σῖτον
1195 851 1228 923 ἢ
1289 850 1478 924 ἕτερόν
1519 867 1573 904 τι
1625 847 1852 923 σπέρμα

266 947 476 1019 ῥίπτων
515 949 594 1012 εἰς
643 947 736 1001 τὸν
786 945 992 1015 σπόρον
1026 944 1371 1016 ἁμαρτάνει,
1416 942 1645 998 κωλύων
1679 943 1850 998 αὐτὸν

262 1041 346 1103 εἰς
385 1039 605 1110 γένεσιν
639 1037 818 1091 ἐλθεῖν
841 1053 855 1066 ·
892 1035 1037 1091 οὕτω
1065 1037 1161 1092 καὶ
1199 1037 1228 1090 6
1277 1036 1612 1108 εἰςέταίραν
1642 1035 1853 1109 ῥίπτων

261 1131 326 1185 τὸ
362 1130 557 1186 ἑαυτοῦ
623 1128 868 1203 σπέρμα,
891 1133 972 1190 εἰς
1007 1131 1070 1184 τὸ
1102 1131 1301 1184 οἰκεῖον
1326 1128 1487 1200 σῶμα
1515 1129 1848 1200 ἁμαρτάνει,

261 1225 480 1295 ἐκείνης
512 1224 574 1278 ού
626 1223 687 1276 τὸ
737 1222 924 1294 τεχθὲν
975 1222 1305 1293 ἀναιρούσης
1365 1222 1546 1292 μόνον,
1573 1221 1708 1276 ά).λὰ
1757 1222 1853 1276 καὶ

260 1318 521 1387 τεχθῆναι
572 1315 889 1386 κωλυούσης
931 1314 1066 1389 (27).
1099 1316 1164 1370 Ei
1195 1315 1253 1370 δὲ
1285 1315 1587 1386 τετάρτην·
1643 1315 1852 1369 ἐννοεῖν

259 1410 393 1480 χρὴ,
422 1411 505 1463 ὅτι
549 1409 674 1463 καθ’
712 1408 740 1462 6
767 1409 904 1480 δρᾷ,
961 1408 1054 1464 καὶ
1086 1409 1286 1478 πάσχει
1329 1407 1464 1479 (28).
1504 1407 1566 1461 Εἰ
1614 1407 1723 1479 γὰρ
1774 1407 1850 1480 μὴ

258 1499 497 1567 ἔπαθεν,
523 1502 625 1555 οὐκ
659 1501 726 1575 ἂν
759 1501 1021 1575 ἐρρευσεν
1049 1517 1062 1533 °
1096 1501 1144 1555 si
1173 1500 1230 1555 δὲ
1274 1501 1557 1573 ἔῤῥευσεν,
1593 1501 1808 1572 ἐφθάρη
1834 1516 1848 1530 °

259 1595 309 1646 εἰ
354 1594 413 1647 δὲ
454 1573 692 1665 ἐφθάρη.
729 1573 983 1665 ὑϐρίσθη.
1051 1593 1266 1665 Ἀμέλει
1318 1595 1404 1647 ἐπ’
1439 1593 1667 1666 οὐδεμιᾷ
1714 1592 1850 1666 an.“

258 1685 484 1756 πράξει,
532 1687 564 1758 ἢ
598 1687 689 1740 ἐπὶ
721 1687 856 1757 μόνῃ
887 1688 952 1756 τῇ
985 1679 1179 1758 ἀνδρὸς
1209 1686 1346 1756 πρὸς
1377 1688 1614 1755 γυναῖκα
1649 1684 1852 1755 συνόδῳ

257 1778 482 1845 λέγεται
529 1779 802 1850 ἐφθάρθαι
848 1779 946 1848 τὴν
994 1777 1276 1848 παρθένον.
1299 1779 1394 1834 καὶ
1441 1779 1533 1833 τὸν
1565 1779 1851 1837 νεανίσκον

257 1869 645 1941 πειραθέντας.
702 1870 764 1923 Εἰ
819 1868 876 1922 δὲ
919 1869 1012 1923 καὶ
1046 1871 1325 1942 πέμπτην,
1383 1870 1554 1924 ἐννόει
1583 1912 1598 1936 ,
1661 1871 1746 1924 ὅτι
1773 1870 1852 1941 τῷ

259 1961 438 2032 πόρνῃ
475 1961 859 2032 συνερχομὲνῳ
887 1963 936 2016 εἰ
960 1961 1178 2032 τεχθείη
1213 1961 1444 2026 παιδίον,
1477 1962 1556 2026 εἰς
1587 1961 1848 2034 πορνείαν

256 2054 560 2124 τρέφεται,
611 2054 705 2107 καὶ
741 2057 769 2108 6
800 2054 943 2126 ὁρῶν
984 2051 1122 2124 μετὰ
1153 2053 1330 2107 ταῦτα
1353 2095 1367 2120 ,
1417 2053 1598 2119 λέξει’
1641 2055 1853 2118 Ὄντως

256 2143 453 2196 ἑαυτὸν
475 2145 684 2207 ἐκεῖνος
703 2143 978 2214 ἠδίκησενο
1006 2144 1116 2199 ἰδοὺ
1140 2144 1250 2215 γὰρ
1278 2147 1336 2198 τὸ
1373 2145 1617 2217 σπέρμα,
1651 2146 1852 2217 μᾶλλον

255 2233 313 2286 δὲ
351 2236 413 2286 τὸ
445 2235 604 2303 σῶμα
637 2236 800 2288 αὐτοῦ
845 2235 1119 2306 πορνεύει.
1159 2237 1222 2291 Εἰ
1259 2237 1316 2290 δὲ
1365 2239 1460 2292 καὶ
1501 2238 1692 2308 ἕκτην,
1725 2240 1850 2292 ἐπί-

256 2343 477 2397 στησον,
513 2328 595 2380 ὅτι
632 2328 678 2381 εἰ
713 2327 873 2399 δούλῃ
914 2346 998 2393 τις
1047 2331 1423 2401 κοινωνήσειε,
1461 2330 1646 2384 δοῦλον
1697 2331 1850 2385 ἔσται

253 2419 317 2472 τὸ
350 2419 678 2488 τικτόμενον
709 2436 722 2450 ·
758 2420 874 2482 πῶς
898 2415 992 2473 οὖν
1018 2421 1120 2473 οὐκ
1150 2423 1229 2485 εἰς
1256 2422 1452 2475 ἑαυτὸν
1503 2423 1844 2494 ἁμαρτάνει,

253 2509 281 2562 6
325 2507 517 2561 δοῦλον
570 2508 888 2572 σπουδάζων
925 2512 1148 2576 τεκεῖν;
1201 2511 1265 2563 Εἰ
1321 2510 1379 2564 δὲ
1443 2515 1535 2564 καὶ
1568 2512 1846 2583 ’ἑϐδόμην,

251 2601 354 2670 ὅρα
385 2601 470 2653 ὃτι
502 2599 598 2652 καὶ
633 2599 692 2654 τὸ
716 2601 1038 2672 τικτόμενον
1071 2601 1358 2668 ἀδικεῖται,
1393 2603 1546 2658 νόθον
1574 2603 1850 2675 καλούμε-

254 2709 368 2756 νον,
401 2693 498 2746 καὶ
524 2691 723 2762 ἄτιμον
750 2693 1028 2763 πανταχοῦ
1057 2693 1362 2762 γινόμενον,
1399 2695 1504 2749 κᾶν
1535 2697 1594 2749 ἐν
1624 2694 1848 2766 βουλευ·

250 2783 448 2855 τηρίῳ,
485 2783 592 2837 κᾶν
633 2784 691 2836 ὲν
730 2784 1068 2856 δικαστηρίῳ
1130 2784 1282 2856 (39)
1337 2785 1395 2840 δὲ
1447 2786 1666 2858 εἰσέλθῃ
1693 2828 1707 2853 ,
1752 2789 1848 2843 ὲκ-

251 2875 510 2930 εάλλεται
539 2890 554 2912 '~
613 2877 681 2930 δι’
731 2869 792 2929 οὗ
824 2878 917 2930 καὶ
969 2878 997 2929 6
1044 2878 1455 2947 φυτευσάμενος
1483 2879 1847 2935 συναπολαύει

249 2970 353 3040 τῆς
379 2969 648 3040 αἰσχύνης
673 2986 686 3000 ·
730 2969 1034 3040 ὑπόμνημα
1080 2971 1190 3042 γάρ
1219 2972 1319 3041 τῆς
1353 2972 1560 3037 οἰκείας
1591 2973 1846 3044 λαγνείας

250 3063 598 3133 κατέλειψεν.
643 3063 705 3115 Εἰ
745 3063 802 3116 δὲ
837 3063 931 3116 καὶ
968 3063 1185 3134 ὀγδόην,
1223 3063 1614 3136 δοκιμάσωμεν
1654 3067 1750 3121 καὶ
1780 3068 1846 3122 τὸ

1953 581 2348 639 admonitionis
2402 599 2568 641 causa
2606 603 2620 640 :
2656 584 2890 653 Desiste,
2947 586 3022 641 mi
3083 585 3278 654 frater,
3327 588 3398 644 ah
3453 590 3560 646 hoc

1953 675 2192 731 morbo:
2227 677 2317 732 hic
2353 678 2578 734 morbus
2610 681 2856 736 omnium
2902 689 2990 736 est
3049 679 3404 746 deterrimus,
3445 697 3556 738 non

1951 769 2096 836 quod
2129 767 2220 823 hic
2240 761 2432 825 omnes
2455 769 2596 827 alios
2619 778 2863 842 superet,
2904 771 3001 827 sed
3023 771 3168 842 quod
3195 771 3317 842 ipso
3336 786 3560 843 quoque

1952 873 2076 918 eum
2133 857 2374 916 liberare
2429 861 2766 931 cupiamus:
2803 877 2987 918 annon
3037 865 3204 919 etiam
3259 861 3559 932 Apostolus

1952 949 2208 1007 similiter
2269 951 2336 1008 de
2393 950 2763 1012 fornicatione
2795 955 2898 1012 hoc
2951 955 3175 1011 dixerit.
3231 953 3366 1011 Nam
3421 955 3553 1011 dum

1951 1040 2231 1112 corrigere
2263 1051 2428 1114 alque
2461 1043 2759 1100 emendare
2787 1043 2951 1100 vellet
2976 1059 3102 1101 eum
3139 1045 3234 1116 qui
3261 1047 3402 1116 apud
3433 1043 3543 1102 Co-

1953 1135 2187 1191 rinthios
2223 1135 2522 1193 fornicatus
2549 1147 2692 1204 erat,
2723 1137 2775 1194 in
2810 1139 2950 1195 hanc
2978 1153 3167 1195 vocem
3199 1139 3402 1212 erupit.
3425 1138 3548 1199 1am

1951 1228 1998 1282 si
2063 1228 2280 1284 tertiam
2345 1243 2564 1298 quoque
2614 1229 2698 1286 vis
2753 1229 2850 1286 tibi
2904 1231 3104 1301 aperiri
3156 1230 3406 1300 ianuam,
3445 1233 3551 1290 hoc

1952 1317 2373 1374 animadverte:
2406 1317 2872 1387 Quemadmodum
2909 1321 3000 1392 qui
3043 1320 3099 1376 in
3125 1329 3277 1379 m'are
3307 1320 3553 1379 frumen-

1953 1419 2065 1465 tum
2106 1420 2199 1466 aut
2229 1411 2374 1466 aliud
2407 1411 2702 1483 quodpiam
2753 1427 2941 1471 semen
2991 1414 3230 1486 proiicit,
3259 1414 3322 1472 in'
3363 1429 3552 1472 semen

1952 1511 2164 1573 peccat,
2189 1501 2317 1558 dum
2375 1502 2429 1558 id
2484 1502 2746 1582 prohibet
2790 1503 2858 1557 ad
2894 1505 3307 1574 generationem
3359 1520 3554 1577 perve-

1953 1594 2073 1652 nire
2099 1594 2220 1650 :.ita
2246 1595 2412 1649 etiam
2441 1594 2489 1649 is
2517 1593 2609 1666 qui
2638 1595 2691 1650 in
2729 1597 3076 1651 meretricem
3112 1596 3336 1667 projicit
3386 1612 3550 1654 suum

1951 1701 2164 1753 semen,
2201 1686 2255 1741 in
2289 1686 2570 1758 proprium
2595 1701 2797 1758 corpus
2833 1693 3051 1758 peccat,
3082 1687 3197 1758 ipsa
3231 1702 3338 1743 non
3377 1688 3554 1745 solum

1957 1781 2258 1851 perimente
2305 1780 2357 1835 id
2404 1780 2549 1852 quod
2601 1789 2785 1836 natum
2833 1779 3023 1846 fuerit,
3061 1780 3156 1836 sed
3194 1782 3343 1837 nasci
3369 1783 3558 1852 probi—

1957 1875 2136 1930 bente.
2167 1874 2339 1930 Porro
2365 1875 2411 1929 si
2438 1883 2690 1945 quartam
2751 1871 3080 1946 (desideras
3135 1873 3553 1945 interpretatio-

1955 1967 2117 2038 nem)
2162 1967 2404 2036 cegitare
2444 1972 2684 2034 oportet,
2739 1964 3040 2020 secundum
3100 1966 3154 2022 id
3220 1969 3366 2037 quod
3417 1970 3550 2039 agit,

1954 2060 2130 2130 ipsum
2167 2060 2330 2115 etiam
2367 2061 2500 2130 pati.
2528 2060 2666 2117 Nam
2702 2061 2804 2116 nisi
2857 2076 3050 2131 passus
3081 2063 3212 2132 quid
3243 2073 3412 2124 esset,
3445 2080 3552 2116 non

1954 2155 2222 2210 ﬂuxisset.
2261 2153 2318 2210 Si
2377 2163 2558 2210 autem
2611 2153 2787 2224 ﬂttxit,
2826 2167 3124 2229 corruptus
3165 2165 3249 2212 est
3279 2174 3292 2211 :
3320 2157 3365 2212 si
3419 2171 3554 2214 vero

1953 2257 2242 2319 corruptus
2274 2257 2378 2313 est,
2423 2248 2751 2304 contumelia
2803 2248 3030 2306 affectus
3080 2259 3185 2305 est.
3211 2247 3342 2315 Qna‘
3371 2249 3540 2304 etiam

1954 2356 2114 2396 causa
2141 2349 2246 2410 est,
2279 2341 2422 2412 quod
2457 2340 2527 2396 de
2557 2341 2703 2398 nulla
2760 2342 2867 2398 alia
2927 2344 3164 2408 actione,
3203 2341 3298 2397 sed
3323 2343 3390 2397 de
3437 2341 3554 2397 solo

1955 2433 2053 2487 viri
2079 2447 2203 2487 cum
2241 2433 2469 2490 muliere
2505 2449 2802 2506 congressu
2840 2435 3060 2502 dicitur,
3086 2444 3379 2504 corruptos
3430 2449 3554 2490 esse

1954 2525 2220 2593 virginem
2250 2534 2307 2581 et
2336 2525 2741 2582 adolescentem
2780 2542 2896 2583 rem
2931 2537 3188 2598 expertos
3222 2541 3540 2583 veneream.

1954 2620 2011 2676 Si
2069 2628 2124 2674 et
2174 2619 2418 2688 quintam
2450 2619 2564 2688 (vis
2625 2619 3204 2692 interpretationem),
3240 2623 3444 2690 cogita,
3503 2620 3550 2675 si

1950 2713 2000 2768 ei
2029 2713 2120 2781 qui
2153 2726 2278 2766 cum
2304 2719 2490 2768 scorto
2518 2727 2852 2782 congressus
2908 2723 3018 2780 est,
3045 2723 3209 2768 natus
3239 2711 3409 2767 fuerit
3442 2711 3549 2766 ali-

1951 2803 2074 2874 quis
2133 2803 2298 2870 iilius,
2333 2805 2380 2860 is
2437 2806 2506 2860 ad
2559 2803 2975 2860 fornicationem
3037 2806 3326 2872 educatur,
3352 2814 3407 2860 ct
3454 2806 3550 2876 qui

1951 2906 2139 2967 postea
2168 2911 2290 2952 eum
2328 2896 2701 2967 conspexerit,
2730 2896 2874 2952 dicet
2911 2914 2924 2951 :
2960 2879 3183 2952 Revera.
3207 2897 3259 2951 in
3303 2898 3549 2967 seipsum

1951 2988 2042 3046 ille
2086 2987 2188 3044 fuit
2238 2989 2472 3060 injurius
2515 3005 2531 3044 :
2575 3003 2706 3046 ecce
2753 2991 2900 3045 enim
2962 3005 3174 3059 semen,
3217 2991 3300 3048 vel
3365 2992 3552 3062 potius

1949 3094 2148 3150 corpus
2181 3078 2298 3148 ejus
2331 3089 2628 3136 scortator.
2654 3079 2712 3135 Si
2745 3094 2874 3136 vero
2911 3083 3077 3137 etiam
3132 3093 3373 3147 sextam,
3405 3083 3552 3140 scire

251 3155 633 3231 ῥηθησόμενον
659 3171 672 3184 ·
707 3155 898 3228 ἐπειδὴ
931 3157 960 3210 6
992 3155 1294 3228 πορνεύων,
1332 3156 1390 3210 ἓν
1419 3158 1556 3229 πρὸς
1581 3158 1681 3229 τὴν
1709 3156 1847 3232 πορ-

1953 3172 2135 3239 debes,
2168 3173 2312 3243 quod
2338 3175 2381 3228 si
2414 3189 2537 3230 cum
2590 3187 2749 3230 serva
2780 3174 2905 3245 quis
2961 3189 3076 3230 rem
3127 3175 3403 3243 habuerit,
3430 3191 3552 3233 ser-

247 3250 556 3320 νευομένην
579 3248 792 3319 γίνεται
816 3288 830 3312 ,
851 3250 940 3317 ,ὡς
976 3249 1047 3304 τὰ
1073 3250 1249 3304 οἰκεῖα
1281 3249 1420 3320 μέλη
1440 3248 1612 3306 ποιῶν
1637 3255 1848 3325 πόρνης

251 3342 411 3413 μέλη.
443 3343 524 3405 εἰς
553 3341 748 3395 ἑαυτὸν
781 3340 859 3412 τῷ
893 3340 1007 3395 ὄντι
1052 3341 1380 3414 ἁμαρτάνει.
1411 3343 1561 3414 tMtin
1594 3345 1693 3414 μὲν
1734 3347 1844 3418 γάρ

245 3451 392 3498 τινες
417 3429 478 3488 εὖ
509 3433 814 3505 ιχρήσαντο
846 3435 943 3509 (ὡς
964 3434 1172 3506 Μωσῆς
1196 3435 1290 3488 καὶ
1314 3435 1547 3508 Φινεὲς),
1580 3438 1676 3493 καὶ
1704 3439 1844 3512 ὀργῇ

246 3526 299 3599 (6
320 3527 529 3598 Πέτρος
561 3528 655 3580 καὶ
680 3526 936 3596 Παῦλος)·
971 3528 1198 3600 πορνεία
1231 3527 1286 3581 δὲ
1322 3529 1499 3593 οὐδεὶς
1537 3529 1757 3592 πώποτε
1785 3527 1845 3587 εὖ

243 3619 541 3690 ἐχρήσατο.
576 3618 669 3671 Διὸ
709 3617 804 3672 καὶ
828 3617 920 3672 τὸν
945 3618 1162 3692 δρῶντα
1197 3619 1438 3691 μολύνει.
1477 3622 1677 3676 Σιωπῶ
1709 3623 1843 3696 γὰρ,

243 3710 327 3764 ὅτι
355 3711 484 3773 τοὺς
513 3710 572 3762 ὲν
593 3709 814 3781 πολέμῳ
837 3711 1162 3780 φονεύοντας
1193 3714 1288 3766 καὶ
1317 3713 1533 3784 στηλῶν
1555 3714 1649 3768 καὶ
1673 3718 1846 3789 ἁναῤ-

245 3804 463 3874 ῥήσεων
493 3799 757 3866 ἀξιοῦσιν.
796 3802 858 3856 Εἰ
903 3803 960 3857 δὲ
1014 3805 1110 3858 καὶ
1153 3804 1429 3877 τραπῆναι
1464 3808 1614 3878 ἡμᾶς
1666 3807 1844 3879 βούλει

242 3899 323 3961 εἰς
362 3896 466 3967 τὴν
499 3895 601 3964 τῆς
643 3896 978 3969 ἀλληγορίας
1007 3897 1147 3961 ὁδὸν,
1179 3899 1377 3967 ὲννάτη
1406 3897 1548 3955 ἔστω
1575 3903 1607 3972 ή
1643 3901 1843 3973 λεχθηο

244 3988 477 4058 σομένη.
527 3988 746 4060 Ἐπειδὴ
792 3991 850 4042 ἒν
887 3990 1051 4061 σῶμά
1079 3994 1228 4045 ἐστιν
1267 3993 1301 4063 ἡ
1351 3992 1674 4063 Ἐκκλησία.
1711 3995 1842 4049 οἶδὲ

242 4085 437 4145 καθεϊς
487 4083 736 4154 ἀλλήλων
790 4084 924 4156 μέλη
952 4088 1019 4150 ,ὁ
1048 4086 1104 4140 δὲ
1159 4085 1445 4156 πορνεύων
1498 4087 1579 4152 είς
1635 4087 1844 4155 πάντας

240 4175 556 4248 ἁμαρτάνει
586 4193 603 4209 ο
633 4177 926 4248 ἀνατρέχει
957 4178 1065 4250 γὰρ
1097 4177 1264 4234 αύτοῦ
1294 4179 1356 4234 τὺ
1388 4180 1612 4252 σφάλμα
1659 4183 1753 4238 ὲπὶ
1781 4183 1842 4237 τὸ

240 4267 344 4339 τῆς
386 4266 721 4338 Ἐκκλησίας
758 4268 1034 4340 πλήρωμα
1056 4313 1071 4336 ,
1105 4262 1166 4323 οὗ
1196 4271 1293 4325 καὶ
1334 4273 1641 4344 ἐκκοπῆναι
1677 4273 1843 4329 αὑτὸν

241 4359 602 4432 προσέταξεν,
647 4360 752 4425 ἓως
797 4362 863 4414 ἂν
913 4363 1246 4436 μετανοήσῃ.
1295 4364 1360 4419 Εἰ
1394 4365 1450 4419 δὲ
1478 4367 1572 4420 καὶ
1604 4367 1842 4440 δεκάτην

243 4448 449 4520 βούλει,
490 4449 713 4521 λεχθείη
744 4452 844 4518 ἂν,
891 4453 974 4506 ὅτι
1017 4455 1207 4526 ἐπειδὴ
1245 4457 1295 4508 οἰ
1332 4455 1483 4526 νόμῳ
1520 4457 1616 4512 τοῦ
1653 4460 1837 4530 τιμίου

241 4544 425 4613 γάμου
461 4543 735 4607 συνιόντες
760 4542 819 4596 ἓν
846 4543 1009 4615 σῶμα
1034 4545 1274 4614 γίνονται
1334 4546 1380 4619 (ι
1419 4549 1676 4604 Ἔσονται
1702 4552 1833 4624 γὰρ,

241 4635 431 4703 φησὶν,
455 4635 504 4687 οἰ
521 4635 612 4688 δύο
628 4637 708 4700 εἰς
729 4636 910 4707 σάρκα
934 4639 1081 4702 μίανο
1098 4659 1114 4691 ι
1150 4638 1230 4691 διὸ
1247 4640 1340 4693 καὶ
1371 4642 1402 4712 ὴ
1421 4641 1558 4713 γυνὴ
1577 4643 1673 4696 τοῦ
1701 4643 1832 4698 ἰδίου

241 4725 499 4796 σώματος
522 4727 623 4780 ούκ
663 4727 987 4794 ἐξουσιάζει,
1026 4730 1142 4783 ἀλλ’
1175 4733 1203 4784 6
1246 4731 1386 4802 ἁνήρ
1415 4750 1429 4763 ·
1481 4734 1590 4788 οὐδ’
1633 4736 1661 4788 ὁ
1693 4736 1833 4810 ἀνὴρ

237 4818 336 4872 τοῦ
371 4817 502 4871 ἰδίου
535 4817 787 4889 σώματος
816 4821 1144 4889 ἐξουσιάζει,
1173 4825 1289 4878 ἀλλ’
1320 4827 1352 4897 ή
1385 4827 1572 4900 γυνή)⁶
1607 4829 1834 4894 εἰκότως

239 4912 268 4964 6
296 4909 580 4980 πορνεύων
628 4911 728 4979 μὲν
770 4914 932 4985 ἁνὴρ,
968 4917 1046 4979 εἰς
1080 4916 1181 4988 τὴν
1226 4919 1505 4988 γαμετὴν,
1553 4921 1833 4974 τουτέστιν

240 5005 321 5067 εἰς
359 5001 422 5056 τὸ
456 5000 584 5055 ἴδιον
634 5003 794 5074 σῶμα
854 5006 967 5072 (50)
1029 5009 1374 5080 ἁμαρτάνει·
1408 5012 1440 5082 ή
1470 5011 1527 5064 δὲ
1569 5028 1830 5083 πορνευο-

1953 3279 2080 3320 vum
2141 3264 2247 3320 erit
2270 3265 2322 3321 id
2353 3275 2499 3338 quod
2546 3280 2612 3322 ex
2665 3281 2728 3322 ca
2785 3277 3062 3324 nascetur.
3085 3267 3368 3337 Quomodo
3420 3286 3553 3342 ergo

1955 3373 2061 3413 non
2129 3358 2184 3414 in
2236 3360 2477 3430 seipsum
2532 3368 2746 3430 peccat,
2777 3360 2868 3430 qui
2935 3374 3154 3416 servum
3192 3362 3388 3432 satagit
3417 3379 3549 3434 pro-

1951 3451 2186 3507 creare?
2232 3451 2290 3507 Si
2333 3462 2390 3507 et
2435 3452 2753 3522 septimam,
2791 3452 2913 3508 vide
2936 3454 3080 3524 quod
3107 3453 3278 3509 etiam
3317 3455 3368 3509 id
3405 3457 3550 3523 quod

1950 3557 2017 3598 ex
2070 3541 2163 3600 tali
2221 3543 2510 3614 complexu
2572 3545 2839 3612 nascitur,
2899 3545 3234 3601 contumelia
3290 3544 3550 3613 adicitur,

1949 3633 2148 3706 quippe
2173 3634 2318 3705 quod
2351 3633 2578 3690 nothum
2635 3649 2700 3690 ac
2756 3636 3002 3706 spurium
3035 3645 3280 3703 vocetur,
3306 3645 3360 3692 et
3388 3637 3550 3707 igno-

1949 3727 2116 3781 minia
2148 3727 2351 3797 ubique
2385 3725 2632 3782 locorum
2666 3737 2892 3783 notetur
2927 3745 2942 3784 :
2979 3736 3036 3783 et
3063 3729 3182 3786 sive
3226 3730 3280 3784 in
3311 3745 3550 3786 senacuo

1947 3820 2056 3875 lum
2082 3819 2196 3875 sive
2224 3819 2277 3874 in
2299 3820 2564 3890 judicium
2612 3819 2978 3892 ingrediatur,
3007 3822 3135 3880 inde
3165 3826 3492 3880 exturbatur
3529 3845 3544 3882 :

1945 3912 2208 3983 quoipso
2258 3913 2424 3968 etiam
2481 3915 2697 3986 genitor
2741 3915 2862 3986 ejus
2921 3916 3104 3988 probri
3137 3925 3190 3971 et
3236 3918 3550 3987 ἰκιιοιιιίιιίιε

1947 4004 2222 4075 particeps
2247 4005 2336 4060 ﬂt:
2367 4005 2776 4062 Monumentum
2811 4007 2956 4062 enim
3028 4024 3142 4064 suae
3200 4009 3441 4065 libidinis
3481 4027 3548 4067 ac

1947 4090 2197 4148 lasciviae
2227 4102 2348 4164 post
2403 4107 2465 4150 se
2517 4096 2764 4167 reliquit.
2803 4095 2861 4152 Si
2890 4112 3020 4153 vero
3074 4099 3242 4153 etiam
3294 4111 3545 4158 octavam

1945 4183 2220 4255 (requiris
2254 4188 2844 4259 interpretationem),
2903 4191 3284 4248 examinemns
3333 4203 3386 4249 et
3443 4195 3548 4250 hoc

1944 4279 2087 4350 quod
2123 4280 2337 4336 dicetur
2372 4301 2383 4337 :
2414 4283 2552 4350 Quia
2581 4285 2672 4355 qui
2703 4285 3032 4352 fornicatur,
3065 4301 3233 4341 unum
3280 4288 3542 4359 quiddam

1944 4384 2067 4424 cum
2102 4385 2164 4426 ea
2196 4371 2421 4437 ﬁt,cum
2465 4389 2573 4443 qua
2627 4390 2688 4431 se
2748 4378 3094 4442 commiscet,
3123 4381 3268 4448 quod
3327 4382 3544 4453 propria

1947 4477 2042 4516 sua
2077 4465 2322 4519 membra
2354 4464 2520 4521 faciat
2565 4469 2734 4524 scorti
2773 4469 3020 4525 membra
3055 4489 3069 4525 :
3103 4472 3154 4528 in
3187 4475 3543 4545 semetipsum

1875 4541 1916 4596 Ι)
1949 4571 2135 4610 revera
2192 4567 2401 4627 peccat.
2435 4557 2570 4614 Nam
2638 4562 2787 4618 cmde
2836 4566 3054 4635 quidem
3114 4569 3356 4624 nonnulli
3387 4541 3545 4634 'hcno

1946 4649 2026 4702 nsi
2069 4657 2226 4713 sunt,
2275 4659 2332 4704 ut
2391 4650 2569 4708 Moses
2617 4663 2670 4709 et
2705 4653 2976 4727 Phinees;
3005 4669 3061 4714 et
3110 4659 3212 4727 ira,
3249 4660 3444 4716 Petrus
3487 4671 3543 4718 et

1946 4741 2182 4806 Paulus;
2220 4742 2583 4808 fornicatione
2631 4756 2812 4804 autem
2879 4765 3041 4807 nemo
3096 4769 3335 4822 unquam
3397 4755 3535 4812 bene

1945 4848 2075 4889 usus
2097 4844 2200 4890 est.
2237 4833 2352 4902 Qua
2389 4838 2454 4891 de
2504 4853 2671 4894 causa
2725 4841 2890 4896 etiam
2939 4842 3115 4913 ipsum
3151 4845 3241 4914 qui
3279 4855 3536 4916 stnpsum

1941 4934 2137 4995 patrat,
2170 4929 2381 4998 polluit.
2410 4930 2580 5004 486
2604 4931 2780 4991 Taceo
2835 4936 3003 5000 enim,
3040 4938 3182 5007 quod
3213 4953 3330 5006 eos,
3355 4940 3447 5010 qui
3485 4941 3537 4995 in

1943 5018 2083 5074 bello
2111 5022 2291 5076 caules
2316 5027 2688 5092 committunt,
2719 5028 2887 5083 etiam
2915 5030 3183 5087 columnis
3226 5044 3283 5088 et
3330 5049 3540 5103 pramo—

255 5096 420 5166 μόνη,
472 5097 552 5159 εἰς
579 5095 640 5148 τὸ
671 5096 802 5152 [διον
829 5098 1010 5170 σῶμα,
1040 5102 1316 5166 τουτέστι,
1346 5103 1436 5158 τὸν
1467 5103 1656 5179 ἄνδρα,
1690 5107 1850 5178 σῶμα

1961 5110 2066 5167 niis
2102 5111 2294 5183 dignos
2341 5124 2396 5170 et
2453 5115 2804 5175 honorandos
2830 5134 3079 5179 censent.
3104 5123 3258 5192 Quod
3292 5127 3339 5183 si
3369 5127 3540 5184 etiam

1363 5260 1602 5318 VARle
1640 5263 2028 5322 LECTIUNES
2063 5259 2159 5323 ἘΤ
2193 5267 2424 5327 ΝΟΤίΕ.

312 5392 425 5468 (2η
459 5390 604 5459 Haec,
631 5391 693 5445 οὐ
735 5395 962 5468 μόνον...)
1010 5394 1329 5468 κωλυούσης
1361 5414 1471 5456 om.
1506 5401 1592 5456 ed.
1637 5401 1811 5460 Paris.

242 5464 577 5533 διιιιιιιιειιιιιι⁸
604 5478 671 5533 ex?
699 5467 885 5533 codice
913 5464 1084 5520 Vatic.
1124 5467 1230 5522 650
1253 5464 1414 5524 Em'r.

311 5531 607 5607 (ξω-β’αό
647 5532 678 5585 ὃ
711 5531 841 5601 δρᾷ,
870 5534 968 5589 καί
1013 5535 1258 5606 πάσχει.
1295 5539 1392 5595 Ms.
1431 5541 1555 5594 καθ’
1581 5542 1662 5607 ὃν,
1716 5557 1819 5598 nou

242 5616 407 5680 recte.
434 5603 632 5680 Nptuno
666 5616 749 5658 est
781 5607 911 5680 illud
955 5603 1238 5680 vetus,’T6
1257 5609 1470 5680 δρῶντα
1502 5611 1583 5664 δεῖ
1619 5603 1672 5664 τί
1727 5614 1821 5666 καὶ

241 5672 683 5754 παθεῖντΝιιιιιιιι
729 5685 783 5728 ει
813 5675 1157 5754 physicorum
1183 5672 1557 5754 ⁸ειιιιεινιιίιοιιε
1597 5683 1815 5754 dogma.

242 5746 316 5799 I'Io
342 5757 389 5796 et
427 5747 514 5798 iiii:
547 5745 814 5812 respicere
850 5746 1059 5799 videtur
1093 5749 1345 5803 Isidorus.
1385 5753 1547 5808 lh‘r'r.

311 5817 422 5887 μῦ)
464 5814 568 5870 Καὶ
628 5815 1150 5887 ἐνβυδκίιειιτιηιίρι,
1195 5821 1288 5876 βίη)
1331 5824 1398 5876 ἑθ-
1431 5826 1809 5895 ΐηκαιντηρίῳ,

1923 5401 2029 5481 Ero
2071 5405 2140 5481 Δἐν
2204 5415 2436 5481 utroque
2495 5409 2614 5464 loco
2655 5409 2744 5464 hic
2790 5414 3162 5481 reponendum
3210 5423 3412 5472 censeo
3460 5419 3532 5474 εἰ.

1930 5472 2114 5557 Possis
2165 5472 2596 5560 etiam'_rctento
2666 5482 2724 5534 ἐν
2791 5472 2920 5538 ante
2972 5484 3194 5560 εἰσέλθῃ
3271 5472 3537 5560 reponere

1929 5546 2188 5600 omissum
2229 5549 2314 5601 ἄν.
2359 5549 2433 5604 ll).

2001 5616 2112 5688 (50)
2132 5616 2275 5698 ‘Qltzt:
2317 5631 2629 5698 sequuntur
2674 5633 2791 5698 post
2829 5624 2963 5698 ἴδιον
3010 5627 3196 5688 σῶμα.
3251 5629 3532 5698 nimirum,

1929 5688 2270 5768 ἁμαρτάνειο
2306 5688 2425 5762 ηδε
2476 5688 2878 5768 πορνευομένη,
2919 5697 3000 5762 εἰς
3043 5699 3104 5750 τὸ
3159 5700 3291 5752 ἴδιον
3347 5688 3530 5768 σῶμα,

1930 5759 2070 5883 {ptavi
2097 5759 2339 5829 inquam,
2367 5759 2562 5819 omnia
2577 5775 2630 5820 ut
2659 5759 2934 5836 su'prrtlua
2963 5759 3213 5825 cod.\’at.
3239 5759 3532 5828 ιίῖ-ςθύιιίἱιλ

1953 5845 1966 5883 ι
2000 5868 2010 5882 .
2078 5835 2260 5883 'ossm.

1930 5835 2010 5884 tit.
2052 5835 2260 5885 Possm.
