3988 6472
255 353 398 424 1213

1115 359 1652 419 ΕΡΙδΤίὶΙΑΗΠλῙ
1700 359 1844 417 LIB.
1887 359 1983 417 ιν.
2030 383 2094 393 ν-
2128 357 2363 416 EPIST.
2405 353 2698 415 CXXXII.

3414 331 3548 405 ιεα

257 473 370 527 τῶν
393 469 651 526 ἐναντίων
674 471 894 544 ἔχθραν,
914 472 978 525 δι’
1003 473 1068 543 ἣν
1089 470 1487 542 ὲκροτήθησαν,
1518 470 1846 533 ἐννοοῦντες,

1958 469 2190 523 ditornm
2234 463 2686 526 benevolentiam,
2713 475 2819 516 non
2849 457 3146 513 amicitiam
3181 469 3306 526 erga
3334 467 3415 519 sc,
3440 467 3547 507 non

257 565 324 620 οὐ
376 566 539 635 μόνον
574 565 679 618 ὑπὸ
712 566 822 618 τῶν
871 565 1082 635 κρότων
1129 563 1540 634 πτερωθέντες,
1588 564 1723 616 ἀλλὰ
1754 564 1851 616 καὶ

257 656 370 712 ὑπὸ
400 656 689 726 φιλαυτίας
721 656 1033 727 μεθύοντες,
1061 657 1121 709 οὐ
1154 657 1261 726 μὴν
1287 656 1422 709 ἀλλὰ
1452 657 1542 709 καὶ
1576 655 1683 707 ὑπὸ
1718 672 1850 727 προ-

251 749 476 820 λήψεως
515 750 930 822 κεχειρωμένοι,
965 748 1354 818 δογματίζουσι
1386 747 1654 810 πολλάκις
1686 746 1852 812 ἀδοξά

254 856 378 892 τινα
426 839 522 892 καὶ
554 839 940 906 καταγέλαστα
971 838 1255 909 δόγματα·
1303 839 1498 892 ἔπειτα
1520 880 1535 904 ,
1563 838 1684 892 δέον
1713 838 1850 910 μηδὲ

253 930 348 982 διὰ
407 929 656 999 γλώττης
708 928 1124 1002 προφέρεσθαι,
1171 931 1465 1000 κρατύνειν
1523 931 1846 1001 πειρῶνται.

255 1022 381 1092 Χρὴ
411 1019 704 1091 τοιγαροῦν
730 1023 856 1084 τοὺς
887 1021 945 1074 ὲν
978 1023 1090 1084 τοῖς
1129 1022 1358 1075 τοιοῖσδε
1405 1022 1594 1091 λόγοις
1619 1021 1850 1089 φοιτῶν-

253 1127 379 1175 τας,
417 1109 786 1180 γινώσκοντας
807 1151 820 1170 .
849 1111 931 1164 ὅτι
962 1113 1092 1182 περὶ
1121 1102 1303 1182 ψυχῆς
1330 1112 1479 1166 ἐστιν
1512 1113 1541 1165 ὁ
1570 1111 1846 1177 κίνδυνος,

254 1202 355 1255 καὶ
385 1203 467 1256 ὃτι
500 1204 598 1273 τῆς
636 1202 898 1273 ἀληθείας
925 1203 1079 1257 οὐδὲν
1108 1204 1566 1276 προύργιαίτερον
1587 1220 1599 1232 ·
1646 1203 1707 1256 οὐ
1742 1203 1849 1275 μὴν

253 1293 311 1347 δὲ
339 1293 480 1347 ἀλλὰ
499 1295 592 1346 καὶ
628 1293 950 1358 ἐννοοῦντας
988 1293 1057 1348 τὰ
1093 1295 1272 1359 κακὰ,
1303 1295 1374 1349 τὰ
1402 1295 1468 1349 ἐκ
1515 1297 1616 1367 τῆς
1646 1293 1849 1366 ἔχθρας

255 1386 355 1436 καὶ
383 1386 479 1450 τῆς
517 1384 844 1454 προλήψεως
869 1386 1196 1457 τικτόμενα,
1227 1388 1444 1451 κοινοὺς
1486 1387 1584 1458 μὲν
1621 1388 1850 1451 ἑαυτοὺς

258 1477 533 1549 παρέχειν
582 1479 696 1529 τοῖν
747 1477 1018 1547 λεγόντοιν
1069 1479 1379 1550 ἀκροατὰς,
1411 1481 1474 1533 ού
1520 1479 1626 1551 μὴν
1662 1480 1845 1543 ῐσους·

251 1568 374 1620 ἔστι
404 1566 449 1619 δ’
492 1569 554 1619 οὺ
595 1567 822 1630 ταυτὸν,
862 1568 939 1632 ὼς
965 1567 1168 1620 οἴονταί
1206 1585 1372 1642 τινες.
1398 1569 1568 1639 Κοινῇ
1605 1567 1706 1637 μὲν
1736 1565 1848 1637 γὰρ

251 1658 364 1727 χρὴ
391 1657 699 1727 ἀκροᾶσθαι
731 1658 1060 1729 ἀμφοτέρων
1081 1675 1094 1687 ·
1126 1659 1190 1711 ού
1224 1657 1331 1730 μὴν
1371 1658 1620 1730 ἑκατέρῳ
1656 1658 1848 1727 νέμειν

251 1748 318 1800 τὸ
365 1751 514 1804 ἴσον·
557 1749 694 1801 ἀλλά
736 1749 815 1820 τῷ
864 1751 965 1821 μὲν
1000 1752 1355 1822 συνετωτέρῳ
1407 1751 1631 1822 μᾶλλον,
1680 1749 1760 1820 τῷ
1788 1751 1846 1803 δὲ

1953 558 2389 612 adversariorum
2423 553 2632 614 odium,
2670 558 2806 619 quas
2838 547 2908 601 ob
2957 561 3045 600 res
3101 543 3322 614 plausus
3367 548 3422 593 et
3459 547 3548 592 tu-

1954 648 2155 702 multus
2189 645 2406 701 excitati
2443 654 2591 704 sunt,
2626 640 2953 711 cogitantes,
2975 651 3080 711 gon
3118 635 3295 689 solum
3322 630 3550 700 applau-

1951 741 2104 795 sibus
2129 736 2438 793 istiusmodi
2471 734 2624 798 elati,
2659 731 2762 786 sed
2786 732 2954 786 etiam
2986 741 3173 781 amore
3196 724 3279 779 sui
3310 720 3550 776 inebria-

1953 832 2016 895 ti,
2050 831 2178 900 quin
2212 839 2268 884 et
2327 826 2396 882 ab
2441 825 2738 894 anticipata
2780 821 2959 892 aliqua
3017 817 3278 887 Opinione
3323 813 3547 897 devicti,

1951 937 2095 991 smpe
2116 919 2351 975 absurda
2381 925 2544 986 alque
2583 912 2812 970 ridicula
2870 912 3115 980 quaedam
3168 907 3422 975 dogmata
3454 916 3552 955 ex-

1919 1001 1923 1006 .
1952 1016 2193 1086 cogitant
2232 1025 2287 1068 et
2322 1011 2578 1076 tradunt;
2613 1007 2809 1064 deinde
2854 1021 2978 1060 cum
3005 1018 3085 1057 ne
3115 1001 3332 1070 quidem
3360 999 3542 1066 lingua

1952 1107 2185 1180 proferri
2215 1119 2277 1160 ea
2310 1102 2637 1174 oportuerit,
2657 1099 2908 1156 obtinere
2942 1093 3110 1150 etiam
3169 1093 3258 1148 illa
3317 1099 3548 1146 conten-

1952 1203 2108 1256 dunt.
2147 1197 2276 1266 Quae
2308 1211 2430 1258 cum
2459 1196 2532 1250 ita
2589 1195 2717 1249 sint.
2751 1201 2970 1262 oportet
3021 1185 3289 1258 ejusmodi
3349 1181 3551 1240 doctri-

1952 1305 2145 1346 narqu
2171 1287 2469 1352 studiosos,
2489 1299 2614 1341 cum
2644 1281 2849 1348 sciant,
2876 1281 3116 1337 animam
3141 1276 3234 1330 hic
3258 1276 3310 1328 in
3351 1273 3550 1328 discri-

1951 1383 2099 1440 mine
2157 1379 2391 1441 versari,
2446 1385 2502 1432 et
2560 1374 2794 1430 veritate
2855 1371 2992 1426 nihil
3044 1364 3408 1436 praestabilius
3455 1371 3552 1416 aut

1953 1473 2235 1545 antiquius
2260 1485 2404 1538 esse,
2443 1474 2716 1540 prmterea
2741 1465 2906 1519 etiam
2956 1462 3263 1532 cogitantes
3287 1472 3351 1511 ea
3385 1455 3549 1516 mala,

1951 1583 2073 1638 quae
2099 1571 2162 1623 ex
2181 1565 2306 1622 odio
2359 1574 2414 1619 et
2454 1561 2755 1629 anticipata
2789 1558 3052 1628 opinione
3078 1553 3362 1615 oriuntur,-
3394 1563 3549 1604 com-

1953 1671 2143 1712 munes
2191 1654 2410 1722 quidem
2461 1665 2522 1708 se
2584 1651 2828 1719 prebere
2894 1644 3192 1700 dicentium
3241 1639 3550 1699 auditores;

1955 1764 2060 1804 non
2090 1757 2270 1802 tamen
2301 1743 2562 1812 aequales.
2609 1740 2725 1795 Non
2761 1749 2844 1795 est
2875 1741 3254 1796 autemunum
3294 1742 3350 1787 et
3381 1731 3550 1794 idem,

251 1840 629 1911 ἀμαθεστέρῳ
665 1835 834 1912 ἦττον
857 1858 870 1872 ⁸
905 1843 1002 1895 καὶ
1030 1841 1110 1910 τῷ
1142 1843 1241 1911 μὲν
1280 1843 1430 1914 σοφῷ
1457 1843 1736 1906 ἐπαίνους,
1767 1841 1846 1911 τῷ

1955 1851 2009 1892 nt
2041 1838 2260 1909 quidam
2301 1837 2660 1890 arbitrantur.
2687 1831 2827 1886 Nam
2857 1838 3074 1898 oportet
3096 1827 3316 1896 quidem
3343 1833 3553 1877 utrum-

249 1933 309 1985 δὲ
342 1932 665 2003 ἀπαιδεύτῳ
691 1975 705 1997 ,
732 1935 780 1986 εί
812 1935 906 2004 μὲν
939 1935 1043 1987 ὑπὸ
1063 1933 1248 2004 ψόγων
1281 1931 1396 1992 οἷός
1425 1953 1484 1988 τε
1514 1935 1600 2008 εἴη
1631 1951 1843 2004 σωφρο·

251 2024 514 2092 νισθῆναι
537 2063 552 2087 ,
578 2025 818 2094 ψόγους·
851 2027 901 2079 εί
935 2026 994 2080 δὲ
1035 2027 1134 2098 μὴ.
1169 2028 1354 2098 σιγήν.
1398 2026 1590 2081 Ταῦτα
1621 2027 1720 2097 μὲν
1752 2020 1848 2079 οὖν

250 2135 320 2169 πε
332 2117 388 2186 pi.
423 2116 534 2169 τῶν
563 2117 934 2187 ἀκροωμένων
979 2118 1242 2189 είρήσθω.
1273 2119 1415 2184 Τοὺς
1453 2119 1510 2173 δὲ
1545 2118 1804 2183 λέγοντας
1831 2159 1846 2182 ,

253 2207 716 2279 πρεπωδέστερον
736 2205 877 2261 εἶναί
895 2225 1058 2280 φημι,
1086 2208 1457 2280 ἀμφισϐητεῖν
1480 2209 1600 2280 μὲν,
1627 2208 1702 2280 μὴ
1722 2209 1848 2278 ἐρε-

250 2296 430 2363 θίζειν
453 2297 567 2369 (56)
595 2297 669 2353 δέ.
712 2298 1150 2372 Ἀμφισϐητοῦσι
1173 2299 1397 2372 μὲνγὰρ
1425 2299 1687 2364 πολλάκις
1715 2299 1852 2375 πρὸς

250 2392 478 2460 φᾶους·
514 2393 880 2462 φιλονεικοῦσι
913 2394 968 2449 δὲ
990 2397 1038 2448 oi
1068 2395 1374 2465 δυσμενεῖς.
1408 2393 1566 2449 Οὕτω
1584 2395 1693 2464 γάρ
1718 2395 1851 2448 καλ-

249 2484 415 2553 λίστη
441 2485 532 2538 καὶ
548 2484 948 2556 ὠφελιμωτάτη
970 2488 1002 2554 ἡ
1031 2484 1291 2540 συνουσία
1318 2487 1431 2546 τοῖς
1451 2501 1511 2537 τε
1545 2483 1846 2555 φράζουσι,

248 2579 371 2642 τοῖς
407 2578 456 2630 τ’
503 2577 761 2631 ἀκούουσι
811 2580 1127 2647 γενήσεται.
1181 2577 1248 2630 Οἵ
1289 2593 1348 2630 τε
1391 2577 1499 2646 γὰρ
1551 2574 1845 2643 λέγοντες,

255 2667 502 2736 μάλιστα
543 2667 608 2722 ἂν
664 2670 721 2720 ἐν
757 2671 872 2730 τοῖς
919 2667 1295 2738 ἀκροωμένοις
1347 2666 1520 2732 οὓτως
1569 2666 1849 2738 εὐδόκιμοι

247 2756 400 2829 ἦσαν
444 2759 568 2829 μὲν,
608 2759 711 2814 οὐκ
759 2760 1070 2814 ἐπαινοῖντο
1119 2759 1198 2816 δέ.
1245 2760 1538 2832 Εὺδόκιμοι
1595 2761 1693 2830 μὲν
1739 2761 1850 2831 γάρ

249 2853 373 2904 ἐστι
416 2851 622 2921 κυρίως
656 2851 717 2905 τὸ
759 2851 1030 2922 ἀποδοχῆς
1074 2850 1359 2918 ἀξιοῦσθαι
1401 2853 1459 2903 ὲν
1484 2853 1608 2914 ταῖς
1650 2851 1851 2922 ψυχαῖς

249 2943 365 2996 τῶν
398 2944 729 3008 ἀκουόντων,
765 2947 887 3000 ταῖς
933 2944 1064 2998 ἄνευ
1116 2944 1334 3012 ἀπάτης
1380 2943 1700 3006 ἀδεκάστως
1743 2943 1846 3005 τὰς

249 3036 471 3102 ψήφους
504 3034 819 3105 φερούσαις·
844 3031 1294 3104 ἐγκωμιάζεσθαι
1319 3035 1376 3085 ἐν
1416 3031 1561 3102 λόγῳ
1589 3031 1852 3096 πολλάκις

251 3126 553 3179 κολακείαν
598 3125 854 3189 πνέοντι,
898 3127 993 3178 καὶ
1041 3124 1208 3195 μηδὲν
1263 3123 1606 3193 ἀληθεύοντι.
1670 3123 1738 3176 Οἵ
1790 3139 1849 3176 τε

250 3217 551 3281 ἀκούοντες
578 3217 813 3288 μάλιστα
835 3188 1215 3287 εὐφραίνοιντο
1242 3188 1366 3288 μὲν,
1392 3217 1490 3286 οὐχ
1519 3216 1738 3286 ἥδοιντο
1766 3214 1847 3269 δέ.
1879 3188 1924 3249 c

251 3309 665 3382 Εὖφραίνεσθαι
707 3310 809 3381 μὲν
847 3310 958 3380 γάρ
998 3311 1138 3374 ἐστι,
1168 3310 1226 3363 τὸ
1255 3309 1448 3381 μαθεῖν
1478 3327 1529 3362 τι
1574 3310 1682 3363 τῶν
1716 3310 1850 3363 καλ-

251 3404 480 3468 λίστων,
518 3404 610 3456 καὶ
638 3404 739 3473 τὴν
774 3405 1038 3472 φρόνησιν
1060 3403 1154 3454 ἐπὶ
1177 3403 1238 3456 τὸ
1275 3401 1499 3472 ἄμεινον
1538 3403 1809 3474 ἀκονῆσαι
1831 3417 1845 3433 ·

253 3497 486 3567 ἥδεσθαι
521 3496 608 3561 δὲ,
642 3495 897 3550 ἐσθίοντα
935 3497 969 3566 ἡ
1002 3513 1056 3549 τι
1093 3495 1336 3549 τοιοῦτον
1378 3494 1848 3567 διαπραττόμενον

249 3590 345 3644 διὰ
377 3588 472 3642 τοῦ
509 3587 785 3659 σώματος.
815 3586 1007 3642 Ταῦτα
1040 3587 1320 3660 κεκρίσθω
1341 3603 1353 3616 ·
1392 3588 1565 3642 ταῦτα
1592 3587 1842 3660 ὡρίσθω·

247 3681 427 3736 ταῦτα
453 3681 788 3752 πεφυλάχθω
807 3697 822 3711 ·
860 3681 955 3734 καὶ
991 3679 1162 3752 πολλὴ
1201 3679 1440 3745 ἐπίδοσις
1480 3680 1634 3743 ἔσται
1662 3681 1724 3736 οὐ
1749 3681 1848 3752 μόο

252 3792 345 3830 νον
380 3777 439 3828 έν
482 3777 596 3838 τοῖς
633 3773 1013 3845 ἀκροωμένοις
1047 3773 1128 3838 είς
1159 3773 1384 3844 ἀρετὴν,
1421 3773 1560 3827 ἀλλά
1609 3774 1704 3828 καὶ
1733 3775 1848 3838 τοῖς

250 3867 435 3937 λέγειν
470 3867 836 3937 πειρωμένοις
861 3869 942 3930 είς
968 3866 1310 3936 φιλοσοφίαν.

1952 1947 2058 2001 que
2081 1931 2450 1987 communiter
2481 1927 2712 1994 audire;
2739 1940 2853 1982 non
2892 1933 3073 1976 tamen
3131 1920 3347 1989 utrique
3369 1933 3554 1985 mqua-

1953 2025 2162 2080 litatem
2208 2024 2471 2085 tribuere,
2505 2020 2599 2075 sed
2623 2013 2971 2086 pmdentiori
3026 2010 3222 2083 magis,
3261 2005 3552 2062 indoctiori

1949 2132 2082 2172 vero
2105 2117 2328 2180 min‘us;
2374 2123 2430 2169 et
2473 2110 2720 2181 sapienti
2772 2109 2994 2178 quidem
3044 2095 3258 2164 iaudcs,
3285 2101 3404 2156 rudi
3426 2114 3555 2160 vero

1953 2221 2121 2276 atque
2153 2205 2433 2274 imperito,
2459 2205 2507 2259 si
2541 2204 2762 2271 quidem
2796 2200 3318 2274 reprehensionibus
3350 2197 3552 2265 corrigi

1952 2299 2344 2369 emendarique
2398 2297 2596 2368 possit,
2663 2295 3122 2366 reprehensiones
3159 2312 3172 2348 :
3207 2293 3290 2347 sin
3350 2293 3552 2357 minus,

1953 2391 2228 2447 silentium
2260 2390 2542 2446 adhibere.
2579 2389 2704 2445 Hmc
2732 2389 2897 2461 igitur
2931 2389 2999 2444 de
3023 2378 3368 2443 auditoribus
3397 2385 3540 2440 dicta

1952 2494 2136 2542 sunto.
2173 2484 2348 2540 Porro
2404 2484 2551 2555 quod
2605 2486 2670 2540 ad
2728 2497 2824 2537 eos
2855 2482 2948 2553 qui
2988 2482 3181 2537 dicunt
3214 2479 3432 2544 attinet,
3465 2477 3554 2532 aio

1953 2579 2100 2648 ipsos
2133 2579 2373 2633 maxime
2401 2577 2600 2633 decere
2649 2578 2953 2632 modestam
3003 2573 3553 2632 dubitationem.non

1952 2677 2135 2724 autem
2168 2668 2409 2722 rixosam
2441 2669 2878 2721 contentionem.
2918 2666 3075 2734 Saepe
3124 2665 3270 2720 enim
3301 2662 3369 2717 ad
3402 2662 3544 2718 ami-

1956 2776 2049 2818 cos
2078 2761 2358 2832 ambigere
2388 2761 2566 2815 solent
2618 2762 2869 2816 homines
2895 2777 2909 2815 :
2945 2757 3397 2816 contentionibus
3424 2770 3554 2809 vero

1953 2855 2085 2909 dant
2114 2869 2336 2924 operam
2369 2853 2598 2908 inimici.
2622 2853 2748 2909 Hzcc
2775 2854 2941 2924 igitur
2992 2851 3361 2922 pulcherrima
3387 2858 3555 2916 atque

1952 2945 2245 3002 utilissima
2275 2947 2381 3000 erit
2419 2948 2788 3013 conversatio,
2826 2946 2971 3000 etiis
3005 2946 3096 3014 qui
3153 2944 3364 3006 dicunt,
3396 2951 3449 2996 et
3490 2941 3558 2997 iis

1953 3038 2046 3107 qui
2079 3039 2326 3091 audiunt.
2363 3037 2496 3092 Nam
2529 3047 2583 3092 et
2621 3041 2714 3109 qui
2760 3041 2969 3101 dicunt,
3008 3049 3080 3092 tta
3136 3038 3372 3091 maxime
3412 3035 3556 3106 apud

1956 3145 2053 3184 cos
2083 3129 2176 3199 qui
2206 3129 2437 3184 audiunt
2467 3131 2781 3198 probabiles
2817 3141 2870 3186 et
2903 3130 3043 3201 grati
3088 3138 3268 3192 erunt,
3306 3143 3417 3182 non
3453 3143 3554 3180 au-

1957 3229 2064 3274 tem
2097 3219 2844 3275 laudabuntur.Probabilem
2878 3222 3023 3273 enim
3055 3219 3304 3274 essehoc
3333 3218 3554 3288 proprie

1958 3312 2121 3377 est,si
2156 3313 2278 3382 quis
2304 3313 2356 3366 in
2419 3313 2616 3368 animis
2662 3313 3000 3367 audientium
3049 3311 3446 3381 approbatione
3474 3311 3556 3365 di-

1958 3419 2098 3471 gnus
2157 3416 2471 3468 censeatur,
2532 3405 2626 3475 qui
2694 3405 2814 3462 sine
2875 3405 3069 3460 fraude
3116 3421 3180 3460 ac
3236 3406 3559 3473 deceptione

1958 3497 2276 3568 incorrupte
2304 3497 2542 3554 calculos
2605 3497 2806 3554 ferunt.
2829 3497 3065 3554 Laudari
3120 3513 3248 3554 vero
3300 3497 3556 3555 consistit

1957 3587 2012 3643 in
2043 3589 2314 3652 oratione,
2354 3604 2474 3659 qure
2500 3603 2880 3660 saepenumero
2905 3590 3334 3645 assentationem
3360 3589 3555 3658 spirat,

1957 3681 2202 3753 nihilque
2263 3683 2380 3738 veri
2435 3682 2488 3736 in
2539 3697 2598 3737 se
2646 3682 2917 3739 continet.
2974 3681 3042 3738 Et
3091 3697 3223 3738 vero
3280 3681 3559 3738 auditores

1957 3774 2196 3830 maxime
2228 3775 2445 3845 quidem
2479 3773 2828 3840 lmtabuntur,
2849 3789 2957 3830 non
2995 3784 3174 3830 autem
3201 3773 3556 3830 delectabun-

1957 3875 2065 3922 tur.
2117 3866 2214 3922 Est
2269 3868 2412 3922 enim
2455 3866 2655 3933 hetari,
2685 3869 2900 3925 discere
2946 3869 3151 3939 aliquid
3214 3883 3398 3923 rerum
3436 3865 3556 3935 pul-

247 3963 654 4018 cberrimarmn
701 3971 756 4017 et
811 3962 1324 4018 bonestissimarum‘
1360 3980 1374 4016 :
1406 3960 1685 4018 [delectari
1715 3975 1844 4017 vero
1881 3961 2236 4032 suaviterque
2299 3961 2439 4017 allici
2476 3971 2579 4029 est,
2615 3963 2743 4018 dum
2793 3963 2917 4033 quis
2987 3962 3246 4027 comedit,
3283 3971 3377 4016 aut
3406 3961 3563 4030 quid-

250 4056 397 4124 piam
428 4053 609 4109 simile
633 4069 731 4124 μοι·
765 4069 962 4127 corpus
992 4055 1122 4126 agit.
1158 4052 1284 4109 llaec
1328 4056 1403 4108 ita
1437 4052 1676 4123 iudicata
1705 4054 1842 4122 sint,
1881 4053 1998 4109 hsce
2034 4053 2281 4118 deﬁnita,
2313 4055 2431 4111 haec
2499 4053 2898 4111 observentur:
2960 4055 3042 4112 sic
3082 4055 3323 4110 futurum
3355 4064 3462 4117 est,
3500 4064 3558 4107 ut

252 4161 449 4215 Inagna
480 4160 586 4200 non
642 4147 818 4200 solmn
857 4149 909 4202 in
958 4149 1300 4205 auditoribus
1343 4149 1410 4203 ad
1443 4149 1720 4217 virtutem,
1745 4149 1842 4204 sed
1880 4149 2049 4206 etiam
2082 4151 2135 4204 in
2198 4149 2267 4205 iis
2295 4150 2387 4221 qui
2417 4150 2632 4206 dicendi
2702 4150 2886 4206 studio
2931 4158 3207 4217 tenentur,
3239 4149 3305 4205 ad
3329 4149 3553 4220 sapien-

252 4242 409 4303 tiam.
442 4241 535 4296 ﬂat
566 4244 832 4298 accessio.

755 4362 924 4416 PAB’.
967 4392 1036 4402 —
1075 4363 1332 4436 Π-ΑΥΛῼ.

250 4455 384 4509 Ὀτι
418 4456 533 4509 οὐκ
558 4450 638 4526 ἦν
663 4455 1119 4594 συμφέροιῆτῷν
1149 4455 1392 4511 πάντων
1418 4455 1646 4528 γνῶσιν
1679 4455 1846 4526 ἔχειν

993 4545 1136 4594 μιις.

993 4545 1136 4596 μιις.

327 4639 551 4694 Πολλῶν
599 4639 1005 4711 προϐλημάτων
1046 4640 1214 4711 ἑσμὸν
1260 4642 1539 4712 συντόμως
1585 4641 1842 4695 ἐπιλῦσαι

253 4732 622 4802 πειράσομαι.
654 4732 802 4801 Φημὶ
847 4731 1046 4793 τοίνυν,
1080 4732 1162 4784 ὅτι
1211 4733 1243 4802 ή
1284 4733 1428 4803 θήρα
1458 4735 1557 4803 τῆς
1586 4732 1844 4801 γνώσεως

249 4826 364 4879 τῶν
402 4822 712 4895 μελλόντων
745 4825 878 4893 ἡμῖν
907 4826 1052 4878 κατά
1096 4824 1247 4877 τόνδε
1272 4825 1362 4877 τον
1393 4824 1506 4895 βίον
1536 4825 1568 4896 ἢ
1608 4827 1842 4897 πράττε-

252 4918 379 4971 σθαι
426 4916 461 4986 ἢ
512 4914 852 4986 συμϐαίνειν.
893 4915 993 4968 κᾶν
1040 4918 1090 4968 εἰ
1146 4910 1285 4984 (57),
1318 4917 1391 4980 ὡς
1440 4917 1609 4988 ἔφης,
1644 4919 1841 4988 ἐφικτὴ

249 5009 344 5062 καὶ
377 5008 678 5079 ἁλώσιμος.
713 5008 995 5072 παντελῶς
1023 5009 1118 5062 καὶ
1155 5011 1437 5081 ἀνωφελὴς
1474 5013 1566 5064 καὶ
1599 5013 1844 5082 σφαλερὰ

251 5099 536 5168 τυγχάνει.
575 5098 636 5152 Ei
666 5098 763 5168 μὲν
794 5099 898 5169 γὰρ
924 5099 1023 5151 οὐκ
1057 5097 1173 5152 ἔστι
1208 5099 1568 5168 φυλάξασθαι,
1596 5101 1844 5172 ἀφαιρεῖς

255 5209 344 5247 ται
400 5189 562 5262 ἡμῶν
615 5190 714 5260 τὴν
758 5191 893 5262 πρὸς
943 5191 1014 5244 τὰ
1064 5192 1445 5262 συμπίπτοντα
1499 5210 1849 5264 παρασκευα-

257 5285 454 5354 σθῆναι
486 5283 808 5353 ὀφείλουσαν
850 5285 1071 5356 ἀρετήν.
1105 5285 1213 5338 Τοῦ
1259 5285 1364 5358 γὰρ
1417 5287 1851 5357 προσπίπτοντος

257 5378 577 5448 ἀδοκήτως,
623 5375 774 5430 οὐδὲν
825 5375 996 5440 οὕτως
1030 5377 1127 5447 τὴν
1174 5367 1553 5450 εὐθημοσύνην
1603 5380 1850 5450 πορίζειν

2447 4364 2708 4422 CXXXII.
2753 4396 2815 4410 ιν·-
2845 4363 3096 4422 ΡΑυιο.

1958 4458 2082 4514 Non
2118 4459 2284 4529 fuisse
2319 4476 2384 4514 ex
2413 4477 2513 4514 mu
2561 4469 2769 4519 nostra,
2797 4470 2851 4512 ut
2891 4461 3135 4512 oumium-
3173 4473 3352 4510 rerum
3381 4457 3562 4526 cogni-

2427 4532 2568 4584 tione
2602 4529 2769 4598 prwdi
2777 4531 2818 4582 ti
2841 4545 3096 4584 essemus.

2056 4645 2345 4700 Multarum
2422 4644 2785 4715 quaestionum
2871 4644 3088 4697 turbam
3172 4641 3559 4710 ccinpemlioso

1951 4731 2120 4806 488
2148 4735 2360 4790 solvere
2396 4736 2657 4788 conabor.
2698 4732 2801 4788 Aio
2856 4733 3044 4803 igitur,
3080 4733 3557 4800 investigationem

1948 4831 2282 4902 cognitionis
2299 4846 2488 4886 earum
2526 4845 2733 4895 rerum,
2766 4845 2886 4900 quae
2919 4831 3076 4884 nobis
3107 4831 3157 4884 iu
3193 4831 3291 4884 hac
3326 4831 3431 4882 vita
3469 4840 3563 4882 aut

1951 4923 2196 4994 agendae,
2230 4933 2327 4980 aut
2372 4933 2652 4978 eventura:
2698 4935 2930 4987 restant,
2967 4925 3352 4992 quantumvis,
3391 4935 3448 4976 ut
3479 4923 3562 4977 in-

1951 5015 2202 5084 quiebas,
2239 5028 2362 5070 eam
2390 5014 2607 5085 assequi
2641 5024 2805 5086 atque
2858 5016 3328 5086 comprehendere
3365 5031 3554 5085 posse-

1952 5123 2090 5171 mus,
2120 5113 2174 5162 et
2199 5107 2444 5163 inutilem
2475 5117 2652 5161 tamen
2690 5109 2915 5163 omnino
2936 5120 2989 5163 et
3013 5107 3373 5177 periculosam
3400 5122 3549 5162 esse.

1953 5197 2084 5252 Nam
2120 5200 2164 5253 si
2202 5199 2364 5254 vitari
2398 5209 2700 5270 nequeunt,
2744 5200 3086 5271 prtescientia
3119 5201 3208 5255 illa
3247 5199 3427 5255 aufert
3459 5214 3556 5255 no-

1963 5289 2046 5343 bis
2069 5304 2211 5354 eam,
2245 5305 2366 5359 qua:
2419 5290 2685 5345 adversus
2741 5304 2922 5355 casus,
2950 5289 3042 5359 qui
3092 5288 3250 5344 nobis
3281 5287 3560 5352 accidunt,

1963 5380 2180 5435 fortiter
2214 5380 2473 5438 ferendos
2533 5382 2729 5437 instrui
2784 5382 2964 5448 debet,
3002 5382 3282 5436 virtutem.
3309 5378 3457 5435 Nihil
3480 5386 3561 5434 cst

1363 5561 1591 5618 VARUE
1629 5560 2014 5618 LECTIONES
2051 5559 2137 5615 ET
2179 5560 2412 5618 NOTA‘I.

342 5721 461 5794 (56)?
493 5718 600 5794 Pro
626 5721 900 5794 épd)i§aw_
926 5722 1064 5776 idem
1091 5726 1206 5776 rod.
1247 5724 1395 5777 habet
1438 5724 1657 5794 ἐρίζειν.
1691 5725 1844 5779 Vcrs.

265 5802 315 5843 ct
356 5793 520 5847 verbo
555 5793 648 5844 ult.
695 5808 780 5856 cp.
828 5792 1144 5860 φιλοσοφίαν
1201 5796 1334 5848 idem
1389 5792 1590 5848 breviat
1651 5798 1700 5848 iu
1760 5814 1815 5846 το

1965 5724 2112 5790 cpiam.
2151 5723 2363 5778 l‘ossrs.

2035 5795 2146 5862 (37)
2178 5794 2281 5849 Pro
2308 5795 2407 5849 κὲῗν
2441 5799 2482 5845 εἰ
2511 5795 2626 5866 Io-gil
2669 5795 2769 5848 κᾶν
2874 5797 2990 5847 ⁴Ἠί¹.
3035 5794 3150 5848 Vol.
3189 5795 3305 5849 650.
3346 5790 3423 5847 ib.
