3988 6414
277 362 413 429 1217

1081 354 1622 420 EPISTOLARUM
1660 354 1806 414 LIB.
1851 353 1947 413 IV.
1989 377 2058 389 —
2094 350 2335 414 EPIST.
2375 349 2754 413 CXXXVIII.

3438 346 3577 428 1218

275 493 431 550 ματα
463 472 825 545 παρέχοντες,
859 467 951 533 οὓς
983 469 1085 523 οὐκ
1113 467 1181 523 ἄν
1220 485 1306 531 τις
1335 465 1472 537 φαίη
1512 463 1705 536 μισθὸν
1734 481 1858 533 προ-

1977 470 2291 528 humanam,
2314 471 2407 516 aut
2445 461 2578 517 lucri
2602 458 2838 529 alicujus
2868 458 3044 530 gratia
3100 458 3166 514 ad
3204 459 3348 515 hanc
3404 459 3572 517 vitam

273 569 451 639 φήτου
483 563 806 636 λαμϐάνειν.
839 560 902 613 Et
931 559 989 613 δέ
1019 577 1103 622 τις
1131 560 1259 613 ἄνευ
1295 556 1406 611 τῶν
1441 554 1702 610 τοιούτων
1738 555 1866 606 ἐπι-

271 656 655 728 καλυμμάτων
680 654 862 724 γυμνῇ
895 655 962 724 τῇ
992 651 1140 722 ψυχῇ
1165 649 1302 720 πρὸς
1325 648 1387 703 τὸ
1417 647 1622 718 ἀγαθὸν
1651 646 1869 717 βλέπων

268 753 532 823 τιμήσειε
560 747 688 812 τοὺς
731 746 957 814 ἁγίους,
1009 744 1038 797 ὀ
1071 742 1316 808 τοιοῦτος
1366 743 1506 816 μετά
1540 742 1651 796 τῶν
1696 739 1868 810 ἁγίων

269 841 505 906 εἰκότως
535 837 1054 910 συνδοξασθήσεται.

771 1120 958 1190 eaq".
999 1151 1060 1162 —
1081 1119 1360 1192 AArmo.

414 1215 551 1285 Πῶς
588 1216 628 1284 ἡ
657 1214 950 1282 βασιλεία
987 1213 1106 1268 τῶν
1129 1210 1405 1282 οὐρανῶν
1431 1210 1718 1277 βιάζεται.

344 1330 665 1385 Τάίέπαθλα
691 1329 917 1401 μείζονα
942 1327 1071 1383 ὄντα
1099 1328 1281 1399 πάσης
1309 1326 1660 1399 ἀνθρωπίνης
1686 1327 1864 1394 ἀξίας,

269 1425 374 1481 καὶ
404 1427 469 1479 ἐκ
498 1422 694 1480 πολλοῦ
733 1421 829 1477 τοῦ
861 1421 1144 1494 περιόντος
1177 1420 1276 1491 τὴν
1301 1421 1416 1484 τοῖς
1466 1420 1650 1484 πόνοις
1689 1437 1862 1492 χρεω-

268 1517 584 1590 στουμὲνην
604 1515 842 1587 ἀμοιϐὴν
864 1511 1262 1586 ὑπερϐαίνοντα
1287 1528 1298 1540 ·
1337 1513 1438 1566 οὐκ
1484 1511 1612 1578 ἄξια
1654 1511 1762 1584 γὰρ
1795 1512 1865 1566 τὰ

266 1611 576 1682 παθήματα
602 1609 698 1663 τοῦ
733 1608 828 1662 νῦν
860 1607 1056 1678 καιροῦ
1083 1607 1220 1680 πρὸς
1247 1609 1345 1678 τὴν
1378 1607 1682 1678 μέλλουσαν
1704 1606 1864 1672 δόξαν

264 1704 727 1775 ἀποκαλυφθῆναι
749 1704 829 1766 είς
852 1704 1022 1773 ἡμᾶς,
1044 1701 1149 1773 ἔφη
1179 1701 1241 1756 τὸ
1265 1701 1460 1765 σκεῦος
1475 1701 1575 1773 τῆς
1598 1701 1860 1772 ἐκλογῆς·

1972 554 2350 609 redundantis.
2392 554 2529 609 Sunt
2558 554 2700 609 enim
2737 553 2828 623 qtti
2860 552 2986 607 talia
3004 560 3284 617 exercent,
3314 563 3369 607 et
3408 567 3578 623 pecu-

1971 642 2091 698 nias
2147 644 2506 715 elargiuntur,
2553 658 2690 712 quos
2749 658 2910 698 nemo
2990 642 3210 706 dixerit,
3263 644 3573 697 mercedem

1970 737 2247 806 prophetae
2275 738 2544 806 accipere.
2584 734 2638 790 Si
2668 736 2792 806 quis
2822 746 3003 790 autem
3024 735 3231 804 absque
3259 733 3571 802 hujusmodi

1970 826 2292 881 velamentis
2322 827 2462 882 nuda
2488 828 2670 881 anima
2707 828 2774 882 ad
2803 827 3004 882 bonum
3037 828 3213 897 ipsum
3258 827 3572 896 respiciens

1969 929 2189 973 sanctos
2207 921 2414 974 honore
2438 918 2702 986 alfec‘erit,
2735 920 2857 975 talis
2911 936 3017 975 una
3053 936 3175 976 cum
3208 923 3415 977 sanctis
3444 934 3562 976 me-

1969 1011 2076 1066 rito
2110 1011 2283 1082 gloria
2312 1013 2647 1082 perfruetur.

2414 1123 2703 1180 CXXXVI.
2735 1123 3095 1182 —ALYPIO.

2113 1215 2391 1284 Quomodo
2414 1232 2631 1289 regnum
2663 1216 2917 1273 caelorum
2950 1221 3052 1274 vim
3088 1220 3331 1289 patiatur
3356 1221 3424 1274 ⁸³.

2042 1327 2272 1384 Praemia
2305 1331 2552 1402 (alterius
2585 1333 2729 1399 vitae,
2762 1337 2868 1404 piis
2908 1351 2937 1389 a
2965 1334 3077 1392 Deo
3108 1337 3410 1408 pr0posita)
3440 1353 3564 1392 cum

1968 1417 2078 1474 sint
2108 1421 2257 1474 omni
2296 1421 2530 1477 lmmana
2579 1423 2844 1494 dignitate
2877 1427 3106 1497 majora,
3140 1429 3566 1498 longissimeque

1967 1525 2185 1567 onmem
2237 1512 2522 1572 laboribus
2573 1516 2812 1573 debitam
2868 1521 3364 1578 remunerationem
3402 1538 3567 1578 cxce-

1967 1606 2098 1659 dant
2124 1606 2171 1678 (ι
2212 1603 2325 1661 Non
2363 1607 2508 1662 enim
2541 1618 2670 1664 sunt
2710 1625 2870 1679 pares
2898 1613 3182 1682 passiones
3217 1613 3376 1682 hujus
3423 1624 3565 1669 tent-

1968 1697 2119 1768 poris
2168 1700 2238 1754 ad
2287 1699 2526 1756 futuram
2576 1701 2828 1773 gloriam,
2881 1719 3002 1773 quas
3054 1707 3390 1762 revelabitur
3436 1724 3563 1779 erga

264 1795 366 1849 καὶ
391 1795 491 1867 τὴν
526 1793 818 1848 ἀσθένειαν
856 1790 1206 1861 τῆςηφύσεως
1253 1790 1592 1855 ἐκϐιάζεται.
1642 1791 1735 1845 Διὸ
1768 1792 1858 1845 καὶ

1972 1805 2070 1844 nos
2091 1790 2160 1853 ⁸ο,
2189 1807 2211 1844 ι
2246 1791 2422 1863 inquit
2444 1808 2537 1846 vas
2560 1794 2863 1865 electionis)
2894 1815 2906 1851 :
2939 1797 3104 1852 etiam
3133 1798 3564 1855 imbecillitatem

263 1886 508 1960 ιρρέθη·
545 1906 564 1939 ι
613 1886 678 1940 Ἦ
705 1885 952 1955 βασιλεία
991 1885 1102 1938 τῶν
1143 1884 1387 1956 οὐρανῶν
1439 1884 1686 1957 βιάζεται
1722 1886 1859 1957 (42),

265 1978 365 2031 καὶ
393 1976 622 2049 βιασταὶ
663 1976 1004 2048 ἁρπάζουσιν
1035 1975 1230 2047 αὐτήν.
1272 1995 1292 2029 ι
1329 1977 1480 2030 Ποίοι
1509 1975 1728 2047 βιασταί
1747 1993 1763 2043 ;
1796 1978 1861 2031 Οἱ

262 2069 328 2122 τὸ
357 2070 563 2123 οἰκεῖον
595 2068 756 2140 σῶμα
787 2067 1088 2140 νηστείαις,
1133 2069 1229 2122 καὶ
1273 2068 1621 2142 σωφροσύνῃ,
1657 2068 1754 2123 καὶ
1790 2070 1860 2140 τῇ

264 2161 408 2237 ἄλλῃ
435 2161 608 2233 ἀρετῇ
641 2160 1024 2233 ἐκϐιαζόμενοι
1056 2162 1192 2233 (45).
1221 2163 1315 2216 καὶ
1340 2165 1453 2226 τοῖς
1477 2161 1572 2216 τοῦ
1609 2161 1860 2233 πνεύμα-

262 2273 359 2320 τος
397 2258 588 2327 νόμοις
615 2255 1006 2321 ὑποτάξαντες,
1042 2256 1137 2309 καὶ
1159 2255 1376 2328 εὐήνιον
1397 2255 1494 2310 καὶ
1517 2251 1861 2329 ὁρμητήριον

266 2351 477 2422 ἀρετῆς
499 2350 901 2420 ἀποφήναντες.

491 2464 654 2518 PAZ'.
684 2493 751 2504 —
785 2463 1015 2517 ΩΡΙΩΝΙ
1052 2462 1163 2537 (44)
1199 2462 1632 2519 ΜΟΝᾹΖΟΝἸΊ.

264 2556 374 2623 Eli;
404 2555 473 2608 τὸ
501 2554 913 2626 τετραμμένον
934 2571 949 2586 ·
993 2573 1010 2607 ι
1044 2556 1321 2623 Φρόνιμοι
1351 2555 1433 2621 ὼς
1453 2557 1505 2608 oi
1536 2551 1725 2622 ὄφεις,
1761 2553 1860 2608 καί

326 2670 333 2676 .
611 2626 878 2694 ἀκέραιοι
902 2627 983 2690 ὡς
1009 2629 1068 2679 al
1092 2628 1459 2696 περιστεραί.
1491 2644 1511 2676 s

337 2736 424 2791 Τά
461 2735 882 2808 παραδείγματα
939 2738 1039 2809 οὐχ
1070 2737 1288 2807 ἅπαντα
1321 2737 1695 2810 λαμϐάνεταιο
1735 2740 1860 2794 ἐπεὶ

260 2831 366 2884 οὐκ
401 2829 470 2883 ἂν
513 2829 599 2901 εἴη
648 2828 1093 2900 παραδείγματα,
1136 2831 1291 2890 ’ἀλλά-
1327 2832 1614 2904 ταυτότης.
1651 2834 1714 2888 Εί
1749 2835 1859 2905 γάρ

263 2927 363 2980 καὶ
391 2924 455 2978 τὸ
478 2926 741 2997 ἀκέραιον
769 2923 865 2976 καὶ
887 2923 1199 2994 ἁκακόηθες
1229 2925 1534 2997 προσέταξε
1569 2926 1860 2998 μιμεῖσθαι

265 3017 368 3088 τῆς
394 3017 752 3087 περιστερᾶς,
778 3015 915 3070 ἀλλά
935 3017 998 3069 τὸ
1013 3015 1242 3086 ἀνόητον
1264 3018 1535 3072 ἐκκλίνειν
1551 3020 1658 3092 χρή
1677 3036 1691 3051 ο
1719 3021 1858 3093 ὅπερ

270 3113 396 3165 ἐστὶ
427 3110 490 3164 τὸ
518 3112 598 3173 είς
635 3110 879 3172 ἐκείνους
903 3109 1295 3179 καταφεύγειν,
1323 3111 1452 3175 τοὺς
1484 3110 1658 3182 θηρᾷν
1687 3128 1858 3166 σπου-

265 3202 557 3268 δάζοντας.
598 3202 658 3256 Ei
695 3201 805 3272 γάρ
845 3202 940 3254 καὶ
997 3201 1074 3271 μὴ
1114 3200 1377 3272 βλάπτειν
1410 3181 1703 3273 χρὴ,ἀλλά
1734 3202 1856 3256 οὺδέ
1886 3181 1929 3241 c

265 3298 349 3361 είς
380 3295 496 3368 (45)
535 3295 603 3349 τά
646 3294 839 3366 καίρια
882 3293 1221 3364 βλάπτεσθαι
1257 3295 1561 3366 προσήκειο
1614 3294 1736 3348 οὐδὲ
1775 3296 1858 3360 εἰς

263 3387 515 3450 ἐκείνους
544 3386 780 3459 τρέχειν,
821 3380 896 3441 ὧν
931 3387 1122 3460 κέρδος
1171 3388 1430 3458 μέγιστον
1467 3390 1499 3458 ἡ
1542 3388 1854 3462 ἀπαλλαγή.

264 3482 328 3536 EI
350 3481 409 3535 δὲ
439 3483 535 3535 καὶ⁵
571 3479 877 3552 μαρτυρίαν
909 3480 1085 3544 Θέλεις
1115 3480 1326 3553 ἐναργῆ
1354 3480 1538 3535 λαϐεῖν
1558 3480 1667 3535 τῶν
1699 3482 1858 3551 λεγο-

267 3573 473 3644 μένων,
523 3571 689 3627 ἄκουε
721 3572 819 3626 τοῦ
870 3573 1152 3644 προφήτου
1211 3572 1496 3636 λέγοντος·
1549 3593 1568 3624 ι
1627 3574 1738 3627 Καὶ
1790 3569 1860 3645 ἦν

277 3665 527 3738 Ἐφρατμ
555 3665 630 3730 ὡς
653 3664 955 3738 περιστερά
980 3666 1160 3729 ἄνους,
1189 3664 1290 3717 οὐκ
1329 3663 1529 3735 ἔχουσα
1567 3664 1852 3735 καρδίαν.»

267 3759 330 3813 Et
359 3757 416 3812 at
452 3757 549 3811 καὶ
602 3757 701 3826 τήν
732 3756 915 3810 αἰτίαν
943 3755 1157 3826 ζητεῖς,
1192 3756 1354 3821 εὐθὺς
1403 3757 1568 3821 αὐτὸς
1624 3757 1858 3829 ἐπάγειο

269 3868 288 3902 ι
351 3848 634 3917 Αἴγυπτον
683 3846 1045 3902 ἐπεκαλεῖτοο
1094 3848 1188 3900 καὶ
1237 3849 1317 3912 είς
1361 3848 1684 3920 Ἀσσυρίους
1729 3849 1860 3903 ἐπο-

268 3939 484 4013 ρεύετο.
523 3958 544 3992 ι
581 3939 705 4006 Δύο,
751 3940 940 4010 φησιν,
975 3937 1165 4007 ἐθνῶν,
1198 3941 1492 4013 τυραννίδα
1539 3940 1633 3996 καὶ
1683 3944 1860 4013 μῖσος,

183 4103 186 4105 Α
266 4034 363 4088 καὶ
386 4031 630 4105 ἀρχαίαν
655 4034 956 4090 νοσούντων
976 4032 1313 4100 πλεονεξίαν,
1335 4035 1397 4089 τὺ
1426 4034 1524 4105 μὲν
1541 4034 1864 4091 ἐπεκαλεῖτο

265 4123 348 4187 είς
370 4121 648 4194 βοήθειανο
671 4123 806 4195 πρὸς
819 4123 878 4178 δέ
893 4124 952 4178 τὺ
965 4124 1328 4194 καταφεύγων
1357 4123 1471 4199 (46)
1490 4126 1566 4189 ὡς
1583 4127 1862 4199 σωτηρίας

268 4215 616 4287 τευξόμενος.
641 4217 739 4282 Τίς
757 4212 870 4284 οὖν,
895 4215 1050 4290 φησί,
1068 4217 1260 4273 τούτου
1284 4219 1639 4292 ἀνοητότερος
1654 4221 1852 4289 γένοιτ’

268 4310 358 4377 ἀν,
383 4309 482 4364 τοῦ
512 4310 650 4383 πρὸς
676 4311 922 4376 ἐκείνους
960 4312 1242 4385 ὁρμῶντος
1281 4313 1407 4377 τοὺς
1439 4313 1537 4387 μὶν
1567 4314 1664 4388 τήν
1698 4316 1866 4389 αἰχμ-

265 4401 516 4459 αλωσίαν
548 4403 713 4459 αὐτοῦ
741 4405 835 4460 καὶ
854 4405 955 4479 τὴν
990 4405 1238 4462 δουλείαν
1264 4407 1782 4480 όνειροτολοῦνταςς

777 4694 956 4750 mur.
1001 4724 1054 4736 —
1083 4694 1362 4769 ΑΔΥΠΙῼ.

432 4791 539 4858 Ε’ίς
565 4791 635 4845 τό
651 4805 665 4820 ·
704 4807 723 4842 ι
763 4790 862 4844 Ἑν
889 4787 968 4856 τῷ
989 4790 1200 4858 κόσμῳ
1219 4790 1433 4860 θλίψιν
1461 4788 1647 4856 ἕξετε.
1681 4809 1698 4841 s

342 4906 429 4979 Τῇ
460 4904 637 4960 ἐλπίδι
658 4904 768 4960 τῶν
803 4903 1107 4978 μελλόντων
1129 4904 1368 4960 δίδοσθαι
1403 4905 1624 4976 ἀγαθῶν
1661 4909 1773 4970 τοῖς
1795 4905 1864 4959 τὰ

1969 1893 2177 1938 natura:
2203 1893 2423 1955 cogunt.
2461 1884 2587 1941 Ideo
2625 1886 2890 1957 scriptum
2933 1898 3020 1945 est
3055 1906 3068 1944 :
3106 1908 3124 1942 ι
3169 1890 3414 1960 Regnum
3455 1906 3567 1948 cm-

1966 1974 2140 2031 lorum
2169 1976 2275 2030 vim
2300 1978 2505 2047 patitur
2527 1986 2581 2036 et
2609 1979 2831 2036 violenti
2861 1983 3081 2050 rapiunt
3114 1981 3262 2037 illud.
3303 2002 3321 2036 ι
3363 1983 3566 2051 Quales

1964 2067 2185 2124 violenti
2214 2069 2236 2123 ί
2271 2069 2372 2138 Qui
2421 2071 2701 2142 proprium
2735 2086 2937 2142 corpus
2967 2072 3195 2144 jcjuniis
3249 2086 3305 2130 et
3356 2085 3566 2148 tempe-

1965 2163 2142 2217 rantia
2177 2163 2620 2235 abstinentiaque
2665 2176 2720 2222 et
2761 2168 2886 2222 aliis
2934 2168 3226 2226 virtutibus
3256 2181 3480 2241 cogunt,
3509 2181 3561 2227 et

1964 2249 2172 2323 legibus
2202 2254 2430 2325 spiritus
2454 2257 2828 2328 subjecerunt,
2867 2267 2921 2314 et
2961 2273 3192 2328 pronum
3233 2270 3399 2332 atque
3441 2263 3568 2320 obo-

1963 2343 2117 2400 diens
2145 2347 2468 2403 exercendae
2499 2347 2680 2405 virtuti
2711 2350 2763 2406 id
2796 2352 3169 2408 reddiderunt.

2221 2458 2533 2518 CXXXVII.
2563 2493 2637 2504 —
2667 2461 2908 2522 ORIOM
2940 2464 3300 2522 MONACIIO.

1965 2553 2034 2610 In
2067 2554 2125 2609 id
2151 2555 2293 2624 quod
2327 2557 2584 2626 scriptum
2624 2566 2704 2613 est
2753 2573 2774 2612 :
2827 2575 2847 2611 ι
2910 2557 3205 2616 Prudentes
3256 2574 3394 2618 sicut
3443 2579 3556 2618 ser-

2168 2635 2374 2697 pentes,
2403 2640 2450 2680 et
2486 2630 2748 2698 simplices
2773 2630 2908 2684 sicut
2939 2631 3193 2687 columine
3227 2632 3293 2688 “.
3338 2647 3358 2685 ι

2033 2733 2296 2808 Exempla
2327 2753 2434 2793 non
2458 2754 2556 2809 per
2575 2741 2756 2796 omnia
2789 2742 3079 2811 capiuntur
3103 2761 3117 2798 :
3145 2744 3385 2817 alioquin
3412 2748 3559 2802 enim

1963 2849 2071 2889 non
2102 2843 2286 2889 essent
2309 2833 2556 2903 exempla
2576 2844 2629 2890 et
2654 2834 3065 2904 similitudines,
3089 2838 3184 2893 sed
3222 2853 3309 2894 res
3341 2841 3556 2896 eadem.

1964 2927 2074 2981 Etsi
2103 2927 2249 2982 enim
2290 2926 2695 2996 simplicitatem
2737 2938 2791 2984 et
2823 2945 3035 2986 morum
3060 2931 3410 3001 probitatem,
3438 2949 3562 3005 qum

1964 3020 2018 3076 in
2049 3019 2301 3076 columba
2334 3028 2436 3087 est,
2466 3020 2667 3074 imitari
2718 3035 2819 3077 nos
2865 3022 3029 3092 jussit
3066 3040 3080 3077 :
3119 3033 3298 3080 tamen
3345 3025 3560 3082 stolidi-

1966 3120 2132 3168 tatem
2187 3112 2432 3183 ejusdem
2486 3111 2671 3182 fugere
2721 3126 2939 3184 oportet
2973 3135 2984 3170 :
3017 3116 3197 3170 oualis
3243 3128 3350 3184 est,
3406 3120 3559 3175 verbi

1962 3206 2159 3277 gratia,
2213 3203 2508 3273 confugere
2567 3205 2633 3259 ad
2706 3219 2821 3271 eos,
2872 3206 2964 3275 qui
3023 3221 3221 3277 capere
3281 3220 3560 3281 satagunt.

1962 3294 2287 3366 Quanquam
2336 3296 2482 3350 enim
2542 3295 2737 3350 latdere
2789 3296 3063 3352 neminem
3097 3309 3336 3368 oportet,
3379 3309 3560 3357 tamen

1964 3402 2140 3461 neque
2187 3387 2376 3444 letales
2433 3387 2681 3458 accipere
2727 3387 2912 3459 plagas
2968 3389 3037 3443 ab
3093 3391 3214 3447 aliis
3262 3394 3558 3450 convenit:

1961 3487 2142 3552 neque
2188 3481 2255 3536 ad
2306 3494 2402 3535 eos
2443 3495 2686 3545 currere,
2727 3479 2927 3548 quibus
2984 3479 3206 3536 liberari
3261 3483 3560 3540 maximum

1960 3585 2046 3630 est
2094 3574 2327 3629 lucrum.
2388 3571 2544 3640 Quod
2596 3574 2642 3628 si
2699 3575 2864 3628 etiam
2924 3574 3301 3629 testimonium
3337 3578 3565 3633 evidens

1963 3682 2151 3724 eorum
2185 3681 2307 3737 qua
2339 3665 2474 3731 disi,
2511 3667 2760 3736 accipere
2812 3667 2914 3732 vis,
2946 3669 3070 3722 audi
3101 3671 3449 3740 prophetam,
3483 3672 3564 3726 di-

1964 3767 2182 3816 centem
2209 3777 2223 3814 :
2253 3775 2272 3812 ι
2311 3758 2379 3814 Ει
2403 3771 2522 3815 erat
2551 3759 2811 3830 Ephraim
2845 3771 2905 3816 ut
2939 3760 3192 3818 colmnba
3221 3777 3436 3830 amens,
3455 3781 3560 3820 non

1965 3852 2172 3910 habens
2203 3867 2298 3908 cor
2325 3851 2392 3906 ".
2443 3869 2463 3904 ι
2503 3851 2561 3907 Si
2596 3866 2725 3908 vero
2773 3868 2999 3908 causam
3039 3867 3255 3926 quoque
3303 3857 3561 3925 requiris,

1967 3944 2085 4016 ipse
2114 3958 2235 4000 eam
2262 3945 2447 4000 statim
2470 3942 2628 3999 affert
2656 3962 2671 3998 :
2700 3961 2721 3996 ι
2751 3943 3047 4016 Ᾱῖὶεῖριυηι
3074 3946 3389 4015 invocabat,
3411 3959 3465 4003 et
3495 3948 3562 4003 ad

1965 4037 2222 4110 Assyrios
2253 4035 2705 4108 proficiscebatur
2732 4035 2800 4092 “.
2836 4062 2856 4091 s
2894 4036 3130 4092 Duarum
3177 4045 3446 4109 gentium,
3483 4050 3565 4112 ty-

1967 4130 2199 4187 rannide
2241 4139 2295 4184 et
2343 4129 2471 4186 odio
2505 4139 2562 4186 et
2593 4131 2818 4201 antiqua
2875 4130 3108 4186 avaritia
3161 4132 3566 4203 iulquitateque

1968 4223 2356 4289 laborantium,
2392 4223 2623 4279 alteram
2674 4224 2895 4294 quidem
2927 4224 2979 4278 in
3011 4222 3300 4278 auxilium“
3325 4228 3564 4281 advoca-

1968 4319 2064 4374 bat
2093 4333 2109 4383 ;
2142 4315 2211 4371 ad
2243 4316 2473 4372 alteram
2505 4329 2633 4371 vero
2673 4314 3044 4386 confugiebat,
3079 4315 3240 4386 quasi
3277 4316 3454 4372 salute
3488 4317 3560 4373 ihl

1969 4408 2237 4481 potitura.
2266 4409 2403 4477 Quis
2456 4423 2612 4479 ergo,
2669 4407 2866 4478 inquit,
2928 4407 3030 4463 boc
3082 4407 3390 4464 dementior
3445 4425 3566 4468 esse

1896 4530 1942 4589 θ
1971 4502 2163 4572 possit,
2188 4501 2277 4571 qui
2307 4501 2372 4555 sd
2407 4515 2502 4556 eos
2534 4496 2797 4570 confugit,
2835 4499 2929 4571 qui
2984 4499 3150 4556 etiam
3182 4502 3562 4570 captivitatem

1972 4603 2030 4652 et
2061 4593 2380 4650 servitutem
2425 4592 2596 4663 ipsius
2629 4591 2848 4648 assidue
2885 4591 3261 4648 meditantur!

2303 4706 2471 4781 490
2496 4703 2828 4762 cxxxvm.
2849 4735 2924 4748 —
2946 4705 3221 4763 ALYPIO.

1977 4800 2041 4858 1η
2079 4801 2304 4866 dictum,
2359 4818 2378 4854 ι
2421 4799 2487 4854 In
2538 4800 2736 4853 mundo
2777 4798 3115 4871 afﬂictioueut
3145 4799 3403 4867 habebitis
3433 4802 3501 4860 “.
3543 4821 3560 4846 ι

2047 4914 2158 4985 Spe
2186 4914 2452 4968 bonorum
2490 4911 2728 4975 illorum,
2763 4926 2885 4983 quae
2919 4913 3196 4968 dabuntur
3221 4913 3310 4982 iis,
3337 4916 3429 4986 qui
3462 4925 3566 4971 tro-

270 4999 518 5072 τρόπαια
557 4997 788 5068 στήσασι
817 4997 958 5059 κατὰ
985 4997 1085 5068 τῆς
1120 4997 1320 5061 κακίας
1361 4997 1590 5070 λαμπρὰ
1625 4997 1858 5064 ὁπλίζων

1973 5021 2086 5078 ρωιι
2120 5006 2400 5077 splendida
2443 5014 2633 5060 contra
2683 5007 2812 5061 vitia
2858 5005 3170 5074 statuerint,
3202 5007 3434 5080 tcipsum
3471 5025 3565 5064 ar-

272 5090 499 5157 σαυτὸν,
541 5089 637 5144 καὶ
678 5089 1068 5162 περιφράττων
1102 5090 1284 5154 καλῶς
1317 5091 1607 5156 πάντοθεν,
1649 5092 1743 5146 καὶ
1773 5091 1864 5145 εύ-

271 5185 397 5256 χαῐς
436 5181 600 5236 τοῦτο
640 5182 702 5237 τὸ
730 5184 910 5255 τεῖχος
964 5182 1183 5254 ἰσχυρὸν
1231 5184 1682 5249 κατασκευάζων,
1721 5185 1860 5238 ἀπο-

1977 5088 2152 5163 r'nsns,
2205 5106 2257 5152 et
2313 5097 2554 5167 undique
2595 5098 2765 5168 probe
2808 5107 2859 5153 te
2909 5099 3183 5168 muniens,
3225 5107 3281 5154 et
3309 5101 3565 5171 precibus

1975 5185 2121 5242 hunc
2157 5203 2374 5242 murum
2409 5187 2624 5244 firmum
2668 5187 2934 5255 emt-iens,
2973 5189 3174 5261 repelle
3207 5190 3443 5248 tristitiae
3476 5207 3562 5250 as-

349 5340 394 5374 ”
421 5338 613 5396 Matth.
654 5353 732 5406 ιι,
771 5338 854 5395 Η.
931 5338 977 5370 ⁸⁰
1010 5337 1166 5395 Rom.
1191 5354 1312 5404 vnt,
1350 5339 1439 5395 18.
1517 5339 1562 5372 “
1595 5339 1786 5396 Matth.
1823 5358 1852 5397 χ

1972 5371 1994 5398 ι.
2075 5343 2119 5375 ⁸⁸
2154 5341 2294 5400 Osee
2325 5360 2376 5409 v,
2402 5347 2454 5399 7.
2532 5345 2578 5378 “
2601 5345 2735 5403 ibid.
2813 5349 2859 5381 “
2878 5346 3038 5406 Joan.
3073 5365 3184 5415 ττι,
3217 5349 3310 5407 5'5.

1419 5473 1655 5532 VARUS
1696 5474 2084 5533 LECTIONES
2115 5476 2204 5532 ET
2237 5477 2470 5535 ΝΟΤΑΞ.

351 5619 468 5694 (ιβ)
503 5618 650 5694 Haec,
676 5620 766 5675 Διδ
805 5599 898 5676 καί
930 5636 1100 5691 usque
1146 5622 1213 5675 atl
1275 5621 1542 5693 βιάζεται,
1581 5624 1869 5680 omittebat

281 5692 602 5765 edaParis"
637 5694 807 5765 lapsu,
859 5703 918 5748 ut
946 5696 1179 5765 videtur,
1222 5692 1539 5765 typographi
1573 5709 1733 5764 quem
1768 5696 1862 5752 dc-

285 5764 426 5834 eepit
462 5762 928 5834 hqmceoteleuton.
967 5764 1124 5819 Eutr.

353 5832 467 5903 (ιδ)
497 5832 634 5890 Cod.
676 5833 813 5900 γαίη
853 5835 1259 5904 ἐκϐιασάμενοι.
1286 5838 1501 5893 Possm.

2195 5627 2439 5704 :Ilpwyt,_
2461 5626 2696 5704 Heroui,
2715 5629 2988 5704 cod._\'at.
3021 5630 3148 5688 650.
3172 5631 3255 5691 ID.
3273 5671 3276 5674 ~

2047 5697 2158 5772 (lii)
2194 5696 2296 5772 Pro
2323 5700 2399 5772 είς
2431 5700 2568 5753 idem
2599 5700 2721 5755 cud.
2756 5702 2910 5772 πρός.
2952 5705 3027 5759 In.
3155 5705 3163 5716 ’

2047 5769 2156 5838 (ιο)
2184 5769 2314 5824 (Iud.
2351 5766 2494 5838 νειμ,
2524 5766 2876 5841 κατέφευγεν.
2925 5773 3132 5832 Possm.
