  <div class='ocr_page' id='page_1' title='image "/cluster/home/n/w/nwhite01/storage/ocr_20150623/78/ien.35556001661065/622.png"; bbox 0 0 3988 6458; ppageno 0'>
   <div class='ocr_carea' id='block_1_1' title="bbox 279 395 413 463">
    <p class='ocr_par' dir='ltr' id='par_1_1' title="bbox 279 395 413 463">
     <span class='ocr_line' id='line_1_1' title="bbox 279 395 413 463; baseline -0.03 0"><span class='ocrx_word' id='word_1_1' title='bbox 279 395 413 463; x_wconf 74' lang='lat'><strong>1221</strong></span> 
     </span>
    </p>
   </div>
   <div class='ocr_carea' id='block_1_2' title="bbox 1151 385 2631 448">
    <p class='ocr_par' dir='ltr' id='par_1_2' title="bbox 1151 385 2631 448">
     <span class='ocr_line' id='line_1_2' title="bbox 1151 385 2631 448; baseline -0.003 0"><span class='ocrx_word' id='word_1_2' title='bbox 1151 388 1684 448; x_wconf 55' lang='lat' dir='ltr'><strong>EPISTOIARL’M</strong></span> <span class='ocrx_word' id='word_1_3' title='bbox 1724 389 1870 447; x_wconf 78' lang='lat' dir='ltr'><strong>LIB.</strong></span> <span class='ocrx_word' id='word_1_4' title='bbox 1913 388 2010 448; x_wconf 71' lang='lat' dir='ltr'><strong>IV.</strong></span> <span class='ocrx_word' id='word_1_5' title='bbox 2057 412 2120 420; x_wconf 70' lang='lat'><strong>-</strong></span> <span class='ocrx_word' id='word_1_6' title='bbox 2153 387 2390 446; x_wconf 71' lang='lat' dir='ltr'><strong>EPIST.</strong></span> <span class='ocrx_word' id='word_1_7' title='bbox 2435 385 2631 446; x_wconf 70' lang='lat' dir='ltr'><strong>CXLI.</strong></span> 
     </span>
    </p>
   </div>
   <div class='ocr_carea' id='block_1_3' title="bbox 3429 385 3564 446">
    <p class='ocr_par' dir='ltr' id='par_1_3' title="bbox 3429 385 3564 446">
     <span class='ocr_line' id='line_1_3' title="bbox 3429 385 3564 446; baseline 0 0"><span class='ocrx_word' id='word_1_8' title='bbox 3429 386 3445 446; x_wconf 87' lang='lat' dir='ltr'><strong>l</strong></span> <span class='ocrx_word' id='word_1_9' title='bbox 3458 385 3564 446; x_wconf 53' lang='grc' dir='ltr'>τρε</span> 
     </span>
    </p>
   </div>
   <div class='ocr_carea' id='block_1_4' title="bbox 3459 432 3564 449">
    <p class='ocr_par' dir='ltr' id='par_1_4' title="bbox 3459 432 3564 449">
     <span class='ocr_line' id='line_1_4' title="bbox 3459 432 3564 449; baseline 0.01 -1"><span class='ocrx_word' id='word_1_10' title='bbox 3459 432 3564 449; x_wconf 58' lang='grc' dir='ltr'><strong>ω--ι</strong></span> 
     </span>
    </p>
   </div>
   <div class='ocr_carea' id='block_1_5' title="bbox 275 498 1866 576">
    <p class='ocr_par' dir='ltr' id='par_1_5' title="bbox 275 503 1866 576">
     <span class='ocr_line' id='line_1_5' title="bbox 275 503 1866 576; baseline -0.009 -11"><span class='ocrx_word' id='word_1_11' title='bbox 275 511 467 564; x_wconf 78' lang='grc' dir='ltr'>νεσθαι</span> <span class='ocrx_word' id='word_1_12' title='bbox 515 505 643 576; x_wconf 69' lang='grc' dir='ltr'>περὶ</span> <span class='ocrx_word' id='word_1_13' title='bbox 696 506 803 558; x_wconf 83' lang='grc' dir='ltr'><strong>τῶν</strong></span> <span class='ocrx_word' id='word_1_14' title='bbox 846 503 1083 574; x_wconf 75' lang='grc' dir='ltr'>ἀδήλων,</span> <span class='ocrx_word' id='word_1_15' title='bbox 1131 503 1266 554; x_wconf 78' lang='grc' dir='ltr'><strong>ἀλλά</strong></span> <span class='ocrx_word' id='word_1_16' title='bbox 1317 503 1430 564; x_wconf 84' lang='grc' dir='ltr'>τοῖς</span> <span class='ocrx_word' id='word_1_17' title='bbox 1476 503 1866 571; x_wconf 70' lang='grc' dir='ltr'><strong>ἀκουσομένοις</strong></span> 
     </span>
    </p>
   </div>
   <div class='ocr_carea' id='block_1_6' title="bbox 1974 498 3564 576">
    <p class='ocr_par' dir='ltr' id='par_1_6' title="bbox 1976 498 3564 570">
     <span class='ocr_line' id='line_1_6' title="bbox 1976 498 3564 570; baseline -0.002 -17"><span class='ocrx_word' id='word_1_18' title='bbox 1976 516 2072 554; x_wconf 87' lang='lat' dir='ltr'><strong>cus</strong></span> <span class='ocrx_word' id='word_1_19' title='bbox 2103 501 2448 570; x_wconf 74' lang='lat' dir='ltr'><strong>podagricum</strong></span> <span class='ocrx_word' id='word_1_20' title='bbox 2477 506 2749 569; x_wconf 87' lang='lat' dir='ltr'><strong>procreet,</strong></span> <span class='ocrx_word' id='word_1_21' title='bbox 2775 511 2966 552; x_wconf 84' lang='lat' dir='ltr'><strong>omnes</strong></span> <span class='ocrx_word' id='word_1_22' title='bbox 2992 498 3390 565; x_wconf 77' lang='lat' dir='ltr'><strong>consentiunt.)</strong></span> <span class='ocrx_word' id='word_1_23' title='bbox 3417 498 3564 564; x_wconf 77' lang='lat' dir='ltr'><strong>Quu-</strong></span> 
     </span>
    </p>
   </div>
   <div class='ocr_carea' id='block_1_7' title="bbox 276 589 1868 678">
    <p class='ocr_par' dir='ltr' id='par_1_7' title="bbox 276 589 1868 678">
     <span class='ocr_line' id='line_1_7' title="bbox 276 589 1868 678; baseline -0.009 -21"><span class='ocrx_word' id='word_1_24' title='bbox 276 602 603 672; x_wconf 73' lang='grc' dir='ltr'>ιπιτρέπειν</span> <span class='ocrx_word' id='word_1_25' title='bbox 645 598 742 668; x_wconf 82' lang='grc' dir='ltr'><strong>τὴν</strong></span> <span class='ocrx_word' id='word_1_26' title='bbox 783 597 1026 667; x_wconf 90' lang='grc' dir='ltr'>κρίσιν),</span> <span class='ocrx_word' id='word_1_27' title='bbox 1080 596 1208 663; x_wconf 76' lang='grc' dir='ltr'>περὶ</span> <span class='ocrx_word' id='word_1_28' title='bbox 1251 593 1350 660; x_wconf 83' lang='grc' dir='ltr'>τῆς</span> <span class='ocrx_word' id='word_1_29' title='bbox 1397 593 1667 664; x_wconf 79' lang='grc' dir='ltr'><strong>ἀκρασίας</strong></span> <span class='ocrx_word' id='word_1_30' title='bbox 1723 589 1790 664; x_wconf 77' lang='grc' dir='ltr'>ἦν</span> 
     </span>
    </p>
   </div>
   <div class='ocr_carea' id='block_1_8' title="bbox 271 681 1867 761">
    <p class='ocr_par' dir='ltr' id='par_1_8' title="bbox 271 681 1867 761">
     <span class='ocr_line' id='line_1_8' title="bbox 271 681 1867 761; baseline -0.008 -16"><span class='ocrx_word' id='word_1_31' title='bbox 271 692 458 761; x_wconf 77' lang='grc' dir='ltr'>λόγος,</span> <span class='ocrx_word' id='word_1_32' title='bbox 500 692 650 751; x_wconf 87' lang='grc' dir='ltr'>ὃπως</span> <span class='ocrx_word' id='word_1_33' title='bbox 680 687 756 756; x_wconf 79' lang='grc' dir='ltr'>μὴ</span> <span class='ocrx_word' id='word_1_34' title='bbox 781 689 838 740; x_wconf 84' lang='grc' dir='ltr'>ὲν</span> <span class='ocrx_word' id='word_1_35' title='bbox 870 687 1034 739; x_wconf 74' lang='grc' dir='ltr'>παντὶ</span> <span class='ocrx_word' id='word_1_36' title='bbox 1064 681 1242 754; x_wconf 78' lang='grc' dir='ltr'>καιρῷ</span> <span class='ocrx_word' id='word_1_37' title='bbox 1267 682 1635 753; x_wconf 66' lang='grc' dir='ltr'><strong>συνέρχοιντο,</strong></span> <span class='ocrx_word' id='word_1_38' title='bbox 1667 681 1743 744; x_wconf 84' lang='grc' dir='ltr'><strong>ὡς</strong></span> <span class='ocrx_word' id='word_1_39' title='bbox 1768 681 1867 749; x_wconf 84' lang='grc' dir='ltr'>τῆς</span> 
     </span>
    </p>
   </div>
   <div class='ocr_carea' id='block_1_9' title="bbox 278 771 1864 851">
    <p class='ocr_par' dir='ltr' id='par_1_9' title="bbox 278 771 1864 851">
     <span class='ocr_line' id='line_1_9' title="bbox 278 771 1864 851; baseline -0.006 -15"><span class='ocrx_word' id='word_1_40' title='bbox 278 781 489 851; x_wconf 76' lang='grc' dir='ltr'>βλάϐης</span> <span class='ocrx_word' id='word_1_41' title='bbox 515 783 594 842; x_wconf 80' lang='grc' dir='ltr'>εἰς</span> <span class='ocrx_word' id='word_1_42' title='bbox 621 780 690 833; x_wconf 87' lang='grc' dir='ltr'><strong>τά</strong></span> <span class='ocrx_word' id='word_1_43' title='bbox 718 778 778 843; x_wconf 79' lang='grc' dir='ltr'>ἐξ</span> <span class='ocrx_word' id='word_1_44' title='bbox 820 777 999 832; x_wconf 82' lang='grc' dir='ltr'>αὐτῶν</span> <span class='ocrx_word' id='word_1_45' title='bbox 1025 775 1405 846; x_wconf 71' lang='grc' dir='ltr'>τεχθησόμενα</span> <span class='ocrx_word' id='word_1_46' title='bbox 1445 771 1864 843; x_wconf 80' lang='grc' dir='ltr'>διαϐησομένης.</span> 
     </span>
    </p>
   </div>
   <div class='ocr_carea' id='block_1_10' title="bbox 279 864 1866 938">
    <p class='ocr_par' dir='ltr' id='par_1_10' title="bbox 279 864 1866 938">
     <span class='ocr_line' id='line_1_10' title="bbox 279 864 1866 938; baseline -0.006 -10"><span class='ocrx_word' id='word_1_47' title='bbox 279 877 407 928; x_wconf 84' lang='grc' dir='ltr'>Ὀτι</span> <span class='ocrx_word' id='word_1_48' title='bbox 443 875 501 928; x_wconf 82' lang='grc' dir='ltr'>δὲ</span> <span class='ocrx_word' id='word_1_49' title='bbox 523 874 626 926; x_wconf 83' lang='grc' dir='ltr'><strong>οὐκ</strong></span> <span class='ocrx_word' id='word_1_50' title='bbox 654 873 770 925; x_wconf 76' lang='grc' dir='ltr'>ἐστι</span> <span class='ocrx_word' id='word_1_51' title='bbox 807 870 966 926; x_wconf 83' lang='grc' dir='ltr'>τοῦτο</span> <span class='ocrx_word' id='word_1_52' title='bbox 992 869 1100 922; x_wconf 85' lang='grc' dir='ltr'><strong>ἀπὸ</strong></span> <span class='ocrx_word' id='word_1_53' title='bbox 1125 867 1351 930; x_wconf 78' lang='grc' dir='ltr'>σκοποῦ,</span> <span class='ocrx_word' id='word_1_54' title='bbox 1382 867 1686 938; x_wconf 89' lang='grc' dir='ltr'>τεκμήριον</span> <span class='ocrx_word' id='word_1_55' title='bbox 1729 864 1866 932; x_wconf 68' lang='grc'><strong>(52),</strong></span> 
     </span>
    </p>
   </div>
   <div class='ocr_carea' id='block_1_11' title="bbox 273 957 1864 1035">
    <p class='ocr_par' dir='ltr' id='par_1_11' title="bbox 273 957 1864 1035">
     <span class='ocr_line' id='line_1_11' title="bbox 273 957 1864 1035; baseline -0.008 -13"><span class='ocrx_word' id='word_1_56' title='bbox 273 970 336 1022; x_wconf 84' lang='grc' dir='ltr'><strong>τὸ</strong></span> <span class='ocrx_word' id='word_1_57' title='bbox 375 968 505 1030; x_wconf 81' lang='grc' dir='ltr'>τοὺς</span> <span class='ocrx_word' id='word_1_58' title='bbox 552 966 855 1035; x_wconf 83' lang='grc' dir='ltr'>ποδαλγοὺς</span> <span class='ocrx_word' id='word_1_59' title='bbox 893 963 1054 1032; x_wconf 81' lang='grc' dir='ltr'>ἱερῶν</span> <span class='ocrx_word' id='word_1_60' title='bbox 1097 960 1401 1030; x_wconf 79' lang='grc' dir='ltr'>περιϐόλων</span> <span class='ocrx_word' id='word_1_61' title='bbox 1439 959 1515 1030; x_wconf 78' lang='grc' dir='ltr'>μὴ</span> <span class='ocrx_word' id='word_1_62' title='bbox 1559 957 1864 1028; x_wconf 77' lang='grc' dir='ltr'><strong>εἱρχθῆναι.</strong></span> 
     </span>
    </p>
   </div>
   <div class='ocr_carea' id='block_1_12' title="bbox 273 1051 1868 1132">
    <p class='ocr_par' dir='ltr' id='par_1_12' title="bbox 273 1051 1868 1132">
     <span class='ocr_line' id='line_1_12' title="bbox 273 1051 1868 1132; baseline -0.007 -19"><span class='ocrx_word' id='word_1_63' title='bbox 273 1063 341 1114; x_wconf 85' lang='grc' dir='ltr'><strong>Οἱ</strong></span> <span class='ocrx_word' id='word_1_64' title='bbox 373 1061 472 1132; x_wconf 88' lang='grc' dir='ltr'>μὲν</span> <span class='ocrx_word' id='word_1_65' title='bbox 503 1060 617 1132; x_wconf 72' lang='grc' dir='ltr'><strong>γὰρ</strong></span> <span class='ocrx_word' id='word_1_66' title='bbox 640 1059 698 1125; x_wconf 72' lang='grc' dir='ltr'>ἐξ</span> <span class='ocrx_word' id='word_1_67' title='bbox 729 1059 903 1129; x_wconf 78' lang='grc' dir='ltr'>ἀρχῆς</span> <span class='ocrx_word' id='word_1_68' title='bbox 922 1055 1080 1108; x_wconf 85' lang='grc' dir='ltr'>τοῦτο</span> <span class='ocrx_word' id='word_1_69' title='bbox 1111 1054 1438 1124; x_wconf 82' lang='grc' dir='ltr'>νοσήσαντες</span> <span class='ocrx_word' id='word_1_70' title='bbox 1462 1051 1522 1104; x_wconf 81' lang='grc' dir='ltr'><strong>τὸ</strong></span> <span class='ocrx_word' id='word_1_71' title='bbox 1550 1051 1740 1116; x_wconf 83' lang='grc' dir='ltr'><strong>πάθος,</strong></span> <span class='ocrx_word' id='word_1_72' title='bbox 1767 1051 1868 1102; x_wconf 79' lang='grc' dir='ltr'><strong>οὐκ</strong></span> 
     </span>
    </p>
   </div>
   <div class='ocr_carea' id='block_1_13' title="bbox 274 1143 1868 1223">
    <p class='ocr_par' dir='ltr' id='par_1_13' title="bbox 274 1143 1868 1223">
     <span class='ocr_line' id='line_1_13' title="bbox 274 1143 1868 1223; baseline -0.008 -16"><span class='ocrx_word' id='word_1_73' title='bbox 274 1155 391 1207; x_wconf 78' lang='grc' dir='ltr'><strong>ἀπὸ</strong></span> <span class='ocrx_word' id='word_1_74' title='bbox 419 1152 777 1223; x_wconf 69' lang='grc' dir='ltr'>δυσκρασίας,</span> <span class='ocrx_word' id='word_1_75' title='bbox 806 1149 921 1201; x_wconf 88' lang='grc' dir='ltr'>ἀλλ’</span> <span class='ocrx_word' id='word_1_76' title='bbox 951 1146 1060 1200; x_wconf 85' lang='grc' dir='ltr'><strong>ἀπὺ</strong></span> <span class='ocrx_word' id='word_1_77' title='bbox 1090 1147 1334 1215; x_wconf 84' lang='grc' dir='ltr'>πονηρᾶς</span> <span class='ocrx_word' id='word_1_78' title='bbox 1361 1143 1594 1214; x_wconf 76' lang='grc' dir='ltr'><strong>διαίτης,</strong></span> <span class='ocrx_word' id='word_1_79' title='bbox 1621 1145 1714 1196; x_wconf 73' lang='grc' dir='ltr'><strong>καὶ</strong></span> <span class='ocrx_word' id='word_1_80' title='bbox 1738 1160 1868 1212; x_wconf 64' lang='grc' dir='ltr'>τρυε</span> 
     </span>
    </p>
   </div>
   <div class='ocr_carea' id='block_1_14' title="bbox 275 1231 1868 1309">
    <p class='ocr_par' dir='ltr' id='par_1_14' title="bbox 275 1231 1868 1309">
     <span class='ocr_line' id='line_1_14' title="bbox 275 1231 1868 1309; baseline -0.006 -16"><span class='ocrx_word' id='word_1_81' title='bbox 275 1241 408 1309; x_wconf 81' lang='grc' dir='ltr'>φῆς,</span> <span class='ocrx_word' id='word_1_82' title='bbox 454 1241 548 1293; x_wconf 71' lang='grc' dir='ltr'><strong>καὶ</strong></span> <span class='ocrx_word' id='word_1_83' title='bbox 576 1237 856 1309; x_wconf 80' lang='grc' dir='ltr'>βλακείας,</span> <span class='ocrx_word' id='word_1_84' title='bbox 885 1238 980 1288; x_wconf 79' lang='grc' dir='ltr'>καὶ</span> <span class='ocrx_word' id='word_1_85' title='bbox 1004 1234 1200 1304; x_wconf 81' lang='grc' dir='ltr'>ἀργίας</span> <span class='ocrx_word' id='word_1_86' title='bbox 1227 1231 1373 1285; x_wconf 84' lang='grc' dir='ltr'>τοῦτ’</span> <span class='ocrx_word' id='word_1_87' title='bbox 1411 1233 1710 1301; x_wconf 79' lang='grc' dir='ltr'>ἐσχήκασι·</span> <span class='ocrx_word' id='word_1_88' title='bbox 1745 1231 1810 1282; x_wconf 76' lang='grc' dir='ltr'>δι’</span> <span class='ocrx_word' id='word_1_89' title='bbox 1839 1231 1868 1284; x_wconf 83' lang='grc' dir='ltr'>ὃ</span> 
     </span>
    </p>
   </div>
   <div class='ocr_carea' id='block_1_15' title="bbox 274 1323 1864 1397">
    <p class='ocr_par' dir='ltr' id='par_1_15' title="bbox 274 1323 1864 1397">
     <span class='ocr_line' id='line_1_15' title="bbox 274 1323 1864 1397; baseline -0.006 -10"><span class='ocrx_word' id='word_1_90' title='bbox 274 1335 374 1387; x_wconf 70' lang='grc' dir='ltr'>καὶ</span> <span class='ocrx_word' id='word_1_91' title='bbox 400 1333 467 1386; x_wconf 81' lang='grc' dir='ltr'>δι’</span> <span class='ocrx_word' id='word_1_92' title='bbox 499 1331 664 1384; x_wconf 75' lang='grc' dir='ltr'>αὑτοῦ</span> <span class='ocrx_word' id='word_1_93' title='bbox 691 1327 1068 1397; x_wconf 70' lang='grc' dir='ltr'>ἐκολάσθησαν</span> <span class='ocrx_word' id='word_1_94' title='bbox 1091 1343 1105 1356; x_wconf 75' lang='grc' dir='ltr'><strong>ο</strong></span> <span class='ocrx_word' id='word_1_95' title='bbox 1124 1328 1173 1379; x_wconf 81' lang='grc' dir='ltr'>οἱ</span> <span class='ocrx_word' id='word_1_96' title='bbox 1203 1325 1246 1378; x_wconf 75' lang='grc' dir='ltr'>δ’</span> <span class='ocrx_word' id='word_1_97' title='bbox 1272 1325 1329 1390; x_wconf 80' lang='grc' dir='ltr'>ἐξ</span> <span class='ocrx_word' id='word_1_98' title='bbox 1351 1325 1531 1377; x_wconf 76' lang='grc' dir='ltr'>αὐτῶν</span> <span class='ocrx_word' id='word_1_99' title='bbox 1556 1323 1864 1393; x_wconf 86' lang='grc' dir='ltr'>τεχθέντες,</span> 
     </span>
    </p>
   </div>
   <div class='ocr_carea' id='block_1_16' title="bbox 270 1417 1866 1494">
    <p class='ocr_par' dir='ltr' id='par_1_16' title="bbox 270 1417 1866 1494">
     <span class='ocr_line' id='line_1_16' title="bbox 270 1417 1866 1494; baseline -0.006 -15"><span class='ocrx_word' id='word_1_100' title='bbox 270 1427 378 1479; x_wconf 79' lang='grc' dir='ltr'><strong>οὐκ</strong></span> <span class='ocrx_word' id='word_1_101' title='bbox 404 1424 757 1494; x_wconf 75' lang='grc' dir='ltr'>ἐκωλύθησαν</span> <span class='ocrx_word' id='word_1_102' title='bbox 797 1420 955 1491; x_wconf 81' lang='grc' dir='ltr'>ἱερῶν</span> <span class='ocrx_word' id='word_1_103' title='bbox 977 1420 1304 1488; x_wconf 76' lang='grc' dir='ltr'>κοινωνῆσαι</span> <span class='ocrx_word' id='word_1_104' title='bbox 1333 1419 1588 1470; x_wconf 82' lang='grc' dir='ltr'>συνόδων.</span> <span class='ocrx_word' id='word_1_105' title='bbox 1617 1417 1729 1485; x_wconf 76' lang='grc' dir='ltr'>Τῆς</span> <span class='ocrx_word' id='word_1_106' title='bbox 1756 1417 1866 1486; x_wconf 77' lang='grc' dir='ltr'>γὰρ</span> 
     </span>
    </p>
   </div>
   <div class='ocr_carea' id='block_1_17' title="bbox 269 1508 1867 1588">
    <p class='ocr_par' dir='ltr' id='par_1_17' title="bbox 269 1508 1867 1588">
     <span class='ocr_line' id='line_1_17' title="bbox 269 1508 1867 1588; baseline -0.007 -18"><span class='ocrx_word' id='word_1_107' title='bbox 269 1516 633 1588; x_wconf 79' lang='grc' dir='ltr'>δυσκρασίας,</span> <span class='ocrx_word' id='word_1_108' title='bbox 667 1514 783 1567; x_wconf 83' lang='grc' dir='ltr'>ἀλλ’</span> <span class='ocrx_word' id='word_1_109' title='bbox 819 1513 881 1566; x_wconf 83' lang='grc' dir='ltr'><strong>ού</strong></span> <span class='ocrx_word' id='word_1_110' title='bbox 918 1511 1015 1580; x_wconf 82' lang='grc' dir='ltr'>τῆς</span> <span class='ocrx_word' id='word_1_111' title='bbox 1041 1510 1313 1580; x_wconf 83' lang='grc' dir='ltr'>ἀκρασίας</span> <span class='ocrx_word' id='word_1_112' title='bbox 1345 1508 1453 1562; x_wconf 81' lang='grc' dir='ltr'><strong>τῶν</strong></span> <span class='ocrx_word' id='word_1_113' title='bbox 1479 1509 1683 1576; x_wconf 78' lang='grc' dir='ltr'>γονέων</span> <span class='ocrx_word' id='word_1_114' title='bbox 1709 1509 1867 1576; x_wconf 78' lang='grc' dir='ltr'>γεγόο</span> 
     </span>
    </p>
   </div>
   <div class='ocr_carea' id='block_1_18' title="bbox 270 1600 1867 1674">
    <p class='ocr_par' dir='ltr' id='par_1_18' title="bbox 270 1600 1867 1674">
     <span class='ocr_line' id='line_1_18' title="bbox 270 1600 1867 1674; baseline -0.007 -12"><span class='ocrx_word' id='word_1_115' title='bbox 270 1625 435 1662; x_wconf 90' lang='grc' dir='ltr'>νασιν</span> <span class='ocrx_word' id='word_1_116' title='bbox 479 1605 796 1674; x_wconf 82' lang='grc' dir='ltr'>ἀναγκαίως</span> <span class='ocrx_word' id='word_1_117' title='bbox 842 1603 1207 1674; x_wconf 71' lang='grc' dir='ltr'>κληρονόμοι·</span> <span class='ocrx_word' id='word_1_118' title='bbox 1253 1601 1303 1654; x_wconf 73' lang='grc' dir='ltr'>οἱ</span> <span class='ocrx_word' id='word_1_119' title='bbox 1348 1600 1404 1652; x_wconf 78' lang='grc' dir='ltr'>δὲ</span> <span class='ocrx_word' id='word_1_120' title='bbox 1438 1600 1536 1670; x_wconf 81' lang='grc' dir='ltr'><strong>τὴν</strong></span> <span class='ocrx_word' id='word_1_121' title='bbox 1572 1600 1867 1653; x_wconf 78' lang='grc' dir='ltr'>ἀκολασίαν</span> 
     </span>
    </p>
   </div>
   <div class='ocr_carea' id='block_1_19' title="bbox 269 1690 1868 1768">
    <p class='ocr_par' dir='ltr' id='par_1_19' title="bbox 269 1690 1868 1768">
     <span class='ocr_line' id='line_1_19' title="bbox 269 1690 1868 1768; baseline -0.008 -15"><span class='ocrx_word' id='word_1_122' title='bbox 269 1701 385 1754; x_wconf 86' lang='grc' dir='ltr'><strong>τῶν</strong></span> <span class='ocrx_word' id='word_1_123' title='bbox 416 1699 620 1768; x_wconf 82' lang='grc' dir='ltr'>γονέων</span> <span class='ocrx_word' id='word_1_124' title='bbox 652 1699 709 1749; x_wconf 81' lang='grc' dir='ltr'>ἐν</span> <span class='ocrx_word' id='word_1_125' title='bbox 743 1698 855 1758; x_wconf 79' lang='grc' dir='ltr'>τοῖς</span> <span class='ocrx_word' id='word_1_126' title='bbox 888 1693 1136 1764; x_wconf 84' lang='grc' dir='ltr'>σώμασιν</span> <span class='ocrx_word' id='word_1_127' title='bbox 1166 1690 1602 1762; x_wconf 78' lang='grc' dir='ltr'>ἀπομαξάμενοι,</span> <span class='ocrx_word' id='word_1_128' title='bbox 1625 1690 1725 1744; x_wconf 81' lang='grc' dir='ltr'><strong>οὐκ</strong></span> <span class='ocrx_word' id='word_1_129' title='bbox 1747 1692 1868 1743; x_wconf 77' lang='grc' dir='ltr'>ἐκο-</span> 
     </span>
    </p>
   </div>
   <div class='ocr_carea' id='block_1_20' title="bbox 269 1781 1868 1860">
    <p class='ocr_par' dir='ltr' id='par_1_20' title="bbox 269 1781 1868 1860">
     <span class='ocr_line' id='line_1_20' title="bbox 269 1781 1868 1860; baseline -0.008 -14"><span class='ocrx_word' id='word_1_130' title='bbox 269 1791 556 1860; x_wconf 86' lang='grc' dir='ltr'>λάσθησαν</span> <span class='ocrx_word' id='word_1_131' title='bbox 580 1788 679 1858; x_wconf 80' lang='grc' dir='ltr'>μὲν</span> <span class='ocrx_word' id='word_1_132' title='bbox 708 1787 803 1857; x_wconf 81' lang='grc' dir='ltr'>(ού</span> <span class='ocrx_word' id='word_1_133' title='bbox 835 1786 942 1854; x_wconf 84' lang='grc' dir='ltr'>γὰρ</span> <span class='ocrx_word' id='word_1_134' title='bbox 970 1784 1255 1837; x_wconf 76' lang='grc' dir='ltr'>ἐκέλευσεν</span> <span class='ocrx_word' id='word_1_135' title='bbox 1279 1782 1476 1846; x_wconf 80' lang='grc' dir='ltr'>αὐτοὺς</span> <span class='ocrx_word' id='word_1_136' title='bbox 1497 1781 1868 1850; x_wconf 82' lang='grc' dir='ltr'>καταλευσθῆ-</span> 
     </span>
    </p>
   </div>
   <div class='ocr_carea' id='block_1_21' title="bbox 1974 588 3562 662">
    <p class='ocr_par' dir='ltr' id='par_1_21' title="bbox 1974 588 3562 662">
     <span class='ocr_line' id='line_1_21' title="bbox 1974 588 3562 662; baseline -0.001 -15"><span class='ocrx_word' id='word_1_137' title='bbox 1974 594 2119 647; x_wconf 82' lang='lat' dir='ltr'><strong>circa</strong></span> <span class='ocrx_word' id='word_1_138' title='bbox 2154 591 2449 662; x_wconf 78' lang='lat' dir='ltr'><strong>legislator,</strong></span> <span class='ocrx_word' id='word_1_139' title='bbox 2483 596 2541 644; x_wconf 88' lang='lat' dir='ltr'><strong>ut</strong></span> <span class='ocrx_word' id='word_1_140' title='bbox 2577 591 2708 645; x_wconf 90' lang='lat' dir='ltr'><strong>mihi</strong></span> <span class='ocrx_word' id='word_1_141' title='bbox 2739 589 2958 660; x_wconf 79' lang='lat' dir='ltr'><strong>quidem</strong></span> <span class='ocrx_word' id='word_1_142' title='bbox 3003 591 3217 645; x_wconf 84' lang='lat' dir='ltr'><strong>videtur</strong></span> <span class='ocrx_word' id='word_1_143' title='bbox 3247 588 3377 660; x_wconf 93' lang='lat' dir='ltr'><strong>(non</strong></span> <span class='ocrx_word' id='word_1_144' title='bbox 3414 593 3562 646; x_wconf 89' lang='lat' dir='ltr'><strong>enim</strong></span> 
     </span>
    </p>
   </div>
   <div class='ocr_carea' id='block_1_22' title="bbox 1973 682 3562 752">
    <p class='ocr_par' dir='ltr' id='par_1_22' title="bbox 1973 682 3562 752">
     <span class='ocr_line' id='line_1_22' title="bbox 1973 682 3562 752; baseline -0.003 -12"><span class='ocrx_word' id='word_1_145' title='bbox 1973 683 2039 740; x_wconf 88' lang='lat' dir='ltr'><strong>de</strong></span> <span class='ocrx_word' id='word_1_146' title='bbox 2082 683 2244 739; x_wconf 86' lang='lat' dir='ltr'><strong>rebus</strong></span> <span class='ocrx_word' id='word_1_147' title='bbox 2280 684 2528 740; x_wconf 86' lang='lat' dir='ltr'><strong>obscuris</strong></span> <span class='ocrx_word' id='word_1_148' title='bbox 2558 684 2781 752; x_wconf 53' lang='lat' dir='ltr'><strong>praecise</strong></span> <span class='ocrx_word' id='word_1_149' title='bbox 2812 682 3012 750; x_wconf 86' lang='lat' dir='ltr'><strong>aliquid</strong></span> <span class='ocrx_word' id='word_1_150' title='bbox 3045 697 3363 737; x_wconf 74' lang='lat' dir='ltr'><strong>asseverare</strong></span> <span class='ocrx_word' id='word_1_151' title='bbox 3395 698 3562 751; x_wconf 70' lang='grc' dir='ltr'>ομοιοο</span> 
     </span>
    </p>
   </div>
   <div class='ocr_carea' id='block_1_23' title="bbox 1973 771 3562 842">
    <p class='ocr_par' dir='ltr' id='par_1_23' title="bbox 1973 771 3562 842">
     <span class='ocr_line' id='line_1_23' title="bbox 1973 771 3562 842; baseline -0.002 -13"><span class='ocrx_word' id='word_1_152' title='bbox 1973 783 2074 842; x_wconf 90' lang='lat' dir='ltr'><strong>tet,</strong></span> <span class='ocrx_word' id='word_1_153' title='bbox 2108 775 2202 830; x_wconf 83' lang='lat' dir='ltr'><strong>sed</strong></span> <span class='ocrx_word' id='word_1_154' title='bbox 2237 774 2508 838; x_wconf 84' lang='lat' dir='ltr'><strong>audituris</strong></span> <span class='ocrx_word' id='word_1_155' title='bbox 2541 775 2859 840; x_wconf 71' lang='lat' dir='ltr'><strong>permittere</strong></span> <span class='ocrx_word' id='word_1_156' title='bbox 2884 771 3436 840; x_wconf 83' lang='lat' dir='ltr'><strong>judicimn),sollicite</strong></span> <span class='ocrx_word' id='word_1_157' title='bbox 3465 789 3562 826; x_wconf 69' lang='grc' dir='ltr'><strong>νυ-</strong></span> 
     </span>
    </p>
   </div>
   <div class='ocr_carea' id='block_1_24' title="bbox 1975 863 3562 931">
    <p class='ocr_par' dir='ltr' id='par_1_24' title="bbox 1975 863 3562 931">
     <span class='ocr_line' id='line_1_24' title="bbox 1975 863 3562 931; baseline -0.006 -10"><span class='ocrx_word' id='word_1_158' title='bbox 1975 869 2134 921; x_wconf 86' lang='lat' dir='ltr'><strong>rabat</strong></span> <span class='ocrx_word' id='word_1_159' title='bbox 2158 868 2225 920; x_wconf 81' lang='lat' dir='ltr'><strong>de</strong></span> <span class='ocrx_word' id='word_1_160' title='bbox 2253 864 2645 920; x_wconf 81' lang='lat' dir='ltr'><strong>incontinentia</strong></span> <span class='ocrx_word' id='word_1_161' title='bbox 2677 863 2984 929; x_wconf 84' lang='lat' dir='ltr'><strong>libidinum,</strong></span> <span class='ocrx_word' id='word_1_162' title='bbox 3010 878 3076 915; x_wconf 82' lang='lat' dir='ltr'><strong>ne</strong></span> <span class='ocrx_word' id='word_1_163' title='bbox 3098 863 3290 931; x_wconf 82' lang='lat' dir='ltr'><strong>quovis</strong></span> <span class='ocrx_word' id='word_1_164' title='bbox 3314 874 3562 929; x_wconf 81' lang='lat' dir='ltr'><strong>tempm-e</strong></span> 
     </span>
    </p>
   </div>
   <div class='ocr_carea' id='block_1_25' title="bbox 1973 951 3562 1023">
    <p class='ocr_par' dir='ltr' id='par_1_25' title="bbox 1973 951 3562 1023">
     <span class='ocr_line' id='line_1_25' title="bbox 1973 951 3562 1023; baseline -0.001 -14"><span class='ocrx_word' id='word_1_165' title='bbox 1973 957 2027 1010; x_wconf 89' lang='lat' dir='ltr'><strong>in</strong></span> <span class='ocrx_word' id='word_1_166' title='bbox 2081 967 2280 1010; x_wconf 76' lang='lat' dir='ltr'><strong>ccetnm</strong></span> <span class='ocrx_word' id='word_1_167' title='bbox 2339 956 2691 1010; x_wconf 76' lang='lat' dir='ltr'><strong>convenirent</strong></span> <span class='ocrx_word' id='word_1_168' title='bbox 2747 951 3030 1023; x_wconf 72' lang='lat' dir='ltr'><strong>coniuges,</strong></span> <span class='ocrx_word' id='word_1_169' title='bbox 3075 963 3132 1006; x_wconf 86' lang='lat' dir='ltr'><strong>ut</strong></span> <span class='ocrx_word' id='word_1_170' title='bbox 3185 953 3276 1022; x_wconf 90' lang='lat' dir='ltr'><strong>qui</strong></span> <span class='ocrx_word' id='word_1_171' title='bbox 3335 955 3562 1016; x_wconf 77' lang='lat' dir='ltr'><strong>scirent,</strong></span> 
     </span>
    </p>
   </div>
   <div class='ocr_carea' id='block_1_26' title="bbox 1973 1045 3561 1114">
    <p class='ocr_par' dir='ltr' id='par_1_26' title="bbox 1973 1045 3561 1114">
     <span class='ocr_line' id='line_1_26' title="bbox 1973 1045 3561 1114; baseline -0.001 -12"><span class='ocrx_word' id='word_1_172' title='bbox 1973 1063 2169 1102; x_wconf 82' lang='lat' dir='ltr'><strong>noxam</strong></span> <span class='ocrx_word' id='word_1_173' title='bbox 2219 1049 2270 1101; x_wconf 92' lang='lat' dir='ltr'><strong>in</strong></span> <span class='ocrx_word' id='word_1_174' title='bbox 2320 1063 2448 1101; x_wconf 88' lang='lat' dir='ltr'><strong>suos</strong></span> <span class='ocrx_word' id='word_1_175' title='bbox 2485 1048 2685 1102; x_wconf 85' lang='lat' dir='ltr'><strong>liberos</strong></span> <span class='ocrx_word' id='word_1_176' title='bbox 2747 1047 3123 1100; x_wconf 77' lang='lat' dir='ltr'><strong>transiturum.</strong></span> <span class='ocrx_word' id='word_1_177' title='bbox 3173 1045 3326 1114; x_wconf 86' lang='lat' dir='ltr'><strong>Quod</strong></span> <span class='ocrx_word' id='word_1_178' title='bbox 3379 1054 3561 1100; x_wconf 84' lang='lat' dir='ltr'><strong>autem</strong></span> 
     </span>
    </p>
   </div>
   <div class='ocr_carea' id='block_1_27' title="bbox 1973 1138 3562 1210">
    <p class='ocr_par' dir='ltr' id='par_1_27' title="bbox 1973 1138 3562 1210">
     <span class='ocr_line' id='line_1_27' title="bbox 1973 1138 3562 1210; baseline 0 -16"><span class='ocrx_word' id='word_1_179' title='bbox 1973 1156 2078 1194; x_wconf 91' lang='lat' dir='ltr'><strong>non</strong></span> <span class='ocrx_word' id='word_1_180' title='bbox 2113 1138 2337 1203; x_wconf 89' lang='lat' dir='ltr'><strong>sithoc,</strong></span> <span class='ocrx_word' id='word_1_181' title='bbox 2391 1139 2534 1208; x_wconf 90' lang='lat' dir='ltr'><strong>quod</strong></span> <span class='ocrx_word' id='word_1_182' title='bbox 2586 1138 2718 1203; x_wconf 65' lang='lat' dir='ltr'><strong>dixi,</strong></span> <span class='ocrx_word' id='word_1_183' title='bbox 2775 1138 3152 1208; x_wconf 88' lang='lat' dir='ltr'><strong>impertinens,</strong></span> <span class='ocrx_word' id='word_1_184' title='bbox 3200 1147 3357 1192; x_wconf 78' lang='lat' dir='ltr'><strong>auta</strong></span> <span class='ocrx_word' id='word_1_185' title='bbox 3397 1154 3562 1210; x_wconf 84' lang='lat' dir='ltr'><strong>sc0po</strong></span> 
     </span>
    </p>
   </div>
   <div class='ocr_carea' id='block_1_28' title="bbox 1971 1230 3560 1301">
    <p class='ocr_par' dir='ltr' id='par_1_28' title="bbox 1971 1230 3560 1301">
     <span class='ocr_line' id='line_1_28' title="bbox 1971 1230 3560 1301; baseline 0 -16"><span class='ocrx_word' id='word_1_186' title='bbox 1971 1233 2207 1294; x_wconf 85' lang='lat' dir='ltr'><strong>aberret,</strong></span> <span class='ocrx_word' id='word_1_187' title='bbox 2241 1240 2564 1301; x_wconf 79' lang='lat' dir='ltr'><strong>argumento</strong></span> <span class='ocrx_word' id='word_1_188' title='bbox 2615 1241 2719 1296; x_wconf 89' lang='lat' dir='ltr'><strong>est,</strong></span> <span class='ocrx_word' id='word_1_189' title='bbox 2770 1230 2911 1300; x_wconf 88' lang='lat' dir='ltr'><strong>quod</strong></span> <span class='ocrx_word' id='word_1_190' title='bbox 2963 1230 3241 1300; x_wconf 79' lang='lat' dir='ltr'><strong>podagrici</strong></span> <span class='ocrx_word' id='word_1_191' title='bbox 3294 1246 3325 1285; x_wconf 87' lang='lat' dir='ltr'><strong>a</strong></span> <span class='ocrx_word' id='word_1_192' title='bbox 3387 1234 3560 1286; x_wconf 81' lang='lat' dir='ltr'><strong>Sacris</strong></span> 
     </span>
    </p>
   </div>
   <div class='ocr_carea' id='block_1_29' title="bbox 1969 1325 3560 1394">
    <p class='ocr_par' dir='ltr' id='par_1_29' title="bbox 1969 1325 3560 1394">
     <span class='ocr_line' id='line_1_29' title="bbox 1969 1325 3560 1394; baseline 0.001 -16"><span class='ocrx_word' id='word_1_193' title='bbox 1969 1325 2166 1379; x_wconf 84' lang='lat' dir='ltr'><strong>castris</strong></span> <span class='ocrx_word' id='word_1_194' title='bbox 2210 1333 2264 1377; x_wconf 91' lang='lat' dir='ltr'><strong>ct</strong></span> <span class='ocrx_word' id='word_1_195' title='bbox 2315 1325 2673 1378; x_wconf 75' lang='lat' dir='ltr'><strong>conventibus</strong></span> <span class='ocrx_word' id='word_1_196' title='bbox 2720 1339 2826 1376; x_wconf 85' lang='lat' dir='ltr'><strong>non</strong></span> <span class='ocrx_word' id='word_1_197' title='bbox 2884 1333 3199 1378; x_wconf 83' lang='lat' dir='ltr'><strong>arceantur.</strong></span> <span class='ocrx_word' id='word_1_198' title='bbox 3257 1325 3390 1378; x_wconf 61' lang='lat' dir='ltr'><strong>Nam</strong></span> <span class='ocrx_word' id='word_1_199' title='bbox 3459 1325 3560 1394; x_wconf 86' lang='lat' dir='ltr'><strong>ipsi</strong></span> 
     </span>
    </p>
   </div>
   <div class='ocr_carea' id='block_1_30' title="bbox 1969 1412 3565 1486">
    <p class='ocr_par' dir='ltr' id='par_1_30' title="bbox 1969 1412 3565 1486">
     <span class='ocr_line' id='line_1_30' title="bbox 1969 1412 3565 1486; baseline 0.003 -21"><span class='ocrx_word' id='word_1_200' title='bbox 1969 1414 2209 1482; x_wconf 82' lang='lat' dir='ltr'><strong>quidem,</strong></span> <span class='ocrx_word' id='word_1_201' title='bbox 2232 1416 2321 1482; x_wconf 83' lang='lat' dir='ltr'><strong>qui</strong></span> <span class='ocrx_word' id='word_1_202' title='bbox 2355 1413 2422 1466; x_wconf 87' lang='lat' dir='ltr'><strong>ab</strong></span> <span class='ocrx_word' id='word_1_203' title='bbox 2450 1412 2604 1467; x_wconf 90' lang='lat' dir='ltr'><strong>initio</strong></span> <span class='ocrx_word' id='word_1_204' title='bbox 2637 1413 2707 1484; x_wconf 92' lang='lat' dir='ltr'><strong>(el</strong></span> <span class='ocrx_word' id='word_1_205' title='bbox 2744 1414 2901 1481; x_wconf 83' lang='lat' dir='ltr'><strong>primi</strong></span> <span class='ocrx_word' id='word_1_206' title='bbox 2954 1415 3006 1468; x_wconf 90' lang='lat' dir='ltr'><strong>in</strong></span> <span class='ocrx_word' id='word_1_207' title='bbox 3053 1429 3149 1468; x_wconf 87' lang='lat' dir='ltr'><strong>sua</strong></span> <span class='ocrx_word' id='word_1_208' title='bbox 3201 1414 3430 1486; x_wconf 76' lang='lat' dir='ltr'><strong>familia)</strong></span> <span class='ocrx_word' id='word_1_209' title='bbox 3461 1416 3565 1470; x_wconf 90' lang='lat' dir='ltr'><strong>hoc</strong></span> 
     </span>
    </p>
   </div>
   <div class='ocr_carea' id='block_1_31' title="bbox 1969 1503 3563 1578">
    <p class='ocr_par' dir='ltr' id='par_1_31' title="bbox 1969 1503 3563 1578">
     <span class='ocr_line' id='line_1_31' title="bbox 1969 1503 3563 1578; baseline 0.002 -19"><span class='ocrx_word' id='word_1_210' title='bbox 1969 1507 2111 1559; x_wconf 88' lang='lat' dir='ltr'><strong>malo</strong></span> <span class='ocrx_word' id='word_1_211' title='bbox 2144 1503 2393 1559; x_wconf 88' lang='lat' dir='ltr'><strong>laborare</strong></span> <span class='ocrx_word' id='word_1_212' title='bbox 2418 1515 2721 1573; x_wconf 73' lang='lat' dir='ltr'><strong>cmperunt,</strong></span> <span class='ocrx_word' id='word_1_213' title='bbox 2755 1523 2858 1558; x_wconf 91' lang='lat' dir='ltr'><strong>non</strong></span> <span class='ocrx_word' id='word_1_214' title='bbox 2905 1509 2973 1557; x_wconf 86' lang='lat' dir='ltr'><strong>ab</strong></span> <span class='ocrx_word' id='word_1_215' title='bbox 3035 1505 3236 1560; x_wconf 79' lang='lat' dir='ltr'><strong>infelici</strong></span> <span class='ocrx_word' id='word_1_216' title='bbox 3290 1520 3563 1578; x_wconf 90' lang='lat' dir='ltr'><strong>tempera-</strong></span> 
     </span>
    </p>
   </div>
   <div class='ocr_carea' id='block_1_32' title="bbox 1969 1595 3566 1668">
    <p class='ocr_par' dir='ltr' id='par_1_32' title="bbox 1969 1595 3566 1668">
     <span class='ocr_line' id='line_1_32' title="bbox 1969 1595 3566 1668; baseline 0.004 -20"><span class='ocrx_word' id='word_1_217' title='bbox 1969 1603 2156 1649; x_wconf 85' lang='lat' dir='ltr'><strong>mento</strong></span> <span class='ocrx_word' id='word_1_218' title='bbox 2182 1595 2348 1664; x_wconf 88' lang='lat' dir='ltr'><strong>(quod</strong></span> <span class='ocrx_word' id='word_1_219' title='bbox 2381 1596 2517 1650; x_wconf 89' lang='lat' dir='ltr'><strong>male</strong></span> <span class='ocrx_word' id='word_1_220' title='bbox 2549 1597 2658 1649; x_wconf 88' lang='lat' dir='ltr'><strong>nati</strong></span> <span class='ocrx_word' id='word_1_221' title='bbox 2705 1596 2934 1666; x_wconf 86' lang='lat' dir='ltr'><strong>essent),</strong></span> <span class='ocrx_word' id='word_1_222' title='bbox 2968 1597 3062 1651; x_wconf 90' lang='lat' dir='ltr'><strong>scd</strong></span> <span class='ocrx_word' id='word_1_223' title='bbox 3115 1613 3142 1649; x_wconf 87' lang='lat' dir='ltr'><strong>a</strong></span> <span class='ocrx_word' id='word_1_224' title='bbox 3192 1614 3356 1668; x_wconf 88' lang='lat' dir='ltr'><strong>prava</strong></span> <span class='ocrx_word' id='word_1_225' title='bbox 3393 1602 3566 1655; x_wconf 74' lang='lat' dir='ltr'><strong>\it&#39;llts</strong></span> 
     </span>
    </p>
   </div>
   <div class='ocr_carea' id='block_1_33' title="bbox 1968 1685 3568 1760">
    <p class='ocr_par' dir='ltr' id='par_1_33' title="bbox 1968 1685 3568 1760">
     <span class='ocr_line' id='line_1_33' title="bbox 1968 1685 3568 1760; baseline 0.006 -20"><span class='ocrx_word' id='word_1_226' title='bbox 1968 1685 2204 1752; x_wconf 84' lang='lat' dir='ltr'><strong>ratione,</strong></span> <span class='ocrx_word' id='word_1_227' title='bbox 2254 1698 2308 1741; x_wconf 92' lang='lat' dir='ltr'><strong>et</strong></span> <span class='ocrx_word' id='word_1_228' title='bbox 2353 1687 2580 1752; x_wconf 86' lang='lat' dir='ltr'><strong>deliciis,</strong></span> <span class='ocrx_word' id='word_1_229' title='bbox 2622 1697 2677 1742; x_wconf 90' lang='lat' dir='ltr'><strong>et</strong></span> <span class='ocrx_word' id='word_1_230' title='bbox 2723 1689 2914 1742; x_wconf 77' lang='lat' dir='ltr'><strong>inertia</strong></span> <span class='ocrx_word' id='word_1_231' title='bbox 2967 1701 3133 1759; x_wconf 87' lang='lat' dir='ltr'><strong>atque</strong></span> <span class='ocrx_word' id='word_1_232' title='bbox 3193 1692 3406 1760; x_wconf 77' lang='lat' dir='ltr'><strong>ignavia</strong></span> <span class='ocrx_word' id='word_1_233' title='bbox 3464 1696 3568 1750; x_wconf 88' lang='lat' dir='ltr'><strong>hoc</strong></span> 
     </span>
    </p>
   </div>
   <div class='ocr_carea' id='block_1_34' title="bbox 1970 1779 3568 1852">
    <p class='ocr_par' dir='ltr' id='par_1_34' title="bbox 1970 1779 3568 1852">
     <span class='ocr_line' id='line_1_34' title="bbox 1970 1779 3568 1852; baseline 0.004 -19"><span class='ocrx_word' id='word_1_234' title='bbox 1970 1787 2372 1833; x_wconf 80' lang='lat' dir='ltr'><strong>contraxerunt</strong></span> <span class='ocrx_word' id='word_1_235' title='bbox 2415 1779 2603 1832; x_wconf 84' lang='lat' dir='ltr'><strong>:unde</strong></span> <span class='ocrx_word' id='word_1_236' title='bbox 2645 1779 2809 1832; x_wconf 84' lang='lat' dir='ltr'><strong>etiam</strong></span> <span class='ocrx_word' id='word_1_237' title='bbox 2856 1795 2950 1849; x_wconf 89' lang='lat' dir='ltr'><strong>per</strong></span> <span class='ocrx_word' id='word_1_238' title='bbox 2983 1779 3034 1833; x_wconf 88' lang='lat' dir='ltr'><strong>id</strong></span> <span class='ocrx_word' id='word_1_239' title='bbox 3075 1783 3249 1851; x_wconf 87' lang='lat' dir='ltr'><strong>puniti</strong></span> <span class='ocrx_word' id='word_1_240' title='bbox 3283 1794 3431 1838; x_wconf 86' lang='lat' dir='ltr'><strong>sunt.</strong></span> <span class='ocrx_word' id='word_1_241' title='bbox 3463 1785 3568 1852; x_wconf 85' lang='lat' dir='ltr'><strong>Qui</strong></span> 
     </span>
    </p>
   </div>
   <div class='ocr_carea' id='block_1_35' title="bbox 268 1864 1866 1947">
    <p class='ocr_par' dir='ltr' id='par_1_35' title="bbox 268 1871 1864 1947">
     <span class='ocr_line' id='line_1_35' title="bbox 268 1871 1864 1947; baseline -0.008 -12"><span class='ocrx_word' id='word_1_242' title='bbox 268 1899 365 1937; x_wconf 86' lang='grc' dir='ltr'><strong>ναι</strong></span> <span class='ocrx_word' id='word_1_243' title='bbox 385 1897 400 1914; x_wconf 79' lang='grc' dir='ltr'><strong>ο</strong></span> <span class='ocrx_word' id='word_1_244' title='bbox 443 1879 740 1947; x_wconf 73' lang='grc' dir='ltr'>ἀϐούλητον</span> <span class='ocrx_word' id='word_1_245' title='bbox 766 1877 874 1947; x_wconf 82' lang='grc' dir='ltr'><strong>γάρ</strong></span> <span class='ocrx_word' id='word_1_246' title='bbox 901 1871 970 1946; x_wconf 78' lang='grc' dir='ltr'>ἦν</span> <span class='ocrx_word' id='word_1_247' title='bbox 1008 1873 1070 1927; x_wconf 84' lang='grc' dir='ltr'>τὸ</span> <span class='ocrx_word' id='word_1_248' title='bbox 1103 1873 1332 1942; x_wconf 85' lang='grc' dir='ltr'>πάθος),</span> <span class='ocrx_word' id='word_1_249' title='bbox 1361 1871 1717 1942; x_wconf 73' lang='grc' dir='ltr'>ἡτιμώθησαν</span> <span class='ocrx_word' id='word_1_250' title='bbox 1753 1871 1864 1942; x_wconf 77' lang='grc'><strong>(55)</strong></span> 
     </span>
    </p>
   </div>
   <div class='ocr_carea' id='block_1_36' title="bbox 1974 1864 3565 1947">
    <p class='ocr_par' dir='ltr' id='par_1_36' title="bbox 1974 1869 3565 1939">
     <span class='ocr_line' id='line_1_36' title="bbox 1974 1869 3565 1939; baseline 0.008 -21"><span class='ocrx_word' id='word_1_251' title='bbox 1974 1882 2101 1922; x_wconf 84' lang='lat' dir='ltr'><strong>vero</strong></span> <span class='ocrx_word' id='word_1_252' title='bbox 2117 1883 2180 1921; x_wconf 83' lang='lat' dir='ltr'><strong>ex</strong></span> <span class='ocrx_word' id='word_1_253' title='bbox 2212 1869 2341 1938; x_wconf 88' lang='lat' dir='ltr'><strong>ipsis</strong></span> <span class='ocrx_word' id='word_1_254' title='bbox 2361 1869 2473 1921; x_wconf 88' lang='lat' dir='ltr'><strong>nati</strong></span> <span class='ocrx_word' id='word_1_255' title='bbox 2502 1878 2631 1922; x_wconf 86' lang='lat' dir='ltr'><strong>sunt</strong></span> <span class='ocrx_word' id='word_1_256' title='bbox 2656 1869 3004 1939; x_wconf 71' lang='lat' dir='ltr'><strong>(podagrici),</strong></span> <span class='ocrx_word' id='word_1_257' title='bbox 3032 1871 3066 1924; x_wconf 90' lang='lat' dir='ltr'><strong>ii</strong></span> <span class='ocrx_word' id='word_1_258' title='bbox 3093 1874 3266 1927; x_wconf 86' lang='lat' dir='ltr'><strong>sacris</strong></span> <span class='ocrx_word' id='word_1_259' title='bbox 3295 1874 3565 1930; x_wconf 82' lang='lat' dir='ltr'><strong>interesse</strong></span> 
     </span>
    </p>
   </div>
   <div class='ocr_carea' id='block_1_37' title="bbox 269 1963 1862 2057">
    <p class='ocr_par' dir='ltr' id='par_1_37' title="bbox 269 1963 1862 2057">
     <span class='ocr_line' id='line_1_37' title="bbox 269 1963 1862 2057; baseline -0.008 -29"><span class='ocrx_word' id='word_1_260' title='bbox 269 1974 352 2039; x_wconf 76' lang='grc' dir='ltr'>δὶ,</span> <span class='ocrx_word' id='word_1_261' title='bbox 377 1973 514 2042; x_wconf 74' lang='grc' dir='ltr'>πρὸς</span> <span class='ocrx_word' id='word_1_262' title='bbox 545 1968 924 2057; x_wconf 81' lang='grc' dir='ltr'>σωφρονισμὸν</span> <span class='ocrx_word' id='word_1_263' title='bbox 945 1966 1054 2019; x_wconf 83' lang='grc' dir='ltr'>τῶν</span> <span class='ocrx_word' id='word_1_264' title='bbox 1075 1965 1368 2018; x_wconf 76' lang='grc' dir='ltr'>τεκόντων.</span> <span class='ocrx_word' id='word_1_265' title='bbox 1397 1964 1460 2018; x_wconf 85' lang='lat' dir='ltr'><strong>El</strong></span> <span class='ocrx_word' id='word_1_266' title='bbox 1480 1963 1536 2017; x_wconf 80' lang='grc' dir='ltr'><strong>δέ</strong></span> <span class='ocrx_word' id='word_1_267' title='bbox 1563 1979 1649 2026; x_wconf 90' lang='grc' dir='ltr'><strong>τις</strong></span> <span class='ocrx_word' id='word_1_268' title='bbox 1669 1964 1862 2027; x_wconf 82' lang='grc' dir='ltr'>οίεται,</span> 
     </span>
    </p>
   </div>
   <div class='ocr_carea' id='block_1_38' title="bbox 268 2057 1860 2136">
    <p class='ocr_par' dir='ltr' id='par_1_38' title="bbox 268 2057 1860 2136">
     <span class='ocr_line' id='line_1_38' title="bbox 268 2057 1860 2136; baseline -0.005 -17"><span class='ocrx_word' id='word_1_269' title='bbox 268 2066 434 2120; x_wconf 87' lang='grc' dir='ltr'>τοῦτο</span> <span class='ocrx_word' id='word_1_270' title='bbox 462 2069 536 2136; x_wconf 80' lang='grc' dir='ltr'>μὴ</span> <span class='ocrx_word' id='word_1_271' title='bbox 567 2063 805 2131; x_wconf 76' lang='grc' dir='ltr'>εὐλόγως</span> <span class='ocrx_word' id='word_1_272' title='bbox 833 2057 1312 2131; x_wconf 81' lang='grc' dir='ltr'>νενομοθετῆσθαι,</span> <span class='ocrx_word' id='word_1_273' title='bbox 1343 2058 1396 2110; x_wconf 91' lang='grc' dir='ltr'><strong>τί</strong></span> <span class='ocrx_word' id='word_1_274' title='bbox 1429 2058 1563 2129; x_wconf 77' lang='grc' dir='ltr'>φαίη</span> <span class='ocrx_word' id='word_1_275' title='bbox 1599 2059 1725 2130; x_wconf 73' lang='grc' dir='ltr'>περὶ</span> <span class='ocrx_word' id='word_1_276' title='bbox 1767 2058 1860 2111; x_wconf 87' lang='grc' dir='ltr'><strong>τοῦ</strong></span> 
     </span>
    </p>
   </div>
   <div class='ocr_carea' id='block_1_39' title="bbox 271 2148 1861 2225">
    <p class='ocr_par' dir='ltr' id='par_1_39' title="bbox 271 2148 1861 2225">
     <span class='ocr_line' id='line_1_39' title="bbox 271 2148 1861 2225; baseline 0.003 -15"><span class='ocrx_word' id='word_1_277' title='bbox 271 2157 533 2219; x_wconf 84' lang='grc' dir='ltr'>θανάτου,</span> <span class='ocrx_word' id='word_1_278' title='bbox 562 2155 648 2208; x_wconf 83' lang='grc' dir='ltr'><strong>ὅτι</strong></span> <span class='ocrx_word' id='word_1_279' title='bbox 674 2155 801 2225; x_wconf 84' lang='grc' dir='ltr'>μιᾶς</span> <span class='ocrx_word' id='word_1_280' title='bbox 824 2151 1224 2223; x_wconf 85' lang='grc' dir='ltr'>ἀμαρτησάσης</span> <span class='ocrx_word' id='word_1_281' title='bbox 1258 2149 1424 2219; x_wconf 72' lang='grc' dir='ltr'>(φημὶ</span> <span class='ocrx_word' id='word_1_282' title='bbox 1453 2149 1519 2220; x_wconf 82' lang='grc' dir='ltr'>δὴ</span> <span class='ocrx_word' id='word_1_283' title='bbox 1543 2149 1640 2219; x_wconf 84' lang='grc' dir='ltr'><strong>τῆς</strong></span> <span class='ocrx_word' id='word_1_284' title='bbox 1671 2148 1861 2216; x_wconf 73' lang='grc' dir='ltr'><strong>Εὔας).</strong></span> 
     </span>
    </p>
   </div>
   <div class='ocr_carea' id='block_1_40' title="bbox 269 2239 1866 2314">
    <p class='ocr_par' dir='ltr' id='par_1_40' title="bbox 269 2239 1866 2314">
     <span class='ocr_line' id='line_1_40' title="bbox 269 2239 1866 2314; baseline -0.007 -12"><span class='ocrx_word' id='word_1_285' title='bbox 269 2248 397 2302; x_wconf 79' lang='grc' dir='ltr'>ὅλον</span> <span class='ocrx_word' id='word_1_286' title='bbox 416 2248 479 2300; x_wconf 86' lang='grc' dir='ltr'>τὸ</span> <span class='ocrx_word' id='word_1_287' title='bbox 506 2247 661 2314; x_wconf 88' lang='grc' dir='ltr'>γένος</span> <span class='ocrx_word' id='word_1_288' title='bbox 683 2243 898 2312; x_wconf 80' lang='grc' dir='ltr'>θανάτῳ</span> <span class='ocrx_word' id='word_1_289' title='bbox 921 2239 1243 2311; x_wconf 82' lang='grc' dir='ltr'>κατεκρίθη,</span> <span class='ocrx_word' id='word_1_290' title='bbox 1279 2241 1456 2293; x_wconf 89' lang='grc' dir='ltr'>καίτοι</span> <span class='ocrx_word' id='word_1_291' title='bbox 1485 2239 1696 2292; x_wconf 82' lang='grc' dir='ltr'>πολλῶν</span> <span class='ocrx_word' id='word_1_292' title='bbox 1727 2240 1866 2292; x_wconf 84' lang='grc' dir='ltr'>εὐδο-</span> 
     </span>
    </p>
   </div>
   <div class='ocr_carea' id='block_1_41' title="bbox 272 2330 1862 2410">
    <p class='ocr_par' dir='ltr' id='par_1_41' title="bbox 272 2330 1862 2410">
     <span class='ocr_line' id='line_1_41' title="bbox 272 2330 1862 2410; baseline -0.008 -18"><span class='ocrx_word' id='word_1_293' title='bbox 272 2338 654 2410; x_wconf 85' lang='grc' dir='ltr'>κιμησάντων,</span> <span class='ocrx_word' id='word_1_294' title='bbox 679 2335 775 2388; x_wconf 77' lang='grc' dir='ltr'>καὶ</span> <span class='ocrx_word' id='word_1_295' title='bbox 799 2337 910 2396; x_wconf 90' lang='grc' dir='ltr'>τοῖς</span> <span class='ocrx_word' id='word_1_296' title='bbox 941 2332 1246 2401; x_wconf 83' lang='grc' dir='ltr'>πταίσμασι</span> <span class='ocrx_word' id='word_1_297' title='bbox 1279 2333 1391 2393; x_wconf 90' lang='grc' dir='ltr'>τοῖς</span> <span class='ocrx_word' id='word_1_298' title='bbox 1414 2333 1758 2401; x_wconf 85' lang='grc' dir='ltr'>προγονικοῖς</span> <span class='ocrx_word' id='word_1_299' title='bbox 1789 2330 1862 2400; x_wconf 84' lang='grc' dir='ltr'>μὴ</span> 
     </span>
    </p>
   </div>
   <div class='ocr_carea' id='block_1_42' title="bbox 269 2421 1866 2497">
    <p class='ocr_par' dir='ltr' id='par_1_42' title="bbox 269 2421 1866 2497">
     <span class='ocr_line' id='line_1_42' title="bbox 269 2421 1866 2497; baseline -0.008 -12"><span class='ocrx_word' id='word_1_300' title='bbox 269 2429 791 2497; x_wconf 83' lang='grc' dir='ltr'>ἀκολουθησάντων;</span> <span class='ocrx_word' id='word_1_301' title='bbox 836 2427 898 2478; x_wconf 83' lang='lat' dir='ltr'><strong>El</strong></span> <span class='ocrx_word' id='word_1_302' title='bbox 946 2423 990 2476; x_wconf 88' lang='grc' dir='ltr'>δ’</span> <span class='ocrx_word' id='word_1_303' title='bbox 1031 2426 1147 2476; x_wconf 79' lang='grc' dir='ltr'>ἐκεῖ</span> <span class='ocrx_word' id='word_1_304' title='bbox 1188 2423 1288 2492; x_wconf 82' lang='grc' dir='ltr'>τῆς</span> <span class='ocrx_word' id='word_1_305' title='bbox 1350 2423 1506 2494; x_wconf 77' lang='grc' dir='ltr'>ῥίζης</span> <span class='ocrx_word' id='word_1_306' title='bbox 1559 2421 1866 2492; x_wconf 78' lang='grc' dir='ltr'>τεθνεώσης</span> 
     </span>
    </p>
   </div>
   <div class='ocr_carea' id='block_1_43' title="bbox 271 2515 1855 2591">
    <p class='ocr_par' dir='ltr' id='par_1_43' title="bbox 271 2515 1855 2591">
     <span class='ocr_line' id='line_1_43' title="bbox 271 2515 1855 2591; baseline -0.016 -12"><span class='ocrx_word' id='word_1_307' title='bbox 271 2524 590 2591; x_wconf 81' lang='grc' dir='ltr'>ἀναγκαίως</span> <span class='ocrx_word' id='word_1_308' title='bbox 614 2520 709 2573; x_wconf 70' lang='grc' dir='ltr'><strong>καὶ</strong></span> <span class='ocrx_word' id='word_1_309' title='bbox 740 2521 789 2571; x_wconf 76' lang='grc' dir='ltr'><strong>οἱ</strong></span> <span class='ocrx_word' id='word_1_310' title='bbox 821 2517 1032 2575; x_wconf 83' lang='grc' dir='ltr'>κλάδοι,</span> <span class='ocrx_word' id='word_1_311' title='bbox 1065 2516 1141 2577; x_wconf 89' lang='grc' dir='ltr'><strong>ώς</strong></span> <span class='ocrx_word' id='word_1_312' title='bbox 1170 2516 1496 2584; x_wconf 83' lang='grc' dir='ltr'>κληρονόμοι</span> <span class='ocrx_word' id='word_1_313' title='bbox 1519 2515 1619 2584; x_wconf 84' lang='grc' dir='ltr'><strong>τῆς</strong></span> <span class='ocrx_word' id='word_1_314' title='bbox 1642 2515 1855 2582; x_wconf 79' lang='grc' dir='ltr'>ἀποφά.</span> 
     </span>
    </p>
   </div>
   <div class='ocr_carea' id='block_1_44' title="bbox 271 2606 1865 2683">
    <p class='ocr_par' dir='ltr' id='par_1_44' title="bbox 271 2606 1865 2683">
     <span class='ocr_line' id='line_1_44' title="bbox 271 2606 1865 2683; baseline -0.008 -12"><span class='ocrx_word' id='word_1_315' title='bbox 271 2633 434 2681; x_wconf 87' lang='grc' dir='ltr'>σεως,</span> <span class='ocrx_word' id='word_1_316' title='bbox 479 2612 906 2683; x_wconf 86' lang='grc' dir='ltr'>συναπήλαυσαν</span> <span class='ocrx_word' id='word_1_317' title='bbox 933 2608 1027 2661; x_wconf 88' lang='grc' dir='ltr'><strong>τοῦ</strong></span> <span class='ocrx_word' id='word_1_318' title='bbox 1070 2607 1308 2669; x_wconf 81' lang='grc' dir='ltr'>πάθους·</span> <span class='ocrx_word' id='word_1_319' title='bbox 1355 2608 1408 2658; x_wconf 93' lang='grc' dir='ltr'><strong>τί</strong></span> <span class='ocrx_word' id='word_1_320' title='bbox 1437 2606 1770 2676; x_wconf 74' lang='grc' dir='ltr'>θαυμαστὸν,</span> <span class='ocrx_word' id='word_1_321' title='bbox 1818 2606 1865 2658; x_wconf 82' lang='grc' dir='ltr'><strong>εί</strong></span> 
     </span>
    </p>
   </div>
   <div class='ocr_carea' id='block_1_45' title="bbox 269 2697 1866 2771">
    <p class='ocr_par' dir='ltr' id='par_1_45' title="bbox 269 2697 1866 2771">
     <span class='ocr_line' id='line_1_45' title="bbox 269 2697 1866 2771; baseline -0.009 -9"><span class='ocrx_word' id='word_1_322' title='bbox 269 2705 556 2762; x_wconf 81' lang='grc' dir='ltr'>κάνταῦθα</span> <span class='ocrx_word' id='word_1_323' title='bbox 584 2704 670 2756; x_wconf 82' lang='grc' dir='ltr'>διὰ</span> <span class='ocrx_word' id='word_1_324' title='bbox 699 2701 798 2771; x_wconf 79' lang='grc' dir='ltr'>τὴν</span> <span class='ocrx_word' id='word_1_325' title='bbox 830 2698 986 2770; x_wconf 78' lang='grc' dir='ltr'>ῥίζαν</span> <span class='ocrx_word' id='word_1_326' title='bbox 1007 2701 1034 2750; x_wconf 84' lang='grc' dir='ltr'>ὁ</span> <span class='ocrx_word' id='word_1_327' title='bbox 1055 2697 1248 2761; x_wconf 85' lang='grc' dir='ltr'>κλάδος</span> <span class='ocrx_word' id='word_1_328' title='bbox 1270 2697 1544 2767; x_wconf 71' lang='grc' dir='ltr'>ἠτιμώθη,</span> <span class='ocrx_word' id='word_1_329' title='bbox 1571 2698 1866 2768; x_wconf 87' lang='grc' dir='ltr'>παραπέμ-</span> 
     </span>
    </p>
   </div>
   <div class='ocr_carea' id='block_1_46' title="bbox 270 2772 1864 2862">
    <p class='ocr_par' dir='ltr' id='par_1_46' title="bbox 270 2772 1864 2862">
     <span class='ocr_line' id='line_1_46' title="bbox 270 2772 1864 2862; baseline -0.008 -10"><span class='ocrx_word' id='word_1_330' title='bbox 270 2816 393 2852; x_wconf 86' lang='grc' dir='ltr'><strong>πων</strong></span> <span class='ocrx_word' id='word_1_331' title='bbox 420 2793 734 2862; x_wconf 85' lang='grc' dir='ltr'>ἀναγκαίως</span> <span class='ocrx_word' id='word_1_332' title='bbox 761 2792 854 2845; x_wconf 68' lang='grc' dir='ltr'><strong>κα)⁹</strong></span> <span class='ocrx_word' id='word_1_333' title='bbox 885 2793 964 2854; x_wconf 80' lang='grc' dir='ltr'><strong>εἰς</strong></span> <span class='ocrx_word' id='word_1_334' title='bbox 986 2790 1084 2860; x_wconf 88' lang='grc' dir='ltr'><strong>τὴν</strong></span> <span class='ocrx_word' id='word_1_335' title='bbox 1113 2789 1269 2859; x_wconf 80' lang='grc' dir='ltr'>ῥίζαν</span> <span class='ocrx_word' id='word_1_336' title='bbox 1291 2789 1353 2842; x_wconf 85' lang='grc' dir='ltr'>τὺ</span> <span class='ocrx_word' id='word_1_337' title='bbox 1375 2772 1546 2852; x_wconf 80' lang='grc' dir='ltr'>πάθος</span> <span class='ocrx_word' id='word_1_338' title='bbox 1571 2808 1585 2856; x_wconf 89' lang='grc'><strong>;</strong></span> <span class='ocrx_word' id='word_1_339' title='bbox 1618 2789 1726 2842; x_wconf 87' lang='grc' dir='ltr'><strong>Τοῦ</strong></span> <span class='ocrx_word' id='word_1_340' title='bbox 1757 2792 1864 2860; x_wconf 79' lang='grc' dir='ltr'>γὰρ</span> 
     </span>
    </p>
   </div>
   <div class='ocr_carea' id='block_1_47' title="bbox 271 2881 1860 2960">
    <p class='ocr_par' dir='ltr' id='par_1_47' title="bbox 271 2881 1860 2960">
     <span class='ocr_line' id='line_1_47' title="bbox 271 2881 1860 2960; baseline -0.005 -16"><span class='ocrx_word' id='word_1_341' title='bbox 271 2888 648 2960; x_wconf 77' lang='grc' dir='ltr'>ἀτιμωθέντος</span> <span class='ocrx_word' id='word_1_342' title='bbox 693 2885 888 2938; x_wconf 79' lang='grc' dir='ltr'>κλάδον</span> <span class='ocrx_word' id='word_1_343' title='bbox 923 2886 989 2954; x_wconf 75' lang='grc' dir='ltr'>τῇ</span> <span class='ocrx_word' id='word_1_344' title='bbox 1037 2883 1159 2953; x_wconf 72' lang='grc' dir='ltr'><strong>ῥίζῃ</strong></span> <span class='ocrx_word' id='word_1_345' title='bbox 1212 2883 1312 2934; x_wconf 78' lang='grc' dir='ltr'><strong>οὐκ</strong></span> <span class='ocrx_word' id='word_1_346' title='bbox 1342 2881 1580 2934; x_wconf 79' lang='grc' dir='ltr'>ἐλάττων</span> <span class='ocrx_word' id='word_1_347' title='bbox 1611 2883 1644 2950; x_wconf 81' lang='grc' dir='ltr'>ἡ</span> <span class='ocrx_word' id='word_1_348' title='bbox 1677 2882 1860 2950; x_wconf 74' lang='grc' dir='ltr'>ὀδύνη.</span> 
     </span>
    </p>
   </div>
   <div class='ocr_carea' id='block_1_48' title="bbox 283 2973 1866 3051">
    <p class='ocr_par' dir='ltr' id='par_1_48' title="bbox 283 2973 1866 3051">
     <span class='ocr_line' id='line_1_48' title="bbox 283 2973 1866 3051; baseline -0.007 -14"><span class='ocrx_word' id='word_1_349' title='bbox 283 2984 349 3036; x_wconf 87' lang='lat' dir='ltr'><strong>&#39;H</strong></span> <span class='ocrx_word' id='word_1_350' title='bbox 381 2982 492 3051; x_wconf 79' lang='grc' dir='ltr'>γὰρ</span> <span class='ocrx_word' id='word_1_351' title='bbox 549 2978 816 3050; x_wconf 81' lang='grc' dir='ltr'>εὐχομένη</span> <span class='ocrx_word' id='word_1_352' title='bbox 868 2976 958 3028; x_wconf 87' lang='grc' dir='ltr'><strong>τὸν</strong></span> <span class='ocrx_word' id='word_1_353' title='bbox 1013 2975 1203 3028; x_wconf 87' lang='grc' dir='ltr'>κλάδον</span> <span class='ocrx_word' id='word_1_354' title='bbox 1262 2975 1482 3044; x_wconf 80' lang='grc' dir='ltr'>ἄριστον</span> <span class='ocrx_word' id='word_1_355' title='bbox 1541 2973 1688 3036; x_wconf 81' lang='grc' dir='ltr'>ἰδεῖν,</span> <span class='ocrx_word' id='word_1_356' title='bbox 1738 2974 1866 3026; x_wconf 78' lang='grc' dir='ltr'>ὅταν</span> 
     </span>
    </p>
   </div>
   <div class='ocr_carea' id='block_1_49' title="bbox 271 3062 1868 3142">
    <p class='ocr_par' dir='ltr' id='par_1_49' title="bbox 271 3062 1868 3142">
     <span class='ocr_line' id='line_1_49' title="bbox 271 3062 1868 3142; baseline -0.009 -14"><span class='ocrx_word' id='word_1_357' title='bbox 271 3074 559 3142; x_wconf 72' lang='grc' dir='ltr'>αἴσθηται,</span> <span class='ocrx_word' id='word_1_358' title='bbox 595 3072 678 3123; x_wconf 79' lang='grc' dir='ltr'><strong>ὅτι</strong></span> <span class='ocrx_word' id='word_1_359' title='bbox 726 3071 790 3121; x_wconf 78' lang='grc' dir='ltr'>ἐκ</span> <span class='ocrx_word' id='word_1_360' title='bbox 824 3069 922 3137; x_wconf 77' lang='grc' dir='ltr'>τῆς</span> <span class='ocrx_word' id='word_1_361' title='bbox 968 3066 1138 3134; x_wconf 78' lang='grc' dir='ltr'>αὐτῆς</span> <span class='ocrx_word' id='word_1_362' title='bbox 1169 3063 1466 3126; x_wconf 86' lang='grc' dir='ltr'>ἀκολασίας</span> <span class='ocrx_word' id='word_1_363' title='bbox 1497 3064 1557 3115; x_wconf 88' lang='grc' dir='ltr'><strong>τὸ</strong></span> <span class='ocrx_word' id='word_1_364' title='bbox 1587 3062 1757 3126; x_wconf 81' lang='grc' dir='ltr'>πάθος</span> <span class='ocrx_word' id='word_1_365' title='bbox 1787 3063 1868 3125; x_wconf 90' lang='grc' dir='ltr'><strong>είς</strong></span> 
     </span>
    </p>
   </div>
   <div class='ocr_carea' id='block_1_50' title="bbox 273 3155 1868 3231">
    <p class='ocr_par' dir='ltr' id='par_1_50' title="bbox 273 3155 1868 3231">
     <span class='ocr_line' id='line_1_50' title="bbox 273 3155 1868 3231; baseline -0.009 -8"><span class='ocrx_word' id='word_1_366' title='bbox 273 3170 487 3223; x_wconf 73' lang='grc' dir='ltr'>ἐκεῖνον</span> <span class='ocrx_word' id='word_1_367' title='bbox 522 3162 699 3231; x_wconf 78' lang='grc' dir='ltr'>διέση,</span> <span class='ocrx_word' id='word_1_368' title='bbox 751 3159 986 3214; x_wconf 82' lang='grc' dir='ltr'>ἐνταῦθα</span> <span class='ocrx_word' id='word_1_369' title='bbox 1027 3159 1125 3228; x_wconf 81' lang='grc' dir='ltr'>μὲν</span> <span class='ocrx_word' id='word_1_370' title='bbox 1157 3159 1272 3220; x_wconf 86' lang='grc' dir='ltr'>τοῖς</span> <span class='ocrx_word' id='word_1_371' title='bbox 1315 3155 1535 3219; x_wconf 76' lang='grc' dir='ltr'>οἰκείοις</span> <span class='ocrx_word' id='word_1_372' title='bbox 1584 3157 1868 3226; x_wconf 81' lang='grc' dir='ltr'>λογισμοῖς</span> 
     </span>
    </p>
   </div>
   <div class='ocr_carea' id='block_1_51' title="bbox 271 3248 1867 3324">
    <p class='ocr_par' dir='ltr' id='par_1_51' title="bbox 271 3248 1867 3324">
     <span class='ocr_line' id='line_1_51' title="bbox 271 3248 1867 3324; baseline -0.008 -11"><span class='ocrx_word' id='word_1_373' title='bbox 271 3256 769 3324; x_wconf 85' lang='grc' dir='ltr'>καταικισθήσεται</span> <span class='ocrx_word' id='word_1_374' title='bbox 791 3269 804 3282; x_wconf 90' lang='grc'><strong>·</strong></span> <span class='ocrx_word' id='word_1_375' title='bbox 838 3253 1018 3304; x_wconf 76' lang='grc' dir='ltr'>ἐκεῖσε</span> <span class='ocrx_word' id='word_1_376' title='bbox 1049 3249 1105 3302; x_wconf 83' lang='grc' dir='ltr'><strong>δὲ</strong></span> <span class='ocrx_word' id='word_1_377' title='bbox 1137 3249 1229 3302; x_wconf 71' lang='grc' dir='ltr'><strong>καὶ</strong></span> <span class='ocrx_word' id='word_1_378' title='bbox 1264 3251 1330 3318; x_wconf 75' lang='grc' dir='ltr'>τῇ</span> <span class='ocrx_word' id='word_1_379' title='bbox 1365 3249 1565 3320; x_wconf 89' lang='grc' dir='ltr'>κρίσει.</span> <span class='ocrx_word' id='word_1_380' title='bbox 1597 3249 1657 3300; x_wconf 84' lang='grc' dir='ltr'><strong>Εἰ</strong></span> <span class='ocrx_word' id='word_1_381' title='bbox 1683 3248 1740 3300; x_wconf 81' lang='grc' dir='ltr'>δὲ</span> <span class='ocrx_word' id='word_1_382' title='bbox 1773 3249 1867 3301; x_wconf 81' lang='grc' dir='ltr'>καὶ</span> 
     </span>
    </p>
   </div>
   <div class='ocr_carea' id='block_1_52' title="bbox 273 3340 1868 3422">
    <p class='ocr_par' dir='ltr' id='par_1_52' title="bbox 273 3340 1868 3422">
     <span class='ocr_line' id='line_1_52' title="bbox 273 3340 1868 3422; baseline -0.008 -18"><span class='ocrx_word' id='word_1_383' title='bbox 273 3349 672 3422; x_wconf 82' lang='grc' dir='ltr'>προγινώσκων</span> <span class='ocrx_word' id='word_1_384' title='bbox 733 3345 930 3406; x_wconf 80' lang='grc' dir='ltr'>αὐτοὺς</span> <span class='ocrx_word' id='word_1_385' title='bbox 981 3346 1009 3395; x_wconf 87' lang='grc' dir='ltr'>ὁ</span> <span class='ocrx_word' id='word_1_386' title='bbox 1061 3343 1192 3405; x_wconf 79' lang='grc' dir='ltr'>Θεὸς</span> <span class='ocrx_word' id='word_1_387' title='bbox 1245 3343 1514 3412; x_wconf 75' lang='grc' dir='ltr'>πονηροὺς</span> <span class='ocrx_word' id='word_1_388' title='bbox 1575 3340 1868 3411; x_wconf 78' lang='grc' dir='ltr'>ἐσομένους</span> 
     </span>
    </p>
   </div>
   <div class='ocr_carea' id='block_1_53' title="bbox 274 3432 1868 3513">
    <p class='ocr_par' dir='ltr' id='par_1_53' title="bbox 274 3432 1868 3513">
     <span class='ocr_line' id='line_1_53' title="bbox 274 3432 1868 3513; baseline -0.008 -17"><span class='ocrx_word' id='word_1_389' title='bbox 274 3440 620 3513; x_wconf 81' lang='grc' dir='ltr'>προκατέσχε</span> <span class='ocrx_word' id='word_1_390' title='bbox 651 3437 861 3498; x_wconf 83' lang='grc' dir='ltr'>τούτοις</span> <span class='ocrx_word' id='word_1_391' title='bbox 889 3436 994 3497; x_wconf 84' lang='grc' dir='ltr'>τοῖς</span> <span class='ocrx_word' id='word_1_392' title='bbox 1025 3434 1265 3503; x_wconf 82' lang='grc' dir='ltr'>δεσμοῖς,</span> <span class='ocrx_word' id='word_1_393' title='bbox 1313 3434 1406 3486; x_wconf 68' lang='grc' dir='ltr'><strong>καὶ</strong></span> <span class='ocrx_word' id='word_1_394' title='bbox 1435 3432 1731 3502; x_wconf 77' lang='grc' dir='ltr'>ἐχαλίνωσε</span> <span class='ocrx_word' id='word_1_395' title='bbox 1757 3434 1868 3495; x_wconf 89' lang='grc' dir='ltr'>τοῖς</span> 
     </span>
    </p>
   </div>
   <div class='ocr_carea' id='block_1_54' title="bbox 277 3526 1868 3600">
    <p class='ocr_par' dir='ltr' id='par_1_54' title="bbox 277 3526 1868 3600">
     <span class='ocr_line' id='line_1_54' title="bbox 277 3526 1868 3600; baseline -0.009 -13"><span class='ocrx_word' id='word_1_396' title='bbox 277 3535 530 3591; x_wconf 75' lang='grc' dir='ltr'>πάθεσιν.</span> <span class='ocrx_word' id='word_1_397' title='bbox 563 3529 802 3599; x_wconf 78' lang='grc' dir='ltr'>ἀκριϐῶς</span> <span class='ocrx_word' id='word_1_398' title='bbox 832 3529 932 3600; x_wconf 71' lang='grc' dir='ltr'><strong>οὐκ</strong></span> <span class='ocrx_word' id='word_1_399' title='bbox 960 3529 1066 3596; x_wconf 74' lang='grc' dir='ltr'>ἔχω</span> <span class='ocrx_word' id='word_1_400' title='bbox 1101 3527 1276 3593; x_wconf 79' lang='grc' dir='ltr'>λέγειν</span> <span class='ocrx_word' id='word_1_401' title='bbox 1346 3529 1426 3578; x_wconf 83' lang='grc' dir='ltr'><strong>ὅτι</strong></span> <span class='ocrx_word' id='word_1_402' title='bbox 1454 3527 1509 3579; x_wconf 86' lang='grc' dir='ltr'>δὲ</span> <span class='ocrx_word' id='word_1_403' title='bbox 1541 3526 1634 3578; x_wconf 82' lang='grc' dir='ltr'><strong>καὶ</strong></span> <span class='ocrx_word' id='word_1_404' title='bbox 1663 3526 1868 3594; x_wconf 69' lang='grc' dir='ltr'>στεφά-</span> 
     </span>
    </p>
   </div>
   <div class='ocr_carea' id='block_1_55' title="bbox 273 3619 1868 3691">
    <p class='ocr_par' dir='ltr' id='par_1_55' title="bbox 273 3619 1868 3691">
     <span class='ocr_line' id='line_1_55' title="bbox 273 3619 1868 3691; baseline -0.008 -11"><span class='ocrx_word' id='word_1_405' title='bbox 273 3643 386 3680; x_wconf 89' lang='grc' dir='ltr'><strong>νων</strong></span> <span class='ocrx_word' id='word_1_406' title='bbox 436 3625 653 3684; x_wconf 85' lang='grc' dir='ltr'>πολλοῖς</span> <span class='ocrx_word' id='word_1_407' title='bbox 688 3623 801 3691; x_wconf 73' lang='grc'><strong>(54)</strong></span> <span class='ocrx_word' id='word_1_408' title='bbox 841 3621 990 3674; x_wconf 79' lang='grc' dir='ltr'>αἴτια</span> <span class='ocrx_word' id='word_1_409' title='bbox 1034 3621 1225 3687; x_wconf 84' lang='grc' dir='ltr'>γέγονε</span> <span class='ocrx_word' id='word_1_410' title='bbox 1261 3619 1434 3671; x_wconf 86' lang='grc' dir='ltr'>ταῦτα</span> <span class='ocrx_word' id='word_1_411' title='bbox 1467 3619 1536 3670; x_wconf 86' lang='grc' dir='ltr'><strong>τά</strong></span> <span class='ocrx_word' id='word_1_412' title='bbox 1561 3622 1868 3689; x_wconf 84' lang='grc' dir='ltr'>νοσήματα,</span> 
     </span>
    </p>
   </div>
   <div class='ocr_carea' id='block_1_56' title="bbox 275 3706 1870 3788">
    <p class='ocr_par' dir='ltr' id='par_1_56' title="bbox 275 3706 1870 3788">
     <span class='ocr_line' id='line_1_56' title="bbox 275 3706 1870 3788; baseline -0.005 -18"><span class='ocrx_word' id='word_1_413' title='bbox 275 3714 630 3788; x_wconf 67' lang='grc' dir='ltr'>θαρρούντως</span> <span class='ocrx_word' id='word_1_414' title='bbox 661 3711 1126 3782; x_wconf 80' lang='grc' dir='ltr'>διισχυρισαίμην.</span> <span class='ocrx_word' id='word_1_415' title='bbox 1162 3710 1223 3760; x_wconf 79' lang='lat' dir='ltr'><strong>El</strong></span> <span class='ocrx_word' id='word_1_416' title='bbox 1259 3709 1314 3760; x_wconf 81' lang='grc' dir='ltr'><strong>δὲ</strong></span> <span class='ocrx_word' id='word_1_417' title='bbox 1354 3710 1512 3760; x_wconf 74' lang='grc' dir='ltr'>σκιὰν</span> <span class='ocrx_word' id='word_1_418' title='bbox 1543 3706 1687 3777; x_wconf 76' lang='grc' dir='ltr'>εἶχεν</span> <span class='ocrx_word' id='word_1_419' title='bbox 1713 3711 1742 3761; x_wconf 83' lang='grc' dir='ltr'>ὁ</span> <span class='ocrx_word' id='word_1_420' title='bbox 1782 3710 1870 3762; x_wconf 78' lang='grc' dir='ltr'>νό-</span> 
     </span>
    </p>
   </div>
   <div class='ocr_carea' id='block_1_57' title="bbox 280 3800 1872 3881">
    <p class='ocr_par' dir='ltr' id='par_1_57' title="bbox 280 3800 1872 3881">
     <span class='ocr_line' id='line_1_57' title="bbox 280 3800 1872 3881; baseline 0 -25"><span class='ocrx_word' id='word_1_421' title='bbox 280 3826 383 3881; x_wconf 78' lang='grc' dir='ltr'><strong>μος</strong></span> <span class='ocrx_word' id='word_1_422' title='bbox 433 3806 542 3862; x_wconf 83' lang='grc' dir='ltr'>τῶν</span> <span class='ocrx_word' id='word_1_423' title='bbox 591 3804 894 3875; x_wconf 88' lang='grc' dir='ltr'>μελλόντων</span> <span class='ocrx_word' id='word_1_424' title='bbox 925 3801 1166 3869; x_wconf 84' lang='grc' dir='ltr'>ἀγαθῶν,</span> <span class='ocrx_word' id='word_1_425' title='bbox 1203 3800 1296 3852; x_wconf 81' lang='grc' dir='ltr'><strong>καὶ</strong></span> <span class='ocrx_word' id='word_1_426' title='bbox 1329 3800 1429 3852; x_wconf 77' lang='grc' dir='ltr'>οὐκ</span> <span class='ocrx_word' id='word_1_427' title='bbox 1462 3801 1631 3868; x_wconf 72' lang='grc' dir='ltr'>αὐτὴν</span> <span class='ocrx_word' id='word_1_428' title='bbox 1687 3803 1872 3856; x_wconf 76' lang='grc' dir='ltr'>εἰκόνα</span> 
     </span>
    </p>
   </div>
   <div class='ocr_carea' id='block_1_58' title="bbox 274 3891 1871 3974">
    <p class='ocr_par' dir='ltr' id='par_1_58' title="bbox 274 3891 1871 3974">
     <span class='ocr_line' id='line_1_58' title="bbox 274 3891 1871 3974; baseline 0.008 -41"><span class='ocrx_word' id='word_1_429' title='bbox 274 3899 389 3952; x_wconf 67' lang='grc' dir='ltr'><strong>τῶν</strong></span> <span class='ocrx_word' id='word_1_430' title='bbox 418 3897 782 3968; x_wconf 76' lang='grc' dir='ltr'>πραγμάτων.</span> <span class='ocrx_word' id='word_1_431' title='bbox 827 3891 1000 3962; x_wconf 85' lang='grc' dir='ltr'>οἶμαι,</span> <span class='ocrx_word' id='word_1_432' title='bbox 1036 3894 1120 3974; x_wconf 75' lang='grc' dir='ltr'>ὅτι</span> <span class='ocrx_word' id='word_1_433' title='bbox 1158 3892 1254 3961; x_wconf 86' lang='grc' dir='ltr'>μὲν</span> <span class='ocrx_word' id='word_1_434' title='bbox 1284 3892 1372 3944; x_wconf 82' lang='grc' dir='ltr'>διὰ</span> <span class='ocrx_word' id='word_1_435' title='bbox 1405 3891 1499 3944; x_wconf 88' lang='grc' dir='ltr'><strong>τὀῦ</strong></span> <span class='ocrx_word' id='word_1_436' title='bbox 1534 3892 1736 3964; x_wconf 87' lang='grc' dir='ltr'>λεπροῦ</span> <span class='ocrx_word' id='word_1_437' title='bbox 1779 3896 1871 3946; x_wconf 87' lang='grc' dir='ltr'><strong>τὸν</strong></span> 
     </span>
    </p>
   </div>
   <div class='ocr_carea' id='block_1_59' title="bbox 279 3983 1872 4056">
    <p class='ocr_par' dir='ltr' id='par_1_59' title="bbox 279 3983 1872 4056">
     <span class='ocr_line' id='line_1_59' title="bbox 279 3983 1872 4056; baseline -0.004 -12"><span class='ocrx_word' id='word_1_438' title='bbox 279 3992 524 4044; x_wconf 70' lang='grc' dir='ltr'>ποικῢ.ον</span> <span class='ocrx_word' id='word_1_439' title='bbox 559 3989 654 4041; x_wconf 81' lang='grc' dir='ltr'><strong>καὶ</strong></span> <span class='ocrx_word' id='word_1_440' title='bbox 687 3986 1013 4056; x_wconf 75' lang='grc' dir='ltr'>κακοῦργον,</span> <span class='ocrx_word' id='word_1_441' title='bbox 1059 3985 1148 4037; x_wconf 80' lang='grc' dir='ltr'><strong>διὰ</strong></span> <span class='ocrx_word' id='word_1_442' title='bbox 1187 3985 1242 4037; x_wconf 75' lang='grc' dir='ltr'>δὲ</span> <span class='ocrx_word' id='word_1_443' title='bbox 1275 3983 1368 4036; x_wconf 88' lang='grc' dir='ltr'><strong>τοῦ</strong></span> <span class='ocrx_word' id='word_1_444' title='bbox 1398 3985 1744 4056; x_wconf 71' lang='grc' dir='ltr'>γονορριοῦς,</span> <span class='ocrx_word' id='word_1_445' title='bbox 1779 3986 1872 4038; x_wconf 77' lang='grc' dir='ltr'><strong>τὸν</strong></span> 
     </span>
    </p>
   </div>
   <div class='ocr_carea' id='block_1_60' title="bbox 277 4078 1872 4153">
    <p class='ocr_par' dir='ltr' id='par_1_60' title="bbox 277 4078 1872 4153">
     <span class='ocr_line' id='line_1_60' title="bbox 277 4078 1872 4153; baseline -0.004 -16"><span class='ocrx_word' id='word_1_446' title='bbox 277 4087 480 4153; x_wconf 81' lang='grc' dir='ltr'>πόρνον</span> <span class='ocrx_word' id='word_1_447' title='bbox 513 4083 606 4134; x_wconf 80' lang='grc' dir='ltr'><strong>καὶ</strong></span> <span class='ocrx_word' id='word_1_448' title='bbox 655 4081 744 4133; x_wconf 81' lang='grc' dir='ltr'><strong>τὸν</strong></span> <span class='ocrx_word' id='word_1_449' title='bbox 775 4080 1017 4149; x_wconf 75' lang='grc' dir='ltr'>ἀσελγῆο</span> <span class='ocrx_word' id='word_1_450' title='bbox 1071 4079 1160 4132; x_wconf 86' lang='grc' dir='ltr'><strong>διὰ</strong></span> <span class='ocrx_word' id='word_1_451' title='bbox 1185 4080 1241 4131; x_wconf 84' lang='grc' dir='ltr'><strong>δὲ</strong></span> <span class='ocrx_word' id='word_1_452' title='bbox 1281 4079 1374 4132; x_wconf 84' lang='grc' dir='ltr'><strong>τοῦ</strong></span> <span class='ocrx_word' id='word_1_453' title='bbox 1426 4080 1740 4150; x_wconf 70' lang='grc' dir='ltr'>ἀκαθάρτου</span> <span class='ocrx_word' id='word_1_454' title='bbox 1779 4078 1872 4131; x_wconf 75' lang='grc' dir='ltr'>ἐπὶ</span> 
     </span>
    </p>
   </div>
   <div class='ocr_carea' id='block_1_61' title="bbox 275 4167 1870 4243">
    <p class='ocr_par' dir='ltr' id='par_1_61' title="bbox 275 4167 1870 4243">
     <span class='ocr_line' id='line_1_61' title="bbox 275 4167 1870 4243; baseline 0 -22"><span class='ocrx_word' id='word_1_455' title='bbox 275 4175 426 4243; x_wconf 74' lang='grc' dir='ltr'>ψυχῇ</span> <span class='ocrx_word' id='word_1_456' title='bbox 456 4171 768 4241; x_wconf 82' lang='grc' dir='ltr'>ἀνθρώπου,</span> <span class='ocrx_word' id='word_1_457' title='bbox 797 4169 1042 4221; x_wconf 84' lang='grc' dir='ltr'>τουτέστι</span> <span class='ocrx_word' id='word_1_458' title='bbox 1071 4167 1158 4220; x_wconf 80' lang='grc' dir='ltr'>διὰ</span> <span class='ocrx_word' id='word_1_459' title='bbox 1189 4167 1282 4220; x_wconf 85' lang='grc' dir='ltr'><strong>τοῦ</strong></span> <span class='ocrx_word' id='word_1_460' title='bbox 1325 4168 1635 4238; x_wconf 82' lang='grc' dir='ltr'>ἁπτομένου</span> <span class='ocrx_word' id='word_1_461' title='bbox 1673 4168 1870 4239; x_wconf 80' lang='grc' dir='ltr'>νεκροῦ</span> 
     </span>
    </p>
   </div>
   <div class='ocr_carea' id='block_1_62' title="bbox 279 4260 1872 4337">
    <p class='ocr_par' dir='ltr' id='par_1_62' title="bbox 279 4260 1872 4337">
     <span class='ocr_line' id='line_1_62' title="bbox 279 4260 1872 4337; baseline -0.003 -19"><span class='ocrx_word' id='word_1_462' title='bbox 279 4266 560 4337; x_wconf 83' lang='grc' dir='ltr'>σώματος,</span> <span class='ocrx_word' id='word_1_463' title='bbox 595 4261 686 4315; x_wconf 71' lang='grc' dir='ltr'><strong>τὸν</strong></span> <span class='ocrx_word' id='word_1_464' title='bbox 711 4262 857 4332; x_wconf 71' lang='grc' dir='ltr'>ψυχῇ</span> <span class='ocrx_word' id='word_1_465' title='bbox 903 4260 1291 4332; x_wconf 81' lang='grc' dir='ltr'>ἁμαρτανούσῃ</span> <span class='ocrx_word' id='word_1_466' title='bbox 1325 4262 1747 4331; x_wconf 86' lang='grc' dir='ltr'>συμπράττοντα</span> <span class='ocrx_word' id='word_1_467' title='bbox 1775 4262 1872 4314; x_wconf 72' lang='grc' dir='ltr'><strong>καὶ</strong></span> 
     </span>
    </p>
   </div>
   <div class='ocr_carea' id='block_1_63' title="bbox 283 4351 1871 4426">
    <p class='ocr_par' dir='ltr' id='par_1_63' title="bbox 283 4351 1871 4426">
     <span class='ocr_line' id='line_1_63' title="bbox 283 4351 1871 4426; baseline -0.001 -17"><span class='ocrx_word' id='word_1_468' title='bbox 283 4355 679 4426; x_wconf 84' lang='grc' dir='ltr'>συναιρόμενον</span> <span class='ocrx_word' id='word_1_469' title='bbox 701 4370 714 4382; x_wconf 69' lang='grc' dir='ltr'><strong>θ</strong></span> <span class='ocrx_word' id='word_1_470' title='bbox 747 4353 835 4404; x_wconf 85' lang='grc' dir='ltr'>διὰ</span> <span class='ocrx_word' id='word_1_471' title='bbox 876 4352 934 4405; x_wconf 87' lang='grc' dir='ltr'>δὲ</span> <span class='ocrx_word' id='word_1_472' title='bbox 966 4351 1060 4404; x_wconf 87' lang='grc' dir='ltr'><strong>τοῦ</strong></span> <span class='ocrx_word' id='word_1_473' title='bbox 1112 4352 1458 4417; x_wconf 75' lang='grc' dir='ltr'>πενθοῦντος,</span> <span class='ocrx_word' id='word_1_474' title='bbox 1493 4353 1584 4406; x_wconf 85' lang='grc' dir='ltr'>τὸν</span> <span class='ocrx_word' id='word_1_475' title='bbox 1631 4355 1723 4406; x_wconf 76' lang='grc' dir='ltr'><strong>ἐπὶ</strong></span> <span class='ocrx_word' id='word_1_476' title='bbox 1749 4356 1871 4419; x_wconf 82' lang='grc' dir='ltr'>ταῖς</span> 
     </span>
    </p>
   </div>
   <div class='ocr_carea' id='block_1_64' title="bbox 282 4445 1872 4520">
    <p class='ocr_par' dir='ltr' id='par_1_64' title="bbox 282 4445 1872 4520">
     <span class='ocr_line' id='line_1_64' title="bbox 282 4445 1872 4520; baseline -0.001 -18"><span class='ocrx_word' id='word_1_477' title='bbox 282 4450 596 4520; x_wconf 81' lang='grc' dir='ltr'>συμφοραῖς</span> <span class='ocrx_word' id='word_1_478' title='bbox 632 4445 876 4517; x_wconf 79' lang='grc' dir='ltr'>πενθήρη</span> <span class='ocrx_word' id='word_1_479' title='bbox 909 4447 1003 4499; x_wconf 72' lang='grc' dir='ltr'>καὶ</span> <span class='ocrx_word' id='word_1_480' title='bbox 1035 4446 1307 4517; x_wconf 87' lang='grc' dir='ltr'>θρηνώδη,</span> <span class='ocrx_word' id='word_1_481' title='bbox 1342 4447 1441 4515; x_wconf 74' lang='grc' dir='ltr'>τῆς</span> <span class='ocrx_word' id='word_1_482' title='bbox 1480 4447 1589 4500; x_wconf 84' lang='grc' dir='ltr'><strong>τῶν</strong></span> <span class='ocrx_word' id='word_1_483' title='bbox 1622 4447 1872 4518; x_wconf 88' lang='grc' dir='ltr'>ἀμώμων</span> 
     </span>
    </p>
   </div>
   <div class='ocr_carea' id='block_1_65' title="bbox 1971 1959 3570 2033">
    <p class='ocr_par' dir='ltr' id='par_1_65' title="bbox 1971 1959 3570 2033">
     <span class='ocr_line' id='line_1_65' title="bbox 1971 1959 3570 2033; baseline 0.006 -21"><span class='ocrx_word' id='word_1_484' title='bbox 1971 1960 2203 2015; x_wconf 64' lang='lat' dir='ltr'><strong>coetibus</strong></span> <span class='ocrx_word' id='word_1_485' title='bbox 2238 1959 2463 2014; x_wconf 89' lang='lat' dir='ltr'><strong>minime</strong></span> <span class='ocrx_word' id='word_1_486' title='bbox 2505 1960 2888 2029; x_wconf 85' lang='lat' dir='ltr'><strong>prohibentur.</strong></span> <span class='ocrx_word' id='word_1_487' title='bbox 2929 1961 3061 2016; x_wconf 83' lang='lat' dir='ltr'><strong>Nam</strong></span> <span class='ocrx_word' id='word_1_488' title='bbox 3121 1975 3407 2033; x_wconf 89' lang='lat' dir='ltr'><strong>parentum</strong></span> <span class='ocrx_word' id='word_1_489' title='bbox 3439 1982 3570 2021; x_wconf 89' lang='lat' dir='ltr'><strong>suo-</strong></span> 
     </span>
    </p>
   </div>
   <div class='ocr_carea' id='block_1_66' title="bbox 1972 2052 3570 2120">
    <p class='ocr_par' dir='ltr' id='par_1_66' title="bbox 1972 2052 3570 2120">
     <span class='ocr_line' id='line_1_66' title="bbox 1972 2052 3570 2120; baseline 0.005 -15"><span class='ocrx_word' id='word_1_490' title='bbox 1972 2066 2094 2106; x_wconf 87' lang='lat' dir='ltr'><strong>rum</strong></span> <span class='ocrx_word' id='word_1_491' title='bbox 2147 2052 2270 2107; x_wconf 91' lang='lat' dir='ltr'><strong>mali</strong></span> <span class='ocrx_word' id='word_1_492' title='bbox 2316 2054 2760 2120; x_wconf 84' lang='lat' dir='ltr'><strong>temperamenti,</strong></span> <span class='ocrx_word' id='word_1_493' title='bbox 2797 2069 2902 2107; x_wconf 92' lang='lat' dir='ltr'><strong>non</strong></span> <span class='ocrx_word' id='word_1_494' title='bbox 2937 2064 3119 2109; x_wconf 87' lang='lat' dir='ltr'><strong>autem</strong></span> <span class='ocrx_word' id='word_1_495' title='bbox 3153 2056 3570 2113; x_wconf 74' lang='lat' dir='ltr'><strong>incontinentiae</strong></span> 
     </span>
    </p>
   </div>
   <div class='ocr_carea' id='block_1_67' title="bbox 1967 2144 3568 2210">
    <p class='ocr_par' dir='ltr' id='par_1_67' title="bbox 1967 2144 3568 2210">
     <span class='ocr_line' id='line_1_67' title="bbox 1967 2144 3568 2210; baseline 0.009 -15"><span class='ocrx_word' id='word_1_496' title='bbox 1967 2144 2280 2210; x_wconf 85' lang='lat' dir='ltr'><strong>libidinum,</strong></span> <span class='ocrx_word' id='word_1_497' title='bbox 2333 2149 2644 2202; x_wconf 88' lang='lat' dir='ltr'><strong>necessario</strong></span> <span class='ocrx_word' id='word_1_498' title='bbox 2703 2151 3032 2204; x_wconf 77' lang='lat' dir='ltr'><strong>exstiterunt</strong></span> <span class='ocrx_word' id='word_1_499' title='bbox 3094 2152 3360 2208; x_wconf 60' lang='lat' dir='ltr'><strong>heredes.</strong></span> <span class='ocrx_word' id='word_1_500' title='bbox 3398 2153 3568 2209; x_wconf 80' lang='lat' dir='ltr'><strong>Alteri</strong></span> 
     </span>
    </p>
   </div>
   <div class='ocr_carea' id='block_1_68' title="bbox 1971 2235 3570 2308">
    <p class='ocr_par' dir='ltr' id='par_1_68' title="bbox 1971 2235 3570 2308">
     <span class='ocr_line' id='line_1_68' title="bbox 1971 2235 3570 2308; baseline 0.007 -18"><span class='ocrx_word' id='word_1_501' title='bbox 1971 2251 2100 2291; x_wconf 84' lang='lat' dir='ltr'><strong>vero</strong></span> <span class='ocrx_word' id='word_1_502' title='bbox 2150 2235 2263 2308; x_wconf 92' lang='lat' dir='ltr'><strong>(qui</strong></span> <span class='ocrx_word' id='word_1_503' title='bbox 2317 2253 2380 2291; x_wconf 79' lang='lat' dir='ltr'><strong>ex</strong></span> <span class='ocrx_word' id='word_1_504' title='bbox 2433 2249 2722 2307; x_wconf 86' lang='lat' dir='ltr'><strong>parentum</strong></span> <span class='ocrx_word' id='word_1_505' title='bbox 2777 2239 3054 2297; x_wconf 76' lang='lat' dir='ltr'><strong>luxurioso</strong></span> <span class='ocrx_word' id='word_1_506' title='bbox 3100 2245 3395 2299; x_wconf 87' lang='lat' dir='ltr'><strong>concubitu</strong></span> <span class='ocrx_word' id='word_1_507' title='bbox 3454 2248 3570 2303; x_wconf 82' lang='lat' dir='ltr'><strong>nati</strong></span> 
     </span>
    </p>
   </div>
   <div class='ocr_carea' id='block_1_69' title="bbox 1969 2329 3577 2406">
    <p class='ocr_par' dir='ltr' id='par_1_69' title="bbox 1969 2329 3577 2406">
     <span class='ocr_line' id='line_1_69' title="bbox 1969 2329 3577 2406; baseline 0.002 -22"><span class='ocrx_word' id='word_1_508' title='bbox 1969 2330 2116 2398; x_wconf 88' lang='lat' dir='ltr'><strong>sunt)</strong></span> <span class='ocrx_word' id='word_1_509' title='bbox 2173 2329 2412 2384; x_wconf 85' lang='lat' dir='ltr'><strong>libidinis</strong></span> <span class='ocrx_word' id='word_1_510' title='bbox 2463 2341 2754 2400; x_wconf 86' lang='lat' dir='ltr'><strong>parentum</strong></span> <span class='ocrx_word' id='word_1_511' title='bbox 2806 2342 2962 2386; x_wconf 87' lang='lat' dir='ltr'><strong>n0tas</strong></span> <span class='ocrx_word' id='word_1_512' title='bbox 2998 2334 3049 2387; x_wconf 90' lang='lat' dir='ltr'><strong>in</strong></span> <span class='ocrx_word' id='word_1_513' title='bbox 3103 2336 3216 2390; x_wconf 82' lang='lat' dir='ltr'><strong>suis</strong></span> <span class='ocrx_word' id='word_1_514' title='bbox 3247 2337 3577 2406; x_wconf 79' lang='lat' dir='ltr'><strong>corporibus</strong></span> 
     </span>
    </p>
   </div>
   <div class='ocr_carea' id='block_1_70' title="bbox 1971 2423 3570 2499">
    <p class='ocr_par' dir='ltr' id='par_1_70' title="bbox 1971 2423 3570 2499">
     <span class='ocr_line' id='line_1_70' title="bbox 1971 2423 3570 2499; baseline 0.003 -22"><span class='ocrx_word' id='word_1_515' title='bbox 1971 2423 2268 2493; x_wconf 80' lang='lat' dir='ltr'><strong>impressas</strong></span> <span class='ocrx_word' id='word_1_516' title='bbox 2302 2424 2587 2486; x_wconf 90' lang='lat' dir='ltr'><strong>habentes,</strong></span> <span class='ocrx_word' id='word_1_517' title='bbox 2623 2439 2726 2478; x_wconf 84' lang='lat' dir='ltr'><strong>thIt</strong></span> <span class='ocrx_word' id='word_1_518' title='bbox 2755 2425 2974 2494; x_wconf 82' lang='lat' dir='ltr'><strong>quidem</strong></span> <span class='ocrx_word' id='word_1_519' title='bbox 3015 2427 3186 2496; x_wconf 84' lang='lat' dir='ltr'><strong>puniti</strong></span> <span class='ocrx_word' id='word_1_520' title='bbox 3214 2439 3340 2481; x_wconf 90' lang='lat' dir='ltr'><strong>sunt</strong></span> <span class='ocrx_word' id='word_1_521' title='bbox 3367 2427 3570 2499; x_wconf 82' lang='lat' dir='ltr'><strong>(neque</strong></span> 
     </span>
    </p>
   </div>
   <div class='ocr_carea' id='block_1_71' title="bbox 1968 2516 3570 2590">
    <p class='ocr_par' dir='ltr' id='par_1_71' title="bbox 1968 2516 3570 2590">
     <span class='ocr_line' id='line_1_71' title="bbox 1968 2516 3570 2590; baseline 0.004 -22"><span class='ocrx_word' id='word_1_522' title='bbox 1968 2516 2113 2569; x_wconf 89' lang='lat' dir='ltr'><strong>enim</strong></span> <span class='ocrx_word' id='word_1_523' title='bbox 2139 2516 2286 2584; x_wconf 89' lang='lat' dir='ltr'><strong>ipsos</strong></span> <span class='ocrx_word' id='word_1_524' title='bbox 2313 2517 2582 2583; x_wconf 85' lang='lat' dir='ltr'><strong>lapidibus</strong></span> <span class='ocrx_word' id='word_1_525' title='bbox 2609 2519 2764 2571; x_wconf 92' lang='lat' dir='ltr'><strong>obrui</strong></span> <span class='ocrx_word' id='word_1_526' title='bbox 2807 2517 2992 2587; x_wconf 87' lang='lat' dir='ltr'><strong>jussit,</strong></span> <span class='ocrx_word' id='word_1_527' title='bbox 3031 2520 3156 2587; x_wconf 85' lang='lat' dir='ltr'><strong>quia</strong></span> <span class='ocrx_word' id='word_1_528' title='bbox 3195 2520 3396 2573; x_wconf 88' lang='lat' dir='ltr'><strong>malum</strong></span> <span class='ocrx_word' id='word_1_529' title='bbox 3432 2521 3570 2590; x_wconf 88' lang='lat' dir='ltr'><strong>ipsis</strong></span> 
     </span>
    </p>
   </div>
   <div class='ocr_carea' id='block_1_72' title="bbox 1969 2606 3570 2679">
    <p class='ocr_par' dir='ltr' id='par_1_72' title="bbox 1969 2606 3570 2679">
     <span class='ocr_line' id='line_1_72' title="bbox 1969 2606 3570 2679; baseline 0.005 -19"><span class='ocrx_word' id='word_1_530' title='bbox 1969 2606 2283 2662; x_wconf 89' lang='lat' dir='ltr'><strong>nolentibus</strong></span> <span class='ocrx_word' id='word_1_531' title='bbox 2353 2609 2707 2678; x_wconf 77' lang='lat' dir='ltr'><strong>contigerat),</strong></span> <span class='ocrx_word' id='word_1_532' title='bbox 2771 2611 3064 2679; x_wconf 81' lang='lat' dir='ltr'><strong>ignominia</strong></span> <span class='ocrx_word' id='word_1_533' title='bbox 3134 2622 3311 2665; x_wconf 81' lang='lat' dir='ltr'><strong>tamen</strong></span> <span class='ocrx_word' id='word_1_534' title='bbox 3387 2613 3570 2668; x_wconf 68' lang='lat' dir='ltr'><strong>alicui</strong></span> 
     </span>
    </p>
   </div>
   <div class='ocr_carea' id='block_1_73' title="bbox 1971 2699 3570 2771">
    <p class='ocr_par' dir='ltr' id='par_1_73' title="bbox 1971 2699 3570 2771">
     <span class='ocr_line' id='line_1_73' title="bbox 1971 2699 3570 2771; baseline 0.004 -19"><span class='ocrx_word' id='word_1_535' title='bbox 1971 2711 2120 2762; x_wconf 86' lang='lat' dir='ltr'><strong>sunt,</strong></span> <span class='ocrx_word' id='word_1_536' title='bbox 2153 2699 2317 2769; x_wconf 85' lang='lat' dir='ltr'><strong>idque</strong></span> <span class='ocrx_word' id='word_1_537' title='bbox 2358 2699 2428 2754; x_wconf 86' lang='lat' dir='ltr'><strong>ad</strong></span> <span class='ocrx_word' id='word_1_538' title='bbox 2470 2702 2912 2755; x_wconf 81' lang='lat' dir='ltr'><strong>emendationem</strong></span> <span class='ocrx_word' id='word_1_539' title='bbox 2959 2715 3265 2771; x_wconf 79' lang='lat' dir='ltr'><strong>parentum.</strong></span> <span class='ocrx_word' id='word_1_540' title='bbox 3309 2701 3464 2770; x_wconf 84' lang='lat' dir='ltr'><strong>Quod</strong></span> <span class='ocrx_word' id='word_1_541' title='bbox 3524 2704 3570 2758; x_wconf 84' lang='lat' dir='ltr'><strong>si</strong></span> 
     </span>
    </p>
   </div>
   <div class='ocr_carea' id='block_1_74' title="bbox 1969 2787 3572 2860">
    <p class='ocr_par' dir='ltr' id='par_1_74' title="bbox 1969 2787 3572 2860">
     <span class='ocr_line' id='line_1_74' title="bbox 1969 2787 3572 2860; baseline 0.005 -17"><span class='ocrx_word' id='word_1_542' title='bbox 1969 2787 2092 2859; x_wconf 86' lang='lat' dir='ltr'><strong>quis</strong></span> <span class='ocrx_word' id='word_1_543' title='bbox 2115 2801 2201 2844; x_wconf 89' lang='lat' dir='ltr'><strong>est</strong></span> <span class='ocrx_word' id='word_1_544' title='bbox 2244 2792 2336 2860; x_wconf 90' lang='lat' dir='ltr'><strong>qui</strong></span> <span class='ocrx_word' id='word_1_545' title='bbox 2392 2791 2473 2846; x_wconf 89' lang='lat' dir='ltr'><strong>sic</strong></span> <span class='ocrx_word' id='word_1_546' title='bbox 2524 2793 2830 2857; x_wconf 74' lang='lat' dir='ltr'><strong>existimat,</strong></span> <span class='ocrx_word' id='word_1_547' title='bbox 2867 2797 2970 2848; x_wconf 92' lang='lat' dir='ltr'><strong>hoc</strong></span> <span class='ocrx_word' id='word_1_548' title='bbox 3003 2795 3147 2848; x_wconf 90' lang='lat' dir='ltr'><strong>nulla</strong></span> <span class='ocrx_word' id='word_1_549' title='bbox 3184 2797 3320 2849; x_wconf 84' lang='lat' dir='ltr'><strong>bona</strong></span> <span class='ocrx_word' id='word_1_550' title='bbox 3360 2800 3572 2851; x_wconf 76' lang='lat' dir='ltr'><strong>ratione</strong></span> 
     </span>
    </p>
   </div>
   <div class='ocr_carea' id='block_1_75' title="bbox 1972 2881 3570 2962">
    <p class='ocr_par' dir='ltr' id='par_1_75' title="bbox 1972 2881 3570 2962">
     <span class='ocr_line' id='line_1_75' title="bbox 1972 2881 3570 2962; baseline 0.005 -30"><span class='ocrx_word' id='word_1_551' title='bbox 1972 2882 2244 2935; x_wconf 83' lang='lat' dir='ltr'><strong>sancitum</strong></span> <span class='ocrx_word' id='word_1_552' title='bbox 2288 2881 2479 2945; x_wconf 83' lang='lat' dir='ltr'><strong>fuisse,</strong></span> <span class='ocrx_word' id='word_1_553' title='bbox 2512 2883 2641 2952; x_wconf 85' lang='lat' dir='ltr'><strong>quid</strong></span> <span class='ocrx_word' id='word_1_554' title='bbox 2681 2883 2770 2938; x_wconf 90' lang='lat' dir='ltr'><strong>ille</strong></span> <span class='ocrx_word' id='word_1_555' title='bbox 2805 2885 3006 2940; x_wconf 82' lang='lat' dir='ltr'><strong>dixerit</strong></span> <span class='ocrx_word' id='word_1_556' title='bbox 3057 2887 3124 2941; x_wconf 90' lang='lat' dir='ltr'><strong>de</strong></span> <span class='ocrx_word' id='word_1_557' title='bbox 3177 2900 3377 2952; x_wconf 87' lang='lat' dir='ltr'><strong>morte,</strong></span> <span class='ocrx_word' id='word_1_558' title='bbox 3425 2891 3570 2962; x_wconf 79' lang='lat' dir='ltr'><strong>quod</strong></span> 
     </span>
    </p>
   </div>
   <div class='ocr_carea' id='block_1_76' title="bbox 1971 2975 3570 3050">
    <p class='ocr_par' dir='ltr' id='par_1_76' title="bbox 1971 2975 3570 3050">
     <span class='ocr_line' id='line_1_76' title="bbox 1971 2975 3570 3050; baseline 0.004 -25"><span class='ocrx_word' id='word_1_559' title='bbox 1971 2987 2095 3027; x_wconf 91' lang='lat' dir='ltr'><strong>cum</strong></span> <span class='ocrx_word' id='word_1_560' title='bbox 2147 2988 2252 3027; x_wconf 88' lang='lat' dir='ltr'><strong>una</strong></span> <span class='ocrx_word' id='word_1_561' title='bbox 2309 2975 2549 3044; x_wconf 88' lang='lat' dir='ltr'><strong>peccarit</strong></span> <span class='ocrx_word' id='word_1_562' title='bbox 2604 2977 2805 3031; x_wconf 81' lang='lat' dir='ltr'><strong>femina</strong></span> <span class='ocrx_word' id='word_1_563' title='bbox 2855 2978 3046 3048; x_wconf 84' lang='lat' dir='ltr'><strong>(Evam</strong></span> <span class='ocrx_word' id='word_1_564' title='bbox 3097 2980 3365 3050; x_wconf 77' lang='lat' dir='ltr'><strong>intelligo)</strong></span> <span class='ocrx_word' id='word_1_565' title='bbox 3400 2991 3570 3034; x_wconf 87' lang='lat' dir='ltr'><strong>totum</strong></span> 
     </span>
    </p>
   </div>
   <div class='ocr_carea' id='block_1_77' title="bbox 1970 3067 3573 3137">
    <p class='ocr_par' dir='ltr' id='par_1_77' title="bbox 1970 3067 3573 3137">
     <span class='ocr_line' id='line_1_77' title="bbox 1970 3067 3573 3137; baseline 0.001 -16"><span class='ocrx_word' id='word_1_566' title='bbox 1970 3082 2144 3137; x_wconf 80' lang='lat' dir='ltr'><strong>genus</strong></span> <span class='ocrx_word' id='word_1_567' title='bbox 2175 3067 2500 3132; x_wconf 89' lang='lat' dir='ltr'><strong>humanum,</strong></span> <span class='ocrx_word' id='word_1_568' title='bbox 2523 3069 2666 3137; x_wconf 91' lang='lat' dir='ltr'><strong>quod</strong></span> <span class='ocrx_word' id='word_1_569' title='bbox 2697 3071 2762 3122; x_wconf 91' lang='lat' dir='ltr'><strong>ab</strong></span> <span class='ocrx_word' id='word_1_570' title='bbox 2794 3085 2856 3122; x_wconf 88' lang='lat' dir='ltr'><strong>ca</strong></span> <span class='ocrx_word' id='word_1_571' title='bbox 2884 3071 3181 3135; x_wconf 59' lang='lat' dir='ltr'><strong>descendit,</strong></span> <span class='ocrx_word' id='word_1_572' title='bbox 3216 3080 3392 3126; x_wconf 90' lang='lat' dir='ltr'><strong>morte</strong></span> <span class='ocrx_word' id='word_1_573' title='bbox 3419 3074 3573 3126; x_wconf 87' lang='lat' dir='ltr'><strong>dam-</strong></span> 
     </span>
    </p>
   </div>
   <div class='ocr_carea' id='block_1_78' title="bbox 1974 3159 3568 3229">
    <p class='ocr_par' dir='ltr' id='par_1_78' title="bbox 1974 3159 3568 3229">
     <span class='ocr_line' id='line_1_78' title="bbox 1974 3159 3568 3229; baseline 0.003 -18"><span class='ocrx_word' id='word_1_574' title='bbox 1974 3168 2160 3211; x_wconf 88' lang='lat' dir='ltr'><strong>natnm</strong></span> <span class='ocrx_word' id='word_1_575' title='bbox 2191 3169 2274 3212; x_wconf 89' lang='lat' dir='ltr'><strong>est</strong></span> <span class='ocrx_word' id='word_1_576' title='bbox 2302 3199 2318 3222; x_wconf 90' lang='lat'><strong>,</strong></span> <span class='ocrx_word' id='word_1_577' title='bbox 2346 3175 2480 3213; x_wconf 83' lang='lat' dir='ltr'><strong>cum</strong></span> <span class='ocrx_word' id='word_1_578' title='bbox 2518 3171 2699 3215; x_wconf 88' lang='lat' dir='ltr'><strong>tamen</strong></span> <span class='ocrx_word' id='word_1_579' title='bbox 2735 3163 2889 3216; x_wconf 89' lang='lat' dir='ltr'><strong>multi</strong></span> <span class='ocrx_word' id='word_1_580' title='bbox 2935 3159 3282 3219; x_wconf 87' lang='lat' dir='ltr'><strong>laudabiliter</strong></span> <span class='ocrx_word' id='word_1_581' title='bbox 3312 3166 3568 3229; x_wconf 75' lang='lat' dir='ltr'><strong>vixerint,</strong></span> 
     </span>
    </p>
   </div>
   <div class='ocr_carea' id='block_1_79' title="bbox 1973 3255 3575 3324">
    <p class='ocr_par' dir='ltr' id='par_1_79' title="bbox 1973 3255 3575 3324">
     <span class='ocr_line' id='line_1_79' title="bbox 1973 3255 3575 3324; baseline 0.006 -17"><span class='ocrx_word' id='word_1_582' title='bbox 1973 3264 2025 3308; x_wconf 86' lang='lat' dir='ltr'><strong>ct</strong></span> <span class='ocrx_word' id='word_1_583' title='bbox 2066 3263 2284 3322; x_wconf 87' lang='lat' dir='ltr'><strong>peccata</strong></span> <span class='ocrx_word' id='word_1_584' title='bbox 2323 3255 2621 3323; x_wconf 80' lang='lat' dir='ltr'><strong>primorum</strong></span> <span class='ocrx_word' id='word_1_585' title='bbox 2660 3265 2944 3324; x_wconf 88' lang='lat' dir='ltr'><strong>parentmn</strong></span> <span class='ocrx_word' id='word_1_586' title='bbox 2981 3273 3088 3310; x_wconf 90' lang='lat' dir='ltr'><strong>non</strong></span> <span class='ocrx_word' id='word_1_587' title='bbox 3123 3256 3328 3312; x_wconf 76' lang='lat' dir='ltr'><strong>fuerint</strong></span> <span class='ocrx_word' id='word_1_588' title='bbox 3359 3260 3575 3317; x_wconf 71' lang='lat' dir='ltr'><strong>secuti?</strong></span> 
     </span>
    </p>
   </div>
   <div class='ocr_carea' id='block_1_80' title="bbox 1975 3343 3570 3414">
    <p class='ocr_par' dir='ltr' id='par_1_80' title="bbox 1975 3343 3570 3414">
     <span class='ocr_line' id='line_1_80' title="bbox 1975 3343 3570 3414; baseline 0.004 -17"><span class='ocrx_word' id='word_1_589' title='bbox 1975 3343 2032 3397; x_wconf 91' lang='lat' dir='ltr'><strong>Si</strong></span> <span class='ocrx_word' id='word_1_590' title='bbox 2070 3358 2198 3396; x_wconf 86' lang='lat' dir='ltr'><strong>vero</strong></span> <span class='ocrx_word' id='word_1_591' title='bbox 2233 3343 2304 3397; x_wconf 87' lang='lat' dir='ltr'><strong>ibi</strong></span> <span class='ocrx_word' id='word_1_592' title='bbox 2353 3343 2535 3396; x_wconf 84' lang='lat' dir='ltr'><strong>radice</strong></span> <span class='ocrx_word' id='word_1_593' title='bbox 2581 3355 2791 3397; x_wconf 85' lang='lat' dir='ltr'><strong>mortua</strong></span> <span class='ocrx_word' id='word_1_594' title='bbox 2830 3347 3142 3400; x_wconf 88' lang='lat' dir='ltr'><strong>necessario</strong></span> <span class='ocrx_word' id='word_1_595' title='bbox 3193 3349 3358 3402; x_wconf 81' lang='lat' dir='ltr'><strong>etiam</strong></span> <span class='ocrx_word' id='word_1_596' title='bbox 3412 3352 3570 3414; x_wconf 89' lang='lat' dir='ltr'><strong>rami,</strong></span> 
     </span>
    </p>
   </div>
   <div class='ocr_carea' id='block_1_81' title="bbox 1976 3436 3568 3506">
    <p class='ocr_par' dir='ltr' id='par_1_81' title="bbox 1976 3436 3568 3506">
     <span class='ocr_line' id='line_1_81' title="bbox 1976 3436 3568 3506; baseline 0.001 -16"><span class='ocrx_word' id='word_1_597' title='bbox 1976 3445 2231 3505; x_wconf 87' lang='lat' dir='ltr'><strong>tanquam</strong></span> <span class='ocrx_word' id='word_1_598' title='bbox 2289 3436 2498 3490; x_wconf 87' lang='lat' dir='ltr'><strong>scilicet</strong></span> <span class='ocrx_word' id='word_1_599' title='bbox 2549 3436 2790 3491; x_wconf 65' lang='lat' dir='ltr'><strong>haeredes</strong></span> <span class='ocrx_word' id='word_1_600' title='bbox 2843 3439 3130 3493; x_wconf 79' lang='lat' dir='ltr'><strong>sententia:</strong></span> <span class='ocrx_word' id='word_1_601' title='bbox 3189 3441 3568 3506; x_wconf 64' lang='lat' dir='ltr'><strong>damnatorim,</strong></span> 
     </span>
    </p>
   </div>
   <div class='ocr_carea' id='block_1_82' title="bbox 1971 3529 3574 3606">
    <p class='ocr_par' dir='ltr' id='par_1_82' title="bbox 1971 3529 3574 3606">
     <span class='ocr_line' id='line_1_82' title="bbox 1971 3529 3574 3606; baseline 0.004 -22"><span class='ocrx_word' id='word_1_602' title='bbox 1971 3529 2216 3596; x_wconf 82' lang='lat' dir='ltr'><strong>ejusdem</strong></span> <span class='ocrx_word' id='word_1_603' title='bbox 2254 3529 2381 3582; x_wconf 89' lang='lat' dir='ltr'><strong>mali</strong></span> <span class='ocrx_word' id='word_1_604' title='bbox 2425 3531 2715 3599; x_wconf 82' lang='lat' dir='ltr'><strong>participes</strong></span> <span class='ocrx_word' id='word_1_605' title='bbox 2773 3532 2898 3585; x_wconf 83' lang='lat' dir='ltr'><strong>lacti</strong></span> <span class='ocrx_word' id='word_1_606' title='bbox 2951 3543 3077 3586; x_wconf 91' lang='lat' dir='ltr'><strong>sunt</strong></span> <span class='ocrx_word' id='word_1_607' title='bbox 3113 3551 3125 3587; x_wconf 91' lang='lat'>:</span> <span class='ocrx_word' id='word_1_608' title='bbox 3162 3535 3289 3602; x_wconf 76' lang='lat' dir='ltr'><strong>quid</strong></span> <span class='ocrx_word' id='word_1_609' title='bbox 3317 3547 3400 3589; x_wconf 81' lang='lat' dir='ltr'><strong>est</strong></span> <span class='ocrx_word' id='word_1_610' title='bbox 3428 3539 3574 3606; x_wconf 84' lang='lat' dir='ltr'><strong>quod</strong></span> 
     </span>
    </p>
   </div>
   <div class='ocr_carea' id='block_1_83' title="bbox 1974 3620 3574 3693">
    <p class='ocr_par' dir='ltr' id='par_1_83' title="bbox 1974 3620 3574 3693">
     <span class='ocr_line' id='line_1_83' title="bbox 1974 3620 3574 3693; baseline 0.005 -19"><span class='ocrx_word' id='word_1_611' title='bbox 1974 3623 2109 3676; x_wconf 89' lang='lat' dir='ltr'><strong>adeo</strong></span> <span class='ocrx_word' id='word_1_612' title='bbox 2135 3621 2413 3685; x_wconf 85' lang='lat' dir='ltr'><strong>miremur,</strong></span> <span class='ocrx_word' id='word_1_613' title='bbox 2440 3620 2483 3673; x_wconf 89' lang='lat' dir='ltr'><strong>si</strong></span> <span class='ocrx_word' id='word_1_614' title='bbox 2517 3620 2603 3674; x_wconf 86' lang='lat' dir='ltr'><strong>hic</strong></span> <span class='ocrx_word' id='word_1_615' title='bbox 2627 3637 2842 3692; x_wconf 87' lang='lat' dir='ltr'><strong>quoque</strong></span> <span class='ocrx_word' id='word_1_616' title='bbox 2869 3635 3089 3693; x_wconf 83' lang='lat' dir='ltr'><strong>propter</strong></span> <span class='ocrx_word' id='word_1_617' title='bbox 3118 3627 3356 3680; x_wconf 74' lang='lat' dir='ltr'><strong>radicem</strong></span> <span class='ocrx_word' id='word_1_618' title='bbox 3388 3644 3574 3682; x_wconf 86' lang='lat' dir='ltr'><strong>ramus</strong></span> 
     </span>
    </p>
   </div>
   <div class='ocr_carea' id='block_1_84' title="bbox 1976 3713 3568 3789">
    <p class='ocr_par' dir='ltr' id='par_1_84' title="bbox 1976 3713 3568 3789">
     <span class='ocr_line' id='line_1_84' title="bbox 1976 3713 3568 3789; baseline 0.003 -22"><span class='ocrx_word' id='word_1_619' title='bbox 1976 3713 2269 3782; x_wconf 76' lang='lat' dir='ltr'><strong>ignominia</strong></span> <span class='ocrx_word' id='word_1_620' title='bbox 2310 3721 2527 3766; x_wconf 81' lang='lat' dir='ltr'><strong>notatus</strong></span> <span class='ocrx_word' id='word_1_621' title='bbox 2576 3724 2682 3776; x_wconf 84' lang='lat' dir='ltr'><strong>est,</strong></span> <span class='ocrx_word' id='word_1_622' title='bbox 2720 3715 3031 3769; x_wconf 67' lang='lat' dir='ltr'><strong>necessario</strong></span> <span class='ocrx_word' id='word_1_623' title='bbox 3085 3719 3250 3772; x_wconf 81' lang='lat' dir='ltr'><strong>etiam</strong></span> <span class='ocrx_word' id='word_1_624' title='bbox 3277 3718 3351 3772; x_wconf 74' lang='lat' dir='ltr'><strong>&#39;in</strong></span> <span class='ocrx_word' id='word_1_625' title='bbox 3396 3720 3568 3789; x_wconf 87' lang='lat' dir='ltr'><strong>ipsam</strong></span> 
     </span>
    </p>
   </div>
   <div class='ocr_carea' id='block_1_85' title="bbox 1976 3803 3571 3881">
    <p class='ocr_par' dir='ltr' id='par_1_85' title="bbox 1976 3803 3571 3881">
     <span class='ocr_line' id='line_1_85' title="bbox 1976 3803 3571 3881; baseline 0.005 -23"><span class='ocrx_word' id='word_1_626' title='bbox 1976 3807 2213 3858; x_wconf 87' lang='lat' dir='ltr'><strong>radicem</strong></span> <span class='ocrx_word' id='word_1_627' title='bbox 2248 3803 2298 3857; x_wconf 88' lang='lat' dir='ltr'><strong>id</strong></span> <span class='ocrx_word' id='word_1_628' title='bbox 2333 3805 2532 3858; x_wconf 87' lang='lat' dir='ltr'><strong>malum</strong></span> <span class='ocrx_word' id='word_1_629' title='bbox 2583 3807 3006 3862; x_wconf 79' lang='lat' dir='ltr'><strong>transmittens?</strong></span> <span class='ocrx_word' id='word_1_630' title='bbox 3035 3807 3170 3862; x_wconf 85' lang='lat' dir='ltr'><strong>Nam</strong></span> <span class='ocrx_word' id='word_1_631' title='bbox 3213 3827 3366 3863; x_wconf 89' lang='lat' dir='ltr'><strong>ramo</strong></span> <span class='ocrx_word' id='word_1_632' title='bbox 3402 3813 3571 3881; x_wconf 79' lang='lat' dir='ltr'><strong>igno-</strong></span> 
     </span>
    </p>
   </div>
   <div class='ocr_carea' id='block_1_86' title="bbox 1977 3892 3570 3971">
    <p class='ocr_par' dir='ltr' id='par_1_86' title="bbox 1977 3892 3570 3971">
     <span class='ocr_line' id='line_1_86' title="bbox 1977 3892 3570 3971; baseline 0.005 -23"><span class='ocrx_word' id='word_1_633' title='bbox 1977 3895 2136 3948; x_wconf 88' lang='lat' dir='ltr'><strong>minia</strong></span> <span class='ocrx_word' id='word_1_634' title='bbox 2174 3892 2366 3947; x_wconf 75' lang='lat' dir='ltr'><strong>allecto</strong></span> <span class='ocrx_word' id='word_1_635' title='bbox 2395 3908 2499 3947; x_wconf 88' lang='lat' dir='ltr'><strong>non</strong></span> <span class='ocrx_word' id='word_1_636' title='bbox 2538 3896 2715 3947; x_wconf 89' lang='lat' dir='ltr'><strong>minor</strong></span> <span class='ocrx_word' id='word_1_637' title='bbox 2760 3899 3002 3950; x_wconf 88' lang='lat' dir='ltr'><strong>radicem</strong></span> <span class='ocrx_word' id='word_1_638' title='bbox 3048 3901 3325 3954; x_wconf 87' lang='lat' dir='ltr'><strong>cruciatus</strong></span> <span class='ocrx_word' id='word_1_639' title='bbox 3359 3901 3570 3971; x_wconf 75' lang='lat' dir='ltr'><strong>afﬂigit.</strong></span> 
     </span>
    </p>
   </div>
   <div class='ocr_carea' id='block_1_87' title="bbox 1979 3987 3572 4062">
    <p class='ocr_par' dir='ltr' id='par_1_87' title="bbox 1979 3987 3572 4062">
     <span class='ocr_line' id='line_1_87' title="bbox 1979 3987 3572 4062; baseline 0.004 -21"><span class='ocrx_word' id='word_1_640' title='bbox 1979 3989 2148 4041; x_wconf 77' lang='lat' dir='ltr'><strong>liadix</strong></span> <span class='ocrx_word' id='word_1_641' title='bbox 2183 3987 2351 4053; x_wconf 87' lang='lat' dir='ltr'><strong>enim,</strong></span> <span class='ocrx_word' id='word_1_642' title='bbox 2375 4003 2494 4056; x_wconf 66' lang='lat' dir='ltr'><strong>quae</strong></span> <span class='ocrx_word' id='word_1_643' title='bbox 2518 3987 2568 4040; x_wconf 88' lang='lat' dir='ltr'><strong>itt</strong></span> <span class='ocrx_word' id='word_1_644' title='bbox 2594 3988 2735 4042; x_wconf 83' lang='lat' dir='ltr'><strong>votis</strong></span> <span class='ocrx_word' id='word_1_645' title='bbox 2763 3989 2948 4054; x_wconf 82' lang='lat' dir='ltr'><strong>habet,</strong></span> <span class='ocrx_word' id='word_1_646' title='bbox 2983 4007 3192 4044; x_wconf 87' lang='lat' dir='ltr'><strong>ramum</strong></span> <span class='ocrx_word' id='word_1_647' title='bbox 3236 4009 3396 4060; x_wconf 84' lang='lat' dir='ltr'><strong>quam</strong></span> <span class='ocrx_word' id='word_1_648' title='bbox 3427 4001 3572 4062; x_wconf 82' lang='lat' dir='ltr'><strong>opti-</strong></span> 
     </span>
    </p>
   </div>
   <div class='ocr_carea' id='block_1_88' title="bbox 1977 4079 3572 4154">
    <p class='ocr_par' dir='ltr' id='par_1_88' title="bbox 1977 4079 3572 4154">
     <span class='ocr_line' id='line_1_88' title="bbox 1977 4079 3572 4154; baseline 0.003 -22"><span class='ocrx_word' id='word_1_649' title='bbox 1977 4097 2121 4132; x_wconf 88' lang='lat' dir='ltr'><strong>tnnm</strong></span> <span class='ocrx_word' id='word_1_650' title='bbox 2162 4079 2371 4141; x_wconf 79' lang='lat' dir='ltr'><strong>videre,</strong></span> <span class='ocrx_word' id='word_1_651' title='bbox 2408 4079 2496 4130; x_wconf 88' lang='lat' dir='ltr'><strong>ubi</strong></span> <span class='ocrx_word' id='word_1_652' title='bbox 2548 4079 3021 4145; x_wconf 72' lang='lat' dir='ltr'><strong>anitnadw-rterit,</strong></span> <span class='ocrx_word' id='word_1_653' title='bbox 3052 4095 3115 4134; x_wconf 81' lang='lat' dir='ltr'><strong>ex</strong></span> <span class='ocrx_word' id='word_1_654' title='bbox 3163 4100 3260 4136; x_wconf 90' lang='lat' dir='ltr'><strong>sna</strong></span> <span class='ocrx_word' id='word_1_655' title='bbox 3306 4086 3572 4154; x_wconf 81' lang='lat' dir='ltr'><strong>intempe-</strong></span> 
     </span>
    </p>
   </div>
   <div class='ocr_carea' id='block_1_89' title="bbox 1978 4170 3570 4247">
    <p class='ocr_par' dir='ltr' id='par_1_89' title="bbox 1978 4170 3570 4247">
     <span class='ocr_line' id='line_1_89' title="bbox 1978 4170 3570 4247; baseline 0.004 -22"><span class='ocrx_word' id='word_1_656' title='bbox 1978 4171 2152 4225; x_wconf 76' lang='lat' dir='ltr'><strong>rantia</strong></span> <span class='ocrx_word' id='word_1_657' title='bbox 2188 4172 2287 4225; x_wconf 90' lang='lat' dir='ltr'><strong>hoc</strong></span> <span class='ocrx_word' id='word_1_658' title='bbox 2334 4171 2534 4224; x_wconf 86' lang='lat' dir='ltr'><strong>malum</strong></span> <span class='ocrx_word' id='word_1_659' title='bbox 2567 4170 2619 4224; x_wconf 93' lang='lat' dir='ltr'><strong>in</strong></span> <span class='ocrx_word' id='word_1_660' title='bbox 2654 4172 2828 4240; x_wconf 92' lang='lat' dir='ltr'><strong>ipsum</strong></span> <span class='ocrx_word' id='word_1_661' title='bbox 2859 4175 3144 4228; x_wconf 87' lang='lat' dir='ltr'><strong>transiisse</strong></span> <span class='ocrx_word' id='word_1_662' title='bbox 3189 4190 3252 4228; x_wconf 92' lang='lat' dir='ltr'><strong>ac</strong></span> <span class='ocrx_word' id='word_1_663' title='bbox 3301 4191 3570 4247; x_wconf 77' lang='lat' dir='ltr'><strong>propaga-</strong></span> 
     </span>
    </p>
   </div>
   <div class='ocr_carea' id='block_1_90' title="bbox 1978 4265 3574 4342">
    <p class='ocr_par' dir='ltr' id='par_1_90' title="bbox 1978 4265 3574 4342">
     <span class='ocr_line' id='line_1_90' title="bbox 1978 4265 3574 4342; baseline 0.005 -25"><span class='ocrx_word' id='word_1_664' title='bbox 1978 4276 2087 4318; x_wconf 90' lang='lat' dir='ltr'><strong>tum</strong></span> <span class='ocrx_word' id='word_1_665' title='bbox 2125 4279 2266 4329; x_wconf 88' lang='lat' dir='ltr'><strong>esse,</strong></span> <span class='ocrx_word' id='word_1_666' title='bbox 2308 4265 2357 4318; x_wconf 93' lang='lat' dir='ltr'><strong>in</strong></span> <span class='ocrx_word' id='word_1_667' title='bbox 2415 4265 2666 4333; x_wconf 64' lang='lat' dir='ltr'><strong>pra&#39;senti</strong></span> <span class='ocrx_word' id='word_1_668' title='bbox 2699 4265 2916 4333; x_wconf 84' lang='lat' dir='ltr'><strong>quidem</strong></span> <span class='ocrx_word' id='word_1_669' title='bbox 2973 4267 3079 4319; x_wconf 83' lang='lat' dir='ltr'><strong>vita</strong></span> <span class='ocrx_word' id='word_1_670' title='bbox 3139 4271 3376 4338; x_wconf 87' lang='lat' dir='ltr'><strong>propriis</strong></span> <span class='ocrx_word' id='word_1_671' title='bbox 3426 4274 3574 4342; x_wconf 77' lang='lat' dir='ltr'><strong>cogi-</strong></span> 
     </span>
    </p>
   </div>
   <div class='ocr_carea' id='block_1_91' title="bbox 1978 4355 3569 4430">
    <p class='ocr_par' dir='ltr' id='par_1_91' title="bbox 1978 4355 3569 4430">
     <span class='ocr_line' id='line_1_91' title="bbox 1978 4355 3569 4430; baseline 0.006 -22"><span class='ocrx_word' id='word_1_672' title='bbox 1978 4355 2276 4410; x_wconf 86' lang='lat' dir='ltr'><strong>tationibus</strong></span> <span class='ocrx_word' id='word_1_673' title='bbox 2313 4356 2500 4426; x_wconf 87' lang='lat' dir='ltr'><strong>(animi</strong></span> <span class='ocrx_word' id='word_1_674' title='bbox 2542 4357 2682 4412; x_wconf 85' lang='lat' dir='ltr'><strong>male</strong></span> <span class='ocrx_word' id='word_1_675' title='bbox 2714 4358 2818 4412; x_wconf 89' lang='lat' dir='ltr'><strong>sibi</strong></span> <span class='ocrx_word' id='word_1_676' title='bbox 2849 4361 3078 4430; x_wconf 88' lang='lat' dir='ltr'><strong>c0nscii)</strong></span> <span class='ocrx_word' id='word_1_677' title='bbox 3109 4361 3472 4429; x_wconf 82' lang='lat' dir='ltr'><strong>lacerabitur;</strong></span> <span class='ocrx_word' id='word_1_678' title='bbox 3518 4371 3569 4424; x_wconf 85' lang='lat' dir='ltr'><strong>tu</strong></span> 
     </span>
    </p>
   </div>
   <div class='ocr_carea' id='block_1_92' title="bbox 1975 4449 3569 4521">
    <p class='ocr_par' dir='ltr' id='par_1_92' title="bbox 1975 4449 3569 4521">
     <span class='ocr_line' id='line_1_92' title="bbox 1975 4449 3569 4521; baseline 0.006 -20"><span class='ocrx_word' id='word_1_679' title='bbox 1975 4449 2148 4502; x_wconf 87' lang='lat' dir='ltr'><strong>altero</strong></span> <span class='ocrx_word' id='word_1_680' title='bbox 2206 4458 2386 4503; x_wconf 90' lang='lat' dir='ltr'><strong>autem</strong></span> <span class='ocrx_word' id='word_1_681' title='bbox 2431 4451 2627 4504; x_wconf 82' lang='lat' dir='ltr'><strong>saeculo</strong></span> <span class='ocrx_word' id='word_1_682' title='bbox 2670 4451 2834 4504; x_wconf 84' lang='lat' dir='ltr'><strong>etiam</strong></span> <span class='ocrx_word' id='word_1_683' title='bbox 2884 4451 3092 4515; x_wconf 86' lang='lat' dir='ltr'><strong>judicio</strong></span> <span class='ocrx_word' id='word_1_684' title='bbox 3147 4453 3435 4521; x_wconf 77' lang='lat' dir='ltr'><strong>allligetur.</strong></span> <span class='ocrx_word' id='word_1_685' title='bbox 3486 4459 3569 4512; x_wconf 84' lang='lat' dir='ltr'><strong>An</strong></span> 
     </span>
    </p>
   </div>
   <div class='ocr_carea' id='block_1_93' title="bbox 282 4539 1866 4614">
    <p class='ocr_par' dir='ltr' id='par_1_93' title="bbox 282 4539 1866 4613">
     <span class='ocr_line' id='line_1_93' title="bbox 282 4539 1866 4613; baseline -0.001 -17"><span class='ocrx_word' id='word_1_686' title='bbox 282 4544 437 4613; x_wconf 77' lang='grc' dir='ltr'>ἱερᾶς</span> <span class='ocrx_word' id='word_1_687' title='bbox 473 4539 693 4593; x_wconf 81' lang='grc' dir='ltr'>συνόδου</span> <span class='ocrx_word' id='word_1_688' title='bbox 724 4540 821 4592; x_wconf 75' lang='grc' dir='ltr'><strong>καὶ</strong></span> <span class='ocrx_word' id='word_1_689' title='bbox 867 4539 1200 4611; x_wconf 87' lang='grc' dir='ltr'>Ἐκκλησίας</span> <span class='ocrx_word' id='word_1_690' title='bbox 1227 4539 1720 4611; x_wconf 77' lang='grc' dir='ltr'>ἐξοστρακισθῆναι</span> <span class='ocrx_word' id='word_1_691' title='bbox 1753 4541 1866 4594; x_wconf 75' lang='grc' dir='ltr'>ἐθέ-</span> 
     </span>
    </p>
   </div>
   <div class='ocr_carea' id='block_1_94' title="bbox 1974 4539 3574 4614">
    <p class='ocr_par' dir='ltr' id='par_1_94' title="bbox 1980 4542 3574 4614">
     <span class='ocr_line' id='line_1_94' title="bbox 1980 4542 3574 4614; baseline 0.007 -20"><span class='ocrx_word' id='word_1_692' title='bbox 1980 4551 2161 4595; x_wconf 82' lang='lat' dir='ltr'><strong>autetn</strong></span> <span class='ocrx_word' id='word_1_693' title='bbox 2215 4542 2356 4597; x_wconf 86' lang='lat' dir='ltr'><strong>Deus</strong></span> <span class='ocrx_word' id='word_1_694' title='bbox 2411 4544 2574 4595; x_wconf 83' lang='lat' dir='ltr'><strong>etiam</strong></span> <span class='ocrx_word' id='word_1_695' title='bbox 2633 4546 2915 4612; x_wconf 57' lang='lat' dir='ltr'><strong>praescius,</strong></span> <span class='ocrx_word' id='word_1_696' title='bbox 2949 4547 3092 4614; x_wconf 89' lang='lat' dir='ltr'><strong>ipsos</strong></span> <span class='ocrx_word' id='word_1_697' title='bbox 3143 4549 3312 4603; x_wconf 86' lang='lat' dir='ltr'><strong>malos</strong></span> <span class='ocrx_word' id='word_1_698' title='bbox 3361 4551 3574 4606; x_wconf 80' lang='lat' dir='ltr'><strong>iuturus</strong></span> 
     </span>
    </p>
   </div>
   <div class='ocr_carea' id='block_1_95' title="bbox 280 4651 498 4688">
    <p class='ocr_par' dir='ltr' id='par_1_95' title="bbox 280 4651 498 4688">
     <span class='ocr_line' id='line_1_95' title="bbox 280 4651 498 4688; baseline 0 0"><span class='ocrx_word' id='word_1_699' title='bbox 280 4651 498 4688; x_wconf 83' lang='grc' dir='ltr'>σπισεν.</span> 
     </span>
    </p>
   </div>
   <div class='ocr_carea' id='block_1_96' title="bbox 1981 4635 3575 4706">
    <p class='ocr_par' dir='ltr' id='par_1_96' title="bbox 1981 4635 3575 4706">
     <span class='ocr_line' id='line_1_96' title="bbox 1981 4635 3575 4706; baseline 0.006 -18"><span class='ocrx_word' id='word_1_700' title='bbox 1981 4649 2125 4698; x_wconf 82' lang='lat' dir='ltr'><strong>esse,</strong></span> <span class='ocrx_word' id='word_1_701' title='bbox 2159 4635 2307 4688; x_wconf 87' lang='lat' dir='ltr'><strong>hisce</strong></span> <span class='ocrx_word' id='word_1_702' title='bbox 2343 4637 2488 4688; x_wconf 84' lang='lat' dir='ltr'><strong>velut</strong></span> <span class='ocrx_word' id='word_1_703' title='bbox 2527 4636 2754 4690; x_wconf 86' lang='lat' dir='ltr'><strong>vinculis</strong></span> <span class='ocrx_word' id='word_1_704' title='bbox 2785 4637 3108 4706; x_wconf 85' lang='lat' dir='ltr'><strong>quibusdam</strong></span> <span class='ocrx_word' id='word_1_705' title='bbox 3156 4655 3281 4694; x_wconf 83' lang='lat' dir='ltr'><strong>ante</strong></span> <span class='ocrx_word' id='word_1_706' title='bbox 3312 4645 3575 4698; x_wconf 83' lang='lat' dir='ltr'><strong>cohibue-</strong></span> 
     </span>
    </p>
   </div>
   <div class='ocr_carea' id='block_1_97' title="bbox 279 4727 3575 4802">
    <p class='ocr_par' dir='ltr' id='par_1_97' title="bbox 279 4727 3575 4802">
     <span class='ocr_line' id='line_1_97' title="bbox 279 4727 3575 4802; baseline 0.002 -18"><span class='ocrx_word' id='word_1_707' title='bbox 279 4731 370 4796; x_wconf 88' lang='lat' dir='ltr'><strong>rit,</strong></span> <span class='ocrx_word' id='word_1_708' title='bbox 395 4746 458 4784; x_wconf 87' lang='lat' dir='ltr'><strong>ac</strong></span> <span class='ocrx_word' id='word_1_709' title='bbox 486 4727 776 4782; x_wconf 78' lang='lat' dir='ltr'><strong>refrenarit</strong></span> <span class='ocrx_word' id='word_1_710' title='bbox 828 4728 914 4783; x_wconf 87' lang='lat' dir='ltr'><strong>his</strong></span> <span class='ocrx_word' id='word_1_711' title='bbox 960 4728 1145 4794; x_wconf 90' lang='lat' dir='ltr'><strong>malis,</strong></span> <span class='ocrx_word' id='word_1_712' title='bbox 1173 4730 1239 4782; x_wconf 84' lang='lat' dir='ltr'><strong>de</strong></span> <span class='ocrx_word' id='word_1_713' title='bbox 1270 4744 1334 4783; x_wconf 91' lang='lat' dir='ltr'><strong>eo</strong></span> <span class='ocrx_word' id='word_1_714' title='bbox 1373 4730 1505 4786; x_wconf 89' lang='lat' dir='ltr'><strong>nihil</strong></span> <span class='ocrx_word' id='word_1_715' title='bbox 1537 4731 1671 4785; x_wconf 88' lang='lat' dir='ltr'><strong>certi</strong></span> <span class='ocrx_word' id='word_1_716' title='bbox 1735 4730 1904 4785; x_wconf 88' lang='lat' dir='ltr'><strong>habeo</strong></span> <span class='ocrx_word' id='word_1_717' title='bbox 1980 4731 2182 4786; x_wconf 89' lang='lat' dir='ltr'><strong>dicere.</strong></span> <span class='ocrx_word' id='word_1_718' title='bbox 2213 4731 2346 4784; x_wconf 89' lang='lat' dir='ltr'><strong>Illud</strong></span> <span class='ocrx_word' id='word_1_719' title='bbox 2383 4746 2561 4785; x_wconf 88' lang='lat' dir='ltr'><strong>autem</strong></span> <span class='ocrx_word' id='word_1_720' title='bbox 2616 4735 2954 4788; x_wconf 82' lang='lat' dir='ltr'><strong>conﬁdenter</strong></span> <span class='ocrx_word' id='word_1_721' title='bbox 3000 4739 3398 4802; x_wconf 86' lang='lat' dir='ltr'><strong>contenderim,</strong></span> <span class='ocrx_word' id='word_1_722' title='bbox 3443 4741 3575 4794; x_wconf 85' lang='lat' dir='ltr'><strong>tales</strong></span> 
     </span>
    </p>
   </div>
   <div class='ocr_carea' id='block_1_98' title="bbox 277 4823 3574 4900">
    <p class='ocr_par' dir='ltr' id='par_1_98' title="bbox 277 4823 3574 4900">
     <span class='ocr_line' id='line_1_98' title="bbox 277 4823 3574 4900; baseline 0.003 -23"><span class='ocrx_word' id='word_1_723' title='bbox 277 4823 505 4877; x_wconf 83' lang='lat' dir='ltr'><strong>morbos</strong></span> <span class='ocrx_word' id='word_1_724' title='bbox 555 4825 738 4876; x_wconf 88' lang='lat' dir='ltr'><strong>multis</strong></span> <span class='ocrx_word' id='word_1_725' title='bbox 772 4824 936 4878; x_wconf 92' lang='lat' dir='ltr'><strong>etiam</strong></span> <span class='ocrx_word' id='word_1_726' title='bbox 971 4837 1293 4876; x_wconf 87' lang='lat' dir='ltr'><strong>coronarmn</strong></span> <span class='ocrx_word' id='word_1_727' title='bbox 1365 4838 1561 4875; x_wconf 77' lang='lat' dir='ltr'><strong>causas</strong></span> <span class='ocrx_word' id='word_1_728' title='bbox 1611 4834 1699 4875; x_wconf 90' lang='lat' dir='ltr'><strong>aut</strong></span> <span class='ocrx_word' id='word_1_729' title='bbox 1750 4823 2066 4876; x_wconf 89' lang='lat' dir='ltr'><strong>occasiones</strong></span> <span class='ocrx_word' id='word_1_730' title='bbox 2128 4825 2426 4877; x_wconf 81' lang='lat' dir='ltr'><strong>exstitisse.</strong></span> <span class='ocrx_word' id='word_1_731' title='bbox 2455 4825 2605 4890; x_wconf 78' lang='lat' dir='ltr'><strong>Quod</strong></span> <span class='ocrx_word' id='word_1_732' title='bbox 2666 4827 2707 4879; x_wconf 87' lang='lat' dir='ltr'><strong>si</strong></span> <span class='ocrx_word' id='word_1_733' title='bbox 2753 4828 2836 4880; x_wconf 76' lang='lat' dir='ltr'><strong>lex</strong></span> <span class='ocrx_word' id='word_1_734' title='bbox 2870 4827 3056 4897; x_wconf 81' lang='lat' dir='ltr'><strong>(Paulo</strong></span> <span class='ocrx_word' id='word_1_735' title='bbox 3090 4832 3250 4900; x_wconf 77' lang='lat' dir='ltr'><strong>lCSle)</strong></span> <span class='ocrx_word' id='word_1_736' title='bbox 3325 4832 3574 4886; x_wconf 86' lang='lat' dir='ltr'><strong>umbram</strong></span> 
     </span>
    </p>
   </div>
   <div class='ocr_carea' id='block_1_99' title="bbox 279 4915 3572 5004">
    <p class='ocr_par' dir='ltr' id='par_1_99' title="bbox 279 4915 3572 5004">
     <span class='ocr_line' id='line_1_99' title="bbox 279 4915 3572 5004; baseline 0.002 -34"><span class='ocrx_word' id='word_1_737' title='bbox 279 4917 468 4970; x_wconf 87' lang='lat' dir='ltr'><strong>habuit</strong></span> <span class='ocrx_word' id='word_1_738' title='bbox 499 4917 806 4969; x_wconf 83' lang='lat' dir='ltr'><strong>futurorum</strong></span> <span class='ocrx_word' id='word_1_739' title='bbox 836 4916 1122 4978; x_wconf 86' lang='lat' dir='ltr'><strong>honorum,</strong></span> <span class='ocrx_word' id='word_1_740' title='bbox 1153 4927 1207 4968; x_wconf 89' lang='lat' dir='ltr'><strong>et</strong></span> <span class='ocrx_word' id='word_1_741' title='bbox 1239 4931 1343 4967; x_wconf 92' lang='lat' dir='ltr'><strong>non</strong></span> <span class='ocrx_word' id='word_1_742' title='bbox 1391 4916 1562 4981; x_wconf 88' lang='lat' dir='ltr'><strong>ipsam</strong></span> <span class='ocrx_word' id='word_1_743' title='bbox 1608 4915 1898 4984; x_wconf 76' lang='lat' dir='ltr'><strong>imaginem</strong></span> <span class='ocrx_word' id='word_1_744' title='bbox 1942 4931 2145 4976; x_wconf 86' lang='lat' dir='ltr'><strong>rerum,</strong></span> <span class='ocrx_word' id='word_1_745' title='bbox 2188 4927 2342 4984; x_wconf 85' lang='lat' dir='ltr'><strong>puto,</strong></span> <span class='ocrx_word' id='word_1_746' title='bbox 2377 4918 2518 4984; x_wconf 89' lang='lat' dir='ltr'><strong>quod</strong></span> <span class='ocrx_word' id='word_1_747' title='bbox 2560 4919 2658 4970; x_wconf 86' lang='lat' dir='ltr'><strong>sub</strong></span> <span class='ocrx_word' id='word_1_748' title='bbox 2704 4933 2932 4986; x_wconf 79' lang='lat' dir='ltr'><strong>persona</strong></span> <span class='ocrx_word' id='word_1_749' title='bbox 2985 4921 3182 5004; x_wconf 69' lang='lat' dir='ltr'><strong>leprosi</strong></span> <span class='ocrx_word' id='word_1_750' title='bbox 3224 4923 3572 4992; x_wconf 82' lang='lat' dir='ltr'><strong>designatum</strong></span> 
     </span>
    </p>
   </div>
   <div class='ocr_carea' id='block_1_100' title="bbox 281 5011 3579 5090">
    <p class='ocr_par' dir='ltr' id='par_1_100' title="bbox 281 5011 3579 5090">
     <span class='ocr_line' id='line_1_100' title="bbox 281 5011 3579 5090; baseline 0.003 -24"><span class='ocrx_word' id='word_1_751' title='bbox 281 5014 564 5067; x_wconf 90' lang='lat' dir='ltr'><strong>hominem</strong></span> <span class='ocrx_word' id='word_1_752' title='bbox 593 5013 803 5064; x_wconf 82' lang='lat' dir='ltr'><strong>varium</strong></span> <span class='ocrx_word' id='word_1_753' title='bbox 835 5023 890 5066; x_wconf 87' lang='lat' dir='ltr'><strong>et</strong></span> <span class='ocrx_word' id='word_1_754' title='bbox 954 5011 1166 5063; x_wconf 82' lang='lat' dir='ltr'><strong>valrum</strong></span> <span class='ocrx_word' id='word_1_755' title='bbox 1219 5021 1381 5079; x_wconf 85' lang='lat' dir='ltr'><strong>atque</strong></span> <span class='ocrx_word' id='word_1_756' title='bbox 1432 5011 1756 5069; x_wconf 86' lang='lat' dir='ltr'><strong>malelicum.</strong></span> <span class='ocrx_word' id='word_1_757' title='bbox 1813 5026 1909 5080; x_wconf 87' lang='lat' dir='ltr'><strong>per</strong></span> <span class='ocrx_word' id='word_1_758' title='bbox 1981 5011 2366 5076; x_wconf 84' lang='lat' dir='ltr'><strong>seminillnmn,</strong></span> <span class='ocrx_word' id='word_1_759' title='bbox 2433 5024 2788 5066; x_wconf 78' lang='lat' dir='ltr'><strong>scortatnrcm</strong></span> <span class='ocrx_word' id='word_1_760' title='bbox 2855 5027 2907 5068; x_wconf 88' lang='lat' dir='ltr'><strong>et</strong></span> <span class='ocrx_word' id='word_1_761' title='bbox 2966 5018 3268 5086; x_wconf 86' lang='lat' dir='ltr'><strong>impurum;</strong></span> <span class='ocrx_word' id='word_1_762' title='bbox 3326 5037 3422 5090; x_wconf 88' lang='lat' dir='ltr'><strong>per</strong></span> <span class='ocrx_word' id='word_1_763' title='bbox 3477 5023 3579 5076; x_wconf 90' lang='lat' dir='ltr'><strong>im-</strong></span> 
     </span>
    </p>
   </div>
   <div class='ocr_carea' id='block_1_101' title="bbox 282 5101 3582 5186">
    <p class='ocr_par' dir='ltr' id='par_1_101' title="bbox 282 5101 3582 5186">
     <span class='ocr_line' id='line_1_101' title="bbox 282 5101 3582 5186; baseline 0.003 -27"><span class='ocrx_word' id='word_1_764' title='bbox 282 5106 544 5159; x_wconf 90' lang='lat' dir='ltr'><strong>mundum</strong></span> <span class='ocrx_word' id='word_1_765' title='bbox 597 5104 650 5157; x_wconf 91' lang='lat' dir='ltr'><strong>in</strong></span> <span class='ocrx_word' id='word_1_766' title='bbox 690 5104 870 5157; x_wconf 85' lang='lat' dir='ltr'><strong>anima</strong></span> <span class='ocrx_word' id='word_1_767' title='bbox 903 5103 1162 5167; x_wconf 89' lang='lat' dir='ltr'><strong>hominis,</strong></span> <span class='ocrx_word' id='word_1_768' title='bbox 1188 5101 1353 5174; x_wconf 65' lang='grc'><strong>492</strong></span> <span class='ocrx_word' id='word_1_769' title='bbox 1386 5103 1487 5157; x_wconf 84' lang='lat' dir='ltr'><strong>hoc</strong></span> <span class='ocrx_word' id='word_1_770' title='bbox 1512 5113 1596 5156; x_wconf 90' lang='lat' dir='ltr'><strong>est</strong></span> <span class='ocrx_word' id='word_1_771' title='bbox 1632 5119 1726 5170; x_wconf 92' lang='lat' dir='ltr'><strong>per</strong></span> <span class='ocrx_word' id='word_1_772' title='bbox 1759 5119 1879 5157; x_wconf 84' lang='lat' dir='ltr'><strong>eum</strong></span> <span class='ocrx_word' id='word_1_773' title='bbox 1921 5107 2010 5173; x_wconf 92' lang='lat' dir='ltr'><strong>qui</strong></span> <span class='ocrx_word' id='word_1_774' title='bbox 2047 5105 2219 5173; x_wconf 76' lang='lat' dir='ltr'><strong>tetigit</strong></span> <span class='ocrx_word' id='word_1_775' title='bbox 2248 5119 2445 5174; x_wconf 83' lang='lat' dir='ltr'><strong>corpus</strong></span> <span class='ocrx_word' id='word_1_776' title='bbox 2513 5117 2808 5172; x_wconf 88' lang='lat' dir='ltr'><strong>mortuum,</strong></span> <span class='ocrx_word' id='word_1_777' title='bbox 2838 5126 2960 5161; x_wconf 89' lang='lat' dir='ltr'><strong>cum</strong></span> <span class='ocrx_word' id='word_1_778' title='bbox 3008 5112 3097 5178; x_wconf 89' lang='lat' dir='ltr'><strong>qui</strong></span> <span class='ocrx_word' id='word_1_779' title='bbox 3150 5115 3388 5168; x_wconf 87' lang='lat' dir='ltr'><strong>animam</strong></span> <span class='ocrx_word' id='word_1_780' title='bbox 3456 5133 3582 5186; x_wconf 74' lang='lat' dir='ltr'><strong>pec-</strong></span> 
     </span>
    </p>
   </div>
   <div class='ocr_carea' id='block_1_102' title="bbox 280 5196 3579 5276">
    <p class='ocr_par' dir='ltr' id='par_1_102' title="bbox 280 5196 3579 5276">
     <span class='ocr_line' id='line_1_102' title="bbox 280 5196 3579 5276; baseline 0.004 -27"><span class='ocrx_word' id='word_1_781' title='bbox 280 5196 547 5252; x_wconf 82' lang='lat' dir='ltr'><strong>catricem</strong></span> <span class='ocrx_word' id='word_1_782' title='bbox 594 5209 694 5261; x_wconf 89' lang='lat' dir='ltr'><strong>ope</strong></span> <span class='ocrx_word' id='word_1_783' title='bbox 749 5204 802 5250; x_wconf 92' lang='lat' dir='ltr'><strong>et</strong></span> <span class='ocrx_word' id='word_1_784' title='bbox 852 5196 1056 5250; x_wconf 76' lang='lat' dir='ltr'><strong>auxilio</strong></span> <span class='ocrx_word' id='word_1_785' title='bbox 1091 5196 1354 5268; x_wconf 62' lang='lat' dir='ltr'><strong>adjuvat;</strong></span> <span class='ocrx_word' id='word_1_786' title='bbox 1384 5197 1616 5267; x_wconf 85' lang='lat' dir='ltr'><strong>denique</strong></span> <span class='ocrx_word' id='word_1_787' title='bbox 1654 5214 1747 5266; x_wconf 87' lang='lat' dir='ltr'><strong>per</strong></span> <span class='ocrx_word' id='word_1_788' title='bbox 1795 5197 2088 5266; x_wconf 76' lang='lat' dir='ltr'><strong>lugentem,</strong></span> <span class='ocrx_word' id='word_1_789' title='bbox 2157 5215 2278 5252; x_wconf 88' lang='lat' dir='ltr'><strong>emn</strong></span> <span class='ocrx_word' id='word_1_790' title='bbox 2353 5200 2442 5268; x_wconf 89' lang='lat' dir='ltr'><strong>qui</strong></span> <span class='ocrx_word' id='word_1_791' title='bbox 2490 5201 2554 5253; x_wconf 84' lang='lat' dir='ltr'><strong>de</strong></span> <span class='ocrx_word' id='word_1_792' title='bbox 2594 5200 2998 5258; x_wconf 80' lang='lat' dir='ltr'><strong>calamitatibus</strong></span> <span class='ocrx_word' id='word_1_793' title='bbox 3067 5206 3183 5259; x_wconf 90' lang='lat' dir='ltr'><strong>suis</strong></span> <span class='ocrx_word' id='word_1_794' title='bbox 3216 5211 3474 5276; x_wconf 85' lang='lat' dir='ltr'><strong>querulus</strong></span> <span class='ocrx_word' id='word_1_795' title='bbox 3524 5220 3579 5265; x_wconf 89' lang='lat' dir='ltr'><strong>et</strong></span> 
     </span>
    </p>
   </div>
   <div class='ocr_carea' id='block_1_103' title="bbox 281 5288 3223 5369">
    <p class='ocr_par' dir='ltr' id='par_1_103' title="bbox 281 5288 3223 5369">
     <span class='ocr_line' id='line_1_103' title="bbox 281 5288 3223 5369; baseline 0.004 -26"><span class='ocrx_word' id='word_1_796' title='bbox 281 5288 623 5358; x_wconf 76' lang='lat' dir='ltr'><strong>lacrytnosus</strong></span> <span class='ocrx_word' id='word_1_797' title='bbox 649 5297 755 5354; x_wconf 88' lang='lat' dir='ltr'><strong>est,</strong></span> <span class='ocrx_word' id='word_1_798' title='bbox 785 5301 851 5342; x_wconf 78' lang='lat' dir='ltr'><strong>ex</strong></span> <span class='ocrx_word' id='word_1_799' title='bbox 885 5303 1043 5342; x_wconf 89' lang='lat' dir='ltr'><strong>sacro</strong></span> <span class='ocrx_word' id='word_1_800' title='bbox 1069 5299 1212 5344; x_wconf 79' lang='lat' dir='ltr'><strong>ccetu</strong></span> <span class='ocrx_word' id='word_1_801' title='bbox 1245 5290 1643 5360; x_wconf 83' lang='lat' dir='ltr'><strong>inculpatorum</strong></span> <span class='ocrx_word' id='word_1_802' title='bbox 1703 5291 2006 5354; x_wconf 89' lang='lat' dir='ltr'><strong>hominum,</strong></span> <span class='ocrx_word' id='word_1_803' title='bbox 2038 5304 2090 5344; x_wconf 90' lang='lat' dir='ltr'><strong>et</strong></span> <span class='ocrx_word' id='word_1_804' title='bbox 2121 5293 2188 5344; x_wconf 86' lang='lat' dir='ltr'><strong>ab</strong></span> <span class='ocrx_word' id='word_1_805' title='bbox 2221 5293 2461 5347; x_wconf 78' lang='lat' dir='ltr'><strong>Ecclesia</strong></span> <span class='ocrx_word' id='word_1_806' title='bbox 2491 5297 2843 5349; x_wconf 72' lang='lat' dir='ltr'><strong>exterminari</strong></span> <span class='ocrx_word' id='word_1_807' title='bbox 2883 5302 3223 5369; x_wconf 73' lang='lat' dir='ltr'><strong>pruiceperit.</strong></span> 
     </span>
    </p>
   </div>
   <div class='ocr_carea' id='block_1_104' title="bbox 1432 5491 2488 5558">
    <p class='ocr_par' dir='ltr' id='par_1_104' title="bbox 1432 5491 2488 5558">
     <span class='ocr_line' id='line_1_104' title="bbox 1432 5491 2488 5558; baseline 0.009 -14"><span class='ocrx_word' id='word_1_808' title='bbox 1432 5491 1664 5548; x_wconf 78' lang='lat' dir='ltr'><strong>VARle</strong></span> <span class='ocrx_word' id='word_1_809' title='bbox 1703 5492 2090 5558; x_wconf 75' lang='lat' dir='ltr'><strong>LECTIUNES</strong></span> <span class='ocrx_word' id='word_1_810' title='bbox 2125 5493 2214 5550; x_wconf 83' lang='lat' dir='ltr'><strong>ET</strong></span> <span class='ocrx_word' id='word_1_811' title='bbox 2250 5494 2488 5553; x_wconf 73' lang='lat' dir='ltr'><strong>NOT/E.</strong></span> 
     </span>
    </p>
   </div>
   <div class='ocr_carea' id='block_1_105' title="bbox 354 5692 1860 5766">
    <p class='ocr_par' dir='ltr' id='par_1_105' title="bbox 354 5692 1860 5766">
     <span class='ocr_line' id='line_1_105' title="bbox 354 5692 1860 5766; baseline 0.004 -20"><span class='ocrx_word' id='word_1_812' title='bbox 354 5692 468 5764; x_wconf 71' lang='grc'><strong>(52)</strong></span> <span class='ocrx_word' id='word_1_813' title='bbox 500 5692 604 5766; x_wconf 68' lang='lat' dir='ltr'><strong>Pro</strong></span> <span class='ocrx_word' id='word_1_814' title='bbox 654 5694 951 5766; x_wconf 76' lang='grc' dir='ltr'>τεκμήριον</span> <span class='ocrx_word' id='word_1_815' title='bbox 996 5694 1134 5748; x_wconf 84' lang='lat' dir='ltr'><strong>idem</strong></span> <span class='ocrx_word' id='word_1_816' title='bbox 1190 5698 1311 5751; x_wconf 91' lang='lat' dir='ltr'><strong>cod.</strong></span> <span class='ocrx_word' id='word_1_817' title='bbox 1345 5695 1466 5752; x_wconf 80' lang='lat' dir='ltr'><strong>Vat.</strong></span> <span class='ocrx_word' id='word_1_818' title='bbox 1520 5699 1714 5761; x_wconf 75' lang='lat' dir='ltr'><strong>scribit</strong></span> <span class='ocrx_word' id='word_1_819' title='bbox 1769 5718 1860 5754; x_wconf 83' lang='grc' dir='ltr'>τε-</span> 
     </span>
    </p>
   </div>
   <div class='ocr_carea' id='block_1_106' title="bbox 284 5763 750 5833">
    <p class='ocr_par' dir='ltr' id='par_1_106' title="bbox 284 5763 750 5833">
     <span class='ocr_line' id='line_1_106' title="bbox 284 5763 750 5833; baseline 0.009 -19"><span class='ocrx_word' id='word_1_820' title='bbox 284 5763 750 5833; x_wconf 66' lang='grc' dir='ltr'>κμηριοῖΡοεειιι,</span> 
     </span>
    </p>
   </div>
   <div class='ocr_carea' id='block_1_107' title="bbox 351 5835 1756 5913">
    <p class='ocr_par' dir='ltr' id='par_1_107' title="bbox 351 5835 1756 5913">
     <span class='ocr_line' id='line_1_107' title="bbox 351 5835 1756 5913; baseline 0.005 -27"><span class='ocrx_word' id='word_1_821' title='bbox 351 5835 462 5903; x_wconf 80' lang='lat'><strong>(55)</strong></span> <span class='ocrx_word' id='word_1_822' title='bbox 503 5835 778 5906; x_wconf 83' lang='grc' dir='ltr'>Ὴτιμώθη</span> <span class='ocrx_word' id='word_1_823' title='bbox 821 5836 958 5890; x_wconf 89' lang='lat' dir='ltr'><strong>idem</strong></span> <span class='ocrx_word' id='word_1_824' title='bbox 995 5845 1164 5891; x_wconf 84' lang='lat' dir='ltr'><strong>mutat</strong></span> <span class='ocrx_word' id='word_1_825' title='bbox 1212 5838 1262 5892; x_wconf 94' lang='lat' dir='ltr'><strong>in</strong></span> <span class='ocrx_word' id='word_1_826' title='bbox 1304 5841 1644 5913; x_wconf 71' lang='grc' dir='ltr'>ἐτιμωρήθη.</span> <span class='ocrx_word' id='word_1_827' title='bbox 1683 5839 1756 5894; x_wconf 83' lang='lat' dir='ltr'><strong>lo.</strong></span> 
     </span>
    </p>
   </div>
   <div class='ocr_carea' id='block_1_108' title="bbox 2050 5706 3574 5778">
    <p class='ocr_par' dir='ltr' id='par_1_108' title="bbox 2050 5706 3574 5778">
     <span class='ocr_line' id='line_1_108' title="bbox 2050 5706 3574 5778; baseline 0.005 -20"><span class='ocrx_word' id='word_1_828' title='bbox 2050 5706 2164 5776; x_wconf 63' lang='grc'><strong>(54)</strong></span> <span class='ocrx_word' id='word_1_829' title='bbox 2202 5707 2307 5761; x_wconf 85' lang='lat' dir='ltr'><strong>Pro</strong></span> <span class='ocrx_word' id='word_1_830' title='bbox 2338 5708 2555 5772; x_wconf 87' lang='grc' dir='ltr'>πολλοῖς</span> <span class='ocrx_word' id='word_1_831' title='bbox 2587 5709 2781 5763; x_wconf 91' lang='lat' dir='ltr'><strong>iterum</strong></span> <span class='ocrx_word' id='word_1_832' title='bbox 2835 5711 2992 5778; x_wconf 87' lang='lat' dir='ltr'><strong>ponit</strong></span> <span class='ocrx_word' id='word_1_833' title='bbox 3040 5709 3321 5778; x_wconf 80' lang='grc' dir='ltr'>πολλάκις,</span> <span class='ocrx_word' id='word_1_834' title='bbox 3350 5722 3404 5768; x_wconf 87' lang='lat' dir='ltr'><strong>et</strong></span> <span class='ocrx_word' id='word_1_835' title='bbox 3432 5723 3574 5770; x_wconf 73' lang='lat' dir='ltr'><strong>vers.</strong></span> 
     </span>
    </p>
   </div>
   <div class='ocr_carea' id='block_1_109' title="bbox 1981 5778 3221 5850">
    <p class='ocr_par' dir='ltr' id='par_1_109' title="bbox 1981 5778 3221 5850">
     <span class='ocr_line' id='line_1_109' title="bbox 1981 5778 3221 5850; baseline 0.006 -20"><span class='ocrx_word' id='word_1_836' title='bbox 1981 5778 2102 5833; x_wconf 88' lang='lat' dir='ltr'><strong>inde</strong></span> <span class='ocrx_word' id='word_1_837' title='bbox 2133 5778 2164 5833; x_wconf 78' lang='grc'>5</span> <span class='ocrx_word' id='word_1_838' title='bbox 2202 5781 2341 5835; x_wconf 84' lang='lat' dir='ltr'><strong>inter</strong></span> <span class='ocrx_word' id='word_1_839' title='bbox 2377 5779 2546 5850; x_wconf 75' lang='grc' dir='ltr'>αὑτήν</span> <span class='ocrx_word' id='word_1_840' title='bbox 2582 5792 2636 5836; x_wconf 87' lang='lat' dir='ltr'><strong>et</strong></span> <span class='ocrx_word' id='word_1_841' title='bbox 2667 5781 2847 5834; x_wconf 65' lang='grc' dir='ltr'>εἰκόνα</span> <span class='ocrx_word' id='word_1_842' title='bbox 2884 5781 3072 5837; x_wconf 84' lang='lat' dir='ltr'><strong>inserit</strong></span> <span class='ocrx_word' id='word_1_843' title='bbox 3103 5785 3221 5850; x_wconf 76' lang='grc' dir='ltr'>τήν.</span> 
     </span>
    </p>
   </div>
  </div>
