3988 6458
489 346 625 415 1223

801 459 1004 518 CXLII.
1054 491 1120 508 .—-
1164 459 1395 516 HELIA'S
1433 460 1751 526 DIAGONO.

659 570 725 626 In
756 570 906 636 illud,
936 589 954 621 ι
986 569 1050 625 1η
1075 572 1331 640 principio
1360 583 1470 627 erat
1514 570 1734 626 Verbum
1762 573 1828 627 ".
1869 592 1886 626 ι

553 681 738 738 Sacra:
787 681 1007 738 Litterae
1058 683 1314 753 temporis
1365 691 1652 753 expertem
1704 693 1757 739 et
1810 693 2066 738 aeternam

481 785 645 843 atque
699 774 1090 841 immediatam,
1121 774 1377 845 omnique
1407 787 1462 829 et
1494 775 1742 829 oratione
1784 785 1836 829 et
1888 782 2070 828 mente

486 868 824 934 superiorem
853 865 1053 922 Christi
1097 881 1125 919 a
1161 864 1324 922 Patre
1378 861 1816 936 progressionem
1878 873 2072 919 vocant

479 958 910 1026 generationem,
943 973 1051 1013 non
1082 967 1138 1012 ut
1171 961 1572 1029 perpessionem
1611 958 1844 1028 aliquam
1875 960 2070 1012 adum-

481 1051 658 1116 brent,
705 1053 798 1107 sed
828 1062 887 1108 ut
940 1053 1212 1116 essentize,
1267 1060 1326 1108 ut
1362 1053 1441 1108 sic
1489 1052 1703 1122 loquar,
1732 1051 2068 1106 identitatem

482 1152 747 1198 statuant.
779 1143 911 1198 Nam
946 1159 1067 1213 quae
1099 1146 1390 1214 gignuntur
1441 1157 1632 1198 revera
1657 1144 1903 1198 eamdem
1946 1158 2068 1198 cum

485 1234 831 1302 gignentibus
856 1236 1148 1288 essentiam
1185 1235 1407 1290 habent.
1441 1234 1546 1291 Sed
1580 1251 1645 1290 ne
1680 1236 1948 1291 recentius
1979 1245 2072 1291 aut

480 1329 750 1396 posterius
791 1327 920 1398 quid
964 1327 1105 1382 forte
1131 1329 1416 1399 cogitetur
1449 1347 1462 1384 :
1503 1347 1521 1382 ι
1560 1328 1616 1383 In
1666 1329 1953 1400 principio,
1985 1330 2070 1384 iu.-

479 1423 698 1489 quiunt,
729 1432 845 1500 erat
895 1420 1153 1477 Verbum.
1194 1439 1214 1473 ι
1255 1419 1461 1478 Deinde
1511 1422 1676 1477 etiam
1716 1422 1956 1492 ejusdem
1994 1421 2063 1474 ad

1710 354 1770 416 S.
1817 351 2106 415 ISIDORI
2145 348 2582 412 PELUSIOTxE

2563 455 2744 511 mm.
2783 485 2851 495 —
2876 455 3042 527 ΗΛΙᾼ
3078 456 3403 528 ΔΙΛΚΟΝῼ.

2433 571 2536 638 Εἰς
2565 572 2631 624 τό
2655 587 2668 600 ·
2707 589 2725 622 ι
2770 569 2872 624 Ἑν
2892 570 3050 638 ἀρχῇ
3079 565 3158 640 ἦν
3199 573 3233 625 ό
3270 571 3486 640 Λόγος.
3520 590 3542 626 ι

2241 684 2352 756 Τὴν
2374 685 2598 756 ἄχρονον
2627 681 2720 734 καὶ
2749 682 2922 735 ἀΐδιον
2953 682 3048 734 καὶ
3081 681 3462 751 ἀμεσίτευτον,
3496 683 3594 738 καὶ
3617 702 3741 738 παν⁸

2168 775 2259 838 τὸς
2292 775 2450 842 λόγου
2470 773 2563 826 καὶ
2591 769 2684 824 νοῦ
2717 771 3002 843 κρείττονα
3023 771 3250 842 πρόοδον
3270 772 3364 825 τοῦ
3388 774 3628 845 Χριστοῦ
3646 775 3760 846 (55]

2170 866 2280 920 ἀπδ
2314 865 2546 935 Πατρὸς,
2586 863 2840 932 γέννησιν
2874 861 3132 914 καλοῦσιν
3165 863 3221 915 αἱ
3276 863 3514 934 Γραφαὶ,
3547 865 3646 936 οὐχ
3676 865 3763 920 ἵνα

2171 958 2343 1020 πάθος
2373 955 2787 1028 ὑπογράψωσιν,
2818 953 2933 1006 ἀλλ’
2957 955 3044 1008 ἵνα
3062 953 3122 1007 τὸ
3141 955 3429 1025 ὁμοούσιον
3461 958 3760 1026 στήσωσιν.

2184 1047 2481 1120 Ὀμοοῦσια
2529 1047 2636 1120 γὰρ
2667 1046 2745 1118 τῷ
2784 1046 2899 1100 όντι
2925 1046 2992 1100 τά
3026 1043 3327 1119 τικτόμενα
3376 1053 3489 1115 τοῖς
3536 1050 3763 1109 τίκτου-

2173 1159 2258 1195 σιν
2298 1127 2433 1209 (Βϐ),
2484 1140 2602 1193 Ἱνα
2636 1139 2694 1192 δὲ
2747 1140 2820 1209 μὴ
2867 1139 3132 1211 νεώτερον
3175 1140 3536 1213 ἐπινοηθείη,
3592 1162 3610 1195 ι
3675 1146 3763 1198 Ἐν

2169 1235 2310 1308 ἀρχῇ
2342 1228 2409 1303 ἧν
2469 1232 2497 1284 ὁ
2537 1231 2739 1299 Λόγος,
2782 1250 2800 1283 ι
2849 1231 3032 1300 φασίν.
3086 1227 3219 1285 Εἶτα
3274 1235 3370 1286 καὶ
3421 1235 3519 1305 τὴν
3571 1236 3762 1305 σχέσιν

2171 1323 2505 1395 κηρύττουσι
2529 1321 2630 1393 τὴν
2665 1322 2802 1392 πρὸς
2828 1325 2919 1376 τὸν
2954 1323 3200 1395 Πατέρα”
3237 1343 3256 1376 ι
3303 1327 3397 1378 καὶ
3426 1326 3455 1377 ό
3491 1327 3667 1395 Λόγος
3691 1323 3761 1398 ἦν

2171 1417 2310 1490 πρὸς
2339 1416 2429 1470 τὸν
2451 1415 2604 1469 Θεόν.
2645 1434 2663 1467 ι
2690 1412 2822 1469 Εῐτα
2851 1418 2944 1470 καὶ
2968 1417 3066 1488 τὴν
3098 1417 3286 1484 ἀξίαν·
3333 1438 3351 1470 ι
3387 1421 3498 1474 Καὶ
3533 1420 3669 1485 Θεὸς
3691 1417 3761 1492 ἦν

479 1513 692 1566 Patrem
734 1513 1101 1568 habitudinem
1138 1513 1457 1582 praedicant,
1504 1529 1628 1568 cum
1677 1513 1874 1567 aiunt:
1928 1529 1947 1563 ι
2005 1511 2058 1567 Et

2170 1513 2198 1566 ό
2233 1511 2424 1579 Λόγος.
2465 1527 2483 1561 ι
2536 1509 2632 1562 Ἐκ
2678 1508 2777 1579 μιν
2804 1509 2898 1563 τοῦ
2948 1509 3074 1564 Υίοῦ
3121 1511 3184 1564 τὸ
3223 1512 3509 1583 όμοούσιον
3533 1530 3546 1543 ·
3593 1515 3660 1566 ὲκ
3697 1515 3761 1569 δί

486 1603 720 1660 Verbum
754 1616 869 1660 erat
900 1609 1038 1675 apud
1069 1604 1259 1660 Deum.
1292 1624 1310 1657 ›
1350 1603 1597 1661 Posthaec
1628 1616 1682 1661 et
1709 1604 2020 1675 dignitatem
2051 1623 2058 1658 :

2167 1602 2262 1658 τοῦ
2302 1602 2479 1669 Λόγου
2509 1599 2571 1654 τὸ
2610 1600 2820 1664 ἀπαθές
2841 1615 2858 1632 ο
2889 1601 2952 1654 ἐκ
2981 1601 3038 1654 δὲ
3077 1601 3174 1655 τοῦ
3218 1605 3274 1655 ὲν
3329 1605 3472 1675 ἀρχῇ
3505 1597 3671 1669 εἶναι,
3700 1608 3762 1660 τὸ

486 1715 505 1747 ι
543 1696 608 1749 Ει
640 1695 779 1751 Deus
829 1705 951 1751 erat
981 1695 1242 1753 Verbum.
1293 1715 1313 1748 ι
1367 1695 1545 1764 Quare
1592 1709 1659 1751 ex
1713 1695 2058 1765 appellatione

2171 1696 2446 1750 συνατδιον
2465 1711 2477 1724 ·
2509 1697 2574 1748 ὲκ
2612 1693 2669 1748 δὲ
2706 1694 2800 1747 τοῦ
2832 1694 2966 1765 πρὸς
2989 1695 3084 1748 τὸν
3116 1695 3248 1749 Θεὸν
3278 1693 3438 1765 εἶναι,
3488 1699 3591 1770 τὴν
3615 1700 3758 1771 πρὸς

481 1783 601 1840 Filii
636 1787 879 1842 eauulem
931 1787 1219 1842 essentiam
1255 1804 1270 1843 :
1314 1802 1380 1843 ex
1439 1785 1620 1844 Verbo
1665 1787 2058 1858 generationem

2166 1789 2258 1842 τὸν
2294 1787 2515 1856 Πατέρα
2547 1786 2887 1858 οίκειότητα’
2922 1787 3010 1840 διὰ
3054 1787 3110 1841 δὲ
3151 1787 3245 1841 τοῦ
3284 1788 3420 1842 Θεὸν
3465 1785 3628 1855 εἶναι,
3659 1792 3762 1861 τὴν

482 1876 844 1945 perpessionis
888 1887 1168 1947 expertem
1203 1893 1218 1945 ;
1251 1892 1315 1932 ex
1345 1893 1410 1933 eo
1441 1893 1604 1950 porro
1628 1850 1772 1948 quod
1814 1878 1981 1940 fuerit
2009 1877 2058 1934 iu

2169 1876 2329 1941 ἀξίαν
2355 1850 2522 1930 αὑτοῦ
2550 1850 2990 1944 καταμαθόντες·
3020 1868 3114 1928 καὶ
3139 1876 3198 1943 ἐξ
3225 1877 3458 1930 ἑκάστου
3489 1850 3759 1949 ὀνόματός

479 1968 770 2038 principio,
796 1970 1039 2025 eamdem
1099 1971 1458 2026 aeternitatem
1501 1989 1517 2038 ;
1579 1972 1811 2040 denique
1860 1985 1927 2026 ex
1976 1986 2062 2037 eo,

481 2060 624 2132 quod
655 2060 821 2117 fuerit
843 2066 983 2133 apud
1014 2065 1200 2129 Deum,
1234 2064 1672 2134 coniunctionem
1699 2079 1820 2118 cum
1853 2061 2012 2117 Patre
2046 2080 2060 2116 :

479 2169 548 2209 ex
589 2169 653 2209 co
699 2169 829 2210 vero
861 2155 1005 2225 quod
1039 2156 1178 2210 Deus
1211 2157 1301 2219 sit.
1339 2155 1657 2227 dignitatem
1701 2165 1865 2226 atque
1885 2152 2065 2209 excel-

481 2245 706 2301 lentiam
747 2247 916 2317 ipsius
959 2247 1263 2314 discentes;
1308 2262 1376 2303 ex
1405 2262 1730 2318 unoquoque
1754 2257 1931 2302 autem
1963 2261 2060 2299 no-

481 2337 628 2392 mine
678 2348 1020 2395 removentes
1069 2340 1456 2396 incenveniens
1481 2349 1532 2394 et
1561 2342 1874 2394 indecorum
1912 2337 2060 2405 illud,

2168 1969 2230 2023 τὸ
2257 1966 2532 2038 ἐφορμοῦν
2556 1967 2804 2038 ἀπρεπὲς
2827 1966 3289 2039 ἀποπεμψάμενοι
3308 1986 3321 2002 ·
3340 1964 3474 2033 οἷον,
3509 1971 3620 2025 ἀπὸ
3653 1971 3755 2041 μὲν

2167 2058 2263 2114 τοῦ
2304 2058 2437 2113 Υίοῦ
2463 2059 2526 2112 τδ
2562 2059 2849 2131 νεώτερον,
2878 2059 2985 2112 ἀπὸ
3021 2059 3079 2113 δὲ
3096 2061 3202 2114 τοῦ
3257 2061 3432 2130 Λόγου
3462 2063 3522 2117 τὸ
3548 2063 3755 2117 ἀνυπό-

2169 2167 2385 2213 στατον,
2417 2149 2552 2205 Θεὸν
2573 2149 2769 2213 ἀΐδιον,
2793 2149 3100 2220 όμοούσιον,
3134 2151 3362 2216 ἀπαθῶς
3392 2153 3485 2205 καὶ
3506 2154 3756 2224 ἀχρόνως

2167 2244 2232 2298 ἐκ
2256 2243 2351 2297 τοῦ
2375 2243 2590 2315 Πατρὸς
2629 2242 2962 2315 προελθόντα
2990 2242 3262 2316 είδείημέν
3285 2261 3345 2297 τε
3371 2245 3464 2299 καὶ
3505 2262 3753 2317 προσκυ-

2167 2337 2453 2408 νήσαιμεν.

484 2433 629 2512 ηιιοά
652 2430 777 2489 inde
808 2449 866 2490 se
899 2433 1040 2491 forte
1073 2435 1126 2489 in
1164 2435 1373 2490 animos
1409 2444 1623 2490 nostros
1665 2433 1905 2489 insinuat
1951 2442 2116 2502 atque
2153 2430 2380 2502 ingerit;
2434 2430 2582 2486 verbi
2630 2429 2824 2500 gratia,
2855 2445 2886 2485 ι
2941 2429 3062 2484 Filii
3095 2432 3330 2498 nomine,
3385 2432 3438 2488 id
3484 2434 3628 2504 quod
3667 2448 3748 2491 est

485 2525 760 2582 recentius
809 2527 925 2582 sive
977 2528 1280 2597 posterius;
1312 2542 1342 2582 a
1397 2525 1554 2582 Verbi
1580 2519 1969 2597 appellatione,
2005 2526 2056 2579 id
2096 2524 2238 2594 quod
2271 2521 2472 2577 nullam
2537 2521 2701 2577 habet
2745 2522 3173 2589 subsistentiam,
3215 2525 3382 2580 Deum
3449 2537 3746 2594 ater-num,

479 2617 1016 2684 consubstantialem,
1102 2618 1307 2688 abstine
1384 2618 1752 2688 perpessioue,
1800 2629 1857 2673 et
1939 2625 2090 2671 extra
2131 2624 2345 2687 tempus
2381 2628 2450 2678 ex
2502 2612 2663 2670 Patre
2709 2629 3052 2686 progressum
3124 2630 3484 2686 agnoscamus
3527 2631 3586 2675 et
3648 2624 3746 2675 ad-

477 2718 716 2762 oremus.

853 2818 1080 2875 CXLIII.
1114 2849 1182 2860 —
1213 2820 1305 2874 AD
1332 2819 1678 2878 BASILIUM.

553 2951 761 3023 Quibus
816 2952 1103 3023 imperium
1155 2953 1380 3024 contigit
1427 2953 1750 3026 legitimum,
1786 2953 1853 3009 iis
1895 2954 2060 3010 etiam

480 3043 616 3101 bene
637 3047 918 3114 procedet.
944 3045 1087 3102 Bene
1117 3056 1296 3101 autem
1337 3057 1464 3104 tunc
1512 3050 1727 3104 demum
1781 3046 2057 3118 succedet,

2497 2817 2676 2874 PMI".
2711 2848 2778 2859 —
2809 2818 2987 2874 ΠΡυΣ
3017 2817 3404 2875 ΒΛΣΙΛΕῘΟΝ.

2233 2949 2331 3022 οἷς
2357 2955 2418 3010 τὸ
2440 2954 2630 3026 ἄρχειν
2671 2955 3014 3027 καθέστηκεν
3059 2956 3302 3028 ἔννομον,
3332 2958 3543 3025 τούτοις
3573 2960 3742 3033 δήπου

2161 3049 2254 3101 καὶ
2286 3042 2346 3101 εὖ
2378 3047 2612 3118 ὑπάρξει
2633 3047 2940 3103 ,ἀκόλουθον
2958 3064 2974 3078 ·
3008 3043 3066 3102 εὖ
3094 3048 3150 3102 δὲ
3171 3049 3438 3120 πράσσειν
3465 3053 3743 3124 κατορθω-

481 3137 571 3192 ubi
596 3137 888 3192 obtinuerit
916 3138 1108 3207 pietas,
1133 3152 1253 3209 quae
1283 3146 1367 3192 est
1398 3141 1640 3197 omnium
1673 3139 1936 3205 bonorum
1965 3156 2058 3199 su-

2165 3139 2408 3210 θήσεται,
2443 3139 2605 3210 ἡνίκα
2629 3140 2966 3212 κρατύνηται
3003 3141 3036 3211 ἡ
3066 3141 3337 3207 εὐσέϐεια,
3377 3143 3485 3198 τῶν
3521 3146 3742 3215 ἀγαθῶν

480 3235 747 3301 promum,
807 3238 862 3284 et
929 3231 1230 3285 divinorum
1306 3231 1684 3286 mandatorum
1752 3243 1912 3303 caput
1992 3245 2058 3286 ac

479 3336 692 3376 summa
727 3339 740 3376 :
779 3330 941 3390 quam
980 3324 1260 3379 constituit
1310 3332 1460 3378 recta
1517 3323 1582 3377 de
1628 3322 1812 3377 divino
1829 3323 2058 3379 Numine

483 3413 687 3480 opinio,
720 3423 774 3467 et
814 3414 1026 3470 sincera
1050 3416 1469 3487 iucorruptaque
1489 3415 1779 3486 confessio,
1803 3427 1856 3473 et
1876 3428 2059 3474 osten-

481 3505 561 3560 dit
584 3507 746 3559 timor
769 3515 930 3575 atque
956 3506 1175 3562 dilectio
1204 3508 1322 3576 Dei,
1344 3518 1397 3564 et
1423 3523 1549 3580 erga
1572 3521 1857 3580 cognatum
1886 3525 2058 3584 genus

479 3599 714 3653 Charitas
747 3607 910 3668 atque
952 3596 1170 3655 aﬂectio
1211 3617 1226 3654 :
1277 3601 1474 3668 quibus
1512 3617 1576 3656 ex
1609 3604 1768 3658 rebus
1825 3613 1933 3658 tota
1971 3603 2055 3658 lex

480 3698 535 3743 et
577 3689 851 3758 prophetae
903 3705 1092 3745 omnes
1142 3692 1397 3760 pendent.
1427 3692 1578 3760 Quod
1612 3693 1777 3748 etiam
1810 3694 1863 3748 in
1890 3696 2058 3766 magi-

481 3779 745 3832 stratibus
769 3786 850 3832 est
884 3781 1380 3848 supramundanum
1419 3782 1679 3851 quiddam
1712 3792 1766 3838 et
1788 3783 2057 3840 excellens

480 3882 534 3925 ct
568 3871 1092 3939 prmstantissimum.
1143 3870 1269 3928 Ilaec
1321 3873 1559 3945 legitima
1606 3884 1689 3929 est
1716 3875 2053 3944 praefectura,

479 3969 531 4014 et
571 3959 816 4014 omnium
850 3959 1188 4018 subditorum
1237 3962 1489 4018 utilitatis
1533 3965 1842 4031 procuratio
1871 3982 1886 4020 :
1914 3966 2056 4021 sicut

481 4067 513 4106 e
578 4052 850 4104 contrario
876 4052 1119 4122 tyrannis
1143 4063 1225 4107 est
1259 4053 1556 4111 dominatio
1607 4071 1726 4126 qua:
1779 4057 1895 4127 ipsa
1950 4058 2052 4116 sibi

482 4141 563 4196 lex
612 4151 716 4207 est,
751 4157 978 4212 quaeque
1010 4143 1142 4198 nihil
1177 4146 1300 4200 nisi
1325 4150 1599 4218 propriam
1653 4151 1866 4220 tyranni
1903 4150 2054 4205 utili-

483 4241 648 4287 tatem
677 4242 1041 4287 consectatur.
1079 4234 1506 4309 Quibuscunque
1536 4239 1700 4311 igitur
1737 4240 1842 4297 hoc
1888 4243 2056 4312 impe-

475 4325 620 4378 rium
653 4333 800 4378 sorte
833 4324 1028 4396 obtigit
1075 4329 1584 4399 administrandum,
1608 4331 1683 4387 illi
1711 4335 1864 4405 quasi
1892 4350 2051 4390 coro-

2161 3231 2224 3285 τὸ
2247 3230 2571 3302 ἀκρότατον,
2624 3233 2719 3286 καὶ
2747 3233 2857 3286 τῶν
2896 3233 3054 3286 θείων
3086 3235 3527 3309 προσταγμάτων
3569 3238 3742 3308 κεφά-

2157 3317 2334 3388 λαιον,
2367 3325 2435 3393 ἢν
2467 3323 2782 3394 συνίστησιν
2813 3326 2845 3396 ἡ
2876 3325 3009 3397 ὀρθὴ
3040 3327 3169 3400 περὶ
3196 3327 3258 3381 τὸ
3289 3328 3442 3382 Θεϊον
3472 3327 3620 3394 δόξα.
3647 3331 3741 3384 καὶ

2160 3414 2458 3487 εἰλικρινὴς
2493 3414 2777 3486 ὁμολογία,
2808 3417 2971 3486 φόῦος
2997 3427 3055 3476 τε
3091 3419 3119 3470 ό
3149 3417 3243 3473 τοῦ
3281 3419 3416 3472 Θεοῦ
3449 3421 3737 3490 ἐμφανίζει

2160 3507 2254 3560 καὶ
2283 3495 2584 3574 ἀγάπησις,
2618 3507 2712 3561 καί
2761 3509 2794 3575 ή
2838 3507 2974 3579 πρὸς
3021 3509 3086 3563 τὸ
3136 3510 3406 3580 ὁμόφυλον
3437 3513 3627 3584 ἀγάπη
3675 3528 3736 3567 τε

2158 3595 2252 3649 καὶ
2285 3594 2628 3664 συμπάθεια·
2662 3597 2720 3648 ὲν
2753 3590 2834 3660 οἷς
2878 3597 3025 3662 ἄπας
3060 3600 3088 3652 ό
3119 3600 3280 3672 νόμος
3321 3602 3412 3654 καὶ
3441 3602 3492 3654 οἱ
3522 3603 3732 3675 προφῆ-

2155 3703 2245 3738 ται
2277 3688 2606 3758 κρέμανται.
2630 3690 2701 3742 Τὸ
2725 3707 2821 3743 και
2847 3692 2904 3743 ὲν
2937 3693 3134 3764 ἀρχαῖς
3175 3709 3226 3746 τι
3257 3693 3650 3767 ὑπερκόσμιον,
3676 3698 3738 3751 τὸ

2156 3776 2391 3852 προῦχον
2413 3781 2505 3835 καὶ
2521 3782 2834 3854 κράτιστον.
2857 3785 2984 3838 ’Ἠδε
3007 3787 3153 3839 ἐστὶν
3172 3787 3468 3842 ἐπιστασία
3488 3789 3734 3861 ἔννομος,

2156 3871 2365 3926 καὶτοῦ
2403 3875 2604 3938 παντὸς
2637 3876 2881 3946 ὑπηκόου
2927 3876 3064 3949 πρὸς
3109 3879 3170 3932 τὸ
3218 3878 3500 3945 λυσιτελὲς
3544 3882 3740 3954 ἐπιμέο

2153 3962 2272 4017 λεια
2297 3980 2312 3994 ·
2340 3963 2529 4037 ὥσπερ
2563 3965 2629 4038 δὴ
2658 3967 2724 4020 ἐκ
2754 3968 2848 4021 τοῦ
2883 3970 3149 4036 ἐναντίου,
3183 3971 3436 4043 τυραννίς
3481 3973 3600 4026 ἐστι
3641 3974 3738 4027 δυ-

2153 4055 2380 4108 ναστεία
2405 4054 2707 4128 αὺτῖνομος
2738 4059 2872 4132 (57),
2909 4061 3003 4114 ἐπὶ
3027 4061 3090 4116 τὸ
3111 4065 3307 4116 οἰκεῖον
3331 4065 3492 4132 μόνον
3523 4067 3736 4136 συμφαί-

2157 4163 2248 4216 ρον
2267 4145 2707 4218 τῷ.τυραννοῦντι
2726 4151 3119 4226 μετερχομένη.
3147 4153 3303 4210 Ὅσοι
3323 4156 3506 4210 τοίνυν
3531 4158 3737 4230 ταύτην

2153 4238 2360 4293 διέπειν
2410 4241 2510 4314 τὴν
2562 4242 2737 4313 ἀρχὴν
2804 4246 3316 4316 ἀποκεκλήρωνται,
3378 4247 3739 4319 ἀναδούμενοι

2154 4328 2343 4402 ὥσπερ
2388 4332 2654 4401 στέφανον
2686 4335 2890 4406 χρυσοῦ
2918 4338 2982 4389 ἐκ
3011 4335 3175 4392 λίθων
3209 4339 3410 4409 τιμίων
3453 4357 3736 4413 συνηρμοο

483 4428 607 4506 nam
635 4429 854 4470 auream
899 4431 966 4471 ex
1010 4407 1273 4490 lapidibus
1303 4424 1553 4492 pretiosis
1581 4436 1918 4498 compactam
1946 4428 2047 4482 sibi

2165 4426 2380 4497 σμένον,
2405 4428 2504 4500 τὴν
2530 4429 2814 4484 εὐσέϐειαν
2841 4431 3188 4502 δικαιοσύνην
3219 4449 3278 4485 τε
3317 4432 3507 4505 ὥσπερ
3535 4417 3735 4506 ἁλουρ-

484 4505 790 4577 inipositam
826 4509 1087 4567 habentes
1118 4491 1396 4584 pietatem,
1433 4525 1489 4572 et
1527 4491 1738 4590 justitia
1790 4529 2047 4590 tanquam

2165 4491 2278 4588 γίδα
2303 4491 2758 4592 ὲνδιδυσκόμενδι,
2791 4524 2849 4577 ὲν
2891 4522 3011 4594 Θεῷ
3055 4540 3114 4577 τε
3142 4491 3351 4596 ἀρχειν,
3386 4491 3486 4578 καί
3510 4491 3736 4597 κρατεῖν

484 4611 721 4668 purpura
759 4598 952 4663 induti,
995 4601 1048 4656 in
1098 4603 1207 4660 Deo
1249 4606 1537 4677 imperare,
1586 4621 1642 4666 et
1690 4611 2049 4681 principatum

482 4690 1014 4761 aduiodumjustum
1042 4693 1289 4752 obtinere
1319 4700 1629 4760 studebant.
1663 4702 1825 4777 593
1865 4703 2054 4760 Osten-

480 4784 613 4839 dunt
639 4783 784 4837 enim
816 4781 869 4836 iu
896 4786 1206 4857 semetipsis
1230 4790 1571 4860 verissimum
1605 4807 1821 4849 sacrum
1851 4809 2048 4851 oracu-

552 4962 597 4997 δ’
636 4963 787 5022 loan.
825 4983 865 5036 i,
897 4969 947 5024 I.

2155 4612 2370 4667 δικαίαν
2403 4612 2548 4683 μάλα
2599 4613 2774 4688 ἀρχὴν
2819 4615 3262 4688 φιλοτιμήσονται
3286 4633 3298 4644 ·
3333 4616 3576 4671 δεικνῦσι
3626 4618 3735 4689 γὰρ

2154 4706 2243 4775 ὶφ⁹
2275 4707 2486 4770 ἑαυτοῖς
2515 4707 2574 4760 τὸ
2607 4708 2750 4779 ἱερὸν
2775 4709 3143 4779 ἀληθέστατον
3169 4710 3369 4778 λόγιον,
3401 4710 3462 4763 τὺ
3489 4708 3731 4779 φάσκονο

2163 4819 2182 4851 ι
2222 4800 2300 4852 Δι’
2331 4799 2466 4870 ἐμοῦ
2504 4799 2742 4870 βασιλεῖς
2773 4800 3135 4872 βασιλεύουσι,
3168 4803 3262 4858 καὶ
3290 4801 3549 4857 δυνάσται
3598 4805 3736 4875 γρά-

1607 5125 1843 5182 νΑῐιιλΕ
1880 5126 2268 5187 LECTIONES
2307 5131 2397 5188 ET
2434 5130 2666 5190 NOTAE.

555 5280 664 5355 (55)
689 5279 791 5355 Pro
819 5277 1199 5355 Xpierot'icod.
1220 5278 1342 5334 Vat.
1365 5278 1469 5355 65,0
1495 5280 1622 5347 legit
1647 5279 1797 5355 Υἱοῦ,
1827 5291 1881 5337 et
1908 5299 2053 5340 vers.

481 5354 513 5408 5
550 5347 940 5421 ιὶνοστὴσωσιν
969 5347 1156 5403 scribit
1195 5353 1611 5422 παραστήσωσι.
1650 5351 1861 5406 Possm.

553 5422 662 5491 (56)
691 5423 828 5474 Inter
855 5421 1128 5491 τίκτουσιν
1149 5432 1197 5473 ct
1220 5421 1360 5491 ἀρχῇ
1389 5423 1498 5475 lucc
1527 5424 1706 5475 utmiia
1749 5423 1887 5476 idem
1921 5427 2042 5478 cod.

486 5490 696 5552 inserit,
731 5491 943 5545 curitis
989 5490 1054 5544 iis
1089 5504 1209 5558 qui?
1263 5490 1316 5544 in
1367 5493 1512 5545 edito
1555 5492 1822 5557 leguntur,
1861 5493 1947 5547 ἵνα
1985 5494 2044 5547 δὲ

486 5565 616 5634 μὴίὴ
656 5561 857 5634 πάθους
888 5564 1152 5634 φαντασία
1194 5561 1519 5634 ἐπικωμάσῃ
1557 5562 1724 5634 Δλόγον
1751 5580 2044 5634 -προσαγο-

483 5630 758 5704 ρεῦουσιν’
812 5631 896 5704 ίνα
940 5631 997 5683 δὲ
1045 5632 1304 5694 νεώτερος
1347 5630 1695 5704 ὑπονοηθείη.
1751 5630 1901 5687 νει-ιι.
1953 5649 2041 5702 pe-

484 5700 618 5758 nult.
657 5705 792 5754 inter
820 5700 972 5769 λόγος
997 5712 1049 5755 et
1077 5703 1140 5754 ἐκ
1170 5704 1308 5755 idem
1354 5703 1542 5754 iuscrit
1570 5700 1663 5755 iv‘.
1682 5701 1752 5756 lo.

553 5772 666 5839 (57)
703 5771 984 5840 Ti'parw'g
1011 5772 1136 5825 ἐστι
1166 5772 1491 5829 δυναστεία
1521 5769 1871 5843 αὐτόνομος.
1908 5773 2039 5829 Nota

2169 5287 2527 5366 tliii'erentiam
2553 5290 2861 5366 tyrannidis
2892 5307 2920 5348 ε
2963 5307 3150 5364 regno.
3195 5293 3396 5351 Confer
3427 5298 3588 5366 epist.
3628 5298 3732 5354 I95

2164 5357 2255 5413 lib.
2296 5376 2356 5424 li,
2393 5372 2448 5416 et
2477 5357 2702 5416 Aristot.
2731 5361 2889 5418 Polit.
2916 5357 3036 5427 ,nec
3062 5381 3166 5421 non
3203 5357 3544 5422 Ammiannm
3569 5369 3728 5424 ,Μοτ-

2151 5429 2425 5496 cellinum,
2462 5433 2553 5500 qui
2597 5432 2893 5499 smpissime
2919 5439 3021 5490 hoc
3069 5437 3302 5490 inculcat
3333 5438 3382 5491 in
3411 5440 3524 5492 suis
3558 5440 3729 5495 histo-

2152 5500 2267 5562 riis,
2294 5502 2424 5554 nihil
2459 5504 2601 5556 aliud
2637 5503 2974 5577 essejustum
3007 5508 3381 5576 aclcgititnutn
3414 5509 3723 5577 imperium,

2152 5583 2311 5648 tinam
2341 5586 2572 5648 _cur:trnA
2608 5573 2823 5648 salutis
2863 5576 3069 5648 alienm.
3113 5573 3204 5633 Sic
3252 5579 3392 5644 apud
3448 5573 3721 5648 Ignatium

2151 5641 2309 5718 epist.
2341 5641 2394 5718 7_,
2433 5644 2669 5718 alliciunt
2703 5643 2824 5696 boni
2875 5646 3018 5716 regis
3048 5656 3149 5718 est,
3200 5641 3428 5718 εἰρήνην
3459 5641 3552 5715 καὶ
3581 5652 3724 5706 ἑννο-

2156 5711 2281 5778 μίαν
2311 5715 2420 5776 τοῖς
2449 5713 2767 5783 ἀρχομένοις
2791 5711 3167 5785 πρυτανεύειν.
3196 5711 3362 5774 Ιὶίτί.
