3988 6434
526 496 666 564 ιιιτ

1719 489 1776 550 S.
1819 490 2100 549 ISIDOttt
2146 486 2576 548 tctzumijl'ﬂ

3616 468 3753 549 less

532 607 770 663 remedia
814 605 963 675 plura
994 603 1152 657 etiam
1200 617 1258 656 ac
1304 602 1471 672 magis
1512 600 1657 655 varia
1700 615 1818 657 esse
1844 608 2072 669 oportet.

2180 592 2318 647 εἶναι
2358 596 2559 663 ὀφείλει
2595 598 2686 650 καὶ
2728 596 3107 666 ποικιλώτερα.
3144 596 3202 649 Ei
3237 594 3293 648 δὲ
3321 594 3414 647 καὶ
3439 594 3659 663 θορυϐεῖ
3689 609 3748 648 σε

537 696 689 764 Quod
726 696 768 749 si
802 694 1074 764 perturbat
1106 700 1155 747 te
1191 693 1239 746 id
1271 696 1410 761 quod
1440 692 1638 745 dictum
1672 700 1772 752 est,
1814 689 2078 760 paulisper

534 784 759 848 sustine,
808 784 879 836 ita
922 781 1047 845 ﬂet,
1090 781 1263 850 utqui
1305 796 1444 835 nunc
1476 790 1526 834 te
1557 780 1757 835 detinet
1786 779 1947 833 animi
1995 787 2076 830 tu-

528 873 745 937 multus,
772 888 837 927 eo
858 882 1039 943 vergat
1079 872 1311 934 tandem,
1344 878 1399 923 ut
1433 873 1599 940 magis
1627 871 1785 928 etiam
1820 871 2077 921 miseran-

537 964 635 1017 dos
682 962 798 1017 illos
826 977 944 1017 esse
970 960 1258 1015 existimet.
1323 958 1456 1013 Cum
1495 960 1636 1013 enim
1666 958 1809 1021 n1u|ti
1851 973 1913 1011 ac
1943 957 2077 1011 varii

528 1054 642 1107 sint
685 1050 1028 1123 (animorum)
1076 1049 1278 1115 morbi,
1335 1051 1564 1120 primum
1606 1048 1818 1118 quidem
1876 1047 2077 1102 homini

519 1152 650 1198 nato
682 1140 991 1212 perditiicile
1025 1148 1189 1209 atque
1213 1140 1437 1193 arduum
1473 1146 1588 1203 est,
1637 1151 1728 1193 eos
1769 1146 2089 1208 perspectos

520 1244 577 1289 et
600 1233 842 1304 cognitos
871 1232 1096 1286 habere:
1126 1228 1319 1285 deinde
1344 1228 1551 1284 etiamsi
1583 1228 1826 1299 cognitos
1854 1228 2075 1293 habeat,

521 1336 681 1377 nosse
723 1320 882 1390 quale
919 1322 998 1375 eis
1038 1318 1319 1374 conveniat
1369 1317 1687 1373 remedium.
1758 1316 1875 1371 Non
1928 1317 2073 1372 enim

521 1412 770 1465 omnibus
796 1410 985 1465 eadem
1027 1419 1146 1480 apta
1179 1408 1656 1476 convenientiaque
1696 1417 1824 1463 sunt
1852 1408 2072 1470 auxilia,

520 1516 697 1571 neque
725 1515 911 1555 omnes
942 1500 1127 1553 iisdem
1153 1505 1406 1553 curantur
1456 1497 1731 1552 remediis.
1772 1496 1902 1550 Nam
1935 1496 2075 1565 quod

519 1592 662 1646 inme
688 1591 847 1660 juvit,
885 1589 1037 1643 alteri
1075 1588 1291 1643 nocuit:
1329 1595 1384 1641 et
1415 1587 1557 1656 quod
1592 1586 1746 1641 alteri
1782 1586 1918 1641 bene
1944 1600 2073 1641 suc-

519 1682 703 1746 cessit,
741 1683 841 1736 hoc
868 1681 1095 1735 alterum
1126 1680 1342 1735 evertit.
1404 1678 1481 1732 Ac
1510 1692 1575 1732 ne
1610 1678 1703 1733 tibi
1741 1677 1879 1733 forte
1913 1692 2073 1747 para-

519 1774 655 1827 doxa
700 1782 756 1827 et
795 1773 1026 1828 absurda
1072 1772 1313 1841 quaedam
1360 1769 1603 1839 proferre
1651 1769 1875 1834 videar,
1927 1771 2069 1838 quod

518 1865 722 1918 dictum
755 1875 858 1931 est,
887 1863 1045 1917 latius
1069 1862 1369 1932 explicabo.
1427 1860 1541 1916 Non
1576 1861 1668 1931 qui
1696 1859 1944 1915 oratione
1971 1860 2071 1914 du-

2177 686 2236 738 τὸ
2274 687 2581 757 εἰρημένον,
2624 688 2814 757 μικρὸν
2857 688 3164 756 ἀνάμεινον,
3192 688 3287 739 καὶ
3328 689 3357 737 6
3390 684 3484 739 νῦν
3524 702 3582 738 σε
3613 702 3748 738 κατ-

2180 777 2317 843 έχων
2352 778 2577 847 θόρυϐος
2607 779 2683 839 είς
2714 778 2772 829 τὸ
2810 778 3047 839 ἐκείνους
3074 778 3232 830 πλέον
3264 777 3546 830 ταλανξσαι
3586 794 3750 846 μετα-

2177 871 2441 921 πεσεῖται.
2495 868 2711 923 Πολλῶν
2750 869 2855 938 γὲρ
2905 868 2995 921 καὶ
3038 868 3394 921 παντοδαπῶν
3426 868 3595 921 ὅντων
3642 868 3750 919 τῶι

2176 959 2653 1029 ἀρρωστημάτων,
2695 959 2906 1029 πρῶτον
2950 960 3047 1029 μὲν
3108 959 3393 1028 ἄνθρωπον
3433 959 3560 1011 ὄντα
3594 959 3751 1027 χαλε-

2186 1050 2285 1103 πὸν
2328 1050 2580 1110 συνιδεῖν.
2616 1051 2803 1103 ἔπειτα
2849 1050 2905 1104 δὲ
2970 1051 3061 1103 καὶ
3104 1050 3373 1120 μαθόντα,
3410 1049 3471 1102 τὸ
3514 1049 3746 1113 εἰδέναι,

2176 1141 2326 1192 ποῖον
2354 1140 2609 1211 ἁρμόττει
2639 1140 2946 1211 φάρμακον.
2977 1140 3052 1192 υύ
3084 1139 3192 1209 γὰρ
3221 1142 3353 1191 πᾶσι
3386 1139 3455 1192 τὰ
3477 1138 3747 1207 αὺτάνάρο

2179 1230 2362 1300 μόττει
2403 1229 2737 1300 βοηθήματα,
2780 1231 2899 1283 οὐδὲ
2947 1230 3143 1293 πάντες
3195 1233 3304 1292 τοῖς
3355 1213 3539 1291 αὐτοῖς
3583 1229 3749 1299 θεραο

2178 1317 2431 1371 πεύονται
2456 1334 2468 1348 ⁸
2502 1318 2531 1371 δ
2578 1319 2686 1389 γάρ
2731 1318 2917 1373 τοῦτον
2963 1318 3280 1390 ὠφέλησεν,
3314 1320 3471 1374 ἄλλον
3504 1319 3705 1389 ἔϐλαψε
3728 1336 3742 1349 ·

2175 1411 2269 1464 καὶ
2300 1412 2361 1464 τδ
2390 1411 2532 1480 ἀλλῳ
2579 1410 2915 1479 κατάλληλον
2939 1449 2954 1474 ,
2984 1410 3167 1480 ἕτερον
3200 1408 3460 1477 ἐπέτριψε
3488 1425 3501 1437 ·
3536 1409 3629 1461 καὶ
3662 1409 3748 1461 ἵνα

2178 1502 2252 1572 μὴ
2277 1501 2489 1572 δόξαιμί
2517 1518 2597 1556 σοι
2625 1500 2902 1572 παράδοξά
2930 1518 3050 1554 τινα
3082 1500 3279 1568 λέγειν,
3321 1499 3662 1568 ἀπαμφιάσω
3688 1500 3749 1553 τὺ

2174 1593 2479 1663 λεγόμενον.
2514 1593 2625 1663 Οὐχ
2650 1594 2696 1645 οί
2727 1590 2867 1663 λόγῳ
2901 1592 3177 1661 ἀγόμενοι,
3215 1593 3307 1645 καὶ
3339 1592 3747 1662 παραδείγματι

2175 1684 2595 1754 σωφρονίζονται
2619 1701 2633 1717 ο
2666 1681 2801 1737 ἀλλά
2834 1680 2947 1753 (59)
2975 1683 3001 1733 6
3036 1682 3135 1751 μὲν
3159 1681 3350 1751 τούτῳ,
3384 1683 3411 1733 6
3442 1681 3498 1734 δὲ
3530 1681 3743 1749 ἐκείνῳ,

2174 1777 2253 1839 είς
2300 1775 2543 1846 βελτίονα
2577 1775 2906 1829 κατάστασιν
2939 1773 3180 1841 ἀγονται.
3227 1772 3361 1826 Οὐδὲ
3411 1774 3459 1825 oi
3504 1773 3746 1840 κέντρων

2172 1864 2434 1934 δεόμενοι,
2465 1859 2609 1917 οὗτοι
2651 1862 2744 1915 καὶ
2787 1860 3015 1931 χαλινῶν
3048 1860 3365 1931 ἀνέχονται·
3405 1858 3519 1910 ἀλλ’
3553 1859 3603 1910 οἱ
3642 1859 3741 1925 μὲν

519 1963 741 2019 cuntur,
782 1928 940 2007 iidem
983 1962 1050 2016 et,
1082 1928 1326 2022 exemplo
1355 1928 1714 2008 emendantur
1761 1961 1816 2006 et
1855 1951 1921 2005 ad
1959 1965 2072 2005 mo—

2185 1928 2379 2027 νωθροὶ
2398 1952 2508 2025 (60)
2532 1953 2625 2006 καὶ
2641 1928 2942 2022 δυσκίνητοι
2968 1952 3028 2005 τὸ
3054 1928 3232 2017 καλδν,
3264 1952 3328 2021 τῇ
3349 1949 3539 2019 λογικῇ
3565 1948 3745 2019 πληγῇ

529 2043 755 2097 destiam
788 2041 1110 2107 ﬂectuntur;
1151 2042 1243 2096 sed
1276 2040 1409 2094 alius
1442 2040 1565 2105 hoc,
1597 2039 1730 2094 alius
1752 2039 1855 2093 illo
1877 2040 1927 2092 in
1961 2053 2074 2093 me-

522 2135 711 2189 liorem
749 2142 952 2188 statum
989 2132 1361 2187 traducuntur.
1401 2130 1586 2198 Neque
1614 2129 1685 2183 illi
1726 2134 1814 2199 qui
1848 2130 2076 2185 stimulis

520 2223 783 2291 indigent,
823 2222 979 2276 iidem
1008 2223 1168 2276 etiam
1212 2220 1396 2275 frenos
1432 2220 1754 2289 patiuntur:
1806 2220 1900 2274 sed
1937 2220 2074 2289 pigri

515 2312 729 2382 quidem
762 2321 918 2381 atque
944 2312 1141 2383 ignavi,
1174 2310 1265 2380 qui
1302 2312 1367 2365 ad
1402 2312 1737 2365 honestatem
1770 2324 2065 2379 capessen-

512 2403 636 2457 dam
660 2402 939 2457 dimculter
968 2410 1367 2472 permoventur,
1401 2401 1624 2456 rationis
1650 2398 1800 2470 plaga
1826 2401 2071 2455 excitan-

520 2502 647 2559 tur;
683 2492 773 2563 qui
810 2502 985 2548 autem
1030 2493 1176 2561 justo
1216 2493 1571 2547 l’erventiores
1600 2501 1749 2559 sunt,
1780 2505 1879 2546 nec
1919 2492 2075 2548 facile

521 2583 843 2647 retinentur,
884 2598 948 2637 ac
992 2592 1242 2651 tanquam
1297 2582 1428 2652 pulli
1481 2582 1772 2653 (indomiti)
1824 2585 2073 2653 procula

517 2672 663 2727 linea
718 2673 985 2737 feruntur,
1028 2673 1063 2726 ii
1102 2673 1518 2743 constringendo
1552 2675 1941 2745 retinendoque
1986 2676 2077 2744 ju-

519 2773 733 2817 vantur.
800 2763 902 2816 Alii
952 2762 1197 2817 laudibus
1222 2803 1236 2828 ,
1276 2764 1366 2817 alii
1409 2765 1920 2832 reprehensionibus
1952 2750 2075 2822 cor-

2172 2047 2523 2118 διεγείρονται
2549 2063 2561 2076 ·
2613 2047 2662 2098 οἱ
2693 2046 2750 2099 δὲ
2780 2045 3099 2115 θερμότεροι
3134 2042 3228 2096 τοῦ
3259 2043 3471 2106 δέοντος
3497 2044 3591 2096 καὶ
3616 2043 3747 2095 δυσ-

2180 2139 2453 2201 κάθεκτοι,
2494 2139 2585 2191 καὶ
2628 2136 2877 2211 καθάπερ
2923 2134 3090 2189 πῶλοι
3143 2134 3331 2205 πόρρω
3392 2136 3491 2203 τῆς
3542 2133 3746 2203 νύσσης

2172 2231 2448 2302 ὁρμῶντες
2468 2270 2482 2295 ,
2512 2230 2588 2300 τῷ
2613 2229 2875 2299 ἄγχεσθαι
2906 2228 2994 2281 καὶ
3037 2225 3435 2281 ἀνακόπτεσθαι
3464 2225 3739 2293 ὠφελοῦν-

2171 2338 2279 2376 ται.
2308 2323 2367 2374 Oi
2399 2322 2496 2391 μὲν
2526 2321 2795 2385 ὲπαίνοις,
2824 2320 2873 2371 oi
2897 2318 2954 2371 δὲ
2979 2317 3163 2387 ψόγοις
3189 2316 3608 2386 σωφρονίζονται
3628 2358 3643 2379 ,
3676 2317 3742 2385 ἢν

2174 2413 2457 2482 ἀμφότερα
2481 2412 2709 2482 καιρίως
2741 2412 2979 2479 γένοιντο
3003 2428 3015 2441 ο
3046 2412 3123 2472 είς
3146 2408 3452 2462 τούναντίον
3478 2408 3535 2460 δὲ
3573 2424 3741 2478 μετα-

2175 2506 2452 2567 πεσεῖται,
2484 2504 2531 2555 εῑ
2577 2502 2679 2569 ἔξω
2713 2502 2818 2554 τῶν
2848 2502 3053 2571 καιρῶν
3082 2499 3349 2570 φέροιντο.
3394 2500 3457 2551 Οί
3498 2499 3598 2569 μὲν
3633 2499 3740 2568 γὰρ

2173 2595 2515 2665 παρακλήσει
2536 2594 2791 2657 εῖκουσιν,
2819 2594 2865 2646 oi
2888 2592 2943 2644 δὲ
2968 2592 3277 2662 ἐπιτιμήσει
3298 2606 3312 2620 ο
3336 2592 3384 2642 oi
3412 2591 3509 2661 μὲν
3534 2595 3590 2642 ἐν
3621 2590 3743 2643 συλ-

2173 2688 2350 2755 λόγοις
2382 2687 2745 2756 ὲλεγχόμενοι,
2772 2686 2823 2739 οι
2848 2684 2901 2739 δὲ
2937 2687 2993 2737 ὲν
3026 2683 3360 2756 παραϐύστῳ
3389 2683 3743 2751 νουθετούμεν·

2171 2791 2251 2829 νοι
2290 2774 2669 2846 ἀποτρίδονται
2731 2774 2798 2825 τὰ
2845 2772 3226 2835 ἐλαττώματα*
3280 2771 3489 2839 φιλοῦσι
3538 2774 3647 2841 γὰρ
3692 2772 3741 2824 οι

515 2853 784 2922 riguntur,
838 2852 885 2907 si
934 2862 1161 2919 utraque
1209 2852 1524 2922 tempestive
1567 2853 1947 2911 adhibeantur.
2016 2857 2072 2913 In

2177 2864 2275 2935 μὶν
2312 2865 2670 2933 καταφρονεῖν
2712 2864 2819 2915 τῶν
2866 2862 3258 2930 διαλεγομένων
3295 2861 3406 2930 (6|)
3430 2901 3446 2927 ,
3499 2861 3736 2932 δημοσίᾳ

514 2944 846 2997 contrariam
883 2956 1011 2997 vero
1040 2943 1229 2995 cadent
1272 2950 1483 3010 partem
1514 2983 1529 3007 ,
1573 2942 1617 2999 si
1647 2954 1797 3000 extra
1844 2947 1987 3016 justa
2018 2956 2072 3006 et

2175 2954 2485 3024 ἐπιτιμήσει
2524 2950 3008 3022 σωφρονιζόμεναι
3045 2953 3092 3004 oi
3134 2950 3189 3003 δὲ
3235 2950 3370 3017 πρὸς
3412 2952 3538 3015 τοὺς
3574 2952 3741 3019 δημο-

515 3031 889 3088 convenientia
937 3039 1179 3100 tempora
1211 3042 1522 3102 evagentur.
1582 3034 1685 3088 Alii
1731 3051 1963 3108 namque
1984 3051 2072 3093 co-

2179 3042 2324 3104 σίους
2354 3042 2607 3110 ἐλέγχους
2639 3041 2834 3110 μᾶλλον
2856 3038 3205 3108 ἀποδυόμενοι
3235 3038 3328 3092 καὶ⁹
3349 3038 3446 3109 τὴν
3477 3038 3739 3108 αἰσχύνην

517 3124 807 3178 hortationl
835 3123 1053 3187 cedunt,
1118 3122 1207 3176 alii
1241 3122 1593 3192 objurgationi
1618 3142 1633 3191 ;
1662 3126 1755 3180 alii
1779 3128 1990 3196 quidem
2025 3129 2072 3183 in

2177 3131 2522 3186 ἀποσείεσθαι
2542 3170 2556 3195 ,
2586 3129 2663 3200 τῷ
2692 3130 2791 3200 τῆς
2839 3131 3203 3199 ἐπιτιμήσεως
3252 3128 3615 3199 μυστηριώδει
3648 3128 3740 3182 κα)⁵

513 3212 864 3267 conventibus
899 3226 960 3266 ac
992 3210 1222 3266 canibus
1275 3213 1549 3268 hominum
1588 3217 1933 3284 reprehensi,
1981 3218 2071 3273 alii

2177 3226 2241 3295 τῇ
2299 3221 2605 3292 συμπαθείᾳ
2661 3222 2796 3291 πρὸς
2846 3219 3153 3273 εὐπείθειαν
3208 3220 3736 3290 παιδοτρισούμενοι.

513 3318 645 3358 vero
678 3303 729 3356 in
774 3302 1028 3370 penetrali
1071 3303 1261 3357 domus
1296 3303 1551 3359 admoniti
1588 3321 1716 3360 suos
1752 3322 1930 3362 ua'vos
1973 3308 2065 3363 de-

515 3401 745 3461 tergent.
812 3391 998 3445 Solent
1032 3390 1174 3445 enim
1222 3392 1310 3447 alii
1360 3396 1616 3463 quidem,
1665 3412 1785 3451 cum
1835 3398 2068 3469 alioquin

515 3488 922 3536 contemnerent
953 3494 1046 3535 eos
1075 3483 1165 3549 qui
1206 3484 1271 3534 ad
1318 3482 1464 3551 ipsos
1496 3486 1657 3538 verba
1690 3484 1888 3539 faciunt
1914 3527 1929 3554 ,
1971 3502 2070 3555 pu-

514 3575 657 3629 blica
718 3573 1087 3641 increpatione
1135 3574 1383 3644 corrigi;
1456 3574 1547 3627 alii
1599 3584 1778 3628 autem
1831 3590 1951 3629 cum
2004 3576 2072 3631 ad

514 3682 755 3751 publicas
779 3680 1224 3749 reprehensiones
1253 3681 1428 3750 petius
1456 3682 1885 3751 impudentiores
1919 3683 2068 3751 ﬁant,

516 3783 835 3837 omnemque
868 3768 1122 3836 pudorem
1164 3768 1477 3831 excutiant,
1536 3768 1740 3837 privata
1788 3780 1843 3824 et
1871 3786 2069 3826 arcana

516 3858 886 3930 objurgatione
942 3859 1162 3912 remotis
1235 3858 1457 3913 arbitris
1531 3859 1669 3912 facta
1763 3874 1969 3915 necnon
2023 3863 2068 3917 si

514 3951 877 4017 ostendamus,
910 3964 1006 4005 nos
1042 3951 1275 4018 ipsorum
1298 3950 1466 4004 vicem
1496 3952 1699 4015 dolere,
1727 3954 1791 4006 ad
1820 3954 2069 4011 obedien-

518 4044 645 4097 tiam
676 4041 1026 4096 instituuntur
1054 4050 1107 4094 et
1138 4040 1450 4095 assuetiunt.
1495 4040 1660 4095 Porro
1686 4043 1818 4097 alios
1853 4046 2066 4113 quidem

520 4149 618 4205 per
658 4133 839 4188 omnia
875 4133 1163 4187 observare
1194 4131 1477 4197 convenit,
1529 4148 1662 4201 quos
1698 4135 1947 4189 nimirum
1980 4136 2067 4191 illa

520 4223 725 4293 opinio,
759 4222 904 4292 quod
959 4229 1144 4289 putant
1182 4234 1239 4275 se
1267 4220 1457 4285 latere,
1489 4222 1613 4273 dum
1663 4223 1714 4275 id
1754 4225 2064 4292 moliuntur,

516 4325 772 4385 tanquam
804 4313 1154 4383 sapientiores
1186 4310 1466 4365 inﬂaverit.
1506 4311 1742 4366 Aliorum
1775 4329 1903 4369 vero
1938 4330 2070 4370 non-

517 4404 683 4460 nulla:
710 4412 833 4458 sunt
863 4405 1101 4458 actiones
1136 4402 1354 4465 vitiosae,
1383 4415 1519 4471 quas
1544 4402 1703 4456 etiam
1733 4404 2070 4460 dissimulare

518 4502 796 4564 oporteat,
831 4508 895 4548 ne
928 4493 994 4547 ad
1038 4491 1383 4547 indolentiam
1416 4491 1716 4556 irritentur,
1749 4493 2069 4564 tandemque

2174 3315 2312 3375 Τοὺς
2335 3313 2431 3383 μὲν
2461 3312 2597 3366 κατά
2622 3313 2795 3366 πάντα
2820 3312 3157 3383 παρατηρεῖν
3183 3312 3470 3382 προσήκει,
3495 3313 3652 3376 ὅσους
3679 3312 3740 3365 τὸ

2174 3404 2376 3457 οἴεσθαι
2426 3403 2738 3466 λανθάνειν,
2794 3402 2977 3473 ἐπειδὴ
3022 3402 3180 3455 τοῦτο
3226 3403 3609 3474 μηχανῶνται,
3663 3405 3738 3466 ὼς

2178 3493 2513 3563 σοφωτέρους
2549 3492 2787 3563 ἐφύσησε
2811 3507 2825 3522 ·
2875 3493 2984 3546 τῶν
3020 3492 3065 3545 δ’
3101 3492 3246 3546 ἐστιν
3278 3492 3313 3546 ἀ
3354 3494 3449 3549 κα)⁵
3492 3496 3735 3564 παρορᾷν

2177 3583 2371 3655 χρεὼν,
2398 3586 2483 3637 ῖνα
2513 3584 2586 3655 μὴ
2616 3583 2750 3655 πρὸς
2774 3583 3105 3654 ἀναλγησίαν
3132 3582 3502 3655 ὲρεθίζωνται,
3527 3585 3621 3639 καὶ
3648 3600 3735 3637 τεο

2177 3674 2418 3728 λευταῖον
2450 3674 2561 3745 (θῖ)
2606 3675 2739 3745 πρὸς
2783 3674 2992 3728 ἀπαντα
3018 3675 3280 3742 γένωνται
3314 3673 3635 3738 ἀκάθεκτοι,
3676 3673 3737 3728 τὸ

2179 3766 2431 3835 μέγιστον
2463 3766 2541 3829 εἰς
2568 3765 2738 3818 πειθὼ
2770 3766 3056 3836 φάρμακον
3082 3764 3181 3837 τήν
3214 3764 3345 3818 αἱδὼ
3366 3766 3735 3837 ἀποτριψάμε-

2175 3873 2274 3910 νοι.
2305 3858 2413 3911 Καὶ
2449 3856 2757 3929 ὀργίζεσθαι
2785 3858 2828 3910 δ’
2854 3857 2932 3909 ἔτι
2970 3859 3049 3919 si;
3087 3857 3114 3910 6
3144 3856 3247 3928 χρὴ
3269 3896 3283 3922 ,
3314 3857 3412 3911 οὐκ
3444 3858 3734 3929 ὀργιζομέ-

2173 3966 2316 4015 νους,
2348 3950 2440 4003 καὶ
2466 3950 2736 4021 ὑπερορᾷν
2764 3950 2859 4020 οὐχ
2894 3949 3302 4021 ὑπερορῶντας,
3340 3950 3433 4003 καὶ
3467 3950 3735 4019 ἀπογινώ-

2176 4057 2327 4094 σκειν
2359 4039 2458 4094 οὐκ
2500 4041 3003 4109 ἀπογινώσκοντας·
3051 4042 3145 4094 καὶ
3186 4040 3375 4104 ἀλλους
3428 4042 3526 4111 μὲν
3565 4044 3735 4095 ἐπιει-

2172 4137 2297 4207 κείᾳ
2329 4135 2668 4207 θεραπεύειν,
2709 4132 2899 4198 ἄλλους
2934 4134 2991 4187 δὲ
3028 4131 3323 4204 χωρισμῷ·
3357 4130 3605 4195 καὶτοὺς
3638 4133 3735 4203 μὲν

2176 4229 2359 4297 νικᾷν,
2410 4227 2516 4280 τῶν
2566 4227 2621 4279 δὲ
2673 4226 2767 4279 καὶ
2818 4225 3080 4296 ἡττᾶσθαι
3140 4223 3343 4289 δοκεῖν,
3384 4225 3531 4286 ὅσοις
3577 4223 3735 4277 τοῦτο

2176 4319 2456 4373 λυσιτελεῖ.
2493 4317 2771 4371 Τοσούτων
2822 4312 2914 4370 οὗν
2945 4316 3111 4368 ὅντων
3164 4315 3256 4369 καὶ
3296 4314 3403 4367 τῶν
3444 4315 3733 4385 ἀρρωστη-

2179 4413 2363 4483 μάτων
2393 4411 2619 4465 καὶτῶν
2668 4408 3051 4479 βοηθημάτων,
3089 4407 3185 4460 καὶ
3227 4406 3439 4460 πάντων
3493 4405 3569 4475 μὴ
3624 4407 3733 4466 τοῖς

2177 4504 2357 4565 αὐτοῖς
2406 4501 2689 4566 είκόντων,
2735 4500 2867 4554 ἀλλὰ
2911 4500 3006 4553 καὶ
3054 4496 3356 4551 τούναντίον
3394 4498 3475 4558 είς
3514 4495 3733 4565 χείρονα

521 4599 616 4653 per
648 4583 825 4639 omnia
859 4582 992 4636 tales
1023 4582 1272 4647 evadant,
1295 4582 1387 4651 qui
1418 4582 1561 4637 nulla
1591 4585 1796 4639 ratione
1828 4586 1879 4639 in
1901 4586 2071 4643 oliicio

2175 4590 2611 4662 πλημμελήματα
2652 4586 3037 4660 ἐρεθιζομένων
3074 4584 3207 4656 (05),
3248 4585 3328 4649 τίς
3378 4585 3451 4655 μὴ
3500 4584 3577 4653 τῷ
3608 4582 3735 4652 θείῳ

522 4681 717 4741 queant
748 4671 1011 4725 contineri
1038 4711 1052 4734 ,
1085 4672 1282 4741 quippe
1314 4672 1405 4739 qui
1437 4674 1689 4741 pudorem
1723 4690 1784 4729 ac
1812 4689 2071 4732 verecun-

520 4764 661 4816 diam
688 4802 703 4827 ,
753 4763 1044 4815 maximum
1090 4762 1217 4815 illud
1245 4760 1565 4816 obedientiae
1611 4766 1904 4820 remedium
1929 4805 1943 4830 ,
1979 4770 2070 4823 de-

521 4852 769 4905 triverint
798 4859 960 4919 atque
994 4851 1365 4909 absterserint.
1418 4850 1681 4907 Praeterea
1716 4857 1874 4908 etiam
1912 4858 2069 4914 irasci

519 4942 789 4996 nonnullis
836 4942 887 4995 in
916 4942 1149 5011 speciem
1183 4951 1411 5012 oportet,
1444 4946 1688 5011 quamvis
1725 4961 1911 5001 revera
1946 4948 2067 5005 irati

2175 4682 2451 4750 Πνεύματι
2478 4681 2573 4749 τὴν
2600 4679 2775 4749 ψυχὴν
2799 4676 3085 4747 φωτισθεὶς
3104 4718 3120 4743 ,
3147 4676 3344 4729 ειδέναι
3368 4674 3400 4743 ἦ
3429 4674 3731 4744 ἐπαρκέσαι

2175 4773 2488 4840 δυνήσεταις
2517 4770 2630 4822 ἀλλ’
2654 4769 2832 4839 ἐπειδὴ
2854 4769 3057 4839 ἄρχειν,
3089 4770 3137 4820 εί
3168 4766 3260 4820 καὶ
3286 4764 3459 4835 ἀρχὴν
3490 4763 3735 4833 νομίζουο

2177 4883 2260 4918 σιν
2292 4862 2591 4929 ἐπιτηδείαν
2612 4861 2814 4923 αὐτοῖς.
2844 4858 3099 4927 τολμῶσι,
3138 4858 3271 4926 μήτε
3295 4854 3391 4925 τὴν
3417 4854 3734 4923 δυσχέρειαν

2177 4948 2498 5013 ἐννοοῦντες,
2531 4951 2663 5019 μήτε
2693 4949 2790 5018 τῆς
2837 4945 3165 5016 Δεσποτικῆς
3204 4944 3381 5013 φωνῆς
3422 4943 3732 5006 ἀκούοντες,

1610 5077 1839 5133 νειιιια
1881 5081 2264 5141 LECTIONES
2302 5084 2388 5139 ET
2429 5082 2655 5137 ΝΟΤᾸΞ.

590 5236 702 5303 (59)
741 5234 869 5308 Post
900 5234 1033 5297 ἀλλά
1064 5233 1195 5308 cod.
1228 5233 1348 5285 Val.
1524 5249 1631 5308 pro
1668 5235 1695 5286 6
1731 5237 1826 5304 μὲν
1866 5237 1988 5308 legit
2018 5244 2067 5292 oi
2104 5262 2117 5271 -

524 5301 638 5375 μὲν,
658 5301 902 5375 Δειρτιιιιο
931 5312 1044 5375 post
1078 5304 1123 5375 οἱ
1153 5302 1207 5375 δὲ
1238 5316 1333 5368 pro
1354 5304 1389 5375 ό
1412 5302 1494 5375 δέ.
1520 5301 1723 5375 Possm.

592 5373 701 5443 (60)
734 5374 834 5426 Pro
862 5373 1054 5443 νωθροὶ
1078 5372 1233 5443 habet
1272 5370 1480 5443 vwesig.
1517 5370 1594 5443 lo.

588 5440 701 5563 (6ίέ
735 5443 833 5497 Pro
857 5440 1245 5508 διαλεγομένων
1281 5440 1463 5492 scribit
1522 5440 1659 5521 idem
1706 5442 1809 5509 ίδία
1841 5444 2065 5563 λεγοεμέ-

588 5530 622 5563 ιν
709 5527 813 5563 crs.
845 5522 957 5563 post
978 5512 1030 5563 2.
1063 5510 1414 5563 ἀποδυόμενοι
1443 5518 1609 5561 mutat
1640 5527 1689 5562 tn
1720 5513 1951 5563 ἀποδύεσ
1989 5532 2064 5563 αι-

588 5464 669 5510 (01
735 5464 833 5497 τ’Γο
857 5464 1245 5508 οιαΛεγομενων
1281 5464 1463 5492 διίἰυιι
1522 5464 1659 5493 HICIII
1706 5464 1809 5509 ιοιᾳ.
1844 5464 1964 5511 Αεγο
2011 5464 2064 5499 ε-

538 5530 622 5564 ·ων
662 5464 813 5566 ὅθι-9.
845 5522 957 5576 post
978 5512 1030 5573 2,
1063 5510 1414 5577 ἀποδυόμενοι
1443 5518 1609 5561 mutat
1640 5512 1689 5562 in
1720 5464 2064 5569 ἀποδύεσθαι.

521 5580 670 5633 ‘v'crs.
702 5595 813 5647 seq.
850 5588 963 5646 post
1012 5582 1374 5650 ἐπιτιμήσεως
1417 5593 1534 5650 qua}
1573 5592 1865 5646 sequuntur
1900 5599 2068 5650 usque

520 5651 584 5701 tul
613 5650 736 5711 τοὺς
776 5650 871 5717 μὲν
917 5650 1184 5719 exclusivc
1228 5649 1306 5701 sic
1350 5649 1565 5719 exhibet.
1613 5651 1731 5719 cori.
1774 5650 1893 5702 Vat.
1942 5649 2065 5719 650,

524 5715 806 5790 μυστηρίῳ
835 5717 1326 5790 παιδοτριδούμενοι
1359 5717 1450 5768 καὶ
1498 5715 1842 5787 ἀμειϐόμενοι
1886 5724 1950 5790 τῇ
1982 5715 2068 5773 et);

524 5786 741 5856 mtuet;
762 5786 854 5856 τὴν
887 5786 1241 5853 συμπάθειαν.
1272 5786 1343 5838 lo.

594 5852 863 5910 :62i'ltlc’tu
886 5852 1183 5906 τελευταῖον
1220 5866 1388 5907 mutat
1421 5857 1470 5908 in
1503 5856 1873 5920 τελευτῶντες,
1909 5858 2057 5912 Vers.

2172 5258 2288 5305 seq.
2314 5258 2408 5308 pro
2430 5242 2487 5293 τὸ
2523 5240 2772 5308 μέγιστον
2794 5241 2872 5301 είς
2905 5234 3073 5289 πειθὼ
3101 5236 3411 5308 φάρμακον,
3449 5240 3572 5289 cod.
3609 5234 3731 5290 Vat.

2171 5312 2274 5367 650
2308 5305 2483 5375 habet,
2514 5305 2572 5361 τὸ
2605 5305 2839 5378 ’μέγεθος
2864 5308 2962 5375 τῆς
2998 5305 3212 5378 πειθοῦς
3246 5306 3555 5378 φάρμακον.

2240 5382 2350 5450 (63)
2373 5373 2509 5450 idem
2531 5373 3104 5450 ἐρέθιξομένωνηιιιιαι
3128 5376 3178 5450 in
3197 5373 3730 5450 tpsOthvrwa't-rs.

2170 5443 2284 5518 seq.
2311 5443 2431 5517 post
2462 5443 2577 5524 ἀλλ⁴
2608 5443 2758 5524 addit
2779 5447 2925 5504 ἴσως.
2964 5446 3115 5524 Vers.
3148 5443 3199 5524 β,
3229 5443 3370 5524 Post
3395 5443 3585 5524 ἄρχειν
3616 5459 3733 5524 qua:

2174 5513 2474 5596 sequuntur
2508 5518 2943 5596 in__eltiito._u.sqttc
2977 5515 3060 5596 ,οὐκ
3086 5513 3323 5596 τολμῶσι
3359 5514 3622 5596 inclusive
3657 5516 3735 5596 sic

2171 5577 2336 5640 codex
2374 5588 2492 5639 Vat.
2540 5585 2642 5639 650
2686 5577 2921 5643 exhibet,
2966 5584 3150 5646 ἁπλῶς
3186 5577 3361 5651 ἀὐτὴν
3410 5577 3549 5633 εἶναι
3579 5584 3732 5651 νομί-

2168 5655 2373 5719 ζουσιν,
2404 5656 2619 5709 ἐπειδὰν
2662 5655 2813 5705 αὐτοὶ
2868 5653 3123 5721 τολμῶσι.
3163 5652 3314 5721 Verg.
3364 5652 3457 5702 ult.
3501 5667 3588 5721 ep.
3623 5655 3733 5707 luet:

2176 5728 2358 5787 verba,
2384 5724 2475 5777 τοῦ
2514 5724 2711 5776 διδόναι
2759 5724 2937 5785 αὐτοῖς
2968 5720 3035 5773 τὸ
3065 5720 3424 5791 σιτομέτριον,
3471 5720 3669 5776 absunt
3702 5742 3727 5773 a

2176 5801 2287 5849 red.
2324 5794 2440 5847 Val.
2484 5794 2604 5847 650.
2638 5793 2709 5844 lo.

2173 5804 2287 5849 cod.
2327 5804 2440 5847 Vat.
2484 5804 2604 5847 ϋδυ.
2638 5804 2709 5844 to.
