3988 6442
289 541 426 606 1229

1169 536 1700 600 EPISTULARUM
1741 534 1885 595 LIB.
1925 533 2020 593 ιν.
2059 558 2126 567 --
2165 532 2401 592 EPIST.
2446 534 2692 592 CXLVI.
2792 557 2812 570 ο

3415 523 3548 586 ιω

286 654 432 707 οὕτω
459 653 518 705 τὸ
552 651 775 706 σπάνιον
807 653 1240 724 ἐνδεικνυμένης,
1263 652 1337 714 ὼς
1361 652 1452 704 καὶ
1487 648 1869 718 ἐπαπορητικῇ

1984 657 2080 695 non
2116 644 2309 706 simus,
2341 652 2392 698 et
2424 643 2696 713 negligere
2727 639 2903 708 aliqua
2928 679 2944 704 ,
2977 634 3190 690 tametsi
3236 649 3340 686 non
3377 636 3550 701 negli-

289 741 598 814 χρήσασθαι
627 743 804 808 λέξει·
843 763 862 796 ι
922 743 1017 805 Τίς
1056 743 1166 812 ἄρα
1197 741 1343 794 ἐστὶν
1387 741 1414 791 ὁ
1463 737 1653 801 πιστὸς
1685 734 1870 796 δοῦλος

289 837 384 888 καὶ
413 835 695 905 φρόνιμος,
731 836 790 888 ὅν
821 836 1149 906 καταστήσει
1177 836 1204 887 ὁ
1227 835 1428 904 Κύριος
1451 833 1542 884 ἐπὶ
1568 832 1663 898 τῆς
1692 827 1868 888 οἰκίας

285 925 454 978 αὑτοῦ
473 965 488 987 ,
517 924 611 977 τοῦ
645 925 840 978 διδόναι
872 926 1050 987 αὐτοῖς
1078 924 1139 976 τὸ
1164 923 1540 994 σιτομέτριον.;
1582 939 1597 970 ι

1977 750 2203 802 gamus:
2258 743 2312 787 et
2359 735 2488 790 alios
2516 737 2732 806 quidem
2786 730 3157 788 moderatione
3202 736 3254 779 et
3298 727 3555 796 a'quitate

1976 826 2143 880 animi
2174 841 2368 881 sanare
2389 869 2402 893 ,
2437 828 2573 882 alios
2602 841 2729 880 vero
2762 823 3138 894 separatione:
3175 835 3230 880 ct
3266 825 3399 878 alios
3429 820 3552 887 qui-

1976 919 2096 972 dein
2127 920 2349 974 vincere
2377 936 2392 984 ;
2447 919 2514 973 ab
2546 919 2670 973 aliis
2709 929 2890 974 autem
2918 921 3059 974 vinci
3111 933 3327 990 quoque
3358 917 3550 976 videri.

284 1018 488 1086 quibus
516 1019 767 1074 videlicet
807 1022 906 1075 hoc
932 1019 1163 1088 expedit.
1201 1017 1364 1090 495
1417 1018 1553 1072 Cum
1586 1013 1749 1082 igitur
1815 1020 1894 1067 tot
1933 1021 2151 1084 tamque
2229 1013 2544 1084 multiplicia
2588 1016 2701 1069 sint
2746 1030 2951 1084 genera
3016 1025 3074 1070 et
3139 1015 3452 1069 morborum
3502 1020 3558 1065 ct

286 1110 643 1174 auxiliorum,
675 1126 849 1181 neque
883 1126 1070 1167 omnes
1108 1109 1296 1165 iisdem
1326 1109 1540 1172 cedant,
1571 1107 1663 1161 sed
1709 1105 1872 1160 etiam
1913 1115 2099 1161 contra
2139 1107 2206 1162 ad
2238 1107 2503 1162 deteriora
2545 1121 2928 1177 nonnunquam
2965 1116 3184 1177 peccata
3225 1106 3555 1161 admittenda

287 1201 615 1256 irritentur:
673 1205 826 1271 quis,
872 1209 1076 1272 quaeso,
1130 1212 1221 1256 aut
1255 1201 1432 1260 omnia
1464 1200 1631 1263 scire,
1679 1209 1770 1252 aut
1805 1197 1936 1252 huic
1978 1207 2128 1252 tanto
2162 1199 2371 1253 muneri
2427 1213 2523 1268 par
2552 1214 2670 1254 esse
2697 1209 2891 1268 queat,
2935 1200 3040 1253 nisi
3077 1201 3290 1254 divinus
3321 1199 3558 1267 Spiritus

289 1295 536 1347 animum
575 1294 745 1361 ipsius
773 1294 1103 1348 illu5trarit‘!
1149 1294 1255 1347 Sed
1283 1293 1408 1362 quia
1453 1292 1737 1360 imperium
1769 1289 1870 1344 sibi
1909 1290 2078 1358 probe
2142 1291 2434 1345 convenire
2501 1290 2847 1355 existimant,
2912 1290 3033 1346 ideo
3079 1299 3284 1344 tantum
3335 1298 3558 1344 sumunt

290 1386 534 1439 audaciae
561 1386 1038 1456 (utepiscopatum
1073 1383 1372 1454 invadunt),
1410 1399 1582 1451 neque
1614 1383 1730 1450 ejus
1765 1382 2138 1437 difﬁcultatem
2166 1383 2407 1438 muneris
2471 1382 2610 1452 apud
2679 1383 2921 1436 animum
2995 1382 3412 1452 perpendentes,
3467 1397 3559 1436 ne-

288 1491 398 1547 que
430 1492 618 1534 vocem
651 1476 988 1548 Dominicam
1026 1476 1327 1539 audientes,
1368 1489 1487 1544 qua:
1520 1476 1655 1529 adeo
1687 1489 1868 1528 rarum
1911 1475 2188 1545 negotium
2215 1489 2335 1529 esse
2365 1473 2703 1528 demonstrat
2768 1475 2850 1542 (ut
2875 1474 2998 1543 quis
3066 1475 3203 1528 bene
3237 1475 3286 1529 ei
3329 1474 3554 1542 prmsit).

288 1576 350 1620 ut
376 1568 544 1621 etiam
578 1567 940 1622 dubitabunda
971 1569 1220 1622 oratione
1258 1581 1386 1619 usus
1418 1565 1603 1632 fuerit,
1636 1565 1858 1619 dicens:
1907 1584 1925 1615 ι
1951 1564 2105 1631 Quis,
2156 1574 2337 1634 putas,
2387 1573 2473 1620 est
2521 1563 2693 1618 fidelis
2758 1578 2948 1620 servus
2978 1573 3032 1619 et
3101 1567 3362 1634 prudens,
3397 1579 3557 1634 quem

285 1662 588 1716 constituet
627 1659 886 1716 Dominus
919 1677 1082 1731 super
1121 1661 1375 1715 familiam
1420 1677 1574 1716 suam
1601 1700 1617 1726 ,
1680 1669 1738 1713 ut
1767 1660 1858 1715 det
1906 1659 2012 1715 illis
2047 1661 2401 1716 demensum?
2426 1678 2446 1711 ο

582 1781 778 1848 ΡΜΕΓ.
816 1813 885 1823 -
922 1780 1180 1853 ῙΣΙΔΩΡῼ
1219 1782 1586 1852 ΕΠιΣΚΟΠῼ.

639 1887 658 1920 ι
696 1869 804 1924 Καὶ
835 1871 1159 1941 ἀπαλλάξῃ
1189 1873 1459 1938 τούτους.
1501 1873 1536 1925 ι’

366 1979 432 2032 Τί
479 1979 649 2058 ἐστιν,
703 1979 860 2051 ἔφης,
920 1999 938 2032 ι
971 1981 1079 2035 Καὶ
1136 1981 1419 2053 ἀπαλλάξῃ
1468 1980 1718 2048 τούτους,
1760 1982 1874 2034 όσοι

290 2069 444 2140 φόϐῳ
485 2070 719 2124 θανάτου
763 2071 850 2124 διὰ
896 2071 1210 2142 σύμπαντος
1249 2074 1359 2144 (64)
1416 2073 1512 2127 τοῦ
1550 2073 1650 2144 ζῇν
1696 2071 1872 2143 ἔνοχοι

259 2156 431 2232 -ἧσαν
479 2161 754 2227 δουλείας;
798 2182 815 2213 ι
864 2166 1065 2217 Ἀκουε
1095 2164 1291 2218 τοίνυν.
1331 2165 1442 2235 οὐχ
1475 2167 1504 2218 ὁ
1541 2165 1790 2229 θάνατος,
1827 2161 1872 2220 ὦ

290 2254 561 2324 βέλτιστε,
603 2255 739 2308 ἀλλὰ
767 2255 825 2307 τὸ
858 2256 1208 2326 δικαστήριον
1236 2257 1297 2309 τὸ
1330 2257 1469 2326 μετὰ
1497 2257 1587 2310 τὸν
1621 2257 1870 2323 θάνατον,

288 2347 594 2418 ἀποτρέπει
620 2347 728 2400 τῶν
763 2348 1195 2420 ἁμαρτημάτων.
1225 2351 1286 2402 Οἱ
1309 2351 1415 2420 γὰρ
1443 2351 1684 2414 ἀσεϐεῖς,
1720 2368 1876 2404 σπιν-

287 2441 434 2510 Θῆρα
469 2439 790 2509 νομίσαντες
837 2436 972 2494 εἶναι
1021 2440 1118 2511 τὴν
1155 2442 1360 2512 ψυχὴν,
1400 2436 1460 2495 οὗ
1510 2443 1876 2498 ἀποσϐεσθέν-

283 2548 382 2593 eo;
411 2531 522 2601 (65)
547 2571 561 2595 ,
593 2532 667 2594 ὡς
702 2531 942 2598 ἔφασαν,
985 2531 1160 2606 τέφρα
1181 2533 1518 2604 ἀποϐήσεται
1548 2533 1629 2598 τὸ,
1676 2534 1837 2604 σῶμα
1856 2573 1871 2598 ,

292 2627 455 2696 μόνον
493 2624 746 2678 τεθνᾶναι
777 2623 1119 2692 νομίζοντες,
1163 2627 1236 2695 μὴ
1269 2625 1548 2696 κρίνεσθαι
1583 2626 1638 2678 δὲ
1670 2626 1876 2696 (ταῦτα

286 2718 399 2788 γὰρ
441 2719 500 2770 ἐν
536 2721 603 2788 τῆ
635 2716 1091 2786 ἐπιγεγραμμένη
1136 2716 1304 2787 Σοφίᾳ
1345 2717 1691 2787 Σολομῶντος
1726 2719 1876 2788 είρήο

289 2825 484 2867 κασιν,
519 2807 595 2869 ὡς
637 2804 821 2859 οἶσθα·
861 2808 908 2858 εί
939 2805 984 2859 δ’
1018 2809 1262 2874 ἀγνοεῖς,
1301 2807 1482 2860 λαϐὼν
1516 2810 1652 2878 μετὰ
1687 2812 1874 2879 χεῖρας

286 2901 352 2952 τὸ
399 2899 642 2968 βιϐλίον,
707 2899 902 2969 εἴσῃ),
957 2899 1110 2952 οὐδὲν
1171 2900 1452 2971 ἄπρακτον
1515 2902 1736 2955 εἴασανο
1799 2902 1875 2964 ὡς

289 2990 400 3060 γὰρ
448 2989 650 3059 μηκέτι
699 2988 850 3052 ὄντες
906 2988 1043 3058 μετὰ
1088 2987 1349 3054 θάνατον,
1403 2991 1582 3044 πάντα
1628 2991 1758 3062 δρᾷν
1810 2993 1878 3046 τὰ

288 3081 560 3151 αἰσχύνης
588 3080 683 3133 καὶ
713 3080 963 3133 θανάτων
1008 3082 1119 3150 (66)
1161 3082 1256 3134 καὶ
1286 3081 1565 3145 κολάσεως
1593 3084 1720 3147 ἄξια
1772 3085 1875 3136 imo

287 3173 572 3243 εχείρουν,
616 3171 898 3238 λέγοντες⁸
938 3191 957 3222 ‹
998 3171 1145 3243 Αὕτη
1180 3174 1212 3242 ή
1267 3174 1424 3241 μερὶς
1472 3173 1665 3244 ἡμῶν,
1701 3175 1797 3228 κα)⁴
1847 3176 1876 3227 ὁ

2226 1773 2458 1831 CXLVI.
2501 1806 2569 1816 —
2619 1775 2894 1832 lSlDORO
2943 1775 3296 1833 EPISCOPO.

2371 1887 2389 1920 ι
2428 1865 2495 1922 Et
2530 1868 2774 1924 liberaret
2804 1886 2891 1924 eos
2915 1870 2983 1934 ",
3023 1889 3043 1923 ι
3081 1881 3186 1925 etc.

2053 1979 2362 2045 Quaasivisti
2405 1981 2531 2051 quid
2568 1982 2640 2034 sit
2671 1982 2800 2038 illud
2825 1998 2854 2035 ι’
2890 1961 3000 2036 (Et
3027 1981 3287 2036 liberaret
3318 1997 3433 2044 eos,
3463 1984 3557 2052 qui

1985 2069 2177 2124 timore
2209 2071 2400 2125 mortis
2428 2085 2526 2140 per
2555 2079 2723 2125 totam
2755 2071 2920 2124 vitam
2952 2070 3172 2124 obnoxii
3205 2079 3363 2123 erant
3389 2071 3564 2124 servi-

1984 2161 2137 2215 tuti.»
2180 2161 2438 2217 Ausculta
2468 2162 2650 2230 igitur.
2711 2161 2826 2216 Non
2859 2177 3009 2216 mors
3040 2162 3178 2229 ipsa,
3201 2175 3234 2216 ο
3267 2161 3429 2224 bone,
3465 2162 3560 2216 sed

1975 2252 2244 2322 judicium
2267 2291 2282 2316 ,
2312 2251 2457 2321 'quod
2501 2262 2624 2322 post
2661 2262 2888 2306 mortem
2925 2252 3168 2307 futurum
3197 2264 3312 2318 est,
3348 2252 3554 2308 avertit

1979 2359 2009 2397 a
2039 2345 2295 2412 peccatis.
2359 2345 2517 2414 impii
2548 2345 2691 2398 enim
2732 2360 2857 2399 cum
2892 2345 3266 2399 existimarent
3315 2345 3556 2398 animam

1979 2450 2103 2490 esse
2128 2435 2419 2489 scintillam
2441 2435 2754 2504 quamdam,
2789 2452 2892 2507 qua
2912 2438 3207 2502 exstincta,
3233 2449 3291 2489 ut
3315 2437 3555 2500 aiebant,

1981 2542 2178 2596 corpus
2235 2527 2286 2581 in
2321 2529 2560 2583 cinerem
2605 2526 2812 2593 abibit,
2867 2528 3002 2583 mori
3043 2543 3100 2584 se
3135 2539 3340 2582 tantum
3378 2530 3558 2598 (more

1981 2620 2287 2690 brutorum)
2325 2629 2596 2690 putantes,
2630 2636 2736 2675 non
2768 2633 2949 2676 autem
2983 2622 3130 2690 (post
3167 2621 3420 2690 mortem)
3472 2622 3562 2688 ju—

1982 2710 2187 2765 dicari:
2221 2711 2360 2781 (haec
2386 2712 2530 2765 enim
2567 2711 2690 2765 talia
2725 2713 2776 2765 in
2807 2712 2945 2766 libro
2975 2713 3067 2782 qui
3097 2711 3374 2779 Sapientia
3405 2712 3562 2766 Salo-

1982 2803 2160 2857 monis
2205 2803 2522 2857 inscribitur
2542 2804 2612 2869 ⁸³,
2654 2805 2928 2862 dixerunt.
2977 2813 3044 2856 ut.
3079 2803 3266 2857 nosti:
3312 2809 3455 2871 quod
3509 2807 3552 2857 si

1982 2895 2185 2959 nescis,
2218 2909 2372 2950 sume
2408 2897 2461 2948 in
2498 2910 2691 2950 manus
2720 2911 2842 2950 eum
2887 2896 3113 2960 librum,
3143 2907 3196 2950 et
3226 2897 3384 2965 scies)
3431 2896 3561 2949 uilnl

1982 2989 2304 3042 intentatum
2334 2989 2416 3043 vel
2481 2989 2729 3043 inausqu
2768 2990 3171 3058 relinquebant.
3242 2990 3356 3044 Non
3405 2991 3563 3045 aliter

1979 3081 2123 3134 enim
2153 3095 2217 3135 ac
2243 3081 2288 3135 si
2319 3091 2439 3151 post
2463 3092 2692 3136 mortem
2724 3096 2826 3135 non
2847 3083 3078 3151 amplius
3106 3083 3272 3137 futuri
3291 3082 3558 3144 “essent,

1980 3172 2164 3228 omnia
2215 3173 2415 3240 probro
2466 3187 2530 3228 ac
2588 3174 2792 3241 pudore
2843 3182 2898 3228 et
2955 3169 3138 3228 multis
3189 3174 3456 3228 mortibus
3508 3186 3562 3228 ct

288 3264 492 3333 κλῆρος
548 3260 722 3325 οὗτος.
786 3282 804 3315 ο
843 3261 986 3316 Ἦκε
1027 3262 1204 3316 τοίνυν
1246 3264 1274 3314 ὁ
1325 3264 1554 3335 Σωτὴρ,
1603 3266 1740 3334 μετὰ
1767 3267 1874 3320 τῶν

1984 3265 2246 3334 supplicio
2309 3264 2470 3334 digna
2529 3280 2689 3333 agerc
2746 3266 2985 3335 aggressi
3055 3276 3204 3329 sunt,
3267 3268 3556 3322 dicentes:

288 3355 488 3418 ἄλλων,
521 3348 596 3406 ὧν
635 3353 986 3425 κατώρθωσε,
1020 3355 1114 3406 καὶ
1159 3354 1360 3422 ταύτης
1395 3355 1721 3419 ἀπαλλάξων
1751 3358 1878 3419 τοὺς

289 3446 616 3518 ἀνθρώπους
661 3446 758 3516 τῆς
798 3445 1070 3508 ὑπονοίας.
1105 3444 1216 3516 Τὴν
1244 3444 1352 3515 γὰρ
1391 3446 1489 3515 τῆς
1527 3445 1706 3515 ψυχῆς
1743 3446 1878 3499 ἀθα-

288 3538 485 3591 νασίαν
529 3536 887 3606 ὁρισάμενος,
922 3537 979 3587 ὲν
1018 3534 1094 3604 τῷ
1138 3535 1339 3605 φάναι·
1392 3554 1407 3584 ι
1455 3535 1566 3603 Τὴν
1613 3535 1668 3587 δὲ
1702 3535 1880 3606 ψυχὴν

289 3630 368 3698 μὴ
413 3627 730 3696 δυναμένων
775 3627 1126 3680 ἀποκτεῖναι·
1175 3627 1268 3678 καὶ
1316 3625 1413 3696 τὴν
1455 3627 1564 3678 τῶν
1610 3627 1879 3696 σωμάτων

290 3720 594 3774 ἀνάστασιν
625 3718 1116 3788 εὐαγγελισάμενος
1144 3717 1231 3770 διὰ
1271 3717 1366 3770 τοῦ
1397 3720 1590 3770 εἰπεῖν⁸
1628 3740 1645 3770 ι
1690 3719 1777 3771 Ἐν
1811 3721 1876 3791 τῇ

292 3813 590 3866 ἀναστάσει
627 3810 734 3862 τῶν
768 3810 978 3880 νεκρῶν
1008 3810 1130 3864 οὔτε
1161 3810 1431 3879 γαμοῦσιν
1461 3810 1585 3864 οὔτε
1611 3813 1876 3882 γαμίζον-

289 3921 377 3957 ται
399 3946 413 3964 ,
465 3903 582 3956 ἀλλ’
616 3902 827 3956 ἔσονται
857 3901 932 3965 ὡς
964 3902 1076 3970 (67)
1120 3903 1362 3970 ἄγγελοι⁸
1402 3920 1420 3952 ›
1464 3903 1563 3972 τήν
1592 3921 1650 3956 τε
1698 3905 1880 3974 κρίσιν

295 3996 546 4066 μηνύσας
584 3994 671 4047 διὰ
710 3993 917 4046 πολλῶν
953 3994 1048 4064 μὲν
1080 3993 1254 4046 ἄλλων
1280 4033 1294 4053 ,
1332 3996 1425 4048 καὶ
1465 3997 1522 4047 ὲν
1558 3995 1636 4066 τῷ
1673 3997 1879 4067 φρᾶσαι

290 4088 379 4140 δέ’
419 4106 438 4138 r
488 4085 768 4154 Φοϐηθῆτε
799 4084 887 4136 τὸν
919 4084 1215 4155 δυνάμενον
1255 4090 1347 4138 καὶ
1378 4087 1554 4158 ψυχὴν
1598 4089 1691 4140 καὶ
1721 4087 1878 4157 σῶμα

290 4177 558 4231 ἀπολέσαι
594 4179 648 4227 ὲν
700 4177 889 4245 γεέννῃ
916 4194 929 4208 ο
977 4195 994 4227 ι
1041 4177 1221 4246 πάσης
1251 4177 1466 4242 ἐκείνης
1509 4178 1878 4249 ἠλευθέρωσεν

290 4269 546 4330 ἅπαντας
580 4266 678 4334 τῆς
710 4266 990 4329 ὑπονοίους
1024 4266 1163 4337 (68)·
1201 4266 1403 4336 μᾶλλον
1433 4267 1476 4318 δ’
1514 4266 1877 4336 ἀληθέστερον

291 4362 500 4420 εἰπεῖν,
552 4358 649 4425 τῆς
684 4356 946 4417 δουλείας.
996 4358 1070 4411 Τὸ
1099 4357 1209 4429 γὰρ
1247 4357 1390 4410 θεῖον
1435 4358 1786 4430 δικαστήριον
1820 4362 1878 4411 ἐν

291 4451 366 4520 νῷ
393 4448 766 4520 λαμϐάνοντες
788 4491 801 4514 ,
835 4451 930 4503 καὶ
975 4450 1051 4513 ὡς
1098 4449 1235 4520 πρὸς
1265 4451 1465 4503 σκοπὸν
1502 4451 1563 4502 τὸ
1590 4450 1744 4520 ὄμμα
1770 4451 1880 4503 τεί-

291 4558 499 4602 νοντες,
536 4541 630 4593 καὶ
663 4541 816 4594 οὐδὲν
843 4541 1047 4609 φαῦλον
1073 4541 1276 4613 πρᾶξαι
1311 4543 1663 4618 τολμήσειαν.
1706 4539 1875 4611 Οἶμαι

1987 3357 2142 3412 «Haec
2158 3365 2240 3411 est
2268 3372 2394 3423 pars
2422 3367 2606 3411 nostra
2628 3368 2682 3411 et
2711 3359 2999 3412 hmreditas
3017 3369 3199 3415 nostra
3225 3370 3310 3415 est
3333 3361 3437 3414 ista
3457 3361 3520 3414 “.
3538 3381 3556 3412 ο

1979 3445 2160 3514 Quare
2210 3447 2358 3499 venit
2411 3446 2685 3512 Salvator,
2756 3459 2955 3517 prater
3003 3449 3108 3503 alia
3171 3450 3387 3523 (multa)
3444 3467 3566 3519 quae

1980 3535 2241 3601 przeclarc
2275 3537 2449 3604 gessit
2493 3552 2556 3590 ac
2589 3532 2858 3602 restituit,
2913 3541 3014 3592 hac
3054 3541 3214 3593 etiam
3251 3543 3562 3610 suspiciOue

1983 3625 2228 3681 homines
2251 3626 2596 3684 liberaturus.
2635 3626 2768 3682 Nam
2801 3643 2924 3684 cum
2948 3632 3139 3685 anima:
3178 3611 3558 3686 immortalita-

1983 3725 2089 3773 tem
2122 3718 2455 3775 deﬁnivisset
2487 3736 2582 3789 per
2610 3721 2660 3774 id
2690 3723 2830 3790 quod
2847 3722 3018 3776 dixit:
3063 3725 3346 3778 «Animam
3377 3737 3557 3780 autem
3621 3711 3626 3716 ’

1981 3809 2229 3865 occidere
2273 3825 2377 3863 non
2418 3811 2746 3880 possunt";
2777 3831 2791 3863 ι
2828 3828 2947 3866 cum
2985 3813 3109 3867 item
3147 3829 3435 3884 corporum
3473 3833 3558 3869 re-

1981 3903 2376 3957 surrectionem
2420 3905 2806 3958 annuntiasset
2842 3920 2936 3973 per
2987 3903 3039 3959 id
3076 3905 3215 3973 quod
3247 3908 3423 3962 dixit:
3461 3925 3479 3957 ‹
3505 3905 3559 3959 1η

1983 3991 2382 4045 resurrectione
2409 4002 2745 4045 mortuorum
2781 4007 2954 4060 neque
2981 3993 3184 4047 ducunt
3220 4009 3442 4059 uxores,
3471 4011 3565 4046 uc-

1982 4098 2088 4152 que
2120 4092 2344 4151 nuptum
2377 4083 2595 4146 dantur,
2631 4085 2722 4136 sed
2756 4097 2914 4139 erunt
2950 4095 3205 4154 tauquam
3239 4087 3412 4156 angeli
3439 4089 3484 4122 ⁸⁸
3507 4105 3555 4152 ;ι

1982 4189 2215 4243 cumque
2264 4174 2527 4242 judicium
2576 4190 2890 4243 supremum
2945 4177 3306 4247 signiﬁcasset
3360 4181 3556 4253 partim

1981 4266 2104 4319 aliis
2147 4264 2330 4318 multis
2363 4265 2562 4328 verbis,
2607 4267 2800 4334 partim
2831 4282 2896 4321 eo
2932 4267 3056 4321 dum
3090 4270 3264 4324 dixit:
3320 4269 3560 4325 «Timete

1981 4372 2103 4412 eum
2145 4358 2236 4427 qui
2288 4367 2468 4426 potest
2513 4367 2569 4413 et
2611 4353 2846 4414 animam
2897 4371 2951 4415 et
2987 4377 3183 4432 corpus
3229 4365 3456 4432 perdere
3507 4364 3557 4417 iu

1981 4451 2222 4518 geltenna
2242 4450 2345 4510 ’τις
2383 4464 2572 4505 omnes
2600 4451 2746 4504 omni
2782 4452 2869 4505 illa
2907 4455 3237 4524 suspicione,
3264 4456 3347 4510 vel
3383 4459 3561 4526 potius

1982 4541 2059 4600 (ut
2093 4541 2272 4595 verius
2302 4539 2504 4610 dicam)
2537 4543 2820 4608 servitute,
2875 4547 3093 4612 penitus
3137 4545 3407 4604 liberavit.
3466 4549 3556 4603 Di-

295 4633 393 4701 μὲν
445 4627 541 4685 οὖν
595 4631 986 4702 σεσαφηνίσθαι
1030 4631 1090 4685 τὺ
1128 4634 1310 4705 ῥητόν.
1350 4635 1414 4686 Et
1461 4634 1518 4687 δὲ
1567 4637 1660 4688 καὶ
1705 4650 1873 4704 μετα-

1985 4633 2163 4686 viuum
2198 4649 2430 4703 namque
2456 4634 2719 4702 judicium
2740 4638 2880 4704 apud
2910 4641 3149 4693 animum
3181 4640 3470 4710 agitantes,
3505 4653 3557 4695 et

292 4723 600 4792 φρασοῆναι
639 4723 771 4776 αὐτὸ
803 4722 1010 4792 βούλει,
1067 4724 1339 4794 φήσαιμι·
1382 4724 1596 4795 Ἐπειδὴ
1627 4725 1703 4788 ὡς
1741 4725 1870 4795 μέλ-

291 4813 474 4877 λοντες
505 4814 892 4884 ἀποθνήσκειν,
925 4813 1245 4868 ἐδούλευσαν
1268 4815 1501 4883 ἀφειδῶς
1529 4815 1660 4878 ’ταῖς
1687 4817 1868 4886 ἁμαρ-

291 4905 433 4966 τίαις
489 4903 551 4974 (ὁ
593 4905 700 4976 γὰρ
740 4903 835 4958 τοῦ
867 4904 1096 4959 θανάτου
1146 4906 1328 4976 φόϐος,
1385 4907 1644 4978 βλοσυρὸν
1689 4909 1870 4971 αὐτοῖς

291 4995 517 5065 ἐνορῶν,
551 4997 645 5049 καὶ
671 4996 768 5066 τὴν
789 4996 881 5050 τοῦ
916 4996 1112 5069 μηκέτι
1143 4992 1284 5050 εἶναι
1315 4997 1520 5051 ἔννοιαν
1546 4999 1764 5060 τίκτων,
1793 5002 1871 5061 είς

293 5090 474 5140 πᾶσαν
514 5087 711 5150 αὐτοὺς
744 5087 989 5141 δουλείαν
1021 5089 1299 5161 ἁμαρτίας
1339 5090 1741 5160 παρέπεμπε),
1788 5091 1876 5143 διὰ

291 5246 337 5277 ³⁸
375 5243 539 5298 llebr.
569 5261 628 5308 tt,
667 5245 752 5298 i3.
825 5245 870 5277 ⁸³
909 5245 1039 5316 Sap.
1085 5263 1142 5306 ll,
1177 5246 1197 5298 l
1240 5263 1395 5315 seqq.

1474 5249 1521 5278 ⁵⁵
1557 5249 1684 5301 ihitl.
1712 5247 1764 5301 9.

1852 5249 1896 5279 "
1929 5250 2114 5303 Matth.
2151 5267 2202 5310 ι,
2231 5250 2320 5304 ΞΒ.
2399 5251 2444 5281 ⁸⁸
2473 5253 2667 5305 Matth.
2710 5269 2839 5317 uti,
2877 5253 2963 5306 50.

1981 4739 2045 4776 eo
2076 4734 2329 4794 tanquam
2380 4727 2446 4778 ad
2500 4741 2722 4794 secpum
2757 4729 3054 4798 dirigentes
3087 4733 3302 4787 oculum
3341 4737 3556 4798 mentis,

1984 4815 2116 4868 nihil
2152 4832 2389 4886 unquam
2427 4819 2548 4871 mali
2584 4815 2759 4874 facere
2790 4821 3084 4876 audebunt.
3123 4825 3302 4895 Atque
3331 4825 3557 4893 bisqui.

1982 4910 2102 4964 dem
2155 4911 2417 4964 hactenus
2467 4919 2594 4978 puto
2629 4926 2656 4962 a
2700 4927 2783 4966 me
2813 4913 3016 4967 dictum
3073 4914 3205 4968 illud
3248 4917 3553 4984 expositqu

1983 5016 2105 5055 esse
2156 5003 2310 5058 satis.
2378 5001 2528 5069 Quod
2578 5005 2623 5059 si
2661 5005 2825 5057 etiam
2870 5020 2897 5057 a
2950 5020 3035 5059 me
3090 5006 3353 5074 postulas,
3403 5017 3459 5058 ut
3502 5007 3552 5059 id

1987 5092 2316 5161 metaphrasi
2361 5094 2594 5162 quadam
2648 5095 2913 5148 illustrem
2961 5095 3106 5164 (aliis
3138 5098 3318 5151 verbis
3368 5099 3557 5151 eadem

3059 5255 3103 5286 ιτ
3145 5255 3334 5313 uana.
3371 5274 3422 5322 κ,
3469 5259 3555 5311 93.

1413 5383 1649 5437 VAlll/E
1685 5384 2068 5440 LECTIONES
2099 5384 2184 5437 ET
2222 5386 2451 5440 NOTIE.

361 5511 473 5579 (64)
511 5510 612 5565 Pro
648 5511 961 5582 σύμπαντος
1007 5515 1126 5568 cod.
1173 5513 1347 5570 Vatic.
1401 5515 1506 5570 650
1552 5519 1743 5570 scribit
1782 5519 1869 5571 διὰ

295 5585 511 5641 παντὸς.
548 5582 753 5636 Possuv.

363 5652 476 5717 (65)
535 5651 989 5716 ’Δποσῦεσθὲντος
1041 5662 1211 5708 mutat
1272 5655 1412 5708 idem
1465 5657 1584 5710 cod.
1636 5657 1689 5710 in
1736 5657 1866 5708 ἀπο-

296 5719 702 5782 σκευασθέντος,
738 5723 912 5775 utiuus
942 5727 1242 5787 commode,
1288 5734 1345 5777 ιιι
1383 5728 1606 5779 videtur.
1646 5727 1717 5780 lo.

320 5787 473 5910 _l(6:5)
510 5789 677 5842 Verba
699 5791 782 5844 illa
818 5793 912 5843 κα).
935 5792 1178 5846 θανάτων
1212 5796 1349 5849 idem
1382 5797 1500 5849 cod.
1535 5807 1676 5850 ret-te
1706 5799 1865 5850 omit-

321 5875 372 5909 ι.
435 5874 486 5910 n.

297 5866 372 5909 ιιι.
413 5866 486 5912 lo.

368 5929 478 5998 (67)
512 5930 655 5984 inter
693 5932 767 5994 ὡς
815 5941 866 5985 et
907 5931 1129 5999 ἄγγελοι
1171 5935 1308 5988 idem
1382 5936 1500 5990 cod.
1552 5936 1742 5990 inserit
1788 5939 1855 5992 οί.

1982 5521 2096 5574 Mox
2133 5532 2251 5603 post
2282 5523 2469 5603 κρίσιν
2502 5528 3006 5603 νθῙΙωῐη-μηνύσας
3055 5542 3212 5601 auget
3267 5537 3558 5603 praeposito

2164 5593 2313 5714 nus.
2383 5598 2504 5648 inde
2554 5596 2607 5663 2,
2662 5593 2934 5668 φοϐηθῆτε
2991 5593 3338 5657 emendat-in
3383 5593 3558 5677 ’φθῆ-ή-

2011 5679 2127 5730 ητε.
2173 5679 2245 5716 ID.

2047 5733 2157 5802 (68)
2207 5734 2517 5810 'Irrovoloa;
2559 5739 2810 5810 mutat_i_n
2842 5739 3096 5807 ὑποψίας,
3131 5751 3185 5794 et
3227 5757 3369 5795 vers.
3439 5757 3556 5810 post

1974 5803 2007 5855 5
2036 5793 2158 5854 ante
2188 5803 2339 5876 οὐδέν
2367 5793 2530 5876 tollit
2570 5807 2682 5860 καί.
2739 5806 2892 5864 Vere.
2949 5793 3095 5865 inde"
3121 5793 3173 5876 5,
3231 5793 3556 5867 ὁδούλεύσειν

1975 5882 2145 5925 :uulat
2183 5875 2232 5926 itt
2263 5874 2557 5928 ἐδούλευον.
2587 5877 2658 5932 ID.
