3988 6424
513 495 640 562 1231

1703 496 1762 557 S.
1817 493 2105 554 ISIDORI
2145 491 2578 554 PELUSIOTE

3603 485 3737 553 1232

501 622 757 678 expressa
801 606 1088 674 sententia)
1145 603 1224 658 sic
1269 604 1534 659 dixerint:
1601 601 1863 672 Q‘uOuiatn
1917 607 2032 661 vein

2163 603 2316 656 τοῦτο
2348 598 2478 672 ἧκεν
2509 599 2619 672 (69)
2650 601 2676 653 ὁ
2705 598 2953 670 Χριστὸς,
2982 599 3074 663 καὶ
3106 599 3307 670 ταύτης
3335 600 3533 663 αὐτοὺς
3562 601 3734 652 ἀπιλο

504 699 746 754 morituri
828 698 945 752 sine
985 695 1186 766 pudore
1216 692 1416 750 affatim
1463 697 1770 750 servierunt
1823 696 2060 764 peccatis

500 791 892 866 “(mortis
922 804 1151 859 namque
1179 798 1372 854 metus,
1393 788 1695 843 truculento
1725 804 1820 843 suo
1840 795 2056 856 aspectu

500 900 596 939 eos
627 881 901 946 territans,
932 888 986 934 et
1018 879 1394 950 cogitationem
1427 878 1545 947 ejus
1591 887 1783 943 status,
1812 894 1918 949 quo
1951 895 2054 934 non

500 971 729 1040 amplius
779 977 981 1034 erunt,
1037 971 1089 1022 in
1140 969 1377 1038 ipsorum
1429 967 1625 1023 animis
1684 969 1942 1038 gignens,
2001 969 2055 1023 in

496 1076 711 1117 omnem
762 1059 965 1131 peccati
1006 1060 1317 1114 servitutem
1350 1058 1494 1126 ipsos
1525 1057 1811 1130 detrusit),
1856 1060 2057 1115 idcirco

493 1153 642 1207 venit
669 1149 937 1212 Christus,
965 1157 1020 1203 et
1058 1149 1157 1202 hac
1198 1163 1294 1204 eos
1325 1149 1586 1206 servitute
1614 1149 1867 1204 liberavit
1898 1159 2057 1220 atque

495 1241 714 1296 exemit.
782 1239 934 1306 Quod
987 1239 1029 1292 si
1077 1253 1142 1293 ne
1188 1239 1267 1294 sic
1309 1237 1530 1308 quidem
1565 1238 1700 1293 satis
1735 1237 2055 1308 intelligitur

496 1331 741 1403 (dictum)
771 1331 981 1385 dicetur
1014 1329 1230 1384 clarius.
1283 1330 1326 1382 Α
1357 1329 1542 1384 multis
1574 1329 1716 1384 enim
1742 1344 1846 1385 non
1876 1336 2053 1397 potest

495 1423 613 1492 capi
666 1438 856 1478 sensus
880 1421 1222 1493 apostolicus.
1285 1417 1355 1476 Ut
1408 1421 1683 1487 liberaret,
1735 1421 1927 1491 inquit,
1957 1433 2052 1476 eos

493 1523 634 1568 metu
669 1513 878 1578 mortis,
930 1527 1052 1583 quae
1098 1513 1148 1566 in
1181 1512 1410 1567 nihilum
1463 1513 1608 1580 ipsos
1654 1503 1962 1582 redigeret,
1997 1520 2051 1565 et

492 1605 780 1659 adduceret
829 1603 882 1657 in
913 1602 1289 1673 cogitationem
1343 1601 1636 1672 incorrupti
1688 1600 1853 1664 illius,
1906 1601 2048 1671 quod

490 1703 608 1762 post
638 1694 839 1749 exitum
873 1707 938 1748 ex
974 1695 1076 1748 hac
1104 1694 1211 1748 vita
1253 1693 1488 1748 futurum
1518 1701 1602 1746 est
1624 1731 1638 1757 ,
1689 1691 1906 1758 iudicii.
1979 1690 2043 1744 Hi

488 1785 633 1839 enim
683 1784 866 1839 libenti
901 1784 1081 1839 animo
1117 1784 1170 1839 in
1202 1784 1285 1838 via
1317 1785 1384 1838 ad
1412 1783 1661 1838 virtutem
1693 1783 1922 1838 ducente
1951 1783 2047 1836 de-

487 1885 810 1939 currerunt,
841 1875 984 1944 quod
1038 1889 1132 1945 spe
1183 1889 1499 1931 coronarum
1532 1873 1683 1942 quasi
1723 1872 2043 1942 quibusdam

2165 693 2337 758 λάξων
2366 693 2464 762 τῆς
2493 692 2752 755 δουλείας.
2790 691 2851 744 El
2877 691 2932 744 δὲ
2968 691 3090 762 μηδ’
3119 691 3294 754 οὕτως
3331 691 3600 762 νενόηται,
3633 708 3728 750 σαψ

2164 785 2422 854 φέστερον
2451 785 2728 854 εἰρήσεται
2749 798 2768 825 -·
2799 781 3010 846 πολλοῖς
3038 781 3145 851 γὰρ
3175 781 3451 851 ἁλώσιμον
3481 781 3583 836 οὐκ
3615 781 3731 834 ἔστι

2161 875 2220 926 τὸ
2241 875 2416 944 νόημα
2442 875 2501 926 τὸ
2524 873 2895 927 ἀποστολικόν.
2943 872 3291 939 ’Λπαλλάξει,
3321 873 3479 943 φησὶ,
3510 872 3732 936 τούτους

2159 964 2252 1018 τοῦ
2280 964 2442 1032 φόσου
2476 962 2568 1016 τοῦ
2605 963 2858 1027 θανάτου,
2887 962 2980 1017 τοῦ
3010 963 3348 1035 ἀνυπαρξίαν
3378 963 3563 1026 αὐτοϊς
3595 965 3730 1017 ἀπο-

2158 1055 2468 1118 τελοῦντος,
2508 1055 2603 1108 καὶ
2659 1053 2858 1122 ἀγάγοι
2913 1057 2992 1118 είς
3029 1053 3238 1108 ιννοιαν
3283 1053 3376 1108 τοῦ
3435 1053 3575 1124 μετά
3619 1054 3720 1124 τὴν

2158 1147 2406 1202 ἐντεῦθεν
2475 1146 2733 1218 τελευτὴν
2832 1147 3126 1202 ἀδεκάστου
3195 1147 3564 1220 δικαστηρίου.
3626 1142 3732 1202 Οὖ-

2155 1256 2234 1293 τοι
2263 1238 2372 1308 (70)
2413 1237 2522 1309 γὰρ
2563 1239 2787 1308 ἀσμενοι
2820 1235 2920 1308 τὴν
2962 1239 3056 1290 ἐπὶ
3085 1236 3184 1308 τὴν
3215 1238 3416 1309 ἀρετὴν
3457 1238 3731 1308 φέρουσαν

2154 1328 2268 1382 ὁδὸν
2300 1328 2538 1400 ἔτρεχον,
2569 1331 2636 1398 τῇ
2682 1327 2856 1381 ἑλπίδι
2885 1327 2994 1381 τῶν
3029 1327 3310 1396 στεφάνων
3341 1327 3727 1398 πτερούμενοι.

2154 1420 2246 1473 καὶ
2273 1420 2370 1490 τὴν
2405 1419 2676 1491 ἁμαρτίαν
2714 1419 2962 1488 ῐφευγον,
2998 1417 3076 1488 τῷ
3105 1417 3257 1489 φόϐῳ
3298 1417 3404 1471 τῶν
3450 1420 3727 1488 ἐσομένων

2151 1507 2448 1581 τιμωριῶν.
2493 1510 2553 1563 Ei
2615 1510 2670 1563 δὲ
2710 1511 2804 1563 καὶ
2859 1511 2938 1574 είς
2972 1509 3099 1564 ἀλλο
3146 1509 3438 1580 ἀνθύμημα
3474 1508 3666 1580 βλέπει
3699 1510 3728 1560 6

2149 1597 2270 1662 νοῦς
2299 1600 2327 1651 6
2358 1597 2734 1662 ἀποστολικὸς,
2769 1597 2868 1668 τῆς
2898 1598 3167 1662 συνέσεως
3195 1598 3296 1668 τῆς
3326 1598 3425 1670 σῆς
3460 1599 3577 1651 ὲστι
3605 1600 3726 1666 κρῖ-

2148 1706 2254 1742 ναι.
2311 1689 2468 1752 Είκὺς
2505 1687 2613 1759 γάρ
2664 1689 2756 1742 καί
2805 1705 2856 1740 τι
2905 1687 3148 1742 τοιοῦτον
3200 1689 3364 1742 αὐτὸν
3410 1689 3721 1759 ἐμφαίνειν·

2161 1778 2375 1851 Ἐπειδὴ
2405 1780 2588 1834 πολλοὶ
2613 1781 2703 1834 τὸν
2733 1780 2962 1835 θάνατον
2982 1781 3230 1845 δεδιότες,
3263 1780 3338 1844 ὡς
3363 1782 3442 1844 εἰς
3472 1782 3721 1851 ἀνυπαρο

2149 1870 2265 1935 ξίαν
2304 1871 2776 1940 παραπέμποντα,
2835 1870 3004 1925 πολλά
3053 1871 3146 1926 καὶ
3181 1871 3332 1943 παρά
3363 1872 3592 1942 γνώμην
3629 1871 3723 1924 καὶ

486 1963 586 2019 alis
615 1963 766 2018 luere
800 1963 1061 2030 subvecti,
1091 1970 1146 2018 et
1173 1971 1453 2034 peccatum
1486 1962 1758 2034 fugerunt,
1791 1972 1934 2017 metu
1969 1961 2040 2017 lu-

2144 1962 2339 2032 δρᾶσαι
2376 1960 2466 2014 καὶ
2496 1959 2689 2014 παθεῖν
2714 1959 2916 2030 αίσχρά
2950 1961 3244 2031 ὑπέμενον,
3277 1961 3364 2014 [va
3393 1961 3502 2031 (7i)
3531 1961 3609 2031 μὴ
3639 1977 3717 2012 τι·

487 2063 733 2108 turorum
767 2051 1170 2123 suppliciorum.
1212 2050 1364 2120 Quod
1389 2053 1431 2109 si
1464 2053 1626 2108 etiam
1659 2053 1822 2108 aliam
1850 2069 2043 2124 quam-

2146 2051 2452 2123 μωρηθεῐεν
2503 2052 2653 2123 παρά
2695 2051 3226 2123 τῶνκδυνατωτέρων
3277 2051 3544 2121 (δρῶντες
3585 2050 3715 2120 γὰρ,

487 2146 608 2197 dam
655 2142 1035 2214 cogitationem
1091 2142 1307 2212 respicit
1356 2157 1508 2198 mens
1552 2142 1842 2210 apostolica
1869 2183 1884 2208 ,
1941 2152 2040 2198 tute

2144 2144 2237 2196 καὶ
2277 2144 2350 2214 μὴ
2378 2145 2740 2214 τυγχάνοντες
2767 2143 2861 2197 τοῦ
2895 2144 3120 2209 σκοποῦ,
3153 2143 3338 2202 δόλους
3371 2143 3462 2197 καὶ⁵
3491 2142 3715 2196 επιϐου-

484 2233 782 2301 prudentie
813 2235 917 2288 erit
953 2232 1215 2302 judicare.
1255 2231 1342 2287 Fit
1374 2232 1517 2288 enim
1551 2233 1866 2299 verisimile,
1897 2233 2040 2302 quod

2144 2234 2236 2296 λάς
2263 2232 2490 2288 θάνατον
2515 2235 2799 2298 τίκτοντας
2825 2234 3240 2300 κατεσκεύαζον,
3279 2234 3356 2297 ὡς
3396 2232 3616 2304 δηλοῦσι
3646 2232 3716 2287 τά

483 2324 589 2378 tale
621 2321 784 2400 etiam
812 2321 1064 2392 quiddam
1094 2322 1356 2393 signiticet
1385 2341 1401 2378 :
1441 2321 1576 2390 Quia
1605 2321 1757 2377 multi
1787 2333 2038 2384 mortem,

481 2424 677 2483 utqute
704 2413 757 2468 in
785 2411 1013 2468 nlhiium
1041 2427 1268 2483 prorsus
1283 2427 1376 2469 eos
1396 2413 1682 2483 redigeret,
1715 2421 2040 2477 metuentes,

2141 2325 2281 2379 κατά
2307 2326 2396 2378 τὸν
2436 2327 2652 2397 Ἰωσὴφ,
2680 2327 2714 2397 ἦ
2744 2343 2804 2379 τε
2827 2325 2969 2380 κατά
2995 2327 3093 2398 τὴν
3117 2327 3401 2380 Σωσάνναν
3429 2325 3674 2396 ίστορία)
3701 2340 3714 2352 ·

2136 2411 2239 2487 ἧκε
2276 2415 2578 2470 παιδεύσων
2607 2419 2732 2480 τοὺς
2761 2417 3100 2488 ἀνθρώπους,
3127 2420 3208 2471 δτι
3235 2419 3266 2470 6
3294 2417 3524 2480 θάνατος
3567 2417 3716 2488 clpa-

481 2503 646 2558 lnulta
660 2505 824 2559 etiam
841 2512 1026 2560 contra
1044 2504 1206 2560 animi
1227 2505 1546 2560 sententiam
1563 2514 1670 2559 tam
1691 2504 1865 2560 facere
1879 2520 2039 2575 quam

2144 2507 2372 2578 τώτερός
2398 2510 2516 2562 ἐστι
2549 2509 2648 2578 τῆς
2675 2508 2891 2573 κακίας,
2923 2509 3016 2563 καὶ
3043 2508 3148 2580 χρὴ
3177 2508 3377 2579 μᾶλλον
3399 2507 3591 2562 τοῦτον
3614 2525 3716 2560 κα-

480 2594 590 2663 pati
628 2594 800 2664 turpia
827 2595 1217 2661 sustinuerunt,
1241 2611 1307 2650 ne
1326 2595 1575 2651 videlicet
1592 2610 1621 2650 a
1648 2596 2040 2666 potentioribus

2144 2598 2473 2668 ταδέχεσθαι,
2509 2601 2542 2669 η
2585 2616 2635 2651 τι
2665 2598 2777 2652 τῶν
2818 2600 3114 2669 αἰσχίστων
3155 2599 3353 2668 δρᾶσαί
3390 2616 3450 2652 τε
3480 2598 3574 2652 καὶ
3607 2616 3712 2652 πα-

478 2686 803 2754 punirentur
824 2687 1092 2755 (amantes
1120 2686 1287 2750 enim,
1306 2695 1360 2740 et
1390 2701 1610 2756 scopum
1644 2701 1749 2741 non
1780 2687 2038 2752 assecuti,

478 2777 628 2831 dolos
659 2785 822 2846 atque
853 2777 1076 2831 insidias
1111 2783 1338 2832 mortem
1377 2777 1648 2847 parientes
1683 2785 1994 2833 struxerunt
2023 2795 2037 2830 :

2138 2689 2268 2744 θεῖν.
2307 2689 2364 2743 '0
2406 2690 2505 2760 μὲν
2530 2691 2638 2761 γὰρ
2666 2690 2771 2744 ὑπὸ
2799 2691 2897 2758 τῆς
2927 2689 3278 2752 ἀναστάσεως
3308 2688 3671 2760 σϐεσθήσεται
3695 2704 3709 2718 ·

2135 2777 2202 2832 τά
2231 2779 2288 2833 δὲ
2313 2781 2392 2842 εἰς
2422 2780 2670 2842 κολάσεις
2703 2777 3116 2847 καταλήξουσιν.

481 2878 538 2922 ιιι
568 2868 859 2924 ostendunt
888 2877 1035 2938 gesta
1071 2867 1324 2938 Josephl,
1364 2879 1419 2923 et
1463 2869 1688 2924 historia
1727 2868 2040 2938 Susanna),
2092 2870 2566 2940 venit(Christus),
2635 2872 2979 2926 instituturus
3043 2870 3287 2925 homines
3334 2879 3560 2924 mortem
3592 2884 3711 2926 esse

480 2959 652 3028 magis
685 2959 1016 3029 eligendam,
1061 2973 1218 3028 quam
1260 2969 1318 3013 ut
1345 2959 1532 3012 vitium
1578 2959 1792 3028 aliquod
1847 2961 1897 3014 in
1935 2975 2030 3016 nos
2073 2961 2438 3029 adtnittamus,
2471 2974 2524 3016 et
2554 2962 2727 3030 illam.
2767 2960 2945 3029 potius
2974 2961 3159 3017 libenti
3227 2961 3408 3015 animo
3437 2973 3702 3031 oppeten-

482 3050 626 3112 dam,

480 3139 816 3196 surrectioue
863 3137 1278 3206 exstinguetur;

869 3246 1114 3303 GXLVII.
1149 3276 1220 3288 --
1262 3246 1630 3302 MARCIANO.

483 3366 550 3422 In
584 3369 636 3420 id
668 3364 804 3436 quod
833 3366 1086 3433 scriptum
1118 3376 1214 3429 ut,
1248 3363 1425 3436 «Nam
1455 3365 1501 3418 si
1525 3366 1598 3418 eis
1620 3363 1774 3419 Iesus
1807 3367 2035 3435 requiem

1031 3437 1359 3502 pra’stitisset
1385 3435 1451 3489 ⁸⁸.
1468 3455 1486 3487 ι

549 3573 664 3629 Non
691 3575 756 3629 de
779 3573 961 3642 requie
987 3570 1352 3638 Hebraeorum,
1371 3585 1488 3640 qua
1519 3571 1648 3639 ipsis
1675 3572 1726 3624 in
1752 3571 2034 3626 Palestina

477 3665 720 3736 contigit,
759 3675 911 3735 parta
943 3679 1038 3734 per
1073 3665 1314 3717 militiam
1351 3661 1474 3718 Jesu
1513 3663 1604 3717 lilii
1636 3662 1804 3729 Nave,
1856 3663 2036 3718 divino

479 3757 644 3812 Paulo
684 3757 784 3810 i'uit
826 3770 1006 3811 sermo
1046 3755 1225 3825 (hujus
1269 3755 1411 3808 enim
1463 3754 1660 3808 nullam
1716 3755 1900 3808 habuit
1951 3769 2038 3808 ra-

476 3848 723 3917 tionem),
769 3847 861 3902 sed
889 3847 954 3899 ad
981 3861 1098 3900 eam
1129 3860 1246 3913 qua!
1281 3845 1453 3898 futura
1494 3855 1572 3900 est
1605 3845 1839 3914 respicit,
1867 3855 1919 3900 et
1969 3846 2034 3899 ad

478 3955 596 3994 eam
650 3953 844 4008 scopus
897 3937 1284 3991 sententiarum
1332 3935 1495 4004 ipsius
1545 3922 1837 3989 contendit.
1922 3935 2033 3990 lloc

477 4041 655 4084 autem
681 4044 861 4084 verum
881 4041 1021 4093 esse,
1058 4029 1171 4098 ipse
1200 4037 1368 4082 seruet
1396 4028 1795 4096 interpretatur,
1818 4028 2029 4082 dicens:

497 4141 515 4170 ι
543 4120 674 4174 Nam
718 4121 760 4174 si
797 4120 874 4174 eis
903 4118 1057 4174 Jesus
1108 4118 1377 4186 (videlicet
1417 4117 1557 4171 illius
1590 4116 1733 4171 Nave
1767 4133 1858 4171 seu
1891 4117 2030 4185 Non)

479 4212 719 4277 requiem
769 4209 1147 4278 praestitisset,
1178 4222 1450 4275 nunquam
1481 4209 1545 4260 de
1584 4207 1685 4258 alia
1725 4206 2033 4274 loqueretur

478 4301 702 4368 posthac
731 4299 835 4355 die.
893 4299 1077 4367 itaque
1099 4297 1420 4366 relinquitur
1452 4295 1809 4351 sabbatismus
1841 4297 2032 4365 pupulo

475 4393 568 4446 Dei
587 4392 685 4444 ⁸⁸.»
729 4418 797 4430 —-
821 4408 839 4440 ι
867 4387 923 4444 Si
947 4389 1088 4442 enim
1119 4389 1268 4457 ipsis,
1297 4387 1488 4456 inquit,
1513 4386 1600 4439 ille
1628 4387 1866 4454 requiem
1901 4402 2028 4440 con-

480 4485 738 4543 ciliasset,
767 4497 871 4536 non
898 4489 1042 4534 certe
1073 4479 1234 4534 David
1276 4487 1398 4548 post
1430 4477 1625 4531 multas
1656 4479 2030 4543 generationes

718 3063 877 3116 quam
932 3046 1130 3115 aliquid
1184 3062 1361 3102 rerum
1433 3047 1862 3116 turpissimarum
1907 3048 1990 3104 vel
2039 3048 2297 3104 faciamus
2349 3051 2432 3104 vel
2521 3051 2807 3119 patiamur.

1361 3136 1556 3205 probra
1601 3145 1783 3192 autem
1836 3137 1927 3192 illa
1980 3139 2034 3192 in
2071 3138 2331 3210 supplicia
2362 3139 2626 3195 desinent.

2890 3048 3023 3104 Nam
3096 3063 3240 3105 mors
3284 3051 3500 3120 quidem
3542 3068 3571 3106 a
3622 3067 3710 3109 re-

2567 3251 2744 3304 PMZ'.
2783 3279 2851 3290 -
2887 3247 3269 3320 ΜΑΡΚῘΑΝῼ.

2135 3365 2239 3430 Είς
2279 3364 2344 3416 τὸ
2383 3362 2824 3434 τετφαμμένον,
2873 3382 2891 3414 ι
2928 3364 2995 3415 El
3039 3364 3148 3430 τὰρ
3205 3362 3424 3428 αὐτοὺς
3469 3365 3708 3432 Ἰησοῦς

2687 3431 3085 3486 κατέπαυσεν.
3125 3451 3144 3483 ι

2195 3565 2281 3617 ’οὑ
2310 3564 2440 3634 περὶ
2471 3563 2567 3633 τῆς
2601 3563 2997 3626 καταπαύσεως
3031 3562 3139 3616 τῶν
3175 3562 3460 3634 Ἐϐραίων,
3493 3564 3594 3634 τῆς
3623 3582 3707 3633 γε·

2136 3659 2362 3728 νομένης
2395 3659 2451 3710 ἐν
2485 3660 2548 3727 τῇ
2592 3655 2920 3728 Παλαιστίνῃ
2963 3655 3048 3709 διὰ
3077 3655 3174 3726 τῆς
3231 3655 3401 3725 Ἰησοῦ
3441 3655 3531 3708 τοῦ
3569 3657 3691 3710 nisi

2133 3747 2226 3800 τοῦ
2251 3748 2404 3816 Ναυῆ
2445 3748 2794 3817 στρατηγίας,
2827 3745 2904 3817 τῷ
2937 3746 3209 3817 Θεσπεσίῳ
3236 3746 3432 3817 Παύλῳ
3461 3749 3488 3800 6
3510 3743 3708 3834 λόγόκ

2134 3839 2344 3908 ἐκείνης
2389 3837 2495 3909 γάρ
2526 3839 2698 3902 οὐδεὶς
2725 3839 2880 3907 λόγος
2908 3836 3056 3908 αὐτῷ
3079 3853 3091 3866 ’
3142 3839 3221 3900 είς
3257 3838 3312 3890 δὲ
3341 3838 3439 3908 τὴν
3477 3835 3743 3909 προσδο-Χ

2133 3932 2384 4002 κωμένην
2442 3933 2658 3987 ἔσεσθαι
2699 3933 2903 4002 βλέπει,
2945 3935 3038 3986 καὶ
3092 3935 3212 3986 κατ’
3265 3936 3482 4005 ἐκείνης
3517 3938 3544 3988 6
3594 3936 3702 3988 τῶν

2132 4024 2416 4093 νοημάτων
2468 4025 2668 4087 σκοπὸς
2705 4026 3057 4079 συντείνεται.
3115 4026 3237 4079 Ὀτι
3279 4025 3334 4079 δὲ
3377 4026 3521 4080 τοῦτ’
3555 4027 3704 4082 ἐστιν

2133 4117 2346 4185 ἀληθὲς,
2396 4118 2555 4179 αὐτὸς
2587 4116 2777 4170 ἑαυτὸν
2826 4116 3119 4186 ἐρμηνεύει
3154 4116 3329 4184 λέγων
3355 4133 3368 4146 ·
3425 4137 3442 4168 ι
3502 4119 3563 4170 Ei
3594 4119 3703 4190 γὰρ

2132 4205 2325 4267 αὐτοὺς
2386 4207 2589 4274 Ἰησοῦς
2639 4206 2830 4275 (δῆλον
2875 4207 2918 4259 δ’
2992 4209 3074 4260 ὅτι
3118 4209 3145 4259 6
3193 4206 3283 4259 τοῦ
3341 4207 3536 4275 Ναυῆ)
3575 4225 3704 4262 κατι

2133 4293 2367 4346 έπαυσεν
2391 4333 2407 4358 ,
2438 4295 2534 4345 οὐκ
2564 4295 2629 4346 ἂν
2666 4296 2790 4363 περὶ
2819 4294 2980 4364 ἄλλης
3003 4295 3341 4364 ἐλάλει-μετά
3365 4296 3534 4348 ταῦτα
3571 4297 3704 4367 ἠμέ-

2133 4403 2251 4454 ρας.
2293 4387 2433 4455 Ἀρα
2487 4386 2836 4439 ὑπολείπεται
2893 4385 3259 4456 σαϐϐατισμὸς
3312 4386 3388 4455 τῷ
3435 4386 3550 4458 λαῷ
3607 4389 3700 4441 τοῦ

2129 4477 2285 4530 Θεοῦ.
2321 4496 2337 4527 υ
2376 4508 2440 4520 --
2469 4496 2484 4527 t
2524 4479 2586 4530 Εί
2643 4478 2749 4546 γὰρ
2792 4479 3016 4542 αὐτοὺς,
3068 4480 3231 4547 φησὶν
3257 4519 3270 4539 ,
3306 4479 3510 4542 ἐκεῖνος
3576 4497 3701 4532 κατ-

478 4579 542 4630 de
568 4575 750 4642 requie
780 4575 1050 4628 disserens
1097 4572 1320 4626 dixisset
1348 4589 1361 4624 :
1405 4569 1572 4625 Hodie
1616 4571 1658 4624 si
1693 4584 1875 4623 vocem
1909 4570 2024 4638 ejus

2144 4569 2387 4629 ἔπαυσεν,
2422 4570 2520 4621 οὑκ
2557 4569 2621 4635 ἂν
2664 4572 2692 4622 6
2742 4569 2904 4622 Aa6‘t6
2941 4569 3077 4639 μετὰ
3111 4569 3308 4632 πολλὰς
3334 4569 3524 4636 γενεὰς
3574 4573 3700 4639 περὶ

477 4665 774 4728 audieritis,
829 4664 992 4716 nolite
1032 4662 1297 4716 obdurare
1339 4662 1497 4715 corda
1531 4670 1727 4724 vestra,
1785 4661 1918 4713 sicut.
1972 4661 2022 4712 in

2144 4661 2521 4724 καταπαύσεως
2561 4661 2936 4730 διαλεγόμενος
2977 4660 3162 4728 ἔλεγε·
3197 4663 3442 4732 Σήμερον
3470 4663 3565 4716 ἐὰν
3601 4667 3699 4734 τῆς

476 4754 1005 4809 cxacerbatione‘°.t
1072 4752 1230 4822 497
1276 4771 1292 4802 ι
1323 4752 1612 4817 Quocirca,
1659 4752 1870 4820 inquit,
1904 4767 2026 4804 vera

479 4846 688 4914 requies
714 4844 905 4912 populo
933 4845 1056 4906 Del;
1082 4863 1099 4892 ι
1135 4847 1232 4897 hoc
1260 4850 1340 4896 est
1369 4843 1471 4896 illis
1492 4845 1580 4909 qui
1609 4853 1885 4911 postquam
1918 4857 2027 4896 cre-

477 4937 747 4998 diderunt,
767 4935 926 4986 vitam
951 4948 1160 5002 quoque
1189 4932 1502 4986 laudabilem
1529 4933 1912 5002 adjunxerunt,
1946 4949 2027 4988 re-

474 5028 646 5093 posita
674 5033 776 5087 est,
803 5038 920 5092 quae
953 5038 1052 5076 non
1088 5025 1135 5076 in
1164 5023 1442 5077 Palaestina
1470 5066 1483 5090 ,
1516 5024 1606 5078 sed
1649 5023 1699 5076 in
1725 5022 2022 5079 Jerusalem

475 5115 908 5184 supramundana
937 5124 1018 5169 est
1045 5113 1324 5168 adornata.

547 5378 591 5409 ⁸⁸
626 5377 783 5432 Hebr.
824 5393 895 5443 tv,
926 5377 976 5442 8,
1009 5378 1060 5432 9.
1140 5379 1184 5408 ⁸⁸
1212 5377 1340 5434 ibid.
1373 5378 1415 5409 ‘°
1452 5377 1578 5433 ibid.“
1608 5378 1660 5442 6,
1693 5378 1741 5431 7.

2132 4751 2313 4818 φωνῆς
2361 4751 2522 4802 αὑτοῦ
2565 4750 2832 4821 ἀκούσητε
2861 4790 2873 4812 ,
2917 4751 2988 4821 μὴ
3041 4752 3372 4822 σκληρύνητε
3413 4753 3512 4814 τὰς
3565 4770 3698 4824 καρ-

2129 4841 2242 4903 δίας
2297 4841 2466 4910 ὑμῶν,
2503 4842 2577 4903 ὡς
2626 4846 2680 4895 ὲν
2715 4842 2790 4911 τῷ
2843 4843 3315 4912 παραπικρασμῷ.
3359 4862 3376 4894 ι
3427 4871 3491 4883 ηε
3534 4863 3551 4894 ι
3602 4847 3699 4899 Οὑ-

2137 4930 2298 4994 κοῦν,
2351 4933 2549 5000 φησὶν,
2599 4935 2630 5001 ἡ
2688 4933 2914 5001 ἀληθινὴ
2965 4934 3261 4995 ἀνάπαυσις
3314 4931 3389 5002 τῷ
3436 4933 3550 5002 λαῷ
3604 4935 3696 4989 τοῦ

2137 5020 2290 5081 Θεοῦ,
2330 5039 2346 5070 ι
2379 5020 2523 5072 τοῦτ’
2558 5023 2692 5082 ἐστι,
2725 5026 2833 5086 τοῖς
2877 5024 3175 5092 εὐδοκίμως
3211 5024 3352 5093 μετά
3373 5024 3473 5095 τὴν
3505 5027 3691 5078 πίστιν

2137 5110 2629 5180 πολιτευσαμένοις,
2671 5115 2979 5179 ἀπόκειται,
3016 5117 3112 5168 οὐκ
3157 5119 3213 5168 ὲν
3247 5121 3310 5187 τῇ
3343 5118 3695 5189 Παλαιστίνῃ,

2137 5201 2248 5252 ἀλλ’
2284 5203 2339 5254 ὲν
2371 5207 2434 5271 τῇ
2471 5205 2824 5276 ὑπερκοσμίῳ
2880 5207 3228 5277 Ἰερουσαλὴμ
3258 5209 3693 5277 εὐτρεπισοεῖςα.

1558 5533 1788 5587 VARI/ﬁ
1829 5531 2211 5588 LECTIONES
2252 5535 2336 5588 ΕΤ
2375 5535 2602 5591 NOTAE.

683 5715 783 5791 P_ro
804 5710 937 5791 ἧκεν
968 5718 1102 5771 idem
1135 5719 1252 5774 cod.
1291 5721 1478 5791 scribit
1511 5717 1685 5791 ἧλοι-ι.
1731 5721 1932 5776 Possm.

547 5781 656 5849 (10)
682 5781 836 5861 οἶδ-τοι
864 5786 1210 5861 _iti9m_tnutat
1269 5791 1317 5843 in
1367 5781 1542 5842 οὖτω.’
1574 5791 1723 5845 Vcrs.
1756 5809 1866 5861 seq.
1926 5809 2020 5861 pro

471 5851 571 5921 τὴν
605 5854 788 5907 scribit
819 5853 990 5921 τήνδε.
1025 5854 1095 5909 Ιυ.

2202 5724 2306 5788 (Tl)
2338 5724 2476 5776 inter
2500 5726 2581 5776 ἵνα
2611 5735 2662 5796 et
2691 5727 2763 5795 μὴ
2795 5727 2928 5778 idem
2961 5728 3146 5780 ittSct‘il
3181 5727 3358 5796 μόνον.
3388 5727 3538 5782 Vers.
3569 5731 3692 5783 inde

2129 5794 2179 5848 5.
2232 5810 2322 5859 pro
2377 5794 2778 5861 κατετκεύεςον
2832 5798 2991 5848 Μαίη-ι
3040 5794 3467 5849 κατεσκεύασαν.
3542 5801 3690 5854 Vt-rs.

2131 5864 2221 5912 uit.
2261 5879 2342 5929 cp.
2377 5863 2620 5926 κολάσεις
2659 5867 2995 5934 singulariter
3028 5865 3202 5929 elTet'l,
3239 5867 3474 5921 κόλασιν.
3511 5865 3588 5921 Ιυ.
