3988 6472
290 441 427 508 H37

1143 436 1678 501 EPISTOLARL'M
1717 434 1861 493 LIB.
1904 431 2007 494 1V.
2042 428 2371 488 “EPIST.
2412 424 2619 486 CLIII.

3430 412 3565 478 1238

290 562 370 610 tu,
409 545 607 617 inquit.
644 545 888 617 quamvis
937 544 1232 614 praesidens
1279 541 1650 612 superioribus
1704 536 2017 607 angelorum
2085 533 2320 603 p0pulis,
2394 547 2499 585 non
2564 539 2743 584 tamen
2807 527 3134 594 contemnis,
3191 535 3280 580 aut
3337 526 3563 596 negligis

289 649 534 694 nostram
570 637 853 701 vilitatem,
884 638 977 691 sed
1000 634 1210 690 etiamsi
1239 632 1600 687 invisibiiibus
1625 629 1902 696 imperites
1939 627 2255 691 virtutibus,
2302 635 2480 678 tamen
2535 623 2758 677 nutibus
2796 620 3203 690 benignissimis
3240 633 3302 673 ea
3349 632 3566 688 quoque

287 730 583 800 gubernas,
608 743 726 796 qme
753 727 804 782 in
837 727 1117 796 profundis
1146 728 1248 780 sita
1282 735 1428 778 sunt.

549 841 719 894 PNB’.
749 868 819 880 ——-
857 839 1109 909 ΔΙΔΥΜῼ
1148 835 1605 906 ΣΧΟΛΑΣἸΊΚῼ.

296 933 403 996 Εἰς
431 932 520 997 τὸ,
566 951 583 981 ι
615 931 1001 999 Μακρόθυμος
1024 930 1178 998 ἀνὴρ
1204 929 1397 993 πολὺς
1417 928 1485 980 ἑν
1505 924 1815 995 φρονήσει.
1847 943 1865 976 ι

360 1044 450 1115 Τῷ
492 1046 604 1098 ὄντι
641 1043 987 1114 μακρόθυμος
1021 1042 1357 1114 ἀνὴρ-πολὺς
1389 1043 1447 1093 ὲν
1477 1040 1754 1111 φρονήσει.
1787 1038 1875 1090 Εἶ-

289 1153 452 1205 ρηται
483 1139 592 1204 γὰρ
629 1136 780 1206 παρὰ
810 1136 871 1188 τὸ
905 1135 1122 1205 μακρὰν
1155 1151 1275 1188 τινα
1319 1133 1411 1187 καὶ
1445 1132 1689 1204 μεγάλην
1730 1129 1874 1199 ἔχειν

285 1227 486 1293 ψυχὴν,
521 1228 614 1278 καὶ
647 1226 751 1277 ὑπὸ
782 1225 1006 1295 μηδενὸς
1048 1224 1430 1294 ἐλεγχομένην·
1480 1223 1618 1276 ἀλλὰ
1659 1223 1752 1275 καὶ
1783 1221 1874 1274 τὸν

287 1317 481 1386 θυμὸν,
514 1317 604 1369 τὸν
628 1317 841 1370 πάντων
867 1315 1052 1368 παθῶν
1075 1316 1326 1384 ὀξύτερον
1363 1314 1499 1386 (78),
1534 1315 1625 1367 τὸν
1658 1316 1749 1367 καί
1777 1315 1874 1378 τὰς

286 1403 498 1468 ἑννοίας
527 1405 639 1473 (79)
668 1405 994 1458 λανθάνοντα
1015 1445 1028 1468 ,
1061 1404 1152 1457 καὶ
1179 1404 1305 1466 τοὺς
1338 1403 1630 1474 λογισμοὺς
1657 1419 1874 1474 προπη-

286 1495 496 1559 δῶντα,
527 1495 798 1564 χαλινοῦν,
839 1496 933 1549 καὶ
975 1494 1106 1548 εἵσω
1152 1495 1260 1548 τῶν
1292 1495 1509 1548 οἰκείων
1553 1495 1694 1566 ὅρων
1741 1510 1873 1561 συγ-

286 1587 493 1641 κλείειν
525 1588 657 1659 (80)·
685 1581 747 1641 οὗ
778 1589 1154 1660 μεγαλοψύχου
1180 1589 1320 1642 κατὰ
1350 1587 1753 1656 ἀντιδιαστολὴν
1782 1588 1876 1640 καὶ

285 1680 379 1733 τὸν
428 1681 759 1752 μικρόψυχον
803 1681 1010 1745 ἔταξεν,
1046 1679 1214 1734 εἰπών
1245 1696 1258 1710 ⁶
1296 1697 1315 1731 t
1363 1681 1420 1734 '0
1469 1681 1525 1733 δὲ
1555 1679 1875 1748 ὀλιγόψυχος

289 1772 530 1842 ἰσχυρῶς
561 1772 768 1842 ἄφρων.
809 1792 826 1824 ι
873 1774 930 1826 '0
956 1774 1061 1845 γὰρ
1097 1773 1203 1826 ὑπὸ
1233 1772 1447 1826 πάντων
1473 1773 1562 1827 διὰ
1604 1771 1874 1843 μικροψυ-

285 1862 410 1930 χίαν
441 1860 802 1931 σαλευόμενος
827 1861 935 1915 τῶν
964 1862 1175 1926 παθῶν,
1208 1860 1402 1932 κομιδῇ
1442 1863 1588 1915 ἐστιν
1621 1861 1805 1923 ἄνους.

552 2146 720 2200 PNF’.
762 2176 830 2186 —
869 2147 1128 2220 ΙΣΙΔΩΡῼ
1175 2149 1476 2220 ΔΙΑΚΟΝῼ
1502 2148 1635 2218 (81).

283 2239 393 2310 Εἰς
438 2236 506 2289 τὸ
536 2238 962 2310 γεγραμμένον,
1025 2260 1044 2292 ς
1100 2243 1246 2310 Ἐγὼ
1286 2240 1436 2294 πᾶσι
1477 2241 1603 2305 τοῖς
1631 2239 1878 2308 ἄστροις

355 2307 769 2390 ἐνετειλάμην·
806 2328 822 2359 ι
859 2311 957 2390 καὶ
979 2313 1065 2376 είς
1092 2307 1233 2390 ξολ(
1277 2313 1351 2390 Τςι
1373 2311 1565 2390 ᾄστρα
1591 2310 1659 2363 δὲ
1674 2307 1754 2365 οὺ
1776 2327 1879 2365 κα-

351 2375 504 2443 θαρὰ
536 2375 810 2430 ἐνώπιονυ
843 2398 861 2431 ι
907 2375 1050 2448 ὅπερ
1077 2380 1206 2433 ἐστὶ
1238 2381 1344 2434 τοῦ
1386 2375 1523 2436 Ἰὼϐ.

356 2490 430 2542 Τὸ
463 2529 476 2552 ,
517 2509 535 2540 ‹
585 2489 725 2557 Ἐγὼ
750 2493 859 2553 τοῖς
883 2490 1106 2561 ἄστροις
1137 2491 1514 2561 ἐνετειλάμην,
1557 2510 1575 2544 ι
1607 2489 1876 2545 συναπτό-

283 2594 448 2647 μενον
480 2577 581 2646 τῷ,
623 2597 640 2628 ι
679 2579 772 2641 Εἰς
793 2579 885 2631 τὸν
916 2580 1108 2644 αἰῶνα,
1134 2579 1327 2649 Κύριε,
1373 2583 1400 2634 ὁ
1447 2582 1604 2648 λόγος
1641 2598 1732 2633 σου
1761 2583 1876 2634 δια·-

282 2669 438 2739 μένει
465 2670 522 2720 ὲν
573 2668 648 2738 τῷ
669 2668 906 2740 οὐρανῷ,
951 2689 969 2721 ι
998 2671 1251 2740 οὐδεμίαν
1281 2673 1485 2743 μέμψιν
1511 2673 1541 2745 ἢ
1568 2674 1878 2741 παράϐασιν

285 2759 638 2829 παρίστησιν.
680 2759 741 2810 ΕΞ
777 2759 876 2828 μὲν
910 2758 1018 2828 γὰρ
1049 2761 1177 2830 περὶ
1210 2761 1300 2814 τοῦ
1340 2761 1474 2814 Θεοῦ
1510 2763 1684 2830 Λόγου
1723 2765 1878 2830 φαῖεν

279 2848 536 2918 λελέχθαι
597 2849 680 2913 τὸ,
735 2868 752 2898 ι
789 2850 884 2912 Εἰς
937 2851 1027 2901 τὸν
1058 2850 1227 2914 αίῶνα
1251 2892 1264 2916 ,
1298 2852 1467 2922 Κύριε
1490 2891 1505 2915 ,
1548 2855 1575 2904 ὁ
1599 2852 1754 2919 λόγος
1784 2869 1878 2904 σου

279 2942 528 3010 διαμένει
561 2943 616 2994 ὲν
650 2940 724 3010 τῷ
764 2940 998 3012 οὐρανῷ,
1051 2960 1085 2993 »ι
1117 2943 1431 3012 πευσόμεθα
1487 2943 1685 3005 αὐτῶν,
1734 2943 1878 3007 τίνος

281 3033 472 3084 ῑνεκεν
520 3032 581 3084 οὐ
630 3032 908 3102 πανταχοῦ
963 3031 1214 3102 εἴρηταις
1266 3034 1437 3096 Αὐτὸς
1487 3036 1597 3103 γάρ
1660 3036 1805 3086 ἔστιν
1852 3036 1879 3086 ὁ

284 3128 469 3180 stiva
519 3127 758 3194 συνέχων
813 3127 906 3179 καὶ
947 3124 1284 3195 συγκροτῶν.
1319 3125 1392 3184 ,Εί
1435 3124 1480 3177 δ’
1528 3124 1879 3194 ἐλεγχόμενοι

286 3220 547 3289 φήσουσι,
579 3219 669 3270 τὸν
701 3217 1124 3285 διατεταγμένον
1169 3217 1350 3279 αὐτοῖς
1390 3216 1572 3286 νόμον,
1601 3217 1750 3278 ὅπως
1772 3216 1877 3286 χρὴ

282 3309 452 3372 θέειν,
501 3309 737 3362 ἐνταῦθα
781 3309 1094 3376 δηλοῦσθαι,
1142 3308 1443 3377 ἐπειδήπερ
1486 3308 1543 3360 ὲν
1617 3309 1687 3378 γῇ
1735 3323 1878 3377 παρ-

281 3399 478 3470 εϐἀθη.
499 3401 676 3469 ςαμέν
694 3401 822 3471 (εεγ
842 3400 996 3462 Τίνος
1024 3395 1115 3453 οὖν
1137 3400 1298 3452 ἕνεκα
1325 3398 1555 3452 ἐνταῦθα
1570 3398 1878 3468 παράγεται

2223 826 2379 881 CLII.
2413 856 2478 864 —
2507 823 2769 881 DYDIMO
2813 820 3315 879 SCHOLASTICO.

1979 921 2044 976 lu
2076 921 2233 986 illud,
2265 939 2282 971 ι
2320 918 2663 988 Longanimis
2687 920 2764 972 vir
2797 917 2994 971 multus
3029 919 3085 972 in
3125 915 3389 986 sapientia
3421 915 3486 968 ".
3539 932 3557 965 ι

2050 1032 2260 1086 Revera
2325 1032 2406 1084 vir
2465 1029 2795 1101 Iouganimis
2870 1028 3071 1083 mullus
3135 1028 3188 1082 in
3252 1025 3564 1096 prudentia.

1978 1125 2161 1178 Dictus
2199 1123 2342 1176 enim
2375 1131 2456 1177 est
2487 1137 2553 1177 ex
2614 1135 2699 1186 eo,
2733 1121 2875 1190 quod
2925 1119 3162 1188 amplum
3193 1118 3479 1187 quemdam
3517 1125 3570 1170 et

1978 1232 2230 1285 magnum
2264 1218 2462 1271 habeat
2493 1215 2759 1281 animum,
2791 1214 2992 1283 quique
3046 1227 3075 1265 a
3110 1212 3328 1266 nemine
3376 1210 3564 1263 redar—

1980 1311 2068 1380 gui
2105 1309 2309 1378 possit;
2367 1308 2494 1377 quin
2545 1307 2708 1362 etiam
2765 1307 2923 1370 iram,
2967 1300 3224 1358 omnibus
3278 1299 3567 1355 affectibus

1978 1414 2039 1453 ac
2076 1399 2576 1470 perturbationibus
2618 1398 2887 1451 acriorem
2944 1393 3559 1460 vehementioremque,

1977 1501 2031 1545 et
2079 1505 2199 1560 qum
2257 1489 2617 1559 cogitationes
2665 1501 2884 1558 quoque
2935 1487 3120 1550 lateat,
3172 1493 3227 1539 et
3269 1484 3569 1539 ratiocina-

1987 1583 2162 1636 tiones
2189 1583 2326 1636 saltu
2353 1588 2679 1643 antevertat,
2724 1579 2881 1633 freno
2916 1589 3287 1648 compescere,
3314 1576 3572 1644 intraque

1977 1690 2103 1729 suos
2131 1673 2392 1729 terminos
2422 1672 2748 1728 concludere
2777 1672 2941 1727 norit.
2995 1669 3093 1724 Cui
3126 1668 3475 1736 magnanimo
3501 1679 3566 1720 ex

1978 1768 2205 1822 adverso
2274 1766 2439 1821 etiam
2497 1764 2750 1835 opposuit
2817 1763 3264 1834 pusillanimum,
3324 1761 3564 1815 dicens:

1982 1879 2001 1912 ι
2040 1859 2428 1914 Pusillanimus
2463 1868 2643 1913 autem
2696 1857 2874 1911 valde-
2911 1856 3184 1924 insipiens
3215 1862 3322 1908 est.
3369 1871 3386 1903 ι
3431 1849 3564 1903 Nam

1977 1953 2065 2024 qui
2091 1954 2158 2007 ob
2190 1952 2355 2005 animi
2393 1950 2718 2020 parvitatem
2747 1949 2814 2004 ab
2844 1947 3097 2002 omnibus
3141 1944 3307 1999 animi
3350 1952 3566 2013 pertur-

1979 2043 2289 2098 bationibus
2319 2040 2573 2111 agitatur,
2607 2041 2963 2094 vehementer
3000 2051 3195 2092 excors
3231 2044 3335 2090 est.

2266 2153 2448 2210 CLIII.
2511 2184 2580 2193 —
2629 2149 2910 2208 ISIDORO
2959 2149 3280 2206 DIACONO.

1985 2244 2050 2299 In
2083 2246 2135 2298 id
2159 2245 2296 2312 quod
2326 2244 2580 2306 scriptum
2609 2254 2704 2308 est,
2738 2261 2756 2292 ι
2795 2240 2908 2312 Ego
2946 2241 3190 2294 omnibus
3217 2239 3383 2292 stellis
3428 2255 3565 2306 pra:-

2052 2310 2250 2380 cepi".
2287 2333 2316 2365 -ι
2350 2314 2417 2367 Et
2443 2315 2495 2367 in
2521 2313 2693 2374 illud,
2777 2329 2794 2360 ι
2856 2310 3036 2366 Stellae
3085 2322 3256 2364 autem
3305 2325 3409 2380 non
3443 2319 3563 2362 sunt

2051 2379 2201 2452 pura:
2233 2386 2287 2438 in
2321 2394 2597 2451 conspectu
2632 2382 2743 2450 ejus
2766 2383 2836 2445 τι,
2870 2401 2887 2433 ι
2927 2383 3068 2451 quod
3097 2390 3170 2435 eu
3198 2396 3262 2435 ea;
3286 2379 3441 2432 Jobo.

2055 2499 2265 2553 Dictum
2300 2496 2470 2550 illud:
2513 2513 2530 2546 ι
2575 2495 2688 2566 Ego
2733 2497 2897 2550 astris
2929 2493 3201 2558 mandavi,
3265 2510 3282 2544 ι
3336 2491 3565 2560 conjun-

1981 2598 2124 2644 ctum
2165 2603 2285 2643 cum
2310 2588 2501 2651 altero,
2546 2604 2563 2638 I
2627 2585 2683 2639 Iu
2722 2585 3000 2649 saeculum,
3040 2583 3290 2649 Domine,
3339 2581 3561 2635 verbum

1983 2692 2130 2736 tuum
2179 2686 2462 2750 permanet
2497 2679 2548 2731 in
2575 2677 2814 2740 caelo";
2863 2694 2880 2726 ι
2923 2675 3123 2728 nullam
3176 2674 3562 2742 reprehensio-

1985 2787 2106 2826 nem
2142 2780 2236 2824 aut
2274 2768 2764 2838 transgressionem
2819 2767 3027 2822 statuit.
3067 2763 3202 2818 Nam
3241 2765 3286 2818 si
3338 2765 3403 2818 de
3447 2762 3560 2815 Deo

1981 2862 2158 2918 Verbo
2195 2862 2330 2933 (sive
2353 2860 2489 2916 Filio
2539 2859 2654 2925 Dei)
2686 2860 2871 2914 dicant
2924 2858 3190 2928 prolatum
3246 2869 3367 2911 esse
3411 2855 3563 2920 illud,

1987 2974 2006 3007 ι
2056 2955 2112 3008 1η
2139 2964 2427 3018 aeternum,
2493 2951 2744 3016 Domine,
2811 2951 3035 3005 verbum
3104 2959 3569 3018 tuumpermanet

1983 3049 2035 3102 in
2071 3047 2245 3112 cmlo;
2309 3065 2328 3098 ι
2386 3058 2696 3114 queremus
2759 3059 2822 3097 cx
2869 3043 3021 3112 ipsis,
3081 3058 3176 3097 cur
3227 3057 3331 3096 non
3384 3041 3563 3110 potius

1984 3139 2185 3194 dictum
2224 3138 2296 3192 sit
2334 3156 2346 3192 :
2379 3137 2591 3206 Ubique
2624 3137 2740 3205 ipse
2771 3134 2912 3188 enim
2938 3143 3042 3198 est,
3079 3133 3168 3201 qui
3213 3132 3395 3184 omnia
3428 3146 3563 3185 cou-

1984 3226 2117 3280 tinet
2146 3236 2309 3293 atque
2362 3224 2672 3278 continuat.
2724 3221 2820 3276 Sin
2856 3231 3038 3276 autem
3090 3223 3324 3274 convicti
3358 3221 3562 3280 dicent,

1983 3317 2333 3370 constitutam
2387 3315 2516 3383 ipsis
2577 3314 2773 3385 legem,
2831 3313 3101 3382 quomodo
3162 3321 3410 3382 oporteat
3441 3326 3566 3365 cur-

1985 3422 2127 3471 rere,
2157 3408 2257 3462 hoc
2287 3407 2408 3461 loco
2438 3387 2763 3474 significari,
2798 3406 2924 3475 quia
2952 3404 3004 3456 in
3039 3415 3183 3456 terra
3216 3403 3325 3474 (lex
3360 3403 3562 3470 divina)

281 3493 364 3553 τὸ,
430 3512 446 3542 ι
488 3496 696 3562 Ἀστρα
725 3493 779 3544 δὲ
809 3493 869 3544 οὐ
923 3490 1138 3561 καθαρὰ
1169 3490 1402 3544 ἐνώπιον
1423 3489 1622 3555 ἁύτοῦ;
1680 3509 1697 3542 ι
1752 3491 1869 3542 Δεί-

1988 3499 2179 3553 violata
2217 3507 2319 3564 est,
2368 3499 2732 3563 instabimns;
2768 3511 2936 3568 quare
2985 3511 3114 3565 ergo
3150 3496 3239 3550 hic
3293 3495 3515 3548 additur
3548 3513 3561 3548 :

283 3600 479 3635 κνυται
504 3582 612 3654 γὰρ
636 3582 712 3653 τῷ
736 3583 878 3653 λόγῳ
904 3584 1065 3636 αὐτοῦ
1093 3582 1510 3649 ἀκολουθοῦντα,
1550 3583 1644 3635 καὶ
1675 3582 1737 3634 οὐ
1766 3599 1872 3636 πα·

285 3673 619 3743 ραὸαίνοντα
649 3674 909 3740 διάταξιν.
953 3675 1012 3727 Et
1057 3674 1114 3726 δὲ
1152 3675 1356 3727 τούτων
1379 3673 1522 3726 οὕτω
1559 3675 1870 3744 λεγομένων

281 3764 379 3814 καὶ
404 3762 844 3833 ἀποδειχθέντων,
870 3765 1307 3834 ὰπαιτηθείημεν
1329 3766 1509 3834 ἡμεῖς.
1535 3765 1600 3817 Τί
1627 3764 1670 3817 δ’
1699 3765 1869 3830 ἐστὶν,

289 3868 307 3900 ι
343 3853 556 3921 Ἄστρα
592 3854 651 3903 οὐ
674 3854 889 3924 καθαρὰ
931 3852 1159 3906 ἐνώπιον
1201 3853 1388 3918 abaci");
1423 3873 1440 3905 ι
1499 3855 1759 3925 φαίημεν,
1792 3856 1873 3908 ὅτι

287 3941 450 3993 Κατὰ
485 3941 582 4011 μὲν
619 3941 715 4012 τὴν
754 3942 958 3996 ἑαυτῶν
994 3941 1152 4011 φύσιν
1174 3945 1240 3994 τὰ
1266 3942 1442 4013 ἄστρα
1465 3945 1682 4015 καθαρά
1704 3947 1872 4011 ἐστιν,

282 4031 475 4103 ὥσπερ
507 4035 601 4086 καὶ
631 4035 919 4103 γεγένηται
955 4036 1103 4104 παρὰ
1151 4033 1244 4087 τοῦ
1288 4034 1655 4105 Δημιουργοῦ.
1707 4036 1867 4106 Αὐτῷ

281 4126 340 4180 δὲ
372 4126 450 4194 τῷ
483 4130 678 4196 ποιητῇ
716 4127 1168 4196 παραόαλλόμενα
1201 4126 1450 4178 τοσοῦτον
1490 4127 1711 4197 ἀπέχει,
1745 4129 1870 4180 ὅσον

284 4216 515 4288 μύρμηξ
563 4219 789 4288 οὐρανοῦ
831 4217 975 4287 (85),
1015 4219 1226 4288 ἢήλίου
1253 4261 1266 4284 ,
1299 4221 1330 4289 ἥ
1365 4237 1506 4281 τινος
1546 4218 1652 4271 τῶν
1693 4218 1868 4272 ἄλλων

282 4311 602 4378 κτισμάτων
635 4311 700 4362 δι’
736 4310 761 4362 ὃ
795 4311 902 4363 οὐδ’
948 4311 1367 4380 ἀπολελυμένως
1406 4308 1582 4370 εἶπεν,
1620 4328 1638 4363 t
1681 4312 1739 4364 οὐ
1771 4330 1870 4365 κα·

283 4400 447 4471 θαρά·
491 4421 508 4452 ι
554 4402 711 4454 τοῦτο
752 4402 859 4473 γὰρ
891 4399 959 4473 ἦν
1013 4403 1180 4466 δεῖξαι
1231 4404 1369 4455 αὐτὰ
1411 4405 1700 4457 πταίοντασ
1739 4405 1874 4458 ἀλλὰ

285 4494 654 4565 προσέθηκεν,
703 4495 982 4548 «ἐνώπιον
1018 4494 1206 4548 αὐτοῦ.
1250 4514 1267 4546 ι
1327 4497 1435 4548 Καὶ
1483 4497 1540 4548 οὐ
1588 4496 1875 4567 σύγκρισιν

281 4588 476 4640 νοείτω
507 4587 619 4657 (8i)
676 4586 735 4639 τὸ
791 4585 1102 4657 εἰρημένον,
1141 4586 1280 4640 κατὰ
1310 4587 1368 4638 τὸ
1400 4586 1633 4656 ἀλλαχοῦ
1688 4588 1871 4657 ῥηθὲν,

1981 3607 1998 3640 ‹
2036 3589 2196 3643 Astra
2223 3597 2536 3642 autemnon
2563 3600 2688 3643 sunt
2721 3589 2920 3642 munda
2945 3589 2995 3641 in
3031 3597 3321 3655 conspectu
3347 3584 3503 3651 ejus?
3539 3603 3558 3636 ι

1974 3678 2347 3736 Ostenduntur
2404 3681 2548 3734 enim
2605 3681 2768 3735 verbo
2804 3681 2974 3748 ipsius
3030 3676 3410 3746 obsequentia,
3460 3691 3559 3730 nec

1978 3771 2428 3839 transgredientia
2464 3771 2909 3826 constitutionem
2946 3770 3045 3824 sibi
3083 3770 3381 3839 praefixam.
3407 3766 3561 3834 Quod

1975 3863 2016 3916 si
2057 3863 2138 3916 his
2169 3862 2240 3915 ita
2298 3863 2455 3915 dictis
2501 3877 2565 3916 ac
2598 3861 3007 3926 demonstratis,
3057 3875 3085 3913 a
3126 3860 3280 3913 nobis
3310 3860 3563 3927 exigatur

1976 3953 2374 4020 interpretatio,
2411 3964 2468 4005 ut
2490 3953 2754 4017 dicamus,
2778 3953 3034 4020 quidnam
3087 3952 3190 4005 sibi
3233 3951 3363 4004 velit
3391 3949 3520 4004 illud
3547 3968 3559 4002 :

1985 4064 2002 4096 ι
2042 4043 2200 4099 Astra
2238 4058 2341 4098 non
2376 4052 2499 4097 sunt
2529 4044 2724 4097 munda
2769 4045 2818 4097 in
2873 4054 3163 4112 conspectu
3194 4041 3306 4110 ejus
3357 4060 3374 4092 ι
3418 4044 3564 4096 dice-

1978 4149 2096 4189 mus
2123 4151 2136 4189 :
2171 4133 2332 4204 500
2361 4135 2482 4190 Suae
2503 4135 2720 4204 quidem
2755 4147 2958 4187 natura:
2981 4136 3189 4187 ratione
3217 4149 3278 4187 ac
3311 4141 3558 4200 respectu

1978 4235 2123 4279 astra
2181 4237 2308 4280 sunt
2356 4227 2574 4291 munda,
2613 4226 2793 4295 qualia
2847 4226 3012 4278 etiam
3069 4240 3097 4277 a
3150 4240 3332 4278 rerum
3369 4223 3560 4294 opifico

1977 4316 2083 4371 Deo
2121 4315 2259 4371 facta
2316 4327 2460 4370 sunt.
2499 4316 2554 4372 Si
2602 4332 2730 4371 vero
2786 4332 2906 4372 cum
2951 4316 3068 4387 ipso
3107 4317 3390 4370 conditore
3426 4329 3558 4368 con-

1975 4408 2242 4474 ferantur,
2271 4417 2475 4461 tantum
2517 4409 2608 4478 (ab
2636 4409 2751 4477 ejus
2811 4410 3044 4477 puritate
3078 4404 3556 4477 perfectioncque)

1974 4499 2192 4563 absunt,
2243 4510 2504 4567 quantum
2558 4501 2784 4554 formica
2842 4516 2869 4554 a
2913 4501 3073 4566 etelo,
3134 4511 3225 4554 aut
3278 4500 3412 4564 sole,
3466 4509 3558 4553 aut

1978 4589 2080 4643 alia
2136 4591 2390 4659 quapiam
2441 4601 2715 4647 creatura.
2780 4592 2909 4659 Quae
2962 4607 3125 4648 causa
3190 4605 3405 4663 quomte
3452 4599 3556 4656 ut,

354 4739 401 4771 "
436 4739 596 4796 Prov.
634 4739 857 4806 “1,52.
936 4742 981 4771 ’°
1004 4739 1103 4794 .Iob
1142 4757 1215 4806 Ix,
1249 4741 1301 4793 7.
1375 4741 1418 4770 τί
1447 4740 1547 4795 .Io‘u
1582 4757 1705 4807 xxv,
1739 4743 1790 4796 5.

1988 4744 2085 4798 sal.
2115 4760 2304 4812 cxvm,
2339 4745 2427 4800 89.

1407 4894 1637 4950 ΫΑΡιΙιιΕ
1674 4895 2054 4953 LECTIONES
2085 4898 2170 4952 ΕΤ
2204 4899 2432 4960 NOTA‘J.

357 5051 472 5121 (78)
513 5049 624 5131 Ὶξρν
661 5050 868 5131 θυμὸν,
918 5052 1027 5131 τὸς
1062 5051 1300 5131 πάντων
1321 5049 1527 5106 παθῶν
1553 5053 1858 5131 ὀξύτερον..

1993 5056 2288 5131 us_cr_ibit_ur
2321 5058 2372 5131 in
2405 5057 2524 5112 cod.
2557 5058 2677 5131 Vat.
2710 5057 2834 5131 650.
2866 5059 3042 5131 Xers:
3063 5063 3093 5116 4
3117 5075 3200 5128 ep.
3229 5062 3370 5116 inter
3397 5068 3555 5131 φατον

284 5118 424 5176 lliuc
454 5118 507 5173 et
541 5118 843 5175 Heraclitus
891 5131 942 5172 et
995 5120 1349 5184 Democritus,
1411 5118 1851 5189 prmstautissimi

283 5194 388 5246 duo
431 5191 756 5259 philosophi,
793 5205 1021 5258 quorum
1050 5192 1184 5242 alter
1213 5192 1372 5242 vitam
1420 5196 1706 5243 humanam
1734 5209 1858 5259 per--

321 5265 467 5314 etuis
493 5260 770 5328 lacrymis,
804 5262 939 5313 alter
970 5261 1200 5312 assiduis
1241 5262 1521 5331 cachinnis
1562 5274 1857 5331 proseque-

285 5279 467 5385 ﬁelUtS
493 5279 770 5328 tacrymts,
804 5279 939 5313 alter
970 5279 1200 5312 assumis
1241 5279 1521 5314 cacmums
1562 5279 1857 5331 proseque-

323 5341 484 5401 utur.
525 5331 764 5382 unanimi
799 5345 894 5401 ore
947 5331 1383 5401 pronuntiarunt,
1427 5330 1660 5399 χαλεπὸν
1702 5331 1857 5401 θυμῷ

286 5399 576 5470 μάχεσθαι.
604 5401 769 5454 Arist.
798 5400 886 5451 lib.
920 5416 977 5462 ll,
1013 5399 1186 5470 Εξιίιίε.
1219 5400 1451 5463 Nicom.,
1488 5417 1605 5468 Cap.
1635 5402 1688 5462 5,
1716 5399 1854 5454 etad

284 5469 533 5523 eutndem
563 5470 654 5521 Ill).
687 5485 746 5539 tt,
783 5487 828 5521 c.
861 5470 912 5529 7,
945 5482 997 5521 et
1038 5469 1193 5523 Ροίὶι,
1229 5471 1319 5526 lib.
1359 5487 1546 5539 v,cap.
1597 5471 1676 5524 II.
1700 5473 1855 5525 Stob.

285 5541 368 5593 lit.
413 5539 550 5609 Περὶ
576 5537 774 5609 ὀργῆς.
805 5539 966 5593 Iil't‘T.

359 5610 468 5677 (79)
505 5608 609 5662 Pro
638 5608 864 5673 ἑννοίας,
902 5624 1020 5677 qua:
1047 5624 1148 5662 nOtt
1204 5612 1340 5664 mala
1400 5622 1480 5665 est
1521 5612 1701 5675 lectio,
1733 5613 1852 5666 Cnd.

290 5679 407 5733 \‘at.
437 5679 542 5732 650
571 5681 728 5732 habet
750 5679 980 5740 εὐνοίας.
1013 5678 1222 5733 Possm.

360 5749 469 5819 (80)
502 5751 871 5819 ξυγκλείεεν.
907 5758 1062 5802 Deest
1095 5750 1217 5801 fort.
1252 5751 1472 5805 εἰδέναι.
1530 5751 1690 5804 ιὶιττ.

361 5817 471 5889 (8i)
516 5817 632 5872 NUII
675 5817 927 5888 Ἰσιδώρῳ
961 5821 1050 5871 sed
1093 5820 1310 5888 Ἰωάννῃ
1343 5821 1572 5889 διακένῳ
1614 5824 1723 5874 ILNZ
1768 5837 1852 5890 ον.

1969 5137 2022 5178 et
2051 5125 2298 5194 λελέχθαι
2335 5126 2526 5181 inserit
2566 5129 2706 5182 idem
2731 5129 2985 5185 ἐνταῦθα.
3022 5125 3231 5185 Possm.

2041 5194 2152 5270 (8'2)
2181 5196 2536 5270 fhagévidem
2576 5209 2744 5270 mutat
2779 5200 2828 5252 in
2861 5202 3121 5270 φαίημεν.
3149 5198 3306 5258 Vers.
3342 5202 3463 5257 inde
3496 5203 3550 5266 ι,

1966 5274 2088 5317 ante
2114 5265 2353 5328 διάταξιν
2380 5266 2514 5320 idem
2545 5269 2693 5334 ponit
2718 5271 2832 5336 τήν.
2868 5265 2943 5325 In.

2039 5336 2148 5404 (85)
2187 5336 2290 5388 Pro
2311 5337 2540 5405 οὐρανοῦ
2566 5339 2686 5390 cod.
2728 5337 2909 5392 Vatic.
2945 5340 3050 5394 650
3078 5340 3232 5394 habet
3260 5357 3409 5405 ανου,
3456 5345 3556 5400 hoc

1968 5416 2048 5457 est
2083 5405 2390 5480 ἀνθρώπου,
2416 5410 2555 5475 quod
2589 5424 2719 5461 sane
2747 5411 3067 5463 crediderim
3103 5411 3398 5480 archetypo
3427 5431 3550 5466 cuu-

1968 5489 2179 5543 grucre.
2208 5476 2284 5527 In.

2043 5544 2152 5613 (Si)
2183 5547 2287 5598 Καὶ
2326 5549 2396 5600 οὐ
2425 5549 2750 5617 σύγκρισιν
2775 5549 2999 5602 νοείτω.
3036 5549 3092 5602 F.
3127 5551 3226 5616 leg.
3265 5552 3418 5604 Κατὰ
3461 5550 3552 5605 οὖν

1970 5615 2286 5690 σύγκρισιν-η
2306 5617 2414 5678 Vel,
2446 5615 3065 5690 καὶγούτωήσύγκρισις
3100 5615 3342 5674 νοείσθω.
3387 5622 3549 5677 Ηιττ.

1983 5715 2050 5761 -τ
2086 5685 2216 5761 God.
2247 5686 2418 5740 Vatic.
2450 5691 2528 5740 sic
2573 5689 2718 5761 legit,
2753 5685 3005 5760 ἵναπρὸς
3038 5692 3347 5761 παραϐολὴν
3385 5694 3549 5743 uitri

1967 5756 2059 5806 καὶ
2096 5753 2378 5824 σύγκριτιν
2407 5753 2859 5812 νοεῖταιςίόδεικ.
