3988 6448
151 513 286 576 1253

1079 505 1621 570 EPIS'TOLARUM
1663 500 1808 562 LIB.
1852 500 1949 560 IV.
1987 525 2054 536 -
2090 500 2327 562 EPIST.
2363 499 2576 561 CLXV.

3305 496 3438 565 125i

145 622 515 692 ἀτιμάσαντες
560 618 658 688 τὴν
707 617 809 672 ὑπὸ
844 617 1125 687 ἑκατέρων
1174 614 1284 666 τῶν
1319 611 1498 682 μερῶν
1536 610 1750 678 θαυμα-

1859 583 2202 659 Αιτοιιιιηιιιε
2230 604 2468 658 et'Anna
2515 605 2806 677 (Samuelis
2856 606 3051 678 mater)
3092 606 3438 663 sterilitatem

145 712 387 780 ζομένην
451 709 602 778 παρὰ
654 707 750 759 τοῦ
811 705 1094 766 διακοῦντος
1157 701 1360 771 ἀδήλου
1416 698 1744 769 πράγματος

147 802 380 862 ἑαυτοὺς
422 799 757 870 παρέχομεν.
792 799 914 850 Εἴτε
942 795 1051 864 γὰρ
1076 794 1456 854 ἐκπέπτωκεν,
1491 789 1564 851 ὼς
1599 789 1743 840 ἐκεῖ·

144 893 228 943 νοί
273 907 461 958 φασιν,
505 889 708 959 ἀρετῆς
764 888 924 958 χρεία
964 886 1095 954 πρὸς
1149 883 1245 952 τὴν
1298 879 1575 934 ἐπάνοδον·
1628 879 1737 930 εἴτε

146 980 531 1048 ἀγωνιουμένη
592 978 867 1048 παρήχθη,
901 976 976 1036 ὡς
1004 975 1165 1044 ἡμεῖς
1199 988 1400 1041 φαμεν,
1434 972 1500 1023 δι’
1533 971 1736 1039 ἀρετῆς

143 1073 195 1124 oi
234 1073 493 1137 στέφανοι
534 1070 845 1123 πλέκονται.

1852 697 2253 765 orbitatemque
2286 697 2662 752 deﬂeverunt?
2693 698 2974 764 Quomodo
3008 701 3058 753 in
3101 701 3438 754 benedictio-

1856 788 1941 840 nis
1970 797 2124 856 parte
2152 789 2480 841 censendmn
2513 788 2616 842 erit
2649 789 2778 843 illud
2809 807 2823 844 :
2859 809 2876 840 ι
2916 790 3177 855 Crescite,
3212 802 3264 844 et
3301 786 3438 843 Inhi-

1855 877 2192 947 tiplicamini,
2244 888 2296 932 et
2338 879 2541 946 replete
2576 889 2776 933 terram
2805 879 2894 934 9‘?
2930 899 2948 930 ι
3011 879 3144 933 Nam
3183 881 3432 933 certami-

1844 985 1971 1022 num
2027 970 2400 1023 adeundorum
2456 971 2671 1040 gratia,
2734 986 2839 1025 non
2887 981 3068 1025 autem
3135 983 3191 1024 nt
3244 986 3436 1040 pcenas

1838 1061 2080 1128 priorum
2126 1061 2449 1115 delictorum
2499 1062 2906 1130 persolvamus,
2966 1065 3017 1116 in
3071 1064 3212 1117 hanc
3262 1064 3428 1116 vitam

145 1167 402 1234 producti
431 1179 645 1218 sumus.
677 1162 828 1230 Quod
866 1159 910 1214 si
945 1161 996 1213 in
1030 1159 1171 1212 lucta
1203 1172 1266 1212 ac
1299 1156 1599 1211 certamine
1641 1154 1755 1208 isto
1792 1168 1890 1222 per
1927 1156 2196 1225 ignaviam
2270 1163 2435 1224 atque
2491 1157 2794 1211 socordiam
2870 1158 3339 1223 succuliuerimus,
3382 1165 3437 1211 ct

145 1258 525 1312 remissionem
569 1271 632 1309 ac
667 1255 906 1322 requiem
937 1251 1367 1321 qnzesiverimus.
1401 1256 1529 1302 tunc
1566 1262 1716 1313 sane,
1763 1257 1911 1310 tunc,
1969 1249 2210 1317 inquam,
2235 1248 2359 1317 jure
2404 1249 2709 1318 meritoque
2790 1264 3115 1303 coronarum
3181 1257 3432 1317 expertes

145 1350 375 1404 erimus.
413 1348 612 1402 Verum
649 1348 904 1417 quoniam
936 1347 1009 1400 illi
1044 1348 1132 1414 qui
1171 1345 1360 1398 vitiosa
1391 1342 1732 1407 tradiderunt
1777 1342 2055 1412 dogmata,
2094 1352 2272 1397 tamen
2314 1343 2570 1397 virtutem
2617 1344 2870 1414 amplecti
2941 1359 3040 1398 nos
3119 1352 3436 1397 monuerunt

146 1445 317 1510 (hanc
351 1445 493 1496 enim
522 1442 772 1496 arbitrati
811 1451 938 1495 sunt
962 1441 1220 1509 optimam
1256 1438 1446 1492 ducem
1477 1437 1543 1490 ad
1591 1435 1823 1490 reditum
1881 1438 1934 1490 in
1977 1437 2209 1504 priorem
2283 1435 2562 1492 felicitatis
2660 1439 2886 1508 statum)
2930 1457 2944 1492 :
3019 1440 3255 1495 Ecclesia
3301 1454 3435 1509 quo-

143 1551 272 1602 que,
333 1534 628 1596 afﬁrmans,
681 1533 927 1586 homines
977 1534 1042 1585 ad
1098 1531 1297 1584 luctam
1350 1537 1403 1581 et
1447 1536 1718 1580 certamen
1773 1528 2054 1580 ordinatos
2090 1541 2234 1592 esse,
2279 1529 2344 1580 ad
2435 1529 2690 1581 virtutem
2729 1545 2824 1584 eos
2857 1531 3060 1584 excitat
3142 1541 3197 1584 et
3247 1531 3436 1585 horta-

145 1634 252 1677 tur.
293 1623 396 1676 l’er
436 1625 573 1676 hanc
601 1612 743 1677 enim
781 1637 875 1676 eos
910 1623 1000 1689 qui
1027 1622 1276 1682 vicerint,
1316 1619 1367 1671 in
1397 1617 1564 1672 cmlos
1619 1617 1904 1685 praeconiis
1960 1627 2014 1671 et
2101 1619 2323 1673 coronis
2428 1630 2682 1674 ornatum
2742 1622 2806 1675 iri
2891 1623 3193 1691 pollicetur.
3255 1622 3434 1686 Quare

141 1713 367 1766 Omissis
404 1713 846 1767 contentionibus
894 1711 961 1764 de
1008 1710 1171 1764 rebus
1235 1709 1414 1762 dubiis
1457 1719 1620 1776 atque
1691 1707 1938 1760 obscuris
1991 1707 2059 1761 ad
2145 1707 2198 1761 id
2272 1709 2411 1777 quod
2461 1709 2604 1776 apud
2693 1725 2885 1766 omnes
2944 1712 2997 1765 in
3052 1712 3301 1765 confesso
3352 1722 3437 1766 est

143 1809 511 1875 nosmetipsos
535 1821 946 1876 congregemus.
983 1805 1118 1858 Nam
1142 1805 1324 1873 et'ipsi
1357 1813 1410 1858 et
1441 1820 1539 1858 nos
1570 1804 1715 1858 omni
1759 1803 1955 1856 robore
1997 1805 2254 1857 virtutem
2299 1813 2556 1874 tanquam
2626 1820 2739 1860 rem
2781 1807 3016 1861 divinam
3092 1808 3433 1862 celebramus

145 1916 312 1971 atque
359 1904 687 1957 extollimus.
749 1901 853 1956 Sed
908 1902 1126 1954 interim
1183 1914 1301 1953 eam
1354 1916 1472 1969 qua:
1517 1902 1721 1968 absque
1766 1899 2137 1953 controversia
2181 1897 2249 1951 ab
2333 1911 2564 1968 utraque
2615 1908 2770 1969 parte
2840 1901 2893 1953 in
2929 1899 3288 1954 admiratione
3335 1901 3432 1952 ha.

145 2002 328 2064 betur,
379 2001 733 2069 negligentes,
777 1999 842 2052 de
888 2011 944 2051 re
990 1999 1223 2052 obscura
1273 2005 1327 2051 et
1375 2007 1721 2050 controversa
1767 1996 1908 2049 inter
1936 2009 2034 2048 nos
2101 1994 2485 2065 digladiamur.
2564 1995 2691 2050 Sive
2735 1995 2882 2049 enim
2913 1995 3062 2058 lapsa
3107 2002 3192 2050 est
3226 1995 3428 2066 (anima

147 2109 442 2166 antequam
484 2098 533 2148 in
560 2110 758 2164 corpus
793 2095 1041 2162 veniret),
1077 2104 1134 2147 ut
1166 2093 1240 2146 illi
1305 2092 1610 2161 prohibent,
1681 2093 1879 2146 virtute
1921 2107 2058 2161 opus
2109 2099 2194 2145 est
2246 2091 2311 2144 ad
2383 2094 2763 2147 revertendum
2821 2093 2872 2146 in
2946 2093 3182 2162 priorem
3228 2101 3429 2146 statuat

146 2189 312 2258 507
347 2190 463 2242 sive
494 2189 809 2243 certaminis
840 2203 902 2242 ac
942 2179 1098 2240 lucis:
1133 2201 1261 2255 ergo
1299 2187 1349 2238 in
1381 2185 1518 2239 hanc
1559 2184 1721 2237 vitam
1761 2184 2023 2252 producta
2056 2195 2164 2250 est,
2202 2194 2260 2238 ut
2330 2199 2429 2239 nos
2473 2185 2729 2254 dicimus,
2756 2200 2861 2260 per
2928 2187 3181 2240 virtutem
3214 2199 3430 2240 coronae

148 2294 463 2337 ιιευιιιιιιυτ.

468 2392 628 2446 eam.
670 2423 741 2432 —
779 2392 1040 2464 ΙΩᾹΝΝῌ
1075 2392 1394 2464 ΔΙΑΚΟΝῼ.
1771 2384 1814 2438 B
2145 2376 2379 2446 CLXIV.
2416 2421 2486 2432 -
2516 2390 2760 2447 ιοΑΝΝι
2805 2391 3121 2450 nucoxo.

152 2489 253 2552 Εἲς
283 2485 373 2550 τὸ,
431 2504 448 2536 ι
510 2485 638 2537 Ὅτι
674 2485 797 2550 τοῖς
847 2486 1126 2557 ἀγγέλοις
1174 2486 1363 2539 αὐτοῦ
1407 2481 1732 2537 ἐντελεῖται

1850 2481 1907 2536 in
1957 2481 2094 2536 illud
2146 2482 2378 2552 (Paulini
2421 2487 2667 2557 dictum).
2708 2505 2724 2535 ι
2760 2486 3024 2550 Quoniam
3073 2487 3272 2557 angelis
3318 2487 3430 2542 suis

749 2561 881 2623 περὶ
931 2555 1067 2608 σοῦ.
1110 2573 1128 2604 ι

219 2668 331 2732 Τὸ,
375 2685 393 2718 ι
437 2666 561 2727 Τοῖς
594 2666 846 2732 ἀγγέλοις
891 2664 1056 2718 αὑτοῦ
1106 2665 1396 2718 ἐντελεῖται
1434 2667 1559 2733 περὶ
1597 2664 1690 2717 σοῦ
1717 2680 1728 2691 ·

149 2759 244 2810 ἐπὶ
289 2757 492 2826 χειρῶν
544 2755 736 2828 ἀροῦσί
793 2773 890 2820 σε,
938 2757 1010 2826 μή
1064 2773 1192 2809 ποτε
1249 2757 1563 2829 προσκόψῃς
1599 2755 1734 2826 πρὸς

147 2852 298 2904 λίθον
333 2849 428 2902 τὸν
468 2849 605 2902 πόδα
646 2866 738 2900 σου
762 2889 775 2913 ,
819 2866 837 2898 ι
883 2848 976 2900 καὶ
1025 2848 1154 2919 περὶ
1192 2848 1384 2918 ἀνδρὸς
1411 2849 1618 2900 δικαίου
1655 2850 1734 2900 εί-

152 2941 414 3012 ρτιμένον,
452 2941 545 2992 καὶ
577 2939 761 3001 κακῶς
794 2938 870 3008 τῷ
901 2937 1128 3007 διαϐόλῳ
1158 2937 1481 3007 νενοημένον
1522 2937 1539 3007 (
1557 2938 1589 3008 ἢ
1626 2937 1732 3008 γὰρ

152 3030 632 3101 παραλογίσασθαι
712 3030 988 3099 ἠϐουλήθη
1055 3028 1360 3098 νενοηκὼς,
1432 3029 1463 3099 ἢ
1549 3029 1735 3091 κακῶς

151 3124 392 3195 ἐνόησε),
427 3124 737 3190 σαφέστατα
761 3122 853 3174 καὶ
883 3121 1269 3189 συντομώτατα
1300 3121 1522 3190 ἤλεγξεν
1549 3123 1576 3173 ὁ
1603 3123 1738 3192 Χρι-

152 3214 304 3279 στὸς,
345 3211 563 3281 φράσας
586 3227 600 3240 ·
656 3227 674 3260 ι
709 3210 1054 3279 Γέγραπται·
1089 3211 1202 3263 Οὐκ
1239 3211 1587 3279 ἐκπειράσεις
1619 3209 1733 3262 Κύ-

155 3321 272 3374 ριον
317 3303 409 3355 τὸν
442 3301 574 3354 Θεόν
603 3317 718 3352 σου.
750 3299 1128 3352 Κινδυνεύοντι
1156 3300 1283 3372 γὰρ,
1321 3300 1420 3352 οὐκ
1469 3301 1733 3370 ἐκπειρᾶ-

153 3394 302 3458 ζοντι
327 3392 457 3454 Θεδς
489 3390 854 3462 ἐπηγγείλατο
878 3391 975 3461 τὴν
1011 3390 1293 3462 βοήθειαν·
1327 3392 1384 3443 ὲν
1413 3393 1575 3461 χρείᾳ.
1605 3391 1736 3444 καθ-

154 3486 378 3548 εστῶτι,
429 3485 529 3537 οὐκ
575 3482 1002 3552 ἐπιδεικνυμένῳ
1048 3482 1142 3535 καὶ
1183 3483 1345 3550 κενὴν
1412 3482 1738 3555 (221)0qu-

159 3577 312 3649 μένῳ
340 3576 520 3639 δόξαν.
553 3573 719 3628 Οὔπω
746 3575 853 3644 γὰρ
898 3574 1041 3640 λέγω
1077 3574 1212 3644 (25),
1242 3575 1302 3628 οὐ
1329 3575 1455 3645 περὶ
1488 3574 1643 3644 ἐμοῦ,
1673 3568 1734 3628 οὗ

154 3671 252 3726 καὶ
303 3668 527 3737 ἄγγελοι
582 3667 908 3737 χρῄζουσιν·
946 3665 1080 3719 ἀλλὰ
1129 3667 1257 3738 περὶ
1306 3665 1514 3720 δικαίου
1545 3667 1736 3736 ἀνδρὸς

155 3763 373 3832 εἴρηται
404 3759 480 3828 τῷ
507 3759 765 3829 Μελῳδῷ.

2337 2556 2609 2613 mandabit
2642 2558 2706 2608 de
2737 2567 2786 2608 te
2808 2557 2877 2609 θ’.
2913 2576 2931 2607 ι

1911 2668 2123 2723 Dictum
2151 2666 2278 2721 illud
2309 2685 2321 2718 ;
2355 2685 2373 2717 ι
2409 2667 2630 2736 Angelis
2663 2670 2778 2722 suis
2821 2669 3099 2723 mandabit
3139 2672 3202 2725 de
3238 2682 3288 2725 te
3322 2686 3335 2725 :
3371 2674 3419 2725 in

1837 2760 2089 2813 manibus
2118 2760 2408 2826 portabunt
2445 2767 2516 2823 te,
2554 2774 2622 2813 ne
2649 2758 2788 2814 forte
2819 2759 3063 2816 oll‘endas
3096 2765 3162 2816 ad
3191 2764 3422 2832 lapidem

1838 2849 2026 2919 pedem
2059 2859 2232 2912 tuum,
2266 2867 2284 2900 ι
2319 2859 2374 2903 et
2395 2849 2462 2903 de
2491 2850 2608 2902 viro
2629 2849 2775 2917 justo
2806 2854 3031 2918 dictum,
3063 2864 3118 2907 et
3144 2869 3172 2905 a
3213 2856 3426 2910 diabolo

1839 2939 1980 2994 male
2022 2949 2300 3008 acceptum
2346 2955 2474 2994 esse
2525 2941 2642 3008 (aut
2689 2943 2834 2994 enim
2881 2943 3004 2996 data
3053 2959 3215 3013 opera
3257 2947 3429 2998 voluit

1838 3030 2025 3085 fallere
2053 3040 2216 3098 atque
2252 3030 2527 3100 decipere,
2577 3046 2699 3084 cum
2744 3034 2962 3102 quidem
2996 3036 3129 3087 satis
3162 3036 3429 3107 intellige-

1839 3134 1918 3176 ret
1957 3123 2086 3191 quid
2135 3121 2238 3176 sibi
2289 3121 2495 3176 vellet:
2529 3130 2622 3175 aut
2679 3124 2818 3177 male
2869 3124 3182 3194 intellexit),
3233 3127 3426 3180 claris-

1839 3213 1978 3266 sime
2031 3212 2465 3280 brevissimeque
2513 3214 2690 3282 arguit
2738 3215 3010 3280 Christus,
3066 3232 3188 3269 cum
3244 3219 3422 3273 dixit:

1846 3322 1863 3353 ι
1898 3302 2176 3370 Scriptum
2231 3313 2314 3358 est
2371 3320 2385 3358 :
2431 3302 2548 3358 Non
2617 3307 2855 3360 tentabis
2908 3308 3196 3360 Dominum
3261 3310 3426 3366 Deum

1842 3405 1991 3449 tuum
2018 3394 2091 3458 ”,
2126 3412 2144 3446 ι
2183 3392 2317 3448 Nam
2352 3396 2403 3448 in
2436 3395 2743 3465 periculum
2790 3399 3045 3465 adducto,
3089 3415 3195 3454 non
3245 3415 3424 3457 autem

1841 3488 2074 3540 tentanti
2135 3485 2276 3539 Deus
2321 3486 2585 3540 auxilium
2641 3503 2699 3540 ee
2746 3486 2980 3541 laturum
3033 3492 3318 3559 promisit;
3372 3495 3426 3547 in

1841 3579 2168 3633 necessitate
2197 3579 2517 3636 constituto.
2552 3592 2659 3632 non
2696 3589 2874 3633 autem
2921 3595 2979 3636 se
3007 3585 3328 3648 ostentanti,
3373 3595 3430 3639 et

1844 3685 2033 3723 vanam
2085 3669 2308 3738 gloriam
2360 3673 2716 3724 consectanti.
2776 3670 3027 3727 Nondum
3083 3676 3230 3730 enim
3278 3678 3422 3744 dico,

1761 3753 1804 3812 C
1838 3760 2177 3815 Psalmorum
2229 3761 2555 3830 scriptorem
2610 3763 2740 3816 illud
2792 3765 2994 3818 dictum
3057 3781 3161 3820 non
3220 3768 3286 3821 de
3341 3783 3430 3823 mo

156 3857 338 3925 (cujus
375 3869 476 3923 ope
523 3863 578 3908 et
625 3854 825 3907 auxilio
867 3854 967 3923 ipsi
1009 3869 1224 3924 quoque
1258 3855 1499 3926 indigent
1541 3856 1739 3926 angeli,
1785 3865 1993 3910 tantum
2061 3856 2216 3911 abest
2267 3866 2326 3910 ut
2370 3870 2472 3926 ego
2514 3857 2754 3926 ipsorum
2798 3859 3012 3928 indigus
3045 3864 3192 3929 sim).
3238 3865 3332 3919 sed
3364 3865 3430 3919 de

159 3947 278 4000 viro
305 3943 453 4012 justo
481 3943 789 4012 protulisse.

373 4054 533 4111 βεεν.
559 4085 628 4095 -
649 4057 880 4110 IEPAKI
911 4056 1362 4128 ΠΡΕΣΒΥΤΕΡῼ
1383 4057 1520 4128 (26).

153 4150 259 4216 είς
287 4148 378 4215 τὸ,
430 4168 447 4200 ι
479 4151 560 4203 Οὐ
585 4148 807 4215 πάντες
831 4151 1090 4219 χωροῦσι
1112 4151 1221 4205 τὸν
1242 4151 1428 4220 λόγον
1447 4149 1682 4206 τοῦτον.
1717 4168 1735 4202 ι

230 4325 308 4378 Th
363 4325 492 4396 περὶ
535 4323 834 4396 παρθενίας
863 4323 1054 4394 ρηθέν-
1095 4342 1113 4375 ι
1151 4323 1224 4376 Οὐ
1260 4323 1460 4386 πάντες
1501 4321 1738 4393 χωροῦσι

157 4419 250 4473 τὸν
303 4417 462 4484 λόγον
494 4416 704 4481 τοῦτον,
739 4414 854 4469 ἀλλ’
901 4411 982 4477 οἷς
1026 4415 1269 4468 δέδοται·
1311 4433 1329 4466 ι
1369 4415 1605 4484 εἴρηται,
1643 4414 1740 4482 οὺχ

161 4513 245 4564 ὅτι
296 4508 440 4562 κατὰ
475 4507 858 4579 ἁποκλήρωσίν
886 4507 1006 4559 τινά
1031 4525 1170 4560 τισιν
1208 4505 1360 4576 ἐδόθη
1407 4507 1505 4578 (οὐ
1537 4506 1643 4576 γὰρ
1676 4505 1740 4558 ἂν

167 4602 350 4662 αὐτοῖς
384 4600 482 4670 τὴν
529 4598 804 4669 βασιλείαν
832 4599 942 4650 τῶν
969 4597 1210 4669 οὐρανῶν
1245 4597 1478 4651 ἔπαθλον
1519 4597 1740 4667 προὺτί·

161 4691 290 4761 Oet),
326 4690 445 4744 ἀλλ’
497 4689 586 4743 ἵνα
620 4689 790 4762 δείξῃ,
842 4689 1056 4760 πρῶτον
1094 4689 1190 4758 μὲν
1239 4689 1337 4758 τῆς
1387 4687 1534 4759 θείας
1567 4691 1739 4758 ῥοπῆς

163 4781 469 4855 χρῄζοντας
522 4783 644 4844 τοὺς
697 4782 834 4851 πρὸς
882 4780 1067 4833 τοῦτον
1124 4781 1567 4849 ἀγωνισαμένους
1625 4779 1737 4851 (ετ)

163 4877 254 4927 τὸν
280 4872 469 4942 ἀγῶνα
514 4872 603 4925 τὸν
633 4870 894 4942 ὑπερφυῆ
915 4887 927 4900 ·
953 4869 1126 4924 ἔπειθ’
1154 4871 1236 4924 ὃτι
1270 4870 1564 4941 οὐρανόθεν
1597 4871 1737 4942 αὕτη

2069 4059 2279 4116 CLXV.
2313 4059 2683 4116 -—HlERACl
2723 4060 3202 4119 PRESBYTERO.

1841 4149 1908 4204 In
1937 4150 2072 4205 illud
2098 4150 2322 4206 (Christi
2345 4152 2563 4222 dictum)
2583 4167 2601 4203 :
2642 4152 2660 4204 ι
2689 4153 2812 4206 Non
2841 4170 3017 4208 omnes
3049 4159 3261 4222 capiunt
3289 4157 3428 4212 hunc

2406 4238 2696 4277 sermonem
2727 4224 2795 4276 “.
2834 4242 2853 4275 ι

1912 4332 2064 4400 Quod
2107 4335 2174 4389 de
2221 4335 2534 4406 virginitate
2583 4337 2785 4390 dictum
2819 4354 2834 4391 :
2870 4354 2888 4388 ι
2921 4335 3040 4392 Non
3096 4353 3287 4395 omnes
3328 4358 3424 4396 ca-

1841 4423 1997 4493 piunt
2030 4439 2334 4480 sermonem
2371 4427 2536 4490 hunc,
2587 4428 2682 4483 sed
2713 4429 2907 4496 quibus
2946 4429 3127 4483 datum
3159 4442 3280 4486 est:
3314 4452 3333 4484 ι
3374 4437 3425 4489 id

1841 4526 1946 4565 non
1994 4522 2077 4566 est
2118 4527 2184 4567 eo
2231 4528 2391 4568 sensu
2442 4515 2667 4580 dictum,
2715 4516 2870 4584 quasi
2915 4517 3238 4586 quibusdam
3278 4530 3426 4575 sorte

1849 4605 2080 4671 quadam
2113 4621 2310 4659 arcana
2330 4607 2603 4660 tributum
2644 4609 2714 4662 sit
2747 4609 2893 4676 (nam
2933 4608 2977 4662 si
3009 4609 3082 4662 ita
3113 4620 3277 4673 esset,
3313 4627 3422 4666 non

1841 4696 2212 4763 proposuisset
2239 4698 2369 4765 ipsis
2406 4699 2684 4766 praemium
2713 4713 2935 4768 regnum
2973 4701 3259 4770 cmlorum)
3285 4721 3298 4756 :
3329 4704 3425 4759 sed

1841 4794 1898 4838 ut
1937 4787 2209 4853 ostendat,
2250 4789 2482 4857 primum
2514 4791 2748 4858 quidem
2796 4791 2982 4845 divino
3028 4793 3230 4846 auxilio
3283 4795 3424 4849 indl-

1841 4889 1968 4945 gere
2011 4891 2128 4941 eos,
2177 4879 2265 4946 qui
2317 4875 2458 4932 isiud
2511 4891 2703 4933 natura
2743 4880 3102 4936 excellentius
3145 4893 3421 4940 certamen

152 4965 412 5028 ,κάτεισιν
456 4965 490 5033 ή
544 4963 843 5034 συμῦουλὴ,
896 4963 955 5014 οὐ
1013 4962 1161 5032 νόμῳ
1203 4961 1570 5026 θεσπίζουσα,
1603 4963 1737 5016 ἀλλὰ

1850 4982 2241 5038 susceperunt;
2281 4970 2498 5039 deinde,
2541 4973 2684 5041 quod
2731 4972 2946 5029 caelitus
2997 4973 3100 5030 hoc
3133 4975 3421 5030 consilium

233 5147 278 5178 “
312 5143 447 5198 Gen.
489 5159 527 5207 ι,
558 5143 647 5196 οὶ8.
725 5143 769 5174 ’³
803 5141 945 5197 Psai.
979 5154 1065 5205 xc,
1101 5141 1186 5197 ll.
1265 5142 1311 5174 ”
1352 5141 1541 5197 Matth.
1576 5157 1650 5208 tv,
1683 5144 1733 5196 6.
1811 5145 1856 5176 ’δ
1895 5143 2083 5200 Matth.
2120 5163 2231 5211 xix,
2263 5149 2347 5201 ll.

1304 5296 1536 5352 VABUE
1572 5297 1956 5354 LECTIONES
1995 5301 2082 5355 ET
2122 5301 2354 5357 ΝΟΤίΕ.

170 5459 383 5524 inserit,
413 5457 560 5519 τίνος
583 5455 764 5508 Ξνεκεν
795 5455 963 5524 αὐτὴν
1005 5455 1104 5508 οὐκ
1145 5454 1518 5524 ἀσπαζόμεθα.
1578 5455 1728 5509 Veri.

167 5546 281 5598 seq.
312 5530 462 5598 παρὰ
492 5527 738 5598 mutatin
768 5526 979 5598 περὶᾼοι
1007 5541 1123 5577 mox
1159 5526 1477 5598 πράγματος
1509 5527 1737 5592 ἑαυτοὺς

170 5595 315 5653 recte
350 5595 545 5653 scribit
575 5596 872 5665 πράγματα
904 5596 1132 5665 ἑαυτοῖς.
1163 5595 1372 5647 Possm.

240 5669 349 5737 (ει)
388 5669 483 5720 Ed.
518 5664 714 5737 Paris”
744 5667 953 5737 καινήν.
984 5664 1282 5718 Lectionem
1336 5666 1576 5734 sequitur
1609 5668 1730 5720 cod.

170 5709 349 5791 νέιῖἕί
377 5709 482 5791 6ὲο
508 5746 558 5788 et
596 5709 856 5787 an'nrici.
884 5709 1040 5787 ίζυιτ.

240 5808 354 5880 (‘25s
387 5807 516 5860 Post
543 5805 684 5872 λέγω
708 5804 847 5880 addit
882 5807 982 5867 ὃτι,
1009 5813 1206 5880 pla-Me
1238 5805 1467 5880 ἄγγελοιΔ
1489 5808 1635 5880 pnnit
1660 5810 1729 5860 οἱ,

171 5873 292 5933 Post
347 5880 596 5931 ultimum
659 5873 875 5928 verbum
940 5875 1176 5942 epistolzc
1228 5880 1373 5928 a-Itiit
1425 5877 1482 5927 τὸ
1545 5879 1728 5945 ῥηθέν,

1847 5457 2054 5512 Ρυεκικ.

1876 5529 2169 5648 {gat-illiw
2214 5529 2574 5604 Πρεσὸυτέρῳ
2613 5535 2732 5589 cod.
2783 5535 2955 5591 Vatic.
3001 5538 3126 5604 630,
3171 5541 3422 5612 λαμπρο-

1839 5615 1998 5650 τείιιν).
2033 5615 2108 5650 ID.

1908 5628 1914 5633 '
1938 5628 1998 5650 "In
2033 5628 2108 5650 ιυ.

1905 5628 2196 5749 τίθη-τωρωι
2247 5672 2691 5742 ἀγωνισαμένους
2743 5686 2912 5749 mutat
2952 5678 3013 5749 in
3070 5679 3425 5749 ἀποδυσαμέ-

1838 5738 2171 5814 ντλυςηνιτς.
2214 5754 2466 5814 atilcpcu.
2501 5738 2589 5803 rp.
2627 5761 2724 5812 pro
2758 5748 2912 5814 ἐδόθη
2951 5748 3073 5814 legit
3105 5738 3337 5810 δέδοταιξ
3366 5762 3423 5804 et

1843 5809 2146 5929 ltitixéltllel‘l
2174 5810 2337 5878 γέρας
2368 5825 2417 5868 et
2449 5815 2508 5867 οὐ
2540 5809 2651 5869 ιιωό
2678 5809 2961 5880 ἱιιεει·ιι,ἐἰ
2991 5809 3045 5872 δὲ
3078 5823 3136 5872 οὐ
3164 5822 3422 5890 περιττὸν

1840 5893 1896 5927 τυ
1925 5893 1956 5929 Υ
1993 5893 2098 5929 νος.
2156 5895 2206 5929 D.

1875 5895 1896 5926 υ
1925 5893 2098 5944 γενος.
2135 5893 2206 5932 ΙΙ).
