3988 6454
171 349 302 420 12ἒῖ

1046 343 1587 408 EPISTOLARUM
1624 340 1771 404 LIB.
1814 339 1915 402 1V.
1953 363 2024 379 ·-
2062 335 2298 398 EPIST.
2342 332 2593 395 CLXVI.

3325 323 3459 390 1258

172 466 232 519 Ei
257 464 441 518 τοίνυν
470 462 497 514 ὁ
519 460 618 527 τὰς
663 461 812 524 κλεῖς
867 457 979 513 τῶν
1003 457 1251 530 οὐρανῶν
1281 457 1764 527 ἐγκεχειρισμένος

1885 453 2002 507 dum
2039 451 2222 506 omnia
2274 460 2650 504 commemoro
2692 443 2840 514 justo
2892 440 3108 511 iungitis
3154 440 3460 496 orationem

173 556 271 628 τὴν
311 553 496 626 σάρκα
532 553 739 623 κυρίως
771 552 1092 621 ἀπεφήνατο
1127 547 1479 609 πεπονθέναι,
1515 549 1611 620 τὴν
1656 566 1764 600 πα-

170 647 281 702 Θῶν
306 645 563 716 δεκτικὴν
592 642 838 715 (ἀπαθὲς
863 643 971 714 γὰρ
995 641 1056 694 τδ
1080 640 1254 709 Θείον)
1276 657 1290 672 ⁸
1326 642 1376 694 εί
1404 639 1516 703 καὶ,
1541 641 1618 703 ὼς
1643 652 1646 656 ’
1670 640 1762 692 τὸν

172 737 513 808 κληρονόμον
542 734 968 797 ἀποκτείναντες
1000 730 1138 804 (διδ),
1188 731 1431 785 Ἰουδαῖοι
1463 731 1767 785 πεπόνθασι

170 828 484 901 τραγῳδίας
532 828 753 900 ἀπάσης
807 825 1032 897 μείζονα
1127 825 1203 896 μὴ
1234 825 1555 896 ταραττέτω
1597 840 1658 876 σε
1705 821 1768 877 τὺ

172 922 351 986 πάθος
379 940 394 954 ·
427 920 546 975 ἀλλ’
582 923 664 985 είς
688 917 1042 990 εὐχαριστίας
1068 916 1300 988 μέγεθος
1332 915 1764 987 χειραγωγείτω·

171 1019 255 1072 ὅτι
285 1019 314 1070 6
350 1015 599 1087 βασιλεὺς
646 1016 675 1068 6
701 1011 943 1083 ἀπαθὴς,
975 1013 1008 1065 6
1045 1010 1206 1065 σκιὰν
1234 1013 1443 1082 τροπῆς
1479 1010 1554 1082 μὴ
1585 1010 1767 1063 ἐπιδε-

171 1109 408 1179 χόμενος
440 1106 575 1179 (57),
606 1104 707 1174 τὴν
738 1102 950 1156 οἰκείαν
983 1101 1249 1156 ἐκδέδωκε
1281 1099 1394 1167 (58)
1425 1101 1604 1173 σάρκα
1629 1119 1642 1132 ’
1673 1102 1770 1156 καὶ

171 1198 349 1252 πολλά
374 1198 450 1261 ὡς
475 1196 764 1268 ἄνθρωπος
778 1193 1012 1265 ἀσθενὴς
1040 1191 1434 1263 φθεγξάμενος,
1459 1195 1546 1246 ἵνα
1574 1209 1771 1265 στρατ-

171 1292 427 1362 ηγήματι
475 1287 571 1359 ἕλῃ
623 1287 714 1342 τὸν
775 1286 1107 1358 πανοῦργον,
1159 1287 1399 1359 τρόπαιά
1454 1304 1511 1340 τε
1567 1287 1775 1359 στήσας,

169 1381 428 1453 λαμπρὰ,
468 1380 639 1450 ἀνέϐη
668 1382 748 1444 είς
779 1379 908 1442 τοὺς
935 1378 1223 1450 οὐρανοὺς,
1254 1378 1355 1450 τὴν
1382 1377 1641 1450 ἀπαρχὴν
1672 1379 1771 1449 τῆς

176 1476 463 1549 ἡμετέρας
493 1474 712 1543 φύσεως
750 1470 1148 1543 ἠμφιεσμένος.
1179 1470 1241 1522 Εἰ
1269 1470 1326 1523 δὲ
1361 1469 1648 1542 ἄνθρωπος
1679 1464 1768 1540 ἦν,

168 1568 251 1634 ὥς
284 1585 436 1636 φασι,
464 1565 638 1632 ψιλὸς,
667 1565 789 1636 θείᾳ
812 1563 997 1635 χάριτι
1024 1562 1348 1634 κοσμηθεὶς,
1376 1562 1445 1614 δι’
1491 1562 1557 1633 ἥν
1585 1562 1770 1616 αἰτίαν

172 1660 408 1722 πολλοὺς
456 1657 740 1721 ἀνελόντες
789 1655 990 1725 ἄνδρας
1029 1654 1220 1722 ἁγίους
1285 1654 1550 1712 Ἰουδαῖοι,
1611 1652 1769 1707 οὐδὲν

170 1751 419 1806 τοιοῦτον
466 1748 801 1803 πεπόνθασιν
822 1762 836 1776 ο
869 1747 961 1799 ἐπὶ
995 1746 1052 1799 δὲ
1090 1745 1266 1816 τούτῳ
1313 1747 1462 1798 πᾶσα
1493 1744 1770 1814 νενίκηται

1870 543 2196 612 producam.
2245 538 2401 606 Quod
2451 538 2497 594 si
2534 547 2586 592 te
2629 535 2816 605 passio
2858 532 3106 605 (Christi)
3154 532 3462 602 perturbat.

1871 643 1994 705 qua
2041 621 2237 690 contra
2269 632 2440 687 Deum
2471 630 2691 701 quidem
2729 643 2826 700 per
2858 642 3126 682 summam
3179 625 3461 680 audaciam

1869 725 2132 780 adornata
2171 724 2294 790 fuit,
2330 724 2425 778 sed
2453 735 2679 777 carnem
2715 719 2895 790 attigit
2928 758 2944 785 ,
2974 720 3098 774 audi
3127 718 3462 790 coryphemu

1869 832 1933 873 ac
1961 817 2263 887 principem
2298 813 2693 885 apostolorum,
2720 813 2988 869 dicentem
3020 832 3034 870 :
3072 829 3091 865 ι
3118 810 3256 868 Cum
3297 814 3466 884 igitur

1870 909 2127 966 Christus
2157 923 2353 978 passus
2381 907 2454 963 sit
2483 921 2652 962 carne
2672 905 2739 960 ".
2778 924 2796 957 ι
2834 907 2888 960 Si
2917 922 3048 978 ergo
3081 906 3146 974 is,
3168 907 3254 962 cui
3277 906 3463 961 claves

1869 1001 2135 1057 ccelornm
2187 1000 2398 1056 traditae
2431 1008 2581 1066 sunt,
2618 1013 2841 1054 carnem
2881 999 3154 1069 propriam
3191 1013 3310 1054 esse
3340 1015 3467 1070 prn-

1871 1093 2168 1158 nuntiavit,
2220 1107 2344 1162 qua:
2375 1091 2664 1163 passiones
2707 1092 2956 1147 videlicet
3007 1093 3250 1163 recipere
3286 1094 3467 1162 potuit

1869 1185 2078 1258 (divina
2135 1187 2282 1240 enim
2331 1194 2526 1239 natura
2581 1185 2896 1256 passionum
2957 1198 3155 1255 expers
3207 1185 3351 1259 est)?
3409 1185 3464 1240 Si

1873 1276 2000 1329 item
2041 1275 2237 1342 Judaei,
2282 1286 2340 1331 ut
2381 1277 2475 1346 qui
2533 1276 2807 1332 heredem
2859 1277 3185 1344 occiderint,
3226 1293 3319 1334 eas
3350 1293 3469 1347 per-

1872 1370 2012 1438 pessi
2084 1378 2213 1425 sunt
2271 1369 2656 1435 calamitates,
2708 1383 2831 1439 qure
2874 1385 3092 1425 omnem
3145 1373 3465 1442 tragmdiam

1873 1463 2030 1534 longe
2079 1473 2347 1532 superant
2377 1503 2395 1529 ,
2436 1462 2569 1516 nihil
2605 1471 2688 1518 est
2729 1463 2870 1532 quod
2912 1464 3199 1532 perturbet
3250 1473 3300 1518 te
3345 1479 3471 1532 pas-

1872 1555 1983 1620 sio;
2028 1556 2124 1610 sed
2165 1556 2350 1625 potius
2382 1571 2444 1610 ea
2499 1569 2587 1611 res
2623 1556 2784 1611 debet
2828 1565 2881 1611 te
2929 1556 2997 1611 ad
3045 1567 3196 1612 tanto
3229 1557 3468 1627 majores

1873 1647 2110 1718 agendas
2157 1648 2366 1718 gratias
2429 1649 2676 1704 excitare
2726 1664 2790 1704 ac
2841 1649 2990 1704 velut
3034 1665 3196 1704 manu
3243 1651 3465 1707 ducere.

1874 1738 2012 1806 Quia
2042 1740 2256 1796 scilicet
2280 1756 2376 1798 rex
2409 1742 2683 1811 passionis
2707 1758 2927 1814 expers,
2958 1744 3049 1814 qui
3075 1747 3325 1798 umbram
3354 1759 3472 1798 mu-

171 1842 459 1913 τραγῳδία
483 1837 946 1912 παραὸαλλομένη
974 1840 1086 1901 τοῖς
1107 1837 1316 1890 τούτων
1347 1836 1610 1903 πάθεσινς
1633 1835 1770 1890 ἀλλὰ

1885 1833 2098 1887 Latioois
2131 1848 2240 1888 non
2290 1834 2511 1904 recipit,
2546 1835 2826 1904 propriam
2874 1837 3098 1891 tradidit
3134 1851 3379 1901 carnem,
3418 1846 3473 1891 et

168 1937 333 2007 δῆλον
360 1936 443 1988 ὅτι
466 1928 721 2003 μὲνῆσαν
748 1931 858 2002 (39)
880 1930 1047 2000 ἅγιοι,
1075 1933 1104 1984 6
1134 1930 1190 1984 δὲ
1216 1929 1512 2001 μονογενὴς
1530 1930 1660 1993 Υἱὸς
1682 1931 1770 1982 ἔνο

172 2026 541 2098 ανθρωπῆσαι
589 2023 956 2089 καταξιώσας.
988 2022 1063 2075 Τὸ
1099 2021 1208 2094 γὰρ
1240 2022 1316 2093 μὴ
1345 2023 1454 2075 ἀπὸ
1478 2023 1575 2092 τῆς
1598 2023 1772 2092 αὐτῆς

172 2119 335 2185 ἀξίας
374 2119 533 2188 ἥκειν
565 2118 658 2170 ἐπὶ
700 2117 768 2168 τὰ
800 2114 970 2184 πάθη,
1018 2113 1157 2168 ἀλλὰ
1186 2115 1314 2178 τοὺς
1345 2115 1445 2185 μὲν
1475 2109 1618 2167 εἷναι
1649 2112 1774 2166 δούὲ

173 2213 326 2274 λους,
350 2212 444 2262 τὸν
469 2210 526 2262 δὲ
546 2208 847 2276 Δεσπότην,
872 2206 1258 2275 ἀσύγγνωστον
1285 2207 1473 2259 ἔτεκεν
1501 2205 1773 2268 Ἰουδαίοις

172 2303 274 2373 τὴν
307 2300 485 2370 δίκην.
512 2318 533 2352 ‹
562 2291 730 2362 Οὗτος
763 2299 893 2370 γὰρ,
923 2300 1109 2367 φησὶν,
1138 2298 1328 2350 ὲστὶνό
1356 2298 1696 2369 κληρονόμος
1719 2315 1767 2350 ὀ

173 2395 227 2446 oi
263 2391 646 2462 ἀμπελουργοὶ
693 2389 787 2443 τὸν
836 2390 1178 2460 κληρονόμον
1219 2390 1542 2443 ἀποκτεῖναι
1576 2389 1772 2462 ὥρμη-

176 2503 299 2549 σαν,
318 2486 380 2538 οὗ
404 2484 496 2536 τὸν
529 2481 837 2542 σύνδουλον,
867 2480 959 2533 τὸν
984 2480 1100 2533 υἱὸν
1128 2479 1222 2534 τοῦ
1267 2481 1648 2534 οἰκοδεσπότου
1679 2482 1772 2535 τὸν

173 2579 422 2648 γνήσιον.
476 2575 576 2644 οὐχ
619 2573 716 2626 ἕνα
763 2572 823 2638 ἐξ
868 2572 1053 2626 αὐτῶν
1098 2575 1180 2636 είς
1232 2572 1508 2638 υἱοθεσίας
1553 2573 1774 2644 ἀξίωμα

173 2668 639 2739 ἀνακομισθέντα.
690 2668 819 2731 Πῶς
869 2667 980 2738 γὰρ
1030 2667 1173 2737 μετὰ
1213 2668 1342 2731 τοὺς
1384 2668 1606 2732 δούλους
1645 2668 1775 2731 Υἱὸς

175 2761 485 2832 ἀπεστάλη,
510 2761 570 2814 ὃν
592 2760 686 2814 καὶ
707 2760 1043 2831 ὲντραπῆναι
1066 2759 1265 2831 ὲχρῆν;
1299 2761 1422 2824 Πῶς
1447 2762 1503 2815 δὲ
1523 2761 1775 2832 δεύτερος

175 2850 466 2920 ἄνθρωπος
517 2851 575 2917 ἐξ
601 2849 1127 2925 οὑρανοῦίεῐρητκη
1171 2851 1290 2915 πῶς
1318 2851 1376 2905 δὲ
1406 2851 1539 2916 Θεὸς
1575 2853 1774 2925 ἐπεδή-

177 2918 378 3017 μησεν,
412 2945 445 3014 ἢ
492 2918 768 3014 ἀνθρώ-,τῳ
812 2918 1184 3014 aven—9:15“;
1233 2943 1349 3008 πῶς
1380 2944 1437 2997 δὲ
1469 2918 1773 2999 ὲταπείνῶο

177 3038 272 3089 σιν
305 3033 533 3097 ἑαυτὸν,
580 3033 671 3085 ἴσα
721 3031 840 3102 Θεῷ
888 3031 1186 3103 ὑπάρχων;
1229 3032 1347 3096 πῶς
1376 3033 1432 3086 δὲ
1466 3033 1494 3085 ό
1523 3033 1657 3097 Θεὸς
1685 3033 1776 3087 τὸν

1875 1924 2044 1979 multa
2088 1935 2149 1980 ut
2190 1928 2356 1981 homo
2384 1926 2677 1982 imbecillis
2716 1926 2964 1996 protulit,
2994 1937 3056 1981 ut
3099 1929 3310 1982 valrum
3344 1928 3472 1995 (ho-

1875 2018 2037 2088 stem)
2064 2027 2457 2090 stratagemate
2489 2020 2724 2090 quodam
2769 2020 2848 2075 sic
2878 2031 3120 2089 caperet,
3161 2029 3473 2088 tropmaque

1876 2113 2073 2165 statuit
2120 2111 2406 2180 splendida
2461 2126 2578 2165 :ac
2634 2111 2831 2166 deinde
2881 2111 2935 2165 in
2988 2111 3158 2166 caelos
3200 2113 3470 2171 ascmnlit,

1880 2203 2139 2270 primitiis
2181 2213 2381 2259 nosme
2432 2214 2642 2258 natura:
2686 2205 2926 2258 indutus.
2959 2204 3115 2271 Quod
3165 2205 3233 2270 si,
3277 2215 3333 2257 ut
3371 2205 3470 2274 ipsi

1878 2295 2028 2348 aiunt
2066 2296 2325 2368 (Ariani),
2363 2296 2538 2351 nudus
2578 2296 2679 2350 fuit
2730 2297 2913 2362 homo,
2949 2297 3132 2352 divina
3166 2299 3339 2368 gratia
3381 2300 3474 2351 de-

1876 2395 2119 2455 coratus,
2154 2403 2326 2456 quare
2355 2387 2550 2451 Judmi,
2590 2405 2714 2443 cum
2745 2391 2874 2445 olim
2923 2391 3125 2446 multos
3155 2393 3303 2447 viros
3349 2407 3476 2447 saa-

1877 2490 1994 2535 Ctos
2053 2479 2399 2545 sustulerint,
2463 2482 2599 2536 nihil
2665 2492 2848 2537 tamen
2907 2483 3173 2553 ejusmodi
3235 2499 3474 2554 unquam

1876 2581 2005 2624 sunt
2031 2572 2100 2625 ob
2136 2570 2188 2624 id
2221 2573 2500 2641 perpessi;
2534 2580 2757 2644 propter
2787 2575 2931 2629 hunc
2962 2584 3142 2628 autem
3173 2572 3474 2647 (Christum

1877 2664 2147 2735 occisum)
2171 2679 2233 2720 ea
2257 2665 2660 2738 sustinuerunt,
2691 2683 2922 2738 quorum
2955 2670 3236 2738 atrocitas,
3271 2669 3316 2723 si
3351 2685 3475 2724 cum

1879 2758 2072 2826 quavis
2126 2759 2391 2831 tragoedia
2455 2770 2840 2829 comparetur,
2898 2760 3221 2830 longissimo
3286 2775 3478 2817 omnes

1880 2851 2168 2908 intervallo
2227 2853 2572 2908 antecedit?
2628 2853 2734 2907 Sed
2796 2854 3142 2908 manifestum
3204 2863 3290 2909 est
3358 2853 3481 2908 illos

1879 2945 2097 3014 quidem
2128 2945 2296 3000 fuisse
2322 2946 2469 3001 viros
2504 2956 2758 3003 sanctos:
2795 2947 2939 3002 hunc
2968 2963 3100 3000 vero
3135 2947 3478 3018 unigenitum

1882 3035 2026 3106 (Dei)
2078 3035 2309 3101 Filium,
2366 3039 2456 3106 qui
2507 3037 2674 3092 homo
2712 3037 2827 3092 ﬁeri
2879 3039 3136 3107 dignatus
3184 3049 3289 3092 est.
3342 3036 3479 3091 Nam

175 3122 308 3177 Υἱὸν
350 3119 620 3191 ἔπεμψεν,
666 3118 977 3190 ὁμοιώματι
1034 3119 1150 3190 (40)
1202 3119 1407 3192 σαρκὸς
1463 3121 1772 3191 ἁμαρτία;;

1885 3127 2027 3193 quod
2056 3142 2160 3180 non
2197 3127 2264 3182 ah
2285 3129 2474 3182 eadem
2502 3127 2715 3198 (omnes
2739 3136 2849 3182 tam
2883 3128 2935 3183 hi
2964 3145 3129 3198 quam
3171 3129 3270 3201 illi)
3302 3130 3482 3200 digni-

180 3215 255 3269 Ἣ
307 3212 428 3276 πῶς
468 3212 570 3265 οὑκ
611 3209 1012 3278 ἔξευτελίζεται
1060 3211 1130 3264 τὰ
1170 3209 1418 3282 ἄκραντα
1471 3213 1772 3283 μυστήρια,

180 3305 343 3375 σῶμα
378 3304 475 3357 καί
499 3297 640 3374 αἷμα
690 3301 982 3374 ἀνθρώπου
1022 3300 1284 3356 δοκοῦντα
1330 3298 1511 3371 εῐναι;
1569 3305 1686 3368 πῶς
1716 3305 1773 3359 δὲ

177 3399 326 3469 ἔφη’
389 3415 408 3449 ι
473 3395 642 3467 Σῶμα
691 3395 752 3449 δὲ
806 3395 1123 3468 κατηρτίσω
1181 3412 1303 3467 μοι;
1339 3415 1358 3448 ι
1393 3396 1519 3459 Πῶς
1548 3396 1605 3449 δὲ
1645 3398 1776 3452 ἀνα-

177 3492 402 3560 γκαῖον,
436 3487 584 3558 ἔχειν
624 3503 678 3542 τι
708 3488 802 3541 καὶ
832 3486 1044 3552 τοῦτον,
1072 3485 1102 3540 ὃ
1139 3485 1482 3558 προσενέγκῃ
1504 3503 1537 3552 ;,
1569 3485 1687 3550 πῶς
1718 3488 1775 3540 δὲ

177 3580 268 3634 διὰ
283 3578 380 3632 τοῦ
410 3579 541 3632 ἰδίου
570 3577 806 3650 αἵματος
830 3577 960 3641 τοὺς
986 3575 1370 3648 αἰχμαλώτους
1396 3575 1776 3647 ἑλυτρώσατος

177 3670 213 3742 ἢ
250 3670 372 3728 πῶς
398 3669 492 3724 τὸν
522 3669 730 3741 Κύριον
775 3669 875 3739 τῆς
924 3667 1086 3738 δόξης
1131 3667 1524 3738 ἐσταύρωσανς
1574 3667 1693 3730 πῶς
1721 3668 1777 3719 δὲ

179 3763 210 3816 ό
238 3762 420 3832 Λόγος
463 3760 606 3833 σὰρξ
650 3761 905 3830 ἑγὲνετος
945 3759 1065 3824 πῶς
1092 3759 1149 3812 δὲ
1185 3759 1514 3831 πολυμερῶς
1541 3759 1637 3812 καὶ
1676 3774 1774 3810 πο-

180 3856 477 3927 λυτρόπως
525 3856 554 3907 6
604 3853 794 3927 Πατὴρ
856 3853 1098 3926 λαλήσας
1154 3854 1213 3906 ὲν
1262 3853 1378 3917 τοῖς
1436 3851 1770 3923 προφήταις⁴

181 3951 416 4022 ὕστερον
463 3946 836 4018 ἑλάλησενὲν
883 3946 1038 4018 Titii;
1092 3945 1125 4016 ἢ
1192 3943 1312 4008 πῶς
1366 3943 1769 4015 παραπλησίως

179 4043 315 4105 Υἱὸς
349 4037 589 4112 μετέσχε
611 4037 720 4092 τῶν
747 4037 964 4104 absim;
1007 4037 1149 4091 Ἀλλ’
1175 4038 1262 4112 iam
1297 4035 1373 4108 μὴ
1403 4037 1583 4090 πάντα
1606 4053 1776 4090 κατα-

180 4099 440 4205 λέγοντες
468 4099 626 4202 δίλον
660 4130 828 4184 πολὺν
862 4134 927 4204 τῇ
951 4099 1031 4204 ⁷σῇ
1058 4099 1221 4201 ἀκοῇ
1233 4099 1774 4200 παρασκευάσωμεν,

183 4227 406 4282 ἅπαντα
435 4224 615 4278 τοίνυν
643 4222 753 4294 (il)
781 4222 922 4290 λέξω
941 4240 954 4253 ⁸
986 4223 1050 4278 τὸ
1077 4223 1209 4277 Θεὸν
1244 4222 1355 4295 (42)
1387 4222 1518 4277 οντα
1540 4223 1777 4278 ταπεινὰ

256 4389 304 4426 ⁸⁷
333 4387 348 4442 Ι
385 4388 528 4442 Petr.
569 4403 645 4450 tv,
677 4386 725 4441 l.
801 4385 848 4419 “
882 4383 1069 4439 Matth.
1098 4399 1214 4452 XXI,
1248 4383 1341 4441 58.

1887 3224 1998 3269 tatc
2046 3216 2112 3268 ad
2147 3217 2432 3285 passiones
2465 3231 2530 3271 ac
2576 3218 2845 3288 supplicia
2911 3234 3009 3274 sua
3047 3219 3480 3274 descenderint:

1886 3306 1981 3360 sed
2033 3306 2108 3361 illi
2157 3307 2376 3376 quidem
2418 3309 2562 3362 servi
2607 3293 2836 3375 meum,
2882 3309 2973 3364 hic
3006 3324 3134 3365 vero
3175 3311 3480 3366 Dominus:

1885 3395 1991 3451 hoc
2037 3396 2168 3450 illud
2217 3407 2320 3460 cst,
2369 3397 2512 3468 quod
2565 3399 2748 3453 omnis
2791 3399 2962 3453 venite
2999 3408 3251 3469 carpet-tes
3294 3414 3484 3468 pennas

1883 3486 2085 3544 Judrcis
2123 3492 2353 3559 peperit.
2389 3509 2408 3542 ι
2445 3489 2546 3545 llic
2590 3491 2768 3557 enim,
2803 3491 3012 3561 inquit,
3045 3500 3130 3546 est
3161 3491 3420 3549 haeres".
3459 3511 3479 3544 ι

1885 3577 2193 3649 Haeredem,
2227 3580 2393 3652 509
2441 3583 2688 3650 inquam,
2732 3598 2838 3638 non
2891 3597 3215 3638 conservum
3270 3586 3485 3640 invase-

1885 3681 2012 3726 runt
2050 3671 2316 3728 vinitores
2352 3685 2405 3729 et
2434 3674 2502 3727 ad
2532 3675 2733 3730 caedem
2764 3688 3107 3746 rapuerunt:
3135 3676 3330 3732 Filium
3378 3678 3486 3732 Pa-

1885 3763 2228 3820 trisl‘amilias
2271 3779 2617 3849 germanum,
2651 3783 2756 3823 non
2795 3785 2962 3824 unum
3007 3785 3074 3825 ex
3116 3785 3217 3831 suo
3252 3787 3484 3829 numero

1890 3855 1946 3910 in
2004 3855 2320 3926 adoptionis
2365 3855 2688 3925 dignitatem
2735 3860 2969 3914 ascitum
3025 3875 3091 3916 ac
3138 3861 3482 3925 subvectum.

1885 3947 2168 4014 Quomodo
2199 3948 2346 4002 enim
2380 3957 2504 4017 post
2530 3963 2721 4004 servos
2753 3949 2955 4004 missus
2986 3960 3070 4004 est
3099 3949 3292 4017 Filius,
3321 3967 3482 4021 quem

1885 4047 1939 4094 et
1969 4038 2212 4094 revereri
2240 4038 2573 4108 oportebat?
2608 4038 2892 4106 Quomodo
2919 4040 3194 4097 secundus
3221 4041 3385 4096 homo
3407 4056 3479 4097 ex

1885 4131 2024 4186 coelo
2065 4130 2241 4185 dictus
2263 4129 2381 4184 est?
2416 4128 2706 4196 Quomodo
2736 4130 2862 4186 item
2894 4131 3037 4186 Deus
3070 4131 3122 4186 in
3169 4131 3333 4188 terris
3359 4147 3483 4187 ver-

1885 4233 2036 4302 satus
2093 4231 2201 4289 est,
2251 4229 2346 4277 aut
2399 4236 2523 4276 cum
2576 4219 2797 4278 homine
2843 4222 3144 4294 operatus?
3202 4223 3483 4292 Quomodo

1299 4504 1544 4562 VARUS
1579 4503 1971 4563 LECTIONES
2012 4504 2100 4562 ΕΤ
2141 4501 2376 4562 NOTAE.

257 4662 373 4734 (56)
411 4662 513 4718 Pro
549 4663 967 4729 ἀποκτείναντες
997 4665 1116 4719 cod.
1157 4662 1274 4719 Vat.
1325 4662 1456 4733 legit
1487 4662 1786 4718 ἀπεκτονό·

1895 4673 1975 4717 set
2029 4662 2352 4728 accendere,
2398 4678 2464 4717 ne
2520 4665 2763 4718 omnium
2813 4665 3148 4734 captivorum
3206 4663 3487 4719 amitteret

193 4751 310 4796 τες.
345 4735 554 4788 Possm.

260 4804 380 4875 (57)
429 4803 491 4857 Ὀ
544 4805 727 4859 σκιὰν
781 4804 1011 4872 τροπῆς
1069 4804 1155 4874 μὴ
1197 4803 1641 4873 ἐπιδεχόμενος.
1696 4805 1787 4855 Vi—

189 4877 356 4931 detur
390 4884 518 4927 ante
540 4877 726 4930 oculos
761 4877 1016 4929 habuisse
1046 4875 1236 4929 Isidor.
1281 4876 1374 4929 illa
1421 4877 1650 4942 apostoli
1695 4876 1788 4929 Ja-

186 4945 347 5016 cobi?
385 4959 426 5008 ι,
467 4945 536 5016 *17
575 4962 590 5000 :
671 4945 804 4998 Ἀπ’)
846 4945 940 4999 τοῦ
986 4945 1201 5016 Πατρὸς
1244 4945 1354 4998 τῶν
1403 4945 1618 5014 φώτων.
1652 4949 1783 5014 παρ’

184 5010 232 5141 ᾖ
293 5015 398 5068 οὐκ
451 5014 568 5068 ἐστι
615 5015 1057 5088 παραλλαγὴ,ῆ
1113 5010 1327 5088 spurci};
1399 5010 1778 5086 ἀποσκίασμα.

241 5099 361 5140 ιττ.
445 5118 455 5123 -

213 5090 361 5140 tm‘.
445 5118 455 5123 -

261 5157 376 5226 (38)
415 5153 536 5223 Τὴν
581 5157 808 5210 οἰκείαν
860 5155 1175 5212 ἐκδέδωκε.
1227 5156 1377 5211 Fort.
1441 5157 1776 5222 ἐκδεδωκώς.

192 5225 398 5282 Eadem
442 5238 494 5279 et
523 5228 752 5281 aliorum
807 5227 1063 5282 Ecclesiae
1103 5230 1387 5283 doctorum
1421 5240 1506 5282 est
1559 5239 1779 5282 senten-

192 5299 288 5359 tia,
323 5305 382 5350 ut
442 5294 642 5351 Leonis
670 5295 741 5350 Μ.
772 5311 895 5351 cum
924 5297 1046 5352 aliis
1079 5297 1233 5362 locis,
1269 5307 1378 5351 tum
1409 5313 1576 5352 serm.
1607 5299 1667 5351 il
1705 5299 1780 5352 De

189 5364 455 5438 Passion:
501 5365 758 5421 Domini:
795 5387 812 5419 ι
851 5364 923 5423 Ut
962 5368 1265 5438 humanum
1318 5382 1489 5438 genus
1543 5367 1777 5424 vinculis

189 5437 492 5493 mortifera:
541 5437 1005 5506 pnevaricationis
1059 5439 1383 5501 absolveret,
1437 5447 1490 5491 et
1535 5439 1778 5492 szevieuti

189 5507 407 5563 diabolo
438 5507 735 5576 potentiam
799 5524 909 5564 sua:
943 5507 1241 5575 maiestatis
1267 5507 1587 5573 occultavit,
1619 5520 1672 5564 et
1707 5509 1782 5563 iu-

191 5577 505 5650 lirtuitatem
541 5578 1096 5650 uostrzclmntilitatis
1125 5579 1344 5646 ohjecit.
1387 5576 1457 5650 Si
1475 5581 1620 5634 enim
1655 5596 1781 5635 cru-

188 5648 325 5704 delia
357 5655 414 5702 et
439 5650 706 5716 superbus
755 5648 1010 5704 inimicus
1055 5650 1341 5704 consilium
1392 5649 1780 5705 misericordiae

192 5717 283 5774 Dei
325 5731 492 5773 nosse
524 5720 806 5785 potuisset,
840 5717 1150 5773 Judaaorum
1198 5721 1411 5774 animos
1462 5733 1778 5776 mansuetu-

193 5792 313 5846 dine
341 5787 530 5860 potius
563 5793 885 5857 temperare,
918 5805 1079 5860 quam
1108 5788 1324 5858 injustis
1365 5790 1507 5846 odiis
1536 5792 1774 5848 studuis-

517 5880 784 5945 Panos.
827 5882 946 5946 Gn.
997 5885 1335 5947 LXXVIII.

1888 4734 2234 4796 servitutem,
2274 4738 2400 4787 dum
2436 4734 2565 4788 nihil
2603 4736 2705 4790 sibi
2746 4735 2995 4790 debeatis
3045 4736 3390 4804 persequitur
3421 4735 3487 4789 li-

1887 4805 2256 4876 bertatem.)
2299 4814 2404 4876 etc.
2460 4804 2607 4860 idem
2665 4821 2830 4860 serm.
2883 4805 2916 4859 4
2965 4804 3039 4859 De
3094 4805 3429 4876 Quadrages.
3465 4822 3485 4860 :

1891 4893 1908 4926 ι
1948 4872 2308 4928 Prudentiam
2343 4874 2546 4929 diaboli
2589 4877 2810 4931 stultam
2869 4877 2998 4930 l'vcit
3042 4872 3334 4946 sapientia'
3364 4877 3486 4941 Dei,

1883 4958 1935 4996 ut
1970 4949 2234 5011 Superbus
2267 4946 2438 5000 hostis
2472 4946 2747 5001 hominem
2780 4948 2996 5010 videns,
3037 4962 3200 5016 quem
3234 4948 3488 5016 aliquan-

1884 5017 1954 5066 do
1978 5024 2353 5088 superaverat,
2389 5033 2493 5070 non
2532 5027 2796 5073 metueret
2827 5031 2950 5088 eum
3005 5017 3277 5088 persequi,
3321 5034 3484 5088 quem

1890 5100 1987 5152 pro
2031 5086 2285 5139 omnibus
2337 5089 2626 5154 Oportebat
2693 5087 2888 5142 occidi.
2954 5106 2972 5138 ι
3041 5087 3172 5144 Vide
3232 5086 3484 5144 eumdem

1887 5171 2054 5210 scrin.
2090 5156 2113 5209 ί
2149 5168 2202 5207 et
2230 5157 2266 5210 2
2294 5156 2370 5210 De
2413 5155 2640 5211 Natioil.
2676 5157 2910 5211 Domini.
2948 5158 3114 5213 ίὶιττ.

1961 5225 2076 5300 (ᾇθ)
2118 5227 2247 5300 ὀτι
2277 5227 2397 5300 μὲν
2441 5223 2624 5297 ἦσαν.
2663 5227 2720 5282 F.
2777 5228 2878 5298 leg.
2911 5230 2996 5282 ὅτι
3037 5231 3086 5282 oi
3126 5228 3246 5300 μέν,
3278 5229 3361 5285 vel
3403 5230 3484 5284 ὅτι

1887 5296 2085 5350 ἐκείνοι
2127 5298 2246 5365 μέν.
2279 5297 2352 5351 In.

1961 5367 2074 5452 (49)
2105 5369 2440 5489 "(fama-er,
2477 5369 2816 5440 ὁμοιώματι.
2846 5369 3304 5442 Interponendum
3337 5372 3490 5428 vide-

1961 5455 1976 5489 Γ
2013 5453 2091 5489 εν.
2160 5454 2213 5489 D.

1890 5448 1976 5492 tur
2013 5439 2091 5492 ἐν.
2138 5439 2213 5491 In.

1959 5508 2072 5577 (Η)
2104 5507 2210 5562 Pro
2238 5509 2459 5564 ἅπαντα
2487 5510 2669 5566 τοίνυν
2699 5521 2847 5567 recte
2872 5512 2994 5568 cod.
3025 5511 3150 5567 Vat.
3187 5513 3400 5578 scribit,
3428 5513 3488 5567 ἓν

1886 5583 1964 5644 εἰς
1985 5579 2014 5631 ὃ
2047 5578 2227 5632 πάντα
2252 5582 2442 5634 τείνει.
2485 5582 2641 5638 Vers.
2671 5593 2790 5650 post
2818 5584 2874 5647 2,
2911 5583 3069 5648 ἀξίαν
3097 5593 3270 5638 mutat
3310 5585 3361 5636 iu
3397 5584 3490 5638 οὺ·

1887 5650 2049 5727 σ-ίανι
2073 5660 2128 5704 et
2151 5665 2298 5727 vers.
2341 5662 2593 5724 antepen.
2625 5668 2710 5725 ep.
2748 5655 2889 5710 inter
2915 5653 3108 5727 ὥσπερ
3141 5665 3196 5712 et
3219 5653 3318 5708 καὶ
3351 5654 3485 5709 inse-

1888 5722 1957 5777 rit
1970 5747 1975 5751 ~
1988 5716 2364 5777 obmol’ossm.

1958 5791 2072 5864 (ίὲ)
2100 5792 2169 5847 Τὸ
2206 5794 2373 5850 Θεόν.
2405 5792 2630 5852 Videtur
2652 5796 2706 5852 in
2735 5795 2915 5854 medio
2950 5797 3139 5853 deesse
3163 5797 3283 5869 μέν.
3310 5795 3475 5854 litrr.

3045 5886 3120 5951 40
