3988 6432
477 365 608 430 1263
1633 354 1693 413 S.
1738 348 2030 412 ISIDORI

2145 347 2500 410 JLUSIOTE
3573 342 3712 408 1266

471 496 551 536 tra
578 478 973 550 deprehensum
1014 474 1068 530 in
1104 473 1369 544 ejusmodi
1425 478 1646 542 peccato
1693 469 2028 540 projecisse',

2145 481 2272 520 πων
2305 463 2664 534 πταισμάτων
2690 461 3102 534 καθαρεύοντες,
3133 461 3230 533 τὴν
3256 462 3532 532 τιμωρίαν
3566 463 3714 517 κατά

467 572 559 628 sed
596 579 654 625 ut
717 568 796 622 illi
857 567 948 638 qui
996 581 1028 620 a
1085 564 1320 636 peccatis
1374 563 1528 618 venia
1578 561 1814 631 indignis
1865 570 2024 628 atque

2145 555 2239 610 τῶν
2278 556 2576 610 πταιόντων
2609 554 2953 625 άποφὲροιεν.
3010 553 3377 608 ’Δτοπώτατον
3449 556 3558 626 γάρ
3592 555 3683 608 ἔστ

467 658 770 716 carentibus
791 656 976 712 mundi
1032 665 1088 711 et
1126 656 1394 710 immunes
1451 659 1657 715 essent,
1703 647 2024 719 supplicium

2145 647 2232 702 ttat
2259 648 2378 702 λίαν
2399 648 2724 712 δεινότατον,
2750 647 2875 709 τοὺς
2911 645 3130 718 μείζονα
3159 644 3388 708 πολλοὺς
3416 643 3713 706 πταίοντας

465 752 572 808 illis
592 750 684 818 qui
716 756 1030 820 peccaram,
1053 747 1380 815 irrogarent.
1413 742 1507 799 Est
1534 742 1678 798 enim
1704 737 2027 795 absurdissi-

2145 741 2256 810 μὲν,
2314 741 2675 803 λανθάνοντας
2705 739 2762 793 δὲ
2787 779 2802 804 ,
2848 739 3097 810 παρορᾷν
3121 754 3134 768 ·
3177 735 3502 792 καταλιθοῖω
3530 737 3588 790 δὲ
3619 735 3713 788 τὸν

464 855 610 896 mum
641 849 691 895 et
709 839 1106 909 gravissimum,
1127 850 1222 892 eos
1250 835 1490 904 quidem,
1519 833 1610 903 qui
1643 833 1796 899 longe
1824 829 2026 898 majora

2145 831 2226 884 in).
2254 831 2496 885 ἐλάττονι
2546 832 2643 902 μὲν
2674 830 2997 892 πταίσαντα,
3022 827 3344 900 φωραθέντα
3375 828 3455 882 δέ.

465 943 708 1004 peccant,
732 932 824 988 sed
896 930 1091 986 occulti
1159 930 1348 994 latent,
1415 927 1750 998 negligenter
1813 925 2216 993 transmittere;
2287 927 2554 997 lapidibus
2615 933 2792 979 autem
2853 925 3084 978 obruere
3173 936 3298 978 eum
3347 921 3439 997 qui
3510 919 3712 976 minori

465 1026 676 1096 quidem
733 1026 787 1079 in
828 1037 886 1077 re
939 1023 1119 1092 lapsus
1169 1031 1276 1088 est,
1301 1021 1396 1077 sed
1426 1020 1792 1089 deprehensus
1847 1015 2141 1073 lndelicto.

673 1137 901 1194 CLXXI.
922 1169 991 1180 —
1008 1136 1262 1194 HERONI
1313 1134 1810 1192 SCHOLASTICO.

530 1251 645 1307 Non
672 1252 842 1306 solum
874 1267 961 1318 ea,
996 1267 1118 1321 qua:
1142 1266 1247 1306 non
1279 1259 1406 1306 sunt
1443 1251 1497 1306 in
1523 1259 1707 1305 nostra
1733 1256 2018 1318 potestate,

463 1353 524 1398 ut
555 1353 634 1407 tu,
669 1342 749 1397 vir
783 1342 1017 1411 sapiens,
1070 1340 1374 1412 arbitraris,
1399 1340 1492 1396 sed
1536 1354 1598 1395 ea
1645 1352 1855 1408 quoque
1888 1353 2025 1408 quo-

464 1449 583 1489 rum
604 1449 701 1489 nos
734 1447 916 1489 sumus
947 1431 1170 1496 domini,
1197 1431 1374 1486 sinon
1415 1443 1607 1502 magna
1662 1428 1846 1484 auxilii
1874 1429 2030 1498 copia

464 1526 620 1580 nobis
645 1539 675 1579 a
702 1523 877 1580 divina
906 1523 1240 1591 providentia
1270 1521 1543 1586 adveniat,
1579 1534 1683 1575 non
1728 1520 2028 1590 poterimus

465 1617 530 1671 ad
560 1615 856 1686 perfectum
896 1616 1055 1670 tinem
1122 1613 1434 1682 exitumque
1490 1612 1808 1682 perducere.
1832 1609 2024 1665 Aderit

465 1717 643 1762 autem
681 1707 732 1762 id
765 1717 977 1777 praesto,
1003 1706 1222 1761 omnino
1254 1705 1320 1760 iis
1353 1704 1686 1769 hominibus,
1701 1703 1791 1773 qui
1827 1705 2030 1774 absque

2406 1135 2575 1190 POA'.
2605 1163 2672 1175 —-
2712 1133 2917 1187 HPQNI
2961 1129 3414 1200 ΣΧΟΛΑΣΤΙΚῼ.

2203 1249 2276 1301 Οὐ
2309 1247 2469 1316 μόνον
2498 1249 2608 1309 τοῖς
2629 1247 2730 1300 οὐκ
2761 1244 2844 1313 ἐφ’
2879 1245 3029 1315 ἡμῖν,
3056 1236 3100 1295 ὧ
3131 1243 3280 1312 σοφὲ,
3314 1240 3388 1304 ὡς
3418 1243 3551 1310 ἡγῇ,
3578 1238 3714 1291 ἀλλά

2132 1339 2224 1392 καὶ
2251 1340 2308 1391 ὲν
2330 1339 2513 1400 αὐτοῖς
2541 1338 2628 1406 ἐφ’
2655 1337 2810 1406 ἡμῖν,
2835 1335 2882 1386 εἰ
2922 1334 2996 1404 μὴ
3022 1332 3191 1402 πολλὴ
3227 1333 3359 1403 ἡμῖν
3390 1331 3530 1402 ῥοπὴ
3561 1332 3716 1399 παρά

2131 1429 2229 1499 τῆς
2263 1426 2414 1490 θείας
2444 1425 2701 1496 προνοίας
2733 1422 3100 1490 ἐπιφοιτήσει,
3132 1423 3232 1474 οὐκ
3266 1419 3329 1474 ἂν
3351 1418 3716 1488 δυνηθείημεν

2132 1517 2272 1572 αὐτὰ
2317 1518 2396 1579 είς
2427 1515 2577 1576 τέλος
2605 1513 2789 1584 ἄρτιον
2821 1511 2930 1580 (5i)
2961 1511 3206 1580 ἀγαγεῖν.
3256 1507 3630 1578 Ἐπιφοιτήσει
3659 1507 3714 1559 δὲ

2133 1609 2382 1668 πάντως,
2414 1609 2528 1668 τοῖς
2566 1605 2746 1658 πάντα
2780 1601 2848 1655 τά
2890 1603 3018 1671 παρ’
3053 1599 3260 1653 ἑαυτῶν
3293 1601 3422 1653 ἄνευ
3456 1599 3716 1667 σκήψεως

2130 1699 2462 1769 εἰσφέρουσι,
2491 1698 2584 1749 καὶ
2617 1695 2782 1765 μηδὲν
2810 1691 3292 1763 παραλιμπάνουσι
3322 1691 3430 1745 τῶν
3452 1693 3533 1754 είς
3556 1689 3717 1742 τοῦτο

464 1760 912 1866 ιετείνοηοίίοηε
941 1760 1002 1848 ιιέ
1025 1802 1292 1864 praetextu
1319 1792 1428 1848 ullo
1482 1807 1544 1849 ea
1575 1807 1696 1862 quae
1718 1760 1909 1861 ⁸ριιιιεε
1943 1760 2030 1845 ’δε

2145 1760 2430 1862 ρερόντων.
2496 1789 2559 1841 Ἦ
2761 1760 2902 1849 τοὺς
2933 1785 3006 1856 μὴ
3067 1783 3428 1855 βουλομένους
3480 1784 3714 1853 προτρέο

463 1899 588 1945 sunt
641 1889 902 1955 inferunt,
934 1888 1179 1958 nihilque
1234 1900 1440 1951 eorum,
1472 1901 1588 1956 qua:
1621 1885 1687 1940 ad
1743 1885 1868 1940 illud
1926 1885 2028 1938 im-

2145 1898 2308 1935 muoa
2329 1923 2343 1948 ,
2373 1881 2498 1944 τους
2526 1878 2907 1950 βουλομένους,
2939 1877 3035 1931 καὶ
3061 1879 3241 1931 πάντα
3269 1875 3584 1939 ποιοῦντας,
3621 1875 3716 1927 καὶ

469 1979 786 2048 petrandum
818 1977 1120 2033 conducere
1147 1978 1415 2043 videntur,
1444 1974 2028 2046 pratermittnntﬁam

2145 1971 2716 2044 πραγματευομένους,
2743 1971 2961 2034 πάντως
2987 1973 3068 2035 είς
3089 1970 3262 2040 αὐτὴν
3287 1968 3396 2022 τῶν
3429 1967 3715 2038 κατορθω-

466 2068 676 2136 (divina
736 2066 1100 2137 providentia)
1148 2083 1266 2137 qum
1313 2081 1418 2122 non
1478 2066 1719 2122 volentes
1749 2066 1947 2122 excitat
1975 2075 2030 2121 et

2145 2064 2325 2133 μάτων
2362 2062 2567 2116 ἀνοίσει
2592 2063 2692 2132 τὴν
2723 2065 2988 2134 κορυφήν.

462 2164 709 2219 hortatur
735 2170 793 2215 ut
819 2160 1002 2227 velint,
1041 2159 1285 2231 profecto
1320 2173 1435 2225 eos,
1465 2160 1553 2229 qui
1632 2160 1840 2224 volunt,
1893 2159 2184 2229 omniaque
2245 2157 2453 2212 faciunt
2503 2168 2557 2211 et
2610 2155 2841 2210 sollicite
2894 2163 3081 2225 agunt,
3150 2154 3370 2208 omnino
3425 2153 3477 2206 in
3536 2152 3716 2223 ipsum

464 2252 728 2324 praeclare
759 2249 1025 2305 factorum
1044 2248 1307 2304 subveltet
1332 2247 1629 2319 fastigium.

625 2362 880 2421 CLXXII.
901 2362 1335 2419 -—1EM|LIANO
1382 2361 1856 2418 PRESBYTERO.

2323 2359 2488 2414 rou'.
2529 2390 2594 2400 —
2624 2356 2982 2428 ΑἰΜΙΛῑΑΝῼ
3009 2355 3492 2426 operarum.

537 2477 651 2534 Non
678 2480 868 2548 exigua
891 2492 957 2532 ex
991 2477 1348 2531 maximorum
1378 2476 2023 2546 praeclarissimorumque

2208 2470 2317 2541 (5i)
2351 2471 2424 2524 Οὐ
2468 2469 2640 2540 μικρά
2668 2469 2778 2539 (55)
2807 2471 2872 2522 ὲκ
2893 2468 3001 2521 τῶν
3040 2466 3310 2538 μεγίστων
3341 2460 3711 2534 κατορθωμά-

468 2571 681 2624 virtutis
708 2583 928 2638 operum
961 2567 1473 2623 commemoratione
1499 2575 1779 2636 promanat
1803 2566 2028 2619 utilitas.

2145 2579 2254 2616 των
2298 2562 2601 2631 διηγήσεως
2628 2560 2886 2628 ὠφέλεια.
2931 2559 3042 2621 Τὰς
3075 2556 3172 2628 μὲν
3216 2557 3325 2626 γὰρ
3358 2555 3713 2626 κοιμωμένας

468 2659 600 2713 Nam
619 2667 671 2713 et
703 2658 1033 2713 dormientes
1050 2657 1262 2712 animas
1288 2655 1356 2711 ad
1380 2656 1628 2711 virtutem
1649 2662 2029 2726 capessendam

2145 2653 2314 2724 ψυχὰς
2333 2652 2589 2722 διεγείρει
2623 2652 2758 2718 πρὸς
2796 2651 2998 2722 ἀρετήν
3018 2666 3032 2680 ·
3079 2649 3180 2711 τὰς
3205 2647 3262 2701 δὲ
3287 2646 3502 2718 νωθράς
3523 2645 3715 2710 diota-

470 2748 789 2812 exsuscitat,
830 2756 886 2801 et
946 2746 1170 2815 ignavas
1231 2759 1295 2800 ac
1347 2747 1604 2800 socordes
1688 2747 2032 2799 excitatiores

2145 2764 2241 2817 ρας
2301 2741 2756 2810 παρασκευάζει·
2809 2743 2912 2805 τὰς
2962 2741 3018 2794 δὲ
3071 2738 3271 2792 κακίαν
3325 2736 3716 2808 ἀσπαζομένας

473 2835 658 2898 cilicii,
709 2847 760 2889 et
789 2834 935 2888 vitiis
970 2834 1306 2902 indulgentes
1334 2835 1658 2889 erubescere
1680 2835 1856 2898 docet,
1875 2845 2033 2901 atque

2145 2837 2403 2909 ἑρυθριᾷν
2446 2834 2717 2900 διδάσκει,
2759 2833 2852 2887 καὶ
2887 2834 2964 2896 είς
3006 2829 3291 2900 μετάνοιαν
3339 2828 3546 2900 ὁδηγεῖ.
3600 2829 3714 2880 Καὶ

469 2929 536 2982 ad
569 2926 936 2995 paenitentiam
967 2925 1226 2993 agendam
1259 2923 1499 2980 adducit.
1523 2925 1688 2993 ldque
1741 2924 2033 2978 ostendens

2149 2929 2310 2982 τοῦτο
2360 2929 2388 2980 ὁ
2420 2926 2580 2994 σοφὸς
2628 2924 2840 2987 δεικνὺς
2871 2919 3280 2991 Παροιμιαστὴς
3311 2919 3434 2990 ἔφη·
3475 2937 3495 2970 s
3528 2919 3718 2990 Κηρία

469 3017 689 3084 sapiens
721 3015 808 3070 ille
868 3013 1285 3068 Proverbiorum
1351 3015 1584 3084 scriptor
1633 3013 1812 3069 dixit:
1847 3033 1865 3066 ι
1902 3013 2029 3068 Favi

2145 3017 2350 3087 μέλιτος
2386 3015 2535 3084 λόγοι
2585 3013 2758 3069 καλοί.
2802 3036 2820 3064 ι
2856 3013 3070 3072 Καλοὺς
3108 3010 3272 3078 λέγει,
3307 3011 3434 3072 τοὺς
3455 3010 3585 3081 περὶ
3620 3009 3713 3063 εὖ·

471 3106 647 3161 mellis
674 3114 801 3161 sunt
850 3118 1128 3159 sermones
1180 3105 1462 3161 honesti’.
1496 3123 1514 3157 s
1551 3103 1818 3162 llonestos
1877 3114 2031 3159 vocat

2145 3107 2349 3170 rs6siac
2391 3109 2486 3161 καὶ
2527 3108 2728 3179 ἀρετῆς
2763 3105 3116 3174 κινουμένους
3137 3143 3152 3166 ,
3184 3103 3242 3156 οὐ
3274 3103 3401 3166 τοὺς
3434 3103 3715 3174 έπικτήτῳ

471 3211 583 3259 eos,
607 3197 694 3263 qui
725 3195 789 3250 de
816 3194 1016 3264 pietate
1042 3208 1105 3248 ac
1139 3195 1336 3249 virtute
1395 3195 1700 3260 habentur;
1733 3209 1838 3250 non
1885 3195 2028 3256 illos.

476 3284 566 3356 qui
613 3284 846 3338 ascititia
878 3284 1104 3353 quadam
1136 3294 1416 3339 venustate
1431 3300 1489 3340 se
1515 3286 1810 3351 venditant,
1837 3287 1928 3341 sed
1942 3287 2034 3355 qui

471 3390 534 3428 ex
566 3387 625 3427 se
645 3373 773 3442 ipsis
803 3373 958 3440 quasi
982 3374 1138 3428 domo
1172 3372 1401 3428 atterunt
1429 3373 1676 3429 veritatis
1728 3373 2034 3442 pulchritu-

471 3465 650 3517 dinem
684 3480 697 3516 :
730 3477 834 3517 non
881 3465 972 3532 qui
1031 3470 1287 3532 tanquam
1332 3464 1385 3516 in
1432 3477 1595 3518 curru
1670 3463 1884 3531 poetico
1937 3471 2031 3517 aut

471 3553 707 3610 oratorio
731 3554 1023 3618 vehuntur,
1060 3551 1156 3608 sed
1205 3553 1328 3623 quia
1377 3555 1612 3607 nativam
1668 3564 1828 3622 atque
1857 3569 1885 3607 a
1918 3555 2027 3608 Deo

476 3645 652 3698 datam
692 3644 994 3712 pedestrem
1045 3643 1290 3698 semitam
1340 3653 1538 3698 terunt.
1581 3642 1742 3713 512
1791 3645 1855 3698 Et
1905 3644 2034 3714 quid

480 3737 690 3791 tandem
744 3736 869 3790 hinc
928 3735 1066 3792 redit
1120 3735 1410 3791 utilitatis?
1441 3735 1572 3789 doce
1625 3749 1973 3804 nos,quaaso,
2004 3751 2035 3790 o

479 3827 726 3897 Sapiens.
771 3845 790 3879 ι
822 3827 1052 3882 Dulcedo
1083 3837 1260 3882 autem
1288 3841 1473 3881 eorum
1509 3827 1755 3899 (inquit)
1779 3838 2036 3882 estsana-

481 3919 554 3971 tio
584 3917 777 3971 animae
813 3918 876 3970 '°.
917 3935 935 3967 ι
972 3915 1234 3982 Quoniam
1285 3917 1445 3985 igitur
1477 3927 1688 3972 constat
1741 3920 2036 3987 priscorum

482 4008 756 4062 hominum
784 4008 1040 4076 praeclara
1073 4009 1332 4073 facinora,
1369 4010 1414 4063 si
1446 4010 1651 4064 crebris
1701 4020 2038 4080 usurpentur

479 4098 840 4162 sermonibus,
863 4113 963 4152 non
999 4099 1244 4169 exiguam
1286 4114 1478 4166 parere
1535 4101 1820 4154 utilitatem
1855 4102 2038 4167 ;assi-

2134 3202 2462 3270 κομμωτικῇ
2494 3197 2964 3268 σεμνυνομένους,
2999 3195 3137 3248 ἀλλά
3183 3195 3308 3256 τοὺς
3358 3193 3573 3247 οἴκοθεν
3611 3195 3712 3246 έπ-

2135 3289 2439 3361 αγομένους
2470 3290 2570 3359 τῆς
2601 3287 2859 3358 ἀληθείας
2896 3287 2957 3340 τὸ
2997 3285 3191 3350 κάλλος
3210 3302 3222 3314 ·
3259 3285 3321 3338 οὐ
3347 3276 3474 3346 τοὺς
3499 3282 3584 3353 ἐφ’
3610 3285 3714 3354 ἆρ-

2140 3398 2309 3451 ματος
2341 3379 2627 3449 ποιητικοῦ
2656 3380 2689 3450 ἢ
2724 3376 3015 3450 ῥητορικοῦ
3041 3375 3388 3446 ὀχουμένους,
3423 3373 3559 3427 ἀλλὰ
3585 3374 3714 3438 τοὺς

2135 3474 2237 3542 τὴν
2258 3473 2505 3544 ἔμφυτον
2547 3473 2641 3525 καὶ
2687 3470 3017 3543 θεοδώρητον
3050 3469 3222 3540 πεζὴν
3253 3467 3477 3537 πορείαν
3527 3485 3713 3522 ποιουο

2143 3563 2336 3634 μένους
2357 3581 2370 3594 ·
2401 3564 2494 3618 καὶ
2522 3564 2576 3616 τί
2602 3564 2664 3617 τὸ
2695 3562 2944 3616 ἐντεῦθεν
2971 3561 3198 3630 owing;
3227 3559 3462 3623 Δίδαξον,
3485 3553 3532 3614 ὦ
3557 3559 3711 3628 σοφέ.

2146 3671 2166 3705 s
2212 3654 2510 3723 Γλὺκασμα
2543 3653 2598 3705 δὲ
2632 3651 2813 3706 αὐτῶν
2859 3650 3225 3721 ἴασιςψυχῆς.
3271 3668 3290 3700 ι
3340 3649 3505 3703 Ἐπεὶ
3531 3649 3714 3703 τοίνυν

2141 3745 2200 3798 οὐ
2236 3744 2436 3815 μικρὰν
2464 3743 2644 3796 ὠδίνει
2673 3742 2771 3813 τὴν
2801 3742 3071 3810 ὠφέλειαν
3103 3741 3171 3794 τὰ
3204 3740 3314 3793 τῶν
3345 3739 3595 3793 παλαιῶν
3618 3741 3714 3792 ἀνα

2143 3833 2541 3904 δραγαθήματα
2570 3873 2583 3896 ,
2620 3832 2862 3903 συνεχῶς
2908 3832 3007 3895 τάς
3066 3831 3271 3884 τούτων
3307 3830 3590 3900 ἀριστείας
3656 3833 3714 3881 ὲν

2146 3922 2422 3990 συλλόγοις
2457 3921 2551 3973 καὶ
2589 3920 2860 3989 διαλόγοις
2908 3921 2966 3971 έν
3002 3920 3151 3989 μέσῳ
3197 3919 3474 3988 φέρωμεν.
3536 3919 3713 3972 Πολλὰ

2143 4013 2250 4083 γὰρ
2287 4013 2496 4083 ψυχικὰ
2537 4015 2817 4084 νοσήματα
2842 4055 2856 4077 ,
2890 4012 2988 4065 καὶ
3026 4012 3386 4076 λανθάνοντα,
3411 4013 3505 4066 καὶ
3537 4012 3672 4082 δῆλα
3695 4051 3710 4073 ,

2145 4104 2444 4175 θεραπείας
2475 4105 2790 4175 προσφόρου
2825 4103 3090 4169 τεύξεται.

478 4190 581 4242 due
612 4191 846 4258 ipsorum
881 4191 1097 4260 egregia
1150 4189 1289 4245 facta
1322 4193 1374 4248 in
1407 4193 1639 4247 coetibus
1666 4201 1720 4246 et
1750 4194 2035 4262 colloquiis
2075 4196 2125 4249 in
2157 4196 2392 4251 medium
2442 4195 2799 4262 proferamus.
2871 4193 3019 4247 Multi
3075 4191 3217 4247 enim
3255 4191 3429 4246 morbi
3499 4192 3712 4247 animo-

480 4302 618 4350 tntn,
670 4295 774 4339 tam
837 4285 1064 4340 latentes
1125 4303 1283 4355 quam
1339 4286 1630 4350 manifesti,
1693 4287 1818 4343 hinc
1867 4286 2190 4342 medicinam
2217 4288 2521 4357 appositam
2553 4295 2606 4341 et
2639 4284 3046 4341 convenientem
3075 4298 3496 4356 consequentur.

773 4395 1374 4452 CLXXlll.—IIELIIE
1426 4397 1742 4454 DMCUNO.

535 4483 598 4538 In
628 4484 778 4549 illud,
811 4504 829 4537 ι
869 4486 1115 4556 Disponet
1144 4504 1404 4542 sermones
1431 4505 1551 4542 suos
1577 4489 1626 4541 in
1653 4489 1855 4556 judicio
1876 4489 1938 4542 ¹¹.
1962 4503 1991 4540 ἰ

557 4638 968 4707 Sapientissitne
997 4641 1096 4702 vir,
1121 4640 1209 4709 qui
1246 4640 1307 4693 ad
1357 4642 1585 4710 gratiam
1613 4642 1852 4707 laudant,
1886 4653 1938 4697 et
1974 4646 2038 4695 ad

485 4731 663 4785 odium
698 4732 1007 4799 vituperant
1050 4732 1206 4794 alios,
1235 4747 1339 4787 non
1371 4740 1498 4788 sunt
1529 4735 1582 4788 in
1609 4734 1888 4789 hominum
1942 4751 2038 4790 nu-

2527 4397 2691 4453 POI".
2723 4427 2795 4438 -
2823 4397 2989 4469 ΗΜᾼ
3019 4396 3333 4468 summa.

2189 4484 2288 4550 Εἰς
2312 4485 2401 4552 τὸ,
2457 4502 2476 4537 ι
2517 4484 2909 4608 Οίκονομήσεῖ
2961 4484 3103 4550 τοὺς
3134 4485 3354 4554 λόγους
3391 4483 3578 4537 αὐτοῦ
3618 4486 3688 4539 ἐν

2803 4572 2874 4608 κο
2902 4571 3014 4608 σει.
3033 4580 3052 4608 s

2803 4571 3014 4624 κρίσει.
3033 4580 3052 4613 s

2214 4646 2289 4697 Οὐ
2313 4645 2415 4716 χρὴ
2438 4688 2452 4710 ,
2480 4639 2525 4700 ὧ
2578 4647 2876 4716 σοφώτατε,
2908 4636 3200 4716 τοὺξπρδς
3232 4645 3391 4716 χάριν
3418 4645 3709 4699 ἐπαινοῖν-

2149 4753 2278 4801 τας,
2315 4739 2409 4789 και¹
2444 4739 2578 4810 πρὸς
2616 4738 2912 4807 ἀπέχθειαν
2948 4737 3236 4806 ψέγοντας,
3271 4737 3350 4799 εἰς
3395 4736 3715 4808 ἀνθρώπους

487 4834 637 4875 mero
665 4820 896 4874 habendi
929 4837 944 4874 :
975 4821 1071 4875 sed
1099 4821 1196 4886 illi,
1226 4823 1316 4890 qui
1334 4833 1482 4878 certo
1507 4823 1710 4892 judicio
1749 4833 1802 4878 et
1859 4835 2033 4879 amant

2147 4827 2400 4898 ἀριθμεῖν
2424 4842 2438 4856 ·
2491 4827 2604 4880 ἀλλ’
2637 4828 2877 4890 ἐκείνους
2917 4827 3043 4889 τοὺς
3080 4827 3258 4897 κρίσει
3299 4828 3391 4879 καὶ
3429 4826 3716 4895 φιλοῦντας

487 4924 541 4967 ct
567 4913 982 4982 reprehendunt.
1012 4913 1141 4979 Qua:
1177 4928 1340 4968 causa
1375 4929 1588 4986 quoque
1628 4926 1731 4982 est,
1757 4931 1854 4970 cur
1897 4915 2046 4971 Psal-

2151 4921 2244 4972 καὶ
2271 4919 2615 4988 ἐλέγχοντας.
2659 4920 2750 4972 Διὸ
2781 4919 2872 4972 καὶ
2898 4920 2926 4972 ὁ
2950 4915 3200 4989 Μελῳδὺς
3223 4918 3314 4972 τὸν
3345 4919 3556 4972 δίκαιον
3585 4920 3716 4972 ἀνα-

489 5018 695 5073 tnorum
757 5005 987 5072 scriptor
1046 5005 1220 5058 virum
1276 5006 1483 5074 justum
1545 5007 1865 5075 praedicans,
1905 5009 2033 5062 inter

2151 5008 2440 5080 κηρὺττων
2465 5049 2478 5071 ,
2533 5009 2671 5080 μετά
2715 5009 2824 5061 τῶν
2863 5009 3038 5062 ἄλλων
3080 5009 3573 5079 πλεονεκτημάτων
3623 5011 3718 5063 καὶ

491 5091 592 5146 alia
617 5093 811 5162 quibus
830 5094 1064 5160 excellit,
1091 5096 1252 5151 etiam
1309 5097 1410 5153 boc
1449 5098 1700 5168 apposuit
1740 5098 1896 5170 eique
1952 5101 2047 5154 tri-

558 5254 580 5286 ’
603 5253 766 5310 Prov.
794 5269 904 5319 xw,
935 5253 1022 5308 ‘24.
1099 5254 1142 5286 ”
1167 5253 1295 5308 ibid.
1374 5254 1414 5285 “
1447 5251 1586 5306 Psal.
1614 5268 1723 5318 CXI,
1749 5254 1802 5308 5.

2149 5101 2306 5152 τοῦτο
2340 5100 2709 5170 προσέθηκεν·
2747 5119 2763 5151 ι
2794 5101 3148 5171 Οἰκονομήσει
3179 5102 3305 5164 τοὺς
3333 5100 3525 5168 λόγους
3550 5099 3719 5156 αὕεοῦ

1579 5405 1811 5459 VARUS
1853 5405 2228 5462 LECTIONiiS
2264 5409 2348 5462 ET
2382 5406 2608 5462 ΝΟΤᾹΣ.

557 5566 665 5632 (Si)
699 5565 915 5634 ’Λρτιον
945 5578 1115 5621 mutat
1141 5567 1189 5620 in
1219 5567 1390 5620 αἴσιον
1417 5563 1533 5619 cod.
1575 5563 1817 5617 Vat.650.
1846 5562 2050 5618 Possm.

562 5635 671 5703 (οἳ)
704 5633 897 5691 Confer
931 5637 1228 5705 guomicam
1257 5635 1579 5708 epigraphen
1611 5649 1696 5704 ep.
1731 5634 1829 5689 167
1857 5639 1948 5688 Iun.
1987 5649 2050 5686 li.

492 5704 651 5759 Birt.

2232 5563 2343 5639 (55)
2369 5563 2497 5639 Post
2525 5562 2584 5639 ob
2618 5564 2788 5634 μικρά
2821 5565 2899 5620 sic
2928 5565 3118 5639 sc_ribit
3147 5566 3326 5639 codex
3381 5563 3502 5619 Vat.
3534 5563 3661 5639 {350,
3691 5568 3725 5639 ἡ

2158 5634 2221 5686 ἐκ
2268 5637 2367 5703 τῆς
2419 5633 2740 5702 διηγήσεως,
2778 5645 2830 5691 et
2874 5650 2924 5690 v.
2974 5637 3009 5691 2
3052 5637 3254 5691 omittit
3297 5651 3480 5692 vocem
3531 5633 3725 5707 διηγῄλ

2160 5719 2311 5767 οεως.
2349 5702 2551 5760 Possm.
3314 5707 3318 5724 '
