3988 6428
1966 119 1988 158 χ

464 287 594 354 1267
1658 278 1717 339 S.
1758 273 2028 338 ISIDOK

2147 268 2528 333 ELUSIOTE
3569 247 3710 322 1268

465 399 645 465 potius
687 397 971 452 utilitatem
1012 407 1307 466 persequor
1363 399 1510 449 retro
1557 391 1740 448 sitam.
1772 389 1830 446 Si
1859 386 2022 457 igitur

2147 384 2185 437 rb
2227 383 2506 456 συμφέρον
2536 382 2629 434 καὶ
2661 381 2693 448 ή
2728 377 2852 448 νίκη
2900 377 3100 439 κεῐται,
3139 373 3212 443 μὴ
3247 371 3413 443 ὁμόσε
3462 372 3575 433 τοῖς
3603 367 3706 425 sti-

461 461 621 543 etiam
650 489 747 543 hac
775 488 828 542 in
858 489 962 542 vita
1041 461 1357 556 interdum),
1389 485 1441 540 in
1477 498 1542 544 eo
1563 483 1691 540 dum
1721 479 1842 552 quis
1862 491 2021 547 supe-

2147 489 2355 526 ττουσιν
2395 472 2428 540 ἢ
2479 468 2726 526 ἀδικοῦσι
2763 465 3051 537 χωρῶμεν,
3109 465 3244 519 ἀλλὰ
3286 461 3707 535 παραχωρῶιεεν

458 588 608 632 ratur
655 585 708 633 et
739 579 900 646 cedit,
931 555 1134 634 utilitas
1167 587 1221 633 et
1241 555 1468 633 victoria
1517 573 1808 632 consistit:
1837 585 1904 624 ne
1927 583 2022 639 pa-

2147 565 2330 626 ιὺτοτς.
2356 557 2526 626 Οὗτος
2544 560 2654 630 γὰρ
2683 558 2777 612 ml.
2806 557 2916 610 τῶν
2945 558 3216 626 οὐρανίων
3249 555 3428 609 ἄθλων
3457 558 3486 608 ὁ
3519 555 3703 624 νόμος.

460 665 607 720 ribus
638 643 1252 737 passibusprocedamus
1281 680 1400 720 cum
1429 665 1495 721 iis
1535 663 1627 734 qui
1667 676 1766 717 nos
1816 653 2125 728 percutiunt
2158 661 2251 707 aut
2316 649 2511 721 injuria
2577 646 2852 740 alliciunt'
2922 647 3015 700 sed
3073 647 3252 715 potius
3277 645 3410 714 ipsis
3441 643 3707 698 coitceda~

459 774 600 813 mus.
637 756 758 814 llaec
787 759 927 814 enim
970 758 1132 812 etiam
1163 757 1464 813 caelestium
1501 753 1858 812 certaminum
1912 747 1998 801 le‘x
2038 752 2124 800 est
2158 750 2214 799 et
2249 743 2409 798 ratio.
2505 805 2508 809 _

877 871 1152 929 CLXXVI.
1183 903 1249 914 —
1275 869 1593 928 EULOGIO.

529 985 644 1040 Non
666 985 948 1041 historiam
980 984 1296 1056 simpliciter
1324 985 1530 1040 animos
1550 982 1847 1054 legentium
1873 981 2022 1039 oble-

2586 857 2770 925 Pocr'.
2808 887 2867 898 -
2914 847 3229 928 ΕΥΛΟῙἾῼ.

2192 972 2304 1046 (60)
2336 976 2446 1046 Οὐχ
2470 973 2707 1046 ιστορίαν
2747 973 2933 1036 ἁπλῶς
2964 971 3364 1042 ψυχαγωγῆσαι
3394 968 3708 1038 δυναμένην

458 1085 605 1130 ctare
627 1073 896 1131 valentem
918 1074 1174 1144 propheta
1199 1073 1406 1139 Moyses
1424 1072 1741 1143 descripsit:
1772 1073 1866 1128 sed
1888 1087 2023 1142 quo-

2147 1069 2156 1119 i
2184 1067 2509 1138 ἱεροφάντης
2536 1065 2742 1137 ἔγραψε
2778 1065 3012 1134 Μωσῆς·
3035 1064 3149 1118 ἀλλ’
3173 1063 3362 1133 ἐπειδὴ
3397 1061 3708 1131 νομοθετεῖν

459 1168 602 1220 uiam
635 1165 806 1236 legem
837 1163 979 1221 ferre
1009 1163 1238 1231 volebat,
1263 1165 1512 1233 opilicem
1543 1172 1598 1220 et
1623 1163 1860 1233 iudicem
1899 1163 2021 1218 uni-

2147 1159 2341 1230 ζμελλε,
2383 1159 2476 1213 τὸν
2508 1157 2843 1230 δημιουργὸν
2871 1158 2965 1210 καὶ
2997 1155 3190 1228 κριτὴν
3222 1153 3317 1208 τοῦ
3339 1155 3544 1218 παντὸς
3578 1171 3710 1225 προ-

459 1255 730 1315 νετείισιὶε
781 1269 960 1310 rerum
1019 1254 1301 1324 praeponit,
1365 1269 1574 1310 necnon
1628 1254 1786 1326 hujus
1840 1252 2022 1310 mundi

2147 1252 2337 1316 τάττει,
2368 1251 2462 1304 καὶ
2503 1249 2604 1321 τὴν
2647 1248 2743 1302 τοῦ
2799 1248 3006 1318 κόσμου
3048 1246 3432 1318 δημιουργίαν,
3485 1246 3573 1298 ἵνα
3632 1245 3708 1315 μὴ

458 1345 806 1410 creationem,
877 1361 945 1400 ne
1005 1344 1293 1418 (homines)
1344 1345 1547 1403 cultum
1618 1345 1729 1401 Deo
1783 1343 2021 1399 debitum

2147 1344 2240 1406 τοῖς
2271 1341 2462 1414 μέρεσι
2509 1341 2604 1395 τοῦ
2635 1342 2844 1411 κόσμου
2875 1339 2936 1394 τδ
2975 1339 3139 1403 σέϐας
3184 1337 3514 1408 ἀπονέμοιεν
3558 1336 3704 1406 (61)·

459 1436 703 1504 partibus
741 1436 922 1492 mundi
977 1437 1313 1493 tribuerent:
1356 1437 1550 1494 deinde
1587 1446 1936 1506 posteaquam
1969 1442 2024 1492 et

2147 1430 2249 1492 Ita
2274 1434 2386 1489 τῶν
2413 1434 2573 1488 ὁσίων
2601 1433 2670 1487 τὰ
2719 1433 2859 1502 γέρα
2878 1472 2893 1498 ,
2940 1432 3035 1485 καὶ
3073 1429 3184 1484 τῶν
3229 1426 3576 1499 ἁμαρτωλῶν
3607 1429 3708 1490 τὰς

459 1527 667 1593 piorum
704 1525 922 1596 prtemia
970 1537 1024 1584 et
1053 1536 1395 1596 peccatorum
1443 1527 1704 1600 supplicia
1756 1526 2020 1597 adiunxit,

2147 1525 2377 1591 ιολάσεις
2407 1524 2683 1597 προσθεὶς,
2711 1522 2884 1588 οὕτως
2910 1522 3002 1577 ἐπὶ
3047 1521 3108 1576 τὸ
3151 1520 3464 1591 νομοθετεῖν
3509 1518 3706 1589 ὦρμη‹

457 1615 534 1667 ita
579 1615 644 1670 ad
678 1615 1067 1687 legislationem
1105 1617 1392 1690 processit,
1423 1626 1480 1673 ut
1509 1618 1705 1672 tuturis
1750 1618 1908 1673 iidem
1955 1619 2023 1673 ab

2147 1637 2239 1685 rev,
2276 1620 2364 1673 ἴνα
2393 1619 2502 1673 ἀπὸ
2527 1616 2638 1671 τῶν
2681 1615 3064 1686 γεγενημένων
3097 1615 3189 1671 καὶ
3220 1613 3290 1666 τὰ
3322 1612 3585 1681 μέλλοντα
3613 1629 3707 1666 πιε-

459 1706 529 1760 iis
565 1720 684 1775 quae
720 1707 833 1776 jam
872 1707 1009 1762 facta
1049 1721 1206 1764 erant
1239 1718 1514 1777 astruens,
1548 1709 1792 1767 subditos
1818 1711 1884 1766 ad
1914 1711 2024 1784 pie-

2147 1711 2497 1782 ιτωσάμενος,
2539 1710 2619 1773 είς
2692 1707 2977 1761 εὐσέϐειαν
3025 1705 3122 1759 καὶ
3176 1703 3531 1775 δικαιοσύνην
3582 1704 3709 1771 τοὺς

461 1805 627 1851 tatem
653 1805 705 1852 et
728 1795 994 1868 justitiam
1029 1801 1418 1859 exhortaretur
1446 1810 1606 1870 atque
1636 1805 1917 1859 excitaret.

846 1911 1144 1971 CLXXVII.
1169 1943 1240 1958 --
1267 1912 1631 1974 PIIILITBIO.

531 2024 602 2080 lu
623 2023 778 2090 illud,
815 2043 836 2079 ι
874 2024 1155 2095 Oportebat
1190 2036 1239 2081 te
1257 2029 1382 2082 dare
1409 2025 1766 2098 argentum“,
1795 2047 1815 2079 ι
1847 2036 1930 2087 etc

529 2138 680 2194 Adeo
700 2137 888 2208 procul
920 2151 952 2192 ι
984 2138 1186 2208 probro
1215 2147 1480 2195 remotum
1525 2149 1628 2206 est,
1674 2155 1796 2196 cum
1826 2141 2026 2211 Optima

461 2229 582 2298 quis
625 2239 682 2284 et
709 2230 881 2298 egerit
905 2239 960 2284 et
1004 2228 1226 2297 dixerit,
1257 2238 1436 2285 tamen
1469 2245 1575 2287 non
1613 2231 1856 2299 potuisse
1905 2247 2027 2301 per-

462 2323 710 2390 suadere,
742 2331 799 2375 ut
835 2321 948 2390 ipse
976 2319 1148 2377 Iudex
1180 2320 1448 2378 calculum
1497 2322 1679 2377 tulerit
1729 2338 1792 2377 ac
1828 2322 2027 2379 dixerit

463 2406 537 2460 illi
565 2408 655 2477 qui
689 2409 823 2465 nihil
858 2409 927 2466 ad
968 2409 1199 2466 salutem
1244 2411 1611 2481 proximorum
1668 2414 1975 2468 contulerat
2011 2429 2024 2467 :

465 2518 484 2548 ο
517 2496 765 2567 Oportuit
799 2507 852 2554 te
883 2500 1013 2570 dare
1053 2509 1332 2570 argentum
1366 2515 1548 2555 meum
1578 2501 1943 2565 meusulariis,
1975 2511 2029 2555 et

462 2604 565 2658 ego
588 2604 710 2644 cum
761 2592 1050 2659 venissem,
1083 2591 1136 2647 Id
1180 2594 1553 2661 repetiissem;
1609 2613 1628 2645 ι
1669 2593 1771 2648 hoc
1820 2603 1903 2650 est
1944 2594 2025 2647 di-

462 2694 607 2745 cere,
651 2679 899 2748 Oportttit
945 2682 1260 2736 contestari.
1297 2683 1544 2749 Oportuit
1593 2683 1756 2735 vitam
1789 2680 2031 2750 inculpa-

461 2781 572 2824 tam
606 2771 907 2826 ostendere.
936 2770 1072 2826 Nam
1103 2787 1237 2840 opus
1276 2783 1482 2828 rectum
1511 2787 1574 2827 ac
1610 2770 1911 2840 perfectum
1964 2771 2031 2824 ad

461 2862 623 2915 ﬁnem
657 2863 974 2930 perducere,
1027 2878 1131 2918 non
1167 2873 1250 2917 est
1292 2863 1408 2933 ejus
1464 2863 1554 2932 qui
1595 2863 1746 2928 dicit,
1779 2862 1875 2917 sed
1914 2862 2031 2931 ejus

457 2953 708 3010 videlicet
738 2954 828 3025 qui
864 2954 1052 3021 audit,
1084 2964 1142 3009 ut
1188 2955 1527 3024 incorruptus
1561 2953 1767 3010 Iudicis
1793 2955 2030 3010 calculus

459 3043 781 3099 declaravit.

462 3152 628 3224 515
656 3153 973 3213 CLXXVIII.
1008 3188 1077 3198 —
1115 3158 1484 3214 DOROTIIEO
1531 3159 2024 3216 SCHOLASTICO.

458 3266 528 3320 lu
555 3268 911 3324 Abrahamimt
942 3274 1253 3342 encomium,
1290 3275 1352 3327 de
1393 3274 1710 3328 mactatiouc
1745 3273 1916 3330 lsaaci
1961 3274 2023 3327 “.

534 3442 742 3498 Nullum
796 3444 895 3501 hoc
939 3448 1081 3517 quod
1130 3449 1250 3504 dico
1292 3448 1566 3515 illustrius,
1590 3462 1653 3503 ac
1687 3462 1753 3502 ne
1811 3447 2025 3517 quidem

461 3531 587 3585 huic
633 3533 807 3588 simile
859 3536 1105 3604 proferre
1149 3545 1301 3607 potes
1359 3551 1639 3607 tropaeum,
1673 3538 1816 3607 quod
1841 3537 2030 3592 statuit

462 3622 772 3691 patriarcha
803 3625 1162 3682 Abrahamus.
1197 3626 1310 3684 Non
1334 3629 1477 3684 enim
1523 3629 1576 3682 id
1624 3639 1818 3684 contra
1844 3639 2029 3699 tyran-

2128 1803 2400 1872 ὑπηκόους
2431 1799 2812 1874 προτρέψειεν.

2604 1912 2769 1967 POZ'.
2801 1940 2873 1951 -
2907 1908 3228 1979 omnem.

2250 2032 2356 2098 Εἰς
2379 2031 2478 2085 τό·
2517 2046 2536 2082 ι
2577 2027 2736 2081 Ἔδει
2756 2039 2832 2081 σε
2859 2022 3077 2090 βαλεῖν
3098 2021 3165 2077 τὸ
3189 2020 3497 2091 ἀργύριον.
3541 2039 3561 2072 ι

2199 2139 2356 2195 Οὕτω
2378 2139 2569 2215 esset»
2591 2136 2933 2206 καθέστηκεν
2961 2133 3245 2204 αἰσχύνης,
3275 2130 3338 2184 τὸ
3363 2128 3434 2182 τὰ
3452 2127 3706 2200 βέλτιστα

2129 2232 2437 2305 πράττοντά
2466 2249 2523 2285 τε
2561 2230 2654 2284 καὶ
2696 2226 2976 2298 φράζοντα
3025 2224 3099 2295 μὴ
3143 2221 3437 2292 δυνηθῆναι
3482 2223 3709 2284 πεῖσαι,

2129 2326 2203 2388 ὼς
2229 2325 2388 2383 αὑτὸν
2423 2323 2513 2376 τὸν
2539 2321 2731 2392 κριτὴν
2772 2316 3112 2389 ψηφίσασθαι
3144 2314 3236 2369 καὶ
3255 2315 3451 2378 εἰπεῖν,
3480 2311 3561 2382 τῷ
3598 2329 3706 2382 μη-

2129 2417 2216 2470 δὲν
2239 2418 2318 2480 είς
2340 2414 2439 2485 τὴν
2461 2415 2569 2471 τῶν
2593 2413 2760 2476 πέλας
2788 2410 3059 2481 σωτηρίαν
3087 2406 3450 2478 είσενηνοχότι
3471 2421 3486 2434 ⁸
3511 2423 3530 2456 ε
3558 2403 3707 2458 Ἔδει

2132 2523 2192 2560 σε
2225 2504 2555 2560 καταϐαλεῖν
2583 2503 2643 2556 τὸ
2663 2501 2928 2573 ἀργύριόν
2958 2517 3059 2571 μου
3092 2501 3185 2552 ἐπὶ
3204 2500 3330 2561 τοὺς
3348 2495 3704 2568 τραπεζίτας,

2131 2596 2288 2663 κάγὼ
2320 2594 2488 2648 ἐλθὼν
2520 2592 2778 2664 ἀπῄτησα
2808 2590 2874 2646 ἂν
2903 2591 3035 2646 αὐτό
3055 2606 3069 2622 ο
3103 2609 3121 2642 ›
3145 2588 3291 2643 τοῦτ’
3319 2587 3463 2641 ἐστιν
3494 2590 3704 2640 εἰπεῖν’

2143 2687 2339 2756 Ἐχρῆν
2368 2682 2841 2756 διαμαρτύρασθαι
2865 2701 2879 2716 ·
2909 2681 3014 2735 ἔδει
3061 2681 3174 2752 βίον
3217 2679 3460 2752 ἄληπτον
3498 2679 3706 2732 ἐπιδει-

2133 2777 2418 2847 κνύμενον.
2455 2775 2528 2828 Τὸ
2560 2775 2665 2846 γὰρ
2698 2775 2777 2838 είς
2808 2773 2962 2834 τέλος
2993 2772 3220 2839 ἀγαγεῖν
3263 2770 3322 2822 τὸ
3348 2767 3706 2839 κατόρθωμα,

2131 2872 2192 2924 οὺ
2225 2869 2316 2923 τοῦ
2346 2869 2617 2936 λέγοντος,
2642 2866 2779 2922 ἀλλά
2805 2865 2897 2918 τοῦ
2923 2863 3212 2925 ἀκούοντος
3243 2861 3404 2930 δῆλον
3449 2862 3532 2914 ὅτι
3575 2860 3712 2914 καο-

2132 2963 2362 3034 ἕστηκεν
2387 2960 2497 3031 (62)
2519 2977 2531 2990 ·
2556 2960 2632 3023 ὡς
2662 2962 2695 3030 ὴ
2726 2957 3024 3020 ἀδέκαστος
3048 2955 3227 3026 ψῆφος
3257 2952 3352 3008 τοῦ
3384 2953 3586 3026 Χριτοῦ
3621 2953 3710 3006 δες

2053 3042 2096 3101 c
2127 3055 2370 3125 δήλωκεν
2403 3052 2538 3121 (65).

2284 3167 2457 3219 POH'.
2487 3195 2555 3207 -
2585 3162 2891 3232 auruum
2928 3160 3038 3233 (64)
3077 3159 3537 3230 ΣΧΟΛΑΣΤΙΚῼ.

2130 3280 2235 3344 Εις
2283 3275 2390 3330 τὸν
2431 3273 2684 3346 Ἀϐραὰμ
2729 3272 3037 3352 ἐγκώμιοί,
3075 3271 3173 3325 ἐπὶ
3223 3269 3298 3339 τῇ
3350 3270 3456 3325 τοῦ
3501 3272 3709 3327 Ἰσαὰκ

2793 3358 3019 3396 στρατητ.

2793 3361 2836 3396 σ
2883 3361 2919 3396 α
3006 3382 3019 3396 .

2204 3440 2371 3493 Οὐδὲν
2399 3432 2460 3492 οὗ
2490 3456 2631 3510 φημι
2664 3361 3070 3508 luparéydczgov,
3096 3433 3211 3489 ἀλλ’
3238 3434 3389 3487 οὐδὲν
3422 3431 3536 3487 ἴσον
3567 3433 3712 3504 ἔχεις

2132 3534 2305 3586 εἰπεῖν
2336 3531 2616 3603 τρόπαιον,
2646 3524 2706 3584 οὗ
2737 3529 3008 3601 ἔστησενδ
3039 3525 3386 3598 πατριάρχης
3420 3525 3670 3597 Ἀϐραάμ
3691 3541 3707 3557 ·

2133 3626 2192 3679 οὑ
2225 3625 2332 3694 γὰρ
2360 3623 2504 3678 κατὰ
2532 3622 2834 3694 τυράννων.
2878 3620 3014 3674 ἀλλὰ
3044 3619 3183 3675 κατὰ
3231 3619 3333 3687 τῆς
3371 3636 3711 3689 τυραννικω-

466 3727 584 3776 uos,
632 3713 728 3768 sed
775 3723 960 3770 contra
1010 3717 1200 3785 ipsam,
1244 3734 1362 3788 quae
1418 3705 1663 3775 maxime
1692 3719 2026 3792 tyrannicam

2147 3717 2296 3787 τάτης
2323 3714 2542 3784 ’φύσεως
2594 3713 2706 3784 (65)
2737 3712 2881 3768 τοῦτ’
2911 3713 3119 3784 ἤγειρε.
3193 3711 3420 3766 Πάντων
3464 3712 3575 3782 γὰρ
3596 3711 3709 3764 τῶν

464 3806 571 3858 vim
601 3805 785 3872 habet,
822 3816 1091 3874 naturam,
1139 3810 1334 3866 erexit.
1361 3809 1491 3865 Nam
1543 3825 1665 3867 cum
1713 3825 1901 3867 omnes
1943 3826 2030 3865 ra-

467 3897 844 3953 tiocinationes
869 3901 1329 3971 cogitationesque
1363 3903 1621 3958 adversus
1652 3904 1826 3971 ipsum
1869 3903 2031 3959 insito

466 3996 707 4055 paternae
729 3996 938 4057 storges
959 3986 1151 4044 atl‘ectu
1173 3997 1394 4045 armatae
1409 4001 1616 4055 essent,
1635 4000 1688 4046 et
1706 3992 1876 4060 ipsum
1901 4005 2032 4046 con-

466 4076 751 4130 vulnerare
787 4077 1105 4144 niterentur,
1130 4089 1307 4135 tamen
1341 4080 1456 4150 ipse
1489 4082 1691 4136 mansit
1725 4079 2030 4135 invulnera-

464 4167 586 4223 bilis
617 4188 630 4223 :
672 4178 724 4224 et
757 4179 872 4226 erat
922 4186 1145 4228 cernere
1179 4183 1427 4229 naturam
1469 4173 1684 4244 quidem
1713 4174 1878 4244 ipsam
1909 4189 2029 4229 cum

466 4258 577 4312 suis
604 4259 771 4314 armis
815 4270 976 4331 atque
1003 4263 1171 4331 copiis
1199 4262 1448 4318 omnibus
1481 4263 1626 4317 humi
1651 4271 1978 4333 prostratam
2014 4281 2027 4325 ;

2131 3808 2407 3878 λογισμῶν
2461 3807 2582 3860 οὐδὲ
2630 3808 2842 3876 ὅρασιν,
2897 3805 3034 3858 ἀλλὰ
3088 3807 3156 3878 τῇ
3205 3804 3432 3875 ὲμφύτῳ
3494 3822 3713 3876 συμπαο

2133 3899 2254 3969 θεία
2273 3899 2383 3970 (66)
2414 3897 2795 3968 ὡπλισμένων,
2823 3897 3093 3950 κάκείνων
3130 3897 3707 3967 κατατιτρωσκόντων,

2135 3991 2296 4054 αὐτὸς
2329 3990 2520 4060 ἔμενεν
2549 3989 2792 4059 ἄτρωτος
2815 4007 2828 4019 ·
2866 3989 2959 4042 καὶ
2985 3984 3053 4057 ἦν
3082 3989 3182 4056 τὴν
3215 3987 3313 4058 μὲν
3345 3987 3508 4055 φύσιν
3541 3987 3712 4058 αὐτὴν

2139 4083 2266 4136 ἰδεῖν
2323 4082 2498 4150 χαμαὶ
2528 4081 2870 4151 ἐρριμμένην
2921 4079 3058 4149 μετά
3103 4079 3209 4131 τῶν
3240 4079 3419 4132 ὃπλων
3465 4079 3558 4131 καὶ
3603 4081 3712 4131 τῶν

2137 4173 2546 4244 στρατοπέδων·
2599 4172 2760 4226 αὑτὸν
2793 4172 2850 4224 δὲ
2903 4173 3190 4239 ἑστηκότα,
3241 4170 3334 4222 καὶ
3387 4170 3490 4240 τὴν
3555 4174 3713 4241 χεῖρα

2136 4265 2503 4328 ἀνατείνοντα,
2537 4264 2658 4334 οὐχὶ
2687 4263 2947 4330 στέφανον
2975 4261 3224 4332 ἔχουσαν,
3267 4260 3402 4313 ἀλλὰ
3438 4260 3714 4330 μάχαιραν

465 4349 639 4416 ipsum
683 4366 812 4408 vero
859 4364 1114 4420 Stantem,
1141 4363 1194 4408 et
1225 4369 1440 4409 manum
1489 4355 1892 4422 extendentem,
1925 4372 2028 4410 non

2147 4355 2333 4419 παντὸς
2364 4355 2629 4430 στεφάνου
2663 4351 3070 4424 λαμπροτέραν.
3116 4351 3205 4404 Διὸ
3244 4351 3336 4410 καὶ
3362 4350 3564 4414 πάντες
3617 4351 3716 4421 μὲν

543 4526 586 4568 "-
613 4526 794 4583 Matth.
831 4545 955 4598 ur,
987 4533 1076 4585 9.7.
1152 4533 1194 4563 “
1216 4534 1348 4588 Gctt.
1380 4550 1514 4603 xm,
1549 4533 1567 4587 I
1599 4549 1748 4606 ξείνι-

1555 4687 1792 4744 νΑιιιΑῑ
1831 4687 2214 4745 LECTIONES
2382 4688 2614 4746 NOTAE.

541 4846 820 4919 (60)_(_3um
843 4844 1210 4919 hac‘epistola
1224 4845 1395 4919 plane
1427 4845 1674 4919 congruit
1716 4844 1856 4919 quod
1891 4845 2027 4898 scri-

471 4913 637 4970 mue
659 4915 890 4970 Mosaiea
923 4915 1145 4969 historia
1175 4915 1331 4968 Philo
1354 4916 1404 4968 in
1436 4914 1527 4966 lib.
1558 4913 1630 4966 De
1657 4913 1863 4981 Opiﬁcio
1888 4930 2032 4966 mutt-

471 4987 546 5038 αἱ.
589 4985 791 5039 Idcirco
840 4987 1007 5053 ipsum
1053 5001 1082 5038 a
1130 4985 1312 5038 mundi
1367 4983 1677 5037 conditione
1726 4983 1929 5045 ordiri,
1977 4994 2034 5035 ut

471 5055 737 5118 ostendat,
774 5063 827 5107 et
864 5055 1115 5108 mundum
1145 5054 1268 5122 legi,
1298 5061 1349 5107 et
1378 5053 1545 5120 legem
1575 5053 1772 5105 mundo
1800 5067 2029 5118 consen-

475 5125 572 5176 tire
602 5140 614 5175 :
659 5124 847 5191 legem,
892 5123 1128 5187 inquam.
1158 5139 1317 5192 quam
1356 5123 1732 5192 laturusi'erat,
1768 5136 1797 5174 a
1831 5123 2024 5174 mundo

474 5195 735 5259 pendere;
769 5195 1052 5262 virumque
1109 5191 1304 5245 bonum
1345 5193 1478 5262 legis
1525 5191 1921 5262 observantem,
1951 5192 2024 5244 si-

475 5262 582 5315 mul
614 5279 673 5316 ac
704 5261 884 5316 mundi
916 5263 1048 5316 ciris
1075 5262 1245 5315 factus
1273 5274 1374 5327 est,
1408 5261 1473 5314 ad
1514 5261 1835 5313 voluntatem
1868 5271 1920 5313 et
1942 5276 2028 5312 nr-

478 5332 691 5384 Ιιὶιι·ῑιιηι
739 5338 969 5393 naturai,
1017 5348 1138 5397 qute
1175 5343 1256 5384 est
1304 5332 1384 5385 lex
1435 5332 1642 5391 mundi,
1676 5346 1799 5383 suas
1842 5346 2028 5384 omnes

477 5416 503 5450 a
543 5402 713 5456 tiones
749 5403 978 5463 dirigere
1010 5410 1061 5451 et
1095 5401 1218 5451 huic
1257 5416 1446 5468 parare
1479 5400 1692 5454 debere.
1728 5401 1892 5454 Ιὶιττ.

549 5472 655 5541 (fil)
690 5471 818 5525 Cod.
863 5470 981 5523 Vat.
1007 5468 1140 5541 650,
1179 5471 1536 5538 ἀπονείμοιεν.
1575 5468 1785 5522 Possm.

547 5539 661 5608 (6‘).)
694 5542 760 5594 Ut
791 5539 1177 5607 persuadeatur
1226 5542 1453 5593 auditori
1498 5542 1635 5605 quod
1669 5541 1780 5591 vult
1829 5549 2029 5602 orator,

481 5627 584 5668 ιιι-»ιι
611 5620 696 5664 est
725 5613 773 5664 in
801 5626 959 5663 manu
985 5610 1233 5672 oratoris,
1265 5611 1356 5664 sed
1384 5613 1433 5661 ιιι
1462 5619 1724 5678 potestate
1750 5610 2028 5662 auditoris.

482 5682 731 5742 Pluribus
794 5682 920 5739 ltum.
988 5682 1302 5738 SCIIlellllilill
1359 5682 1545 5750 probat
1614 5681 1846 5737 lelIIUl'lls
1896 5680 2033 5739 inira

2131 4845 2287 4910 epist.
2320 4844 2446 4906 “202i,

2130 4915 2320 4977 ArisL,
2359 4915 2444 4965 ubi
2478 4915 2595 4968 vide
2627 4926 2735 4969 nol.
2770 4916 2932 4970 Rt'rr.

2514 4855 2566 4897 et
2623 4845 2920 4900 rationibus
2978 4854 3032 4898 ct
3080 4845 3496 4901 auctoritatibus
3549 4849 3715 4902 etiam

2349 4984 2476 5038 Coti.
2511 4983 2629 5037 Vat.
2683 5001 2776 5054 pro
2818 4985 3120 5058 δεδήλωκεν
3147 4986 3337 5043 scribit
3365 4986 3710 5057 κεκύρωκεν.

2178 5069 2344 5107 οεεικ.

2209 5123 2318 5191 (δί)
2353 5123 2610 5198 Θεοδώρῳ
2637 5126 2769 5198 Cod.
2801 5129 2918 5184 Vat.
2953 5129 3076 5187 650.
3111 5130 3262 5185 Vers.
3304 5131 3324 5184 I
3362 5147 3445 5198 ep.
3475 5145 3571 5196 pro
3599 5129 3712 5181 ἴσον

2141 5195 2277 5247 idem
2320 5197 2477 5246 habet
2515 5197 2663 5257 ἴσως.
2711 5197 2783 5252 lb.

2211 5265 2317 5334 ((35)
2356 5263 3034 5338 Τῆςητυραννικωτᾴτης
3077 5270 3334 5338 φύσεως.
3383 5268 3606 5319 \"ttlelttt'
3637 5269 3712 5319 :tl-

2141 5334 2322 5406 ludere
2371 5337 2612 5406 iltlrinlllll
2652 5353 2715 5389 ex
2749 5340 3004 5402 trngmdia
3044 5334 3255 5392 versum
3297 5356 3308 5390 :
3353 5339 3578 5406 Μεγάλη
3617 5357 3711 5390 τυ-

2144 5405 2324 5471 ραννὶς
2374 5405 2535 5480 ἀνδρὶ.
2579 5406 2745 5480 τεκνα
2786 5409 2879 5459 καὶ
2910 5416 3064 5480 γυνη.
3102 5407 3296 5479 Magna
3337 5418 3410 5462 es!
3446 5405 3706 5477 tyrannis,

2140 5490 2271 5524 uxor
2303 5487 2454 5537 atque
2476 5475 2643 5527 liberi.
2681 5478 2840 5531 Rtr'r.

2142 5614 2176 5666 Γ
2214 5544 2325 5611 (tib)
2380 5545 2696 5616 Συμπαοείᾳ
2750 5550 2869 5603 cod.
2923 5549 3039 5603 Vat.
3096 5558 3265 5602 mutat
3326 5550 3375 5601 itt
3432 5548 3709 5627 συνηοείᾳ.

2185 5629 2344 5666 ωδειιν.

2201 5645 2265 5668 ι’)ἶ,
2278 5645 2321 5667 In
2334 5653 2344 5666 ι
