3988 6466
181 352 318 420 1269

1085 347 1626 410 EBISTOLABUM
1656 348 1805 412 LIB.
1839 350 2270 419 lV.—.EPIST.
2305 348 2614 411 CLXXIX.

3341 337 3478 404 1270

177 477 228 530 oi
256 472 513 544 λογισμοὶ
565 468 1014 539 καταπτήξαντες
1043 465 1106 520 τὸ
1133 464 1477 537 παράστημα
1517 465 1765 537 τάνδρὸς,
1800 475 1818 531 Α

1912 483 2072 524 orona
2100 470 2403 538 praeditam,
2432 463 2528 520 sed
2557 461 2737 532 gladio
2763 458 2956 531 quavis
2975 473 3178 515 corona
3206 458 3474 513 illustrius

178 568 486 638 ἑστήκεσαν
518 561 666 634 αὑτῷ
699 559 1157 629 ὑποτεταγμένοι,
1190 557 1286 611 καὶ
1309 557 1607 628 τρέμοντες
1632 557 1771 627 μᾶλ-

178 661 269 713 λον
297 658 334 730 ἢ
365 655 593 728 βασιλέα
619 654 669 706 οἱ
698 651 990 724 δορυφόροι
1010 664 1024 679 ο
1064 647 1343 720 βλέμματι
1374 647 1483 718 γὰρ
1524 646 1773 718 βλοσυρῷ

184 752 392 812 πάντας
443 745 810 801 κατέστειλεν.
876 743 936 794 Ὀ
989 739 1046 794 δὲ
1098 741 1207 794 τῶν
1259 739 1508 809 ἀγγέλων
1566 737 1774 793 ἄνωθεν

180 841 475 913 ἐπεκρότει
510 840 712 910 δῆμοςο
768 833 864 889 καὶ
893 835 923 886 δ
966 832 1099 896 θεὸς
1151 833 1545 904 ἀνεκήρυττεν.
1592 831 1656 882 Εί
1716 829 1774 882 δὲ

183 933 367 1003 βούλει
410 933 526 1002 (67)
568 927 713 981 τοῦτ’
769 924 968 995 ἀληθὲς
1009 923 1121 993 (68)
1159 924 1456 992 σκοπῆσαι,
1521 921 1629 974 ἀπὸ
1666 919 1774 974 τῶν

183 1027 386 1091 ἔξωθεν
431 1022 593 1077 τοῦτο
621 1020 794 1091 θεάσῃ
836 1019 1201 1090 πραγμάτων.
1253 1016 1315 1069 Ei
1366 1014 1487 1085 γὰρ·
1538 1013 1773 1084 ἀθλητοῦ

183 1116 514 1186 νικήσαντος
550 1109 627 1183 μὴ
661 1105 841 1179 κήρυξ
893 1107 1140 1160 κάτωθεν
1172 1104 1370 1171 ἑστὼς,
1409 1104 1524 1158 ἀλλ’
1568 1103 1776 1158 ἄνωθεν

185 1206 506 1276 καθήμενος
550 1201 714 1265 αὐτὸς
755 1201 783 1253 ὁ
834 1199 1088 1269 βασιλεὺς
1125 1193 1365 1258 ἀναστὰς
1413 1194 1778 1266 ἀνακηρύξειε

184 1300 280 1353 τὸν
338 1293 812 1367 Ὀλυμπιονίκην,
833 1292 956 1362 οὐχὶ
983 1291 1092 1344 τῶν
1125 1289 1406 1356 στεφάνων
1440 1287 1590 1357 αὐτῷ
1619 1284 1779 1340 τοῦτο

186 1389 577 1462 λαμπρότερον
629 1381 770 1441 εῖναι
796 1383 922 1456 δόξῃ
954 1381 1106 1454 (69);
1147 1379 1317 1450 Δῆλον
1358 1379 1563 1434 ἅπασίν
1609 1380 1776 1432 ἐστιν.

191 1483 365 1536 Ὅταν
407 1475 503 1534 οῦν
548 1479 624 1550 μὴ
661 1476 913 1548 βασιλεὺς
944 1473 1157 1545 θνητὸς,
1192 1472 1306 1527 ἀλλ’
1341 1471 1502 1534 αὐτὸς
1530 1471 1558 1523 ὁ
1587 1469 1778 1536 ἀΐδιος,

189 1573 295 1627 οὐκ
319 1573 380 1625 ἐν
407 1571 624 1642 θεάτρῳ
655 1567 982 1641 ἀνθρωπίνῳ
1021 1565 1135 1637 (70)
1175 1563 1357 1635 μόνον,
1392 1562 1528 1617 ἀλλὰ
1560 1563 1655 1616 καὶ
1680 1563 1781 1645 ἁγ-

190 1662 368 1731 γέλων
404 1661 504 1716 καὶ
537 1658 906 1732 ἀρχαγγέλων
933 1656 1029 1712 καὶ
1057 1653 1166 1709 τῶν
1188 1655 1302 1709 ἄνω
1332 1652 1634 1724 δυνάμεων,
1657 1653 1785 1706 ἀνα·

191 1755 463 1827 κηρύττει
512 1753 650 1826 (71),
699 1751 932 1823 λαμπρᾷ
959 1752 1028 1820 τῇ
1075 1749 1227 1819 φωνῇ
1272 1746 1412 1817 βοῶν
1455 1745 1778 1817 οὐρανόθεν·

1876 562 2113 631 fulgente
2139 567 2429 616 armatam.
2448 557 2596 614 Unde
2616 556 2819 611 factum
2839 563 2942 618 est,
2961 563 3019 608 ut
3043 567 3232 608 omnes
3251 552 3472 622 quidem

1877 654 2321 710 ratiocinationes
2339 653 2594 709 humanae
2621 647 3010 717 obstupefactae
3033 645 3101 700 ad
3119 654 3473 713 conspectum

1877 760 2344 818 congressumque
2367 745 2470 800 viri
2501 740 2713 809 starent
2736 741 2801 795 ab
2836 740 2954 809 ipso
2982 739 3244 801 subactm,
3272 745 3326 790 et
3354 749 3473 790 ma-

1879 839 1960 908 gis
1995 838 2157 893 etiam
2223 830 2712 892 contremiscentes
2766 846 2930 902 quam
2991 830 3059 884 ad
3118 837 3472 898 conspectum

1881 929 2024 998 regis
2055 927 2233 982 solent
2262 927 2379 995 ejus
2406 929 2720 996 stipatores.
2758 922 3011 979 Terribili
3049 936 3286 990 namque
3322 919 3473 974 vultu

1881 1036 2073 1075 omnes
2108 1019 2362 1090 perculit.
2393 1021 2462 1072 At
2492 1020 2728 1088 desuper
2771 1014 3084 1084 angelorum
3119 1013 3349 1085 p0pulus
3379 1029 3475 1083 ap-

1884 1112 2078 1181 plausit
2112 1130 2128 1179 ;
2160 1119 2216 1166 et
2251 1110 2394 1167 Deus
2420 1110 2752 1183 praeconium
2791 1107 2920 1166 fecit
2947 1106 3208 1166 victoriae.
3247 1107 3399 1174 Quod
3428 1108 3476 1164 si

1883 1203 2015 1258 libet
2066 1204 2352 1258 veritatem
2409 1203 2552 1273 ejus,
2591 1201 2734 1271 quod
2787 1201 2921 1268 dixi,
2977 1200 3344 1266 considerare,
3408 1201 3477 1256 ah

1882 1293 2127 1348 externis
2177 1295 2339 1348 rebus
2388 1294 2492 1348 hoc
2543 1292 2730 1349 licebit
2792 1291 3174 1361 contemplari.
3223 1289 3360 1344 Nam
3406 1290 3476 1356 si,

1885 1395 2242 1455 posteaquam
2300 1385 2498 1456 aliquis
2549 1371 2751 1441 athleta
2819 1384 3101 1440 victoriam
3156 1383 3477 1454 reportavit,

1885 1491 1992 1532 non
2025 1489 2201 1545 praeco
2231 1473 2460 1535 inferius
2507 1475 2840 1540 consistens,
2897 1475 2992 1530 sed
3041 1474 3294 1546 superius
3339 1473 3481 1529 resi-

1885 1571 2019 1627 dens
2051 1573 2166 1643 ipse
2190 1583 2307 1638 rex,
2360 1569 2430 1626 de
2482 1567 2621 1623 solio
2658 1582 2758 1624 suo
2790 1582 3127 1638 consurgens
3186 1565 3484 1637 proclamet

1884 1664 2150 1720 victorem
2211 1660 2529 1718 certaminis
2575 1659 2862 1732 Olympici,
2901 1674 3083 1716 nonne
3113 1673 3178 1714 ea
3230 1673 3318 1716 res
3377 1659 3483 1729 ipsi

1888 1753 2110 1810 coronis
2143 1749 2478 1822 splendidior
2505 1763 2630 1807 esse
2660 1748 2968 1806 videbitur?
2992 1748 3337 1832 Manifestum
3380 1748 3486 1806 hoc

192 1848 318 1918 οὐχὶ
366 1846 548 1900 πάντα
604 1843 933 1916 ὑπερδάλλει
1005 1841 1119 1913 (72)
1175 1839 1333 1894 τοῦτο
1397 1839 1782 1910 λαμπρότητος

1912 1844 2143 1902 videlicet
2185 1850 2270 1899 est
2323 1841 2578 1899 omnibus
2617 1842 2693 1897 ita
2737 1842 2914 1898 visum
2941 1842 3028 1897 iri.
3062 1841 3289 1909 Quando
3322 1841 3490 1912 igitur

195 1939 361 2009 690v;
405 1935 624 2008 Κομιδῇ
668 1933 844 2004 ἔγωγε
894 1931 1306 2004 ἰσχυρισαίμην.
1359 1929 1567 1986 Οὐκοῦν
1601 1931 1651 1983 εί
1691 1930 1787 1984 καὶ

195 2030 360 2099 ἡμεῖς
385 2026 719 2098 βουλοίμεθα
744 2024 1222 2098 ἀνακηρυχθῆναι,
1240 2024 1334 2077 καὶ
1350 2022 1784 2094 στεφανωθῆναι,

1896 1951 2005 1992 non
2041 1943 2292 1991 terrenus
2331 1933 2602 2005 quispiam
2651 1947 2718 1989 ae
2757 1933 3008 1989 mortalis
3066 1948 3183 1999 rex,
3236 1932 3332 1988 sed
3373 1933 3490 2003 ipse
3574 2001 3579 2008 δ

1895 2025 2011 2082 Rex
2063 2027 2455 2097 sempiternus,
2495 2042 2603 2084 non
2659 2026 2836 2083 solum
2881 2029 2934 2083 in
2967 2027 3186 2084 theatro
3223 2028 3486 2107 humano,

198 2120 438 2184 ἑαυτοὺς
469 2119 900 2192 ἀφιερώσωμεν,
933 2119 1027 2172 καὶ
1050 2118 1218 2189 μηδὲν
1248 2118 1464 2190 θνητὸν,
1493 2119 1626 2192 μηδὲ
1657 2119 1790 2190 βιω-

1912 2121 1992 2176 ted
2037 2119 2200 2175 etiam
2257 2119 2312 2174 in
2360 2119 2561 2174 visorio
2611 2119 2969 2190 Angelorum,
3013 2129 3071 2174 et
3119 2118 3490 2195 Archaugelo-

190 2213 348 2267 τικὺν
385 2213 664 2284 χορευέτω
713 2214 771 2267 ἐν
797 2215 932 2286 ἡμῖν
981 2213 1184 2278 πάθος·
1219 2213 1358 2268 ἀλλὰ
1388 2215 1525 2268 πᾶσι
1571 2214 1788 2284 χαίρειν

1912 2227 2043 2278 rum,
2071 2219 2126 2266 et
2160 2225 2519 2282 supernarum
2555 2210 2854 2280 Virtutum,
2893 2215 3151 2269 victorem
3199 2228 3298 2269 suo
3352 2228 3490 2284 ιιι-εει

193 2304 540 2374 φράσαντες,
581 2304 651 2358 τὰ
673 2303 784 2359 τῶν
813 2304 1062 2377 οὐρανῶν
1086 2304 1214 2370 ἄξια
1243 2305 1336 2359 καὶ
1366 2303 1669 2378 φράζωμεν
1697 2304 1792 2358 καὶ

1912 2303 2058 2359 conio
2087 2303 2323 2375 aliquem
2357 2307 2654 2371 renuntiet,
2679 2306 2821 2361 clara
2854 2322 2988 2362 voce
3020 2306 3238 2362 caelitus
3267 2306 3489 2373 emissa,

192 2399 556 2468 πράττωμεν.
1901 2411 2085 2452 nonne
2112 2411 2174 2452 ea
2213 2411 2303 2453 res
2331 2413 2547 2454 onmem
2581 2399 2889 2470 splendoris
2918 2400 3210 2455 terminum
3239 2400 3494 2455 excedit?

195 2490 464 2558 Equidem
499 2492 550 2547 id
580 2493 807 2548 firmiter
832 2495 1279 2550 asseveraverim.
1315 2493 1658 2562 Quapropter
1684 2506 1782 2546 nos
1821 2503 2040 2560 quoque
2093 2488 2360 2559 siquidem
2438 2490 2674 2547 victores
2763 2492 3091 2562 proci-amari
3132 2501 3186 2545 et
3239 2491 3496 2546 coronari

193 2584 529 2653 expetimus,
588 2585 952 2655 nosmetipsos
1016 2599 1418 2651 consecremus,
1515 2582 1827 2650 nullumque
1905 2578 2208 2642 mortalem,
2269 2580 2474 2634 nullum
2546 2581 2613 2634 ad
2687 2581 2829 2636 hanc
2896 2581 3064 2636 vitam
3129 2580 3494 2652 pcrtiuentrm

195 2673 458 2729 affectum
508 2675 560 2729 in
608 2677 764 2730 nobis
805 2678 1077 2733 exsultare
1107 2679 1371 2742 sinamus,
1404 2675 1798 2741 sed,omuibus
1832 2674 2012 2728 valere
2037 2671 2225 2743 jussis,
2264 2673 2419 2730 cmlis
2449 2674 2608 2742 digna
2676 2685 2730 2730 et
2775 2678 3058 2744 loquamur
3123 2684 3177 2730 et
3206 2673 3493 2731 faciamus.

726 2789 890 2844 pos.
926 2822 994 2832 -
1029 2790 1262 2860 ΝΕΙΛῼ.

206 2886 310 2946 Εἷς
340 2884 410 2940 τὸ
442 2885 763 2954 είρημένον
785 2885 905 2939 ἀπὸ
938 2886 1044 2938 τοῦ
1084 2885 1335 2953 Κυρίου,
1367 2882 1627 2954 (Εἱςςέμὲ
1651 2881 1801 2947 ,βλέ-

932 2971 1092 3009 πετε.
1107 2977 1128 3012 ι

275 3049 512 3115 Οὐδένα,
541 3044 718 3120 οἶμαι,
750 3048 975 3102 τοιαῦτα
1012 3047 1445 3119 πεπαρῳνῆσθαι
1470 3047 1603 3117 (ῑὸ),
1636 3041 1734 3098 οἷα
1774 3044 1802 3096 ὁ

2425 2782 2702 2843 CLXXIX.
2734 2818 2805 2830 —
2835 2785 3014 2845 MLO.

1897 2882 1957 2932 In
2009 2882 2063 2932 id
2114 2878 2252 2948 quod
2288 2896 2318 2932 a
2354 2877 2579 2933 Domino
2621 2879 2837 2981 'dicitium
2895 2891 2992 2946 est,
3035 2899 3053 2931 (
3090 2878 3158 2935 In
3198 2896 3280 2935 me
3324 2881 3500 2937 intuo-

2558 2965 2690 3003 ηιιιιι
2716 2965 2781 3002 ⁵⁸.
2820 2969 2840 3002 Ι
3452 2967 3454 2970 ’

1977 3044 2260 3098 Neminem
2284 3057 2384 3113 ego
2427 3057 2667 3111 unquam
2705 3052 2784 3098 tot
2824 3044 3102 3114 tantisque
3145 3045 3385 3101 arbitror
3414 3047 3500 3100 iit--

203 3145 314 3197 τυίν
353 3140 622 3213 οὐρανίων
651 3139 933 3206 βασιλεὺς,
964 3139 1128 3210 δεῦρο
1163 3139 1552 3209 ὲπιφοιτήσας,
1580 3152 1799 3206 πεπαρ-

1912 3138 2062 3204 luriis
2099 3146 2153 3191 et
2185 3135 2530 3191 contumeliis
2556 3134 2808 3190 aﬂ‘cctum
2839 3151 2979 3201 esse,
3015 3147 3146 3205 quot
3173 3138 3504 3208 quantisque

204 3233 422 3308 ῴνητίιι
481 3233 611 3303 παρ’
659 3232 923 3294 ἐκείνοιν,
975 3230 1067 3295 οὓς
1115 3231 1313 3301 ἀφῖκτο
1359 3229 1581 3282 σώσων·
1634 3228 1694 3291 ὃς
1741 3243 1805 3295 γε

205 3327 333 3380 οὐδὲ
351 3324 554 3397 λῃστοῦ
580 3323 675 3378 καὶ
704 3323 1035 3395 ἀνδροφόνου
1059 3309 1384 3395 προεκρίθη.
1407 3321 1540 3374 ἀλλὰ
1572 3321 1664 3374 καὶ
1691 3319 1803 3390 (7‘4)

208 3416 573 3486 ἑκολαφίσθη.
612 3416 676 3468 Εἰ
697 3415 754 3468 δὲ
780 3414 870 3467 καί
892 3433 977 3478 τις
1009 3415 1252 3484 τάὃμοια
1282 3412 1520 3466 πέπονθε
1554 3410 1808 3478 (δεδόσθω

210 3508 368 3579 γὰρ),
411 3505 550 3560 ἀλλὰ
578 3507 640 3559 τὸ
679 3507 754 3578 μὴ
784 3507 892 3560 ἀπὸ
918 3506 1016 3576 τῆς
1051 3507 1172 3576 ἴσης
1196 3505 1352 3572 ἀξίας
1383 3501 1657 3576 ὁρμᾶσθαι
1681 3502 1808 3564 τοὺς

210 3597 583 3659 πεπονθότας,
617 3595 778 3651 ἄνισα
817 3596 981 3651 πάλιν
1005 3595 1243 3649 δείκνυσι
1273 3595 1344 3647 τὰ
1384 3593 1553 3663 πάθη.
1595 3593 1672 3646 Οὐ
1701 3592 1810 3662 γὰρ

212 3689 437 3754 ταύτὸν,
471 3686 700 3756 βασιλέα
742 3685 964 3757 ὑϐρίσαι
995 3686 1108 3756 (7.5)
1140 3687 1233 3738 καὶ
1280 3682 1525 3753 ίδιὼτηνν
1561 3683 1682 3736 οὐδὲ
1726 3683 1812 3735 δε-

216 3780 430 3848 σπότην
460 3778 554 3830 καὶ
584 3776 772 3832 δοῦλον
795 3792 807 3804 ·
834 3776 972 3830 ἀλλὰ
991 3775 1060 3830 τὰ
1089 3776 1187 3844 μὲν
1219 3774 1360 3829 κατὰ
1391 3773 1482 3826 τοῦ
1522 3773 1808 3842 βασιλέως,

215 3871 324 3928 κᾶν
361 3867 540 3941 μικρὰ
571 3863 632 3943 ᾖ,
659 3867 874 3939 μεγάλα
900 3869 968 3938 τῇ
995 3864 1125 3938 ἀξίᾳ
1149 3865 1243 3920 τοῦ
1274 3864 1606 3928 πεπονθότος
1629 3863 1814 3934 κρίνε-

169 3968 186 3985 ⁶
213 3975 348 4016 ται·
381 3959 452 4014 τὰ
488 3959 545 4012 δὲ
580 3959 725 4013 κατὰ
770 3957 864 4012 τοῦ
904 3955 1138 4024 ίδιώτου,
1172 3956 1277 4014 κᾶν
1317 3955 1555 4034 μέγιστα
1591 3951 1648 4028 ᾖ,
1683 3955 1814 4008 tim.-

217 4052 486 4124 τέμνεται
530 4049 629 4120 τὴν
661 4048 865 4120 ὀργὴν,
908 4049 1003 4105 καὶ
1040 4049 1121 4113 είς
1166 4046 1511 4118 συγγνώμην
1551 4045 1815 4107 πολλάκις

216 4145 347 4214 ὁρᾷ.
381 4139 572 4196 Ταῦτα
615 4139 659 4192 δ’
697 4137 858 4210 ἔφην,
913 4137 1102 4209 ἐπειδὴ
1147 4139 1458 4210 γέγραφας,
1503 4137 1555 4189 τί
1609 4138 1724 4190 ἐστι
1753 4137 1815 4190 τὸ

220 4235 381 4306 παρὰ
408 4230 506 4290 τοῦ
539 4230 776 4302 Χριστοῦ
807 4229 999 4302 λεχθέν
1021 4248 1034 4261 ·
1073 4248 1091 4281 ι
1133 4231 1225 4293 Εἰς
1253 4230 1354 4301 ὲμὲ
1393 4229 1642 4300 βλέπετε.
1691 4248 1709 4280 ι
1750 4231 1815 4282 Ὃ

222 4327 335 4397 γὰρ
363 4325 536 4393 λέγει,
576 4323 859 4393 συντόμως
885 4320 1130 4376 τοιοῦτόν
1155 4323 1325 4377 ἐστιν.
1371 4321 1590 4392 Ἐπειδὴ
1624 4322 1733 4392 γὰρ
1765 4323 1813 4374 οἱ

224 4417 534 4487 πάντολμοι
583 4415 826 4468 Ἰουδαῖοι
852 4414 1319 4484 ὲπιλυττήσαντες
1359 4414 1814 4486 ἐδραματούργη-

1909 3227 2138 3283 allectus
2170 3236 2253 3282 est
2281 3227 2586 3283 caelestium
2620 3226 2734 3283 Rex
2771 3242 2895 3283 cum
2929 3228 2981 3282 in
3020 3238 3197 3283 terras
3237 3227 3502 3293 venisset,

1909 3330 1962 3376 et
2021 3319 2242 3390 quidem
2277 3321 2344 3375 ah
2396 3319 2521 3386 illis,
2564 3335 2701 3388 quos
2763 3331 3040 3374 servatum
3108 3332 3376 3375 venerat:
3413 3321 3504 3390 qui

1913 3425 2091 3478 neque
2122 3409 2319 3464 latroni
2353 3424 2404 3463 et
2444 3407 2730 3465 homicidae
2762 3409 3021 3478 praelatus
3053 3417 3153 3475 est,
3192 3409 3286 3464 sed
3318 3417 3372 3462 et
3409 3423 3505 3463 co-

1912 3497 2088 3568 laphis
2120 3513 2315 3554 caesus.
2338 3497 2499 3569 515
2529 3497 2638 3553 Etsi
2671 3499 2816 3553 enim
2843 3497 3042 3552 similia
3077 3496 3217 3553 forte
3247 3499 3368 3568 quis
3387 3494 3510 3568 pcr-

1914 3604 2104 3658 pessus
2137 3599 2221 3644 est
2267 3591 2451 3660 (detur
2489 3589 2632 3646 enim
2665 3591 2739 3644 ita
2775 3592 2943 3659 esse),
2971 3601 3208 3646 attamen
3245 3592 3347 3647 hoc
3393 3593 3509 3647 dis-

1913 3681 2121 3736 similes
2153 3682 2473 3750 et-impares
2522 3683 2762 3737 ostendit
2814 3685 3216 3756 perpessiones,
3249 3685 3390 3754 quod
3434 3685 3510 3740 illi

1916 3777 2006 3846 qui
2033 3775 2275 3845 perpessi
2315 3790 2408 3830 eas
2443 3785 2589 3842 sunt,
2615 3791 2720 3830 non
2751 3792 2779 3831 a
2812 3778 2927 3845 pari
2983 3778 3250 3846 dignitate
3283 3778 3514 3837 descen-

1917 3867 2132 3923 demut.
2169 3863 2282 3920 Non
2317 3865 2463 3920 enim
2494 3875 2578 3921 est
2615 3866 2782 3931 idem,
2817 3867 3012 3936 injuria
3049 3866 3264 3923 afﬁcere
3305 3884 3510 3938 regem,

1917 3967 1973 4013 et
2003 3956 2278 4012 hominem
2314 3955 2610 4028 privatum,
2655 3973 2832 4029 neque
2867 3959 3145 4013 dominum
3188 3969 3240 4014 ct
3269 3975 3509 4030 servum,

1918 4052 2012 4106 sed
2079 4065 2198 4119 qua:
2251 4049 2512 4106 adversus
2577 4065 2754 4120 regem
2785 4051 3006 4121 quidem
3071 4052 3512 4117 committuntur,

1918 4141 2271 4212 quantumvis
2318 4157 2418 4211 per
2469 4157 2528 4197 se
2579 4144 2774 4212 exigua
2831 4154 2975 4206 sunt,
3013 4159 3204 4215 magna
3240 4153 3418 4199 tamen
3460 4154 3519 4198 ut

1915 4235 2245 4305 iudicentur,
2269 4234 2493 4303 cjusqui
2519 4234 2646 4290 talia
2695 4235 3344 4306 patiturdignitaseﬂlcit.
3388 4238 3519 4302 Qua:

1919 4341 2050 4381 vero
2085 4327 2138 4382 in
2175 4325 2411 4395 aliquem
2449 4328 2716 4395 privatum
2756 4335 3162 4397 perpetrantur,
3193 4340 3250 4381 ut
3283 4329 3519 4382 maxima

1921 4419 2050 4486 sint,
2096 4429 2278 4473 tamen
2312 4419 2448 4471 iram
2486 4420 2749 4474 minorem
2783 4421 3003 4484 habent,
3035 4431 3088 4477 et
3123 4438 3266 4492 saepe
3319 4423 3384 4476 ad
3424 4438 3518 4477 ve-

225 4527 329 4563 σαν
362 4507 697 4580 τραγῳδίαν,
731 4507 875 4561 κατὰ
904 4507 1040 4562 Θεοῦ
1073 4507 1172 4577 μὲν
1204 4506 1588 4578 τολμηθεῖσαν,
1618 4507 1818 4578 σαρκὸς

1925 4512 2068 4565 niam
2099 4519 2371 4580 spectant.
2413 4511 2540 4566 "an
2575 4523 2755 4567 autem
2787 4513 2909 4568 ideo
2933 4515 3064 4579 dixi,
3113 4516 3237 4582 quia
3289 4530 3385 4584 per
3425 4516 3517 4568 lit-

222 4603 282 4656 δὲ
313 4600 605 4672 ἁψαμένην
651 4599 882 4672 (ἀπαθὲς
913 4600 1021 4669 γὰρ
1057 4600 1117 4653 τὸ
1162 4601 1316 4653 Θεῖον
1351 4601 1554 4674 κυρίως
1674 4602 1723 4654 oi
1758 4601 1815 4654 δὲ

1927 4613 2072 4659 teras
2103 4617 2168 4658 ex
2201 4619 2287 4658 me
2312 4606 2634 4673 qnmsivisti,
2658 4606 2787 4677 quid
2816 4608 2886 4661 sit
2941 4608 3084 4674 quod
3117 4623 3144 4661 a
3182 4607 3398 4663 Christo
3432 4610 3510 4663 di-

229 4693 372 4762 μετὰ
418 4691 588 4745 ταῦτα
625 4691 914 4762 μέλλοντες
942 4690 1281 4762 ὑϐρίζεσθαι,
1325 4694 1454 4756 ἴσως
1487 4694 1815 4761 ἀγανακτεῖν

226 4786 487 4858 ἤμελλον,
521 4788 596 4851 ὡς
624 4786 776 4860 παρὰ
804 4786 906 4862 τὴν
939 4787 1118 4842 αὐτῶν
1150 4788 1308 4853 ἀξίαν
1352 4787 1612 4851 τοιούτοις
1658 4804 1814 4862 περι-

331 4945 372 4976 ¹⁷
411 4943 552 4999 Psal.
585 4960 735 5011 ntv,
766 4943 850 4998 16.

1924 4705 2071 4750 ctum
2103 4705 2187 4752 est
2224 4714 2236 4749 :
2289 4713 2306 4747 ι
2349 4695 2404 4749 In
2438 4710 2523 4749 me
2557 4697 2863 4754 intuemini.
2902 4717 2920 4749 ι
2975 4699 3109 4752 Nam
3167 4705 3310 4770 quod
3368 4702 3515 4764 dirit,

1928 4787 1979 4840 in
2006 4801 2216 4845 summa
2250 4786 2356 4844 tale
2391 4796 2496 4854 est.
2535 4787 2748 4845 Etenim
2783 4790 2908 4861 quia
2948 4791 3302 4851 audacissimi
3351 4792 3518 4847 δηιεωὶ

1325 5060 1558 5116 VARI/E
1595 5060 1981 5119 LECTIONES
2022 5062 2108 5117 ET
2152 5063 2384 5124 NOTAE.

305 5221 421 5288 (67)
459 5219 587 5275 Post
619 5218 745 5272 εἰδὲ
777 5218 954 5290 βούλει
980 5219 1096 5272 loco
1141 5216 1286 5272 τοῦτ’
1316 5216 1514 5287 ἀληθὲς
1546 5219 1698 5286 ,ἱιΙριιι
1731 5237 1824 5288 po-

233 5295 313 5347 nit
341 5293 434 5343 xal
461 5290 620 5342 τοῦτο
653 5289 895 5359 ἀκριϐῶς
948 5290 1157 5343 Possm.

309 5361 423 5432 (68)
481 5359 645 5415 Τοῦτ’
699 5358 940 5427 ἀληθές.
997 5361 1056 5414 ιτ.
1117 5358 1370 5428 τάληθὲς,
1426 5359 1601 5413 ιιι-Ιριη
1653 5361 1821 5415 τοῦτ’.

235 5432 402 5486 ιὶιττ.

306 5501 420 5570 (ὓ9)
453 5503 634 5566 Δόξῃ.
675 5500 736 5554 F.
774 5501 935 5565 δόξει.
967 5499 1040 5555 in.

306 5571 424 5640 (70)
450 5571 584 5626 Cod.
616 5570 755 5633 Vah,
793 5572 1117 5641 ἀνθρώπων.
1149 5570 1357 5624 Possm.

309 5643 440 5716 (7|)__
475 5642 952 5716 Ἀιιᾳῗκηρύττειν.
1003 5641 1060 5695 F.
1117 5642 1489 5716 ἀνακηρυττῃ,
1547 5643 1826 5712 praecessit

239 5720 383 5764 enim
416 5713 562 5764 ὅταν.
593 5711 751 5765 lit'rr.

313 5781 426 5852 (72)
462 5772 822 5852 Ὑπερϐάλλει
855 5782 974 5843 τού.
1014 5786 1134 5844 Vat.
1168 5787 1331 5844 vertit
1381 5785 1433 5842 in
1477 5784 1818 5858 ὑπερσαὶνει,

1937 5231 1984 5299 et
2014 5235 2166 5299 vers.
2200 5232 2318 5299 post
2355 5223 2516 5276 tcttio
2543 5224 2990 5296 ἀνακηρυχθῆναι
3023 5227 3230 5280 breviat
3270 5229 3320 5279 in
3353 5229 3524 5299 ἀναῤ-

1938 5291 2187 5361 ῥηθῆναι.
2230 5292 2435 5350 l‘ossnv.

2010 5363 2118 5442 (.753)
2149 5361 2250 5442 l’_ro
2296 5365 2691 5435 πεπαρῴνηται
2725 5369 2842 5420 cod.
2884 5365 3003 5421 Vat.
3048 5367 3152 5422 65.0
3187 5368 3315 5436 legit
3358 5373 3528 5442 ἐπαρ-

1935 5432 2138 5501 ῳνήθη.
2177 5432 2249 5485 lt).

2011 5503 2121 5584 (Ii)
2168 5505 2308 5584 Inter
2347 5507 2440 5559 καὶ
2503 5507 2836 5580 ἐκολαφίσθη
2888 5509 3030 5564 idem
3081 5511 3294 5576 inserit,
3351 5515 3528 5584 ἐκωμ-

1936 5575 2116 5643 ῳδήθη
2150 5576 2262 5627 καί.
2295 5575 2369 5630 ID.

2010 5645 2118 5763 (7.7:)
2198 5647 2449 5718 ’Υϐρίσαι
2501 5650 2640 5705 idem
2708 5663 2855 5708 recte
2925 5663 3098 5709 mutat
3149 5655 3201 5708 in
3264 5655 3527 5729 ὑϐρισθῆο

2010 5734 2040 5763 ι.
2105 5732 2148 5763 1).

1935 5734 2040 5769 ναι.
2082 5732 2148 5769 Ιι».
