3988 6430
520 338 648 406 τιτι

517 547 728 614 quidem
769 547 1009 615 appetiit,
1043 563 1259 603 carnem
1293 561 1424 603 vero
1455 548 1632 618 attigit
1662 549 1901 620 (pr0prie
1953 548 2096 602 enim

516 639 784 705 loquendo
809 639 1066 694 divinitas
1102 641 1341 710 passioni
1389 640 1626 696 obnoxia
1679 657 1800 697 esse
1852 639 2084 710 nequit):

525 731 718 800 quibus
775 740 956 787 autem
1011 743 1193 802 postea
1254 733 1431 802 aliqua
1480 731 1746 788 inferetur
1794 731 2010 802 injuria,
2056 730 2095 785 ii

519 823 738 876 forsitan
774 825 1139 894 indignatione
1172 825 1539 895 corripientur
1568 826 1721 895 quasi
1752 833 1949 894 preter
1980 825 2106 878 me!

514 912 676 966 ritum
710 914 763 968 in
795 917 925 971 tales
953 919 1238 974 inciderint
1269 921 1604 978 calamitates
1635 938 1648 974 :
1683 921 1886 976 idcirco
1909 919 2046 973 dixit
2074 935 2090 973 :

521 1019 542 1053 ο
583 1003 637 1056 In
667 1021 751 1058 me
779 1005 1082 1063 intuemini.
1121 1028 1140 1062 ι
1174 1011 1403 1066 Maxime
1445 1011 1612 1075 enim,
1658 1009 1851 1079 inquit,
1896 1006 2089 1062 intole-

515 1095 703 1148 rabilia
735 1108 908 1162 erant,
963 1114 1084 1169 qua:
1124 1116 1155 1156 a
1200 1102 1478 1158 sceleratis
1530 1116 1594 1156 ac
1637 1101 1861 1157 nefariis
1891 1098 2092 1155 Iudaeis

513 1195 818 1254 perpetrata
863 1201 1009 1245 sunt.
1044 1191 1424 1246 Verumtamen
1455 1192 1782 1249 concedatur
1821 1205 1972 1256 sane,
2010 1198 2090 1245 to-

1715 349 1775 408 S.
1821 347 2113 409 ISIDORI
2150 343 2589 407 PELUSIOTB

517 456 572 508 in
624 454 858 509 furorem
903 459 1006 512 acti
1059 458 1380 529 tragmdiam
1433 463 1704 528 egerunt;
1765 473 1886 528 qua:
1937 457 2092 512 Deurr

2210 455 2558 516 πεπτωκότες

3649 339 3786 403 1272

2611 451 2860 516 πάθεσιν,
2919 449 3059 522 ἔφη·
3113 468 3131 500 ι
3172 449 3266 512 Εἰς
3318 447 3418 518 ἐμὲ
3468 447 3716 518 βλέπετε.
3760 469 3780 501 ι

2205 548 2456 602 Μάλιστα
2497 547 2592 616 μὲν
2631 547 2758 616 γὰρ,
2793 551 2959 614 φησι,
3013 542 3104 596 καὶ
3138 541 3204 595 τὰ
3247 541 3399 612 παρά
3437 541 3549 594 τῶν
3601 541 3788 605 ἀλιτηο

2202 641 2334 711 ρίων
2377 637 2643 691 Ἰουδαίων
2682 635 3044 708 τολμηθέντα,
3090 634 3341 704 ἀφόρητα
3367 628 3434 704 ἦν
3457 649 3470 662 ⁸
3525 633 3668 702 πλὴν
3698 633 3784 686 δε-

2197 729 2368 784 δόσθω
2415 728 2630 798 φορητὰ
2669 724 2836 782 εἶναι·
2891 725 2944 778 τί
2975 726 3040 781 ἄν
3088 742 3173 787 τις
3222 723 3351 794 φαίη
3406 725 3501 777 καὶ
3535 722 3785 793 περὶτοῦ

2198 820 2482 892 προδότου,
2526 821 2584 883 ὃς
2617 838 2680 888 γε
2711 821 2807 889 τῆς
2841 817 2982 889 ἐμῆς
3018 815 3500 888 ὑπερεμπλησθεὶς
3525 815 3784 880 ἀνεξικα-

2197 912 2341 975 κίας,
2383 913 2504 964 κατ’
2550 910 2685 980 ἐμοῦ
2739 911 2832 962 τὸν
2873 911 3032 980 κόρον
3065 909 3299 978 ἤνεγκε;
3357 907 3600 969 Ταύταις
3651 908 3772 967 ταῖς

2203 1003 2438 1073 ἐπῳδαῖς
2471 999 2890 1072 καταπραΰνετε
2930 998 3026 1059 τὰς
3060 996 3246 1068 ὕϐρεις
3281 1002 3295 1066 ς
3307 997 3418 1065 76),
3456 998 3552 1050 καὶ
3604 995 3785 1048 τιθασ-

2201 1093 2407 1146 σεύετε.
2482 1092 2698 1156 Εἴξουσι
2750 1090 2860 1161 γὰρ
2941 1087 3136 1160 ῥᾳδίως
3180 1091 3292 1152 τοῖς
3345 1088 3519 1142 ταῦτα
3575 1102 3784 1140 κατεπ-

2198 1187 2437 1257 ᾲδουσιν.

513 1275 757 1334 lerabilia
791 1297 930 1338 esse.
964 1283 1100 1350 Quid
1131 1285 1327 1340 dixerit
1355 1287 1477 1356 quis
1502 1287 1665 1341 etiam
1693 1285 1760 1340 de
1789 1285 2086 1356 proditore,
2124 1280 2219 1354 qui
2289 1291 2406 1333 mea
2448 1276 2855 1349 longanimitate
2895 1288 2950 1332 et
3017 1276 3300 1332 tolerantia
3355 1279 3418 1329 ad
3475 1283 3781 1330 extremam

512 1374 849 1427 saturitatem
899 1375 1149 1444 repletus,
1201 1388 1388 1432 contra
1438 1393 1524 1432 me
1571 1378 1873 1434 satietatem
1929 1377 2074 1432 illam
2113 1370 2344 1428 extulit?
2379 1369 2536 1424 Hisce
2600 1369 2753 1437 quasi
2830 1367 3151 1438 quibusdam
3203 1367 3628 1421 incantamentis
3661 1365 3782 1422 illa-

511 1473 594 1526 tas
626 1465 778 1519 vobis
803 1465 1026 1534 injurias
1059 1467 1221 1523 lenite
1254 1478 1414 1538 atque
1432 1469 1694 1524 cicurate.
1726 1467 1909 1524 Facile
1935 1478 2167 1535 namque
2201 1461 2399 1518 cedent
2430 1459 2519 1523 iis,
2552 1459 2644 1529 qui
2677 1458 2935 1513 adversus
2968 1471 3060 1511 eas
3090 1456 3361 1513 occinent.

652 1577 905 1634 CLXXX.
937 1611 1008 1621 —-
1037 1580 1426 1638 THEUDOSIO
1464 1581 1942 1640 PRESBYTERO.

515 1690 689 1757 Quare
719 1693 788 1745 ad
822 1709 1042 1768 crucem
1063 1694 1394 1768 proﬁciscens
1427 1694 1667 1768 Christus
1700 1697 1932 1768 lugentes
1965 1712 2083 1750 ntu-

1002 1764 1157 1818 lieres
1193 1765 1488 1834 objurgarit
1523 1765 1594 1819 ".

581 1875 764 1945 Neque
810 1879 1129 1936 luctatorem
1187 1897 1526 1952 generosum.
1557 1883 1656 1954 qui
1694 1884 1752 1939 in
1807 1891 2089 1939 certamen

513 1969 806 2034 descendit,
871 1981 926 2026 et
989 1973 1209 2036 pulvere
1269 1976 1595 2046 aspergitur,
1645 1982 1697 2031 et
1759 1975 2087 2044 percutitur,

512 2059 708 2115 deﬂere
755 2061 1113 2132 lacrymisque
1161 2067 1412 2136 prosequi
1464 2066 1665 2122 decet:
1701 2067 1912 2121 labores
1943 2066 2088 2119 enim

512 2150 612 2219 ipsi
645 2152 696 2205 in
722 2167 949 2208 coronas
977 2155 1266 2223 desinunt;
1300 2173 1473 2228 neque
1521 2168 1802 2214 strenuum
1853 2158 2085 2226 aliquem

510 2241 737 2296 militem
778 2244 844 2298 ad
871 2245 1064 2299 bellum
1097 2247 1551 2316 proﬁciscentem,
1581 2247 1668 2301 ubi
1700 2258 1755 2302 et
1787 2247 2006 2302 vulnera
2036 2255 2090 2302 et

513 2335 870 2391 mactationes
926 2338 1280 2406 perpetietur,
1323 2339 1576 2394 lamentis
1624 2337 1838 2394 allicere
1890 2353 2089 2393 conveo

512 2425 593 2480 nit
625 2443 638 2479 :
675 2427 868 2481 redibit
909 2430 1054 2482 enim
1095 2431 1266 2486 victor
1314 2431 1582 2501 gloriosus
1625 2439 1679 2486 et
1725 2429 1991 2486 columnis
2036 2438 2092 2484 et

512 2518 802 2586 praeconiis
840 2521 1094 2587 potietur.
1128 2519 1232 2576 Sed
1253 2521 1374 2575 illos
1404 2522 1583 2591 potius
1615 2523 2089 2592 lacrymis'prose-

513 2605 606 2675 qui
629 2606 844 2675 dignum
873 2618 977 2676 est,
1010 2610 1101 2679 qui
1131 2610 1197 2664 ad
1239 2611 1521 2665 latrocinia
1553 2612 1835 2680 caedesque
1861 2621 2087 2681 patran-

515 2697 614 2752 das
645 2708 894 2764 currunt,
921 2702 1161 2757 maxime
1191 2702 1408 2770 quidem
1441 2713 1566 2758 tunc
1608 2717 1730 2757 cum
1760 2702 2088 2758 maleficium

516 2791 890 2856 exercuerim;
920 2792 1114 2847 deinde
1154 2808 1282 2848 vero
1312 2795 1476 2848 etiam
1539 2803 1665 2849 tunc
1711 2795 1927 2864 quando
1964 2810 2093 2863 sup-

515 2879 680 2948 plicio
707 2879 1030 2937 adiciuntur.
1066 2881 1343 2950 Quomodo
1403 2885 1568 2953 igitur
1625 2885 1836 2942 discere
1892 2886 2091 2953 quaesi-

517 2968 664 3032 visti,
694 2983 852 3036 quam
897 2970 967 3023 ob
1013 2984 1228 3024 causam
1262 2971 1537 3036 Christus,
1587 2987 1694 3041 quo
1742 2981 1981 3040 tempore
2023 2974 2092 3028 ad

517 3073 731 3112 crucem
767 3059 988 3114 victoris
1026 3070 1082 3114 et
1116 3061 1525 3131 triumphatoris
1573 3061 1745 3116 instar
1781 3061 2091 3130 proficisce-

516 3149 697 3213 batur,
727 3149 1081 3206 lamentantes
1105 3152 1354 3208 mulieres
1378 3168 1482 3207 non
1509 3153 1668 3207 modo
1691 3167 1794 3207 non
1813 3154 2093 3223 amplexus
2119 3127 2162 3186 ο

517 3238 704 3302 fuerit,
745 3254 930 3295 verum
985 3239 1149 3296 etiam
1203 3243 1648 3310 reprehenderit?
1675 3241 1897 3298 Constat
1922 3244 2089 3310 enim,

519 3331 564 3385 si
599 3334 721 3400 quis
761 3332 928 3387 vicem
963 3333 1140 3388 doleat
1164 3335 1438 3405 patientis,
1472 3335 1524 3389 id
1552 3336 1602 3390 ei
1631 3337 1848 3406 quidem
1887 3337 1979 3404 qui
2007 3336 2093 3390 in-

517 3424 662 3491 vitus
687 3424 911 3492 patitur,
959 3425 1156 3480 solatio
1189 3441 1344 3490 esse;
1372 3427 1422 3481 ei
1449 3440 1577 3480 vero
1604 3428 1692 3496 qui
1733 3442 1831 3483 sua
1878 3436 2090 3497 sponte,

516 3515 775 3585 iniuriam
808 3517 1020 3572 afferre.
1058 3517 1256 3586 injuria
1292 3519 1437 3574 enim
1484 3527 1570 3572 est
1622 3518 1697 3574 illi
1750 3520 2091 3575 condolentia

522 3621 587 3661 ac
619 3609 1040 3673 commiseratio,
1070 3609 1157 3664 cui
1189 3625 1292 3664 non
1329 3617 1654 3689 praster‘aut
1685 3620 1874 3665 contra
1906 3612 2092 3666 volun-

518 3707 683 3752 tatem
711 3699 890 3754 evenit
919 3703 1062 3769 quod
1093 3702 1313 3770 patitur.
1341 3701 1504 3772 516
1545 3701 1808 3767 Quoniam
1847 3701 2011 3771 igitur
2039 3711 2094 3757 et

519 3792 634 3859 ipse
687 3791 871 3848 volens
924 3793 991 3848 ad
1049 3794 1352 3864 passionem
1415 3795 1683 3858 veniebat,
1743 3803 1797 3848 et
1861 3803 2091 3849 mortem

518 3883 910 3948 exstincturus,
958 3893 1014 3939 et
1053 3885 1324 3940 diabolum
1377 3896 1769 3950 enmaturus;
1814 3885 1916 3941 illae
1963 3900 2092 3942 vero

2432 1575 2562 1644 PH'.
2599 1602 2669 1617 -—
2699 1572 3030 1642 ΘΕΟΔΟΣΙῼ
3059 1568 3532 1640 ΠΡΕΣΒΥΤΕΡῼ.

2189 1688 2291 1743 Διὰ
2325 1689 2382 1742 τί
2405 1687 2501 1741 ἐπὶ
2527 1687 2637 1741 τὸν
2664 1686 2932 1754 σταυρὸν
2951 1685 3276 1753 ἐρχόμενος
3299 1685 3332 1754 ό
3365 1682 3628 1749 Χριστὸς
3652 1681 3784 1750 ταῖς

2436 1753 2835 1826 κοπτομέναις-
2859 1755 3137 1826 γυναιξὶν
3163 1753 3550 1822 ἐπετίμησεν.

2263 1869 2399 1924 Οῠτε
2426 1872 2516 1924 τὸν
2543 1871 2789 1938 γενναῖον
2818 1867 3055 1938 ἀθλητὴν
3073 1869 3152 1931 είς
3173 1866 3263 1919 τὸν
3288 1865 3478 1934 ἀγῶνα
3515 1865 3780 1932 καθέντα,

2192 1963 2288 2018 καὶ
2329 1963 2702 2033 κονιζόμενον,
2756 1961 2850 2014 καὶ
2886 1959 3260 2030 τυπτόμενον,
3317 1957 3658 2029 θρηνητέον·
3700 1959 3782 2023 είς

2193 2055 2489 2124 στεφάνους
2527 2055 2636 2125 γὰρ
2684 2053 2830 2123 αὐτῷ
2874 2053 2923 2105 οἱ
2960 2053 3110 2106 πόνοι
3135 2049 3493 2104 τελευτῶσινο
3531 2049 3659 2104 οὔτε
3687 2050 3783 2104 τὸν

2190 2145 2416 2216 ἀριστέα
2448 2146 2505 2198 ὲν
2547 2128 3020 2214 πολέμῳὲξιόντα,
3043 2141 3140 2195 καὶ
3158 2140 3473 2211 τραύματα,
3510 2139 3609 2193 καὶ
3636 2157 3780 2209 σφα-

2191 2237 2292 2305 γὰς
2325 2236 2591 2307 μέλλοντα
2637 2235 2954 2305 ὑπομένειν,
3007 2234 3365 2304 ὀλοφυρτέον·
3408 2231 3781 2301 τροπαιοῦχος

2191 2326 2298 2398 γὰρ
2343 2326 2629 2396 ἐπανήξει,
2689 2327 2785 2379 καὶ
2837 2324 3047 2394 στηλῶν
3079 2324 3174 2377 καὶ
3206 2323 3564 2395 ἀναῤῥήσεων
3587 2322 3779 2390 τεύξει-

2189 2435 2307 2472 ται·
2359 2417 2475 2472 ἀλλ’
2509 2418 2754 2480 ἐκείνους
2806 2416 3121 2486 θρηνητέον,
3158 2417 3285 2479 τοὺς
3344 2417 3438 2468 ἐπὶ
3495 2415 3781 2484 λῃστείαις

2197 2513 2292 2563 καὶ
2346 2509 2723 2579 ἀνδροφονίαις
2772 2508 3015 2572 θέοντας,
3071 2507 3306 2577 μάλιστα
3358 2506 3458 2576 μὲν
3497 2508 3627 2559 ὅταν
3675 2523 3780 2559 κα-

2191 2603 2519 2674 κουργῶσιν,
2582 2601 2775 2655 ἔπειτα
2823 2601 2878 2652 δὲ
2929 2601 3024 2654 καὶ
3076 2601 3204 2653 ὅταν
3243 2598 3581 2663 κολάζωνται
3652 2599 3781 2663 Πῶς

2191 2691 2284 2748 οὖν
2323 2693 2596 2764 ἐζήτησας
2652 2692 2866 2762 μαθεῖν,
2909 2691 2975 2745 δι’
3002 2692 3070 2763 ἢν
3105 2691 3283 2744 αἰτίαν
3330 2691 3637 2762 θρηνούσας
3677 2690 3782 2754 τὰς

2191 2788 2479 2854 γυναῖκας,
2535 2787 2624 2839 ὅτε
2694 2786 2787 2837 ἑπί
2837 2785 2928 2838 τὸν
2989 2785 3221 2856 σταυρὸν
3289 2784 3366 2847 ὡς
3413 2782 3781 2854 τροπαιοῦχος

2193 2877 2357 2948 ἀπῄει
2385 2879 2413 2930 ὁ
2443 2879 2681 2948 Χριστὸς
2733 2879 2793 2930 οὐ
2827 2878 2988 2948 μόνον
3019 2877 3119 2930 οὐκ
3153 2876 3476 2940 ἀπεδέξατο,
3509 2875 3648 2928 ἀλλὰ
3682 2877 3782 2930 καὶ

2193 2957 2530 3037 ὲπετίμηάες
2570 2967 2740 3036 Δῆλον
2764 2967 2873 3038 γὰρ
2907 2968 2988 3020 ὅτι
3021 2966 3098 3037 τῷ
3137 2965 3236 3036 μὲν
3268 2966 3457 3019 ἀκοντὶ
3513 2967 3781 3036 πάσχοντι

2193 3059 2226 3127 ἡ
2263 3057 2576 3127 συμπάθεια
2604 3059 2977 3129 παράκλησις,
3010 3057 3086 3127 τῷ
3115 3057 3171 3110 δὲ
3203 3057 3381 3110 ἑκοντὶ
3411 3055 3572 3128 ὕϐριν
3594 3056 3776 3126 φέρει.

2195 3149 2395 3220 ’Υϐρις
2441 3150 2553 3220 γὰρ
2591 3150 2784 3220 ἐκείνῳ
2812 3149 2873 3202 τὸ
2927 3147 3236 3219 συμπαθὲς,
3288 3141 3332 3216 ᾧ
3381 3147 3456 3218 μὴ
3505 3146 3569 3199 τὸ
3605 3146 3780 3214 πάθος

2195 3245 2524 3315 ἀϐούλητον.
2571 3246 2727 3299 Ἐπεὶ
2757 3246 2934 3299 τοίνυν
2962 3245 3057 3299 καὶ
3088 3243 3251 3306 αὐτὸς
3284 3241 3424 3296 ἑκὼν
3455 3245 3548 3296 ἐπὶ
3581 3243 3644 3296 τδ
3674 3242 3782 3297 πά-

2197 3335 2290 3400 θος
2323 3337 2548 3408 ἧρχετο,
2577 3338 2788 3390 καὶτὸν
2812 3337 3041 3390 θάνατον
3072 3335 3304 3397 σϐέσων,
3345 3335 3441 3388 καὶ
3467 3334 3559 3388 τὸν
3591 3335 3778 3390 διάϐο-

2195 3429 2286 3482 λον
2315 3429 2650 3499 ὲκνευρίσων
2671 3446 2684 3460 ⁸
2707 3429 2965 3499 ἐθρήνουν
2990 3428 3045 3480 δὲ
3069 3429 3272 3481 ἐκεῖναι
3289 3426 3379 3480 τὸν
3408 3426 3780 3498 εὐφημεῖσθαι

2194 3519 2287 3572 καὶ
2319 3517 2629 3588 κροτεῖσθαι
2652 3518 2860 3572 δίκαιον
2888 3519 3018 3572 ὄντα
3039 3534 3050 3547 ³
3074 3517 3161 3570 διὰ
3189 3516 3346 3570 τοῦτο
3371 3516 3485 3582 καὶ,
3515 3515 3593 3580 ὡς
3623 3517 3781 3588 νομί-

2197 3608 2350 3673 ζουσί
2390 3626 2552 3674 τινες,
2609 3610 2992 3681 κατηράσατο·
3043 3609 3118 3672 ὡς
3161 3607 3218 3661 δὲ
3264 3612 3297 3679 ή
3348 3607 3582 3678 ἀλήθεια
3640 3608 3777 3678 ἔχει,

2194 3707 2548 3775 προεμήνυσε
2578 3705 2646 3758 τὰ
2674 3706 2941 3776 μέλλοντα
2968 3707 3157 3768 αὐταῖς
3199 3703 3579 3775 συμϐήσεσθαι
3610 3705 3775 3759 κακά.

2193 3795 2520 3865 Θρηνεῖσοαι
2579 3795 2687 3866 γὰρ
2733 3796 2795 3848 οὐ
2846 3795 3005 3866 θέμις
3048 3794 3141 3847 τὸν
3197 3793 3632 3864 τροπωσὰμενον
3678 3796 3781 3866 τὴν

2195 3887 2492 3958 ἁμαρτίαν,
2541 3889 2632 3940 καὶ
2670 3887 2971 3940 σπεύδοντα
3017 3887 3110 3939 ὲπὶ
3153 3885 3231 3957 τῷ
3283 3886 3496 3938 καὶτὸν
3548 3887 3782 3940 θάνατον

518 3973 784 4029 deﬂebant
814 3979 1010 4045 Ipsum,
1035 3978 1124 4046 qui
1159 3977 1364 4031 laudari
1401 3980 1579 4046 potius
1606 3987 1658 4031 et
1686 3978 1872 4046 plausu
1916 3979 2091 4048 excipi

2199 3975 2530 4044 θανατῶσαι,
2565 3977 2658 4030 καὶ
2689 3979 2779 4030 τὸν
2828 3977 3074 4032 διάϐολον
3103 3978 3284 4046 δῆσαι,
3321 3974 3461 4029 ἀλλὰ
3504 3977 3600 4030 καὶ
3653 3977 3782 4039 “:05;

519 4063 832 4118 merebatur
862 4082 875 4118 :
909 4081 1025 4118 eam
1051 4065 1119 4120 ob
1146 4080 1260 4120 rem
1293 4067 1476 4131 etiam,
1518 4076 1575 4121 ut
1605 4068 1961 4137 quorumdam
1990 4067 2092 4122 fert

2199 4070 2304 4122 ὑπὸ
2324 4069 2530 4122 τούτων
2557 4069 2812 4123 ἁπάντων
2841 4069 3067 4132 ἁλόντας
3096 4069 3229 4140 (77).

519 4154 720 4221 opinio,
754 4156 886 4210 diris
921 4157 1066 4227 ipsas
1136 4157 1444 4228 dellgebat;
1489 4167 1546 4212 ut
1588 4169 1770 4212 autem
1843 4161 2045 4215 veritas
2111 4161 2296 4226 liabet,
2355 4160 2828 4231 prasignilicabat-
2866 4177 2928 4214 ea
2983 4176 3102 4229 quae
3151 4161 3282 4229 ipsis
3331 4173 3556 4215 ventura
3591 4169 3779 4216 essent

521 4247 680 4299 mala.
711 4245 844 4301 Nam
892 4247 1144 4319 lacrymis
1173 4263 1292 4303 eum
1331 4251 1582 4320 prosequi
1610 4249 1692 4305 fas
1723 4267 1826 4305 non
1858 4261 1960 4316 est,
1996 4255 2086 4322 qui
2129 4255 2195 4308 de
2222 4263 2448 4322 peccato
2482 4263 2740 4322 trcpamm
2768 4253 3058 4317 statuebat,
3085 4261 3140 4305 et
3210 4263 3573 4320 praeterquam
3632 4255 3777 4321 quod

522 4338 590 4392 ad
622 4351 844 4392 mortem
875 4351 1047 4394 morte
1080 4340 1408 4395 multandam
1454 4342 1744 4398 festinabat
1774 4353 1827 4398 et
1868 4346 1934 4398 ad
1963 4345 2306 4402 vinciendum
2369 4347 2665 4411 diabolum,
2716 4345 2782 4400 ad
2847 4361 2940 4400 cos
2993 4359 3230 4414 quoque,
3267 4345 3354 4414 qui
3426 4345 3493 4398 ab
3550 4344 3635 4398 bis
3662 4359 3779 4398 om-

522 4432 678 4486 nibus
719 4432 912 4501 captivi
950 4434 1287 4500 tenebantur,
1336 4435 1640 4491 liberandos
1673 4452 1732 4492 se
1755 4437 2092 4494 conferebat.

699 4544 983 4598 CLXXXI.
1015 4575 1083 4586 —
1123 4545 1396 4601 HlERACl
1437 4548 1911 4606 PRESBY'I‘EBO.

2475 4553 2650 4606 PHA‘.
2682 4581 2751 4591 —
2782 4551 3016 4606 IEPAKI
3053 4547 3524 4618 ΠΡΕΣΒΥΤΕΡῼ.

525 4657 591 4712 In
617 4657 773 4724 illud,
809 4677 827 4710 ι
875 4657 1052 4713 Nolite
1085 4670 1271 4713 sancta
1307 4661 1434 4714 dare
1474 4663 1694 4718 canibus
1726 4666 1790 4731 ",
1829 4685 1848 4718 ι
1893 4675 1948 4721 et
1975 4682 2092 4737 qua:

1138 4742 1460 4786 seuuuntur.

2206 4665 2306 4733 Εις
2336 4669 2427 4720 τό·
2455 4685 2472 4718 ι
2506 4665 2602 4734 Μὴ
2647 4664 2796 4719 δῶτε
2838 4664 3078 4786 nigrm
3129 4664 3254 4729 τοῖς
3311 4662 3474 4727 κυσὶ,
3514 4679 3533 4713 ι
3587 4661 3682 4714 καὶ
3710 4660 3780 4715 τὰ

2950 4752 3066 4786 ξης.

1138 4742 1460 4799 sequuntur.

2917 4742 3044 4802 ἑξῆς
3053 4775 3066 4787 ο

597 4837 800 4893 Revera
829 4839 1044 4911 dignum
1081 4841 1436 4898 admiratione
1479 4854 1563 4899 est
1611 4847 1915 4914 oraculum,
1949 4854 2089 4919 quod

2275 4851 2481 4912 Ὄντως
2501 4847 2829 4918 ἀξιὰγαστος
2861 4851 2889 4902 ὁ
2929 4847 3069 4910 θεῖος
3099 4847 3363 4919 χρησμὸς,
3405 4847 3463 4900 ὃν
3503 4847 3779 4918 ἑρμηνευ-

603 5015 644 5046 ³⁸
672 5013 801 5070 Luc.
832 5032 986 5084 mn,
1010 5019 1100 5085 27,
1129 5021 1218 5076 28.
1296 5024 1336 5055 ¹⁹
1364 5022 1553 5080 Matth.
1587 5043 1684 5090 vn,
1721 5028 1774 5079 6.

1606 5182 1841 5238 VARUE
1884 5185 2260 5243 LECTIONES
2300 5189 2387 5244 ET
2421 5189 2650 5244 ΝΟΤᾹΞ.

603 5333 710 5409 (ῖϐ)
745 5335 942 5406 Caner
981 5352 1066 5405 ep.
1102 5339 1228 5404 151,
1265 5340 1359 5394 lib.
1398 5358 1456 5409 ll,
1497 5343 1721 5398 Videtur
1757 5343 1995 5399 alludere
2027 5346 2090 5399 ad

532 5403 984 5486 Pythagoreorum
1005 5403 1342 5476 sapientiam.
1371 5405 1468 5486 Qui
1494 5414 1635 5466 enim
1663 5415 1727 5467 de
1755 5415 1858 5466 vita
1896 5414 2096 5486 Pytha-

535 5489 675 5538 gorae
705 5483 1008 5530 accuratius
1043 5483 1390 5534 commentuti
1422 5492 1566 5545 sunt,
1626 5492 1894 5537 testantur
1942 5483 2094 5542 illum

535 5559 660 5620 suus
691 5546 942 5610 qrrasdam
983 5549 1229 5621 habuisse
1257 5551 1489 5620 ἐπῳδὰς,
1528 5553 1720 5621 quibus
1771 5570 1872 5607 non
1917 5555 2093 5609 minus

537 5619 836 5692 nuntiorum
880 5619 1310 5692 perturbationes
1346 5619 1510 5688 quam
1543 5619 1828 5688 corporum
1867 5625 2086 5692 mgritu-

535 5689 687 5734 tl'm‘s
750 5687 1012 5751 depellere
1070 5690 1255 5742 Solitus
1311 5687 1399 5744 sit.
1462 5693 1593 5746 Vide
1639 5687 1997 5746 Jaiublielium
2038 5707 2090 5746 et

536 5751 796 5805 M.:|etrmu
829 5756 875 5805 in
907 5755 1016 5808 Vita
1059 5755 1386 5830 Pythagoran
1423 5763 1555 5827 Quid
1602 5773 1778 5818 autem
1810 5764 1872 5818 tle
1904 5765 2088 5834 epodis

2205 5349 2318 5400 sive
2346 5346 2820 5405 incantationibus,
2857 5361 2974 5412 qum
3015 5344 3405 5407 vetustissimo,
3439 5343 3533 5397 sed
3570 5347 3778 5410 impro-

2205 5420 2330 5469 batn
2376 5433 2561 5478 more,
2615 5419 2865 5470 curandis
2911 5415 3221 5470 vulneribus
3275 5429 3337 5467 ac
3384 5414 3589 5467 morbis
3631 5416 3774 5467 :rdlri-

2203 5487 2419 5551 bentur,
2467 5486 2804 5538 sentiendum
2837 5487 2929 5549 sit,
2977 5486 3158 5538 muilis
3185 5485 3284 5538 SS.
3317 5483 3536 5536 Patrum
3585 5496 3776 5536 auctu-

2204 5558 2626 5609 ritatilrusdomti
2659 5557 2708 5608 in
2748 5556 3028 5610 Sncmrnnt
3061 5553 3360 5608 Lectionum
3392 5553 3561 5606 libris.
3594 5552 3757 5607 ίίιττ.

2271 5627 2382 5693 (77)
2438 5627 2741 5690 Ἀλόντας.
2789 5626 3056 5680 Omissmu
3119 5634 3173 5677 et
3206 5625 3504 5693 addendum
3560 5625 3774 5677 videtur

2203 5691 2422 5752 \‘Ct'liuzn
2457 5696 2747 5764 λυτρῶςαι,
2787 5700 2860 5747 γιιι
2893 5693 3296 5762 ἁπολυτροῦσαι
3357 5691 3519 5747 Ruf.
