3988 6450
247 370 388 438 1273

1048 368 1588 432 EPISTULARUM
1614 368 1761 427 LIB.
1803 365 1900 424 IV.
1928 387 1993 397 --
2019 359 2258 420 EPIST.
2312 355 2690 417 CLXXXIII.

3388 352 3525 418 1274

243 480 409 552 θῆναί
434 496 516 534 σοι
549 478 961 553 παρεκελεύσω.
1001 480 1074 533 Τὸ
1093 480 1235 552 γάρ’
1271 497 1290 531 ι
1321 479 1412 550 Μὴ
1438 479 1573 534 δῶτε
1612 477 1679 530 τὰ
1698 476 1831 544 ἆγια

1937 475 2030 525 tibi
2063 471 2260 540 exponi
2301 468 2528 539 petiisti.
2590 465 2725 520 illud
2770 462 2914 519 enim
2959 463 3206 518 dictum:
3268 481 3286 515 ι
3345 462 3528 521 Nolite

239 576 358 637 τοῖς
385 575 535 639 κυσὶ,
571 572 707 644 μηδὲ
756 572 949 644 ῥίψητε
982 574 1109 634 τοὺς
1154 573 1504 642 μαργαρίτας
1547 570 1702 641 ὑμῶν
1735 567 1834 638 ἔμ-

240 664 490 735 προσθεν
523 663 632 716 τῶν
657 665 877 733 χοίρων,
907 663 1117 733 μήποτε
1141 664 1609 733 καταπατήσωσιν
1632 659 1831 722 αὐτοὺς

237 757 358 818 τοῖς
392 756 553 809 ποσὶν
574 754 775 822 αὐτῶν,
824 754 916 807 καὶ
959 753 1294 824 στραφέντες
1326 753 1565 824 ῥήξωσιν
1599 752 1764 822 ὑμᾶς,
1804 768 1824 801 ι

238 846 488 901 τοιοῦτόν
517 861 640 900 τινα
664 845 846 899 ὡδίνει
871 843 1016 920 νοῦν.
1056 844 1277 916 Ἐπειδὴ
1306 845 1461 908 ἅγιος
1489 845 1584 897 καὶ
1612 859 1830 915 μαργασ

241 937 405 1009 ρίτης
427 936 599 999 ὅντως
630 935 1066 1007 τιμαλιρέστατος
1096 935 1124 986 ό
1167 934 1309 997 θεῖος
1351 934 1532 1002 λόγος,
1586 932 1747 996 κύνες
1771 931 1828 985 δὲ

240 1028 341 1081 καὶ
368 1029 544 1098 χοῖροι
578 1027 640 1078 οὐ
678 1026 840 1097 μόνον
871 1026 919 1078 οἱ
951 1029 1081 1096 περὶ
1109 1033 1178 1080 τά
1200 1025 1465 1096 δόγματα,
1493 1023 1632 1078 ἀλλὰ
1658 1024 1754 1078 καὶ
1779 1026 1827 1076 ot

241 1136 310 1172 πε
322 1120 376 1190 pl.
399 1118 499 1181 τὰς
522 1117 753 1188 πράξεις
781 1116 1089 1183 πταίοντες,
1115 1117 1584 1186 καταπάτησιςδὲ
1620 1118 1652 1187 ἡ
1699 1116 1828 1188 περὶ

239 1209 426 1266 αὐτῶν
474 1208 590 1281 ἔρις
623 1210 717 1263 καὶ
763 1209 1093 1280 ζυγομαχία,
1135 1209 1244 1262 τῶν
1283 1210 1380 1279 μὲν
1426 1209 1524 1281 τὴν
1558 1209 1828 1282 ὀρθότητα

237 1301 350 1354 τῶν
382 1299 670 1371 δογμάτων
700 1299 1029 1371 ἀνατρέπειν
1061 1300 1444 1372 πειρωμένων,
1493 1299 1604 1353 τῶν
1630 1299 1685 1353 δὲ
1726 1299 1826 1368 τὴν

237 1393 476 1463 ἀρίστην
524 1393 802 1446 πολιτείαν
843 1392 1270 1463 ἐξυϐριζόντων·
1322 1392 1478 1465 ῥῆξις
1504 1392 1560 1446 δὲ
1594 1391 1705 1446 τῶν
1734 1390 1827 1445 τὸν

239 1482 385 1535 θεῖον
412 1482 568 1550 λόγον
593 1483 1028 1554 πρεσϐευόντων,
1061 1483 1155 1537 καὶ
1181 1483 1288 1536 τῶν
1320 1485 1432 1555 (78)
1461 1483 1658 1554 ἄριστα
1684 1501 1826 1555 συμ-

237 1570 629 1635 6ουλευόντων,
668 1573 701 1642 ἠ
731 1571 840 1625 τῶν
885 1573 984 1625 οὐκ
1016 1572 1194 1645 ὀρθῶς
1248 1573 1510 1644 βιούντων
1541 1575 1824 1644 καταφρό-

235 1679 396 1731 νησις
423 1661 519 1716 καὶ
553 1662 746 1733 ἀτιμία
766 1680 780 1694 ⁸
802 1662 890 1716 διὰ
911 1662 1067 1716 τοῦτο
1090 1663 1196 1735 ἔφη
1216 1680 1230 1694 ·
1253 1664 1345 1736 Μὴ
1367 1660 1442 1728 ὼς
1469 1663 1671 1718 εὔωνόν
1699 1682 1820 1717 τινα

234 1755 331 1807 καὶ
363 1754 692 1824 εὐπόριστον
722 1754 944 1827 ρίπτετε
969 1755 1062 1809 τὸν
1086 1756 1267 1824 λόγον,
1303 1756 1390 1809 ἵνα
1420 1757 1495 1828 μὴ
1529 1757 1624 1809 καὶ
1661 1755 1821 1820 αὐτὸς

1935 575 2123 620 sancta
2183 564 2312 617 dare
2366 561 2612 626 canibus,
2667 572 2845 626 neque
2901 558 3149 628 projicite
3201 561 3525 627 margaritas

1934 666 2144 710 vestras
2169 663 2295 709 ante
2323 669 2539 723 porcos,
2575 650 2865 720 neqn-ando
2891 651 3211 704 conculcent
3241 666 3334 704 eas
3375 653 3523 720 pcdi-

1931 749 2031 802 bus
2054 750 2188 814 suis,
2224 757 2278 801 et
2309 747 2558 801 conveni
2605 746 2850 799 lacerent
2895 759 3028 810 vos;
3078 761 3098 794 ι
3148 743 3306 796 talem
3335 759 3527 812 quein-

1930 845 2051 894 dam
2096 841 2238 910 parit
2287 853 2532 894 sensum.
2585 836 2721 904 Quia
2777 835 3003 889 verbum
3052 837 3294 888 divinum
3324 847 3408 889 est
3438 850 3526 890 sa-

1929 942 2299 996 crosanctum,
2352 940 2408 984 et
2466 929 2766 1000 margarita
2825 943 3014 982 revera
3071 929 3522 997 pretiosissima:

1928 1013 2098 1080 canes
2144 1032 2326 1077 autem
2373 1006 2426 1076 et
2475 1021 2625 1091 porci
2659 1030 2805 1086 sunt,
2850 1034 2960 1073 non
3007 1020 3182 1073 solum
3230 1021 3320 1090 qui
3379 1018 3525 1074 circa

1929 1119 2178 1190 dogmata
2210 1116 2542 1171 Cbristiame
2571 1113 2870 1184 religionis,
2899 1114 2994 1169 sed
3033 1115 3195 1168 etiam
3242 1115 3333 1183 qui
3377 1115 3523 1169 circa

1927 1209 2172 1263 actiones
2197 1208 2456 1262 labuntur
2487 1225 2501 1260 :
2540 1205 2883 1261 conculcatio
2913 1215 3097 1260 autem
3126 1213 3212 1258 est
3239 1203 3523 1258 contentio

1927 1309 2090 1368 atque
2134 1297 2477 1354 concertatio
2531 1296 2598 1350 de
2646 1296 2754 1350 illis
2809 1304 3085 1365 suscepta,
3125 1294 3252 1348 dum
3285 1293 3376 1348 alii
3427 1294 3526 1348 do-

1926 1379 2166 1461 gmatum
2198 1389 2587 1444 rectitudinem
2618 1389 3099 1456 sinceritatcmqne
3144 1395 3394 1441 evertere
3431 1401 3526 1441 co-

1927 1490 2157 1547 nantur;
2194 1480 2288 1535 alii
2327 1481 2591 1550 optimam
2631 1480 2850 1534 vivendi
2895 1484 3162 1533 rationem
3190 1479 3522 1532 contmnelia

1927 1569 2186 1626 alliciunt.
2240 1559 2537 1626 Laceratio
2587 1571 2822 1640 denique
2879 1587 3071 1626 eorum
3127 1571 3216 1641 qni
3278 1571 3522 1624 divinum

1929 1663 2150 1716 verbum
2182 1669 2442 1733 tanquam
2481 1661 2646 1733 legati
2675 1663 3024 1722 annuntiant,
3045 1664 3364 1732 optimaque
3395 1663 3527 1714 dant

1931 1754 2180 1818 consilia,
2210 1765 2294 1809 est
2321 1765 2668 1824 contemptus
2710 1764 2767 1810 et
2807 1754 3128 1823 ignominia,
3151 1768 3257 1822 qua
3286 1767 3380 1808 eos
3409 1751 3526 1808 alii-

230 1847 621 1918 παροινηθείη,
668 1848 762 1902 καὶ
825 1849 983 1918 ὑμεῖς
1027 1847 1454 1920 κωμῳδηθείητε
1514 1848 1666 1920 παρὰ
1713 1849 1822 1901 τῶν

1930 1847 2074 1900 ciunt
2104 1847 2194 1916 qui
2225 1862 2335 1901 non
2379 1859 2528 1902 recte
2556 1848 2784 1913 vivunt;
2820 1849 2959 1901 hanc
2985 1846 3055 1900 ob
3086 1860 3307 1900 causam
3333 1846 3470 1899 dixit
3507 1863 3522 1901 :

227 1937 411 2007 ὀρθῶς
441 1937 554 2008 (79)
589 1939 758 2010 μηδὲν
791 1940 928 2009 μήτε
966 1939 1254 2012 λεγόντων,
1275 1941 1412 2010 μήτε
1445 1941 1820 2010 πραττόντων.

228 2025 390 2088 Τινὲς
423 2025 482 2078 δέ
520 2043 685 2094 φασιν
711 2027 812 2079 οὐκ
841 2026 949 2080 ἀπὸ
980 2028 1208 2094 σκοποῦ,
1234 2029 1316 2082 ὅτι
1339 2029 1434 2082 καὶ
1457 2029 1558 2100 τὴν
1589 2029 1824 2100 ἱερωσύ-

227 2132 328 2186 νην
359 2115 672 2185 διαγορεύει
726 2115 802 2188 μὴ
847 2116 1067 2187 δοθῆναι
1116 2120 1228 2181 τοῖς
1258 2120 1518 2188 άσελγέσι
1564 2121 1660 2174 καὶ
1681 2121 1820 2174 ἀκα-

226 2206 471 2277 θάρτοις,
504 2207 590 2258 ἵνα
625 2208 699 2278 μὴ
729 2208 824 2261 καὶ
855 2207 1027 2276 αὐτὴν
1075 2207 1380 2280 ὑϐρίσειαν,
1419 2212 1515 2264 καὶ
1542 2216 1684 2267 κατὰ
1709 2211 1818 2265 τῶν

223 2299 734 2368 χειροτονησάντων
781 2302 1102 2371 όρμήσαιαν,
1153 2300 1222 2371 ἢν
1267 2297 1414 2370 εἶχον
1468 2303 1575 2372 πρὸ
1630 2303 1821 2357 τούτου

225 2389 433 2460 σεμνὴν
463 2390 624 2454 δόξαν
654 2390 1106 2462 διαρῥηγνύντες.
1137 2392 1197 2443 El
1220 2391 1276 2444 δὲ
1305 2392 1398 2444 καὶ
1425 2396 1540 2456 τοῖς
1568 2394 1820 2465 ἁμαρτά·

225 2497 379 2533 νουσι
411 2481 643 2544 λαῖκοῖς,
686 2481 754 2533 τὰ
808 2481 926 2534 θεῖα
954 2480 1028 2552 μὴ
1073 2480 1314 2536 δίδοσθαι
1365 2483 1662 2554 μυστήρια,
1701 2485 1823 2537 trti-

221 2587 446 2641 στησον.
483 2571 544 2624 Εἰ
573 2573 630 2624 δὲ
661 2573 754 2626 καὶ
781 2574 895 2636 τοῖς
928 2574 1422 2643 προσποιουμένοις
1460 2575 1561 2644 μὲν
1600 2575 1822 2646 προσιέ-

1923 1936 2002 1991 Ne
2030 1946 2285 2007 tanquam
2316 1954 2427 1994 rem
2459 1937 2694 2006 aliquam
2737 1937 2898 1992 vilem
2945 1951 3009 1992 ac
3055 1946 3247 2006 paratu
3309 1935 3523 1992 facilem

1927 2027 2176 2097 projicite
2203 2028 2448 2094 verbum,
2475 2043 2542 2082 ne
2570 2038 2625 2083 et
2658 2029 2837 2098 ipsum
2869 2027 3199 2081 contumelia
3233 2025 3521 2092 adiciatur,

1928 2128 1984 2176 et
2010 2136 2103 2174 vos
2126 2119 2490 2175 traducamini
2517 2135 2582 2174 ac
2604 2119 2836 2174 ludibrio
2868 2117 3180 2173 habeamini
3211 2119 3279 2172 ab
3311 2118 3398 2183 iis,
3431 2118 3523 2187 qui

1933 2213 2069 2266 nihil
2091 2221 2238 2266 recte
2275 2227 2450 2280 neque
2484 2212 2693 2274 dicunt,
2719 2226 2896 2282 neque
2927 2207 3153 2264 faciunt.
3180 2208 3522 2266 Suntauletn

1928 2303 2019 2372 qui
2060 2317 2164 2357 non
2199 2303 2434 2358 absurde
2482 2303 2687 2368 dicant,
2733 2302 2878 2373 quod
2926 2303 3093 2355 etiam
3153 2302 3523 2356 sacerdotium

1929 2395 2217 2464 prohibeat
2238 2395 2356 2448 dari
2385 2395 2652 2463 improbis
2686 2403 2851 2462 atque
2889 2392 3141 2461 impuris,
3166 2408 3234 2446 ne
3266 2402 3320 2446 et
3347 2393 3523 2460 ipsum

1925 2485 2123 2554 injuria
2155 2484 2413 2553 alliciant,
2451 2495 2505 2540 et
2553 2487 2608 2540 in
2651 2500 2746 2541 eos
2799 2501 2828 2539 a
2880 2487 3079 2554 quibus
3115 2482 3272 2538 electi
3296 2494 3422 2537 sunt
3449 2483 3524 2536 ir-

1923 2586 2106 2641 ruant,
2162 2577 2362 2631 bonam
2397 2588 2561 2648 atque
2611 2577 2917 2643 honestam,
2956 2591 3063 2645 qua
3109 2577 3260 2644 prius
3311 2575 3521 2644 praediti

221 2680 310 2716 ναι
359 2666 427 2733 τῇ
478 2664 687 2729 πίστει,
733 2662 810 2734 μὴ
864 2664 1256 2733 ἀφισταμένοις
1295 2665 1354 2718 δὲ
1393 2667 1502 2719 τῶν
1535 2667 1820 2737 παρόντων

1930 2677 2101 2734 erant,
2138 2669 2602 2735 existimationem
2657 2669 3048 2723 dilacerantes.
3080 2667 3234 2734 Quod
3271 2669 3313 2721 si
3355 2669 3522 2720 etiam

217 2753 698 2824 ἐπιτηδευμάτων,
751 2754 1088 2825 ἀπαγορεύει
1128 2756 1190 2808 τὸ
1239 2755 1395 2809 Θεῖον
1447 2757 1684 2812 δίδοσθαι
1721 2759 1819 2829 βά-

1930 2760 2272 2829 peccantibus
2329 2760 2482 2817 laicis
2533 2762 2742 2816 dixeris
2793 2775 2900 2813 non
2954 2775 3074 2815 esse
3125 2761 3299 2813 danda
3339 2759 3523 2814 divina

223 2863 464 2916 πτισμα,
502 2847 820 2916 ἐπίστησον.

1937 2851 2198 2921 uysteria,
2232 2853 2374 2907 scias
2403 2861 2458 2907 te
2486 2862 2634 2906 recte
2673 2852 2944 2921 accipere.
2984 2849 3040 2905 Si
3075 2850 3314 2918 denique
3350 2851 3517 2904 etiam

216 2940 448 3003 dixeris,
490 2942 631 3008 quod
684 2941 968 3008 prohibeat
1016 2939 1256 2994 divinum
1315 2943 1584 3010 impartiri
1637 2943 1962 3012 baptisutum
2002 2946 2132 3010 illis,
2190 2947 2282 3016 qui
2341 2946 2601 3000 simulant
2663 2947 2910 3015 quidem,
2975 2961 3034 3000 se
3061 2946 3128 2999 ad
3166 2943 3323 3002 Iidem
3359 2942 3516 2999 Chri-

215 3033 454 3087 stianam
489 3033 754 3087 accedere
784 3072 800 3097 ,
833 3036 927 3088 sed
957 3036 1172 3090 interim
1228 3052 1332 3088 nou
1371 3037 1636 3091 desistunt
1671 3053 1701 3090 a
1745 3041 2110 3109 praesentibus
2171 3043 2294 3097 vitae
2331 3041 2613 3106 institutis,
2643 3041 2782 3096 scito
2828 3039 2964 3094 nihil
3039 3049 3093 3097 te
3131 3056 3160 3094 a
3231 3055 3360 3095 vero
3423 3043 3521 3093 ab-

213 3140 425 3182 errare.

538 3247 710 3301 mox
753 3276 825 3289 —
869 3247 1134 3319 tzuopo
1169 3246 1495 3317 ΔΙΛΚΟΝῼ.

220 3356 336 3414 Τοῦ
366 3359 710 3426 ψαλτηρίου
732 3401 744 3413 .
787 3361 928 3428 Περὶ
957 3361 1069 3440 τῇς
1101 3360 1222 3414 τῶν
1271 3358 1535 3429 Ψαλμῶν
1577 3361 1814 3433 ἐπιγρα-

932 3449 1076 3499 φηςι

293 3543 425 3596 Ὅτε
461 3541 559 3610 μὲν
588 3543 616 3594 ό
645 3542 951 3607 Μελοποιδς
979 3545 1263 3616 ἐμελῴδει,
1292 3546 1641 3616 ἐπεγράφετο
1671 3545 1812 3617 ψαλ·

219 3635 322 3702 μός
343 3650 359 3665 ο
398 3631 536 3703 ᾨδὴ
573 3631 651 3698 τῷ
680 3636 860 3689 Διιὸίδ
889 3636 1022 3704 (80).
1059 3637 1188 3690 Ὅτε
1223 3637 1279 3689 δὲ
1312 3637 1474 3700 αὐτὸς
1513 3639 1612 3707 μὲν
1646 3637 1810 3708 ἐμελ-

212 3725 366 3793 ῴδει,
418 3724 578 3787 ἄλλος
610 3726 666 3778 δὲ
725 3727 1058 3796 ὲμελοποίει,
1110 3729 1142 3798 ἢ
1193 3729 1275 3790 είς
1337 3729 1500 3782 αὐτὸν
1554 3727 1616 3780 τὸ
1652 3729 1813 3799 μέλος

215 3815 352 3885 παρ’
387 3815 564 3868 ἄλλων
591 3817 769 3888 ᾔδετο,
803 3818 836 3888 ἢ
865 3821 944 3882 είς
973 3820 1064 3872 τὸν
1087 3821 1146 3885 ἐξ
1172 3819 1339 3874 αὑτοῦ
1370 3821 1431 3874 τὸ
1465 3821 1608 3874 κατὰ
1633 3822 1813 3891 σάρκα

213 3907 458 3975 Χριστὸν
490 3909 754 3977 ἀνήγετο,
796 3909 1046 3978 Ψαλμύς
1085 3911 1166 3975 τῷ
1199 3911 1398 3966 Δασίδ.
1438 3913 1512 3966 Ob
1544 3914 1652 3984 γάρ
1677 3913 1815 3967 πάν-

213 4015 308 4059 τες
351 3998 402 4048 οἱ
461 3999 800 4068 μελογράφοι
853 3997 1015 4074 ᾖδον,
1075 4001 1196 4054 οὐδὲ
1247 4002 1450 4064 πάντες
1493 4003 1542 4055 ol
1597 4002 1816 4072 ᾅδοντες

215 4088 673 4156 ἑμελογράφουνο
726 4088 842 4142 ἀλλ’
891 4091 941 4142 ol
984 4091 1085 4160 μὲν
1109 4091 1291 4153 τοῦτο,
1350 4107 1397 4144 οι
1429 4093 1484 4146 δὲ
1521 4094 1735 4145 ἐκεῖνο”
1764 4094 1814 4146 οι

215 4179 275 4232 δὲ
302 4181 397 4232 καὶ
430 4180 720 4249 ἀμφότερα
742 4180 1154 4249 διεπράττοντο,
1181 4182 1276 4236 τοῦ
1313 4181 1460 4236 θείου
1493 4183 1814 4254 Πνεύματος

214 4271 438 4342 ἑκάστῳ
475 4272 535 4324 τὸ
561 4273 870 4344 πρόσφορον
892 4274 1282 4342 ἀπονέμοντος.

2177 3249 2484 3305 CLXXXII.
2513 3280 2584 3291 —
2616 3249 2892 3305 ISlDOliO
2930 3248 3252 3304 DIACONO.

2097 3363 2184 3420 Ea:
2208 3363 2496 3426 Psalterio,
2516 3364 2580 3417 de
2605 3362 2948 3417 Psolmarunt
2973 3364 3340 3432 inscriptione.

1988 3539 2216 3606 Quando
2263 3541 2376 3610 ipse
2407 3540 2747 3597 Psalmorum
2781 3551 2978 3596 auctor
3021 3542 3276 3608 canebat,
3325 3542 3527 3599 inscri-

1915 3633 2142 3688 hebatur
2192 3633 2453 3703 psalmus,
2487 3632 2601 3688 Ode
2632 3633 2842 3688 Davidi.
2874 3635 2944 3687 At
2972 3637 3193 3705 quando
3216 3635 3332 3704 ipse
3356 3634 3520 3706 51⁸1

1921 3724 2137 3793 quidem
2195 3726 2446 3790 canebat,
2498 3727 2644 3781 alius
2685 3740 2817 3782 vero
2872 3729 3061 3780 modos
3119 3725 3375 3792 faciebat,
3433 3729 3521 3782 vel

1921 3815 2141 3882 quando
2171 3815 2238 3868 ab
2266 3816 2387 3870 aliis
2414 3831 2634 3869 carmen
2681 3817 2737 3869 in
2770 3816 2946 3885 ipsum
2981 3816 3299 3881 cauebatur,
3333 3815 3419 3872 vel
3452 3817 3520 3872 ad

1922 3899 2228 3966 Christum,
2274 3902 2368 3971 qui
2400 3918 2466 3956 ex
2505 3904 2621 3971 ipso
2672 3904 2970 3958 secundum
2999 3920 3219 3960 carnem
3251 3916 3370 3960 erat
3422 3922 3522 3961 na-

1921 3993 2182 4058 sciturus,
2217 3995 2576 4058 reierebatur,
2631 3996 2918 4065 inscriptio
2961 3997 3123 4051 ﬁebat
3171 3998 3288 4053 haec
3317 4015 3330 4052 :
3359 3996 3518 4052 Prat-

1919 4099 2035 4138 mua
2065 4083 2276 4140 Damdi.
2310 4084 2424 4140 Non
2479 4087 2626 4142 enim
2674 4103 2869 4143 omnes
2900 4092 2994 4158 qui
3038 4104 3259 4144 cannea
3293 4105 3522 4159 compo-

1919 4179 2141 4243 nebant,
2163 4180 2328 4233 etiam
2353 4179 2624 4234 canebant
2647 4199 2660 4235 :
2700 4197 2878 4251 neque
2897 4197 3090 4236 omnes
3113 4182 3206 4250 qui
3224 4185 3518 4247 cauebant,

1914 4272 2078 4326 etiam
2111 4285 2331 4324 carmen
2358 4273 2800 4339 componebant;
2835 4275 2930 4328 sed
2960 4275 3050 4326 alii
3094 4275 3222 4338 hoc,
3257 4275 3347 4329 alii
3386 4273 3516 4328 illud

215 4364 517 4425 iaciebant.
548 4366 636 4418 alii
670 4381 800 4420 vero
821 4369 984 4421 etiam
1011 4378 1323 4437 utrumque,
1350 4369 1534 4424 divino
1559 4371 1808 4425 videlicet
1849 4367 2057 4437 Spiritu
2093 4364 2389 4433 unicuique
2423 4365 2496 4431 id,
2530 4365 2673 4434 quod
2711 4366 2811 4436 ipsi
2837 4369 3173 4422 conveniens
3239 4380 3293 4426 et
3329 4379 3517 4438 aptum

213 4467 385 4518 esset.
424 4459 776 4512 attrilntente.

490 4573 660 4626 Pili".
693 4602 763 4614 ο·-
795 4575 1028 4646 ΠᾹΥΛῼ
1073 4574 1372 4647 ΔΙΛΚΟΝῼ
1410 4579 1544 4644 (8|).

227 4678 361 4736 Ἐπὶ
386 4679 493 4749 τῆς
521 4682 684 4748 θείας
700 4683 1023 4752 ἐνεργείας,
1049 4685 1113 4737 τὸ
1135 4684 1267 4750 Πῶς
1283 4684 1370 4753 μὴ
1393 4685 1574 4754 ἐχέτω
1586 4685 1804 4756 χώραν.

290 4861 400 4925 (8‘2)
442 4863 674 4934 Ὀτανή
721 4862 841 4916 θεία
879 4863 1108 4933 δύναμις
1159 4868 1354 4937 ἐνεργῇ
1381 4907 1392 4927 ,
1444 4867 1505 4920 τδ
1557 4868 1680 4931 Πῶς
1731 4872 1805 4944 μὴ

216 4952 392 5025 ἐχέτω
436 4953 646 5027 χώραν.
677 4956 740 5009 El
771 4956 880 5027 γάρ
909 4957 1080 5011 πολλὰ
1125 4958 1267 5030 ὑπὲρ
1298 4957 1482 5028 φύσιν,
1525 4960 1624 5012 καὶ
1656 4961 1804 5028 λογιο

2205 4570 2534 4626 CLXXXIII.
2561 4604 2620 4615 -—
2641 4573 2722 4627 PA
2737 4573 2870 4629 ULO
2909 4573 3229 4628 DHCONO.

1915 4685 2048 4740 Cum
2074 4685 2212 4739 Deus
2241 4686 2445 4756 aliquid
2465 4687 2630 4809 facit)
2649 4684 3172 4753 qttrcstio,quomodo
3195 4726 3207 4747 ,
3246 4701 3307 4738 ne
3329 4686 3516 4739 Itabcut

2637 4773 2812 4809 acum.

2637 4773 2812 4812 acum.

1990 4868 2219 4934 Quando
2280 4869 2459 4922 divina
2505 4870 2744 4937 potentia
2783 4868 2991 4937 aliquid
3047 4877 3329 4937 cpe-ratur,
3359 4885 3498 4939 qure

1915 4962 2041 5023 etio,
2067 4963 2378 5030 quomodo,
2407 4975 2475 5016 ne
2512 4960 2708 5015 habeat
2736 4960 2935 5015 locum.
2975 4959 3112 5015 Nam
3169 4971 3291 5017 utut
3345 4960 3516 5015 multa

1327 5130 1562 5187 VARIIE
1601 5130 1990 5190 LECTIONES
2031 5132 2118 5189 ET
2154 5133 2390 5193 NOTAS.

291 5290 402 5362 (78)
431 5291 585 5362 Inter,
609 5289 721 5362 τῶν
741 5297 793 5345 ct
822 5290 1019 5362 ἄριστα
1042 5291 1163 5345 cod.
1193 5289 1316 5345 Vat.
1336 5289 1442 5345 630
1480 5291 1670 5346 inserit
1703 5291 1773 5344 τά

225 5361 376 5417 Vers.
415 5364 538 5414 inde
566 5361 623 5415 2.
656 5361 791 5414 tollit
823 5361 965 5416 τινά.
1000 5361 1208 5414 Possm.

289 5432 403 5501 (79)
455 5431 661 5502 Ὀρθῶς
715 5441 884 5482 mutat
933 5433 984 5484 in
1029 5431 1209 5502 ὀρθόν,
1256 5431 1408 5502 vers.
1447 5432 1571 5485 inde
1603 5431 1668 5488 5.
1704 5449 1799 5502 pro

219 5504 278 5557 αἱ
295 5500 388 5572 τὴν
425 5500 704 5569 ὑϐρίσειαν
740 5502 928 5554 scribit
975 5500 1256 5570 είςαύτὴν
1287 5501 1584 5570 ὑϐρίτοιεν.
1649 5500 1796 5557 νοτε.

259 5590 344 5627 cn.
370 5587 457 5637 ep.
489 5572 771 5638 παρόντων
797 5582 965 5641 mutat
1000 5574 1049 5625 in
1076 5572 1500 5641 παρανόμων,αι
1537 5587 1677 5627 vers.
1702 5577 1797 5629 ttlt.

255 5644 517 5710 τίπτησον
551 5658 598 5693 lll
620 5640 950 5710 ἐπίσκεψαι.
987 5643 1058 5695 In.

1983 5293 2092 5362 (81)
2122 5295 2410 5374 Inscriptio
2436 5297 2629 5374 deerat
2675 5297 2725 5352 in
2740 5297 2998 5374 editione
3027 5299 3356 5371 Parisiensi;
3383 5317 3506 5374 sup-

1911 5365 2086 5433 pletur
2123 5382 2186 5419 ex
2219 5365 2404 5422 codice
2436 5367 2698 5423 Vaticnno
2732 5369 2857 5424 630.
2892 5369 3047 5425 EDIT.

1982 5437 2095 5512 (32')
2134 5437 2333 5512 Confer
2359 5439 2520 5512 epist.
2545 5439 2649 5512 ῥῖϐ
2683 5439 2772 5493 lib.
2799 5449 2907 5512 uel
2935 5442 3078 5512 quod
3098 5440 3229 5512 alibi
3254 5454 3336 5497 est
3371 5447 3512 5512 apud

1909 5506 2394 5582 l‘sidurum,__éw)to;
2422 5509 2528 5571 πᾶς
2545 5508 2700 5582 λόγος
2733 5509 2870 5582 μετὰ
2901 5506 3001 5580 τῆν
3023 5511 3173 5564 θείαν
3197 5506 3515 5582 ψῆφον.’δὶο

1907 5576 2155 5650 Justinus
2186 5577 2395 5650 {tiartyr
2443 5597 2455 5632 :
2491 5580 2678 5650 σαφὴς
2735 5576 2965 5650 ἔλεγχος
2996 5576 3364 5645 (intactas-to
3398 5585 3515 5650 πῶς

1911 5647 2038 5714 περὶ
2077 5645 2451 5724 Θεοῦ-λέγειν..
2483 5645 2894 5724 Similiautulta
2927 5654 3124 5706 habent
3166 5654 3226 5706 D.
3263 5645 3511 5724 Chrysa:-

292 5711 414 5792 (8οι
444 5712 576 5763 Col.
616 5709 736 5792 Vat.
938 5713 1140 5765 omittit
1187 5710 1651 5792 ‹ῖ›ῥὴΔτςξ›“Δᾳ6ίδ,
1705 5729 1799 5779 pro
1911 5709 2142 5792 sturnus.
2203 5709 2524 5775 Ambrosius
2577 5731 2629 5776 ct
2671 5721 2785 5786 alii,
2835 5736 2953 5791 qum
3003 5737 3170 5792 parco
3211 5709 3508 5782 ascribere.

226 5784 310 5839 bis
337 5782 510 5837 bulttttl
545 5795 657 5850 pOSt
697 5780 908 5850 ψιλίιδς
943 5797 1146 5851 ponens
1175 5781 1265 5835 τοῦ
1292 5780 1478 5837 (Δαῦἰὸ.
1506 5787 1579 5838 lo.

1912 5786 2072 5840 Ιὶιιτ.
