3988 6484
153 361 283 427 I281

1043 354 1581 419 EPISTOLARUM
1622 352 1767 412 LIB.
1813 349 1912 410 IV.
1940 375 2008 384 -
2033 347 2273 410 EPIST.
2317 347 2558 410 CXCIV.

3308 342 3445 408 1282

148 471 243 524 καὶ
273 469 372 522 ἐπὶ
401 467 502 540 τῆς
527 467 629 537 γῆς
657 467 784 522 ἄνευ
819 466 1042 521 συνόδου
1069 465 1386 534 τικτόμενα·
1421 463 1561 533 πλὴν
1581 460 1742 514 τοῦτο

1855 457 1974 512 tierc
2006 470 2296 526 possumus
2318 469 2542 525 genera,
2584 467 2706 524 qua:
2738 451 2903 509 etiam
2935 453 2987 507 in
3020 460 3162 507 terra
3202 451 3441 522 gignun-

149 561 210 615 οὐ
248 561 471 631 ποιήσω
490 577 504 592 ·
533 559 667 613 ἀλλά
689 559 782 615 καὶ
817 557 1054 631 χρειώδη
1089 557 1183 611 καὶ
1206 556 1516 625 ἀναγκαίαν
1535 553 1742 624 ταύτην

149 653 432 725 ὁρίζομαι,
456 652 509 704 εἰ
542 650 677 721 πρὸς
707 649 1052 704 παιδοποιίαν
1080 649 1174 702 καὶ
1208 648 1282 720 μὴ
1299 647 1434 719 πρὸς
1454 645 1744 714 ἀσέλγειαν

150 742 366 813 βλέπει.
439 743 648 797 Ἐκεῖνο
697 742 753 796 δὲ
799 740 1000 811 μᾶλλον
1046 741 1291 811 εἴποιμι,
1333 739 1416 792 ὅτι
1461 737 1598 809 πρὸς
1644 735 1745 806 τὴν

147 837 409 907 οὐράνιον
460 836 616 900 ἀξίαν
666 833 1062 904 συγκρίνεσθαι
1108 834 1210 888 οὐκ
1255 831 1324 886 ἀν
1373 831 1458 896 εῐη
1511 829 1738 893 δίκαιος.

147 925 459 994 Κοσμικοίς
483 924 582 994 μὲν
604 926 713 995 γάρ
735 927 764 980 ὁ
794 924 973 994 γάμος
996 921 1381 995 ὲναδρυνέσθω
1412 920 1742 991 ὑποδείγμα-

149 1033 259 1070 σινο
291 1014 688 1086 ὑπερκοσμίοις
719 1014 777 1068 δὲ
835 1014 910 1086 μὴ
944 1013 1237 1096 κεχρήσθω
1271 1012 1383 1084 (95)
1418 1011 1741 1083 ὑπεροχαῖς.

149 1107 428 1178 Κοσμικοὶ
474 1105 604 1175 γοῦν
650 1105 746 1160 καὶ
805 1109 912 1159 εἰσὶ
979 1107 1074 1159 καὶ
1123 1103 1412 1159 καλοῦνται
1466 1105 1512 1156 0!
1555 1101 1743 1155 τοῦτον

147 1197 557 1265 ἀσπασάμενοι.
580 1197 643 1249 Ol
665 1196 722 1249 δὲ
744 1197 842 1266 τῆς
863 1194 1162 1267 παρθενίας
1185 1191 1412 1264 ἐρασταὶ
1431 1191 1644 1260 γνήσιοι
1665 1191 1745 1252 εἰς

146 1289 252 1352 τὰς
290 1287 403 1339 τῶν
447 1287 699 1355 ἀγγέλων
746 1285 1088 1356 τεταγμένας
1138 1285 1522 1354 ἐνεγράφησαν
1562 1280 1740 1344 ἀξίας.

147 1380 317 1448 Λέγει
350 1380 463 1452 γὰρ
497 1379 560 1432 τὸ
617 1374 809 1451 ’ᾼσμα
855 1377 917 1430 τὸ
968 1377 1251 1448 μυστικὸν,
1302 1375 1512 1446 θάμϐος
1560 1375 1745 1437 αὐτοῖς

148 1474 439 1542 προσεῖναι
467 1473 544 1536 ὡς
581 1469 954 1541 τεταγμένων.
1011 1468 1177 1523 Οὐδὲν
1208 1471 1317 1540 γὰρ
1351 1469 1478 1539 παρ’
1512 1469 1744 1531 ἐκείνοις

148 1566 432 1631 ἄτακτον,
486 1565 609 1619 οὐδὲ
657 1563 965 1634 ἀνώμαλον,
1024 1564 1160 1618 ἀλλά
1213 1563 1392 1617 πάντα
1440 1563 1596 1628 τάξει
1648 1562 1745 1614 καὶ⁸

150 1657 350 1728 ῥυθμῷ
385 1657 480 1711 καὶ
510 1657 748 1728 ἁρμονίᾳ
781 1656 1147 1726 κεκόσμηται.
1183 1656 1396 1726 Ὥσπερ
1428 1657 1610 1708 τοίνυν
1649 1654 1741 1707 οὐ·

1849 560 1938 604 tnr
1976 550 2097 606 sine
2150 549 2532 604 commistione
2593 561 2910 618 corporum.
2938 544 3048 601 Sed
3106 544 3211 600 hoc
3261 542 3445 600 facere

1846 639 2256 708 supersedebo;
2312 654 2499 695 verum
2585 645 2641 693 et
2702 637 2889 692 utilem
2967 642 3023 692 et
3073 634 3444 691 necessariam

1849 733 1991 788 hanc
2043 747 2161 788 rem
2205 746 2331 788 esse
2381 731 2701 802 pronuntio,
2742 729 2788 786 si
2837 729 2904 784 ad
2961 728 3261 785 liberorum
3317 743 3446 796 pro-

1845 825 2201 888 creationem,
2236 834 2291 879 et
2321 839 2429 878 non
2465 823 2533 879 ad
2567 822 2847 878 libidinem
2877 820 3202 891 explendam
3230 819 3443 874 refera-

1849 923 1956 969 tur.
1990 911 2107 970 Hoc
2135 922 2314 969 autem
2334 914 2514 984 potius
2565 912 2971 974 amrmaverim.
2999 909 3278 982 indignam
3320 924 3450 966 esse

1846 1021 1970 1076 quae
1996 1019 2119 1061 cum
2156 1003 2364 1060 cmlesti
2416 1002 2686 1071 dignitate
2735 1011 3107 1074 comparetur.
3147 998 3452 1054 Mundanis

1844 1096 2066 1169 quidem
2098 1094 2364 1166 exemplis
2391 1109 2512 1159 sese
2534 1093 2703 1164 iactet
2751 1093 3160 1149 matrimonium
3195 1108 3209 1145 :
3243 1105 3445 1161 supra-

1847 1187 2134 1244 mundanis
2184 1195 2362 1242 autem
2418 1185 2759 1242 cxcellentiis
2814 1200 2886 1240 ne
2945 1192 3147 1239 utatur.
3189 1182 3450 1237 Mundani

1847 1281 2013 1350 igitur
2039 1289 2092 1335 et
2110 1292 2236 1335 sunt
2271 1287 2326 1334 et
2349 1278 2708 1334 vocanturilli
2734 1277 2827 1349 qui
2852 1278 2904 1333 id
2927 1275 3162 1347 amplexi
3190 1275 3442 1344 fuerunt;

1846 1385 1899 1428 at
1926 1374 2052 1429 veri
2079 1374 2439 1445 germanique
2468 1372 2801 1441 virginitatis
2855 1379 3135 1426 amatores
3156 1377 3205 1425 et
3267 1376 3446 1423 secta-

1847 1475 1996 1522 tores
2021 1466 2071 1519 in
2098 1465 2412 1538 angelorum
2445 1463 2729 1519 ordinatas
2767 1462 2990 1531 ascripti
3037 1470 3164 1516 sunt
3207 1459 3445 1529 dignita-

1849 1567 1950 1612 tes.
1985 1558 2074 1611 Ait
2114 1557 2261 1610 enim
2308 1570 2568 1610 arcanum
2631 1554 2762 1609 illud
2818 1553 3094 1608 canticum
3155 1560 3440 1620 stuporem

1849 1650 1975 1718 ipsis
2005 1649 2196 1704 adesse
2220 1659 2478 1719 tanquam
2507 1645 2908 1703 ordinatorum.
2939 1645 3085 1699 Nihil
3112 1645 3260 1699 enim
3291 1641 3434 1712 apud

150 1745 318 1815 ρανὸς
360 1745 466 1816 γῆς
496 1745 591 1797 καὶ
616 1742 764 1815 ψυχὴ
800 1744 1052 1814 σώματος
1087 1744 1370 1814 διαφέρει,
1405 1743 1548 1796 οὕτω
1589 1743 1682 1796 καὶ
1709 1743 1742 1811 ἡ

1855 1741 1969 1793 illus
2014 1751 2096 1794 est
2126 1741 2518 1801 inordinatum,
2569 1737 2704 1793 niltil
2782 1735 3071 1805 inaequale,
3103 1735 3199 1791 sed
3252 1733 3447 1789 omnia

150 1834 428 1908 παρθενία
452 1833 548 1888 τοῦ
574 1835 777 1905 γάμου.
809 1833 968 1887 Κατά
994 1834 1090 1905 μὲν
1117 1834 1226 1903 γὰρ
1256 1835 1354 1905 τὴν
1381 1833 1601 1902 ἁγνείαν
1633 1835 1742 1895 τοῖς

1855 1833 2041 1886 οιίιίιιε
2096 1842 2150 1884 et
2209 1831 2464 1901 rhythmo
2522 1839 2687 1899 atque
2745 1827 3030 1884 harmonia
3073 1835 3452 1894 concentuque

147 1925 409 1996 ἀγγέλοις
460 1923 741 1997 ὁμοιοῦται
796 1923 1102 1994 ἄνθρωπος·
1157 1925 1298 1978 κατά
1331 1925 1388 1977 δὲ
1439 1923 1531 1978 τὸν
1565 1925 1744 1994 γάμον

1855 1923 2219 1990 pulcherrimo
2243 1932 2436 1977 ornata
2468 1931 2617 1976 sunt.
2649 1915 2804 1975 Sicut
2844 1934 2977 1990 ergo
3024 1918 3223 1974 cmlum
3270 1924 3446 1977 terra,

148 2017 260 2071 τῶν
296 2017 506 2089 Θηρίων
551 2017 706 2071 οὐδὲν
727 2015 1056 2086 διενήνοχεν,
1089 2010 1170 2079 οἷς
1203 2017 1234 2085 ή
1272 2015 1530 2068 συνουσία
1577 2016 1744 2084 ἀναγ-

1855 2029 1901 2069 et
1947 2017 2126 2069 anima
2180 2030 2431 2085 corpore,
2486 2017 2567 2070 sic
2623 2016 2789 2070 etiam
2852 2014 3144 2086 virginitas
3195 2009 3452 2082 coniugio

147 2109 280 2163 κατα
310 2109 450 2172 ἔστι,
486 2107 582 2161 καὶ
611 2106 760 2159 δοκεῖ
805 2104 906 2174 τὴν
971 2105 1221 2176 διαδοχὴν
1251 2104 1346 2159 τοῦ
1391 2105 1584 2175 γένους
1638 2119 1745 2175 μηο

1855 2106 2194 2174 ρτςιῖειςηιιὶοι·
2211 2116 2314 2161 est.
2350 2103 2487 2160 Nam
2521 2107 2781 2161 castitate
2807 2105 3025 2176 quidem
3045 2103 3257 2176 angelis
3285 2104 3450 2158 homo

147 2199 440 2268 χανᾶσθαι.
1851 2197 1908 2250 fit
1939 2199 2177 2252 sinﬁlis:
2216 2197 2470 2268 conjugio
2531 2208 2713 2251 autem
2767 2197 2902 2252 nihil
2967 2195 3148 2251 dill'ert
3193 2211 3224 2249 a
3275 2193 3452 2248 brutis

147 2296 500 2363 animalibus,
541 2297 738 2367 quibus
761 2295 1382 2368 corpornmcmnmistio
1413 2294 1721 2350 necessaria
1764 2303 1870 2362 est,
1904 2303 1960 2348 et
2024 2295 2432 2350 successionem
2498 2294 3034 2364 perpetuitatemque
3084 2291 3305 2363 generis
3330 2304 3451 2344 mo-

149 2389 234 2445 liri
268 2390 507 2447 videtur.

688 2507 848 2574 PLJ".
883 2535 953 2548 --
986 2507 1212 2579 Nemo.

391 2617 533 2688 Περὶ
567 2614 670 2685 τῆς
695 2616 766 2670 τὰ
791 2617 901 2671 δύο
933 2617 1123 2671 λεπτὰ
1149 2618 1498 2686 βαλούσης.

233 2792 363 2846 Ἐπὶ
398 2792 500 2862 μὲν
532 2791 644 2846 τῶν
695 2791 969 2863 βιωτικῶν
1014 2794 1362 2862 πραγμάτων
1410 2793 1471 2845 οὐ
1522 2793 1742 2856 πάντως

148 2887 263 2948 τοῖς
299 2883 652 2954 βουλομένοις
678 2885 870 2939 ἕπεται
898 2887 958 2937 τὸ
1007 2884 1290 2939 δύνασθαι·
1328 2883 1426 2948 τάς
1459 2886 1566 2954 γὰρ
1599 2885 1747 2938 ἰδιω-

149 2976 311 3036 sua;
356 2975 620 3044 δυνάμεις
667 2975 1058 3046 ὑπερϐαίνουσι
1107 2977 1523 3046 μεγαλουργίαν
1562 2977 1656 3030 ἐπὶ
1687 2977 1745 3029 δὲ

147 3065 260 3120 τῶν
280 3064 672 3134 πνευματικῶν
696 3065 887 3118 ἕπεται
913 3068 1026 3126 τοῖς
1053 3065 1394 3136 βουλομένοις
1424 3069 1457 3135 ὴ
1487 3065 1741 3136 δύναμις.

2394 2497 2622 2555 CXCIII.
2641 2495 2905 2554 —NILO.

1854 2614 1930 2668 De
1959 2612 2198 2678 muliere,
2225 2629 2342 2686 qua!
2397 2614 2501 2672 duo
2784 2612 3011 2682 συνῄεεῆ
3050 2613 3105 2666 in
3131 2613 3455 2685 gazophyla-

1920 2797 1978 2851 ln
2009 2797 2111 2851 illis
2135 2773 2354 2866 quidem
2395 2796 2579 2858 rebus,
2610 2811 2732 2865 qua:
2767 2797 2835 2851 ad
2889 2796 3030 2851 hanc
3057 2795 3228 2850 vitam
3273 2795 3449 2866 perti-

1849 2900 2000 2956 nent,
2041 2891 2113 2942 ita
2147 2900 2526 2959 comparatum
2559 2902 2664 2953 est,
2697 2899 2755 2943 ut
2812 2904 2917 2944 non
2960 2891 3147 2945 statim
3209 2905 3304 2945 eos
3350 2889 3445 2960 qni

1850 2982 2059 3042 volunt,
2093 2979 2257 3032 etiam
2295 2978 2526 3032 facultas
2586 2979 2878 3034 comitetur
2908 2976 3074 3050 (nam
3109 2978 3448 3049 plebeiorum

1854 3071 2132 3124 hominum
2177 3070 2324 3124 vires
2381 3079 2643 3137 superant
2678 3082 2999 3139 magnorum
3055 3085 3281 3140 operum
3317 3068 3454 3126 οσο-

149 3156 224 3209 Τὸ
258 3156 370 3225 γὰρ
401 3157 546 3208 κατά
577 3154 808 3227 δύναμιν
837 3157 1180 3228 κατορθωθὲν
1201 3198 1217 3222 ,
1244 3158 1621 3229 οὖρανομῆκες
1646 3158 1754 3211 δεί-

1861 3163 2130 3233 etioues).
2166 3160 2222 3213 lu
2254 3161 2637 3229 spiritualibus
2661 3168 2868 3227 autem,
2903 3162 3104 3231 quibus
3172 3163 3326 3218 adest
3362 3178 3455 3217 vo-

151 3263 369 3301 κνυται.
427 3245 534 3299 Δύο
580 3245 672 3300 οὖν
718 3248 890 3301 λεπτὰ
938 3249 1018 3308 εἰς
1050 3249 1111 3301 τὺ
1152 3249 1297 3320 εερὸν
1339 3251 1744 3318 γαζοφυλάκιον

151 3338 393 3408 βαλοῦσα
437 3340 586 3411 χήρα
612 3339 772 3411 γυνὴ.
815 3340 891 3403 ὡς
921 3341 1132 3402 πάντας
1165 3342 1298 3404 τοὺς
1343 3341 1598 3411 βασιλέας
1651 3343 1745 3394 καὶ

151 3431 336 3493 πάσας
359 3429 460 3492 τὰς
490 3429 769 3500 βασιλίδας
795 3431 1283 3503 ὑπερακοντίσασα
1307 3431 1514 3503 ᾄδεται·
1545 3434 1603 3483 οὐ
1635 3432 1743 3504 γὰρ

148 3521 210 3576 τὺ
238 3523 397 3576 τεθὲν
437 3521 676 3594 ἔκρινεν,
727 3523 864 3576 ἀλλὰ
913 3521 1012 3592 τὴν
1060 3525 1384 3595 προαίρεσιν
1418 3523 1590 3595 αὐτῆς
1644 3527 1744 3593 τὴν

151 3616 336 3669 πᾶσαν
387 3614 712 3686 περιουσίαν
780 3615 1208 3686 ἁφιερὼσασαν,
1269 3617 1646 3686 ἐστεφάνωσεν
1713 3619 1742 3669 δ

153 3708 370 3780 κριτής.

1855 3254 2059 3317 luutas,
2096 3255 2287 3308 iisdem
2335 3263 2390 3308 et
2438 3252 2675 3309 facultas
2727 3269 2835 3308 non
2895 3253 3069 3311 deest.
3107 3251 3242 3308 Nam
3307 3255 3457 3324 quod

1855 3361 1953 3416 pro
2003 3346 2144 3398 virili
2200 3347 2436 3415 quisque
2474 3359 2570 3400 sua
2610 3343 2800 3400 fecerit
2824 3345 2976 3412 boni,
3005 3345 3057 3400 id
3119 3345 3186 3400 ad
3249 3345 3452 3401 etrlum

1856 3450 2027 3504 usque
2084 3439 2397 3505 pertingere
2441 3435 2874 3490 demonstratur.
2902 3433 3078 3499 Quam
3117 3433 3187 3488 ob
3229 3448 3457 3489 causam

1858 3528 2020 3580 vidua
2054 3527 2308 3598 illa,quae
2332 3531 2440 3582 duo
2477 3527 2693 3582 minuta
2751 3527 2803 3580 in
2848 3541 3068 3581 sacrum
3135 3525 3456 3580 thesaurum

1859 3617 2112 3686 coniecit,
2133 3619 2290 3688 quasi
2313 3633 2506 3674 onmes
2541 3627 2597 3674 et
2635 3633 2794 3690 reges
2818 3627 2872 3672 et
2903 3617 3118 3687 reginas
3150 3617 3309 3687 longo
3333 3625 3456 3688 post

1857 3724 1917 3764 se
1959 3709 2244 3767 intervallo
2276 3710 2583 3779 reliquerit,
2624 3709 2697 3764 ita
2755 3707 3088 3764 celebratur.
3126 3706 3243 3763 Non
3305 3708 3455 3763 enim

154 3801 206 3856 id
238 3800 485 3857 calesti‘s
517 3799 607 3856 ille
641 3799 847 3855 arbiter
869 3798 1012 3868 quod
1052 3799 1228 3868 posuit
1281 3797 1464 3862 vidua,
1495 3800 1809 3864 sesumavit,
1887 3811 2154 3870 quantum
2229 3810 2382 3855 esset
2449 3814 2544 3868 per
2573 3813 2658 3866 se,
2727 3797 2824 3853 sed
2860 3795 3029 3851 animi
3055 3795 3229 3868 ipsius
3257 3811 3459 3869 propo-

153 3894 462 3962 situm,quo
487 3907 704 3946 omnem
742 3907 893 3947 suam
936 3891 1300 3946 substantiam
1348 3906 1734 3953 consecrarat,
1780 3907 1982 3947 corona
2021 3891 2244 3962 dignum
2280 3891 2517 3948 censuit.

324 4032 485 4097 ΡιιΔο.
521 4058 591 4070 -
627 4027 1072 4082 ΝΕΙΛΛΜΜΩΝῙ
1102 4026 1570 4097 ΣΧΟΛᾹΣΤΙΚῼ.

155 4143 293 4213 Περὶ
343 4141 475 4208 τοῦ,
529 4162 548 4192 ι
611 4142 956 4265 Φάσκιῖτες
1008 4135 1160 4194 εἶναι
1217 4139 1430 4209 σοφοὶ,
1481 4138 1744 4209 ἐμωράν-

841 4227 1022 4265 υσαν.
1073 4231 1091 4262 ι

841 4227 1022 4278 quur.
1073 4231 1091 4262 ι

241 4325 334 4392 Ἐξ
355 4320 432 4380 ὧν
464 4327 493 4378 ὁ
522 4325 795 4387 Μουσεκός
825 4341 906 4388 τις
933 4323 1070 4396 (96),
1095 4323 1172 4389 ὣς
1198 4340 1331 4394 φασι
1366 4323 1606 4394 (δίκαιον
1635 4321 1744 4394 γὰρ

1851 4028 2011 4100 523
2027 4027 2215 4100 -524,
2229 4025 2929 4084 CXCIV.—I\'ILAMMOM
2954 4025 3454 4085 SCHOLAS'I'ICO.

1851 4145 1924 4196 De
1955 4145 2099 4196 dicto
2138 4143 2253 4205 illo,
2326 4162 2344 4194 ι
2393 4141 2525 4196 Cum
2569 4157 2625 4196 se
2669 4141 2991 4194 crediderint
3022 4156 3132 4194 esse
3166 4143 3453 4211 sapientes,

2317 4214 2469 4267 stulti
2519 4211 2650 4282 facti
2694 4222 2818 4265 sum
2857 4211 2922 4264 “.
2963 4229 2983 4263 ι

1920 4325 2054 4381 Cum
2100 4341 2302 4397 przeses
2358 4326 2580 4380 musica:
2630 4323 2846 4394 Apollo,
2889 4332 2949 4378 ut
3002 4323 3158 4379 aiunt
3215 4324 3454 4398 (oportet

154 4421 212 4486 ἐξ
247 4412 324 4474 ὧν
360 4415 694 4488 φλυαροῦσιν
716 4458 731 4484 ,
767 4417 962 4480 αὐτοὺς
987 4415 1524 4487 καταγωνίσασθαι),
1563 4417 1742 4470 πᾶσαν

1855 4419 1990 4473 enim
2012 4419 2156 4487 ipsos
2182 4433 2245 4471 ex
2273 4419 2390 4473 suis
2423 4418 2663 4484 ipsorum
2690 4416 2848 4487 nugis
2876 4415 3166 4487 refellere),
3193 4418 3454 4474 omnibus

155 4511 388 4579 κινήσας
430 4507 697 4578 μελῳδίαν
738 4508 818 4571 εἰς
861 4507 1066 4578 θήραν,
1099 4506 1376 4578 σώφρονος
1406 4507 1467 4561 οὐ
1512 4506 1743 4579 περιγέο

153 4619 278 4672 γονε
310 4600 503 4672 κόρης,
539 4603 603 4653 ἐκ
633 4597 837 4653 τούτων
865 4599 960 4652 καὶ
986 4599 1015 4652 ό
1045 4599 1173 4670 περὶ
1196 4599 1296 4672 τῆς
1332 4598 1601 4672 μουσικῆς
1617 4589 1744 4653 ’δια-

154 4694 430 4764 γράφεται
451 4691 631 4762 tam.
661 4691 855 4760 Θέλγει
880 4691 980 4760 μὲν
1007 4691 1117 4764 γὰρ
1147 4692 1300 4758 tm.
1327 4693 1575 4748 τουτέστι
1601 4693 1744 4765 (χρὴ

152 4785 259 4853 γὰρ
290 4783 387 4838 καὶ
419 4781 818 4853 ἑτυμολογῆσαι
846 4781 995 4852 (97),
1045 4780 1268 4837 ὓέλοντα
1298 4783 1420 4852 ἄγει
1443 4801 1457 4815 ο
1517 4785 1579 4837 οὑ
1635 4785 1744 4854 μὴν

153 4874 586 4930 καταδουλοῦται
635 4873 694 4928 τὸ
747 4875 1023 4946 φρόνημα,
1068 4873 1176 4928 οὐδ’
1225 4874 1577 4940 ἐκϐιάζεται·
1623 4878 1744 4931 οὐδὲ

152 4966 427 5038 τοσαύτην
460 4965 574 5037 ἔχει
603 4963 702 5036 τὴν
751 4966 926 5036 ἰσχὺν,
963 4965 1039 5030 ὡς
1067 4965 1142 5038 μὴ
1189 4967 1513 5038 βουλόμενον
1544 4967 1739 5038 χειρώ-

155 5057 376 5113 σασθαι.
420 5056 642 5128 Ἐπειδὴ
681 5058 737 5112 δὲ
766 5060 862 5112 καί
893 5060 1022 5130 περὶ
1050 5058 1338 5128 γενέσεως,
1380 5059 1457 5123 ὡς
1491 5059 1617 5130 φὴς,
1651 5060 1745 5130 λη-

157 5150 342 5223 ροῦσιν
362 5190 378 5215 ,
407 5150 532 5205 εἰπὲ
559 5151 696 5221 πρὸς
725 5151 923 5215 αὐτούς
943 5168 956 5182 ⁸
992 5150 1118 5216 Πῶς
1145 5152 1205 5206 ὃν
1235 5169 1372 5222 φατε
1404 5152 1748 5224 μαντικώτα-

221 5333 267 5366 ²⁸
302 5332 436 5390 Luc.
464 5347 583 5400 nt,
608 5335 720 5390 1-5.
796 5336 842 5366 ³⁸
873 5333 1032 5391 Rom.
1067 5350 1106 5400 ι,
1131 5334 1222 5388 2‘2.

1852 4510 2113 4566 adhibitis
2157 4511 2334 4566 modis
2361 4509 2588 4565 musicis
2629 4523 2733 4563 non
2774 4509 3015 4577 potuerit
3046 4524 3242 4580 capere
3286 4519 3454 4582 atque

1853 4599 2109 4668 subigere
2140 4608 2349 4652 castam
2386 4599 2621 4668 puellam
2662 4617 2675 4651 :
2711 4611 2778 4653 ex
2835 4599 2920 4655 his
2947 4599 3111 4656 etiam
3162 4601 3304 4655 ratio
3334 4615 3453 4655 mu-

1851 4691 1976 4746 sicae
2014 4703 2080 4743 ac
2134 4689 2215 4744 vis
2255 4689 2564 4761 depingitur
2613 4698 2817 4760 quanta
2863 4691 2958 4745 sit.
3017 4689 3152 4746 Nam
3204 4690 3446 4749 fortasse

1852 4781 2038 4851 θέλγει
2088 4781 2383 4850 demulcet,
2415 4783 2516 4839 hoc
2557 4792 2663 4850 erit,
2716 4783 2762 4838 si
2810 4782 2986 4838 Graeci
3036 4784 3188 4839 verbi
3220 4796 3444 4856 etymon

1852 4882 2189 4942 spectemus,
2219 4872 2449 4928 θέλοντα
2489 4874 2636 4943 ἄγει,
2681 4874 2953 4930 volentem
2989 4876 3210 4946 quidem
3245 4877 3397 4932 ducit
3429 4893 3447 4933 :

1855 4981 1961 5021 non
2005 4974 2186 5021 tamen
2227 4967 2473 5022 animum
2510 4966 2745 5024 hominis
2791 4968 2846 5023 in
2884 4967 3203 5023 servitutem
3231 4969 3452 5039 redigit,

1858 5073 2036 5128 neque
2066 5057 2234 5126 cogit,
2265 5073 2442 5130 neque
2479 5069 2686 5114 tantam
2729 5059 2838 5114 vim
2872 5057 3059 5124 habet.
3101 5067 3161 5114 ut
3213 5073 3322 5114 non
3366 5073 3457 5116 vo-

1861 5155 2062 5205 lentem
2100 5165 2318 5223 quoque
2376 5151 2615 5224 subigat.
2662 5150 2934 5220 Quoniam
2983 5161 3168 5209 autem
3197 5151 3264 5209 de
3291 5165 3456 5209 crea-

1249 5424 1481 5479 VAIIIA‘J
1522 5420 1913 5481 LECTIONES
1952 5423 2041 5480 ΕΤ
2118 5424 2356 5486 ΝΟΤΞ.

224 5585 337 5660 (95)
372 5586 682 5660 Κεχρήσθω
730 5595 906 5660 [nutat
959 5587 1012 5642 in
1062 5583 1400 5660 ἀμιλλέισθω.
1460 5584 1626 5660 Versu
1683 5593 1737 5636 et

1855 5583 2100 5660 ἠγὲεηςο

157 5655 328 5714 verba
351 5655 805 5729 ttltiiuo'gpislolz
825 5657 965 5713 idem
1009 5655 1378 5729 μηχανωμένη
1407 5655 1595 5710 scribit
1638 5668 1737 5722 pro

159 5728 522 5799 μηχανᾶσθαι.
561 5725 776 5784 Possm.

226 5795 336 5872 (96)
375 5798 479 5854 Pro
518 5799 791 5863 Μουσικός
821 5815 908 5862 τις
945 5798 1064 5856 cod.
1102 5795 1336 5854 Vat.650
1387 5795 1574 5853 scribit
1625 5809 1746 5868 μου.

1853 5654 2458 5783 σὸίῗγὰτνμολογῆσαι
2507 5657 2648 5716 idem
2682 5657 2932 5732 producit
2959 5657 3012 5716 in
3045 5659 3453 5733 ιτυμολογήσασ
