3988 6434
569 444 697 507 1290

561 750 678 806 pter
707 751 844 798 eam,
879 747 931 789 et
973 751 1066 790 cas
1101 749 1289 789 causas
1327 740 1376 787 in
1409 733 1598 808 quibus
1651 733 1819 788 victus
1860 737 2012 798 abiit,
2045 746 2096 790 et

560 831 851 884 orationem
879 830 942 882 de
971 828 1208 896 pecuniis
1239 825 1446 893 llarpali
1471 823 1664 892 quibus
1682 837 1964 894 corruptus
1985 839 2105 880 esse

559 922 854 984 dicebatur,
912 919 1124 973 silentio
1171 927 1361 986 tegam,
1392 918 1680 985 quomodo,
1735 921 1969 986 inquam,
2019 919 2104 970 hic

560 1023 738 1066 tantus
788 1021 971 1066 orator
1001 1008 1215 1063 Midiam
1264 1024 1366 1061 nun
1411 1009 1548 1075 cepit
1591 1009 1794 1077 laqueis
1835 1006 2044 1074 judicii,
2073 1025 2102 1063 ιι

556 1115 660 1166 quo
691 1101 852 1154 tantis
878 1109 990 1152 erat
1026 1097 1180 1151 malis
1203 1107 1362 1166 atque
1400 1097 1612 1165 injuriis
1656 1095 1918 1151 allectus?
1969 1095 2101 1150 Nam

555 1192 696 1257 quod
735 1190 946 1256 quidem
977 1188 1204 1243 voluerit
1249 1188 1421 1256 ipsum
1468 1201 1660 1255 capere
1722 1196 1776 1239 et
1808 1185 2012 1249 tollere,
2050 1186 2101 1239 itt

554 1280 830 1348 propatulo
855 1287 957 1343 est,
993 1294 1152 1349 quam
1180 1279 1247 1332 ob
1283 1292 1496 1332 causam
1523 1277 1665 1331 omni
1695 1289 1908 1344 quoque
1943 1276 2097 1328 adhi-

1691 447 1749 503 s.
1795 447 2077 505 1511:0111
2119 427 2410 525 ratust,

567 559 804 620 sthenes,
840 556 928 624 qui
957 556 1165 609 easdem
1232 569 1314 608 res
1375 568 1514 607 nunc
1576 552 1689 605 tieri
1719 567 1912 620 posse,
1962 570 2105 610 nunc
2145 572 2188 626 Α
2218 559 2249 628 ἢ
2281 552 2467 625 δόξαις

565 649 679 702 ﬁeri
709 662 810 700 non
866 660 1022 714 posse
1051 645 1472 705 demonstrabat,
1525 653 1581 697 ut
1626 643 1726 696 alia
1759 647 1934 698 omnia
1987 661 2109 714 pro-

2420 514 2578 575 ἠ’ιῖ

2993 560 3346 631 ινοτομείσθαι
3400 564 3496 617 καὶ
3531 567 3775 636 νεωτερί-

2213 644 2400 709 ζεσθαι
2420 645 2481 698 τὸ
2501 631 2828 718 πρᾶγιῖἇξσάἱ
2842 630 2978 700 ..ἴδ’τα
3008 647 3051 701 δ’
3081 630 3178 701 οὒκ
3206 651 3443 704 ἐπαίνων
3477 630 3774 707 ἀπολαῦσαι

2209 736 2532 806 ὀρεγόμενος
2564 738 2814 808 γέγραφα
2834 755 2847 768 ο
2882 732 3035 791 οἶσθα
3059 739 3166 809 γὰρ
3196 741 3345 803 ὅπως
3382 741 3568 795 αὐτῶν
3615 760 3774 797 κατα-

2210 825 2404 895 φρονῶ.
2430 826 2494 880 El
2526 826 2634 897 γὰρ
2663 827 2896 881 ἐπαίνων
2913 830 3079 898 ἥρων,
3100 831 3587 903 ἀπηριθμησάμην
3607 834 3669 886 ἄν
3689 836 3774 888 καὶ

2207 917 2298 980 οὒς
2328 915 2520 972 ἔπεισα
2552 921 2752 990 ἀρετὴν
2789 920 3169 984 ἀσπάσασθαι,
3212 920 3445 985 πολλοὺς
3494 924 3656 986 ὄντας
3689 927 3775 976 καὶ

2201 1008 2554 1079 εὐδοκίμους’
2589 1009 2725 1063 ἀλλὰ
2760 1009 2928 1074 δεῖξαι
2961 1013 3298 1079 σπουδάζων,
3323 1014 3403 1066 ὅτι
3426 1012 3495 1065 ἄν
3526 1029 3583 1065 τε
3619 1013 3774 1083 πείσῃ

2202 1115 2303 1159 τις,
2337 1100 2400 1152 ἄν
2430 1115 2486 1151 τε
2522 1099 2594 1169 μὴ
2630 1099 2814 1170 πείσῃ,
2865 1099 2965 1170 τὴν
3011 1101 3236 1172 γνώμην
3285 1103 3388 1174 χρὴ
3427 1101 3774 1167 ἐξετάζεσθαι

2199 1185 2294 1238 τοῦ
2358 1187 2838 1257 συμϐουλεύοντος,
2873 1189 2966 1242 καὶ
3005 1189 3076 1259 μὴ
3129 1181 3238 1243 dire
3265 1191 3360 1244 τοῦ
3410 1192 3605 1252 τέλους
3671 1190 3772 1242 τῶν

2204 1277 2561 1344 πραγμάτων,
2595 1268 2657 1326 οὗ
2694 1276 2792 1328 οὐκ
2832 1275 2946 1328 ἐστι
2975 1277 3186 1346 κύριος,
3221 1280 3532 1350 κρίνεσθαι.

552 1378 666 1432 bita
701 1378 746 1431 vi
779 1378 1170 1434 accusationem
1213 1372 1451 1442 scripsit.
1486 1371 1622 1437 Quid
1664 1371 1827 1438 igitur
1859 1371 2087 1434 obstitit,
2129 1372 2416 1443 quominus
2443 1371 2620 1438 ipsum
2684 1371 2936 1440 caperet?
2996 1370 3109 1427 Non
3156 1388 3287 1428 sane
3316 1376 3456 1441 quod
3517 1373 3772 1426 infit-tirio.

553 1490 640 1528 res
712 1482 920 1542 putaret
994 1485 1118 1525 suas
1179 1469 1450 1524 orationes
1525 1467 1760 1537 potentia
1829 1467 2082 1523 hostium.
2119 1463 2301 1535 Neque
2357 1466 2610 1530 enim,ut
2675 1466 2964 1523 Eschines
3039 1467 3137 1536 ipsi
3187 1468 3502 1537 objiciebat,
3550 1479 3768 1537 accepta

553 1567 775 1633 pecunia
831 1563 1048 1617 tradidit
1100 1561 1394 1627 victoriam,
1455 1574 1560 1614 non
1609 1560 1749 1612 enim
1803 1558 1945 1613 cadit
1973 1559 2073 1612 hoc
2113 1559 2284 1626 turpis
2323 1557 2456 1611 lucri
2488 1557 2692 1611 crimen
2748 1560 2800 1610 in
2867 1559 3023 1626 hujus
3051 1559 3285 1612 oratoris
3315 1559 3482 1612 animi
3556 1560 3770 1628 magni-

554 1656 806 1718 tudinem,
833 1669 1001 1722 neque
1024 1651 1312 1707 verisimile
1342 1659 1423 1706 est
1460 1664 1605 1713 eum,
1647 1648 1879 1717 quisuis
1924 1645 2212 1708 tutoribus,
2268 1646 2576 1699 horninibus
2626 1648 2758 1700 satis
2804 1646 3175 1715 !ocupletibu5’
3215 1656 3268 1700 et
3341 1647 3553 1700 idoneis
3586 1646 3760 1716 patria

550 1751 686 1800 bona
714 1756 832 1814 post
881 1745 1155 1799 victoriam
1195 1753 1380 1798 eontra
1433 1757 1525 1798 eos
1582 1749 1906 1810 reportatam
1947 1735 2260 1806 reliquerat,
2339 1737 2564 1805 turpiter
2623 1736 2824 1806 aliquid
2875 1737 2928 1790 in
2991 1751 3149 1792 causa
3211 1737 3402 1805 capitis
3462 1738 3762 1806 accepisse.

551 1838 901 1910 535-536
931 1837 1032 1893 Sed
1072 1853 1190 1892 cum
1221 1838 1400 1891 hostes
1429 1849 1553 1890 suos
1591 1834 1835 1889 oratione
1867 1831 2192 1902 potentiores
2217 1843 2337 1884 esse
2383 1831 2624 1896 duceret,
2655 1844 2942 1900 secumque
2981 1841 3286 1912 reputaretp
3326 1843 3502 1884 artem
3553 1832 3766 1886 dicendi

549 1932 1067 1997 adversus'ipsorum
1111 1928 1413 1982 violentiam
1451 1940 1637 1994 parum
1693 1923 2074 1992 profecturam,
2129 1921 2490 1976 calamitatem
2541 1921 2686 1976 illam
2754 1924 2947 1977 decore.
3015 1923 3155 1988 tulit,
3197 1922 3386 1977 melius
3412 1937 3535 1977 esse
3580 1925 3767 1978 existi-

549 2038 722 2087 mans,
753 2023 796 2076 si
826 2022 1094 2076 videretur
1157 2020 1560 2078 mansuetudine
1598 2033 1690 2073 sua
1749 2034 1806 2072 se
1830 2017 1967 2071 ultro
2038 2016 2348 2071 submisisse
2374 2031 2438 2071 ac
2469 2016 2700 2072 cessisse
2790 2018 3218 2072 adversariorum
3273 2018 3552 2085 potentiae,
3603 2033 3763 2087 quam

543 2117 782 2184 judicum
810 2117 1071 2170 sententia
1103 2115 1605 2182 vincizqnanquam
1683 2118 1820 2166 inter
1870 2114 2008 2166 banc
2052 2126 2117 2164 ex
2183 2122 2324 2166 metu
2415 2112 2863 2175 submissionem,
2922 2124 2975 2165 ct
3020 2115 3155 2168 inter
3198 2113 3247 2166 id
3298 2115 3437 2182 quod
3495 2125 3605 2178 est,
3660 2131 3760 2169 non

548 2214 781 2280 potuisse
841 2208 1077 2272 Midiam,
1162 2223 1320 2276 quem
1370 2207 1573 2276 judicio
1623 2208 1943 2268 tradiderat,
2021 2220 2277 2272 superare
2325 2204 2460 2258 nihil
2513 2207 2805 2274 quidquam
2890 2207 3137 2260 intereSI.
3201 2203 3313 2259 lino
3366 2220 3495 2258 vero
3534 2208 3762 2260 alterum

545 2305 704 2357 etiam
733 2300 1150 2368 conspectiorem
1207 2298 1366 2350 tradit
1414 2297 1739 2351 adversariis
1779 2296 2075 2349 victoriam.
2111 2295 2238 2347 Illud
2297 2297 2438 2349 enim
2475 2296 2608 2349 nihil
2649 2297 2792 2350 aliud
2854 2307 2991 2360 erat,
3045 2312 3206 2364 quam
3257 2297 3320 2349 ad
3361 2295 3579 2362 iudices
3629 2296 3766 2350 nihil

545 2393 774 2446 valuisse
806 2391 1099 2444 orationem
1143 2390 1287 2442 :boe
1327 2397 1506 2442 autem
1557 2389 1696 2457 apud
1733 2390 1901 2457 ipsum
1951 2401 2165 2456 quoque
2227 2398 2500 2442 auctorem
2527 2389 2793 2444 orationis
2858 2391 3017 2443 talem
3083 2391 3356 2457 accepisse
3414 2389 3760 2456 opinionem.

546 2482 602 2536 Si
637 2485 791 2553 igitur
827 2481 946 2535 talis
979 2481 1150 2534 oratio
1183 2495 1286 2534 non
1311 2479 1536 2548 praebuit
1565 2483 1764 2534 oratori
1791 2496 1938 2546 spent
1998 2481 2369 2548 persuadendi,
2443 2482 2530 2548 qui
2573 2481 2872 2547 desperavit
2952 2483 3350 2549 persuasionem
3386 2498 3398 2532 :
3462 2481 3762 2549 quomodo,

543 2591 748 2645 quaso,
786 2591 887 2629 non
917 2584 994 2628 est
1019 2586 1180 2641 grave
1205 2587 1266 2624 ac
1300 2571 1602 2634 molestum,
1626 2587 1656 2623 o
1694 2571 2008 2640 gravissime
2032 2570 2130 2634 vir,
2166 2579 2223 2622 ut
2259 2570 2469 2623 illorum
2540 2573 2754 2640 quidem
2803 2578 3166 2639 unusquisque
3219 2584 3282 2623 ex
3339 2570 3503 2622 animi
3566 2583 3761 2637 propo-

544 2668 945 2734 sitojudicetur,
979 2678 1031 2720 et
1063 2680 1171 2720 non
1192 2668 1261 2718 sit
1289 2666 1591 2718 videaturve
1624 2678 1741 2719 esse
1770 2664 1889 2716 aliis
1914 2665 2084 2717 fraudi
2124 2662 2348 2719 aliorum
2412 2669 2745 2719 contumacia
2784 2682 2843 2716 ac
2903 2664 3230 2732 pertinacia;
3285 2665 3336 2716 in
3372 2677 3458 2716 me
3489 2678 3621 2716 vero
3672 2676 3759 2716 res

545 2773 652 2814 tota
687 2759 769 2810 llat
803 2757 921 2820 alia,
969 2766 1124 2823 atque
1195 2770 1361 2809 novus
1404 2754 1616 2822 quidam
1687 2768 1801 2805 mos
1865 2754 2278 2807 introducatur?
2316 2755 2441 2808 Haec
2490 2765 2663 2806 autem
2725 2770 2827 2806 non
2914 2753 3114 2805 idcirco
3197 2750 3407 2820 scripsi,
3462 2750 3618 2814 quasi
3670 2749 3761 2818 qui

545 2857 728 2907 laudes
784 2850 1036 2918 aucupari
1092 2847 1246 2902 velim
1297 2850 1460 2915 (ηοειὶ
1530 2849 1671 2901 enim
1747 2861 1904 2915 quam
1966 2847 2083 2901 illas
2155 2848 2356 2901 soleam
2430 2856 2819 2899 contemnere:
2882 2859 3001 2896 nam
3037 2843 3080 2897 si
3109 2844 3292 2896 laudes
3351 2843 3759 2910 appetivissem,

544 2957 942 2998 enumerassem
980 2942 1138 2996 etiam
1169 2955 1281 3003 eos,
1330 2941 1524 3009 quibus
1586 2941 1822 3010 persuasi
1898 2951 1952 2995 ut
2014 2943 2266 2996 virtutem
2343 2940 2820 3008 amplecterentur,
2881 2939 2970 3007 qui
3013 2939 3226 3007 quidem
3273 2949 3371 2990 nec
3417 2937 3571 3004 pauci
3637 2949 3762 2989 sunt

554 3052 794 3099 numero,
825 3045 878 3089 et
901 3037 1034 3090 satis
1065 3033 1346 3101 celebres),
1411 3037 1504 3088 sed
1573 3035 1854 3089 ostendere
1937 3036 2177 3101 studens,
2214 3037 2328 3090 sive
2350 3015 2470 3102 quis
2513 3035 2827 3100 persuadeat
2885 3047 2947 3086 ea
3002 3047 3122 3100 qua:
3168 3030 3444 3099 proposuit
3491 3030 3606 3082 sive
3657 3043 3760 3082 non

543 3128 880 3197 persuadeat,
921 3137 1168 3195 oportere
1222 3125 1457 3179 animum
1534 3129 1760 3194 expendi
1809 3128 1922 3193 ejus
1988 3129 2080 3196 qui
2150 3129 2432 3182 consilium
2486 3129 2616 3180 dare
2671 3127 2940 3190 instituit;

3023 3140 3123 3180 non
3189 3126 3366 3176 autem
3465 3124 3644 3191 ipsum
3696 3137 3761 3176 ex

543 3233 730 3278 eventu
797 3237 994 3285 rerum,
1039 3223 1130 3289 qui
1180 3223 1231 3274 in
1253 3220 1418 3289 ipsius
1479 3231 1742 3290 potestate
1801 3237 1905 3276 non
1967 3235 2067 3291 est,
2099 3225 2371 3278 aestimari.

791 3331 964 3387 CCVI.
1006 3360 1071 3370 —
1107 3329 1490 3387 THEODOSIO
1519 3331 1830 3387 DlACONO.

546 3422 610 3476 In
633 3424 824 3477 dictum
862 3423 1012 3485 illud,
1058 3440 1075 3472 ι
1105 3420 1234 3486 Quis
1260 3423 1417 3475 nescit
1457 3419 1798 3490 Ephesiorum
1832 3428 2088 3478 civitatem

836 3508 940 3544 esse
969 3492 1217 3545 a'ditttam
1255 3508 1453 3559 magna
1490 3491 1670 3544 Diana!
1693 3492 1796 3544 ιιι.

614 3666 872 3732 Quoniam
920 3667 1124 3720 discere
1176 3665 1384 3718 voluisti
1450 3664 1576 3718 illud
1630 3667 1769 3732 quod
1837 3665 1889 3718 in
1940 3667 2090 3719 Actis

546 3757 901 3827 apostolorum
951 3756 1206 3810 habetur:
1245 3754 1402 3822 tQuis
1430 3756 1599 3811 nescit
1630 3754 1976 3824 Ephesiorum
2013 3759 2089 3810 ci-

548 3851 760 3900 vitatem
815 3849 1062 3902 tedituam
1115 3863 1231 3902 esse
1279 3864 1482 3916 magna:
1538 3849 1759 3914 Dianae;
1793 3861 1842 3904 et
1888 3867 1915 3903 a
1958 3848 2090 3906 Jove

545 3940 744 4006 delapsi
788 3938 1110 3992 simulacri?
1160 3956 1179 3989 ι
1237 3939 1374 3992 scire
1424 3939 1582 3992 debes
1639 3954 1739 3993 non
1783 3955 1901 3994 esse
1951 3942 2088 3996 hanc

546 4027 837 4095 Scripturtr
863 4025 1029 4095 ipsius
1055 4041 1260 4089 vocem,
1291 4025 1384 4079 sed
1413 4027 1602 4080 scribae
1625 4026 1994 4096 Ephesioru’m.
2027 4029 2089 4084 Et

544 4131 1001 4184 supervacaneum
1036 4131 1154 4171 esse
1211 4117 1343 4170 duco
1387 4129 1660 4170 sermones
1694 4115 1746 4168 in
1781 4117 1935 4170 trivio
1970 4134 2088 4186 pro-

551 4207 696 4259 fusos
727 4205 1101 4272 interpretari;
1129 4207 1191 4259 de
1213 4206 1405 4274 quibus
1434 4205 1594 4258 etiam
1631 4207 1820 4275 opinor
1851 4203 2088 4261 Psalmo-

546 4309 660 4347 rum
693 4294 1009 4362 scriptorem
1061 4295 1436 4360 pronuntiasse
1481 4295 1619 4348 ista:
1679 4313 1696 4344 ι
1724 4292 2088 4350 Narraverunt

546 4385 671 4437 mihi
715 4384 881 4453 iniqui
930 4383 1322 4450 labttlationes;
1362 4385 1451 4439 sed
1484 4399 1588 4439 non
1630 4397 1684 4438 ut
1717 4386 1796 4438 lex
1840 4396 1949 4448 tua,
1988 4384 2087 4438 Do-

546 4477 684 4528 mine
707 4474 770 4526 “.
796 4493 812 4524 ›

1029 4585 1224 4640 CCVII.
1263 4617 1328 4626 --
1377 4587 1600 4642 EIDEM.

613 4701 874 4762 Quiriniam
910 4699 1146 4752 discendi
1177 4700 1466 4767 cupiditate
1511 4699 1741 4768 ﬂagrans
1773 4703 1932 4756 etiam
1969 4721 2089 4758 eru-

545 4788 744 4841 ditione
780 4787 973 4856 plenus
1021 4803 1137 4841 esse
1165 4788 1264 4851 vis,
1301 4789 1398 4841 hoc
1446 4803 1658 4858 quoque
1690 4805 1975 4860 exponam,
2024 4811 2090 4847 ne

545 4879 724 4931 videar
772 4881 822 4930 in
853 4891 1134 4930 manerem
1169 4887 1215 4931 te
1248 4877 1531 4944 conjicere.
1573 4878 1668 4944 Qui
1699 4881 1837 4949 apud
1879 4879 2090 4937 Grtncos

547 4967 829 5038 (inﬁdeles)
858 4967 1138 5021 simulacra
1172 4969 1525 5024 conficiebant
1548 5011 1562 5034 ,
1600 4970 1633 5021 ii
1691 4969 1935 5026 volentes
1966 4987 2086 5042 spev

545 5057 838 5112 ctatoribus
886 5067 1140 5113 terrorem
1170 5060 1427 5122 incutere,
1481 5061 1830 5128 dictitabant,
1881 5063 1967 5117 illa
2016 5065 2082 5118 de

592 5210 632 5236 θ’
657 5209 772 5262 Act.
807 5223 916 5271 χιχ,
948 5209 1032 5262 55.
1135 5212 1178 5240 ⁸⁸
1212 5209 1348 5262 Psal.
1380 5227 1564 5272 cxvttt,
1601 5214 1687 5266 85.

2433 3337 2562 3402 sq".
2602 3368 2664 3376 -
2688 3331 3008 3404 esca‘ozto
3036 3331 3336 3402 ΔιΑΚῡΝῼ
3367 3330 3501 3399 (te).

2190 3426 2293 3488 Εἰς
2323 3425 2386 3476 τὸ
2421 3415 2769 3492 ειρημένοίυ
2807 3441 2822 3473 ι
2857 3424 2972 3492 -Ὶίς
2999 3423 3112 3492 οὐκ
3149 3417 3272 3474 οἵδε
3315 3419 3431 3492 τὴν
3466 3418 3757 3492 Ἐφεσίων

2260 3495 2436 3613 ἷόλιν
2470 3487 2768 3559 νεωκόρον
2811 3489 3013 3546 οὖσαν
3046 3491 3153 3558 τῆς
3193 3488 3462 3558 μεγάλης
3506 3487 3760 3555 Ἀρτέμι-

2298 3579 2402 3613 oc:
2445 3582 2462 3612 ›

2298 3579 2462 3628 ος;›

2271 3674 2485 3745 Ἐπειδὴ
2510 3674 2778 3744 ἠθέλησας
2821 3673 3009 3742 μαθεῖν
3037 3673 3096 3723 τὸ
3126 3673 3182 3723 ὲν
3212 3674 3330 3733 ταῖς
3380 3671 3614 3740 πράξεσι
3646 3669 3753 3722 τῶν

2191 3767 2496 3820 ἀποστόλων
2533 3767 2814 3836 κείμενον·
2859 3785 2874 3815 ι
2915 3765 2956 3813 Τ
2964 3764 3007 3822 ίς
3055 3763 3150 3815 οὐκ
3186 3757 3291 3813 οἶδε
3322 3761 3420 3830 τὴν
3482 3761 3753 3828 Ἐφεσίων

2191 3855 2341 3906 πόλιν
2384 3855 2648 3924 νεωκόρον
2695 3849 2832 3906 εἶναι
2867 3852 2965 3919 τῆς
3004 3850 3241 3919 μεγάλης
3278 3848 3632 3916 ’Λρτὲμιδος,
3667 3848 3756 3900 διαὶ

2189 3944 2283 3996 τοῦ
2314 3945 2631 4008 διοπετοῦς;
2671 3962 2688 3993 ι
2728 3941 2833 3994 ἴσθι
2863 3983 2874 4003 ,
2911 3940 2991 3992 ὅτι
3025 3938 3123 3991 οὐκ
3153 3937 3265 3990 ἔστι
3315 3938 3410 4006 τῆς
3454 3937 3681 4007 Γραφῆς
3722 3941 3753 4008 η

2191 4035 2337 4106 φωνὴ
2367 4077 2380 4099 ,
2417 4036 2551 4088 ἀλλὰ
2608 4035 2702 4086 τοῦ
2733 4030 3103 4103 γραμματέως
3152 4030 3258 4081 τῶν
3315 4029 3576 4095 Ἐφεσίων
3606 4046 3620 4059 ·
3662 4030 3755 4082 καὶ

2191 4128 2436 4198 περιττὸν
2464 4124 2738 4193 ποιοῦμαι,
2765 4123 3056 4192 ἀγυρτικὰς
3074 4121 3382 4188 λογοποιῒας
3407 4118 3750 4188 ἑρμηνεύειν

2191 4217 2315 4284 περὶ
2360 4209 2435 4268 ὧν
2474 4209 2623 4283 οἶμαι
2665 4214 2755 4264 καὶ
2802 4213 2890 4262 τὸν
2946 4211 3194 4277 Μελῳδὸν
3240 4209 3516 4280 εἰρηκέναι
3549 4223 3563 4236 ·
3610 4225 3629 4259 ι
3668 4211 3754 4259 Δι-

2189 4306 2460 4378 ηγήσαντό
2495 4322 2583 4372 μοι
2615 4303 2913 4372 παράνομοι
2951 4301 3290 4370 ἁδολεσχέας’
3327 4300 3438 4352 ἀλλ’
3475 4300 3573 4368 οὐχ
3608 4298 3684 4361 ὡς
3729 4300 3760 4351 ὁ

2202 4400 2364 4466 νόμος
2401 4412 2512 4458 σου,
2549 4394 2736 4463 Κύριε.
2779 4411 2794 4441 ι

2706 4595 2818 4644 xz'.
2858 4621 2924 4630 .-
2951 4592 3036 4661 re
3057 4591 3260 4661 ΑΥΤῼ.

2285 4703 2496 4773 Ἐπειδὴ
2529 4703 2830 4772 φιλομαθὴς
2862 4702 2956 4768 ὢν,
2999 4701 3317 4771 πολυμαθὴς
3351 4700 3554 4763 ἐθέλεις
3582 4694 3754 4764 εἶναι,

2200 4795 2291 4846 καὶ
2317 4795 2471 4846 τοῦτο
2501 4795 2714 4862 φράσω,
2741 4794 2828 4845 ἵνα
2856 4795 2928 4863 μὴ
2964 4793 3176 4861 δόξαιμί
3210 4810 3266 4844 σε
3289 4791 3496 4847 λυπεῖν,
3535 4794 3598 4845 Οί
3627 4795 3754 4863 παρ’

2200 4884 2423 4952 Ἕλλησι
2450 4883 2516 4936 τὰ
2537 4883 2697 4947 ξόανα
2728 4885 3250 4948 κατασκευάσαντες,
3275 4883 3435 4952 φόϐον
3461 4884 3755 4954 ἐμποιῆσαι

2195 4977 2303 5036 τοῖς
2333 4974 2497 5045 ὁρῶσι
2539 4973 2869 5044 βουλόμενοι,
2909 4973 3160 5043 ἔφασκον,
3191 4975 3267 5026 ὅτι
3296 4972 3404 5044 (44)
3435 4973 3494 5039 ἐξ
3527 4973 3757 5042 οὐρανοῦ

2187 5065 2331 5136 παρὰ
2347 5063 2440 5117 τοῦ
2456 5064 2573 5128 Διὸς
2586 5065 2837 5135 ἐπέμφθη
2851 5065 2882 5135 ἦ
2898 5065 3402 5134 κατέπτη,κρεί’ττον
3416 5063 3524 5133 (45)
3542 5061 3685 5118 ἁπάσ
3699 5080 3758 5132 ης

1625 5357 1855 5410 VARUS
1892 5357 2270 5413 LECTIONES
2306 5358 2394 5413 ΕΤ
2431 5360 2663 5418 ΝΟΤιΕ.

617 5508 726 5576 (όὶ)
765 5495 885 5559 Haec
921 5509 1138 5573 epistola
1189 5511 1428 5562 inscribit
1467 5511 1517 5562 in
1553 5511 1668 5564 cod.
1708 5511 1824 5564 Vat.
1858 5513 1961 5566 650
1990 5529 2092 5567 non

544 5577 806 5659 5w5paitp
827 5576 1074 5659 διακόνιρ,
1104 5582 1194 5659 sed
1219 5578 1424 5659 ’Ἡρωνι
1453 5579 1821 5659 πρεσϐυτέρῳ.
1860 5580 2039 5659 V'ers._
2060 5583 2095 5636 3

550 5667 633 5716 ep.
684 5653 819 5703 inter
868 5647 1103 5718 μεγάλης
1149 5658 1201 5702 et
1247 5647 1462 5717 Ἀρτεμ.
1499 5647 1692 5702 inserit
1729 5647 1877 5702 idem
1935 5651 2090 5714 Θεᾶς.

555 5717 701 5772 ite-rs.
741 5717 773 5771 6
801 5714 1050 5784 ποιοῦμαι
1082 5718 1219 5771 idem
1247 5727 1414 5771 mutat
1447 5719 1496 5771 in
1525 5717 1781 5784 ἠγοῦμαι.
1811 5719 1883 5771 lo.

633 5735 701 5771 rs.
741 5735 773 5771 ο
801 5735 1050 5788 ποιουμαι
1082 5735 1219 5771 ruent
1247 5735 1414 5771 mutat
1447 5735 1496 5771 1n
1525 5735 1781 5787 ηγουμαι.
1811 5735 1883 5771 ιι).

623 5786 731 5854 (νίῦὶ
765 5785 891 5840 Erat
924 5787 974 5840 in
1014 5786 1140 5842 edit.
1185 5786 1352 5843 Paris.
1394 5787 1776 5855 ἀνεπίγραᾳος.
1815 5788 1946 5842 Cod.
1973 5788 2091 5844 Vat.

2198 5516 2430 5588 suggerit
2462 5515 2540 5588 τῷ
2573 5516 2737 5588 aberit,
2772 5518 2821 5588 id
2848 5527 2949 5581 est,
2984 5517 3272 5588 secundum
3317 5518 3437 5573 cod.
3483 5514 3628 5584 Vah,
3658 5518 3752 5588 ipsi

2197 5587 2278 5637 cui
2305 5586 2590 5655 superior,
2614 5585 2805 5638 Heroni
2851 5587 3184 5655 presbytero.
3214 5587 3370 5642 EDI'I‘.

2268 5653 2377 5725 (44)
2412 5655 2550 5708 Inter
2579 5654 2660 5706 ὅτι
2688 5665 2739 5709 et
2762 5655 2819 5721 ἐξ
2851 5653 3037 5710 inserit
3061 5657 3178 5710 cod.
3212 5656 3328 5712 Vat.
3366 5655 3471 5712 650
3495 5656 3560 5709 τὸ
3588 5656 3752 5725 ἄγαλ-

2201 5724 2550 5860 “(simiai
2586 5794 2823 5863 κρεῖττον
2850 5803 2902 5848 et
2925 5794 3138 5863 ἁπάσης
3168 5795 3303 5852 idem
3351 5795 3537 5851 inserit
3562 5794 3643 5851 ὃν.
3679 5795 3750 5850 ιιι.
