3988 6448
234 257 370 329 1337

1184 257 1724 321 EPISTOLARUM
1760 237 1909 322 LIB.
1948 259 2018 322 v.
2048 284 2120 296 —-
2153 252 2393 321 EPIST.
2426 257 2624 320 XXII.

3391 251 3530 320 1338

233 382 323 433 λαι
340 374 436 430 τοῦ
464 373 636 429 Ἰούδα
665 373 766 445 τὴν
791 369 1251 443 φιλοχρηματίαν,
1270 371 1366 426 καὶ
1388 371 1464 443 μὴ
1489 370 1769 442 άνυσάσης
1792 389 1810 439 ;

1942 369 2212 439 eilicacia,
2240 371 2474 428 utJuda:
2504 367 2772 441 proditori
2801 366 3014 439 eripere
3043 364 3288 423 avaritiae
3319 365 3527 424 crimen

232 472 295 524 οὐ
330 465 487 540 παρὰ
524 467 624 537 τὴν
651 465 863 519 οἰκείαν
906 461 1192 518 ἀσθένειαν
1215 501 1230 527 ,
1277 461 1416 517 ἀλλὰ
1447 461 1599 533 παρὰ
1630 462 1692 515 τὺ
1725 461 1820 518 τὸν

233 562 505 616 ἀκούοντα
547 557 740 630 κύριον
769 552 908 610 εἰναι
937 555 1036 625 τῆς
1075 553 1286 619 οἰκείας
1325 551 1576 624 γνώμης,
1603 552 1694 607 διὰ
1721 551 1823 623 τῆς

235 651 716 722 αὐτεξουσιότητος
743 649 887 720 ὅρον,
922 647 989 701 δι’
1017 645 1078 700 δν
1107 645 1203 700 καὶ
1227 647 1255 700 ό
1279 645 1378 715 τῆς
1409 644 1650 718 κρίσεως
1675 643 1824 710 ἀξιό-

233 746 411 819 χρεώς
443 745 561 798 ἔστι
591 741 766 812 λόγος·
797 741 847 794 εί
865 738 1048 794 τοίνυν
1072 737 1226 794 ταῦθ’
1255 735 1429 801 οὕτως
1457 734 1592 807 ἔχει.
1629 735 1830 791 ἀποδο-

234 839 338 909 χῆς
363 836 466 905 μὲν
503 833 653 899 ἄξιος
682 833 712 886 δ
734 830 805 885 τὰ
839 828 1005 886 αὐτοῦ
1033 826 1281 902 πληρῶνο
1321 825 1586 898 μέμψεως
1613 824 1672 880 δὲ
1726 825 1823 878 καὶ

234 927 579 1000 κατηγορίας
625 925 656 979 ό
687 925 812 988 ταῖς
840 921 1077 1004 ἀγαθαῖς
1111 919 1472 993 παραινέσεσι
1509 919 1587 1004 μὴ
1630 917 1821 972 πειθό-

237 1041 400 1097 μενος
420 1042 435 1056 ·
465 1024 496 1076 ό
517 1023 576 1078 δὲ
602 1021 703 1094 τὴν
738 1019 834 1074 τοῦ
864 1001 978 1091 (ἃ)
1017 1015 1333 1078 πεισθέντος
1359 1001 1700 1086 κατηγορίαν
1730 1013 1825 1069 ἐπὶ

233 1120 328 1174 τὸν
349 1117 426 1189 μὴ
452 1117 722 1171 πείσαντα
748 1114 985 1187 τρέπων,
1016 1111 1245 1184 ἠλίθιος,
1279 1110 1378 1164 ἅτε
1407 1110 1504 1163 καὶ
1527 1107 1639 1162 τῶν
1661 1105 1826 1162 θείων

238 1210 334 1265 καὶ
368 1208 480 1265 τῶν
524 1207 895 1280 ἀνθρωπίνων,
923 1203 1267 1278 πραγμάτων
1318 1199 1528 1275 ἀγνοῶν
1577 1198 1678 1272 τὴν
1720 1197 1827 1270 φύ-

239 1318 348 1358 σιν.

539 1410 670 1464 κΑο.
709 1438 782 1449 -
816 1405 1115 1478 nemo
1146 1403 1527 1474 ΕΠιΣκυιιᾳ.

1925 475 2202 537 posset.et
2232 481 2338 522 non
2371 464 2539 520 fecit:
2568 462 2732 532 idque
2764 475 2869 516 non
2904 473 2972 514 ex
2999 473 3097 515 sua
3127 457 3527 527 imbecillitate,

1925 558 2022 614 sed
2051 558 2194 629 quod
2223 556 2449 612 audiens
2481 555 2586 611 ista
2618 552 2788 608 ludas
2844 558 3071 623 propter
3115 548 3334 606 arbitrii
3366 549 3530 605 liber-

1927 657 2096 705 tatem
2129 661 2298 712 suam,
2327 647 2382 702 in
2421 653 2691 718 potestate
2723 644 2951 699 haberet
2988 640 3361 719 sententiam?
3411 639 3528 708 Qua

1927 745 1995 803 de
2042 758 2209 802 causa
2252 741 2445 813 iudicii
2479 742 2674 798 idonea
2710 750 2796 797 est
2842 738 3112 796 defensio.
3143 737 3276 804 Quae
3302 753 3426 794 cum
3452 737 3527 793 ita

1929 836 2061 903 sint,
2091 835 2248 892 laude
2270 835 2467 906 dignus
2487 832 2690 904 est-qui
2723 831 2849 887 talia
2897 844 3092 901 reapse
3136 838 3475 900 exsequatur
3506 845 3523 883 :

1931 925 2098 998 559
2149 925 2605 996 vituperationem
2663 929 2858 980 contra
2916 936 2983 977 ac
3032 919 3521 991 reprehensionem

1933 1022 2236 1083 mereatur,
2293 1013 2387 1085 qui
2438 1013 2580 1068 bona
2621 1011 2872 1068 suadenti
2916 1024 3025 1065 non
3076 1018 3287 1077 pareat.
3316 1005 3533 1062 Stultus

1933 1107 2120 1178 itaque
2146 1105 2237 1176 qui
2269 1104 2324 1162 in
2347 1103 2696 1170 suadentem,
2716 1103 2860 1173 quod
2891 1116 2998 1157 non
3031 1098 3380 1171 persuadeat,
3406 1097 3530 1151 ideo

1933 1191 2385 1257 accusationem,
2450 1199 2640 1262 utpote
2688 1190 2996 1246 divinarum
3059 1189 3531 1256 humanarumque

1938 1298 2121 1341 rerum
2155 1285 2397 1357 ignarus.
2433 1291 2744 1370 convertat.

2226 1396 2372 1454 XXI.
2397 1428 2469 1440 —
2509 1395 2818 1452 LEONTIO
2850 1395 3212 1454 EPISCOI’O.

524 1499 780 1556 Priorum
803 1496 1129 1554 sacerdotum
1167 1511 1286 1550 cum
1316 1494 1400 1549 sui
1438 1493 1536 1549 cui
1572 1491 1781 1563 elegans
1819 1499 2166 1560 comparatio.
2216 1487 2479 1560 Vide-in].
2521 1488 2721 1544 similia
2759 1489 2912 1570 epist.
2945 1488 3012 1544 57
3055 1497 3106 1544 ει
3148 1489 3273 1545 126.

309 1617 546 1682 Ὀντως,
582 1611 766 1676 καθὼς
798 1609 1107 1682 γέγραφας,
1143 1607 1338 1664 πολλαὶ
1359 1608 1439 1671 εἰς
1460 1607 1559 1670 τὰς
1591 1603 1829 1676 Ἐκκλη-

241 1701 365 1772 σίας
394 1704 766 1775 ὲπεκώμασαν
794 1703 1050 1773 ταραχαί.
1078 1700 1256 1757 Ὅπου
1277 1701 1382 1771 γὰρ
1396 1698 1461 1752 τὸ
1483 1697 1584 1768 τῆς
1607 1699 1832 1769 εἰρήνης

239 1793 436 1864 ὄνομα,
470 1793 654 1846 ἐκεῖσε
686 1792 757 1845 τά
802 1790 896 1844 τοῦ
924 1789 1163 1860 πολέμου
1196 1789 1336 1860 ἔργα
1367 1787 1602 1860 χορεύει.
1641 1786 1831 1841 Ταῦτα

239 1883 317 1938 δὲ.
342 1880 636 1954 συμϐαίνει
663 1881 730 1935 ὲκ
758 1879 854 1934 τοῦ
901 1880 1072 1935 πολλὰ
1100 1880 1195 1933 καὶ
1229 1875 1549 1933 παντοδαπὰ
1575 1875 1835 1948 ἡμαρτῆ-

243 1975 372 2030 σθαι
399 1975 518 2037 τοϊς
545 1971 611 2027 τὸ
641 1971 1021 2027 διδασκαλικὸν
1043 1970 1264 2042 ἀξίωμα
1297 1968 1796 2040 ἑγκεχειρισμένοις
1816 1983 1831 1998 ·

240 2060 318 2123 ὧν
339 2064 403 2119 τδ
439 2063 565 2120 καθ’
593 2063 654 2119 ἓν
694 2063 884 2129 ἐάσας,
917 2062 975 2116 ἓν
1007 2063 1086 2126 εἰς
1112 2061 1141 2116 δ
1182 2061 1362 2115 πάντα
1390 2053 1578 2141 βλέπει
1606 2057 1829 2131 γράψω,

242 2158 481 2228 πρᾶγμα
509 2154 728 2226 ἔντιμον
755 2155 850 2208 καὶ
880 2153 1025 2225 μέγα
1053 2152 1146 2208 καὶ
1183 2150 1437 2223 λαμπρόν
1463 2168 1477 2182 ·
1511 2150 1608 2205 καὶ
1643 2149 1673 2203 δ
1707 2143 1836 2214 τοῦς

215 2250 563 2322 ίάποστόλων
600 2248 713 2321 (ιδ)
767 2242 1060 2319 συλλόγους
1074 2287 1088 2311 ,
1119 2247 1195 2312 ὡς
1223 2236 1522 2317 φωστῆρας
1559 2241 1835 2314 πανταχοῦ

242 2341 348 2412 τῆς
369 2340 699 2412 οἰκουμένης
722 2335 864 2394 εἶναι
894 2339 1165 2409 πεποίηκε
1187 2354 1201 2368 ·
1228 2338 1326 2391 νῦν
1354 2336 1671 2413 ρᾳθυμηθὲν
1704 2352 1838 2404 συγ-

244 2433 460 2504 χύσεως
479 2431 746 2502 ένέπλησε
775 2431 875 2495 τὰς
918 2429 1247 2500 Ἐκκλησίας
1268 2446 1281 2458 υ
1315 2429 1368 2481 τί
1407 2427 1464 2481 δέ
1494 2431 1609 2482 ἐστι
1638 2426 1836 2494 τοῦτος

245 2527 443 2595 φράσω
476 2522 618 2595 μετὰ
640 2523 957 2595 παρρησίας
979 2523 1126 2587 ,καὶ
1159 2523 1270 2593 γὰρ
1294 2519 1401 2576 οὐδ’
1437 2521 1505 2575 ἂν
1532 2519 1710 2583 ἄλλως
1746 2519 1840 2572 δυ-

245 2615 485 2686 ναίμην
536 2615 617 2668 ὅτι
654 2607 920 2683 τότεμὲν
965 2615 1015 2667 οἰ
1068 2611 1349 2684 φιλάρετοι
1398 2612 1479 2674 είς
1533 2609 1839 2682 ίερωσύνην

232 2693 575 2780 προήγοντο,
606 2705 724 2760 νυνί
750 2704 809 2759 δὲ
836 2707 886 2760 οἰ
924 2704 1436 2777 φιλάργυροι·,.τότε
1467 2705 1520 2758 oi
1544 2702 1840 2774 φεύγοντες

244 2799 309 2854 τὸ
339 2800 574 2872 πρᾶγμα
599 2797 691 2853 διὰ
717 2797 778 2852 τὸ
811 2797 1039 2870 μέγεθος
1073 2796 1173 2870 τῆς
1200 2795 1399 2868 ἀρχῆς,
1428 2794 1524 2850 νῦν
1561 2795 1618 2850 δὲ
1642 2796 1695 2850 οἱ
1717 2796 1842 2850 ἑπι-

247 2889 531 2961 πηδῶντες
556 2887 634 2961 τῷ
660 2889 946 2960 πράγματι
969 2926 985 2952 ,
1005 2887 1093 2942 διὰ
1125 2888 1187 2941 τδ
1211 2887 1442 2958 μέγεθος
1467 2887 1566 2957 τῆς
1593 2886 1832 2959 τρυφῆς.

2012 1603 2130 1660 Non
2160 1617 2350 1674 paucae
2372 1601 2648 1673 proiecto,
2698 1611 2762 1656 ut
2807 1602 2878 1656 ad
2920 1614 3006 1656 me
3033 1601 3424 1672 perscripsisti,
3475 1602 3533 1658 in

1937 1694 2197 1752 Ecclesiis
2231 1695 2406 1750 turbte
2431 1685 2558 1750 sunt
2587 1694 2860 1750 excitata.
2914 1691 3021 1750 Ubi
3063 1693 3210 1749 enim
3243 1696 3394 1765 pacis
3436 1709 3537 1751 no-

1938 1773 2087 1851 men,
2115 1784 2191 1843 ibi
2241 1799 2332 1842 res
2375 1784 2587 1841 bellicae
2636 1767 2892 1855 regnant.
2921 1783 2980 1839 ld
3015 1798 3145 1838 vero
3187 1784 3373 1841 multis
3411 1801 3536 1863 gra-

1937 1877 2206 1947 vibusque
2223 1891 2413 1934 eorum
2440 1876 2711 1946 peccatis,
2746 1875 2948 1947 quibus
2977 1875 3208 1932 docendi
3243 1876 3380 1932 alios
3415 1892 3538 1930 mu-

1939 1983 2042 2025 nus
2072 1969 2356 2033 incumbit,
2391 1978 2476 2024 est
2519 1968 2898 2038 imputandum
2937 1983 2951 2020 :
2987 1982 3106 2038 quae
3139 1982 3246 2023 non
3296 1968 3536 2040 singula-

1940 2059 2036 2115 tim
2061 2057 2546 2116 excutiamﬂn'um
2577 2059 2873 2123 duntaxat,
2895 2074 3008 2128 quo
3037 2068 3287 2130 spectant
3312 2069 3533 2127 caetera,

1939 2150 2007 2206 de
2034 2150 2219 2206 multis
2248 2166 2527 2223 magnum,
2549 2150 2930 2207 venerandum
2957 2161 3122 2221 atque
3147 2151 3359 2207 illustre
3383 2166 3537 2207 com-

1941 2244 2299 2301 memorabo:
2349 2244 2513 2315 idque
2559 2245 2987 2316 apostolicorum
3037 2244 3280 2299 virorum
3331 2253 3534 2300 emtum

1940 2347 2000 2392 ut
2046 2336 2335 2392 luminaria
2371 2353 2468 2407 per
2503 2346 2675 2393 totum
2703 2376 2719 2404 ,
2771 2352 2880 2407 qua
2918 2337 3218 2404 habitatur,
3264 2348 3535 2403 terrarum

1939 2430 2129 2487 orbem
2160 2428 2469 2494 constituit,
2505 2429 2740 2485 nunc'ld
2781 2429 2955 2499 ipsum
2988 2428 3294 2498 neglectum
3351 2425 3539 2482 Eccle-

1940 2519 2055 2576 sias
2083 2520 2137 2576 in
2166 2520 2642 2577 conturbationem
2672 2521 2856 2578 vertit.
2902 2519 3042 2586 Quid
3090 2521 3310 2576 tandem
3336 2521 3388 2575 id
3417 2519 3539 2575 est?

1941 2610 2178 2681 inquies.
2225 2609 2437 2680 Dicam,
2477 2627 2654 2683 neque
2702 2613 2849 2668 enim
2901 2613 3063 2668 aliter
3089 2626 3310 2683 queam,
3345 2612 3536 2668 libere.

1943 2701 2396 2773 Quandoquidem
2435 2704 2639 2761 virtute
2671 2712 2784 2760 tum
2823 2705 3034 2775 praediti
3063 2705 3374 2759 sacerdotio
3407 2713 3534 2758 sunt

1942 2791 2149 2850 admoti
2185 2811 2202 2848 :
2245 2808 2392 2850 nunc
2420 2807 2552 2850 vero
2579 2795 2732 2850 avari
2766 2811 2832 2854 ac
2870 2795 3117 2867 pecunias
3146 2795 3351 2866 cupidi.
3386 2793 3542 2852 Tunc

1941 2883 2171 2956 imperia
2223 2883 2624 2956 dignitatesque
2676 2887 2748 2943 ob
2798 2887 2878 2942 rei
2930 2887 3361 2958 magnitudinem
3387 2885 3544 2942 deiu-

245 2983 386 3036 Τότε
430 2983 480 3036 οἰ
514 2981 873 3053 ἀκτημοσύνῃ
894 2980 1124 3052 ἑκουσίῳ
1156 2979 1603 3052 ἑναὸρυνόμενοι,
1635 2978 1755 3068 νυνὶ
1776 2978 1836 3032 δὲ

1945 2975 2187 3046 giebant,
2237 2984 2296 3032 ut
2337 2975 2740 3045 Nazianzenus,
2796 2979 3253 3049 Cbrysostomus,
3300 2989 3356 3035 et
3406 2978 3540 3048 alii;

244 3076 296 3129 οἰ
340 3072 626 3146 πλεονεξίᾳ
668 3071 904 3144 ἑκουσίῳ
951 3070 1452 3144 χρηματιζόμενοι·
1493 3071 1616 3124 τότε
1643 3063 1695 3125 οί
1730 3067 1838 3142 πρὸ

245 3164 548 3238 ὀφθαλμῶν
581 3163 799 3236 ἔχοντες
846 3164 910 3219 τὺ
941 3163 1085 3219 θεῖον
1113 3163 1470 3236 δικαστήριον
1492 3201 1509 3228 ,
1544 3161 1664 3216 νυνὶ
1695 3159 1756 3216 δὲ
1788 3163 1840 3217 οἰ

249 3259 388 3330 μηδὲ
416 3257 624 3313 ἔννοιαν
647 3257 841 3312 τούτου
866 3255 1081 3329 ἔχοντες
1099 3273 1116 3289 ο
1151 3255 1274 3310 τότε
1296 3256 1346 3310 οἰ
1376 3254 1680 3309 τύπτεσθαι
1703 3270 1720 3286 ο
1742 3253 1841 3310 νῦν

244 3347 304 3402 δὲ
335 3349 384 3402 οί
403 3345 630 3402 τύπτειν
651 3345 861 3418 ἕτοιμοι
885 3363 900 3380 ·
932 3346 1028 3400 καὶ
1045 3345 1110 3405 ,τί
1130 3345 1213 3400 δεῖ
1231 3345 1300 3400 τὰ
1315 3345 1489 3399 πολλὰ
1507 3343 1692 3414 λέγειν
1714 3361 1729 3410 ;
1752 3360 1843 3416 με·

246 3436 674 3493 ταπεπτωκέναι
697 3436 889 3491 λοιπὸν
922 3435 984 3490 τδ
1017 3435 1242 3508 ἀξίωμα
1272 3434 1454 3503 ἔδοξεν
1487 3434 1597 3492 ἀπὸ
1620 3433 1844 3506 ἰερωσύ·

246 3545 349 3600 νης
363 3529 446 3592 είς
469 3526 763 3600 τυραννίδα
778 3542 793 3557 ⁸
811 3525 923 3582 ἀπὸ
935 3512 1443 3598 ταπεινοφροσύνης
1459 3527 1539 3589 εἰς
1556 3526 1844 3596 ὑπερηφα-

246 3617 402 3673 νίαν
445 3617 554 3672 ἀπὸ
583 3617 837 3689 νηστείας
869 3619 951 3682 εἰς
977 3617 1224 3689 τρυφὴν,
1265 3616 1376 3672 άπδ
1411 3617 1730 3689 οίκονομίας
1760 3618 1844 3681 εἰς

247 3705 607 3760 δεσποτείαν·
658 3706 721 3760 οὐ
751 3705 861 3778 γὰρ
898 3706 975 3770 ὡς
1012 3706 1292 3777 οἰκονόμοι
1325 3704 1543 3772 ἀξιοῦσι
1579 3707 1838 3776 διοικεῖν,

248 3795 366 3850 ἀλλ’
401 3796 480 3860 ώς
519 3795 776 3850 δεσπόται
814 3795 1249 3867 σφετερίζεσθαι.
1293 3793 1483 3850 Ταῦτα
1514 3795 1572 3851 δὲ
1601 3795 1663 3850 οὐ
1701 3795 1844 3851 κατὰ

249 3889 474 3943 πάντων
516 3887 732 3960 εῐρηται
753 3926 770 3953 ,
800 3885 938 3942 ἀλλὰ
965 3885 1108 3942 κατὰ
1149 3886 1259 3942 τῶν
1296 3887 1498 3958 ινόχων
1520 3903 1536 3919 ο
1589 3886 1697 3941 εἰσὶ
1725 3887 1844 3959 γάρ

248 3979 392 4031 εἰσιν
422 3975 472 4030 οῑ
503 3975 647 4031 κατὰ
675 3975 768 4030 τὸν
799 3975 1161 4032 άποστολικὸν
1193 3977 1293 4048 μὲν
1323 3977 1460 4041 ζῶσι
1493 3976 1842 4048 χαρακτῆρα,

253 4067 416 4139 ῥῆξαι
445 4067 503 4121 δὲ
529 4067 714 4140 φωνὴν
747 4067 824 4139 μὴ
838 4067 1152 4139 τολμῶντες
1171 4085 1186 4101 ·
1219 4070 1269 4123 εἰ
1298 4069 1395 4126 καὶ
1418 4069 1541 4141 λίαν
1567 4071 1675 4125 εἰσὶ
1702 4071 1846 4127 κατὰ

250 4159 410 4213 τοῦτο
443 4159 604 4230 μόνον
635 4162 909 4231 μεμπτοὶ,
933 4161 1020 4215 ὅτι
1045 4159 1344 4227 δεδοικότες
1381 4161 1491 4218 τῶν
1527 4163 1844 4219 ἀκολάστων

238 4250 313 4313 ,τὺ
336 4251 577 4322 πλῆθος,
613 4253 676 4306 τό
712 4269 777 4322 γε
816 4253 899 4318 είς
936 4253 1134 4320 αὐτοὺς
1169 4249 1328 4328 1ἧκον,
1361 4255 1462 4327 τῆς
1495 4255 1841 4331 τηλικαύτης

248 4341 592 4415 διορθώσεως
623 4343 908 4416 ἀμελοῦσι.

1945 3081 2089 3123 nunc
2106 3077 2236 3123 vero
2255 3081 2320 3122 ex
2342 3076 2536 3138 sponte
2559 3080 2868 3134 assumunt,
2887 3070 2958 3125 ob
2979 3067 3300 3124 deliciarum
3329 3069 3542 3136 copiam

1911 3202 1919 3212 ε
1945 3168 2112 3232 atque
2137 3161 2424 3216 invadunt.
2456 3159 2614 3217 Tunc
2643 3160 2946 3216 voluntaria
2992 3167 3310 3230 paupertate
3339 3158 3542 3230 gloria-

1946 3252 2182 3319 bantur;
2228 3268 2373 3309 nunc
2420 3246 3001 3324 habendi'cupiditate
3048 3262 3348 3324 spontanea
3393 3266 3570 3322 qute-q

1934 3354 2091 3402 ‘stum
2155 3343 2388 3400 faciunt.
2455 3342 2612 3400 Tunc
2661 3344 2756 3400 Dei
2801 3344 3069 3413 judicium
3098 3353 3225 3400 ante
3259 3343 3448 3399 oculos
3479 3343 3545 3399 iis

1943 3438 2265 3495 versabatur
2291 3456 2308 3495 :
2331 3442 2480 3516 hunc
2515 3452 2583 3494 ne
2615 3438 2861 3507 cogitant
2885 3437 3108 3507 quidem
3146 3439 3212 3492 de
3241 3437 3354 3490 illo.
3386 3434 3544 3516 Tunc

1943 3529 2108 3601 ﬂagra
2151 3513 2421 3601 perpeti;'
2446 3545 2590 3586 nunc
2633 3530 2861 3586 verbera
2903 3529 3149 3600 inﬂigere
3180 3529 3379 3600 parati.
3423 3513 3542 3584 Sed.

1942 3620 2074 3692 quid
2127 3619 2374 3689 pluribus
2420 3628 2506 3676 est
2542 3620 2719 3691 opus?
2755 3619 3041 3677 Recidisse
3080 3621 3194 3690 jam
3251 3619 3544 3676 sacerdotii

1944 3709 2266 3782 dignitatem
2291 3711 2360 3769 ad
2390 3711 2654 3781 regnandi
2696 3712 3012 3782 cupidinem
3060 3719 3307 3782 apparet,
3333 3712 3404 3766 ab
3439 3713 3543 3766 huc

1943 3801 2175 3858 utilitate
2209 3803 2278 3857 ad
2314 3802 2653 3873 superbiam,
2704 3818 2735 3857 a
2784 3803 2994 3873 jejunio
3038 3804 3107 3858 ad
3146 3803 3369 3858 delicias
3418 3820 3545 3873 pro-

1944 3891 2177 3963 lapsam,
2225 3906 2256 3947 a
2302 3891 2713 3962 dispensatione
2759 3893 2997 3963 denique
3027 3894 3094 3948 ad
3118 3892 3423 3961 dominium
3448 3910 3544 3950 ve-

1945 3984 2114 4040 nisse.
2149 3981 2269 4039 Non
2295 3983 2441 4039 enim
2475 3992 2536 4038 ut
2579 3982 2984 4054 dispensatores
3011 3986 3399 4041 administrare
3426 4001 3542 4041 rem

1944 4075 2160 4142 volunt,
2202 4074 2300 4131 sed
2344 4085 2404 4129 ut
2449 4073 2664 4141 domini,
2690 4075 2797 4131 sibi
2840 4075 3060 4146 propria
3092 4077 3389 4132 vindicant.
3418 4075 3545 4134 Haec

1944 4177 2076 4220 vero
2108 4179 2218 4220 non
2255 4164 2308 4219 in
2338 4177 2528 4219 omnes
2549 4156 2694 4220 dicta
2724 4163 2858 4233 sint,
2891 4165 2986 4220 sed
3013 4166 3066 4220 in
3099 4179 3223 4221 reos
3249 4181 3312 4221 ac
3338 4176 3541 4223 sontes.

1946 4255 2272 4334 Suntenim,
2313 4264 2461 4322 sunt,
2485 4256 2732 4326 inquam,
2757 4257 2852 4326 qui
2885 4257 3048 4313 hodie
3076 4258 3145 4314 ad
3181 4259 3541 4330 apostolicam

1873 4344 1920 4401 D
1956 4350 2147 4406 vivunt
2185 4362 2662 4415 normam,vocem
2694 4359 2873 4404 tamen
2897 4349 3264 4406 emitterenon
3283 4351 3540 4404 audeant.

250 4436 373 4504 Quo
413 4437 578 4493 etiam
627 4447 758 4494 sunt
794 4439 1018 4496 nomine
1054 4441 1399 4512 potissimum
1447 4437 1791 4516 improbandi
1814 4485 1831 4513 ,
1865 4445 2013 4518 quod
2041 4422 2056 4453 τ
2085 4444 2461 4516 improborum
2513 4444 2676 4500 veriti
2740 4444 3170 4514 multitudinem,
3203 4445 3348 4516 quod
3374 4445 3543 4500 cilicii

251 4535 339 4584 est
380 4527 646 4598 ipsorum,
686 4540 884 4598 nempe
925 4529 1232 4602 huiusmodi
1256 4533 1550 4604 corripere,
1583 4533 1638 4591 id
1662 4536 1975 4610 negligunt.

530 4641 663 4696 tm.
701 4670 771 4682 —
802 4641 1059 4708 unum
1095 4644 1572 4718 ΠΡΕΣΒΥΤΕΡῼ.

2218 4647 2386 4705 XX".
2424 4649 2780 4708 ——DANIEL|
2807 4651 3286 4711 PBESBYTERO.

1369 4733 1754 4805 Ignoscendum
1780 4738 1938 4794 etiam
1981 4754 2084 4795 non
2114 4741 2428 4811 postulanti.

328 4846 391 4901 Εἰ
422 4845 520 4901 καὶ
561 4846 590 4900 ό
619 4847 914 4920 χρεωστῶν
947 4864 1030 4902 σοι
1076 4849 1374 4918 ἀπολογίαν
1415 4849 1542 4904 οὔτε
1593 4853 1844 4907 ἀπαιτεῖο

251 4953 346 4991 ται
383 4935 493 4990 ἀπὸ
520 4935 637 5004 σοῦ,
676 4937 1092 5009 οὖτεᾶγχεται·
1121 4939 1202 4994 διὸ
1228 4940 1326 4994 καὶ
1353 4941 1516 5006 αὐτὸς
1547 4943 1846 5012 ἀπολογίαν

254 5028 362 5097 ὴγῇ
394 5025 542 5097 ἔχειν
563 5027 658 5081 τοῦ
695 5028 770 5100 μὴ
800 5028 993 5101 ἐκείνῳ
1029 5033 1513 5104 συγκεχωρηκέναι
1543 5033 1604 5086 τὺ
1631 5033 1739 5088 τῶν
1764 5036 1844 5099 εἰς

258 5119 318 5171 σὲ
352 5119 710 5190 πταισμάτων
753 5121 932 5193 χρέος,
971 5123 1091 5179 ἀλλ’
1131 5125 1295 5189 αὐτὸς
1332 5126 1426 5179 καὶ
1477 5127 1554 5198 μὴ
1586 5143 1842 5199 παρακα-

254 5207 472 5276 λοῦντι,
507 5213 646 5283 μηδὲ
676 5214 1010 5288 συγγνώμην
1040 5216 1283 5272 αἰτοῦντι
1328 5217 1470 5272 δίδου
1505 5219 1712 5291 ταύτην
1736 5260 1752 5286 ,
1787 5223 1836 5276 εἰ

2030 4854 2168 4925 Etsi,
2204 4859 2298 4928 qui
2334 4867 2386 4915 te
2416 4857 2664 4924 oﬂ‘endit,
2723 4874 2899 4931 neque
2933 4861 3150 4917 veniam
3178 4875 3207 4916 a
3257 4871 3308 4917 te
3356 4874 3548 4934 posm-

1953 4947 2048 5016 lat,
2091 4963 2156 5004 ac
2203 4964 2272 5005 ne
2319 4960 2605 5022 propterea
2653 4952 2870 5022 quidem
2915 4955 3178 5025 angitur:
3226 4956 3368 5010 unde
3397 4967 3452 5012 et
3488 4969 3541 5012 tu

1950 5055 2214 5098 excusare
2253 5052 2304 5098 te
2338 5058 2500 5114 posse
2545 5044 2766 5113 videris,
2824 5060 2930 5102 non
2979 5047 3239 5117 impensa:
3279 5048 3542 5106 hactenus

1949 5131 2024 5186 illi
2075 5132 2128 5186 in
2163 5141 2216 5188 te
2271 5134 2690 5190 commissorum
2733 5137 2944 5190 veniae:
2979 5145 3033 5191 tu
3093 5147 3271 5194 tamen
3323 5141 3539 5195 veniam

1948 5221 2044 5289 illi,
2084 5221 2211 5278 licet
2245 5238 2367 5280 eam
2427 5239 2532 5280 non
2578 5225 2805 5297 rogeris,
2829 5234 2925 5280 aut
2966 5225 3242 5297 eiii-agitet,
3283 5228 3538 5300 indulge;

1371 5372 1608 5430 VARIAE
1645 5374 2032 5433 LECTIONES
2069 5375 2156 5433 ET
2186 5375 2422 5435 NOTAE.

333 5522 440 5595 (42)
480 5521 625 5595 Inter
661 5524 757 5579 τοῦ
805 5535 861 5581 et
911 5527 1224 5593 πεισθέντος
1269 5530 1424 5587 codd.
1470 5528 1635 5587 iidem
1679 5532 1840 5588 ambo

255 5594 506 5664 inserunt
539 5594 636 5664 μή.
673 5596 878 5664 pnssin.

333 5662 446 5735 (43)
487 5662 930 5723 mammam
964 5667 1083 5725 cod.
1123 5669 1242 5726 Vat.
1278 5669 1381 5730 650
1412 5670 1662 5748 ctJSfort.
1709 5673 1845 5732 scri-

1950 5533 2086 5615 bunt
2126 5533 2749 5615 τίετιοσιιίολικούςί-γει-ετ
2795 5535 3194 5615 inde_4,_antc
3237 5539 3542 5615 ίερωσύνην

1952 5604 2107 5662 codd.
2140 5605 2258 5663 Vat.
2291 5605 2396 5663 650
2425 5618 2479 5665 ct
2505 5607 2614 5666 Alt.
2647 5607 2849 5666 addunt
2882 5609 3000 5682 τήν.
3036 5608 3110 5665 lu.
