3988 6448
455 218 587 286 1313

1635 219 1696 279 S.
1735 217 2025 280 ISIDORI
2065 213 2498 277 PELUSIOT/E

3551 197 3698 270 ιειε

452 341 620 400 atque
645 331 871 385 astutias
902 329 1224 397 investigare
1248 341 1311 382 ac
1347 325 1556 382 rimari.
1585 325 2022 384 Observandum-

2142 324 2296 391 λόγος,
2327 322 2394 376 τὰ
2430 321 2803 392 μηχανήματα
2832 317 2995 373 αὑτοῦ
3029 315 3334 388 ἀνιχνεύειν
3353 311 3454 370 καὶ
3487 311 3696 386 quih-

454 433 560 489 que
619 419 794 488 quoad
832 416 946 485 eius
1003 416 1117 472 ﬁeri
1167 425 1360 487 potest,
1388 417 1624 472 maxime
1667 431 1789 474 cum
1817 415 2018 471 amoris

452 505 630 560 colore
661 504 906 560 inescare
937 504 1184 560 homines
1223 505 1454 560 studeat.
1488 503 1642 562 Tunc
1672 507 1816 562 enim
1845 519 2016 576 expu-

453 594 606 664 gnari
643 595 872 666 capique
902 604 1080 666 potest
1105 592 1390 652 difﬁcilius.

521 682 749 751 Quando
791 701 922 743 vero
969 686 1036 742 de
1077 686 1419 757 dogmatibus
1465 685 1820 760 signiﬁcasti;
1857 685 2018 758 562

450 773 589 828 scito
616 775 835 832 audisse
866 790 951 831 me
999 777 1288 848 aliquando
1321 791 1387 833 ex
1421 777 1581 832 docto
1625 777 1745 832 viro
1785 791 2021 848 evange-

453 863 589 918 lista
615 880 854 933 sensum,
884 878 1171 937 propterea
1220 870 1361 939 quod
1398 866 1519 922 Filii
1557 867 1650 923 Dei
1681 882 1876 923 nomen
1901 875 2021 922 astu

456 956 783 1014 adornantea
821 957 1185 1026 inverterunt,
1200 965 1253 1015 et
1271 958 1467 1014 Filium
1482 957 1575 1015 Dei
1596 973 1705 1015 non
1720 973 1842 1016 esse
1863 972 2018 1014 crea-

455 1053 633 1102 turam
696 1054 840 1104 rocte
887 1048 1207 1105 docuerunt.
1269 1050 1437 1105 Aiunt
1493 1049 1686 1105 enim:
1735 1047 1875 1115 His,
1932 1049 2023 1120 qui

456 1137 673 1192 credunt
702 1138 758 1193 in
791 1140 1000 1194 nomine
1035 1140 1169 1209 ejus,
1199 1139 1344 1194 dedit
1394 1141 1470 1194 eis
1524 1150 1833 1208 potestatem
1878 1140 2020 1210 ﬁlios

457 1227 558 1282 Dei
580 1228 693 1298 ﬁeri
716 1229 754 1282 ¹.
815 1229 880 1284 Et
905 1229 1076 1286 alibi:
1122 1230 1390 1300 Quidquid
1436 1230 1690 1301 petieritis
1728 1231 1784 1285 in
1817 1231 2024 1286 nomine

457 1333 592 1386 meo,
614 1320 874 1388 accipietis
894 1322 934 1373 ⁸.
967 1319 1113 1376 Inter
1133 1330 1325 1377 caetera
1350 1335 1501 1388 vero,
1535 1337 1654 1392 qua
1686 1319 1847 1375 multa
1873 1332 2022 1389 sunt,

458 1407 556 1464 Dei
583 1409 820 1475 nomina,
848 1410 1082 1465 maxime
1115 1411 1390 1482 proprium
1433 1419 1517 1468 eat
1543 1409 1664 1467 Filii
1697 1409 1792 1466 Dei
1837 1412 2024 1483 appel-

461 1496 628 1553 latio:
655 1499 950 1555 ostendens
978 1513 1164 1556 verum
1192 1513 1316 1557 esse
1340 1514 1405 1555 ac
1430 1498 1744 1570 genuinum,
1778 1510 1833 1554 et
1867 1513 2024 1555 crea-

465 1598 596 1644 tura
624 1604 841 1644 sensum
865 1605 1078 1646 omnem
1115 1589 1557 1662 intellectumque
1589 1590 1874 1646 excedens.
1902 1590 2028 1647 Cla-

2121 414 2311 468 τεσθαι
2345 413 2422 476 ὡς
2451 413 2754 484 ἐνδέχεταιο
2783 411 2912 465 ὅταν
2949 409 3180 481 μάλιστα
3212 407 3396 478 φιλίας
3445 403 3692 478 προσχή-

2127 521 2257 578 ματι
2289 503 2517 577 δελεάξῃ
2539 520 2554 534 ·
2581 505 2702 559 τότε
2735 504 2845 577 γάρ
2873 500 3173 565 δυσάλωτός
3209 501 3325 554 ἐστι
3351 497 3449 553 καὶ
3479 493 3694 568 δῦσμαο

2123 613 2239 668 χος.

2207 687 2427 758 Ἐπειδῂ
2458 687 2515 742 δέ
2541 686 2633 741 καὶ
2661 685 2790 757 περὶ
2817 683 3103 755 δογμάτων
3143 683 3440 755 ἐμήνυσας,
3477 679 3590 734 ῖσθι
3617 678 3698 732 ὅτι

2125 778 2338 851 ἥκουσά
2399 777 2530 832 ποτέ
2614 793 2760 840 τινος
2840 773 3016 829 δεινοῦ
3076 772 3418 843 καταμαθεῖν
3485 768 3699 840 ἀνδρῶν

2125 867 2529 937 εὐαγγελιστῶν
2553 867 2811 929 διάνοιαν,
2843 866 2925 918 δτι
2954 863 3117 917 τόκου
3150 861 3245 916 τοῦ
3297 861 3527 932 γνησίου
3575 857 3699 912 τοῦ·

2125 971 2267 1026 νομα
2330 954 2610 1024 ἔστρεφον,
2675 950 3174 1017 κατασκευάζοντες
3232 950 3294 1004 τὸ
3360 950 3437 1020 μὴ
3492 947 3700 1018 κτίσμα

2128 1040 2267 1099 εῖναι
2295 1045 2386 1099 τὸν
2407 1043 2556 1098 Υίόν.
2595 1044 2844 1113 Ἐφασαν
2876 1043 3004 1115 γάρ’
3040 1042 3173 1110 Τοῖς
3199 1043 3596 1097 πιστεύουσιν
3614 1041 3700 1108 εἰς

2126 1133 2195 1188 τὸ
2205 1131 2389 1202 ὄνομα
2397 1131 2581 1187 αὐτοῦ
2593 1129 2869 1186 δεδόσθαι
2881 1131 3172 1196 ἐξουσίαν
3184 1130 3361 1187 τέκνα
3375 1130 3528 1185 Θεοῦ
3541 1129 3703 1199 τεγέ-

2128 1225 2270 1278 σθαι
2291 1261 2304 1274 .
2340 1222 2470 1276 Καί·
2507 1214 2577 1277 Ὀ
2609 1221 2718 1276 ἐὰν
2739 1222 3028 1292 αιτήσητε
3069 1222 3139 1277 ἐν
3169 1222 3251 1289 τῷ
3296 1222 3548 1291 ὀνόματι
3581 1238 3700 1290 μου

2128 1310 2428 1382 λήψεσθεο
2488 1311 2657 1383 ὄνομα
2708 1313 2765 1366 δέ
2803 1313 2898 1366 τοῦ
2957 1312 3309 1384 πολυωνύμου
3363 1313 3703 1385 κυριώτερον

2129 1401 2238 1457 τῶν
2282 1403 2464 1458 τάλλων
2513 1405 2546 1474 ἡ
2607 1402 2702 1456 τοῦ
2744 1402 2875 1458 Υίοῦ
2944 1405 3305 1476 προσηγορία,
3360 1404 3422 1457 τὸ
3474 1403 3705 1474 γνήσιον

2130 1493 2493 1563 ἐμφαίνουσα,
2522 1494 2616 1548 καὶ
2645 1494 2746 1566 τὴν
2767 1494 2860 1548 τοῦ
2882 1495 3176 1566 κτίσματος
3209 1495 3418 1550 ἔννοιαν
3437 1494 3706 1564 ἐξοστραο

2132 1584 2376 1649 κίζουσα.
2415 1585 2582 1657 Δῆλον
2625 1585 2804 1640 τοίνυν
2845 1586 2926 1640 δτι
2959 1587 3072 1650 τοῖς
3117 1587 3218 1658 μὲν
3248 1589 3383 1642 Υιόν
3416 1586 3584 1640 αὐτὸν
3619 1587 3708 1640 λέ-

466 1693 584 1732 rum
619 1680 802 1749 itaque
830 1680 1009 1736 evadit
1043 1681 1438 1752 appellantibus
1462 1696 1586 1736 eum
1619 1679 1819 1734 Filium
1849 1681 2030 1737 datam

2142 1691 2319 1744 rouaw
2354 1675 2512 1746 ἐδόθη
2564 1677 2598 1748 ἠ
2633 1677 2814 1748 χάρις,
2845 1679 2957 1741 τοῖς
2989 1675 3047 1731 δὲ
3093 1677 3302 1750 κτίσμα
3330 1678 3495 1733 αὐτὸν
3524 1678 3706 1746 λέγειν

464 1779 587 1822 esse
614 1768 841 1838 gratiam
867 1786 884 1826 :
912 1769 1155 1841 refugere
1181 1778 1369 1827 contra
1407 1769 1478 1827 ab
1497 1771 1581 1827 his
1604 1785 1718 1836 eos,
1753 1772 1845 1841 qui
1874 1786 2032 1827 crea-

471 1864 646 1913 turam
672 1874 791 1916 eaae
819 1861 1019 1918 audent
1049 1876 1314 1918 asserere.
1344 1860 1420 1918 De
1444 1861 1626 1931 politia
1653 1862 1796 1931 quod
1826 1877 2034 1932 quaere-

467 1945 585 2013 bas,
616 1961 779 2002 avens
804 1949 984 2004 omnia
1017 1949 1176 2006 simul
1205 1951 1435 2015 discere,
1465 1951 1652 2020 paucis
1694 1951 2032 2022 respondeo;

466 2040 739 2107 videlicet,
769 2042 1051 2113 gentilium
1080 2044 1352 2114 sapientes
1401 2042 1630 2114 gloriam
1670 2043 1880 2099 dicendi
1908 2058 2034 2114 gra-

467 2132 636 2187 vitate
671 2141 726 2188 et
772 2133 925 2201 copia
969 2133 1192 2205 adeptos
1232 2135 1562 2190 constituere
1614 2133 1875 2201 volentes,
1906 2135 2036 2204 quid

464 2222 689 2292 justum,
726 2225 852 2294 quid
881 2225 1157 2290 decorum,
1180 2225 1314 2295 quid
1347 2225 1664 2294 legitimum,
1695 2234 1750 2280 et
1785 2225 2034 2294 denique,

468 2315 595 2384 quid
626 2315 908 2370 honestum
938 2315 1030 2381 sit,
1068 2317 1302 2370 rationes
1347 2315 1588 2370 inﬁnitas
1620 2313 1939 2380 aﬁ‘erentea,
1976 2329 2038 2368 ac

469 2405 695 2475 prolixis
736 2407 1090 2473 sermonibus,
1124 2407 1276 2476 quasi
1329 2405 1694 2478 labyrinthum
1755 2407 2035 2472 ducentes,

471 2504 675 2550 tantum
704 2496 770 2551 ab
801 2511 888 2561 eo,
919 2497 1063 2566 quod
1092 2495 1380 2552 dicendum
1402 2505 1540 2564 erat,
1570 2496 1873 2564 aberrasse,
1905 2507 1963 2553 ut
1985 2507 2041 2553 et

468 2583 709 2655 legentes
745 2586 1126 2641 conf=.ndendo
1169 2586 1400 2656 amplius
1448 2587 1850 2654 conturbarint.
1901 2587 2039 2642 Ver-

469 2675 597 2731 bum
623 2690 752 2730 vero
775 2674 866 2730 Dei
895 2674 1064 2731 Filius
1099 2677 1319 2732 insitum
1350 2677 1555 2732 homini
1599 2676 1929 2732 intellectum
1961 2681 2044 2731 in-

470 2777 812 2832 ataurans,et
838 2759 1047 2826 arbitrii
1075 2771 1335 2840 cujusque
1361 2771 1664 2827 libertatem
1681 2773 1831 2843 justo
1854 2788 1915 2829 ac
1946 2772 2043 2829 de-

469 2874 618 2925 coro,
645 2860 881 2931 legitimo
903 2863 1029 2917 item
1059 2871 1115 2916 et
1146 2863 1372 2918 honesto
1406 2863 1684 2932 colligans,
1730 2863 1880 2918 brevi
1922 2879 2041 2919 ser-

2132 1765 2402 1836 τολμῶσιν
2431 1768 2464 1837 ἡ
2488 1767 2642 1838 χάρις
2667 1767 2768 1822 οὒκ
2793 1768 3068 1840 ἐπιφοιτᾷ.
3116 1768 3338 1840 Ἐπειδὴ
3369 1769 3428 1823 δέ
3454 1769 3552 1822 καὶ
3579 1768 3708 1838 περὶ

2133 1855 2406 1919 πολιτείας
2436 1855 2546 1928 (50)
2578 1857 2874 1926 ἐδήλωσας,
2919 1858 3097 1913 πάντα
3135 1856 3270 1930 ὁμοῦ
3303 1857 3496 1929 μαθεῖν
3525 1857 3709 1930 γλιχόο

2137 1963 2316 2016 μενος,
2373 1947 2774 2003 ἀντεπιστέλλω
2831 1949 3110 2020 συντόμως
3140 1967 3155 1982 ο
3191 1951 3274 2004 ὅτι
3315 1952 3364 2003 οί
3427 1951 3529 2020 μὲν
3570 1950 3708 2022 παρ’

2135 2035 2361 2106 Ἕλλησι
2393 2038 2569 2104 σοφοὶ,
2607 2038 2656 2091 οί
2697 2037 2852 2103 δόξαν
2893 2038 2987 2095 ἐπὶ
3035 2038 3325 2110 σεμνότητι
3355 2039 3450 2093 καὶ
3476 2038 3710 2110 δυνάμει

2133 2125 2308 2194 λόγων
2337 2125 2486 2196 παρά
2525 2129 2690 2182 πᾶσιν
2721 2129 3038 2200 ἐσχηκότες,
3071 2129 3384 2201 βουλόμενοι
3421 2131 3710 2202 παραστῆ-

2140 2234 2227 2270 σαι
2253 2217 2308 2270 τί
2331 2217 2392 2270 τὸ
2420 2217 2647 2284 δίκαιον,
2679 2219 2773 2272 καὶ
2798 2220 2851 2273 τί
2883 2221 2943 2274 τὸ
2973 2221 3208 2292 πρέπον,
3244 2223 3338 2276 καὶ
3368 2223 3424 2275 τί
3460 2224 3525 2276 τὸ
3560 2223 3714 2294 νόμι-

2141 2324 2239 2377 μον
2268 2309 2361 2362 καὶ
2401 2309 2454 2362 τί
2491 2309 2550 2362 τὸ
2578 2309 2765 2375 καλὸν,
2818 2311 3044 2383 μυρίους
3081 2313 3271 2383 λόγους
3304 2314 3711 2381 ἀναλώσαντες,

2138 2402 2230 2455 καὶ⁸
2256 2401 2535 2472 διαλόγους
2561 2404 2802 2474 μακροὺς
2825 2399 3161 2476 λαϐυρίνθων
3181 2405 3334 2459 οὐδὲν
3354 2405 3716 2476 διαφέροντας

2139 2493 2433 2555 συνιέντες,
2462 2494 2716 2547 τοσοῦτον
2740 2494 2982 2564 ἀπέσχον
3021 2493 3116 2548 τοῦ
3145 2498 3319 2552 είπεῖν
3343 2515 3396 2551 τι
3434 2499 3548 2553 τῶν
3569 2498 3722 2555 δεόνο

2137 2600 2268 2647 των,
2297 2583 2380 2637 ὅτι
2407 2585 2502 2636 καὶ
2523 2583 2683 2637 πλέον
2707 2585 2834 2648 τοὺς
2863 2585 3336 2654 ἀναγινώσκοντας
3365 2591 3715 2660 συγχέουσιν.

2151 2673 2212 2728 '0
2250 2672 2307 2726 δέ
2347 2673 2622 2738 θειότατος
2652 2675 2829 2744 Λόγος
2876 2675 3022 2746 δεῦρ’
3080 2679 3457 2750 ἐπιφοιτήσας,
3499 2683 3596 2735 καὶ
3626 2681 3721 2736 τδν

2141 2761 2380 2833 ἔμφυτον
2420 2764 2761 2835 ἀνακινήσας
2811 2765 2918 2819 τῶν
2951 2765 3257 2837 ἀνθρώπων
3286 2769 3584 2842 λογισμὸν,
3618 2773 3720 2827 καὶ

2140 2853 2240 2925 τὴν
2267 2855 2501 2909 ἑκάστου
2560 2855 2818 2928 βούλησιν
2871 2857 2996 2928 δρον
3045 2857 3138 2912 τοῦ
3181 2859 3414 2926 δικαίου,
3471 2863 3570 2916 καὶ
3624 2863 3721 2917 τοῦ

473 2968 629 3007 mone
655 2953 707 3007 id
741 2968 900 3009 omne
929 2953 1140 3024 aperuit
1179 2969 1309 3009 usus
1347 2954 1566 3009 verbis:
1605 2971 1624 3006 ι
1679 2953 1869 3010 Omnia
1921 2968 2036 3024 qua

2143 2945 2466 3015 πρέποντος,
2496 2946 2590 3001 τοῦ
2617 2965 2677 3001 τε
2727 2949 2960 3020 νομίμου
3011 2949 3106 3002 καὶ
3139 2950 3234 3004 τοῦ
3261 2951 3428 3005 καλοῦ
3474 2953 3726 3024 πηξάμε·

471 3041 634 3096 vultis
655 3050 710 3095 ut
734 3042 935 3097 iaciant
959 3043 1109 3098 vobis
1135 3043 1399 3104 homines.
1419 3053 1472 3097 et
1502 3057 1596 3097 vos
1621 3043 1783 3099 facile
1813 3042 1917 3097 illis
1944 3042 1985 3098 ³.
2016 3061 2036 3096 ι

2145 3053 2254 3099 νος,
2281 3036 2369 3090 διὰ
2398 3035 2655 3108 βραχείας
2694 3038 2906 3110 ρήσεως
2950 3038 3109 3093 τοῦτο
3146 3039 3473 3112 διεσάφησεν
3507 3043 3685 3097 εἰπών
3708 3061 3722 3075 ·

474 3131 555 3187 Νο
582 3147 686 3188 non
723 3133 922 3204 scripta
951 3132 1193 3204 proferre
1235 3133 1530 3196 videretur,
1579 3134 1753 3204 sigillo
1793 3134 2036 3190 muniens

2150 3146 2170 3181 ε
2208 3125 2395 3181 Πάντα
2425 3131 2524 3184 ὅσα
2552 3128 2735 3182 Θέλετε
2764 3130 2850 3183 ῖνα
2896 3130 3126 3184 ποιῶσιν
3174 3131 3303 3203 ὑμῖν
3338 3135 3386 3187 oi
3415 3133 3725 3206 ἄνθρωποι,

476 3237 595 3292 quae
628 3225 857 3288 dixerat,
884 3226 1173 3296 omniaque
1197 3226 1515 3294 compendio
1562 3226 1842 3281 involvens
1870 3245 1883 3280 :
1916 3225 2036 3281 Hm

2145 3221 2242 3273 καὶ
2265 3220 2424 3290 ὑμεῖς
2453 3221 2656 3274 ποιεῖτε
2687 3221 2891 3284 αὐτοῖς.
2938 3240 2957 3274 a
2987 3218 3120 3275 Εῐτα
3151 3224 3238 3277 ῖνα
3277 3224 3352 3296 μὴ
3381 3225 3509 3297 δόξῃ
3552 3228 3732 3300 ἀγρα-

476 3325 547 3369 est
589 3317 747 3379 enim,
775 3316 965 3384 inquit,
1019 3317 1103 3370 (ea:
1150 3326 1197 3371 et
1250 3316 1536 3385 prophetae.
1587 3317 1836 3372 Omnium
1885 3317 2036 3388 igitur

2147 3329 2247 3381 φον
2271 3311 2434 3383 νόμον
2463 3313 2582 3365 κατ’
2615 3312 2896 3382 ἐγγράφου
2930 3311 3157 3381 τιθέναι,
3194 3317 3732 3389 ἐπισφραγιζόμενος

479 3407 700 3461 honeste
737 3409 1024 3476 factorum,
1051 3409 1166 3463 ltmc
1203 3408 1382 3479 regula
1411 3409 1500 3474 sit,
1535 3418 1593 3463 ut
1617 3409 1759 3478 quod
1796 3410 1951 3464 nobis
1980 3409 2036 3464 al

2147 3400 2216 3453 τά
2239 3401 2504 3472 είρημένα
2555 3406 2650 3455 καὶ
2683 3402 2914 3467 δεικνὺς,
2970 3404 3053 3457 ὅτι
3093 3405 3269 3459 πάντα
3309 3410 3595 3480 συντόμως
3629 3429 3731 3466 πε.

479 3495 600 3550 aliis
653 3495 769 3551 ﬁeri
806 3498 1062 3566 petimus,
1093 3499 1228 3553 idem
1277 3498 1408 3552 illud
1447 3513 1542 3554 nos
1573 3498 1673 3568 ipsi
1710 3508 2036 3567 praestemus.

2151 3490 2446 3562 ριείληφεν,
2501 3490 2604 3560 ἔφη
2632 3507 2646 3523 ο
2683 3487 2876 3558 Οὗτος
2919 3494 3029 3563 γὰρ
3075 3494 3248 3549 ἐστιν
3270 3499 3303 3551 ό
3329 3500 3516 3568 νόμος
3544 3501 3647 3556 καί
3674 3505 3734 3557 οι

481 3587 636 3645 Scias
679 3601 734 3644 et
789 3589 942 3655 illud,
975 3591 1116 3659 quod
1166 3590 1256 3658 qui
1309 3605 1490 3644 rerum
1546 3588 1944 3658 pulchritudine
1993 3590 2036 3644 in

2151 3583 2472 3653 προφῆται.
2505 3584 2594 3638 Ἐν
2624 3584 2809 3648 αὐτοῖς
2828 3586 3118 3660 τοιγαροῦν
3135 3589 3348 3659 ἔχοντες
3375 3593 3595 3646 πάντων
3621 3593 3736 3649 τῶν

483 3682 645 3736 rebus
668 3682 898 3737 conditis
922 3697 1028 3736 non
1049 3681 1116 3736 ad
1141 3681 1392 3750 pietatem
1418 3680 1502 3735 nsi
1532 3679 1753 3746 iuerint,
1773 3693 1868 3735 eos
1891 3680 2036 3734 etiarr

2151 3677 2332 3732 καλῶν
2364 3679 2454 3731 τὸν
2482 3677 2703 3745 κανόνα,
2741 3678 2769 3731 δ
2819 3679 3122 3750 βουλόμεθα
3178 3681 3332 3752 παρὰ
3391 3682 3502 3736 τῶν
3552 3683 3737 3738 ἀλλων

484 3769 538 3822 in
570 3779 843 3826 creaturas
876 3770 1162 3840 impegisse
1190 3769 1422 3841 (tantum
1456 3771 1600 3826 enim
1633 3769 1802 3834 abest,
1842 3779 1903 3824 ut
1935 3769 2036 3839 opi‘

2154 3769 2282 3842 ὑμῖν
2320 3770 2688 3842 ὕπαρχθῆναι,
2718 3771 2876 3824 τοῦτο
2908 3773 3038 3843 παρ’
3065 3771 3220 3849 ήμῶν
3251 3774 3331 3837 είς
3358 3774 3604 3837 ἐκείνους
3635 3792 3735 3846 γε·

489 3857 642 3912 ﬁoem
677 3859 838 3914 Deum
869 3862 1205 3930 agnoverint,
1237 3872 1294 3916 ut
1341 3859 1450 3916 illis
1502 3861 1666 3915 etiam
1720 3860 1925 3915 cultum
1973 3861 2036 3916 di

2153 3859 2349 3918 νέσθω.
2377 3861 2516 3915 ’Ῑσθι
2556 3861 2613 3914 δὲ
2642 3861 2734 3915 καὶ
2769 3862 2949 3925 τοῦτο,
2982 3863 3065 3915 δτι
3087 3862 3137 3915 οί
3157 3861 3236 3932 τῷ
3284 3863 3508 3932 μεγέθει
3532 3866 3629 3919 καὶ
3653 3865 3738 3937 τῷ

487 3950 670 4004 vinum
717 3949 1023 4022 tribuerint)
1053 3951 1106 4006 hi
1135 3951 1408 4022 sapientes
1444 3965 1503 4006 ae
1529 3964 1651 4006 esse
1681 3950 1785 4004 rati
1823 3949 1876 4004 in
1907 3950 2036 4020 igno

2156 3948 2344 4004 κάλλει
2387 3950 2496 4003 τῶν
2538 3952 2852 4021 κτισμάτων
2891 3953 2991 4006 οὐκ
3042 3954 3121 4016 είς
3163 3952 3447 4017 εὐσεϐείας
3473 3955 3737 4010 ὑπόθεσιν

491 4041 680 4096 rantis:
728 4041 916 4112 pelago
982 4042 1226 4112 naufragi
1283 4040 1714 4110 pracipitarunt.
1781 4039 2036 4096 Creaturi:

2159 4040 2623 4111 ἀποχρησάμενοι,
2649 4039 2786 4094 ἀλλά
2813 4040 2908 4094 καὶ
2939 4041 3410 4112 προσπταίσαντες
3437 4045 3628 4110 αὐτοῖς
3650 4047 3737 4117 (οὐ

489 4133 633 4189 enim
663 4132 924 4187 artiﬁcem
956 4132 1376 4204 pradicantibus
1397 4136 1594 4203 (neque
1628 4132 1772 4188 enim
1815 4133 1933 4188 sine
1971 4147 2036 4187 art

2159 4131 2270 4202 γάρ
2312 4131 2470 4201 μόνον
2501 4131 2594 4185 τὸν
2641 4131 2982 4203 Δημιουργὸν
3028 4134 3127 4187 οὐκ
3174 4134 3440 4203 ἔγνωσαν,
3474 4135 3616 4191 ἀλλά
3640 4141 3738 4195 καὶ

493 4218 727 4275 chitecto
750 4219 939 4274 domus
969 4219 1285 4286 ediﬁcatur,
1314 4234 1488 4290 neque
1536 4221 1654 4276 sine
1703 4219 1854 4276 fabro
1906 4223 2036 4276 navi:

2161 4221 2341 4285 αὐτοῖς
2363 4222 2422 4275 τὸ
2447 4223 2605 4288 σέϐας
2628 4224 2886 4278 ἀνέθεσαν
2910 4218 3074 4295 (οὗτοι
3095 4226 3249 4294 σοφοὶ
3271 4226 3546 4297 οίηθέντες
3569 4226 3736 4300 εἶναι,

494 4307 873 4376 compingitur,
909 4320 1084 4377 neque
1137 4307 1256 4362 sine
1310 4308 1516 4362 musico
1555 4323 1818 4377 organum
1867 4309 2036 4364 consti

497 4397 683 4419 .--μη-χ
716 4397 814 4419 --.ε
842 4400 1015 4419 μη---
1049 4410 1201 4419 __--__
1251 4407 1501 4419 -_-_.-___
1537 4398 1733 4419 με--.
1769 4397 2015 4419 ._.___.__.

2163 4315 2240 4377 είς
2265 4313 2326 4366 τὸ
2354 4317 2453 4385 τῆς
2481 4314 2721 4386 ἀμαθίας
2773 4316 3118 4386 ἐναυάγησαν
3172 4316 3410 4386 πέλαγος
3432 4337 3448 4351 ο
3484 4320 3596 4375 τῶν
3627 4323 3740 4396 γὰρ

497 4397 814 4466 tuitur),arti
842 4400 1018 4467 potius
1045 4410 1204 4466 quam
1244 4407 1506 4452 creatura:
1537 4398 1738 4452 faciunt
1769 4397 2054 4466 iniuriam;

496 4488 742 4557 opiﬁcem
798 4488 1015 4544 interim
1074 4488 1471 4557 pnescribendo
1507 4490 1910 4544 submoverunt.
1963 4489 2060 4545 His

497 4577 662 4648 igitur
704 4579 898 4634 merito
930 4579 1090 4635 etiam
1121 4579 1309 4649 politia
1361 4580 1599 4637 evanuit.
1631 4579 1878 4636 Universi
1911 4582 2055 4636 enim

2163 4405 2479 4476 κτισμάτων
2508 4407 2989 4480 ἀνακηρυττόντων
3021 4406 3112 4461 τὸν
3145 4408 3394 4480 τεχνίτην
3425 4411 3444 4481 (
3477 4413 3599 4466 οὐδὲ
3628 4415 3739 4486 γὰρ

2163 4492 2289 4546 ἀνευ
2334 4495 2714 4565 ἀρχιτέκτονος
2776 4497 2924 4550 οἰκία
2967 4497 3355 4567 οίκοδομεῖται,
3417 4499 3545 4554 οὔτε
3605 4502 3739 4558 ἄνευ

2166 4583 2446 4655 ναυπηγοῦ
2487 4585 2640 4650 ναῦς,
2699 4587 2823 4640 οὑδέ
2887 4589 3016 4642 ἀνευ
3093 4588 3391 4659 ἁρμονικοῦ
3474 4597 3742 4664 μουσικὸν

571 4754 589 4785 ³
616 4751 771 4809 Joan.
798 4767 837 4820 ι,
865 4753 952 4809 12.
1028 4756 1050 4788 '
1077 4751 1234 4809 Joan.
1274 4769 1384 4821 xlv,
1415 4754 1503 4810 Η.
1577 4755 1598 4787 ⁸
1631 4753 1763 4810 Tob.
1806 4770 1878 4822 tv,
1909 4753 2012 4822 16;
2043 4753 2231 4810 Matth.
2264 4771 2360 4823 vn,
2399 4756 2502 4822 12;
2541 4755 2674 4814 Luc.
2713 4775 2786 4827 vt,
2810 4759 2902 4816 51.

1611 4910 1842 4968 VARUE
1884 4909 2271 4969 LECTIONES
2304 4911 2392 4968 ET
2435 4911 2664 4972 ΝΟΤιΕ.

507 5099 574 5178 ἂν
598 5098 738 5161 ὶάλω
761 5101 969 5178 ταχέως
1155 5107 1506 5178 προσχήματι
1543 5106 1743 5176 φιλίας,
1775 5104 1892 5178 lego
1916 5104 2057 5160 οὕτω

507 5170 636 5241 γὰρ,
673 5181 728 5241 nt
761 5172 813 5225 in
837 5170 994 5240 epist.
1025 5175 1126 5229 tu
1154 5170 1272 5241 inii,
1301 5170 1398 5231 ubi
1429 5170 1614 5231 eadem
1644 5178 1808 5241 legas.
1832 5170 2054 5240 Statim,

511 5239 891 5316 ἀποδείξαντας
915 5239 1335 5316 ἶἑλεπόλεις-χρή.
1368 5239 1929 5316 HesyChl07EX'Eﬂé16t;
1961 5239 2068 5316 μηὲ

2166 5119 2317 5181 voce,
2353 5115 2409 5163 et
2435 5108 2734 5174 συνθέντες,
2760 5107 3054 5181 velpotius
3085 5109 3433 5181 συνείροντες.
3464 5083 3743 5170 Platonem

2165 5178 2653 5251 enimhperstringit
2682 5178 2907 5251 dialogis
2931 5181 3108 5251 omnia
3140 5178 3562 5251 pertractantem
3598 5200 3613 5238 :
3646 5198 3746 5239 cu-

2163 5245 2482 5331 jusdin‘l‘ogi
2507 5245 2603 5331 De:
2619 5245 2973 5331 Repub.:nspt
3001 5245 3211 5331 δικαίου
3254 5252 3645 5331 inscribuntur,
3689 5263 3747 5310 et

511 5311 690 5430 χαναὶ,
722 5313 1163 5436 μηχανήματαρϋ
1188 5311 1263 5370 ὧν
1289 5311 1344 5397 αἱ
1367 5311 1547 5376 πόλεις
1567 5311 1977 5395 καθασιροῦινταιζ
1997 5311 2035 5368 D

555 5394 597 5431 ts
623 5378 940 5436 Vitruvutslt
984 5422 996 5435 .
1025 5401 1055 5436 x
1080 5395 1133 5436 et
1151 5387 1467 5436 Ammianus
1489 5384 1779 5436 Marcelltn.
1805 5383 1897 5436 ιιι).
1920 5399 2036 5436 xxtt

2164 5311 2349 5369 notata
2375 5311 2616 5372 Socratis
2639 5311 2890 5389 εἰρωνεία
2918 5311 2972 5374 in
3003 5320 3316 5376 disserendo
3345 5323 3485 5392 apud
3514 5311 3738 5377 Cicero-

2173 5399 2316 5436 nem.
2350 5397 2405 5436 et
2429 5389 2582 5436 alios.
2618 5388 2859 5436 SCIIOTT-

555 5379 597 5431 is
623 5378 890 5435 Vitruvius
907 5378 996 5436 lib.
1025 5401 1055 5438 x
1080 5378 1133 5438 et
1151 5386 1467 5441 Ammianus
1489 5378 1779 5438 Marcellini.
1805 5383 1897 5437 lib.
1920 5399 2066 5437 xxtv.

517 5445 722 5536 ξιξερο
753 5452 989 5536 εθῃιίιιῃι
1026 5453 1374 5536 philosophis,
1411 5453 1646 5536 μυρίους
1657 5453 1848 5536 λόγους
1874 5452 2072 5536 ἀναλφ-

2173 5399 2316 5447 nem,
2350 5397 2405 5440 et
2429 5389 2582 5441 alios.
2618 5388 2859 5444 SClIOTT.

2243 5453 2356 5529 (>50)
2385 5453 2538 5529 inter
2575 5458 2950 5529 πολιτείας-ει
2984 5457 3256 5529 ἐδήλωσας
3296 5457 3452 5514 codd.
3483 5457 3605 5516 Vat!
3638 5461 3743 5516 650

517 5531 722 5598 σαντες,
760 5521 851 5572 καὶ
893 5522 978 5574 διὰ
1026 5521 1212 5598 λόγους
1238 5521 1503 5598 μακροὺς
1547 5521 2036 5598 λαῦυρίνθωνήοὺδὲ

2173 5531 2225 5578 et
2248 5521 2353 5578 Alt.
2385 5525 2626 5580 inserunt
2648 5528 2829 5597 τῆσδε.
2865 5526 3014 5598 γει-ε.
3045 5521 3166 5586 inde
3193 5521 3248 5598 6,
3279 5529 3557 5594 συνθέντες
3583 5531 3744 5589 iidem

515 5585 862 5657 διαφέροντας
899 5585 1164 5659 συνιέντες
1193 5585 1206 5589 ⁷
1259 5585 1391 5665 inito
1415 5585 1514 5664 leg.
1551 5585 1846 5662 διαλόγους,
1889 5592 2036 5662 junci

2178 5603 2380 5663 ponunt
2410 5610 2507 5664 pro
2539 5585 2825 5662 συνιέντες.
2861 5591 3069 5655 Possm.
