3988 6460
3624 66 3715 95 ῆέηιί
3752 68 3825 93 "tu

3716 108 3721 117 I

3592 266 3601 279 Χ
3660 244 3671 265 5
3696 266 3703 269 _
3754 252 3763 265 ι

3442 284 3513 319 \
3600 280 3665 319 T3:
3674 314 3691 319 Δ
3708 282 3725 319 ζ

472 309 605 376 1347
1633 312 1692 373 s.
1734 312 2019 374 ιειοοιιι
2061 312 2496 373 PEI.USIO'I‘.~E
3204 361 3230 392 ,
3472 302 3513 319 ‘
3596 302 3731 385 ista

748 425 960 483 XXXII.
1012 455 1073 467 ——
1118 423 1394 483 lSIDOiIO
1437 426 1754 485 DIACO'NO.
2067 435 2111 489 Δ

2067 435 2111 489 Α
2496 428 2616 481 Λιιο.
2650 456 2715 467 -
2750 425 3003 497 tmere
3046 431 3368 503 ΔΙΛΚΟΝῼ.

925 539 1128 595 Laudat
1159 542 1382 597 Joannis
1421 542 1780 617 CltrysosIOmi
1807 546 1858 597 in
1906 541 2061 598 Pauli
2099 543 2385 611 Epistulam
2418 547 2485 600 ad
2529 545 2789 599 Romanos
2820 549 3269 603 commentarium.

539 654 593 709 ln
620 654 1015 709 commentario
1046 652 1297 722 Epistolas
1315 657 1649 727 potissimum
1679 658 1745 711 ad
1772 655 2043 711 Romanos

2232 660 2320 711 Ἐν
2348 661 2414 729 τῇ
2442 658 2705 729 ἑρμηνείᾳ
2725 660 2823 728 τῆς
2859 659 2996 729 πρδς
3031 659 3337 729 Ῥωμαίους
3398 659 3724 729 Ἐπιστολῆς

466 746 522 815 (ο
566 742 766 798 Isidore
810 742 939 795 mihi
965 741 1344 815 cognominis),
1392 743 1779 815 sapientissimi
1820 742 2041 799 Joannis

2150 746 2405 817 μάλιστα,
2470 742 2515 801 ὦ
2555 750 2835 820 ὁμώνυμε,
2892 752 2924 820 ὴ
2991 750 3235 803 Ἰωάννου
3300 748 3395 801 τοῦ
3433 750 3717 818 πανσόφου

466 832 731 902 sapientia
764 832 1045 885 thesaurus
1073 830 1290 899 quidam
1343 840 1445 887 est.
1489 832 1580 886 Sic
1609 832 1754 886 enim
1790 833 2041 888 existimo

2149 839 2306 907 σοφία
2327 839 2770 909 τεθησαύρισται.
2799 837 2966 912 Οἶμαι
2985 840 3112 912 γὰρ,
3150 841 3241 894 καὶ
3273 842 3347 911 μή
3371 841 3455 903 τίς
3493 858 3562 910 με
3588 841 3724 910 πρὸς

467 924 558 995 (ne
584 923 704 992 quis
737 921 1069 988 sel-gratiam
1113 923 1202 977 hic
1242 938 1328 979 me
1370 923 1513 992 loqui
1548 922 1718 992 putet)
1752 923 1798 978 si
1827 924 2041 979 divinus

2147 927 2305 1000 χάριν
2356 928 2535 996 λέγειν
2569 929 2858 1001 νομιζέτω,
2911 930 2991 984 ὅτι
3024 933 3074 984 εί
3114 930 3325 995 Παῦλος
3365 930 3394 982 ό
3434 931 3720 995 θεσπέσιος

464 1013 658 1068 Paulus
679 1013 858 1066 Attico
880 1012 957 1067 uti
984 1025 1236 1069 sermone
1259 1014 1535 1080 voluisset,
1564 1030 1671 1084 quo
1702 1015 1784 1070 sui
1808 1016 2039 1071 exsiste-

2158 1018 2405 1090 Ἀττικὴν
2432 1020 2619 1090 εἴληφε
2650 1020 2915 1089 γλῶτταν,
2948 1021 3090 1075 ὥστε
3136 1020 3325 1074 ἑαυτὸν
3362 1020 3722 1095 ἑρμηνεῦσαι,

464 1114 545 1158 ret
596 1103 883 1173 interpres,
945 1119 1051 1159 non
1110 1106 1267 1160 aliter
1319 1106 1799 1174 interpretaturum
1849 1105 2035 1172 fuisse,

2149 1108 2243 1161 οὐκ
2297 1108 2362 1162 ἂν
2408 1110 2583 1174 ἄλλως
2628 1113 2997 1183 ἡρμήνευσεν,
3044 1112 3077 1183 ἢ
3135 1112 3210 1176 ὡς
3261 1113 3291 1165 ὁ
3321 1113 3724 1184 προειρημένος

463 1209 622 1263 qnam
676 1209 837 1263 supra
889 1194 1070 1249 dictus
1114 1194 1535 1265 Cltrysostomus
1570 1196 1653 1249 vir
1696 1197 2037 1251 venerandus

2150 1200 2383 1269 ἀοίδιμος
2451 1202 2629 1271 ἀνήρ·
2693 1200 2834 1255 οὕτω
2887 1202 2981 1255 καὶ⁵
3032 1202 3398 1274 ἐνθυμήμασι,
3446 1203 3563 1272 (54)
3632 1203 3725 1256 καὶ

459 1282 748 1349 praestitit;
804 1280 941 1337 adeo
1001 1284 1459 1354 enthymematis,
1516 1284 1801 1339 sententiis
1874 1294 2034 1353 atque

1986 1300 2036 1339 te
2142 1290 2348 1353 κάλλει,
2382 1292 2473 1343 καὶ
2509 1291 2820 1363 κυριολεξίᾳ
2855 1292 3248 1365 κεκόσμηταιή
3272 1291 3559 1363 ἑρμηνεία.

458 1370 722 1427 orationis
753 1371 1040 1443 elegantia,
1085 1374 1476 1444 verberumque
1511 1374 1599 1429 hic
1633 1385 1716 1429 est
1742 1390 1870 1430 usus
1906 1390 2029 1444 pro-

458 1462 709 1530 prietate.

694 1572 857 1645 564
888 1571 1124 1627 XXXIII.
1150 1602 1220 1612 —
1248 1571 1453 1627 EIDEM
1496 1540 1786 1629 ιειῡοιιο.
2188 1552 2201 1595 ⁸
2626 1578 2747 1629 Al".
2775 1606 2843 1615 -
2875 1576 2960 1647 re
3008 1575 3212 1645 arm.

1146 1685 1289 1742 Laus
1315 1688 1488 1741 sancti
1526 1704 1588 1741 ac
1616 1686 1799 1740 diserti
1837 1686 2067 1744 doctoris
2124 1688 2311 1759 (Forte
2335 1683 2569 1757 eiusdem
2606 1688 3010 1761 Cltrysostomi).

527 1799 688 1857 incidi
712 1800 851 1856 forte
879 1800 932 1854 in
960 1810 1204 1855 sanctum
1235 1801 1434 1867 virum,
1465 1800 1615 1869 cujus
1640 1799 1887 1855 decentis
1915 1815 2037 1856 ocu-
2068 1793 2102 1846 Β

2219 1804 2495 1877 Ἐνέτυχόν
2530 1822 2658 1857 ποτε
2689 1803 2847 1874 ἀνδρξι
2898 1803 3061 1872 ἁγίῳ,
3115 1796 3175 1857 οὗ
3204 1801 3262 1855 τὸ
3307 1800 3407 1873 μὲν
3448 1800 3605 1872 ὄμμα
3639 1799 3716 1854 δι-

457 1891 537 1946 lus
555 1891 833 1961 przelcrret
850 1888 1182 1957 maiestatem
1211 1905 1275 1945 ae
1293 1890 1633 1959 sapientiam.
1648 1890 1875 1945 Aculeos
1889 1890 2029 1945 enim

2142 1895 2423 1958 Βάσκοντος
2456 1894 2685 1965 φοϐερὸν
2721 1893 2983 1963 ἐτύγχανε
3011 1893 3105 1946 καὶ
3156 1892 3339 1961 σοφόν.
3374 1881 3579 1945 ’Πολλὰ
3608 1893 3717 1960 γὰρ

455 1981 714 2050 plurimos
754 1982 977 2052 dicendo
1023 1981 1295 2049 inﬁgebat.
1335 1980 1693 2057 Supereiiium
1734 1996 1861 2037 vero
1905 1996 2029 2035 ocu-

2140 1986 2283 2057 αὑτῷ
2341 1982 2410 2058 ἦν
2455 1986 2592 2056 πρὸς
2634 1985 2727 2039 τὸν
2775 1985 2931 2052 λόγον
2977 1983 3046 2036 τὰ
3092 1984 3323 2052 κέντρα·
3367 1983 3401 2052 ή
3448 1980 3507 2034 δὲ
3540 1981 3715 2049 ὀφρῦς

452 2073 625 2127 lorum
657 2087 863 2138 eorum,
901 2086 1019 2141 qua:
1067 2071 1413 2139 docerentur,
1448 2083 1681 2127 mentem
1718 2072 2024 2128 exhibebat.

2140 2078 2588 2150 ὑπερϐεϐλημένη
2622 2078 2732 2139 τοῖς
2769 2074 3067 2146 ὀφθαλμοῖς
3118 2074 3436 2144 διεσήμαινε
3469 2070 3564 2125 τὸν
3590 2070 3715 2124 νοῦν

450 2162 506 2218 Is
521 2172 750 2233 quantus
775 2173 1007 2234 quantus
1037 2173 1141 2230 est,
1171 2173 1230 2218 ut
1258 2166 1328 2217 ita
1359 2164 1556 2232 dicam,
1589 2164 1738 2217 utilia
1766 2165 2025 2233 spirabat,

2137 2166 2241 2221 τῶν
2268 2167 2635 2237 διδαγμάτων.
2664 2166 2773 2218 Καὶ
2800 2164 2941 2229 ὅλος,
2968 2162 3043 2227 ὡς
3063 2162 3190 2226 ἔπος
3208 2158 3405 2227 εἰπεῖν,
3441 2160 3712 2231 ὠφελείας

451 2272 574 2311 cum
627 2265 807 2324 posset
857 2271 979 2311 eum
1020 2256 1369 2312 cernentibus
1427 2255 1706 2326 sapientiae
1763 2256 2026 2311 instillare

2138 2257 2309 2321 ἔπνεε,
2338 2255 2508 2309 δεινὸν
2532 2258 2644 2318 τοῖς
2666 2252 2866 2325 ὁρῶσιν
2890 2252 3053 2316 ἐνιεὶς
3085 2251 3186 2322 τῆς
3212 2251 3365 2314 Θείας
3400 2250 3595 2321 σοφίας
3620 2252 3713 2304 τὸν

451 2360 712 2401 antorem.

2130 2348 2326 2419 ἔρωτα.

449 2455 689 2517 XXXIV.
744 2487 811 2500 —
858 2456 1129 2519 ZOSIMO.
1193 2455 1483 2523 IARONI,
1539 2455 1876 2511 PALLADIO
1938 2456 2024 2511 ET

1028 2525 1443 2581 EUSTATIIIO.

2198 2460 2319 2513 AA'.
2383 2490 2446 2499 α-
2521 2458 3183 2581 ΖΩΣΙΜὲΫνξςᾹΑῶἓΝῙ,
3257 2455 3636 2525 ΠΛΛΛΑΔΙῼ,

1028 2525 1443 2601 assumto.
2744 2525 3104 2597 ΕΥΣΤΑΘΙῼ.

1552 2640 1590 2691 Δ
1631 2638 1758 2691 mali
1788 2639 2037 2694 societate
2068 2640 2330 2704 improbos
2360 2641 2611 2695 deterret.

517 2754 651 2809 Cum
684 2752 950 2807 audissem
1014 2763 1110 2804 vos
1160 2751 1304 2806 feras
1362 2750 1699 2805 immanitate
1743 2764 2021 2820 superare,

2203 2752 2512 2822 Πυθόμενος
2567 2751 2649 2806 ὅτι
2702 2750 2875 2823 θῆρας
2923 2751 3239 2823 ὠμοδόρους
3296 2753 3710 2829 ὑπερϐαλλόμε-

452 2854 614 2914 atque
642 2844 787 2899 omni
838 2842 979 2897 bello
1015 2856 1202 2912 pacem
1249 2839 1616 2896 molestiorem
1654 2840 1859 2896 {cedere
1910 2843 2025 2912 ipso

2132 2858 2230 2907 νοι,
2300 2842 2393 2894 καὶ
2447 2839 2685 2911 πολέμου
2733 2840 2935 2905 παντὸς
2993 2840 3414 2914 ὰργαλεωτέραν
3477 2848 3706 2919 εἰρήνην

450 2938 587 2991 inter
608 2950 702 2991 vos
730 2949 986 3003 percusso
1022 2944 1231 3003 pactos,
1279 2933 1462 2988 mitem
1509 2947 1571 2988 ac
1609 2932 1879 3002 placidum
1924 2936 2024 2989 ho-

2134 2934 2488 3002 σπεισάμενοι
2547 2932 2682 3001 πρὸς
2738 2932 2999 3009 ἑαυτοὺς,
3066 2934 3241 3003 πρᾷον
3288 2934 3383 2987 καὶ
3442 2938 3709 3009 μειλίχιον

450 3029 671 3092 minem,
705 3028 793 3097 qui
820 3027 919 3080 sibi
955 3026 1185 3095 aliisque
1211 3028 1473 3096 prodesse
1506 3027 1869 3090 consueverit,
1896 3041 2023 3081 con-

2132 3023 2440 3094 ἄνθρωπον,
2477 3022 2572 3076 καὶ
2596 3022 2786 3075 ἑαυτὸν
2814 3022 2907 3075 καὶ
2959 3021 3149 3086 ἄλλους
3191 3024 3422 3095 ὠφελεῖν
3446 3030 3701 3095 εἰωθότα,

452 3117 733 3171 tntueliose
757 3117 998 3186 accipere
1023 3131 1181 3171 ausos
1215 3131 1309 3171 vos
1338 3130 1479 3181 esse,
1522 3115 1646 3171 talia
1676 3117 1724 3171 ei
1758 3116 2015 3179 dicentes,

2129 3111 2436 3181 λοιδορῆσαι
2481 3111 2582 3163 οὐκ
2635 3109 2939 3180 ὲφοϐήθητε
2999 3111 3183 3163 ἐκεῖνα
3236 3112 3384 3182 αὑτῷ
3430 3110 3704 3181 εῐπόντες,

449 3222 567 3277 ηοω
591 3210 641 3260 in
682 3222 773 3260 vos
796 3203 1185 3277 potiusjaetata
1211 3208 1575 3276 quadrarent;
1624 3208 1873 3277 equidem
1897 3222 2018 3260 eutn

2132 3206 2222 3259 ὅσα
2258 3203 2386 3267 ὑμῖν
2429 3200 2668 3272 ἔπρεπεν
2706 3198 2970 3253 ἀκοῦσαι·
3007 3199 3129 3253 λίαν
3164 3217 3223 3253 τε
3261 3202 3406 3272 ὑμᾶς
3433 3205 3707 3277 κατεθρή-

446 3297 698 3367 lacrymis
723 3297 963 3362 deploro.
995 3285 1172 3361 Quare
1208 3296 1379 3350 malos
1426 3305 1588 3366 atque
1626 3296 1901 3366 improbos
1927 3310 2021 3351 vos

2124 3293 2387 3365 νησαπὸτι
2418 3291 2525 3343 οὐδ’
2576 3292 2624 3343 εί
2657 3289 2769 3360 (55)
2807 3288 2915 3343 τῶν
2960 3288 3147 3343 κακῶν
3194 3291 3322 3345 ἐστε
3353 3294 3658 3362 γινώσκετε
3682 3310 3698 3326 ·

447 3401 566 3441 esse
599 3387 935 3458 ignorantes,
964 3388 1173 3442 discere
1206 3372 1418 3441 tandem
1454 3399 1512 3440 ut
1560 3387 1738 3443 velitis
1769 3386 2017 3443 obsecro.

1396 3404 1418 3439 ιι
1454 3399 1512 3440 ιιι
1560 3387 1738 3443 velitis
1769 3386 2017 3443 obsecro.
2126 3382 2386 3453 μαθόντες
2411 3378 2590 3434 τοίνυν
2623 3381 2971 3449 ἀνενέγκατε.

880 3497 1097 3554 XXXV.
1127 3528 1195 3550 -τ
1226 3497 1571 3554 DIONYSIO.
1858 3542 1867 3551 .
2574 3492 2700 3548 AE’.
2763 3523 2832 3534 —
2900 3494 3239 3567 ΔΙΟΝΥΣῙῼ.

1126 3608 1322 3665 Suadet
1356 3611 1554 3664 oratori
1590 3620 1647 3665 ut
1683 3613 1923 3666 virtutem
1946 3650 1961 3677 ,
1993 3624 2149 3681 quam
2176 3604 2361 3671 verbis,
2388 3605 2557 3673 reipsa
2584 3605 2743 3659 etiam
2770 3617 3003 3661 exornet.

514 3724 688 3778 Audio
738 3722 938 3793 optime
968 3736 1127 3777 nosse
1169 3731 1221 3777 te
1252 3738 1441 3777 vanam
1477 3699 1729 3793 aucuupari
1763 3723 2009 3795 gloriam,

2185 3716 2535 3787 Πυνθάνομαι
2564 3716 2645 3770 ὅτι
2677 3718 2980 3782 δεινότατος
3009 3718 3122 3791 (56)
3167 3715 3221 3773 εἴ
3247 3724 3691 3793 σχηματίσασθαι

444 3828 497 3870 et
523 3814 829 3883 epinioncm
870 3828 975 3867 non
1008 3813 1141 3869 satis
1192 3824 1240 3870 te
1270 3814 1482 3884 dignam
1512 3813 1808 3884 collegisse.
1837 3815 2015 3881 Quare

2117 3808 2272 3872 δόξαν
2306 3808 2519 3877 καινὴν,
2557 3807 2649 3861 καὶ
2685 3808 2952 3879 ὑπόληψιν
2998 3810 3152 3863 οὐδέν
3182 3827 3264 3864 σοι
3305 3816 3692 3895 προσήκουσαν

446 3908 491 3960 si
550 3906 884 3960 venerandus
950 3905 1043 3959 tibi
1102 3906 1319 3960 virtutis
1375 3906 1589 3961 habitus
1622 3907 1853 3971 videtur,
1886 3905 2014 3974 quin

2120 3895 2497 3965 συλλέξασθαι.
2555 3895 2619 3948 Et
2658 3896 2835 3950 τοίνυν
2872 3898 2931 3951 τὸ
2964 3899 3149 3971 σχῆμά
3202 3916 3284 3954 σοι
3334 3903 3435 3972 τῆς
3492 3904 3695 3976 ἀρετῆς

445 3997 572 4050 buie
621 3998 716 4050 das
765 4010 1018 4063 Operam;
1061 3998 1153 4051 sed
1197 4006 1255 4052 tu
1295 3997 1469 4053 fructu
1508 3998 1749 4067 neglecto
1790 3996 1932 4051 loliis
1967 4006 2018 4051 te

2119 3989 2394 4058 αίδέσιμον
2436 3986 2707 4055 φαίνεται,
2766 3988 2909 4044 διατι
2967 3991 3041 4061 μὴ
3114 3992 3213 4063 τὴν
3271 3994 3474 4065 ἀρετὴν
3523 3998 3694 4068 αὐτὴν

442 4101 696 4160 exornas.
733 4087 1008 4157 Siquidem
1036 4088 1197 4143 etiam
1233 4089 1285 4141 in
1320 4087 1593 4144 laboribus
1621 4088 1777 4141 radix
1808 4086 2016 4157 quidem

2121 4083 2348 4148 ἁσκεῖς;
2410 4076 2577 4135 Ἀλλὰ
2623 4081 2717 4135 τοῦ
2761 4083 2975 4153 καρποῦ
3027 4084 3265 4155 ἀμελῶν,
3314 4090 3429 4150 τοῖς
3471 4089 3692 4157 φύλλοις

444 4194 650 4243 amara,
695 4187 752 4230 ut
804 4179 895 4233 ille
929 4179 1026 4243 ait,
1066 4179 1268 4247 fructus
1302 4196 1421 4234 vero
1464 4178 1635 4233 dulcis
1679 4178 1804 4233 inde
1854 4188 2017 4247 atque

2123 4174 2399 4245 σεμνύγῃς
2429 4176 2493 4227 Et
2526 4175 2634 4244 γὰρ
2686 4175 2779 4228 καὶ
2802 4176 2889 4229 διὰ
2922 4178 3047 4240 τοὺς
3097 4178 3291 4242 πόνους
3330 4179 3369 4245 ἡ
3405 4179 3549 4248 ῥίζα
3569 4182 3689 4235 τισί

444 4268 691 4323 amabilis
717 4269 950 4324 exsistit.
2048 4324 2086 4340 ἢ
2120 4267 2304 4335 πικρὰ
2352 4262 2491 4320 εἶναι
2543 4267 2711 4333 δοκεῖ,
2767 4267 2904 4322 ἀλλ’
2947 4272 2979 4322 ό
3034 4269 3263 4338 καρπὸς
3306 4272 3544 4340 γλυκὺς
3596 4275 3692 4327 καὶ

2045 4324 2090 4379 D
2119 4324 2400 4431 ἐράσμιος.

877 4455 1113 4510 XXXVI.
1148 4484 1220 4495 —
1245 4456 1570 4514 NEMESIO.

2562 4475 2702 4541 AG".
2753 4506 2821 4517 -
2892 4475 3218 4550 Nemesin.

898 4589 979 4641 Ad
1009 4591 1332 4661 paupertatis
1370 4592 1615 4644 hortatur
1645 4591 1898 4645 studium.
1937 4586 2149 4643 Divitiaz
2178 4598 2233 4641 ut
2268 4586 2549 4659 Babylonis
2578 4598 2756 4644 statua
2784 4605 2887 4645 non
2918 4591 3219 4645 adorandar.

520 4678 639 4733 Prae
667 4678 915 4732 omnibus
939 4680 1233 4746 abundare,
1267 4681 1544 4751 magisque
1576 4682 1748 4752 regios
1776 4696 1894 4736 esse
1921 4696 2013 4736 eos

2193 4696 2414 4749 Πάντων
2453 4698 2865 4769 εὐπορωτέρους
2911 4698 3163 4771 ὁρίζομεν
3212 4695 3353 4755 εἶναι
3392 4706 3486 4757 καὶ
3534 4706 3691 4777 βασι-

445 4786 658 4849 censeo,
681 4772 770 4840 qui
790 4770 1091 4824 divitiarum
1122 4774 1465 4842 cupiditatem
1498 4774 1795 4839 calcarunt,
1817 4775 2012 4843 quibus

2118 4782 2311 4836 λικωτέ
2322 4802 2446 4856 ρους
2474 4786 2597 4849 τοὺς
2628 4786 2717 4839 τὸν
2762 4786 2939 4858 ἔρωτα
2983 4788 3076 4841 τοῦ
3108 4790 3338 4844 πλούτου
3372 4803 3691 4869 καταπατή-

447 4862 786 4918 annumerari
822 4865 966 4918 omni
993 4879 1094 4935 ope
1117 4867 1423 4921 adnitamur
1461 4885 1474 4921 :
1518 4869 1730 4923 tametsi
1768 4868 2011 4938 plerique

2118 4890 2337 4940 σαντας,
2385 4877 2459 4929 ὡν
2504 4877 2668 4929 παντὶ
2720 4875 2893 4931 σθένει
2941 4879 3243 4952 ἐναρίθμιοι
3294 4885 3690 4957 σπουδάσωμεν

448 4954 783 5022 tyrannidem
828 4955 941 5021 ejus
970 4957 1118 5009 velut
1166 4965 1397 5011 statuam
1443 4958 1857 5030 Babyloniorum
1918 4964 2013 5015 ad-

2117 4964 2396 5033 γενέσθαι·
2430 4966 2608 5037 εἰμγὰρ
2644 4968 2737 5021 καὶ
2779 4970 2964 5023 πολλοὶ
3011 4971 3109 5044 τὴν
3142 4974 3332 5028 τούτου
3367 4954 3685 5048 τυραννίδα,

449 5046 772 5097 amaverint.
817 5043 925 5100 Nos
956 5062 1080 5102 vero
1105 5048 1266 5103 trium
1296 5048 2008 5119 puerorum'roburimitati,

2118 5054 2370 5127 καθάπερ
2402 5056 2498 5126 τὴν
2521 5058 2704 5110 είκόνα
2732 5060 2821 5112 τοῦ
2857 5061 3195 5117 Βαϐυλωνίου
3219 5068 3642 5141 προσεκύνησαν
3671 5089 3683 5102 ·

446 5134 546 5187 (τιεί
582 5136 853 5190 turbarum
895 5150 1052 5193 voces
1104 5154 1167 5194 ac
1205 5141 1531 5207 ﬁstularum,
1591 5141 1859 5211 totiusque
1889 5158 2007 5198 mu-

2119 5145 2233 5198 ἁλλ’
2296 5149 2459 5216 ἡμεῖς
2520 5150 2890 5219 μιμησάμενοι
2951 5154 3056 5210 τῶν
3106 5134 3273 5229 τριῶν
3590 5166 3688 5233 τὴν

576 5288 706 5342 Dan.
749 5304 833 5355 ιιι,
869 5288 892 5340 l
927 5302 1076 5359 seqq.

1576 5452 1807 5509 VARUS
1846 5454 2227 5514 LECTIONES
2266 5459 2353 5517 ΕΤ
2391 5463 2621 5519 NOTAE.

519 5604 1203 5706 Qvnltlgtafxeupﬁpaﬂ
1262 5624 1311 5667 et
1357 5615 1447 5668 καὶ
1500 5618 1617 5672 cod.
1668 5617 1775 5672 Alt.
1817 5618 2003 5675 inserit

2129 5694 2143 5706 .
2165 5622 2295 5706 .(55)
2335 5623 2402 5706 Q‘i
2423 5630 2662 5706 seribunt
2689 5646 2783 5703 pro
2820 5635 2867 5687 εί
2909 5637 3064 5693 ambo
3098 5640 3251 5694 codd.
3296 5640 3465 5701 Vatia.
3496 5646 3600 5701 650
3631 5660 3683 5706 et

446 5676 693 5745 νοήμασι.
735 5675 941 5734 Possm.
991 5675 1000 5681 “
1052 5675 1083 5683 ”

991 5675 1000 5681 -
1052 5675 1083 5683 --
2116 5675 2530 5755 Αιίιὶέἰιιεῖέῆὸζ
