3988 6458
234 337 372 403 1340

1140 327 1677 393 EPISTOLARUM
1723 328 1874 388 LIB.
1919 329 1987 388 ν.
2025 355 2093 363 -
2134 327 2372 388 EPIST.
2415 327 2725 408 XXXIX”

3390 326 3529 392 1350

227 449 474 521 ἀνδρίαν,
524 450 624 504 κᾶν
660 447 837 519 φωναὶ
877 445 990 518 (57)
1045 442 1365 512 σαλπίγγων
1396 445 1490 497 καὶ
1517 444 1821 515 συρίγγων,

1929 444 2058 498 sica;
2103 443 2238 499 artis
2271 457 2372 514 per
2409 458 2537 498 aera
2577 443 2772 497 delatze
2817 442 3046 498 auribus
3094 441 3526 504 circumsonant.

229 543 327 596 καὶ
363 541 544 611 πάσης
585 543 854 613 μουσικῆς
906 537 1046 610 πρὸς
1094 535 1188 590 τὸν
1253 535 1451 606 αἰθέρα
1507 537 1822 606 φερομένης

229 634 574 704 περιηχῶσιν
633 633 794 704 ἡμῶν
872 632 971 694 τὰς
1015 627 1183 692 ἀκοὰς
1218 627 1353 700 (58),
1441 627 1535 681 καὶ
1591 627 1832 696 κάμινος·

231 726 425 790 πενίας
450 725 785 791 ἀνακαίοιτο,
838 723 912 794 μὴ
946 723 1305 792 προσέχωμεν
1344 721 1458 783 τοῖς
1491 719 1818 790 τυμπάνοις,

233 819 370 889 μηδὲ
385 821 496 882 τοῖς
513 815 871 888 αὑλοῖς,’μηδὲ
885 817 951 887 τῇ
968 815 1129 885 λοιπῇ
1155 811 1248 866 τοῦ
1276 810 1506 865 πλούτου
1525 807 1817 882 φαντασία.

243 910 406 966 ’Δλλά
439 910 539 963 κᾶν
570 913 648 972 είς
675 909 906 979 κάμινον
938 907 1199 977 ἐμπεσεῖν
1225 903 1322 977 δέῃ
1343 942 1359 968 ,
1385 902 1662 973 πτωχείαν
1687 899 1821 955 ἐλώ-

233 996 398 1068 μεθα,
431 1000 570 1054 ὥστε
609 998 689 1067 μὴ
723 995 1103 1066 προσκυνῆσαι
1127 991 1343 1062 ἐκείνῳ,
1378 991 1476 1046 καὶ
1509 991 1662 1045 ἔσται
1685 991 1816 1062 ἡμῖν

228 1091 263 1160 ἠ
311 1089 624 1159 φιλοσοφία,
667 1087 904 1142 ἐνταῦθα
948 1087 1047 1158 μὲν
1089 1084 1280 1156 ῶσπερ
1333 1084 1524 1154 δρόσος
1574 1086 1632 1136 ὲν
1665 1083 1816 1154 μέσῳ

227 1181 641 1253 διασυρίζουσα,
672 1181 767 1234 καὶ
797 1178 1111 1249 ἐλευθερίαν
1139 1177 1359 1231 ἃπασαν
1391 1177 1679 1242 ὠδίνουσα,
1704 1178 1822 1230 ἐκεῖ

229 1271 288 1326 δὲ
328 1274 453 1336 τοὺς
479 1273 781 1341 στεφάνους
800 1273 896 1341 τῆς
934 1269 1212 1340 ὑπομονῆς
1242 1269 1632 1322 ἀποτίκτουσα.

535 1385 658 1440 AZ’.
699 1413 766 1425 —
800 1375 1500 1454 ΛΕΟΝΤΙᾩἙΠΙΣΚΟΠῼ.

1924 548 1978 593 et
2010 537 2200 593 fornax
2248 537 2444 608 inopia:
2476 536 2829 604 accendatur,
2875 551 2942 591 ne
2975 536 3250 607 tympanis
3281 534 3530 590 attenda-

1926 647 2068 695 mus,
2129 644 2305 700 neque
2357 629 2542 699 tybiis,
2598 643 2662 683 ac
2716 641 2784 682 ne
2833 611 3062 697 reliquis
3102 626 3317 698 quidem
3363 639 3526 694 opum

1924 722 2347 791 pha-ntasmatis.
2374 721 2480 776 Sed
2509 721 2610 777 etsi
2649 721 2702 774 in
2740 720 3016 774 caminum
3071 717 3410 788 projiciendi-
3437 731 3528 772 su-

1925 830 2067 880 mus,
2095 815 2499 870 mendicitatem
2528 827 2684 884 atquo
2709 812 2949 868 feramus
2978 812 3184 876 animo,
3216 820 3276 865 ut
3304 825 3373 865 ne
3398 823 3532 881 Opes

1925 907 2141 976 quidem
2179 908 2490 962 adoremus.
2521 904 2613 960 Sic
2664 905 2772 960 erit
2823 906 2938 960 haec
2990 903 3155 958 nobis
3185 901 3528 972 philosophia

1925 1001 2121 1055 exinde
2155 999 2297 1054 velut
2333 1012 2423 1054 ros
2446 998 2497 1052 in
2532 998 2714 1052 medio
2745 995 2964 1050 sibilum
3002 995 3173 1051 edens
3200 993 3246 1061 ⁸,
3277 1006 3527 1050 onmem-

1925 1105 2030 1158 que
2056 1091 2280 1162 gignens
2307 1090 2642 1155 libertatem,
2677 1086 2861 1157 ibique
2899 1101 3137 1144 coronas
3162 1085 3398 1141 atterens
3422 1099 3534 1154 pa-.

1925 1184 2153 1238 tientize.

2069 1380 2235 1468 565
2283 1376 2552 1438 XXXVII.
2583 1415 2653 1424 —
2690 1380 2991 1440 LEONTIO
3029 1377 3384 1436 EPISCOPO.

376 1478 450 1533 Dc
481 1480 629 1532 bonis
667 1480 975 1548 presbyteris
1007 1487 1194 1530 contra
1226 1477 1395 1531 malos
1427 1477 1728 1545 disseritur,
1765 1479 1958 1550 quique
1994 1493 2176 1534 coruus
2207 1494 2263 1532 se
2293 1487 2539 1532 excusent
2564 1477 2824 1539 exemplo.
2862 1474 3074 1545 Confer.
3107 1474 3260 1542 epist.
3290 1472 3382 1526 21.

302 1593 366 1645 Εἰ
399 1592 501 1663 μὲν
533 1591 643 1645 τῶν
693 1589 1012 1662 ἀρχομένων
1054 1589 1206 1653 τινὰς
1242 1590 1522 1660 ἐχειροῦτο
1551 1593 1584 1663 ἡ
1618 1592 1820 1657 κακία,

227 1685 384 1739 οῦδὲν
415 1684 551 1755 (χρὴ
577 1684 686 1754 γὰρ
713 1682 921 1753 τάληθῆ
953 1682 1133 1750 λέγειν
1157 1680 1174 1752 )
1199 1681 1263 1734 ἂν
1287 1677 1354 1752 ἦν
1377 1682 1602 1746 τοσοῦτο
1625 1682 1818 1749 δεινὸν,

2005 1591 2064 1647 Si
2089 1591 2308 1660 quidem
2345 1590 2690 1648 subditorum
2719 1590 3046 1662 quibusdam
3078 1589 3398 1659 improbitas
3430 1587 3529 1643 do-

1933 1684 2193 1748 minetur,
2247 1682 2381 1752 nihil
2422 1681 2632 1753 (verum
2686 1690 2770 1737 est
2817 1682 2963 1757 enim
3012 1679 3417 1752 proferendum)
3460 1692 3527 1734 eo

229 1778 439 1846 καίπερ
465 1776 524 1828 ὃν
555 1771 747 1829 δεινόν.
781 1772 1003 1843 Ἐπειδὴ
1025 1774 1079 1826 δὲ
1105 1773 1351 1844 ἕρπουσα
1377 1774 1511 1844 πρὸς
1534 1775 1599 1827 τὰ
1621 1775 1820 1846 χείρω,

1930 1773 2102 1843 magis
2137 1782 2223 1828 est
2260 1787 2448 1844 grave,
2490 1772 2719 1828 tametsi
2772 1771 2842 1827 sit
2878 1787 3064 1842 grave.
3108 1771 3244 1826 Cum
3293 1785 3422 1825 vero
3457 1770 3527 1824 ad

229 1867 324 1922 καί
348 1885 498 1930 τινας
522 1866 628 1918 τῶν
665 1863 916 1935 ἱερᾶσθαι
933 1863 1207 1933 λαχόντων
1233 1863 1607 1917 ὲπιδόσκεταιτ
1630 1865 1824 1929 mitia;

226 1959 515 2029 γέγραφας
539 1957 634 2025 (τὸ
655 1957 762 2011 τῶν
793 1958 975 2011 κακῶν
1000 1957 1320 2025 κεφάλαιον,
1347 1958 1444 2010 καὶ
1478 1958 1659 2028 πάσης
1686 1975 1826 2028 συμ-

227 2053 402 2123 φορᾶς
421 2049 740 2120 βαρύτερον)
765 2049 1081 2117 ἀπολογίαν,
1105 2051 1205 2103 οὐκ
1221 2046 1317 2102 οἷδ’
1335 2051 1504 2115 ὅπως,
1531 2049 1691 2105 τοῦτο
1710 2053 1823 2115 τοῖς

225 2141 491 2210 ὑπηκόοις
522 2141 716 2192 τίκτει.
754 2139 1125 2193 Ἀκουέτωσαν
1154 2141 1202 2192 οἱ
1233 2138 1406 2194 ταῦτα
1433 2139 1706 2208 λέγοντες,
1743 2140 1818 2211 μὴ

222 2235 338 2294 τοῖς
366 2230 555 2292 κακῶς
579 2231 898 2300 ίερωμένοις
919 2233 1296 2302 παραμετρεῖν
1320 2232 1410 2284 τὸν
1444 2233 1646 2284 οίκεῖον
1680 2231 1816 2302 βίον,

223 2323 364 2376 ἀλλά
401 2325 520 2384 ταῖς
573 2322 838 2388 ἐντολαῖς.
896 2322 956 2375 Ὀ
991 2322 1102 2393 γὰρ
1138 2323 1333 2394 κριτὴς
1383 2325 1678 2387 ἀδέκαστος
1720 2323 1818 2389 ὢν,

223 2414 527 2482 ἀπολογίαν
570 2414 762 2482 ἄλογον
797 2416 859 2468 οὐ
893 2414 1124 2480 δέξαιτο,
1158 2415 1273 2468 ἀλλ’
1304 2417 1420 2484 ἐρεῖ
1447 2416 1699 2490 μάλιστα
1720 2416 1820 2486 μὲν

221 2508 306 2559 ὅτι
354 2505 469 2575 (59)
519 2506 709 2558 πολλοὶ
757 2505 866 2558 τῶν
915 2507 1231 2576 ίερωμένων
1286 2507 1685 2579 ηὐδοκίμησαν,
1738 2505 1820 2571 οἷς

224 2599 395 2668 ἐχρῆν
428 2598 795 2670 προσέχοντας
832 2599 978 2668 ὐμίς
1011 2601 1103 2653 τὸν
1135 2599 1260 2652 νοῦν
1289 2599 1582 2671 διορθῶσαι
1613 2601 1706 2652 τὸν
1739 2602 1817 2653 οἰ-

223 2693 373 2742 κεῖον
421 2688 556 2758 βίον.
602 2688 822 2759 Ἐπειδὴ
855 2689 909 2741 δὲ
941 2690 1261 2760 ἐφωράοητε
1293 2690 1393 2760 τῆς
1433 2692 1630 2754 κακίας
1664 2691 1817 2758 ὄντες

223 2782 455 2852 ἐρασταὶ
477 2822 488 2843 ,
533 2780 589 2846 ἐξ
617 2775 689 2834 ὧν
720 2781 782 2833 οὐ
811 2785 921 2844 τοῖς
951 2782 1337 2851 ἀριστεύσασιν
1371 2784 1578 2846 ἀτενῶς
1642 2800 1816 2857 προσ-

227 2876 527 2943 εσχήκατε,
550 2873 684 2926 ἀλλά
713 2876 824 2936 τοῖς
854 2875 1134 2938 πταίσασι,
1173 2877 1544 2946 κάκεῖνοιμὲν
1586 2876 1816 2932 δώσουσι

220 2963 379 3033 δίκην
420 2962 578 3027 ἀξίαν
620 2956 696 3017 ὧν
737 2963 994 3034 ἔδρασαν,
1028 2963 1124 3015 καὶ
1174 2965 1332 3033 ὑμεῖς
1381 2965 1567 3037 ἐπειδὴ
1613 2968 1815 3039 ἀρετὴν

219 3056 558 3124 ήτοιμάσατε
593 3054 740 3125 (60),
793 3055 889 3107 καὶ
920 3055 1119 3108 κακίαν
1151 3057 1474 3125 ἡσπάσασθε
1501 3096 1515 3121 ,
1550 3059 1644 3111 καὶ
1690 3058 1813 3112 οὔτε

1927 1865 2199 1919 deteriora
2253 1879 2455 1935 urgens
2494 1865 2662 1918 etiam
2705 1864 2997 1919 sacerdotii
3044 1875 3248 1918 sortem
3300 1862 3527 1932 adeptos

1925 1958 2253 2027 depascitur,
2289 1966 2372 2022 et,
2407 1967 2464 2011 ut
2503 1955 2700 2011 scribis
2729 1955 2897 2026 (quod
2941 1955 3020 2010 rei
3060 1964 3225 2024 caput.
3265 1955 3526 2024 omnique

1927 2047 2125 2102 datimo
2151 2047 2417 2118 gravius),
2464 2046 2835 2102 defensionem
2879 2046 3401 2115 excusationemque
3430 2057 3524 2099 ue-

1925 2141 2040 2195 scio
2071 2140 2344 2210 quomodo
2389 2140 2491 2194 hoc
2525 2140 2868 2194 auditoribus
2919 2139 3086 2210 parit.
3134 2138 3394 2200 Audiam,
3430 2134 3523 2206 qui

1921 2229 2048 2283 talia
2083 2230 2293 2292 dicunt,
2326 2243 2396 2284 ne
2439 2229 2769 2284 conformari
2803 2231 2928 2286 vita
2960 2231 3227 2284 malorum
3260 2225 3521 2282 sacerdo-

1923 2329 2035 2373 tum
2072 2335 2226 2374 suam
2262 2321 2429 2375 vitam
2478 2323 2670 2391 velint,
2713 2323 2808 2378 sed
2857 2321 3037 2392 potius
3083 2321 3391 2391 praeceptis.
3435 2319 3522 2374 ln-

1923 2422 2213 2481 corrupttts
2246 2413 2391 2468 enim
2440 2413 2605 2483 iudex
2651 2416 3065 2469 excusationem
3107 2413 3366 2484 injustam
3410 2427 3518 2466 non

1922 2507 2173 2576 recipiet,
2221 2509 2314 2562 sed
2366 2509 2554 2563 dicet:
2590 2507 2761 2576 Quam
2811 2509 2966 2564 multi
3013 2508 3328 2565 sacerdotes
3365 2507 3522 2562 bona:

1921 2597 2133 2653 iuet-unt
2172 2600 2620 2667 existimationis,
2648 2601 2805 2671 queis
2843 2599 3073 2654 decebat
3100 2609 3338 2655 mentem
3366 2600 3520 2653 adbi-

1919 2689 2068 2755 bere,
2112 2706 2175 2745 ac
2206 2691 2370 2745 vitam
2399 2707 2686 2760 moresque
2717 2703 2928 2748 vestros
2957 2693 3008 2746 in
3041 2692 3232 2747 melius
3267 2707 3520 2747 commu-

1923 2793 2060 2837 tare.
2092 2782 2201 2838 Vos
2236 2795 2417 2839 autem
2443 2785 2663 2840 malitia:
2695 2785 2854 2839 nimis
2886 2794 3137 2838 amantes
3165 2784 3515 2854 deprehensi,

1920 2889 2018 2929 cur
2063 2890 2170 2929 non
2221 2875 2546 2931 melior-ibus
2593 2877 2740 2932 serio
2790 2875 3141 2930 intendistis!
3193 2877 3287 2931 sed
3337 2877 3517 2931 vitiosi

1920 2967 2021 3038 ipsi
2048 2968 2202 3024 estis.
2229 2968 2510 3039 Hnjusque
2535 2983 2724 3039 poenas
2749 2970 2954 3024 dabunt
2977 2969 3148 3037 culpis
3171 2969 3468 3038 condignas
3494 2987 3510 3037 ;

1919 3074 2120 3130 vosque
2169 3061 2318 3129 quia,
2357 3062 2558 3115 virtute
2601 3061 2826 3131 rejecta,
2864 3062 3268 3132 improbitatem
3316 3063 3516 3132 cupide

223 3147 503 3218 βασιλείας
528 3146 710 3208 πόθος,
734 3143 858 3198 οὔτε
885 3145 1108 3214 γεέννης
1132 3146 1294 3214 φόϐος
1326 3147 1548 3217 ἐποίησε
1568 3147 1814 3216 φύλακας
1843 3136 1857 3188 ί

1929 3153 2057 3206 estis
2086 3152 2342 3221 amplexi,
2375 3168 2550 3222 neque
2585 3155 2735 3225 regni
2765 3155 3006 3211 ecelestis
3031 3155 3388 3219 desiderium.
3417 3170 3515 3210 ue-

217 3240 329 3292 τῶν
358 3237 510 3309 ἐμῶν
559 3237 813 3307 γενέσθαι
854 3237 1055 3308 νόμων,
1087 3238 1186 3308 τὴν
1229 3239 1469 3310 ἐσχάτην
1497 3239 1696 3292 δώσετε
1729 3256 1815 3295 τι-

224 3332 459 3402 μωρίαν.

530 3445 661 3500 sua
700 3476 766 3487 -
798 3444 1083 3498 ABPAAM
1127 3445 1495 3517 animone.

1919 3259 2026 3313 que
2081 3246 2344 3315 gehennae
2399 3256 2575 3302 terror
2625 3263 2774 3310 meas
2823 3249 2951 3305 fecit
3001 3250 3297 3306 observare
3344 3252 3504 3321 leges.

1919 3334 2126 3390 ideirco
2153 3346 2411 3390 :eternam
2445 3337 2605 3394 luetis
2647 3356 2886 3410 poenam.

2106 3445 2394 3502 XXXVIII.
2427 3479 2498 3490 —
2525 3451 2918 3508 ABRAHAMO
2958 3453 3318 3512 EPISCOPO.

1035 3557 1328 3613 Sacrorum
1369 3558 1692 3615 Litterarum
1727 3561 1962 3615 studium
1995 3561 2206 3616 virtutis
2236 3565 2400 3634 gignit
2438 3583 2692 3622 amorem.

291 3674 427 3728 Δίαν
463 3669 732 3742 Θαύμαζω
781 3669 878 3740 τὴν
919 3669 1029 3721 τῶν
1073 3670 1286 3723 πολλῶν
1319 3671 1613 3742 ρᾳθυμίαν,
1648 3676 1728 3726 ὅτι
1760 3677 1807 3727 οί

222 3769 321 3840 μὲν
359 3768 602 3835 γενναῖοι
635 3764 730 3817 καὶ
755 3762 1065 3832 θαυμαστοὶ
1088 3762 1281 3833 ἄνδρες
1307 3764 1433 3827 τοὺς
1460 3767 1657 3828 πόνους
1682 3768 1808 3830 τοὺς

221 3860 366 3930 ὑπὲρ
406 3859 505 3928 τῆς
555 3857 759 3930 ἀρετῆς
805 3853 1104 3924 προθύμως
1137 3854 1522 3924 ὑπομένουσιν,
1563 3853 1706 3911 οὗτοι
1751 3857 1805 3910 δὲ

219 3951 340 4006 οὐδὲ
380 3951 505 4011 τοὺς
539 3948 730 4015 λόγους
762 3946 820 4010 ἐξ
848 3939 922 4000 ὧν
955 3947 1003 4000 οἱ
1037 3947 1134 4017 τῆς
1174 3949 1376 4017 ἀρετῆς
1414 3949 1640 4004 εἰώθασι
1675 3950 1806 4020 φύε-

221 4042 345 4094 σθαι
395 4039 546 4090 πόνοι
571 4079 584 4101 ,
621 4035 840 4089 ἀκούειν
873 4035 1179 4105 ἀνέχονται.
1213 4037 1309 4099 Τίς
1353 4031 1444 4090 οὖν
1493 4039 1676 4100 αὐτοῖς
1716 4055 1806 4091 πι-

220 4131 424 4194 στεύει,
463 4129 544 4180 ὅτι
575 4130 704 4189 τοὺς
739 4127 877 4197 ὑπὲρ
919 4127 1018 4195 τῆς
1050 4126 1252 4196 ἀρετῆς
1301 4127 1529 4195 ἱδρῶτας
1569 4129 1808 4197 γνησίως

217 4221 609 4290 ἐπαναιροῦῶν
655 4219 806 4288 (Gl),
860 4219 988 4271 ὅταν
1029 4219 1156 4282 τοὺς
1212 4220 1351 4289 ὑπὲρ
1395 4221 1568 4290 αὐτῆς
1613 4221 1804 4289 λόγους

217 4317 400 4369 ίδωσιν
433 4312 630 4373 αὐτοὺς
653 4309 927 4373 δυσκόλως
958 4311 1374 4380 προσιεμένους.
1405 4313 1668 4382 Παραίνει
1694 4313 1804 4365 τοί-

217 4424 306 4460 νυν
335 4404 568 4464 ἐκείνοις
604 4401 733 4472 περὶ
759 4394 832 4454 ὧν
864 4401 955 4454 καὶ
983 4403 1292 4471 γέγραφας,
1316 4403 1535 4473 ἔχεσθαι
1567 4405 1663 4473 τῆς
1696 4405 1803 4458 τῶν

1992 3679 2160 3732 Valde
2194 3679 2446 3747 equidem
2497 3680 2670 3733 miror
2719 3681 2969 3750 supinam
3001 3684 3366 3751 quorumdam
3415 3699 3511 3740 ne-

1919 3769 2256 3841 gligentiam,
2295 3785 2416 3823 cum
2451 3769 2541 3823 alii
2575 3772 2824 3827 homines
2856 3776 3104 3843 generosi
3145 3785 3311 3844 atque
3337 3775 3513 3832 admi—

1915 3862 2069 3916 randi
2117 3861 2329 3916 labores
2372 3862 2592 3917 virtutis
2631 3865 2850 3919 nomine
2904 3866 3138 3922 libenter
3185 3869 3509 3940 suscipiant,

1916 3953 1991 4006 illi
2017 3966 2145 4007 vero
2175 3966 2241 4006 ne
2271 3951 2432 4006 verba
2470 3953 2707 4021 quidem,
2748 3955 2944 4024 quibus
2976 3959 3041 4011 ad
3074 3957 3311 4013 laborem
3343 3961 3511 4015 virtu-

1915 4044 1986 4099 tis
2015 4044 2242 4099 excitari
2290 4045 2544 4099 homines
2590 4045 2788 4111 solent,
2837 4047 3114 4103 sustinent
3148 4051 3356 4104 audire.
3395 4051 3506 4106 Hos

1915 4137 2038 4208 quis
2076 4137 2264 4191 credat
2312 4151 2409 4206 pro
2445 4138 2648 4192 virtute
2704 4141 2948 4196 sudores
2991 4157 3178 4197 revera
3223 4159 3509 4214 capessere

1915 4227 2075 4295 velle,
2109 4229 2328 4297 quando
2361 4243 2429 4282 ne
2455 4244 2736 4287 sermones
2771 4233 2989 4302 quidem
3033 4235 3221 4291 videas
3255 4250 3412 4306 mquo
3439 4238 3507 4290 ab

1913 4321 1980 4373 iis
2017 4320 2199 4374 animo
2247 4320 2472 4390 suscipi.
2513 4319 2744 4376 Hortare
2787 4323 2968 4394 itaque
3007 4325 3162 4390 tales,
3201 4328 3266 4381 de
3309 4327 3506 4395 quibus

1912 4411 1978 4464 ad
2031 4425 2119 4464 me
2165 4413 2592 4482 perseripseras,
2646 4430 2859 4469 sacram
2902 4415 3085 4487 legant
3137 4416 3502 4486 Scripturam,

216 4493 448 4564 Γραφῶν
498 4489 883 4556 ἀναγνώσεως.
947 4490 1228 4543 Ἐντεῦθεν
1261 4492 1370 4564 γὰρ
1399 4493 1493 4546 καὶ
1523 4495 1554 4564 ὴ
1602 4493 1802 4562 γνῶσις
1837 4476 1857 4530 Ῑ

1929 4518 2073 4572 luam
2112 4503 2401 4559 lectionem
2432 4506 2730 4561 comitatur
2766 4507 3007 4578 cognitio
3044 4518 3206 4579 atque
3251 4510 3502 4568 scientia.

214 4585 478 4638 τίκτεται.

510 4676 636 4732 seu
692 4706 766 4718 —
799 4675 1058 4748 msero
1105 4675 1430 4747 ΔιΑΚΟΝῼ.

2194 4679 2446 4736 XXXIX.
2479 4713 2552 4722 —
2579 4682 2858 4741 lSlDORU
2896 4683 3218 4741 DlACONO.

1041 4790 1362 4860 Multiplices
1399 4796 1746 4850 tentationum
1780 4798 2007 4866 fructus.
2046 4795 2262 4864 Confer.
2293 4798 2392 4867 inf.
2425 4797 2532 4854 226
2585 4815 2665 4870 ep.

282 4910 480 4966 Πολλοὶ
527 4908 780 4975 δόξαντες
816 4909 1050 4980 ἀνδρεῖοι
1085 4905 1222 4964 εἶναι
1274 4913 1369 4972 καὶ
1395 4918 1634 4980 γενναῖοι
1683 4917 1801 4970 οὐδὲ

211 5007 308 5078 τὴν
340 5003 649 5075 προσϐολὴν
681 5005 776 5057 καὶ
806 5003 896 5056 τὸν
920 5003 1320 5076 ἀκροϐολισμὸν
1343 5007 1451 5060 τῶν
1480 5010 1803 5080 πειρασμῶν

284 5166 306 5199 ⁸
329 5165 466 5222 ibid.
503 5162 594 5218 50.

307 5415 397 5483 57)
439 5414 543 5470 Pro
579 5414 754 5483 φωναὶ
781 5413 967 5468 scribit
999 5415 1205 5481 φωναῖς
1237 5413 1356 5466 eod.
1399 5413 1491 5466 alt.
1535 5413 1743 5469 Possm.

307 5486 396 5551 58)
438 5486 585 5539 lnter
611 5485 779 5547 ἀκοάς
803 5493 855 5537 et
881 5484 1107 5552 κάμινος
1135 5485 1271 5537 idem
1295 5483 1491 5538 omittit
1525 5486 1618 5537 καὶ
1649 5501 1792 5540 vers.

215 5554 332 5625 post
361 5556 415 5620 4,
444 5554 718 5622 πτωχείαν
755 5555 1093 5625 idem_mut3t
1127 5554 1179 5625 in
1215 5554 1615 5625 strtuxsietht).

287 5625 397 5696 (59)
441 5626 580 5696 Inter
608 5625 704 5696 μὲν
736 5633 788 5677 et
821 5623 1005 5696 πολλοὶ
1049 5624 1165 5696 eod.
1205 5622 1482 5696 AAltatollit
1512 5624 1614 5678 ὅτι.
1652 5625 1796 5680 Idem

213 5692 519 5750 vers/inde
544 5692 699 5754 ’5,οὑ
743 5695 854 5754 τοῖς
887 5704 1058 5744 mutat
1090 5692 1140 5743 iu
1191 5693 1373 5762 αρτοῖς
1422 5695 1473 5748 in
1521 5706 1794 5762 contextu,

215 5777 477 5819 annutaus
504 5775 680 5819 tamen
717 5763 775 5816 οὺ
815 5765 925 5824 τοῖς
955 5763 1006 5816 in
1038 5777 1206 5831 marg.
1243 5761 1317 5816 1ι).

1985 4914 2284 4982 Opiuantes
2339 4915 2582 4986 plerique
2630 4918 2797 4974 fortes
2848 4933 2907 4974 se
2962 4933 3025 4973 ac
3080 4935 3379 4990 generosos
3433 4937 3500 4978 ne

1915 5007 2339 5077 impressionum
2376 5008 2592 5077 quidem
2630 5019 2684 5064 et
2733 5011 3091 5066 tentationum
3125 5010 3498 5070 velitationem

1356 5257 1594 5314 νΑΙιΙᾹ]
1638 5251 2024 5316 LECTIONES
2064 5259 2155 5315 ΕΤ
2194 5259 2425 5316 NOTAE.

1983 5417 2094 5488 (60)
2135 5416 2242 5489 Pro
2281 5418 2620 5489 ἡτοιμάσατε
2663 5421 2849 5474 scribit
2892 5420 3028 5473 idem
3075 5418 3403 5488 ἠτιμάσατε,
3441 5428 3494 5475 et

1911 5503 2052 5543 vers.
2094 5488 2316 5557 ἐποίησε
2349 5500 2517 5543 tnntat
2547 5492 2599 5544 in
2633 5490 2834 5552 ἔπεισε,
2879 5491 2932 5543 in
2967 5499 3193 5560 utraque
3236 5495 3495 5546 emcnda-

1909 5561 2049 5613 tioue
2077 5562 2197 5612 sine
2227 5562 2388 5614 dubio
2423 5562 2750 5626 probandus.
2787 5562 2857 5613 lu.

1978 5631 2088 5699 (61)
2127 5628 2230 5681 Pro
2264 5630 2650 5701 ὲπαναιροῦσιν
2695 5632 2814 5686 eod.
2859 5630 2981 5684 Vat.
3033 5629 3137 5684 050
3180 5641 3234 5685 et
3271 5630 3379 5686 Alt.
3418 5631 3494 5686 le-

1905 5711 2035 5766 gunt
2067 5701 2509 5772 ἐπαναιροῦντες.
