3988 6434
497 266 629 338 1351

1675 250 1735 310 s.
1770 205 2062 311 19.1mm
2101 244 2536 308 PELUSIOTzE

493 377 886 436 sustinuerunt.
942 366 1242 439 Redarguti
1304 376 1436 434 ergo
1480 359 1598 418 sola
1655 361 1912 431 opinione
1970 372 2078 413 non

2194 358 2443 428 ήνεγκανσ
2477 354 2812 430 ιλιγχθίντες
2824 347 2915 411 οὖν
2945 353 3004 407 ιν
3034 350 3169 424 μόνῃ
3202 351 3268 424 τῇ
3296 349 3462 424 δόξῃ,
3512 350 3630 406 ἀλλ’
3653 350 3749 410 oin

495 470 637 526 iacto
691 463 1030 522 fortitudinis
1076 457 1536 516 existimationem
1584 467 1616 508 a
1667 451 2065 522 spectantibus,

493 560 637 634 quod
665 557 881 613 laudem
910 563 1133 623 carpere
1156 549 1338 606 conati
1373 555 1522 611 sunt,
1549 542 1910 634 supercilium
1937 556 2071 596 con-

497 630 797 704 traxerant.
851 641 978 698 Ideo
1015 653 1145 694 vero
1193 635 1624 708 permittuntur,
1687 640 1746 687 ut
1794 630 2070 695 arbitror,

497 737 690 793 tentari
721 731 985 798 nonnulli,
1023 739 1081 785 ut
1113 738 1170 785 et
1200 725 1380 799 magni
1428 733 1591 789 atque
1628 719 2072 792 inexpugnabiles

497 828 551 883 in
585 827 700 881 suis
734 823 904 880 oculis
941 821 1267 878 exsistentes
1318 818 1387 875 ab
1427 830 1612 872 amore
1655 812 1966 877 suicurati,
2007 809 2074 865 ad

497 916 815 973 modestiam
867 911 1242 984 impellantur.
1292 907 1409 963 Non
1459 905 1715 976 exiguum
1750 904 1933 973 itaque
1975 902 2076 957 hoc

497 1007 693 1062 anima
726 1003 1097 1068 commodum,
1142 998 1338 1055 fastum
1380 995 1673 1067 exstingui,
1716 1009 1781 1050 ac
1825 991 2074 1063 spiritum

497 1112 708 1161 eorum,
754 1109 984 1165 quorum
1030 1092 1457 1163 experimentum
1508 1085 1736 1148 nullum,
1786 1098 1851 1139 ne
1897 1083 2074 1137 dicam

499 1194 775 1242 certamen
812 1182 1029 1254 quidem
1064 1179 1336 1236 sustinere
1366 1181 1585 1246 queant.
1617 1173 1782 1246 563
1804 1172 1905 1240 Qui
1931 1173 2075 1228 enim

502 1284 624 1348 post
673 1275 834 1330 multa
871 1273 1044 1330 victus
1098 1279 1324 1341 tropaea,
1377 1269 1533 1324 venia
1581 1265 1720 1323 forte
1758 1265 2079 1336 dignus:at

499 1367 592 1437 qui
630 1366 686 1422 in
738 1362 1136 1420 velitationibus
1173 1357 1480 1424 occumbat,
1523 1370 1750 1413 summa
1789 1353 2076 1411 imbecilli-

502 1459 637 1511 tatis
685 1453 770 1509 vel
839 1449 1182 1524 negligentia
1238 1448 1418 1521 potius
1477 1461 1590 1519 pre
1642 1458 1704 1502 se
1754 1443 1864 1500 fert
1914 1456 2079 1513 argu-

502 1555 767 1599 mentum.

829 1652 947 1710 XL.
979 1683 1052 1697 —-
1079 1648 1314 1708 TAURO
1351 1646 1758 1706 PREFEC’IO.

2172 451 2233 502 ὲν
2280 452 2346 521 τῇ
2375 445 2613 520 πράξει,
2653 446 2754 518 τὴν
2785 447 2885 519 τῆς
2923 445 3174 518 ἀνδρείας
3220 447 3398 514 οῖησιν
3441 443 3600 517 παρά
3640 445 3750 510 τοῖς

2173 542 2396 606 θεαταῖς
2425 539 2841 612 κεκαρπῶσθαι,
2871 539 3224 594 κατέσπασαν
3257 539 3358 610 τὴν
3387 537 3584 609 ὀφρῦν.
3613 539 3692 592 Δι’
3729 537 3752 593 Ι

2173 635 2270 688 καὶ
2316 631 2761 704 συγχωροῦνται,
2806 631 2880 696 ὡς
2927 627 3105 696 οἶμαι,
3159 629 3529 702 πειρασθῆναί
3567 647 3753 693 τινες,

2178 727 2270 780 τὸν
2298 724 2408 797 (62)
2428 724 2522 778 τοῦ
2553 723 2778 794 μεγάλοι
2798 723 2976 777 δοκεῖν
2998 719 3136 777 εῐναι
3152 721 3247 776 καὶ
3259 721 3528 793 δύσμαχοι
3550 721 3753 777 ἔννοιαν

2178 818 2545 890 ίαθησόμενοι,
2581 815 2677 870 καὶ
2712 815 2850 887 πρὸς
2891 815 3362 887 μετριοφροσύνην
3396 813 3758 887 συνελαθησύ-

2180 927 2338 982 μενοι
2375 908 2436 963 ού
2477 908 2648 981 μικρά
2685 907 2825 980 αὕτη
2855 907 3034 978 ψυχῆς
3069 905 3305 976 ὠφέλεια
3325 946 3341 974 ,
3371 907 3432 960 τὸ
3465 905 3759 977 σϐεσθῆναι

2179 999 2241 1054 τδ
2298 999 2553 1070 φρόνημα
2596 997 2706 1052 τῶν
2757 997 2891 1070 μηδὲ
2935 997 3038 1068 τὴν
3083 999 3299 1067 πεῖραν,
3349 995 3411 1050 οὗ
3471 1014 3620 1068 φημι
3665 996 3760 1051 τδν

2177 1089 2388 1158 ἀγῶνα,
2418 1091 2659 1158 ἐνεγκεῖν
2687 1088 3040 1160 δυνηθέντων.
3077 1085 3144 1143 '0
3169 1088 3268 1159 μὶν
3289 1086 3396 1161 γὰρ
3421 1088 3564 1159 μετά
3591 1088 3760 1142 πολλά

2176 1184 2411 1254 τρόπαια
2445 1181 2728 1254 ἡττηθεὶς,
2772 1182 2903 1243 iam;
2933 1183 3296 1249 συγγνωστός·
3328 1183 3356 1234 6
3396 1179 3454 1234 δὲ
3490 1182 3552 1233 ἑν
3579 1183 3762 1245 αὐτοῖς

2175 1275 2291 1337 τοῖς
2321 1272 2770 1345 ἀκροδωλισμοῖς
2798 1269 2981 1324 πεσὼν
3001 1261 3241 1342 ὶσχάτης
3267 1271 3557 1338 ἀσθενείας
3576 1312 3593 1338 ,
3627 1273 3764 1342 μᾶλ-

2177 1364 2268 1419 λον
2296 1363 2354 1418 δι
2389 1363 2664 1436 ῥᾳθυμίας
2689 1362 2914 1435 impiger
2947 1361 3166 1433 δεῖγμα.

2574 1649 2669 1706 Μ’.
2702 1678 2773 1692 -
2804 1649 3033 1723 τΑγΡᾳ
3064 1648 3370 1722 ΥΠΑΡΧῼ.

1195 1765 1468 1823 Hortatur
1493 1775 1549 1821 ut
1580 1765 1880 1835 reipublicae
1926 1778 2058 1821 onus
2091 1779 2210 1819 cunt
2239 1760 2480 1832 pluribus
2513 1760 2661 1817 bonis
2688 1763 3060 1818 communicet.

574 1878 801 1938 Noveris
845 1888 1015 1948 recte,
1059 1893 1092 1936 ο
1143 1875 1497 1953 sagacissime
1539 1878 1803 1944 virorum,
1837 1876 1983 1947 quod
2031 1876 2078 1930 si

2253 1868 2328 1928 Εὖ
2365 1870 2497 1940 ῖσθι,
2519 1867 2566 1927 ὦ
2588 1873 2872 1944 ἀγχινοίας
2900 1873 3150 1944 τέμενος,
3183 1873 3266 1929 δτι
3284 1873 3335 1927 εί
3353 1875 3484 1940 τοὺς
3503 1876 3768 1946 ἀρίστους

504 1973 708 2028 amictu
753 1971 1008 2042 optimos,
1059 1960 1306 2033 veritati,
1359 1967 1602 2037 inquam,
1656 1967 1976 2035 innutritos,
2025 1975 2082 2022 et

501 2064 851 2134 pecuniarum
891 2068 1288 2131 contemptores
1314 2056 1397 2114 ad.
1424 2058 1770 2129 magistratus
1797 2071 2081 2127 promove-

503 2157 582 2211 ris
611 2156 762 2228 (nam
793 2153 1156 2225 periculosum
1202 2159 1288 2206 est
1319 2148 1637 2220 plerumque
1661 2157 1868 2205 tantam
1913 2162 2081 2216 nego-

504 2247 701 2300 tiorum
746 2242 940 2300 molem
978 2241 1069 2298 uni
1103 2239 1408 2311 imponere)
1446 2252 1658 2308 eorum,
1689 2241 1783 2311 qui
1832 2238 1955 2295 illos
1981 2253 2080 2294 ca-

504 2343 765 2407 pessunt,
823 2335 1027 2390 virtute
1074 2329 1439 2388 aristocratia
1489 2329 1830 2398 gubernandi
1884 2329 2082 2387 feceris

508 2426 755 2482 formam.

783 2535 920 2594 XLI.
963 2565 1036 2579 -
1075 2535 1427 2595 LAIPETIO
1465 2531 1784 2594 DlACONO.

2181 1964 2292 2019 τῶν
2321 1965 2512 2034 φίλων,
2550 1966 2678 2029 τοὺς
2714 1965 3008 2036 ἀληθείας,
3038 1967 3214 2036 φημὶ,
3256 1967 3636 2040 συντρόφους,
3669 1970 3766 2024 καὶ⁵

2183 2074 2289 2128 χρη
2299 2056 2482 2127 μάτων
2501 2057 2820 2129 κρείττονας
2836 2059 3126 2122 κοινωνοὺς
3142 2059 3426 2130 ποιήσειας
3442 2061 3545 2132 τῆς
3585 2061 3765 2133 ἀρχῆς

2186 2146 2529 2218 (ἑπισφαλὶς
2567 2147 2679 2220 γὰρ
2727 2147 2803 2211 ὡς
2839 2147 2920 2215 ’τάΔ
2956 2147 3125 2203 πολλά
3169 2149 3232 2203 τὸ
3273 2149 3359 2220 ὕφ’
3397 2150 3480 2204 ἑνὶ
3510 2151 3767 2204 τοσοῦτον

2185 2238 2353 2308 δγκον
2399 2241 2592 2311 ὁρμεῖν
2639 2239 3037 2311 πραγμάτων),
3073 2242 3193 2306 ταῖς
3239 2241 3350 2296 τῶν
3370 2242 3768 2313 ἀντιλαμϐανο·

2192 2331 2373 2402 μένων
2429 2330 2656 2404 ἀρεταῖς
2711 2331 3168 2404 ἀριστοκρατείαν
3225 2327 3612 2399 άποτελέσειας
3666 2335 3771 2406 τὴν

2188 2422 2388 2494 ἀρχήν.
3529 2444 3538 2450 -

2467 2535 2606 2591 ων.
2641 2564 2713 2578 -
2749 2533 3111 2607 mnum
3157 2533 3477 2607 ΔωςοΝο.

1503 2649 1741 2722 Regnum
1766 2646 2016 2706 calorum
2047 2646 2398 2709 inculcatum.
2431 2652 2563 2722 δερ.
2590 2669 2672 2723 ερ.
2703 2654 2761 2711 ε.

576 2768 687 2826 Res
731 2781 902 2826 sacra
944 2774 1107 2836 atque
1153 2763 1350 2822 divina
1399 2761 1613 2820 homini
1657 2760 1879 2818 animali
1918 2760 2083 2817 stulta

507 2862 677 2918 videri
709 2859 954 2932 possint:
985 2856 1425 2928 quandoquidem
1451 2854 1556 2911 nisi
1582 2853 1665 2910 vel
1697 2852 1901 2910 nolenti
1925 2853 2080 2923 prius

509 2952 839 3024 persuadeas
871 2962 1098 3020 regnum
1131 2959 1256 3003 esse
1285 2945 1575 3021 calorum,
1611 2944 1732 3016 ejus
1757 2944 2086 3016 ingenerare

512 3056 746 3114 nequeas
774 3054 1036 3097 amorem.

609 3174 764 3231 XLII.
793 3204 865 3216 —
891 3172 1114 3231 ALIPIO
1149 3171 1363 3230 REMP.
1405 3164 1984 3230 ADHINISTRANTI.

2260 2766 2459 2840 Μωρία
2490 2768 2637 2822 δοκεῖ
2661 2767 2742 2838 τῷ
2770 2765 2985 2840 ψυχικῷ
3001 2766 3276 2842 ἀνθρώπῳ
3302 2766 3373 2823 τά
3397 2767 3539 2823 θεῖα·
3573 2768 3770 2842 ἐπειδὴ

2191 2873 2267 2928 τι..
2295 2856 2357 2911 οὐ
2404 2855 2609 2911 θελόντι
2647 2856 2933 2927 πεισθῆναι
2982 2857 3269 2931 πρότερον,
3310 2858 3391 2912 δτι
3437 2859 3471 2929 ἡ
3519 2859 3772 2931 βασιλεία

2190 2945 2301 3001 τῶν
2325 2945 2572 3019 οὐρανῶν
2590 2946 2919 3019 ὑφέστηκεν,
2947 2946 3128 3020 ιρωτα
3155 2947 3329 3020 αὐτῆς
3351 2949 3613 3022 τεχθῆναι
3638 2948 3774 3005 ass-

2193 3048 2373 3087 νατον.

2403 3164 2540 3221 sur.
2578 3197 2648 3209 —
2681 3167 2939 3242 uirum
2976 3169 3539 3246 ηοΑιτεΥοΜΕΝᾳ.

1524 3277 1703 3338 Pruna!
1726 3280 1864 3336 lenta
1892 3290 2016 3336 sunt
2046 3279 2336 3350 exigenda.
2368 3275 2480 3346 lnf.
2511 3292 2593 3347 cp.
2623 3275 2750 3333 207.

586 3402 761 3461 Grave
785 3409 868 3457 est
903 3413 1009 3455 non
1037 3399 1190 3455 tarde
1221 3409 1409 3468 pinnas
1436 3394 1570 3452 dare
1599 3408 1745 3462 eum,
1777 3392 1872 3465 qui
1918 3402 1996 3459 te,
2027 3400 2090 3448 ut

518 3495 732 3560 scribis,
779 3491 958 3548 aﬁecit
1004 3489 1228 3561 injuria,
1275 3487 1372 3543 sed
1420 3487 1602 3556 potius
1653 3495 1803 3553 eum,
1847 3485 1938 3555 qui
1982 3482 2090 3540 cito

520 3600 712 3657 pinnas
759 3582 1035 3655 persolvit,
1085 3579 1277 3643 videri,
1335 3585 1521 3649 postea
1573 3575 1828 3646 iniuriam
1887 3573 2088 3630 nullam

522 3673 790 3739 intulisse,
831 3681 892 3728 ut
934 3669 1131 3726 accidit
1170 3678 1563 3738 saepenumero.
1613 3662 1978 3731 Quamobrem
2019 3663 2088 3718 ab

522 3781 588 3822 eo
614 3778 801 3837 pmas
825 3763 1044 3834 exigere
1085 3758 1193 3819 noli
1234 3757 1580 3823 festinanter,
1609 3754 1705 3811 sed
1737 3757 1981 3824 expende
2007 3753 2093 3809 di-

526 3858 753 3929 ligenter
817 3869 885 3909 an
915 3868 1094 3910 revera
1130 3849 1335 3908 inserit
1363 3866 1380 3905 :
1411 3848 1561 3920 quod
1594 3847 1738 3902 enim
1785 3852 2000 3902 mature
2038 3855 2094 3902 et

527 3954 782 4005 accurate
825 3959 939 4000 rem
955 3942 1226 4008 excutias,
1263 3937 1401 3995 nihil
1433 3937 1560 3994 inde
1592 3937 1687 3993 tibi
1714 3935 1898 3994 damni
1941 3951 2097 3993 acce-

2268 3392 2449 3448 Δεινδν
2479 3393 2542 3448 οὐ
2567 3393 2630 3447 τὸ
2662 3392 2881 3465 βράδιον
2907 3391 3019 3464 (ss)
3047 3391 3230 3448 δοῦναι
3253 3393 3413 3466 δίκην
3436 3393 3534 3450 τὸν
3562 3396 3643 3461 ὡς
3664 3397 3776 3470 φῄς

2197 3502 2258 3539 σε
2290 3483 2615 3556 ἠδικηκότα,
2648 3483 2785 3538 ἀλλά
2810 3482 2872 3537 τδ
2899 3482 3087 3553 τάχιον
3115 3482 3295 3550 δόντα,
3330 3485 3569 3556 φανῆναι
3610 3485 3776 3543 ὕστε-

2196 3590 2289 3646 ρον
2315 3573 2392 3645 μὴ
2416 3573 2766 3644 ἀδικήσαντα,
2786 3575 2923 3646 ὅπερ
2943 3572 3201 3638 πολλάκις
3223 3573 3445 3647 συνίσηο
3473 3577 3550 3648 μὴ
3573 3578 3777 3634 σπεῦδε

2193 3664 2482 3737 τοιγαροῦν
2522 3666 2615 3718 ἐπὶ
2641 3665 2702 3717 τὸ
2746 3665 2904 3736 δίκην
2934 3665 3270 3738 ἀπαιτῆσαι,
3311 3666 3426 3724 ἀλλ’
3465 3668 3562 3722 ἐπὶ
3584 3670 3649 3725 τὺ
3686 3671 3778 3726 δο-

2197 3757 2427 3826 κιμάσαι
2454 3758 2503 3809 ει
2530 3756 2744 3828 άληθῶς
2771 3758 3032 3830 ἠδίκηκεν
3053 3799 3069 3826 ,
3101 3758 3212 3813 ἀπὸ
3243 3759 3344 3831 μιν
3376 3760 3487 3833 γάρ
3515 3762 3614 3818 τοῦ
3645 3765 3780 3836 μελ-

2199 3847 2413 3919 λησμοῦ
2457 3848 2609 3902 οὐδὲν
2640 3849 2884 3922 βλαϐήσῃ
2904 3890 2918 3916 ,
2963 3849 3071 3903 ἀπὸ
3104 3849 3162 3903 δὲ
3202 3849 3298 3905 τοῦ
3342 3852 3544 3924 τάχους
3568 3893 3585 3921 ,
3617 3856 3668 3910 εί
3697 3858 3780 3930 μή

2201 3937 2532 4010 ἀδικήσαντα
2555 3938 2876 4010 ἀπαιτήσεις
2898 3938 3075 4009 δίκην,
3105 3939 3302 4012 κομιδῆ
3331 3939 3664 4018 ἀδικηθήσῃ.

527 4040 637 4105 dat,
676 4036 769 4094 sed
798 4036 842 4091 si
885 4035 1060 4090 virum
1093 4033 1433 4088 innocentem
1461 4041 1653 4100 ptenas
1678 4026 1814 4084 dare
1851 4041 2094 4098 prtepro-
2187 4086 2197 4095 _

528 4143 656 4201 pere
699 4139 884 4198 coges,
931 4123 1121 4192 ingens
1163 4118 1411 4177 accidere
1457 4118 1842 4175 detrimentum
1868 4118 2093 4189 peterit.

719 4236 902 4294 XLlll.
930 4266 1001 4280 -—
1027 4231 1398 4294 DOROTHEO
1436 4229 1603 4288 VIRO
1640 4227 1894 4287 CLARO.

2525 4225 2659 4281 MP.
2697 4252 2771 4266 -
2801 4225 3106 4299 Δονοοεο
3139 4225 3446 4302 mare.

1086 4351 1280 4422 Ingens
1311 4345 1624 4420 supplicium
1665 4353 1714 4400 st
1749 4342 2036 4400 tolerantia
2065 4357 2203 4413 agre
2231 4343 2390 4396 durat
2421 4340 2475 4396 in
2508 4340 2607 4395 hac
2632 4340 2755 4406 vita,
2785 4341 2876 4397 sed
2901 4341 2955 4395 in
2989 4341 3192 4411 futura.

603 4484 702 4542 ﬂic
745 4481 984 4552 quidem,
1037 4478 1124 4534 vir
1172 4477 1396 4549 optime,
1451 4474 1611 4533 simul
1651 4475 1944 4531 convenire
1993 4486 2085 4528 non

2289 4468 2553 4524 Ἐνταῦθα
2585 4471 2707 4541 μιν,
2745 4465 2790 4525 ὦ
2819 4469 3064 4542 βέλτιστε
3083 4511 3099 4538 ,
3130 4452 3228 4544 οὐχ
3253 4466 3368 4529 οἷόν
3400 4490 3462 4529 τε
3488 4476 3782 4552 ἀμφότερα

533 4585 757 4651 possunt
799 4575 990 4644 ingens
1034 4568 1362 4640 supplicium
1402 4582 1468 4624 ac
1513 4565 1811 4633 cruciatus,
1854 4574 1910 4621 et
1944 4563 2103 4620 susti-

532 4665 713 4723 nentia
753 4678 850 4720 seu
880 4659 1308 4732 perseverantia.
1355 4658 1598 4713 Alterum
1643 4656 1790 4712 enim
1819 4653 1977 4710 alteri
2016 4667 2104 4712 re.

531 4769 746 4830 pugnat,
784 4752 925 4824 quod
959 4765 1155 4820 corpus
1180 4749 1422 4805 interitui
1454 4756 1646 4804 natura
1679 4747 1751 4804 sit
1785 4746 2100 4811 obnoxium,

534 4847 726 4903 horum
779 4859 884 4899 non
935 4841 1119 4898 ferens
1167 4856 1513 4898 concursum.
1542 4841 1620 4899 ibi
1657 4856 1788 4898 vero
1826 4841 1882 4896 in
1927 4839 2098 4896 altera

535 4936 646 4990 vita
687 4932 1046 5003 perpetuitate
1080 4933 1388 4988 introducta
1422 4932 1683 5003 pttlsaque
1732 4931 2099 5001 corruptione,

539 5039 730 5096 pugna:
773 5024 900 5082 inde
957 5023 1226 5080 exsistere
1282 5030 1451 5093 potest
1508 5020 1836 5078 dissolutio:
1873 5028 1932 5075 ut
1986 5027 2100 5073 tor-

540 5125 838 5172 mentorum
904 5115 1335 5185 exsuperantiam
1390 5127 1568 5183 neque
1631 5112 1798 5168 robur
1855 5109 2100 5181 corporis

538 5208 824 5280 expellere,
854 5220 1030 5279 neque
1056 5221 1252 5277 corpus
1285 5207 1338 5262 in
1374 5205 1600 5263 nihilum
1631 5203 1802 5274 redigi
1831 5203 2024 5274 possit.

2204 4562 2551 4632 συνδραμεῖν,
2573 4562 2931 4636 σφοδρότητα
2974 4563 3120 4633 λέγω
3143 4565 3426 4637 τιμωριῶν
3461 4567 3556 4622 καὶ
3603 4586 3779 4642 παρα.

2207 4653 2396 4724 μονήν.
2429 4651 2668 4723 Θάτερον
2707 4654 2816 4726 γὰρ
2845 4652 3059 4726 θατέρῳ
3097 4654 3361 4726 πολεμεῖ,
3389 4653 3478 4710 διὰ
3505 4657 3573 4712 τὸ
3601 4661 3784 4732 φθαρ-

2205 4743 2302 4816 τὴν
2335 4740 2502 4798 οὖσαν
2528 4745 2624 4800 τοῦ
2670 4743 2924 4817 σώματος
2953 4746 3053 4818 τήν
3084 4747 3246 4817 φύσιν
3276 4746 3353 4820 μὴ
3379 4747 3572 4820 φέρειν
3600 4751 3784 4807 αὐτῶν

2204 4837 2304 4907 τὴν
2342 4834 2578 4891 σύνοδονο
2611 4838 2727 4891 ἐκεῖ
2753 4837 2809 4892 δὲ
2837 4838 2936 4908 τῆς
2974 4837 3284 4911 ἀφθαρσίας
3312 4838 3747 4913 εἰσϐιασαμένης
3765 4881 3783 4909 ,

2211 4927 2308 4981 καὶ
2339 4925 2438 4999 τὴν
2471 4928 2677 5000 φθορὰν
2714 4929 3209 5002 ἰξοστρακισάσης,
3246 4931 3343 4984 καὶ⁵
3380 4931 3414 5002 ή
3448 4931 3553 5004 τῆς
3596 4934 3782 5005 μάχης

2206 5019 2412 5090 ταύτης
2455 5021 2696 5086 διάλυσις
2739 5021 2933 5089 γένοιτ’
2977 5023 3044 5078 ἀν
3078 5023 3154 5087 ὡς
3194 5022 3294 5094 τὴν
3329 5023 3640 5098 ὑπερϐολήν
3671 5026 3784 5080 τῶν

2207 5111 2664 5184 βασανιστηρίων,
2692 5114 2830 5185 μήτε
2862 5114 2962 5185 τήν
2997 5113 3151 5185 ίσχὺν
3176 5115 3428 5184 ἐξελάσαι
3458 5117 3555 5172 τοῦ
3591 5117 3777 5190 σώμα-

2203 5219 2317 5271 τος,
2358 5204 2494 5274 μήτε
2517 5205 2578 5258 τὸ
2598 5204 2759 5276 σῶμα
2785 5208 2864 5270 εἰς
2892 5206 2954 5260 τὸ
2984 5207 3059 5278 μή
3083 5205 3143 5262 δν
3172 5208 3542 5280 παραπέμψαι

1653 5375 1888 5435 ἾΑΒΙᾹΞ
1928 5375 2307 5435 LECTIONES
2343 5376 2432 5434 ET
2469 5377 2700 5438 NOTE.

610 5533 720 5608 (62)
757 5535 1066 5608 Tbv_mntat
1112 5536 1164 5592 in
1206 5535 1308 5607 τὴν
1350 5535 1470 5608 cod.
1517 5535 1624 5608 Alt.
1664 5542 1718 5591 et
1763 5547 1904 5591 vers.
1951 5532 2089 5588 inter

546 5605 710 5672 μυιρᾶ
740 5615 792 5661 et
820 5605 959 5676 αὕτη
994 5608 1180 5663 inserit
1217 5605 1344 5677 γάρ.
1381 5607 1584 5664 I‘ossin.

2209 5604 2222 5614 .
2271 5532 2380 5604 (6'5)
2421 5531 2566 5590 Inter
2589 5535 2803 5661 ξράδιον
2827 5548 2882 5596 et
2911 5537 3091 5593 δοῦναι
3113 5539 3268 5598 codd.
3299 5537 3421 5595 Vat.
3451 5540 3558 5597 650
3583 5551 3636 5602 et
3665 5543 3776 5604 Ait.

2210 5614 2449 5661 inserunt
2479 5605 2558 5661 τό.
2619 5623 2668 5661 ο.

2210 5605 2449 5661 inserunt
2479 5605 2558 5661 τό.
2592 5605 2668 5661 In.
