3988 6454
264 377 404 450 1353

595 494 726 552 ΜΔο.
761 525 836 535 -
865 491 1140 568 rerum
1186 497 1510 570 ΔιΑκοΝᾳ.

1163 375 1701 442 EPISTOLARUM
1739 379 1888 442 LIB.
1925 374 1990 444 ν.
2041 406 2098 419 -
2134 378 2374 444 EPIST.
2415 381 2652 448 XLVII.

1875 507 1922 564 Α

3396 379 3536 446 ιδενι

2263 501 2447 559 XLIV.
2481 534 2551 548 -—
2581 500 2855 560 δείκεΝο
2897 499 3220 560 DIACONO.

1259 607 1440 668 Virtus
1466 611 1721 666 laudatur
1748 622 1797 666 et
1824 611 1986 684 alget.
2017 611 2234 685 (Confer
2257 629 2340 682 ep.
2374 612 2527 683 415.)

335 725 549 798 Ὠσπερ
601 725 790 780 πολλοὶ
833 725 942 780 τῶν
975 720 1282 797 ἀνθρώπων
1333 719 1594 797 μέγιστον
1635 723 1840 793 ἀγαθὸν

259 817 574 887 νομίζοντες
601 815 746 873 εἶναι
776 817 878 890 τὴν
922 817 1135 888 ὑγίειαν
1162 818 1257 873 τοῦ
1283 817 1557 890 σώματος,
1600 818 1663 872 ού
1693 817 1839 871 πάνυ

258 913 432 981 αὐτῆς
455 910 825 982 φροντίζουσι.
853 909 935 965 Τὰ
958 911 1072 984 γὰρ
1095 911 1230 984 ἡδέα
1255 910 1366 966 τῶν
1384 909 1678 983 ὠφελίμων
1706 925 1844 984 προ-

258 1003 570 1074 τιμῶντες,
619 1003 1053 1074 διαμαρτάνουσι
1098 1002 1341 1075 ταύτης·
1397 1001 1544 1058 οὕτω
1595 1004 1692 1057 καὶ
1742 1000 1844 1074 τὴν

255 1093 459 1168 ἀρετὴν
482 1091 851 1157 ἐπαινοῦντες,
881 1093 982 1165 τὴν
1012 1093 1130 1148 όδδν
1158 1093 1259 1166 τὴν
1286 1092 1380 1148 ἐπὶ
1404 1092 1610 1165 ταύτην
1639 1093 1841 1164 φέρου-

257 1200 359 1237 σαν
387 1183 900 1254 ἀποδιδράσκουσιν.

540 1294 676 1349 ME'.
717 1324 790 1337 -
821 1292 1173 1366 ANA'roam
1216 1296 1542 1368 ΔιΑκοΝῼ.

2022 725 2094 783 Ut
2141 726 2442 782 maximum
2483 723 2802 781 existimant
2846 725 3046 781 bonum
3078 736 3202 782 esse
3238 727 3531 783 sanitatem

1947 817 2196 887 corporis
2238 815 2484 887 plerique
2520 814 2856 880 mortalium,
2904 815 2983 872 sic
3028 829 3150 871 eam
3191 831 3300 872 non
3352 815 3532 870 admo.

1945 909 2078 964 dum
2122 921 2268 964 cum
2316 904 2540 967 habent.
2575 904 2924 963 Delectabilia
2950 905 3100 962 enim
3144 905 3368 961 utilibus
3397 917 3536 974 pra:-

1946 1000 2189 1057 i‘erentes
2229 999 2429 1056 laedunt
2463 999 2857 1056 valetudinem.
2897 998 2993 1057 Sic
3018 1007 3078 1057 et
3114 997 3374 1056 virtutem
3412 995 3537 1068 qui-

1945 1094 2069 1146 dum
2117 1092 2432 1156 laudantes,
2469 1103 2500 1144 a
2544 1089 2632 1146 via
2675 1098 2882 1158 tamen,
2912 1105 3037 1163 qum
3073 1090 3143 1147 sd
3178 1105 3303 1145 eam
3345 1087 3534 1154 ducat,

1945 1182 2219 1237 aberrant.

2129 1290 2292 1365 567
2316 1291 2481 1350 XLV.
2514 1321 2587 1337 —
2615 1287 2970 1349 ANATOLIO
3011 1288 3331 1347 DlACONO.

1210 1411 1289 1468 De
1314 1411 1448 1468 bono
1481 1413 1590 1468 cini
1621 1410 1824 1464 modice
1854 1405 2072 1476 sumpti.
2104 1404 2283 1480 (Conf.
2316 1423 2400 1477 ep.
2426 1403 2579 1480 413.)

337 1522 399 1580 Ὀ
428 1519 572 1588 οἷνος
592 1564 608 1589 ,
639 1524 688 1577 εί
719 1523 951 1597 καιρίως
983 1525 1081 1580 καὶ
1112 1525 1352 1598 μετρίως
1389 1525 1607 1598 ποθείη,
1639 1527 1735 1582 ἆτε
1765 1544 1850 1582 τι-

257 1616 490 1690 μηθεὶς,
535 1614 875 1687 εὐφροσύνης
910 1616 1084 1681 αῐτιος
1113 1615 1346 1685 γίνεται.
1388 1616 1453 1671 El
1481 1615 1539 1671 δὶ
1580 1634 1846 1691 παροινη-

2018 1520 2216 1578 Vinum
2257 1529 2562 1592 Opportune
2601 1533 2668 1577 ac
2715 1518 2999 1573 moderate
3035 1524 3334 1587 sumptum,
3375 1515 3535 1586 quasi

1943 1608 2154 1666 honore
2178 1608 2456 1677 affectum,
2487 1607 2693 1664 laetitiae
2726 1605 3131 1675 hilaritatisque
3173 1618 3339 1659 causa
3387 1605 3539 1659 exsi-

255 1707 400 1780 θείη,
447 1705 718 1785 άμύνεται
765 1706 868 1778 τὴν
916 1705 1095 1780 ὕϐριν,
1147 1706 1244 1762 καὶ
1276 1707 1433 1773 δίκας
1465 1708 1694 1764 ἀπαιτεῖ
1721 1711 1841 1775 τοὺς

1951 1701 2057 1758 stit.
2100 1700 2158 1757 Si
2191 1716 2321 1758 vero
2354 1701 2561 1773 largius
2587 1699 2892 1764 hauriatur,
2928 1698 3188 1763 inebriat,
3226 1696 3540 1752 ulciscitur-

256 1791 522 1864 ὑϐριστὰς
547 1833 564 1856 ,
594 1791 810 1861 γέλωτα
831 1794 928 1847 καὶ
960 1794 1248 1868 αἰσχύνην,
1277 1795 1376 1850 καὶ
1403 1797 1719 1870 κωμῳδίαν,
1748 1800 1841 1854 καὶ

1951 1809 2053 1864 que
2081 1791 2361 1862 iniuriam,
2400 1804 2458 1850 et
2501 1805 2693 1864 pmnas
2730 1790 3003 1861 exposcit,
3037 1805 3067 1843 ιι
3115 1788 3312 1859 quibus
3340 1788 3538 1854 injuria

257 1882 538 1955 μώλωπας
563 1885 750 1949 αὐτοῖς
779 1885 1077 1957 προξενῶν.

492 2083 676 2154 Μετ’.
729 2115 798 2128 -
832 2085 1066 2161 nam)
1105 2089 1576 2162 ΠΡΕΣΒΥΤΕΡῼ.

1946 1885 2200 1941 allectum
2239 1893 2349 1950 est,
2389 1885 2580 1949 risum,
2608 1882 3000 1954 ignominiam,
3047 1881 3536 1952 reprehensionem

1943 1986 2108 2048 atque
2136 1977 2274 2033 adeo
2300 1977 2530 2034 verbera
2559 1976 2837 2048 propinat.

2199 2089 2385 2148 XLVI.
2415 2120 2490 2132 —
2518 2087 2754 2149 PAULO
2786 2087 3270 2147 PRESBYTERO.

637 2176 854 2247 Oculos,
879 2189 935 2235 ut
966 2180 1134 2235 animi
1165 2181 1442 2252 fenestras,
1476 2183 1869 2240 custodiendos.
1909 2183 2043 2257 (Ini.
2078 2185 2232 2255 epist.
2269 2184 2358 2250 17,
2386 2176 2488 2242 291
2526 2191 2576 2240 ει
2611 2182 2716 2239 N6
2740 2198 2860 2238 cum
2889 2182 3152 2254 scholiis.)

280 2293 282 2296 ’
323 2297 401 2353 οὐ
449 2295 610 2368 μόνον
641 2295 704 2351 τδ
729 2297 890 2369 σῶμα
926 2297 1228 2368 ἀνέπαφον,
1257 2298 1394 2355 ἀλλὰ
1427 2300 1523 2355 καὶ
1551 2299 1654 2366 τὰς
1679 2300 1841 2374 βολὰς

253 2389 364 2445 τῶν
389 2388 704 2461 ὀφθαλμῶν,
735 2389 802 2455 ἃς
834 2389 1003 2462 κόρας
1033 2388 1122 2445 διὰ
1167 2389 1329 2445 τοῦτο
1353 2389 1660 2464 καλοῦμεν,
1693 2411 1840 2467 παρο

254 2481 444 2546 θίνους
474 2478 613 2536 εἶναι
645 2481 776 2555 χρὴ,
805 2483 903 2537 καὶ
927 2481 1004 2555 μὴ
1025 2481 1303 2538 πιστεύειν
1327 2482 1522 2548 αὐταῖς
1548 2485 1843 2557 ἀναισχύν-

252 2590 364 2638 τως
389 2573 488 2628 καὶ
508 2574 766 2644 ἀκρατῶς
784 2573 1069 2628 ἑστιᾶσθαι
1089 2574 1207 2639 τοῖς
1231 2572 1538 2647 ἀλλοτρίοις
1559 2576 1838 2644 κάλλεσιν,

255 2662 346 2716 ῐνα
395 2662 472 2736 μὴ
511 2663 622 2718 ἀπὸ
662 2664 765 2734 τῆς
810 2663 940 2730 θέας
968 2663 1064 2718 επὶ
1102 2663 1203 2736 τὴν
1233 2664 1435 2736 πρᾶξιν
1481 2667 1840 2738 παιδαγωγη-

255 2753 447 2811 θῶσιν.

581 2865 715 2924 MZ’.
750 2897 822 2909 —
851 2865 1153 2940 errENto
1197 2868 1520 2945 ΔιΑιςοΝᾳ.

2018 2299 2137 2358 Non
2189 2315 2387 2372 corpus
2438 2301 2600 2356 modo
2644 2298 2907 2355 intactum
2958 2311 3288 2367 purumque,
3342 2299 3437 2350 seut
3482 2305 3538 2348 οι

1947 2393 2230 2451 oculorum
2258 2394 2441 2463 jactus
2465 2391 2635 2465 (unde
2660 2401 2717 2448 et
2755 2390 2946 2463 κόρας,
2983 2390 3035 2444 id
3064 2397 3145 2444 est
3173 2387 3404 2457 puellas,
3435 2403 3536 2458 ap-

1948 2465 2212 2558 pellamus
2252 2483 2509 2556 pnpillas)
2550 2482 2790 2554 virgines
2833 2497 2929 2538 seu
2976 2490 3158 2537 castos
3187 2480 3347 2537 decet
3388 2495 3539 2550 esse,

1945 2593 2125 2649 neque
2161 2577 2481 2650 permittere
2533 2575 2807 2648 impudice
2839 2582 3003 2645 atque
3054 2574 3390 2644 impotenter
3427 2589 3538 2628 v.1-

1945 2672 2063 2742 garl
2096 2671 2148 2727 in
2174 2670 2406 2726 aliarum
2438 2669 2614 2725 forma
2642 2683 2706 2724 ac
2733 2666 3140 2738 pulchritudine
3163 2664 3495 2735 speculanda
3521 2684 3538 2734 ;

1941 2779 2017 2820 ne
2050 2779 2080 2818 a
2114 2770 2413 2832 conspectu
2450 2760 2665 2816 lubrico
2696 2758 2764 2815 ad
2799 2771 3092 2814 venereum
3141 2758 3537 2827 perducantur.

2230 2872 2438 2930 XLVII.
2471 2902 2547 2916 —
2577 2869 2880 2929 EUGENIO
2917 2868 3246 2927 DlAtZONO.

1158 2960 1417 3020 Virtutem
1450 2969 1655 3022 amanti
1696 2967 1971 3025 hominum
2019 2969 2402 3035 contemnendo
2439 2967 2641 3038 opinio.

341 3075 564 3148 Ἐπειδὴ
606 3076 714 3150 χρὴ
743 3075 853 3132 άπὸ
881 3077 994 3132 τῶν
1025 3079 1376 3150 γραμμάτων
1404 3079 1514 3135 τῶν
1541 3081 1652 3137 σῶν
1674 3100 1841 3139 κατα-

2017 3082 2469 3156 Quandoquidem
2497 3097 2529 3140 e
2561 3082 2670 3138 tuis
2708 3080 2910 3138 litteris
2948 3081 3195 3136 divinare
3234 3081 3363 3152 quid
3405 3097 3538 3138 scn-

265 3169 637 3242 στοχάσασθαι
661 3173 762 3243 τῆς
794 3169 895 3240 σῆς
917 3171 1176 3241 διανοίας,
1204 3173 1464 3244 αῖσθομαί
1497 3189 1560 3228 σε
1589 3175 1716 3239 τοὺς
1745 3175 1846 3247 μὲν

257 3265 402 3338 ὐπὶρ
428 3265 525 3336 τῆς
549 3265 750 3337 ἀρετῆς
770 3264 966 3329 πόνους
992 3265 1165 3337 ἡδέως
1192 3267 1559 3338 ὑπομένοντα,
1596 3266 1695 3321 καὶ⁸
1717 3269 1844 3333 τοὺς

255 3357 398 3429 ὑπὲρ
432 3356 603 3426 αὐτῆς
632 3357 880 3427 καρποὺς
908 3355 1179 3427 μεγάλους
1203 3353 1346 3424 εῖναι
1371 3357 1681 3427 νομίζοντα·
1711 3357 1846 3412 άθυ-

259 3448 470 3519 μοῦντα
491 3448 548 3501 δὲ
586 3446 667 3519 τῷ
697 3451 811 3511 τοῖς
840 3448 1150 3521 ἀνθρώποις
1190 3447 1511 3521 νομίζεσθαι
1534 3449 1840 3520 δυστυχεῖν,

254 3543 415 3610 ὀλίγα
456 3541 666 3614 γράψαι
708 3541 994 3612 διέγνωκα.
1039 3541 1339 3606 Δανθάνεις
1366 3541 1476 3615 γὰρ
1523 3541 1720 3596 σαυτὸν
1747 3542 1843 3596 ἐπὶ

252 3633 470 3699 τούτοις
512 3634 903 3705 δυσχεραίνων,
936 3634 1023 3704 ἐφ’
1046 3628 1128 3698 οἷς
1166 3633 1396 3705 ἥδεσθαι
1429 3634 1731 3707 προσῆκεν.
1777 3633 1842 3687 Ei.

253 3729 368 3801 γὰρ
409 3729 511 3782 οὐκ
554 3725 922 3797 ἀμφιϐάλλεις
943 3767 957 3789 ,
984 3727 1066 3782 ὅτι
1097 3727 1279 3798 μέγας
1322 3743 1404 3781 σοι
1436 3726 1650 3798 καρπὸς
1687 3726 1840 3780 ἔσται

255 3817 411 3890 παρὰ
437 3815 559 3887 Θεῷ
587 3816 690 3886 τῆς
731 3817 862 3888 περὶ
912 3815 1011 3888 τὴν
1050 3816 1253 3889 ἀρετὴν
1287 3816 1524 3882 εὐνοίας,
1564 3817 1617 3871 τί
1653 3834 1713 3872 σε
1742 3835 1839 3872 τα-

257 3910 445 3983 ράττει
477 3909 512 3979 ἠ
545 3907 656 3961 τῶν
691 3905 998 3979 ἀνθρώπων
1028 3907 1274 3974 ὑπόνοια,
1303 3910 1354 3962 εί
1378 3911 1473 3963 καὶ
1507 3909 1731 3982 δοίημεν
1755 3910 1843 3966 οὔ·

252 4017 364 4064 τως
415 4000 615 4063 αὐτοὺς
664 3999 1024 4067 ὑποπτεύεινς
1074 3999 1198 4055 Ὀτι
1241 3999 1301 4055 δὲ
1348 3999 1493 4060 οὕτω
1518 4001 1838 4073 νομίξουσι,

255 4094 434 4166 ῥᾷστα
467 4090 639 4156 δεῖξαι
680 4091 1036 4164 πειράσομαι.
1066 4092 1132 4146 Et
1164 4091 1273 4164 γὰρ
1306 4095 1400 4147 καὶ
1428 4093 1494 4147 σὺ
1527 4093 1689 4164 μόνος
1727 4093 1841 4148 τῶν

253 4183 459 4256 ἀρετὴν
487 4185 810 4255 ἠσκηκότων
841 4183 1041 4238 τοιαῦτ’
1081 4184 1315 4252 ἔπαθες,
1339 4181 1409 4256 ἦν
1441 4184 1542 4256 μὲν
1570 4186 1691 4240 οὐδὲ
1717 4186 1840 4240 τότε

252 4273 463 4344 ἀληθὴς
505 4274 538 4345 ή
595 4273 840 4328 ὑπόνοια.
883 4273 1032 4346 Πλὴν
1065 4274 1181 4329 ἀλλ’
1233 4271 1381 4346 εἶχον
1419 4276 1469 4328 oi
1510 4279 1625 4340 τοῖς
1653 4277 1841 4341 καλοῖς

253 4366 689 4436 ἀπεχθανόμενοι
731 4363 894 4419 σκιάν
922 4364 1054 4434 γοῦν
1082 4368 1487 4439 ἀναισχυντίας.
1522 4369 1586 4422 Ei
1618 4369 1676 4422 δὲ
1714 4367 1838 4422 οὕτε

253 4457 492 4530 πρῶτος,
519 4454 643 4510 οὔτε
670 4455 829 4527 μόνος
853 4455 1132 4521 τοιαύταις
1152 4463 1464 4531 συμφοραῖς
1486 4459 1838 4532 περιέπεσες,

254 4548 393 4604 ἀλλὰ
421 4547 622 4612 πάντες
655 4545 841 4618 σχεδὸν
871 4548 920 4600 οἱ
965 4548 1200 4620 ἄριστοι,
1233 4551 1293 4604 οὐ
1325 4549 1487 4621 μόνον
1517 4550 1670 4623 παρὰ
1700 4553 1838 4622 Χρι-

255 4643 512 4707 στιανοίς,
543 4639 680 4705 ἀλλ’,
729 4640 778 4694 εί
811 4641 917 4712 χρὴ
951 4642 1160 4706 πάντας
1203 4643 1540 4714 περιλαϐεῖν,
1575 4645 1670 4698 καὶ
1709 4643 1838 4698 σϐέ-

257 4747 348 4784 σαι
374 4746 470 4784 σου
499 4730 597 4800 τὴν
627 4728 889 4801 ἀθυμίαν,
921 4731 1016 4785 καὶ
1053 4733 1183 4804 παρ’
1225 4733 1499 4798 Ἰουδαίοις
1536 4734 1706 4788 πάλαι
1741 4736 1838 4789 καὶ

258 4823 506 4892 Ἕλλησι,
535 4822 630 4876 καὶ
662 4821 982 4895 βαρϐάροις,
1010 4825 1063 4877 τί
1104 4823 1318 4891 ἀλύεις;
1348 4826 1408 4878 Ei
1445 4826 1554 4897 γὰρ
1577 4827 1842 4892 κάκεῖνοι,

256 4914 446 4986 ὥσπερ
474 4914 708 4985 ἀθληταὶ
737 4916 974 4982 γενναῖοι
1016 4913 1382 4981 τυπτόμενοι,
1412 4918 1507 4970 καὶ
1537 4935 1845 4988 τραυματι-

258 5007 498 5080 ζόμενοι,
523 5008 615 5060 καὶ
637 5006 838 5078 αῐμασι
861 5007 1295 5079 καταρρεόμενοι
1315 5009 1411 5063 καὶ
1437 5009 1689 5074 θανάτοις
1718 5012 1845 5081 ὀμι-

256 5100 474 5163 λοῦντες
514 5099 840 5162 διετέλεσαν,
882 5101 936 5152 τί
986 5103 1052 5155 σὺ
1078 5104 1144 5172 τῇ
1186 5101 1398 5174 ἀθυμίᾳ
1438 5102 1846 5168 καταϐλάπτεις

259 5193 485 5260 σαυτὸν,
513 5194 610 5247 καὶ
644 5196 819 5255 ποιεῖς
860 5194 954 5247 τὸν
999 5195 1408 5266 ἀνταγωνιστὴν
1460 5195 1840 5267 ἰσχυρότερονς

259 5285 468 5340 Ταυτὺν
497 5285 606 5356 γὰρ
657 5288 830 5349 ποιεῖς
851 5328 867 5352 ,
895 5286 972 5350 ὡς
1013 5287 1078 5341 ἂν
1119 5289 1170 5340 εί
1198 5287 1417 5356 ἔλεγες,
1450 5287 1516 5340 δι’
1561 5287 1628 5358 ἢν
1665 5287 1846 5341 αἰτίαν

259 5377 448 5430 οὐδένα
479 5375 590 5430 τῶν
628 5375 840 5430 Θεατῶν
890 5377 1118 5449 πλήττει
1162 5379 1190 5431 ό
1237 5379 1682 5449 ἀνταγωνιστὴς,
1728 5378 1844 5433 ἀλλ’

260 5467 423 5523 αὐτὸν
450 5465 544 5520 τὸν
572 5468 1044 5542 ἀπογραψάμενον
1079 5469 1175 5523 καὶ
1204 5472 1284 5534 εἰς
1311 5471 1371 5524 τὸ
1397 5470 1609 5524 στάδιον
1636 5472 1844 5540 εἰσφοι-

260 5561 540 5633 “pawn;
573 5561 663 5633 Μὴ
697 5562 878 5614 τοίνυν
920 5562 1051 5615 ἄλυε
1089 5562 1321 5616 τοιαῦτα
1361 5563 1590 5632 πάσχων
1620 5557 1706 5615 οἷα
1749 5563 1847 5615 κά-

265 5653 450 5716 κεῖνοι,
488 5670 506 5704 ι
534 5645 609 5705 ὧν
631 5651 734 5706 οὒκ
754 5649 821 5725 ἦν
846 5653 994 5718 ἄξιος
1018 5655 1047 5707 ὁ
1072 5659 1296 5725 κόσμος·
1333 5675 1349 5707 ι
1375 5655 1490 5709 ἀλλ’
1520 5653 1840 5724 εὐφραίνου,

329 5807 352 5843 "
382 5806 546 5865 Hebr.
591 5823 667 5870 τι,
690 5807 780 5863 38.

595 5899 869 5960 ίέτιιοι..
915 5896 1033 5958 Gn.
1088 5896 1416 5959 LXXVIII.

1949 3177 2055 3233 tias
2092 3183 2344 3246 oportet,
2397 3173 2656 3230 existimo
2711 3184 2763 3229 te
2809 3189 2972 3238 eum,
3022 3173 3116 3244 qui
3170 3173 3386 3229 labores
3442 3189 3541 3244 pro

1948 3269 2152 3323 virtute
2185 3283 2309 3324 cum
2334 3267 2681 3338 iucunditate
2714 3267 3006 3331 sustineat,
3045 3267 3410 3337 opineturque
3452 3266 3539 3322 in-

1947 3371 2136 3432 gentes
2164 3361 2289 3416 inde
2317 3362 2529 3415 fructus
2551 3341 2843 3416 exsistere.
2870 3358 3051 3418 Pauca
3088 3376 3221 3416 vero
3249 3361 3542 3432 scripsisse

1947 3453 2349 3514 animadverto,
2383 3453 2531 3521 quod
2579 3451 2765 3508 doleas
2795 3451 3067 3508 infelicem
3115 3463 3166 3506 te
3198 3451 3267 3506 ab
3302 3453 3543 3506 homini-

1944 3541 2046 3599 bus
2081 3541 2318 3596 censeri.
2368 3537 2562 3597 Nescis
2587 3541 2734 3597 enim
2771 3550 2826 3597 te
2871 3542 2940 3597 iis
2989 3542 3257 3611 indignari
3303 3557 3369 3598 ac
3411 3559 3540 3600 suc-

1945 3649 2195 3700 censere,
2232 3648 2331 3705 pro
2364 3634 2566 3705 quibus
2609 3649 2710 3704 par
2754 3643 2873 3688 erat
2908 3635 3099 3690 laetari.
3155 3635 3212 3690 Si
3247 3635 3393 3690 enim
3431 3651 3542 3692 non

1949 3725 2179 3789 dubitas,
2237 3726 2366 3796 quin
2418 3740 2518 3795 pro
2572 3726 2754 3781 studio
2809 3726 3032 3783 virtutis
3086 3740 3345 3797 magnum
3399 3730 3542 3797 apud

1946 3816 2114 3873 Deum
2157 3827 2210 3874 te
2242 3816 2526 3886 praemium
2560 3825 2801 3883 maneat,
2844 3818 3042 3887 ecquid
3089 3819 3374 3874 hominum
3428 3829 3545 3874 tur-

1943 3907 2092 3964 baris
2120 3908 2472 3979 suspicione?
2502 3909 2613 3964 Etsi
2663 3910 2744 3965 sic
2775 3909 3026 3966 dedimus
3058 3911 3190 3980 ipsis
3227 3912 3543 3982 suspicandl

1944 4015 2160 4067 ansam,
2189 4000 2442 4072 quodque
2492 4000 2567 4056 ita
2621 4000 2882 4066 sentiant,
2919 4000 3180 4058 facillime
3227 4009 3538 4058 ostendam.

1947 4093 2004 4149 Si
2032 4093 2179 4150 enim
2224 4093 2322 4151 soli
2369 4091 2465 4149 tibi
2501 4103 2715 4157 eorum,
2763 4092 2854 4162 qui
2887 4093 3078 4148 virtuti
3127 4093 3258 4148 dant
3291 4109 3540 4164 operam,

1945 4187 1996 4241 id
2044 4186 2263 4249 accidit,
2320 4200 2426 4240 non
2477 4182 2642 4240 fuerit
2680 4197 2810 4239 vera
2861 4185 2980 4240 haec
3023 4186 3286 4256 suspicio.
3332 4183 3540 4241 Verum

1945 4277 2234 4333 habuerint
2278 4275 2628 4347 imprudentia:
2657 4276 2930 4344 umbram,
2966 4277 3058 4347 qui
3092 4278 3254 4333 rebus
3293 4278 3543 4334 honestis

1945 4370 2231 4424 invident:
2267 4383 2373 4424 non
2424 4375 2604 4422 tamen
2653 4367 2862 4438 primus
2911 4383 3086 4438 neque
3123 4369 3273 4422 solus
3325 4369 3379 4424 in
3439 4370 3540 4424 bas

1948 4462 2187 4517 incidisti
2237 4459 2616 4524 calamitates,
2672 4461 2767 4514 sed
2818 4461 3060 4530 optimus
3092 4459 3266 4515 ferme
3309 4462 3542 4533 quisque

1951 4568 2056 4608 non
2101 4554 2262 4607 modo
2297 4550 2439 4622 apud
2472 4549 2838 4616 Christianos,
2877 4550 2970 4605 sed
3007 4549 3075 4622 (si
3117 4551 3406 4622 complecti
3459 4552 3543 4607 fas

1949 4655 2036 4701 est
2065 4659 2259 4700 omnes
2290 4653 2502 4713 gentes.
2547 4651 2604 4697 et
2644 4643 2760 4698 haec
2809 4643 2902 4697 tibi
2945 4644 3113 4698 animi
3167 4648 3543 4701 consternatio

1929 4731 2034 4788 "est
2060 4731 2363 4801 eripienda)
2397 4733 2538 4801 apud
2566 4730 2784 4786 Judteos
2816 4732 2944 4787 olim
2977 4743 3032 4788 et
3061 4736 3290 4803 gentiles
3320 4751 3384 4790 ac
3413 4737 3543 4792 bar-

1949 4826 2131 4892 baros,
2161 4826 2476 4881 inciderunt
2514 4824 2690 4879 multi.
2723 4823 2798 4880 Ut
2837 4825 2966 4895 quid
3003 4841 3136 4897 ergo
3159 4829 3544 4886 contristaris?

1949 4913 2008 4969 Si
2040 4916 2188 4971 enim
2220 4915 2294 4969 illi
2333 4926 2592 4985 tanquam
2630 4915 2848 4972 athleta:
2880 4918 3133 4986 generosi
3165 4919 3337 4989 plagis
3368 4921 3544 4991 iunpo-

1948 5006 2070 5063 sitis
2092 5018 2148 5062 et
2179 5006 2469 5073 vulnerati,
2501 5006 2873 5077 sanguineque
2905 5007 3151 5079 profuso,
3177 5012 3340 5065 etiam
3365 5025 3545 5068 morte

1950 5114 2058 5153 una
2088 5101 2484 5166 occubuerunt,
2517 5109 2572 5154 tu
2611 5099 2740 5169 quid
2781 5100 2996 5154 interim
3027 5103 3194 5156 animi
3238 5105 3545 5175 obiectione

1951 5203 2003 5246 te
2047 5194 2162 5264 ipse
2216 5191 2389 5255 laedis,
2446 5192 2744 5262 reddis-que
2788 5193 3165 5248 adversarium
3217 5194 3547 5252 fortiorem?

1949 5281 2092 5337 Idem
2123 5285 2266 5338 enim
2307 5281 2440 5336 facis
2483 5297 2544 5336 ac
2586 5283 2630 5336 si
2663 5281 2874 5336 diceres
2917 5302 2930 5339 :
2965 5283 3073 5339 Cur
3117 5288 3388 5340 neminem
3423 5302 3548 5358 epe-

1950 5377 2213 5431 ctantinm
2255 5376 2599 5429 adversarius
2630 5375 2903 5440 vulnerat,
2941 5377 3032 5431 sed
3085 5376 3262 5447 ipsum
3310 5389 3545 5444 tantum,

1949 5469 2039 5537 qui
2077 5482 2272 5542 noyteu
2306 5467 2537 5531 dederit,
2577 5477 2740 5536 atque
2770 5468 2822 5521 in
2863 5469 3099 5524 stadium
3132 5473 3400 5538 prodent?
3424 5471 3549 5527 Tri-

1949 5562 2082 5613 stari
2130 5561 2313 5626 itaque
2343 5573 2495 5622 cave,
2533 5574 2594 5614 ea
2634 5561 2844 5628 patiens
2884 5574 3003 5629 qua:
3032 5565 3273 5631 perpessi
3312 5574 3441 5619 sunt
3487 5566 3542 5629 ii,

1955 5671 1970 5704 ι
2012 5652 2208 5721 quibus
2236 5651 2431 5720 dignus
2479 5667 2586 5704 non
2628 5661 2749 5706 erat
2802 5654 3034 5706 mundus
3059 5654 3116 5720 ’;
3151 5673 3169 5705 ι
3206 5655 3336 5722 quin
3369 5655 3550 5724 potius

3116 5903 3191 5965 43
