3988 6450
259 428 395 498 i365

1106 437 1642 499 EPISTULARUM
1680 441 1828 502 LIB.
1873 439 1940 501 ν.
1968 463 2033 474 -
2071 437 2311 498 EPIST.
2357 436 2592 497 LXVII.

3394 434 3534 498 1366

256 547 540 618 πολεμίῳ,
596 547 730 618 μηδὲ
763 548 830 602 τὰ
874 550 1168 621 σπέρματα
1220 550 1521 620 δεχομένῳ.
1559 552 1622 605 Εἰ
1663 553 1827 605 τοίνυι

1946 565 2083 621 Opus
2121 553 2227 619 est)
2261 548 2310 604 ei
2341 546 2435 618 qui
2468 547 2747 602 hosti-non
2777 545 2954 614 aperit
2996 555 3206 614 portas,
3234 545 3315 598 vel
3337 552 3538 600 ‘auctor

250 640 372 705 ἐξὸν
399 640 567 710 χωρὶς
610 641 938 710 συμπλοκῆς
975 641 1170 709 στῆσαι
1212 639 1273 693 τὸ
1306 642 1585 712 τρόπαιον,
1619 643 1671 695 τί
1701 643 1839 712 πρά-

249 745 437 796 γματα
475 730 660 800 σαυτῷ
700 731 961 801 παρέχεις
1003 731 1267 802 περιττάς
1324 734 1397 785 Οὐ
1431 734 1536 801 γὰρ
1581 734 1838 798 τοσοῦτος

249 819 414 891 ἰδρὼς
453 837 514 873 συ
525 821 740 890 μῢαίνει
775 824 834 874 ἐν
855 821 933 891 τῷ
972 820 1045 891 μὴ
1069 823 1201 892 ὀρᾷν
1228 863 1242 887 ,
1269 823 1393 886 ὅσος
1426 826 1484 876 έν
1520 824 1595 894 τῷ
1623 824 1837 895 δρῶντα

249 914 526 983 κρατῆσαι
551 931 564 945 ο
613 915 815 985 μᾶλλον
855 913 912 966 δὲ
938 914 1058 966 οὐδὲ
1104 914 1266 978 πόνος
1293 915 1356 968 τὸ
1390 916 1679 988 πρότερον,
1720 918 1836 972 ἀλλ’

249 1004 277 1053 6
303 1002 469 1066 πολὺς
505 1003 702 1074 μόχθος
734 1002 873 1073 μετὰ
903 1003 1001 1075 τὴν
1033 1001 1159 1056 θέαν
1187 1003 1584 1073 φύεται.’⁹οταν
1613 1003 1710 1061 οὖν
1741 1007 1835 1062 καὶ

255 1094 314 1146 τὸ
344 1094 532 1166 κέρδος
558 1094 814 1166 μέγιστον
842 1092 896 1168 ᾖ,
930 1094 1023 1148 καὶ
1044 1097 1072 1149 6
1116 1096 1276 1160 πόνος
1306 1098 1521 1169 μικρὸς,
1548 1102 1600 1152 τί
1637 1101 1838 1154 σαυτὸν

250 1187 540 1257 ὲμσάλλεις
599 1187 712 1258 (76)
756 1190 832 1252 εἰς
865 1188 927 1241 τὸ
962 1187 1332 1253 ἀδιεξόδευτον
1385 1191 1487 1260 τῆς
1541 1192 1838 1264 ἐπιθυμίας

250 1277 517 1346 πέλαγοςς
542 1279 604 1330 οὐ
627 1276 737 1348 γάρ
768 1278 1156 1350 εὐχερέστερον
1196 1279 1357 1350 μόνον
1379 1281 1407 1332 6
1439 1280 1515 1352 μὴ
1539 1280 1833 1352 θεώμενος,

247 1368 385 1421 ἀλλὰ
405 1369 499 1422 καὶ
521 1368 906 1439 καθαρώτερον
937 1370 1246 1440 περιέσται.
1263 1371 1473 1441 Ὠσπερ
1494 1372 1602 1442 γὰρ
1639 1374 1666 1425 ὀ
1688 1373 1830 1445 ὀρῶν

249 1458 392 1528 μετά
428 1459 592 1513 πόνου
622 1460 865 1524 πλείονος
896 1459 990 1514 καὶ
1031 1460 1246 1532 κηλῖδος
1267 1462 1706 1530 ἀπαλλάττεται,
1735 1465 1828 1520 ἐὰν

247 1548 362 1620 ἄρα
393 1549 684 1623 ἀπαλλαγῇ
708 1568 721 1582 ·
754 1551 926 1616 οὕτως
961 1553 990 1606 6
1021 1552 1096 1623 μὴ
1140 1552 1262 1607 ἰδὼν
1293 1555 1389 1608 καὶ
1415 1555 1513 1626 τῆς
1534 1555 1830 1627 ἐπιθυμίας

248 1642 368 1694 ἐστὶ
395 1642 657 1714 καθαρός.

513 1844 651 1912 Ξιτ.
691 1875 759 1886 —-
800 1847 1044 1919 ΟΦΕΛΙῼ
1080 1793 1560 1920 ΓΡᾸΜΜΑΤῘΚῼ.

1861 1799 1908 1858 Β

1949 659 2057 698 non
2086 652 2170 698 est
2208 640 2461 696 movendi
2487 638 2638 695 belli.
2673 637 2730 692 Si
2764 637 2929 708 igitur
2953 639 3114 694 liceat
3139 639 3258 693 sine
3277 638 3534 693 conﬂictu

1948 745 2210 804 tropzeum
2247 743 2509 796 statuere,
2535 730 2664 800 quid
2715 744 3152 798 supervacaneos
3194 731 3429 799 suscipis
3456 730 3535 784 la-

1940 825 2144 883 bores?
2175 825 2289 880 Non
2322 823 2466 879 enim
2501 832 2681 878 tantus
2711 821 2863 876 labor
2894 832 2976 876 est
3018 837 3122 876 non
3157 821 3392 876 videndo
3419 821 3536 876 tor-

1944 933 2110 981 mam,
2148 924 2385 988 quantus
2426 914 2526 978 illi,
2566 915 2620 968 iu
2668 914 2999 982 superando,
3047 912 3141 982 qui
3192 911 3374 978 videt;
3421 912 3534 966 imo

1942 1010 1995 1063 in
2033 1012 2213 1079 priore
2250 1007 2407 1062 labor
2431 1023 2535 1060 non
2569 1017 2674 1068 est,
2720 1007 2814 1060 sed
2847 1013 2967 1074 post
3004 1015 3352 1074 conspectum
3385 995 3530 1059 difli-

1943 1100 2065 1156 cilis
2094 1099 2310 1155 exsistit
2339 1098 2510 1153 labor.
2557 1096 2720 1167 573
2763 1096 2899 1151 Cum
2932 1096 3096 1166 igitur
3118 1104 3172 1151 et
3218 1095 3432 1150 lucrum
3461 1096 3533 1150 sit

1940 1193 2259 1258 triaximum,
2289 1190 2444 1247 labor
2481 1188 2646 1244 etiam
2701 1187 2953 1257 exiguus,
2989 1203 3088 1242 cur
3125 1197 3174 1242 te
3221 1188 3272 1240 in
3310 1187 3535 1257 pelagus

1936 1283 2353 1346 desideriorum,
2394 1280 2537 1349 quod
2571 1280 2781 1335 exitum
2825 1294 2931 1333 non
2969 1279 3229 1348 reperiat,
3260 1278 3538 1346 coniicis?

1935 1393 2043 1432 non
2070 1377 2215 1433 enim
2252 1383 2478 1444 superat
2513 1373 2673 1428 modo
2705 1373 2868 1429 facile
2899 1372 2990 1442 qui
3033 1387 3141 1426 non
3169 1381 3403 1440 spectat,
3437 1387 3531 1425 ve-

1936 1481 2055 1522 rum
2087 1466 2250 1519 etiam
2278 1464 2465 1532 purior
2490 1464 2722 1518 exsistit.
2751 1462 2823 1516 Ut
2855 1463 3000 1517 enim
3032 1461 3221 1516 fornae
3259 1469 3536 1530 spectator

1936 1554 2057 1626 post
2092 1555 2307 1609 labores
2337 1552 2607 1622 plurimos
2634 1567 2663 1605 a
2691 1550 2902 1605 macula
2931 1551 3220 1612 liberatur,
3246 1549 3289 1604 si
3314 1549 3532 1618 quidem

1937 1648 2200 1702 liberatur
2233 1664 2248 1700 :
2285 1646 2366 1700 sic
2394 1661 2500 1699 non
2530 1654 2785 1714 spectans
2814 1644 2986 1699 etiam
3023 1659 3054 1698 a
3085 1642 3364 1698 desiderio
3397 1642 3536 1697 liber

1937 1737 2138 1793 evadit.

2168 1849 2352 1906 LXVI.
2393 1880 2463 1891 —
2501 1847 2802 1904 OPHELIO
2835 1845 3318 1905 GRAMMATICO.

571 1956 705 2012 Non
724 1975 787 2013 ea
810 1975 1011 2030 semper
1042 1960 1195 2015 utilia
1217 1977 1336 2032 quae
1372 1963 1539 2027 nobis,
1570 1964 1662 2018 sed
1682 1980 1798 2034 qum
1832 1963 1944 2020 Deo
1975 1961 2236 2018 ridentur.
2270 1959 2492 2032 (Confer
2530 1977 2614 2031 ep.
2655 1960 2783 2028 454,
2812 1961 2965 2015 initio
2989 1970 3039 2015 et
3064 1959 3214 2030 ﬁne.)

317 2071 396 2124 Οὗ
442 2072 663 2136 πάντως
711 2072 824 2146 (77)
879 2075 949 2129 τὰ
990 2076 1257 2132 δοκοῦντα
1305 2082 1439 2152 ἡμῖν
1494 2083 1823 2155 συμφέρειν,

242 2164 418 2218 ταῦτα
449 2167 548 2220 καὶ
594 2166 879 2223 λυσιτελεῖ.
906 2170 1099 2224 Πολ)ιοί⁵
1138 2173 1248 2244 γὰρ
1287 2175 1516 2239 πολλοὺς
1543 2177 1828 2248 νενικηκό-

242 2274 357 2321 τες,
394 2259 636 2324 ὲκείνους
671 2260 770 2331 μὲν
796 2261 1040 2332 ἐσλαψαν
1073 2265 1248 2330 οὐδὲν,
1281 2268 1507 2331 ἑαυτοὺς
1536 2269 1594 2321 δὲ
1619 2269 1688 2322 τὰ
1713 2270 1829 2339 χεί-

247 2365 409 2418 ριστα
430 2349 709 2421 διέθηκανο
740 2352 820 2406 διὸ
841 2354 936 2408 καί¹
953 2354 1130 2422 ἔδοξεν
1156 2359 1366 2422 ἐκεῖνος
1391 2358 1830 2430 διημαρτηκέναι

241 2443 345 2512 τῆς
378 2444 637 2514 ἀληθείας
663 2448 692 2497 ὁ
719 2446 907 2501 εἰπών·
945 2467 963 2500 ι
1005 2450 1292 2522 Μακάριος
1329 2454 1558 2518 ἐκεῖνος,
1590 2447 1635 2521 ᾧ
1659 2454 1719 2506 τὸ
1745 2455 1832 2507 τό·

241 2531 334 2596 ξον
373 2535 776 2603 μεριμνήσειας
806 2534 835 2588 6
864 2536 1138 2608 συμφέρει
1173 2539 1286 2609 (78)
1320 2543 1525 2594 πεσεῖν.
1569 2560 1588 2594 ›
1637 2543 1833 2614 Ἐχρῆν

240 2625 375 2694 γὰρ,
403 2624 519 2693 εἴγε
548 2625 710 2694 σοφὸς
737 2621 828 2696 ἦν,
857 2629 1061 2682 εἰπεῖν·
1105 2649 1124 2681 ι
1159 2633 1448 2703 Μακάριος
1475 2634 1683 2697 ἐκεῖνος
1712 2629 1835 2703 ᾧτὸ

238 2716 397 2780 τόξον
448 2719 846 2789 μεριμνήσειας
885 2720 912 2772 ὃ
961 2723 1233 2796 συμφέρει
1295 2729 1502 2779 πεσεῖν.
1563 2747 1582 2777 ι
1639 2727 1836 2782 Πολλοὶ

240 2809 354 2879 γὰρ
382 2807 625 2878 ἐνζὴλων
655 2811 748 2862 καὶ
773 2809 1039 2882 λαμπρῶν
1077 2814 1429 2884 ἐπιτυχόντες
1467 2818 1832 2888 πραγμάτων,

240 2899 309 2950 ὲκ
349 2899 542 2954 τούτου
605 2903 685 2963 εἰς
725 2901 896 2972 χείρω
936 2905 1165 2968 ἑαυτοὺς
1211 2907 1440 2977 ἤλειψαν
1490 2911 1656 2963 κακά.
1709 2912 1836 2965 Ἐπὶ

241 2990 354 3060 γὰρ
384 2993 496 3055 τοῖς
538 2993 830 3062 προτέροις
869 2995 1082 3063 μεγάλα
1121 2999 1515 3069 φρονήσαντες,
1566 3003 1836 3073 τολμηρο-

2003 2080 2118 2135 Non
2147 2081 2404 2136 continuo
2439 2094 2562 2149 quae
2613 2079 2872 2149 prodesse
2930 2076 3088 2131 nobis
3123 2075 3400 2138 videntur,
3437 2088 3532 2129 ea-

1932 2171 2054 2226 dem
2085 2172 2380 2241 expediuut
2431 2171 2692 2240 utiliaque
2720 2177 2870 2224 sunt.
2918 2168 3071 2223 Multi
3111 2168 3256 2223 enim
3284 2181 3410 2222 cum
3453 2165 3533 2218 vi-

1934 2265 2110 2319 t‘eriut
2140 2264 2360 2328 multos,
2387 2263 2518 2317 nihil
2546 2277 2673 2318 vero
2701 2262 2821 2317 illos
2855 2262 3120 2325 laeserint,
3154 2260 3256 2316 sibi
3294 2257 3531 2328 pessime

1939 2359 2346 2414 consuluerunt.
2406 2357 2770 2424 Quamobrem
2817 2365 2868 2409 et
2918 2355 3008 2410 ille
3062 2370 3093 2408 a
3145 2352 3380 2409 veritate
3435 2352 3533 2406 ab-

1939 2465 2154 2504 errasse
2192 2448 2324 2503 mihi
2364 2448 2634 2512 videatur,
2669 2449 2762 2516 qui
2798 2448 2926 2502 olim
2961 2446 3138 2501 dixit:
3205 2465 3222 2497 ι
3248 2444 3398 2499 Felix
3443 2444 3531 2497 cui

1945 2542 2142 2605 telum,
2184 2555 2304 2593 cum
2345 2539 2491 2591 anxit
2541 2547 2594 2592 et
2631 2538 2861 2593 sollicite
2895 2537 3186 2607 cogitavit,
3223 2536 3358 2589 bene
3391 2547 3527 2588 con-

1943 2633 2058 2696 tigit
2085 2631 2331 2686 cadere.»
2377 2630 2552 2682 Aliter
2580 2632 2750 2694 enim,
2781 2630 2826 2684 si
2862 2638 3101 2698 saperet,
3138 2627 3342 2681 dixisse
3369 2639 3532 2693 opor-

1939 2725 2079 2777 tuit:
2126 2721 2380 2784 «Beatus,
2410 2721 2653 2790 inquam,
2682 2722 2766 2775 cui
2794 2721 3036 2788 jaculum
3062 2720 3220 2773 anxie
3244 2719 3528 2788 cogitanti,

1939 2815 2005 2868 ad
2044 2815 2117 2879 id,
2149 2813 2294 2882 quod
2327 2812 2427 2866 sibi
2461 2821 2542 2867 est
2573 2813 2725 2875 utile,
2761 2815 2958 2866 cadere
2988 2810 3320 2880 contingat.»
3359 2809 3535 2862 Pleri-

1939 2922 2042 2970 que
2081 2907 2224 2960 enim
2272 2904 2327 2958 in
2365 2905 2550 2959 arduis
2596 2904 2868 2974 clarisque
2898 2905 3094 2958 versati
3147 2903 3402 2974 negotiis,
3456 2917 3526 2956 ex

1939 2998 2020 3051 his
2071 2999 2121 3051 in
2174 2995 2444 3052 deteriora
2485 2995 2625 3049 mala
2687 3010 2745 3050 se
2795 2996 3155 3064 praecipitant.
3211 2993 3292 3048 Ob
3345 2995 3524 3062 priora

238 3080 418 3150 τέρως
446 3085 558 3145 τοῖς
601 3081 878 3152 δευτέροις
907 3087 1288 3158 ἐνεχείρησαν.
1329 3091 1520 3144 Πολλοί
1550 3092 1607 3144 δὲ
1635 3095 1827 3147 ἀποτυ-

1949 3103 2178 3156 namque
2207 3103 2429 3155 magnos
2458 3088 2720 3140 habentes
2762 3088 3009 3154 spiritus,
3037 3087 3326 3140 temerarie
3358 3087 3529 3154 magis

240 3171 452 3241 χόντες,
508 3176 899 3244 συμφερόντως
946 3177 1350 3248 ἐπαιδεύθησαν
1397 3185 1508 3246 τοῖς
1548 3184 1832 3252 ἀργαλεω-

240 3261 429 3325 τάτοις
499 3263 788 3334 πράγμασι
844 3264 918 3335 μὴ
966 3266 1260 3336 ἐγχειρεῖν,
1324 3269 1478 3322 Ἐπεὶ
1529 3268 1624 3324 οὖν
1657 3275 1717 3324 τὸ
1761 3274 1828 3326 τὰ

244 3355 597 3425 συμφέροντα
639 3356 840 3409 εἰδέναι
867 3373 927 3409 τε
959 3359 1054 3411 καὶ
1104 3359 1326 3425 διδόναι,
1370 3365 1435 3432 τῇ
1468 3362 1589 3433 θείᾳ
1636 3364 1829 3436 ἀνήκει

244 3446 492 3515 προνοίᾳ,
538 3445 710 3500 ταῦτα
739 3450 868 3518 παρ’
923 3448 1096 3517 αὐτῆς
1125 3451 1387 3521 αἰτῶμεν,
1449 3455 1542 3505 καὶ
1570 3445 1832 3525 διδόμενα

246 3537 591 3607 στέργωμεν,
624 3542 671 3592 εἰ
709 3541 802 3593 καὶ
836 3541 1051 3595 ἐναντία
1084 3542 1268 3614 δοκοίη
1310 3539 1470 3598 εἶναι.

461 3733 578 3786 ΞΖ’.
621 3765 686 3774 ——
728 3734 939 3787 ΗΡΩΝΙ
984 3731 1094 3806 (79)
1135 3735 1604 3808 ΠΡΕΣΒΥΤΕΡῼ.

1938 3181 2240 3246 posteriora
2277 3190 2650 3246 susceperunt.
2695 3177 2897 3232 Contra
2936 3178 3087 3231 multi
3123 3178 3282 3230 bonis
3310 3176 3526 3244 spoliati

1939 3267 2147 3320 utiliter
2170 3275 2297 3321 sunt
2328 3268 2527 3320 eruditi
2562 3265 2860 3321 difﬁciliora
2890 3283 3000 3322 non
3037 3263 3257 3336 aggredi
3287 3266 3525 3335 negotia.

1939 3356 2103 3427 Igitur
2136 3373 2255 3411 cum
2308 3371 2465 3411 nosse
2497 3357 2676 3422 utilia,
2703 3368 2757 3412 et
2794 3358 2943 3424 dare,
2987 3360 3054 3412 ad
3085 3359 3324 3412 divinam
3355 3360 3526 3428 perti-

1941 3459 2028 3503 net
2058 3450 2474 3517 providentiam,
2518 3451 2630 3504 haec
2673 3453 2738 3503 al)
2781 3450 2870 3505 illa
2911 3451 3269 3520 postulenms,
3315 3460 3371 3505 et
3400 3451 3525 3506 data

1937 3541 2075 3609 wqui
2121 3541 2356 3611 bonique
2406 3545 2791 3606 cmtsulamus,
2848 3544 3061 3597 tametsi
3131 3544 3355 3597 adversa
3407 3558 3528 3598 esse

1938 3629 2242 3684 videantur.

2160 3739 2370 3796 LXVII.
2410 3773 2476 3782 —
2531 3740 2789 3798 HERONI
2831 3743 3310 3801 PRESBYTERO.

1311 3851 1560 3904 Avaritia:
1598 3853 1894 3908 detestatio.
1942 3853 2160 3923 (Confer
2193 3873 2275 3925 ep.
2323 3858 2436 3927 55.)

318 3961 530 4030 Ὠσπερ
557 3962 583 4012 6
613 3960 697 4013 διὰ
731 3961 930 4024 παντὸς
981 3962 1173 4032 διψῶν,
1210 3964 1312 4018 κᾶν
1361 3968 1512 4037 παρά
1550 3968 1828 4038 ποταμοὺς

244 4055 340 4106 καὶ
371 4051 554 4122 πηγάς
603 4054 964 4124 κατακέηται,
1010 4058 1111 4110 οὐκ
1146 4059 1465 4130 αἰσθήσεται
1491 4063 1588 4132 τῆς
1628 4063 1826 4134 εὐφρο-

246 4144 435 4212 σύνης,
469 4143 546 4214 τῷ
584 4143 658 4214 μὴ
699 4145 958 4199 δύνασθαι
995 4148 1186 4202 σϐέσαι
1220 4150 1281 4203 τὸ
1315 4151 1484 4215 πάθος
1507 4171 1520 4183 ·
1549 4152 1696 4207 οὕτω
1725 4157 1818 4208 καὶ

241 4238 270 4288 6
287 4234 550 4287 πλειόνων
577 4236 924 4307 ὀρεγόμενος,
962 4240 1065 4293 κᾶν
1081 4240 1314 4313 ’μυρίους
1336 4243 1452 4312 ἔχει
1485 4245 1817 4316 θησαυροὺς,

240 4325 498 4378 οὐδέποτε
528 4326 722 4397 ἡδονῆς
756 4329 1095 4401 αἰσθήσεται,
1116 4331 1194 4402 τῷ
1230 4334 1304 4404 μὴ
1328 4334 1724 4405 εἰδέναικόρον.
1765 4337 1824 4389 Ὀ

2008 3966 2078 4022 Ut
2133 3968 2292 4038 plane
2334 3970 2664 4038 sitibundus,
2702 3973 2804 4028 etsi
2865 3974 2930 4026 ad
2972 3973 3191 4029 ﬂttiitina
3243 3975 3528 4046 fontesque

1937 4060 2251 4125 descendat,
2279 4077 2384 4116 nou
2417 4065 2636 4127 sentiet,
2661 4066 2760 4119 nisi
2794 4066 2938 4120 sitim
2967 4068 3136 4136 possit
3164 4069 3521 4136 restinguere,

1925 4151 2466 4220 delectationem;sic
2498 4165 2550 4209 et
2575 4157 2725 4226 plura
2755 4171 2972 4227 semper
2996 4171 3277 4228 appetens,
3306 4163 3522 4217 tametsi

1931 4244 2220 4300 thesauros
2274 4246 2472 4300 habeat
2520 4247 2786 4313 inﬁnitos,
2842 4251 3169 4320 voluptatem
3242 4269 3519 4320 nurnptam

1932 4335 2167 4399 sentiet,
2218 4349 2282 4389 eo
2315 4339 2460 4404 quod
2514 4338 2700 4392 satiari
2753 4341 2978 4394 neseiat.
3052 4340 3154 4406 Qui
3202 4357 3331 4397 veru
3379 4342 3519 4395 intra

239 4416 389 4486 δὲτῷ
415 4419 512 4486 τῆς
538 4395 723 4488 χρείας
744 4422 854 4491 ὅρῳ
877 4395 1007 4500 sisto
1031 4395 1408 4495 ἑαυτὸν-δίατη
1417 4427 1546 4498 ρῶν,
1565 4395 1823 4481 ουδέποτε

1941 4425 2069 4480 lines
2108 4427 2289 4480 utendi
2319 4469 2334 4494 ,
2372 4437 2633 4496 quantum
2663 4431 2880 4498 quidem
2934 4433 3066 4487 satis
3101 4442 3182 4486 est
3211 4474 3224 4495 ,
3273 4435 3516 4500 seipsum

242 4507 418 4576 τούτῳ
468 4510 545 4578 τῷ
586 4511 872 4584 ἀνηκέστῳ
927 4515 1197 4570 ἁλώσεται
1257 4521 1550 4588 νοσήματι,
1604 4518 1718 4572 ἀλλ’
1765 4523 1823 4572 ἐν

243 4597 486 4670 θυμηδίᾳ
536 4600 690 4653 ἔσται
738 4605 833 4656 καὶ
866 4607 1032 4676 χαρᾷ,
1081 4606 1356 4670 ἀνάλωτος
1393 4597 1608 4670 τεέοίς
1644 4608 1825 4671 ἄλλοις

244 4687 442 4741 πάθεσι
487 4690 750 4761 διαμενεῖ,
783 4687 864 4758 οἷς
892 4699 919 4748 ό
949 4697 1036 4750 ἀεὶ
1073 4698 1215 4767 ἐρῶν
1261 4697 1562 4750 ἁλίσκεται.
1596 4699 1669 4750 06
1712 4701 1818 4769 γὰρ

1931 4527 2236 4582 conservet,
2273 4521 2554 4574 incurabili
2587 4521 2686 4576 hoc
2709 4522 2900 4576 morbo
2931 4539 3205 4592 nunquam
3248 4525 3516 4592 capietur,

1932 4609 2026 4660 sed
2066 4610 2117 4660 in
2149 4609 2508 4666 delectatione
2549 4615 2656 4666 erit
2699 4623 2753 4668 et
2798 4616 3020 4682 gaudio,
3062 4625 3114 4666 et
3170 4616 3237 4668 ab
3271 4615 3395 4670 aliis
3429 4617 3516 4669 al-

1931 4699 2165 4755 fectibus
2219 4707 2515 4772 expugnari
2593 4708 2806 4761 twscius
2865 4719 3122 4762 constans
3177 4725 3520 4777 persevetat,

1345 4872 1574 4928 V'AP-Hd
1615 4876 1993 4932 LiCCTlONES
2030 4876 2116 4929 ET
2157 4877 2386 4931 NOTAE.

243 5029 391 5101 dum.
429 5027 622 5101 Statim
655 5029 724 5081 τὰ
754 5032 1044 5101 σπέρματα
1084 5034 1307 5096 retineo,
1337 5049 1454 5101 quae
1486 5035 1690 5090 Isidoro
1733 5040 1810 5091 fa-

244 5099 471 5173 miliaris
501 5112 597 5151 rex
627 5116 746 5153 cum
778 5099 1154 5166 Demosthene,
1195 5113 1254 5155 ut
1281 5099 1440 5173 epist.
1482 5105 1580 5158 iO-i
1609 5120 1658 5161 et
1693 5110 1812 5162 H7.

242 5171 484 5222 Scnorr.

312 5238 426 5304 (76)
471 5237 888 5307 Ριόᾃὲμὸάλλεις
925 5243 1076 5295 codd.
1116 5243 1230 5297 Vat.
1264 5244 1367 5299 650
1404 5253 1455 5298 et
1484 5247 1589 5298 Alt.
1617 5249 1816 5305 habent

241 5309 539 5376 ἒμῦαἱνεις.
575 5305 780 5363 Pussm.

313 5380 425 5447 (Π)
471 5377 581 5430 Huc
617 5382 848 5444 pertinet
885 5381 1056 5449 lepida
1092 5381 1298 5437 i’ltzedri
1335 5384 1507 5439 fabula
1545 5389 1610 5442 1:!
1646 5391 1734 5443 lib.
1773 5409 1811 5450 ι.

243 5449 303 5500 de
331 5463 492 5501 cervo
521 5464 602 5501 cur
641 5459 825 5504 tenues
860 5457 1021 5518 pedes
1051 5453 1500 5530 displicebant,_et
1539 5477 1662 5513 Inox
1696 5449 1813 5530 loga

245 5528 561 5594 servat-ttat;
605 5534 807 5594 cornua
845 5536 971 5594 vero
1015 5522 1324 5590 placebant,
1359 5528 1553 5594 quibus
1594 5531 1646 5582 in
1683 5522 1817 5584 silva

247 5589 406 5640 ramis
440 5588 726 5657 impeditus
763 5593 976 5658 capitur
1013 5607 1039 5642 a
1079 5588 1319 5646 trattibUs.

347 5674 626 5752 Laudatis,
663 5678 756 5752 ait,
797 5679 1011 5752 utiliora
1039 5697 1152 5748 qua!
1184 5688 1576 5752 contempseris,

347 5748 498 5815 Swpc
527 5747 627 5798 iur.
641 5749 763 5814 uiri,
804 5749 911 5802 lucc
940 5747 1131 5803 exserit
1157 5747 1414 5806 narratio.

245 5837 356 5892 ιιυκ
390 5855 484 5905 pro
516 5837 749 5910 ὲνζήλων
777 5841 892 5911 lego
924 5843 1186 5914 εὖζήλιυν.
1218 5847 1381 5916 Cujus
1409 5861 1584 5903 autem
1617 5853 1821 5921 antiqui

1926 5041 2122 5120 dictum
2176 5045 2293 5120 hoc
2325 5041 2416 5120 sit,
2469 5043 2702 5097 nondum
2746 5047 2996 5120 equidem
3052 5048 3294 5104 divinare
3339 5059 3511 5120 potui.

1926 5109 2056 5164 Aliis
2088 5113 2326 5182 lampada
2369 5113 2420 5165 in
2451 5129 2610 5166 cursu
2646 5109 2817 5167 trado'.
2856 5116 3097 5172 Seuorr.

1998 5201 2108 5284 (E8)
2155 5205 2555 5284 υτον-συμφέρει
2588 5207 2744 5284 codd.
2799 5207 2918 5261 Vat.
2966 5211 3070 5264 650
3103 5221 3154 5265 et
3185 5213 3293 5268 Alt.
3331 5218 3512 5284 legunt

1928 5271 2195 5357 βουλεται.
2247 5271 2622 5357 Ηοίιιειιιιίριιι
2672 5279 2778 5331 Alt.
2831 5295 2927 5346 pro
2973 5285 3307 5348 praecedente
3351 5271 3509 5357 μερι-

1928 5343 2191 5423 μνήσειας
2226 5346 2417 5423 scribit
2459 5343 3013 5423 papipvqstg._'_Vers.
3064 5353 3185 5405 hinc
3229 5343 3384 5412 tertio
3414 5343 3510 5423 pro

1929 5416 2323 5496 μεριμνήσειας
2371 5417 2567 5496 ἰιιξιηιιιι
2618 5421 2736 5469 eod.
2799 5417 2905 5496 All.
2959 5423 3103 5488 ponit
3161 5416 3504 5496 μερίμνησις.

1929 5482 2078 5560 Vrrs.
2129 5501 2261 5560 seq._
2293 5503 2385 5560 pro
2423 5486 2660 5560 summa
2707 5491 2803 5560 mi:
2839 5482 3108 5560 λαμξξρώλ
3154 5482 3310 5548 εἰμι’ὺό
3347 5482 3504 5549 codd.

1924 5553 2168 5634 scribunt
2217 5556 2422 5622 εζήλων
2475 5553 2566 5608 καὶ
2613 5556 2864 5627 οἰκτρῶν.
2912 5553 3078 5614 ’γι-ιε.
3133 5565 3252 5617 inde
3303 5571 3356 5630 2,
3414 5585 3506 5634 pit)

1922 5624 2293 5693 φρονήσαντες
2331 5638 2530 5694 ponunt
2563 5624 2910 5702 φρονήσεται.
2949 5633 3158 5685 l’OsstN.
3347 5624 3353 5630 ’
3405 5634 3410 5638 ’

1993 5718 2104 5794 (79)
2136 5718 2276 5794 ,Νοιι
2306 5792 2312 5794 _
2342 5722 2588 5794 ξἨριυνι,
2645 5726 2735 5778 sed
2790 5721 3030 5794 Ἱέρωνι,
3088 5728 3339 5788 ΙΙὶιςιύιιί,
3398 5734 3504 5782 Lare

1927 5789 2075 5854 epis't.
2135 5789 2445 5844 inscribitur
2503 5794 2554 5845 in
2627 5796 2779 5847 Codd.
2842 5789 3009 5850 Ϋιιιὶικ
3071 5801 3174 5853 (3.30
3240 5811 3289 5853 et
3353 5804 3505 5853 tita—

1921 5861 2072 5911 Cmsi.
2121 5863 2194 5914 ΙΙ).
