3988 6468
493 374 627 448 13Ἰ1

703 490 935 549 LXXVI.
978 523 1045 534 —
1085 489 1416 547 ASCLEPIO
1457 486 1844 545 SOPHISTE.

1664 372 1724 432 S.
1763 371 2053 432 ISIDORI
2088 367 2528 430 PELUSIOTE

3613 350 3759 421 ιτα

2458 484 2594 549 οςν.
2638 510 2704 521 -
2743 475 3096 546 Militum")
3135 470 3452 543 sonam.

1595 602 1725 668 Quis
1755 618 1869 656 vere
1894 600 2070 670 fortis.
2103 600 2319 670 (Confer
2346 598 2498 668 epist.
2535 595 2649 664 88.)

563 721 776 776 Fortem
799 733 900 789 ego
923 719 1069 773 hunc
1100 733 1288 774 revera
1314 720 1490 771 virum
1540 718 1845 787 pronuntio,
1900 730 2058 785 quem

492 824 666 881 neque
688 811 928 864 adversae
953 824 1060 874 res,
1091 825 1262 878 neque
1296 809 1533 864 hostium
1562 809 1785 863 vicerint
1826 808 2057 861 insidiae.

493 903 624 957 Cum
648 902 791 956 enim
814 901 931 970 capi
958 902 1076 955 istis
1106 901 1352 970 plerique
1380 899 1793 963 consueverint,
1820 899 1910 953 ille
1941 897 2063 969 qui-

492 990 613 1044 dem
640 991 731 1060 qui
760 991 961 1055 auxilio
984 991 1131 1043 omni
1158 991 1448 1044 destitutus
1482 988 1621 1044 vinci
1653 1004 1757 1041 nou
1794 1003 1954 1058 posse
1990 989 2061 1040 sit

493 1082 883 1149 deprehensus,
931 1080 1024 1134 sed
1063 1091 1115 1135 et
1144 1082 1248 1133 vim
1276 1079 1487 1150 egregie
1524 1078 1824 1149 perferens,
1866 1087 1922 1131 et
1974 1081 2060 1130 in-

494 1171 660 1227 sidias
683 1171 827 1225 laudi
865 1171 969 1225 sibi
997 1172 1221 1233 ducens,
1251 1186 1426 1238 neque
1469 1170 1519 1223 in
1555 1168 1781 1224 serviles
1802 1168 2062 1236 delapsus

497 1261 836 1317 adulationes
879 1278 940 1316 ac
964 1261 1276 1327 blanditias,
1305 1260 1674 1320 sublimiorem
1701 1276 1829 1315 vero
1854 1261 2062 1315 habens

494 1366 655 1420 quant
702 1352 1044 1407 insidiatores
1088 1352 1469 1421 prudentiam,
1512 1351 1671 1406 fortis
1714 1352 1801 1407 hic
1822 1354 1903 1407 vir
1932 1366 2064 1406 ceu-

494 1444 713 1506 sendus,
739 1444 783 1497 si
808 1445 951 1513 quod
1002 1444 1052 1497 in
1094 1443 1179 1498 his
1220 1442 1482 1512 judicium
1514 1458 1715 1499 meum.
1755 1442 1892 1498 Cum
1918 1444 2061 1499 enim

496 1537 548 1590 in
594 1533 853 1607 prospera
895 1538 1109 1591 fortuna
1156 1537 1460 1605 expeditius
1513 1537 1677 1591 etiam
1722 1536 1912 1592 molles
1968 1538 2063 1591 bo-

497 1628 670 1681 mines
703 1612 987 1697 prudentia
1022 1638 1263 1693 utantur,
1296 1642 1382 1683 res
1404 1638 1551 1683 certe
1576 1629 1817 1682 adversa:
1862 1628 2061 1698 probos

498 1718 778 1772 declarant
804 1720 970 1773 viros.
1012 1719 1067 1772 ln
1120 1719 1371 1775 felicibus
1409 1720 1592 1787 itaque
1638 1723 1946 1772 moderatus
1968 1718 2059 1787 qui

2255 717 2491 769 Ἐκεῖνον
2515 713 2687 776 ὅντως
2716 710 2964 779 ἀνδρεῖον
3002 705 3284 777 ὁρίζομαι,
3312 704 3372 757 δν
3396 700 3526 756 οὔτε
3555 701 3755 757 δυσκοο

2166 808 2257 861 λία
2305 805 2648 878 πραγμάτων
2679 840 2694 865 ,
2751 799 2881 854 οὔτε
2937 797 3147 871 ἐχθρῶν
3194 794 3421 869 ήλεγξεν
3468 792 3755 864 ἐπιϐουλή.

2168 900 2287 952 Τῶν
2317 899 2426 967 γὰρ
2473 894 2685 949 πολλῶν
2728 892 2834 947 ὑπὸ
2861 892 2971 944 τῶν
3007 889 3266 943 τοιούτων
3309 886 3583 940 εἰωθότων
3634 883 3758 939 ἀλί-

2170 990 2417 1053 σκεσθαι,
2436 992 2463 1043 ὁ
2489 988 2564 1059 μὴ
2585 989 2642 1040 ἐν
2664 987 2779 1049 τοῖς
2794 982 3118 1053 ἀϐουλήτοις
3141 980 3415 1043 εὐάλωτος
3451 976 3763 1049 φωραθεὶς,

2170 1083 2305 1138 ἀλλὰ
2338 1085 2432 1135 καὶ
2462 1079 2729 1151 ἐπηρείας
2764 1076 3009 1146 κοσμίως
3044 1078 3249 1145 φέρων,
3285 1073 3379 1126 καὶ
3416 1071 3584 1141 δόξης
3618 1068 3759 1122 ὑπό-

2168 1174 2317 1228 θεσιν
2357 1172 2683 1241 ποιούμενος
2708 1170 2809 1234 τὰς
2840 1166 3158 1230 ἐπιϐουλὰς,
3216 1164 3313 1219 καὶ⁸
3352 1163 3431 1235 μὴ
3461 1165 3545 1225 είς
3569 1161 3760 1215 δουλο-

2169 1268 2399 1337 πρεπεῖς
2432 1263 2906 1341 καταγιγνόμενος
2963 1259 3224 1323 θωπείας,
3271 1256 3387 1312 ἀλλ’
3420 1253 3764 1326 ὑψηλότερον

2168 1359 2276 1413 τῶν
2299 1356 2760 1411 ἐπιϐουλευόντων
2784 1353 2923 1427 ἔχων
2944 1354 3004 1406 τὸ
3037 1353 3315 1424 φρόνημα,
3331 1346 3487 1413 οὗτος
3517 1346 3763 1417 ἀνδρεῖός

2170 1454 2283 1505 ἐστι
2315 1449 2445 1520 παρ’
2478 1449 2601 1517 ἐμοὶ
2621 1450 2806 1519 κριτῇ.
2856 1444 3074 1515 Ἐπειδὴ
3116 1444 3225 1514 γὰρ
3259 1444 3319 1495 ἐν
3363 1442 3465 1512 μὲν
3520 1442 3647 1503 ταῖς
3668 1440 3763 1491 εὑ-

2169 1542 2427 1613 ημερίαις
2449 1541 2646 1610 ῥᾷστον
2673 1541 2767 1593 καὶ
2794 1542 2905 1602 τοῖς
2945 1537 3231 1607 ἀνάνδροις
3264 1535 3579 1604 φρονήματι
3624 1532 3764 1603 χρή-

2173 1630 2388 1696 σασθαι,
2439 1632 2496 1684 αἱ
2530 1628 2813 1683 δυσκολίαι
2843 1629 2900 1682 δέ
2932 1629 3058 1691 τοὺς
3097 1625 3339 1694 ἀγαθοὺς
3362 1624 3641 1694 κρίνουσι’
3670 1622 3764 1675 τὸν

2176 1724 2274 1795 μὲν
2318 1725 2376 1775 ἐν
2413 1720 2685 1793 εὐημερίᾳ
2726 1720 2968 1790 μέτριον,
3009 1720 3068 1771 ἐν
3098 1717 3157 1771 δὲ
3201 1714 3464 1785 δυσκολίᾳ
3496 1712 3765 1784 πραγμά-

498 1809 605 1873 sit,
638 1808 691 1863 in
729 1811 978 1865 adversis
1004 1826 1130 1866 vero
1170 1812 1328 1865 rebus
1373 1810 1552 1864 celsus
1598 1808 1927 1877 minimeque
1969 1810 2067 1863 ab-

2194 1830 2299 1880 των,
2340 1812 2733 1877 ἀταπείνωτον,
2797 1807 3182 1879 ἀνδρειότατον
3229 1802 3374 1861 εἶναι
3420 1804 3604 1875 ἔγωγε
3653 1802 3768 1874 ὀρί-

491 1899 701 1967 jectns,
740 1898 1098 1956 fortissimum
1142 1916 1242 1972 ego
1295 1901 1440 1955 hunc
1492 1899 1668 1951 virum
1718 1913 1917 1954 censeo
1964 1914 2066 1969 ap-

500 1988 831 2057 pellandnm.

522 2076 781 2134 LXXVII.
813 2112 886 2122 ——
919 2077 1370 2143 MABTINIANO,
1405 2077 1656 2134 ZOSIMO
1684 2088 1738 2132 et
1770 2076 2054 2134 MARONI.

2179 1904 2365 1975 ζομαι.

2287 2084 2407 2138 οΖ’.
2446 2112 2517 2124 -
2550 2079 3010 2149 ΜΔΡΤΙΝΙΔΝῼ.
3036 2052 3322 2149 ΖαειΜςι,
3361 2075 3661 2131 meum.

605 2169 864 2226 Hortatur
888 2183 941 2226 ut
966 2190 998 2226 a
1031 2172 1170 2227 vitiis
1194 2174 1448 2227 desistant
1476 2188 1494 2226 :
1523 2188 1641 2239 qum
1672 2180 1747 2245 tot
1773 2160 2045 2245 tantgque.
2079 2182 2137 2227 ut
2180 2193 2270 2231 nec
2299 2177 2398 2231 viai
2427 2178 2593 2230 verbis
2616 2175 2826 2245 quidem
2848 2174 3168 2242 exprimant,
3202 2186 3293 2225 nec
3319 2170 3518 2239 posteri
3546 2169 3654 2224 sint

1545 2242 1813 2295 credituri.
1846 2240 2067 2313 (Ganfer
2092 2249 2250 2314 epist.
2282 2247 2353 2301 55
2384 2247 2453 2301 ad
2482 2240 2749 2312 eosdem.)

573 2353 669 2415 Si,
720 2362 779 2406 ut
820 2350 1021 2417 ferunt,
1066 2353 1283 2421 quidam
1318 2342 1469 2409 valde
1519 2355 1712 2425 periti,
1756 2355 2079 2425 dicendique

502 2452 619 2499 arte
644 2443 950 2509 exercitati,
981 2458 1216 2499 vestram
1249 2461 1355 2501 non
1383 2446 1541 2502 facile
1569 2448 2076 2519 audeanttragicam

506 2535 710 2590 referre
730 2535 894 2589 vitam
926 2553 939 2589 :
989 2547 1245 2591 vereantur
1270 2542 1413 2593 enim
1453 2554 1664 2601 eorum,
1693 2541 1785 2609 qui
1833 2555 1975 2594 nunc
1997 2540 2077 2594 vi-

504 2637 658 2689 vunt,
705 2616 1202 2694 reprehensionem,
1232 2639 1285 2683 et
1329 2639 1575 2697 posteros
1617 2646 1723 2684 non
1747 2632 2073 2687 credituros.

507 2716 605 2789 (illi
631 2717 772 2771 enim
818 2716 966 2786 plura
1016 2734 1077 2773 se
1128 2719 1269 2774 scire
1322 2719 1550 2786 dicunt,
1598 2736 1757 2791 quam
1810 2723 1877 2777 de
1929 2723 2081 2777 vobis

506 2809 792 2861 enuntiare
821 2818 1027 2875 queant
1054 2825 1070 2874 ;
1126 2810 1327 2878 posteri
1356 2825 1487 2865 vero
1513 2811 1720 2864 minora
1754 2826 1848 2865 vos
1882 2811 2083 2880 ﬂagitia

506 2896 869 2962 commisisse,
912 2912 1072 2965 quam
1122 2914 1241 2965 qum
1289 2909 1603 2964 narrentur,
1650 2901 2086 2974 existimabunt),

506 3004 624 3057 quae
672 2987 788 3041 hanc
833 2987 998 3057 igitur
1023 2997 1202 3042 vestra
1253 2989 1565 3045 iucurabilis
1614 3002 1696 3045 est
1740 2993 1978 3046 amentia
2029 3000 2084 3046 et

2255 2360 2339 2422 Ei,
2367 2358 2443 2422 ὥς
2469 2356 2603 2428 φασί
2618 2372 2784 2420 τινες,
2816 2354 2938 2408 οὑδέ
2957 2355 3007 2407 οἱ
3024 2353 3144 2406 λίαν
3168 2352 3355 2415 δεινοὶ,
3377 2353 3477 2405 καὶ
3506 2352 3569 2405 τὸ
3588 2354 3770 2419 λέγειν

2182 2451 2379 2523 τέχνην
2409 2449 2787 2520 πεποιημένοι,
2822 2447 2921 2510 τὰς
2954 2446 3227 2517 ὑμετέρας
3284 2444 3491 2515 ῥᾳδίως
3526 2445 3770 2515 τολμῶσι

2185 2541 2533 2612 στηλιτεῦσαι
2556 2539 2864 2610 τραγῳδίας
2909 2534 3162 2606 (φοϐοὗντ
3177 2551 3235 2591 αι
3268 2535 3377 2605 γάρ
3402 2535 3514 2588 τῶν
3546 2536 3651 2605 μὲν
3678 2535 3769 2590 νῦν

2181 2631 2269 2685 τὸν
2306 2630 2548 2701 ἐλεγχον,
2580 2628 2691 2683 τῶν
2726 2629 2784 2682 δέ
2829 2628 3108 2697 ἐσομένων
3150 2626 3250 2696 τὴν
3297 2626 3585 2679 ἀπιστίαν.
3631 2627 3771 2689 Τοὺς
3854 2618 3855 2621 η

2184 2724 2279 2795 μὲν
2311 2723 2421 2792 γὰρ
2457 2722 2680 2775 πλείονα
2724 2719 2924 2773 ειδέναι
2966 2719 3150 2787 φασὶν,
3175 2710 3250 2771 ὧν
3294 2716 3361 2770 ἂν
3391 2719 3575 2773 εἰπεῖν
3602 2718 3765 2789 δυνη-

2182 2816 2357 2869 θεῖεν
2391 2816 2440 2867 οἱ
2485 2814 2541 2868 δὲ
2582 2813 2806 2866 ἔλαττον
2847 2812 2990 2881 ὑμᾶς
3022 2809 3346 2881 δεδρακέναι
3378 2809 3488 2863 τῶν
3534 2809 3772 2881 ῥηθησο-

2190 2908 2367 2978 μένων
2403 2904 2745 2977 ἡγήσονται),
2783 2904 2864 2967 τίς
2906 2904 2937 2973 ή
2987 2902 3287 2971 ἀνήκεστος
3315 2900 3453 2970 αὕτη
3511 2902 3707 2970 μανία,
3735 2904 3768 2972 ή

2190 3000 2608 3069 ἐκϐακχεύσασα
2642 2999 2786 3067 ὑμᾶς
2811 2994 3038 3049 τοιαῦτα
3063 2995 3285 3066 δρᾶσαι,
3313 2993 3349 3048 ἃ
3379 2993 3473 3047 καὶ
3502 2983 3772 3057 τσέτξνυνὶ

508 3078 879 3141 debaccbatio,
910 3077 1035 3131 talia
1072 3093 1164 3133 vos
1206 3091 1423 3146 patrare
1445 3081 1671 3146 scelera,
1701 3097 1819 3151 quae
1843 3093 1897 3136 et
1923 3082 2078 3139 hodie

2194 3089 2528 3151 Betvo'ro’ttov;
2558 3086 2791 3155 ἐλέγξει,
2820 3086 2914 3139 καὶ
2950 3086 3079 3149 τοὺς
3107 3086 3245 3155 μετὰ
3260 3085 3435 3138 ταῦτα
3463 3085 3769 3157 ἀπιστῆσαι

508 3170 738 3223 disertos
765 3177 992 3237 arguant
1021 3168 1242 3231 silentii,
1267 3178 1321 3223 et
1342 3170 1480 3239 apud
1506 3182 1752 3237 posteros
1780 3171 1937 3226 fidem
1969 3188 2074 3227 non

2194 3180 2595 3251 παρασκευάσει
2656 3175 2805 3249 (82);
2842 3178 2918 3230 Οὐ
2955 3176 3064 3248 γὰρ
3103 3175 3395 3230 πιστεῦσαι
3450 3175 3775 3246 ἐθελήσουσι

448 3284 451 3285 ν
511 3259 829 3313 inveniant?
868 3257 979 3313 Nec
1009 3260 1151 3312 enim
1187 3259 1343 3313 facile
1374 3260 1674 3315 utcredaut
1709 3262 1900 3316 adduci
1929 3274 2083 3332 pote-

510 3361 635 3403 ruut
680 3349 877 3414 posteri
909 3363 973 3403 ea
997 3348 1062 3402 ab
1087 3348 1393 3403 hominibus
1422 3350 1656 3405 admissa
1684 3352 1938 3418 crimina,
1965 3369 2086 3422 quae

511 3455 583 3494 ne
633 3440 879 3495 exitiales
921 3440 1137 3509 quidem
1184 3440 1451 3496 daunones
1473 3443 1808 3498 conuuittere
1834 3446 2084 3499 audeant.

512 3530 630 3583 Vivi
659 3532 801 3584 enim
829 3541 1040 3600 patrata
1059 3542 1345 3587 cernentes
1373 3533 1577 3587 scelera
1603 3534 1787 3589 dicent
1825 3534 2085 3591 inferiora

511 3619 619 3676 illis
666 3622 866 3691 tragica
907 3637 1029 3677 esse
1072 3623 1339 3676 dramata.
1378 3622 1588 3678 Posteri
1625 3639 1754 3678 vero
1781 3624 2085 3692 audientes,

513 3712 717 3781 majora
760 3713 863 3767 illis
904 3714 1310 3768 existimabunt.
1371 3715 1446 3769 Illi
1495 3716 1686 3779 verbis
1714 3718 1953 3785 potuisse
1993 3719 2084 3771 ad-

510 3804 710 3872 aquari
755 3806 1120 3858 narrationem
1164 3806 1326 3859 rebus
1372 3820 1401 3858 a
1450 3807 1602 3860 vobis
1648 3807 1876 3876 patratis
1928 3822 2089 3875 nega-

512 3898 686 3962 bunt;
728 3897 924 3963 posteri
952 3905 1130 3951 autem
1158 3907 1534 3968 exaggeratam
1588 3900 1643 3953 in
1667 3898 1945 3967 majusque
1972 3900 2053 3953 ela
2073 3928 2088 3937 ο

514 3995 625 4039 tam
647 3987 946 4043 orationem
994 3990 1433 4059 suspicabuntur.
1476 3988 1553 4043 Illi
1594 3990 1812 4059 quidem
1843 4002 2090 4047 oratores

516 4078 691 4131 victos
740 4093 860 4132 esse
912 4094 1094 4133 rerum
1152 4081 1517 4149 enormitate,
1573 4084 1774 4151 posteri
1827 4098 1956 4139 vero
2002 4101 2090 4139 su-

517 4182 738 4238 perasse
762 4168 1006 4223 oratione
1038 4169 1376 4236 judicabunt.
1430 4170 1575 4239 Illos,
1627 4174 1881 4243 inquam,
1933 4189 2093 4245 argu-

518 4267 699 4312 mento
747 4258 935 4326 victos,
984 4259 1036 4314 hi
1091 4261 1209 4330 plus
1252 4277 1406 4330 atquo
1458 4279 1543 4318 res
1602 4264 1818 4319 auxisse
1883 4265 2086 4320 dicent.

520 4348 699 4415 Quare
718 4364 838 4404 cum
867 4353 1065 4417 omnia,
1097 4369 1215 4421 quae
1238 4355 1609 4424 dicijpossunt,
1640 4371 1763 4411 cum
1786 4357 1977 4411 vestris
1999 4371 2093 4411 ex-

2187 3273 2403 3345 ραδίως,
2452 3273 2535 3324 ὃτι
2570 3269 2852 3340 ἄνθρωποι
2896 3269 3124 3322 τοιαῦτα
3155 3268 3409 3339 ἔδρασαν,
3462 3267 3501 3322 ἃ
3551 3267 3664 3321 οὐδ’
3709 3268 3772 3323 ἀν

2184 3364 2435 3432 δαίμονες
2478 3362 2747 3432 ἀλιτήριοι
2784 3361 2982 3430 δρᾶσαι
3037 3359 3364 3431 ἐτόλμησαν.
3411 3360 3476 3413 Οἱ
3532 3359 3637 3429 μὲν
3666 3357 3779 3427 γὰρ.

2188 3454 2425 3525 δρῶντες
2438 3453 2506 3507 τὰ
2527 3452 2628 3524 δρα
2636 3469 2806 3523 ματου
2815 3452 2943 3523 ργού
2952 3452 3312 3522 μενα,ήττους
3327 3450 3436 3504 τῶν
3450 3450 3773 3520 τραγῳδιῶν

2188 3548 2314 3610 τοὺς
2348 3545 2561 3615 λόγους,
2591 3546 2642 3599 οἱ
2688 3545 2734 3598 δ’
2783 3543 3138 3609 ἀκούσαντες,
3176 3542 3398 3613 μείζους
3445 3542 3769 3613 ἡγήσονται.

2190 3640 2252 3692 Οί
2294 3638 2395 3708 μὲν
2426 3637 2501 3709 μὴ
2549 3636 2871 3706 δεδυνῆσθαι
2919 3636 3020 3705 τὴν
3065 3635 3267 3706 φράσιν
3322 3633 3651 3704 ἐξισωθῆναι
3707 3634 3772 3703 τῇ

2188 3730 2386 3802 πράξει
2424 3728 2707 3800 νομιοῦσιν
2731 3744 2742 3755 '
2780 3729 2830 3782 οἱ
2875 3728 2933 3781 δὲ
2964 3725 3341 3795 ἐξωγκῶσθαι,
3388 3725 3484 3779 καλ⁵
3528 3726 3667 3795 πρὸς
3714 3723 3775 3778 τὸ

2194 3821 2375 3891 μεῖζον
2420 3817 2585 3892 ἧρθαι
2619 3820 2688 3874 τὰ
2725 3819 3072 3891 γεγενημένα
3104 3817 3496 3890 ὑπολήψονται.
3553 3818 3619 3871 Ui
3675 3816 3774 3887 μὲν

2192 3914 2456 3985 ἡττῆσθαι
2497 3914 2623 3978 τοὺς
2671 3916 2929 3986 ῥήτορας,
2978 3914 3029 3965 ol
3066 3913 3111 3965 δ’
3161 3910 3609 3982 ὑπερϐεϐηκέναι
3667 3910 3773 3981 ψη-

2193 4002 2457 4073 φιοῦνται.
2490 4003 2628 4066 Τοὺς
2653 4003 2752 4072 μὲν
2780 4003 2889 4072 γάρ
2918 4000 3149 4054 κατόπιν
3177 4000 3277 4069 τῆς
3300 3996 3614 4061 ὑποθέσεως
3640 3997 3774 4051 ὑπο-

2191 4094 2463 4164 λελεῖφθαι
2492 4094 2626 4165 (85),
2670 4094 2799 4158 τοὺς
2839 4094 2897 4147 δέ
2929 4091 3361 4163 ὑπερϐεϐηκέναι
3390 4090 3682 4162 φήσουσιν.
3709 4086 3773 4142 EI

2192 4185 2369 4239 τοίνυν
2396 4186 2573 4239 πάντα
2629 4184 2805 4257 μικρά
2848 4184 2985 4255 πρὸς
3026 4185 3123 4253 τὴν
3165 4182 3440 4253 ὑμετέραν
3485 4179 3776 4253 βδελυρίαν

2196 4276 2551 4345 φθέγξασθαι,
2601 4274 2883 4328 παύσασθε
2910 4271 3138 4326 τοιαῦτα
3164 4271 3419 4343 δρῶντες,
3444 4269 3479 4325 ἃ
3504 4272 3603 4325 ttat
3640 4271 3771 4332 τοὺς

2194 4368 2289 4421 νῦν
2320 4366 2563 4436 ἐλέγξει,
2602 4367 2697 4422 καὶ
2730 4367 2857 4429 τοὺς
2903 4362 3195 4435 ἐσομένους
3247 4361 3555 4432 ἀπιστῆσαι
3596 4377 3777 4433 παρα-

523 4442 799 4497 secraudis
822 4444 966 4499 vitiis
996 4458 1305 4516 comparata
1344 4450 1535 4517 exigua
1584 4450 1716 4514 sint,
1747 4452 2087 4506 committere
2122 4460 2163 4514 l)
2195 4461 2477 4514 σκευάσει,

526 4530 652 4585 talia
680 4532 927 4610 desinite,
952 4550 1071 4602 quae
1096 4545 1150 4592 et
1177 4548 1471 4605 przesentes
1497 4549 1743 4594 oratores
1766 4551 2015 4607 arguunt,
2042 4550 2096 4593 (rt

526 4623 664 4692 apud
700 4633 941 4689 posteros
977 4626 1131 4681 tidem
1165 4643 1268 4682 non
1303 4639 1630 4683 mereantur.

670 4732 830 4804 577
862 4733 1141 4792 LXXVIII.
1172 4766 1242 4780 —-
1273 4738 1571 4794 EUGENIO
1626 4740 1938 4798 DIACORO.

2445 4742 2569 4796 011'.
2606 4772 2677 4784 --
2714 4740 3009 4811 ΕΥΓΕΝιο
3043 4738 3157 4809 (δι)
3192 4736 3519 4808 ΔΙΑΚΟΝῼ.

529 4823 704 4895 Major
744 4828 798 4879 in
841 4828 1022 4897 futura
1063 4831 1170 4885 vita
1227 4848 1419 4888 merces
1450 4835 1545 4889 erit
1575 4837 1887 4976 eorumqgui
1919 4837 2048 4918 nihit
2100 4836 2457 4975 bogfrumsgn)
2481 4836 2577 4889 hac
2612 4836 2720 4889 vita
2766 4848 3027 4902 accepere,
3056 4841 3109 4885 ut
3139 4829 3444 4898 Harpocras
3488 4828 3763 4899 Sophiste.

1845 4924 1931 4976 ttp.
1964 4918 2113 4975 epist.
2190 4943 2219 4960 ..
2259 4917 2303 4960 et
2415 4946 2427 4959 .

1845 4924 1931 4976 up.
1964 4917 2113 4975 epist.
2149 4917 2219 4961 52
2259 4917 2303 4960 et
2340 4917 2427 4960 5'6.

602 5012 768 5080 Scito,
791 5015 991 5086 Optime
1043 5019 1143 5082 vir,
1204 5029 1345 5073 recte
1403 5031 1651 5089 agentem
1694 5023 1972 5092 przetnium
2023 5022 2075 5075 in

2262 5021 2426 5085 Ἱσθι,
2470 5013 2515 5074 ὧ
2550 5020 2809 5091 μακάριε,
2840 5018 2923 5071 ὅτι
2964 5017 3064 5071 οὐκ
3099 5017 3177 5079 είς
3211 5014 3271 5068 τὸ
3302 5014 3379 5086 μὴ
3398 5014 3587 5069 λαϐεῖν
3620 5014 3777 5083 ἀμοι-

1660 5174 1891 5231 νΑῐὶΙΛΕ
1934 5174 2316 5232 LECTIONES
2353 5174 2440 5231 ET
2481 5172 2711 5231 NOTAE.

607 5330 719 5401 (δᾶ)
752 5329 900 5402 Inter
934 5332 1339 5402 παρασκευάσει
1374 5343 1423 5385 et
1454 5333 1515 5386 οὑ
1552 5335 1664 5387 haec
1694 5330 1848 5399 plane
1878 5334 2088 5385 sincera

536 5410 592 5453 et
619 5398 627 5401 ’
655 5403 719 5454 ad
750 5398 1091 5455 ‘sententiatn
1156 5402 1460 5457 tte0essar'to
1510 5402 1792 5457 inserenda
1848 5402 2093 5468 supplent

536 5472 683 5543 codgl.
725 5471 840 5543 γίιι.
873 5472 974 5525 (550
1009 5483 1059 5522 ut
1092 5474 1217 5533 Alt.,
1245 5472 1477 5535 Τούτους
1507 5474 1603 5543 μὲν
1634 5470 1742 5539 γὰρ
1768 5470 1995 5543 ἐλέγξει,
2020 5471 2093 5533 ὡς

539 5538 615 5659 μὴ
635 5540 955 5609 δυνηθέντας
981 5543 1214 5607 ἐπαξίως
1240 5543 1336 5611 τῆς
1360 5538 1627 5611 ἡμετέρας
1648 5538 1844 5603 κακίας
1868 5542 2090 5609 cppa'toat'

570 5609 771 5659 κείνους
824 5611 878 5659 δὲ.
914 5614 1207 5659 ἀπιστῆσαι
1256 5613 1679 5659 πιοασκευάσξι.
1738 5610 1849 5659 Hm:
1878 5612 2090 5659 verbum

570 5609 771 5682 κείνους
824 5611 878 5661 δέ
914 5614 1207 5681 ἀπιστῆσαι
1256 5609 1679 5682 παρασκευάσει.
1738 5610 1849 5663 Huc
1878 5612 2094 5665 verbum

542 5676 782 5754 ultimum
836 5676 1258 5754 παρασκευάσει,
1305 5676 1541 5754 secundo
1581 5682 2087 5754 repetittti_n,_occ.t-

543 5750 744 5802 sionem
776 5750 1018 5805 mananti
1050 5753 1365 5821 tIL‘SCI'IplOi'I
1409 5750 1694 5822 praebuisse
1728 5750 1981 5806 credibile
2020 5762 2100 5805 est

2200 5333 2302 5385 hoc
2330 5344 2538 5383 comma
2571 5328 2874 5381 omittendi.
2910 5322 3125 5381 Possm.

2270 5401 2381 5470 (85)
2432 5397 2844 5466 ’Υπολελεῖφθαι
2874 5396 3033 5450 iidem
3065 5395 3218 5450 codd.
3264 5399 3475 5448 mutant
3502 5394 3555 5446 in
3583 5391 3775 5445 ἀπολι-

2198 5470 2433 5524 λεῖτοθαι.
2468 5470 2548 5523 In.

2272 5489 2817 5612 ίεὲἷῗιῦῗὲἶῌὺγενίῳ,
2849 5536 2937 5605 qui
2970 5535 3161 5612 unicus
3195 5535 3296 5612 hoc
3327 5534 3487 5612 libro,
3529 5542 3661 5601 pulo
3695 5548 3771 5612 rt:-

2203 5602 2504 5681 pnneuzlum
2541 5602 2800 5681 Εὑτονίιρ.
2836 5602 3015 5681 easta}
3041 5606 3189 5681 enim
3231 5605 3296 5681 ad
3325 5602 3774 5681 eumdempersi-

2206 5672 2346 5735 iuilis
2370 5681 2524 5745 epist.
2568 5678 2666 5731 221
2705 5672 2762 5734 et
2786 5679 2909 5731 22°}.
2960 5676 3086 5732 Vide
3116 5686 3169 5731 et
3207 5675 3363 5744 epist.
3408 5672 3497 5739 96,
3537 5676 3604 5727 ad
3630 5685 3778 5729 autn-

2207 5756 2345 5808 (lczu.
2384 5749 2626 5803 SCHOTT.
