3988 6428
167 388 309 452 1373

1045 386 1574 447 ΕΡΙΞΤΟΙΑΗῌΜ
1615 384 1758 441 1.115.
1806 383 1868 438 Υ.
1909 403 1970 413 -·’
2009 379 2242 437 Ei'iS-i'.
2287 379 2572 440 LXXXII.

3297 371 3393 434 137

162 504 284 565 εὶς,
336 502 449 554 ἀλλ’
503 503 580 564 είς
622 501 683 552 τὸ
734 499 1118 571 λαμπροτέρας
1162 499 1359 562 λαϐεῖν,
1391 501 1438 550 εξ
1472 501 1529 550 ὲν
1579 499 1742 550 πᾶσιν

1849 509 2087 562 ιιι-ωεθιιδ
2120 509 2224 546 nou
2260 492 2529 561 accipere,
2562 489 2790 558 idipsum
2821 502 2925 542 non
2960 498 3015 540 ut
3047 487 3282 552 amittat,
3331 495 3425 543 sed

163 591 606 659 εύδοκιμήσειας,
635 590 696 642 τὸ
733 589 959 659 μηδέπω
988 588 1170 640 λαϐεῖν
1206 588 1597 656 περιστήσεταί
1636 603 1738 638 σοι.

172 682 232 734 'O
268 684 368 752 μὲν
398 683 506 752 γὰρ
533 681 769 734 ἐνταῦθά
794 698 846 731 τι
881 678 1058 731 λαϐὼν
1087 677 1337 748 λαμπρόν
1357 695 1369 708 ο
1396 680 1424 731 δ
1452 678 1506 729 δὲ
1539 677 1611 748 μὴ
1645 677 1742 729 λα-

163 773 298 837 ϐὼν,
351 773 734 842 λαμπρότερον
784 755 961 823 ἐκεῖσε
1017 770 1126 832 ἕξει
1173 770 1264 823 τὸν
1317 770 1600 839 στέφανον.
1649 771 1740 840 Μὴ

161 869 368 932 τοίνυν,
409 867 438 919 ὃ
482 867 750 936 θυμηδίας
798 863 914 916 ἐστὶ
959 863 1243 934 πρόξενον,
1292 861 1452 914 τοῦτο
1505 861 1744 932 ἀθυμίας

163 977 246 1012 σοι
280 960 458 1012 αἴτιον
483 956 737 1026 γινέσθω.
787 953 874 1024 Τῷ
908 955 1005 1024 μὲν
1055 956 1163 1024 γάρ
1209 954 1444 1006 ἐνταῦθα
1474 953 1739 1022 εἰληφότι,

159 1049 393 1110 εἰκότως
452 1047 816 1115 ὑποτέμνεται
851 1047 877 1098 ὁ
909 1045 1128 1115 μισθός·
1158 1045 1236 1115 τῷ
1280 1045 1338 1098 δὲ
1382 1045 1457 1114 μῆ
1497 1043 1742 1116 είληφὸτι

158 1141 421 1211 ἀκέραιος
454 1137 612 1207 δῆλον
642 1138 725 1190 ὃτι
762 1137 1112 1205 φυλάττεται.

468 1301 584 1356 ΟΘ¹.
619 1332 689 1342 -
720 1300 1026 1370 ΚΥΡΙΛΛῼ
1062 1300 1429 1373 ΕΠΙΣΚΟΠῼ.

1853 596 1904 638 ιιι
1957 584 2356 637 muniliceutius
2434 582 2698 650 accipiat,
2742 581 3083 634 occasionem
3139 596 3280 634 esse.
3331 581 3429 646 Qui

1853 677 1996 731 enim
2055 675 2144 729 hic
2205 675 2349 743 capit
2389 674 2615 741 aliquid,
2655 673 2921 727 illustrem
2968 673 3210 741 quidem,
3252 683 3306 724 at
3339 673 3428 740 qui

1853 768 1984 822 nihil
2021 768 2308 836 receperit,
2353 765 2699 819 illustriorem
2740 764 2792 816 in
2820 763 2990 816 altera
3019 764 3127 815 vita
3173 777 3429 816 coronam

1851 869 2235 927 conseqttetur.
2272 857 2414 911 Cave
2457 857 2622 924 igitur
2678 870 2744 908 ne
2792 854 2934 922 quod
2991 853 3157 906 animi
3197 853 3430 907 delecta-

1854 951 2051 1003 tionem
2079 947 2359 1010 conciliat,
2390 948 2566 1016 pariat
2608 945 2700 998 tibi
2750 943 2926 1012 pusilli
2973 943 3142 996 animi
3188 943 3430 996 occasio-

1851 1055 1993 1093 nem.
2082 1036 2181 1091 llie
2258 1039 2403 1091 enim
2478 1035 2761 1106 recipienti
2819 1035 3013 1088 merito
3090 1034 3430 1101 iutercipitur

1847 1144 2089 1195 merces;
2119 1128 2194 1181 illi
2222 1143 2351 1180 vero
2383 1142 2487 1180 non
2521 1125 2803 1194 accipienti
2845 1126 3113 1192 integrum
3160 1123 3428 1179 asservari

1847 1221 2147 1291 prmmium,
2181 1219 2528 1274 manifestum
2572 1228 2676 1271 est.

2095 1308 2334 1364 LXXIX.
2384 1340 2457 1349 —
2489 1307 2790 1364 CYRILLO
2822 1305 3169 1363 El’lSCOPO.

917 1390 1275 1464 Eleemosynw
1302 1395 1365 1449 de
1395 1396 1541 1464 juste
1568 1401 1734 1460 partis
1769 1411 1936 1472 grata:
1970 1402 2098 1458 Deo.
2136 1402 2316 1475 (Conf.
2349 1403 2499 1471 epist.
2532 1401 2682 1471 249.)

228 1500 354 1558 Οἵδε
413 1504 631 1567 πάντως
676 1505 709 1574 η
762 1504 828 1574 σὴ
878 1504 1122 1569 σύνεσις,
1176 1505 1252 1568 ὡς
1297 1506 1419 1559 οὐδὲ
1453 1508 1514 1560 τὸ
1551 1508 1738 1562 ἄδικον

156 1600 352 1667 κέρδος
381 1599 458 1660 είς
485 1597 853 1668 ἐλεημοσύνην
882 1598 1187 1669 ἐπιτήδειον
1207 1615 1221 1628 ⁸
1254 1598 1378 1652 οὔτε
1403 1602 1435 1669 ἡ
1467 1600 1740 1669 ἀπληστία

1920 1513 2097 1568 Probe
2128 1523 2215 1567 tua
2259 1513 2411 1567 novit
2441 1513 2725 1581 prudentia
2761 1512 2974 1568 lucrum
3021 1513 3282 1581 injustum
3315 1529 3422 1566 non

1849 1605 1981 1659 satis
2020 1619 2143 1660 esse
2183 1605 2537 1675 eleemosynze
2575 1605 2850 1668 idoneum,
2902 1618 3078 1673 nt-que
3125 1604 3426 1670 ineXplebi—
3493 1608 3496 1610 ’

156 1691 267 1742 τῶν
319 1692 744 1760 οίκονομούντων
789 1689 886 1759 τὴν
949 1691 1346 1761 Πηλουσιωτῶν
1409 1692 1736 1761 Ἐκκλησίαν

1850 1696 1950 1748 lem
2003 1695 2236 1749 habendi
2289 1696 2638 1763 cupiditatem
2688 1693 3126 1762 dispensatormu
3163 1691 3423 1747 Ecclesia:

157 1782 319 1851 κόρον
354 1776 513 1833 οἶδεν.
550 1782 782 1851 ’Δρίστα
812 1776 903 1832 οὖν
933 1779 1220 1852 πράξειας,
1253 1783 1300 1833 εί
1334 1782 1599 1844 παύσειας
1629 1783 1735 1836 τῶν

155 1874 226 1926 τὰ
268 1871 702 1942 ἐκκλησιαστικά
745 1868 1088 1924 διοικούντων
1119 1874 1377 1942 χρήματα
1413 1872 1511 1935 τὰς
1545 1873 1736 1926 πλεον-

157 1965 342 2030 εξίας·
389 1967 436 2015 εί
480 1963 587 2033 γὰρ
635 1962 696 2014 τὸ
728 1963 788 2026 ἐξ
815 1963 1026 2024 ἀδικίας
1057 1963 1374 2033 πορίζεσθαι
1405 1967 1518 2026 τοῖς
1546 1964 1735 2034 δεομέ-

157 2073 266 2117 νοις
300 2055 368 2107 τὰ
415 2057 691 2122 ἀναγκαῖα
745 2055 844 2106 οὐκ
895 2054 1112 2121 εὐαγὲς,
1146 2054 1207 2106 τὸ
1239 2055 1373 2125 μηδὲ
1407 2058 1518 2118 τοῖς
1549 2057 1736 2127 δεομέ-

154 2165 267 2209 νοις
301 2146 444 2199 αύτά
483 2145 746 2217 πορίζειν,
799 2145 914 2199 ἀλλ’
950 2147 1169 2210 οίκείοις
1210 2147 1507 2218 θησαυροῖς
1542 2150 1737 2202 ἐναπο-

155 2237 379 2297 κλείειν,
435 2236 609 2305 πάντη
674 2236 1052 2303 ἐναγέστατον.
1119 2235 1557 2289 Μανθανέτωσαν
1616 2233 1731 2303 οὖν,

152 2329 234 2379 ὅτι
286 2329 382 2378 καὶ
414 2327 693 2396 διανέμειν
731 2327 1002 2394 ὀφείλουσι
1052 2327 1308 2397 καθαρῶς
1337 2331 1450 2392 τοῖς
1504 2330 1734 2400 πενομέο

153 2437 267 2483 νοις
318 2419 388 2471 τά
434 2419 658 2482 δικαίως
694 2421 965 2487 προσόντα
999 2420 1092 2471 καὶ
1138 2420 1351 2482 ἀδικίας
1381 2421 1598 2490 ἀπάσης
1631 2438 1732 2474 καο

154 2509 432 2579 θαρεύειν,
461 2510 698 2580 μάλιστα
730 2509 828 2578 μὲν
859 2509 1045 2579 ἐπειδὴ
1067 2509 1149 2579 .τῴ
1178 2512 1353 2581 Κριτῇ
1381 2511 1538 2564 τοῦτο
1566 2511 1729 2564 δοκεῖ’

151 2604 348 2655 ἔπειτα
383 2603 462 2666 δὲ,
493 2603 575 2654 ὅτι
617 2603 738 2654 οὐδὲ
769 2602 991 2654 ἐκείνων
1041 2603 1246 2666 ἕνεκεν,
1292 2598 1366 2657 ὧν
1401 2621 1534 2672 φασι
1567 2622 1731 2675 φρον-

151 2693 348 2756 τίζειν,
378 2692 813 2755 πλεονεκτοῦσιν,
847 2691 979 2744 ἀλλὰ
1008 2693 1133 2757 τοὺς
1161 2694 1393 2758 οἰκείους
1424 2695 1733 2766 θησαυροὺς

153 2785 440 2852 ἐμπλῆσαι
491 2783 821 2853 γλιχόμενοι.
881 2784 943 2836 Et
975 2783 1082 2855 γὰρ
1139 2784 1386 2847 σϐέσειας
1438 2787 1547 2838 τῶν
1600 2787 1731 2839 διοι-

154 2875 396 2926 κούντων
423 2875 521 2944 τὴν
552 2875 877 2944 ἀπληστίαν,
912 2873 1111 2945 πολλῆς
1149 2875 1515 2931 ἀπολαύονται
1545 2879 1593 2930 οἱ
1629 2879 1732 2932 πέ-

152 2981 313 3033 νητες
345 2965 649 3035 εὐετηρίας.

492 3057 573 3108 II'.
609 3087 675 3095 —
713 3055 1042 3125 ΑΡΠΟΚΡᾼ
1080 3057 1390 3128 ΣΟΦΙΣΤῌ.

1841 1787 2233 1841 l‘elusiotarum
2269 1803 2428 1857 posse
2458 1787 2666 1841 Saliari.
2712 1785 2929 1856 Optime
2979 1787 3162 1854 itaque
3206 1786 3422 1849 feceris,

1840 1876 1882 1930 si
1919 1893 2128 1942 eoi-itm,
2165 1876 2258 1944 qui
2319 1876 2572 1930 Ecclesite
2633 1877 2772 1929 bona
2823 1877 3147 1944 gubernant,
3201 1889 3422 1928 cesSare

1838 1962 2118 2015 avaritiam
2166 1979 2347 2032 cogas.
2394 1963 2450 2017 Si
2501 1965 2647 2017 enim
2701 1980 2794 2033 per
2846 1963 2999 2018 nefas
3045 1973 3199 2033 parta
3248 1977 3316 2017 ne
3369 1965 3421 2016 iu

1831 2053 2056 2121 judiciis
2109 2055 2325 2121 quidem
2373 2070 2600 2124 erogare
2655 2055 2738 2108 fas
2790 2065 2906 2119 est;
2945 2055 3214 2123 quomodo
3268 2053 3421 2108 nefas

1839 2145 2072 2198 nouerit
2103 2160 2162 2199 ea
2188 2146 2240 2198 iu
2271 2148 2506 2216 propriis
2541 2147 2813 2202 thesauris
2837 2147 3144 2216 repellere?
3181 2147 3421 2200 Decem:-

1838 2246 1924 2289 tur
1981 2236 2183 2306 itaque,
2236 2239 2454 2306 quando
2526 2253 2657 2308 pure
2709 2247 2763 2292 et
2811 2238 3041 2292 eamlide
3093 2238 3420 2307 pauperibus

1838 2329 2168 2384 distribuere
2196 2344 2259 2383 ea
2294 2330 2511 2393 debent,
2534 2345 2654 2398 quae
2679 2329 2828 2397 juste
2861 2345 2924 2384 ae
2957 2328 3193 2400 legitime
3224 2329 3416 2396 aequi-

1836 2421 2081 2483 siverint,
2137 2421 2204 2475 ab
2274 2421 2537 2490 injustitia
2604 2421 2750 2474 omni
2799 2436 2965 2490 puros
3031 2435 3089 2473 sc
3167 2419 3414 2484 reddere,

1837 2515 2071 2567 maxime
2121 2524 2245 2568 cum
2303 2511 2478 2568 Judiei
2528 2512 2688 2584 [Deo]
2746 2509 2824 2566 sic
2880 2512 3158 2582 placitum,
3205 2510 3420 2578 quando

1837 2621 2009 2672 neque
2045 2605 2252 2658 illormn
2277 2605 2472 2674 gratia,
2502 2621 2617 2673 quae
2637 2619 2830 2658 curare
2859 2619 2917 2657 se
2950 2603 3154 2665 dicunt,
3189 2600 3420 2670 amplius

1837 2697 2169 2761 possideant,
2207 2697 2299 2749 sed
2327 2695 2573 2763 quotidie
2616 2695 2730 2748 suis
2768 2694 3095 2763 impleantur
3123 2691 3414 2744 thesauris.

1839 2785 1896 2838 Si
1926 2785 2067 2837 enim
2113 2785 2530 2853 gubernantium
2568 2785 2874 2839 resecueris
2926 2782 3157 2836 habendi
3205 2780 3418 2849 Cupidi-

1842 2885 2030 2938 tatem,
2067 2874 2414 2928 emolumenti
2449 2874 2739 2942 plurimum
2769 2873 2957 2941 inopes
2996 2887 3025 2926 e
3067 2871 3419 2938 proventibus

1836 2974 2256 3110 capienbxxx.
2282 3086 2342 3096 —
2387 3053 2788 3109 ll.\ltl’OCR1E
2819 3051 3203 3110 SOPHISTAS.

718 3144 784 3198 In
824 3147 1190 3198 rutiocinando
1230 3159 1380 3200 caute
1404 3147 1689 3216 agendum,
1720 3164 1780 3199 ne
1807 3148 1998 3200 reritas
2039 3149 2172 3199 male
2215 3145 2540 3211 defendendo
2576 3146 2852 3210 prodatur.

233 3262 294 3317 '0
330 3263 429 3331 μὲν
461 3263 518 3314 ὲν
558 3262 668 3323 τοῖς
700 3261 896 3330 κομιδῆ
948 3259 1300 3328 ζητουμένοις
1327 3260 1464 3330 ἔχων
1503 3262 1728 3330 ίσχυράν

148 3353 307 3405 λύσιν
358 3353 679 3418 ἐπαγαγεῖν,
729 3350 954 3411 εἰκότως
982 3350 1042 3400 οὐ
1088 3349 1288 3402 δέδοικε
1340 3349 1728 3418 χαλεπωτέραν

149 3443 324 3496 ποιῶν
348 3443 446 3512 τὴν
477 3442 770 3495 ἀντίθεσιν.
811 3442 866 3492 Ὀ
897 3442 951 3494 δὲ
983 3442 1055 3511 μὴ
1089 3442 1248 3511 ἔχων,
1280 3440 1378 3512 τὴν
1412 3440 1466 3492 δὲ
1500 3440 1727 3509 δύναμιν

148 3535 258 3585 τῶν
284 3533 460 3600 λόγων
491 3533 546 3584 ἐν
569 3536 634 3603 τῇ
682 3532 952 3585 ἀντιθέσει
991 3533 1452 3602 ἐπιδεικνύμενος,
1482 3534 1538 3584 ἐν
1567 3533 1623 3586 δὲ
1659 3537 1722 3604 τῇ

148 3624 304 3676 λύσει
355 3622 588 3692 ἀσθενὴς
637 3625 993 3694 φαινόμενος,
1030 3624 1281 3677 λανθάνει
1339 3624 1726 3694 λαμπροτέραν

147 3715 247 3784 τὴν
296 3714 504 3766 οἰκείαν
539 3714 984 3783 ἐπιδεικνύμενος
1045 3712 1234 3784 ἧτταν.
1287 3715 1358 3767 Ού
1408 3715 1515 3784 γὰρ
1563 3717 1726 3787 exp?”

145 3806 291 3856 οὖτω
344 3805 493 3870 παρα
549 3804 644 3874 τὴν
699 3803 871 3874 ἀρχὴν
911 3803 1280 3870 ἀγωνίσασθαι
1317 3803 1408 3854 τὸν
1462 3804 1725 3872 μέλλοντα

145 3896 572 3965 ἡττηθήσεσθαι·
614 3897 812 3965 μᾶλλον
870 3896 946 3959 δὲ,
985 3898 1032 3946 εί
1077 3896 1158 3946 δεῖ
1210 3895 1468 3964 τάκριϐὲς
1529 3897 1723 3960 εἰπεῖν,

145 3986 418 4054 προδότης
469 3988 572 4054 τῆς
627 3986 882 4055 ἀληθείας
943 3987 1360 4056 φωραθήσεται,
1422 3986 1487 4038 δι’
1522 3980 1596 4038 ὧν
1627 3987 1724 4056 τὴν

143 4079 380 4146 δύναμιν
416 4078 526 4129 τῶν
587 4078 762 4142 λόγων
798 4078 896 4147 τὴν
935 4079 990 4129 ὲν
1036 4080 1100 4146 τῇ
1137 4077 1429 4142 ἀντιθέσει,
1482 4077 1583 4128 οὐκ
1627 4079 1721 4128 ὲπ-

141 4170 384 4234 εδείξατο
417 4174 472 4221 ἐν
497 4174 561 4240 τῇ
593 4170 764 4222 λύσει.

664 4263 788 4315 nx.
825 4287 890 4300 -α
931 4261 1197 4331 ΖΩΣΙΜῼ.

1907 3259 2006 3323 Qui
2051 3259 2117 3312 ad
2166 3265 2522 3326 exaggeratas
2563 3257 2890 3324 (ιιιωειῐοιιοε
2941 3257 3173 3308 validam
3245 3264 3421 3322 petest

1836 3351 2030 3404 alierre
2073 3350 2421 3412 solutionem,
2470 3349 2660 3404 merito
2713 3365 2814 3400 non
2851 3348 3057 3411 timeat,
3103 3347 3194 3416 qui
3229 3347 3417 3401 dillici-

1839 3443 2023 3494 liorem
2054 3439 2653 3508 afferatobjectionem.
2691 3437 2762 3491 At
2799 3437 3026 3490 solidam
3065 3452 3169 3491 nou
3211 3437 3417 3491 habens

1835 3533 2194 3596 solutionem,
2255 3533 2307 3584 in
2369 3531 2598 3599 objectis
2647 3545 2777 3584 vero
2835 3530 3106 3583 rationum
3168 3529 3420 3584 ostendat

1834 3638 2126 3686 momenta.
2148 3638 2201 3681 et
2233 3629 2283 3681 iu
2309 3628 2578 3682 solutione
2605 3626 2892 3680 imbecillis
2920 3635 3215 3695 appareat;
3245 3625 3421 3678 nescit

1837 3718 1978 3783 quod
2015 3717 2316 3770 diliicultati
2374 3731 2433 3770 se
2494 3716 2848 3770 succubuisse
2909 3715 3106 3769 clarius
3143 3715 3415 3768 ostendat.

1831 3807 1945 3860 Neu
1971 3809 2114 3861 enim
2159 3809 2236 3861 sic
2271 3811 2557 3876 Oportebat
2608 3822 2731 3861 eum
2764 3808 2832 3862 ab
2872 3809 3024 3862 initio
3053 3808 3410 3870 contendere,

1828 3899 1916 3964 qui
1945 3898 2155 3952 futurus
2180 3908 2299 3952 erat
2335 3897 2581 3962 inferior,
2619 3898 2700 3952 vel
2733 3899 2933 3966 potius,
2983 3899 3028 3952 si
3071 3898 3400 3966 loquendum

1831 3991 2033 4051 verius,
2087 3991 2330 4059 proditor
2387 3993 2630 4046 veritatis
2680 3991 3239 4061 comprehendendus,
3273 3989 3416 4057 quod

1831 4098 1936 4135 non
1960 4083 2152 4135 viderit
2180 4083 2229 4134 in
2256 4083 2522 4138 solutiOue
2570 4085 2676 4136 vim
2729 4083 3020 4149 rationum,
3055 4096 3173 4151 quae
3213 4081 3264 4134 in
3313 4081 3415 4134 ob-

1829 4174 2056 4242 iectione
2079 4178 2400 4246 apparebit.

2319 4265 2553 4322 LXXXI.
2577 4296 2649 4307 —
2679 4267 2954 4322 ZOSlilO.

1419 4357 1500 4409 Att
1538 4356 1772 4410 virtutem
1818 4359 2139 4413 exstimulat.

211 4466 274 4517 El
311 4464 385 4533 μὴ
440 4464 618 4533 βούλει
649 4465 822 4535 ὀνείδη
879 4482 935 4517 τε
985 4465 1149 4530 ἕξειν,
1186 4468 1280 4519 καὶ
1313 4469 1581 4537 τιμωρίας
1619 4471 1718 4536 ύφ-

1895 4471 2005 4526 Nisi
2048 4475 2234 4528 subire
2267 4475 2345 4528 vis
2376 4477 2724 4545 ignominiam
2763 4487 3062 4544 pinnasque
3097 4473 3204 4541 pati
3247 4470 3415 4540 578

140 4555 282 4618 έξειν
317 4553 378 4607 οὔ
407 4573 548 4625 φημι
601 4555 784 4607 ἐνθάδε
844 4556 1052 4623 (καίτοι
1095 4555 1154 4607 ού
1215 4555 1407 4626 μικρὸν
1440 4556 1717 4609 καὶτοῦτο

137 4647 217 4716 τῷ
271 4648 596 4717 ἐχέφρονιν,
644 4648 757 4699 ἀλλ’
797 4649 851 4698 ὲν
902 4650 1012 4710 τοῖς
1043 4649 1147 4700 εἴτε
1179 4647 1270 4700 ἐπὶ
1314 4649 1435 4716 γῆς,
1484 4647 1594 4700 εἴτε
1627 4665 1719 4700 και

138 4739 544 4806 ὁπουδηποτοῦν
578 4738 666 4788 τοῦ
698 4736 897 4799 παντὸς
928 4738 1184 4806 τυγχάνει
1210 4737 1598 4807 δικαστηρίοις,
1624 4738 1720 4807 τὴν

142 4828 420 4898 ῥαθυμίαν
451 4829 882 4898 ἀποσεισάμενος
911 4829 1034 4898 ἔχου
1065 4829 1161 4896 τῆς
1193 4829 1412 4898 ἀρετῆς.

566 4943 687 4996 HB’.
727 4973 796 4982 —-
835 4945 1285 5012 ΑΡἹἘΜΙΔΩΙᾮ.

1828 4579 1931 4616 non
1971 4565 2021 4617 in
2061 4565 2230 4618 altera
2277 4571 2434 4621 modo
2467 4568 2571 4620 vita
2605 4570 2744 4635 (quae
2777 4581 2863 4618 res
2897 4580 3027 4618 sane
3061 4577 3162 4616 non
3197 4564 3410 4629 exigua,

1829 4655 1870 4708 si
1902 4655 2060 4709 modo
2103 4657 2654 4725 prndenterjtulicas)
2710 4657 2802 4710 sed
2869 4657 2918 4710 in
2983 4656 3104 4718 bac,
3162 4656 3276 4707 sive
3311 4653 3411 4706 sub

1833 4759 1997 4813 terra,
2035 4749 2148 4802 sive
2181 4752 2234 4802 in
2268 4751 2460 4820 quovis
2491 4753 2598 4806 alio
2628 4753 2937 4818 ubicunque
2960 4747 3230 4821 .tribuuali
3252 4786 3264 4807 ,
3303 4745 3407 4807 fac,

1830 4838 1978 4905 pulsa
2015 4839 2248 4908 ignavia,
2282 4843 2466 4894 virtuti
2499 4842 2802 4896 incumbas.

2213 4953 2542 5007 LXXXII.—-
2574 4953 3044 5019 ARTEMIDORO.

145 5032 224 5086 Ea:
253 5034 450 5095 animo,
492 5051 592 5086 non
618 5051 681 5087 ea:
711 5047 888 5086 eventu
924 5051 1002 5090 res
1036 5034 1379 5088 restituamlte.
1420 5035 1579 5117 (Vide
1604 5039 1750 5117 epist.
1775 5040 1912 5117 290,
1948 5061 1999 5096 ιιι
2035 5045 2168 5117 ἱζίιαί
2201 5044 2398 5117 Pauli:
2436 5064 2452 5095 ι
2492 5043 2856 5117 Unusquisque
2894 5050 3160 5116 proprium
3188 5049 3406 5112 σει-έμὶει

1301 5109 1604 5158 mercedem.
1653 5127 1668 5158 ι
1705 5108 1728 5160 Ι
1765 5110 1888 5165 Cur.
1932 5131 2012 5176 ιιι,
2051 5116 2084 5169 8
2115 5125 2162 5167 et
2206 5114 2316 5185 14.)

219 5197 278 5249 Ὀ
329 5197 504 5249 πάντα
545 5197 612 5249 τὰ
645 5199 723 5260 είς
767 5196 929 5250 αὑτὸν
973 5198 1174 5267 ἥκοντα
1212 5198 1504 5267 πληρώσας
1539 5202 1614 5261 εἰς
1655 5202 1715 5252 τὸ

141 5289 346 5348 πεῖσαι,
390 5285 485 5337 καὶ
527 5287 600 5357 μὴ
649 5287 862 5351 πείσας,
922 5289 996 5352 ὡς
1024 5289 1228 5352 ἀνύσας
1275 5291 1480 5353 δίκαιος
1518 5290 1584 5342 ἂν
1631 5294 1712 5362 εἴη

141 5377 551 5449 θαυμάζεσθαι·
600 5381 852 5432 τοσοῦτον
902 5383 1095 5451 ἀπέχει
1127 5383 1218 5435 τοῦ
1275 5383 1532 5453 μέμψεως
1565 5385 1714 5449 ἄξιος

1466 5477 1488 5496 ρ.

141 5467 298 5523 εἶναι.
352 5471 413 5522 El
444 5472 499 5522 δὲ
548 5471 858 5540 θαυμαστὸν
909 5471 1048 5528 εἷναί
1099 5493 1178 5528 σοι
1213 5477 1371 5528 τοῦτο
1400 5477 1562 5539 δόξει,
1600 5481 1717 5530 ἐπι-

139 5566 419 5634 ψηφιεῖται
449 5563 558 5631 (83)
590 5567 617 5616 ὁ
662 5566 868 5629 Παῦλος
913 5569 1163 5636 φάσκων·
1205 5589 1221 5620 ι
1265 5571 1528 5634 Ἕκαστος
1555 5572 1608 5624 δὲ
1631 5573 1718 5624 τὸν

1894 5207 1994 5273 Qui
2031 5209 2172 5280 quod
2204 5209 2256 5260 in
2308 5208 2424 5274 ipso
2464 5217 2567 5269 e5t,
2598 5207 2778 5260 omnia
2821 5208 3137 5274 exsequitur
3181 5219 3238 5259 ut
3284 5222 3406 5274 per-

1824 5301 2069 5364 suadeat,
2128 5317 2231 5354 non
2283 5298 2572 5368 persuadet
2623 5309 2825 5362 tamen,
2889 5309 3096 5351 tantum
3157 5300 3310 5351 abest
3351 5309 3407 5350 ut

1825 5394 2247 5461 reprehensione
2283 5392 2766 5462 videatut-dignus,
2810 5402 2861 5444 ut
2887 5392 3063 5444 omnis
3094 5392 3162 5444 sit
3185 5406 3401 5459 expets.

1830 5485 1936 5537 Idsi
1960 5486 2090 5537 mire
2110 5487 2308 5538 dictum
2333 5485 2427 5538 tibi
2453 5485 2715 5548 videatur,
2741 5483 3006 5538 calculum
3028 5483 3188 5538 addet
3216 5483 3406 5537 beatus

1827 5575 2023 5629 Paulus
2047 5577 2232 5630 dicens
2259 5596 2267 5628 :
2298 5596 2314 5627 ‹
2351 5576 2727 5647 Unusquisque
2753 5577 3058 5632 mercedem
3080 5592 3228 5631 suam
3257 5575 3404 5628 acc-iu

1231 5700 1462 5753 VARlzl‘l
1500 5701 1881 5757 l.l-I(Z'l‘iONES
1923 5703 2010 5757 ΕΤ
2050 5703 2279 5758 NOTAE.

215 5808 326 5881 (35)
379 5809 779 5882 'Em'ith'ﬂaint
813 5816 964 5871 Codd.
1012 5816 1128 5873 Vat,
1156 5829 1206 5872 et
1244 5820 1346 5875 Mt.
1385 5819 1619 5873 llt'e\ltllll
1659 5821 1706 5874 in

1844 5821 2051 5890 Arne-.21
2092 5822 2296 5878 Possm-
