3992 6486
149 341 298 465 tam

637 517 758 570 Ρθι.
789 547 859 558 -
893 511 1236 583 summa.

1115 392 1654 461 EPISTOLARUM
1686 391 1834 451 LIB.
1867 391 1934 452 V.
1979 413 2049 424 -ο
2089 385 2328 448 EPIST.
2373 382 2556 442 CXII.

3289 368 3423 435 1390

2298 494 2436 550 CIX.
2469 522 2536 532 —-
2576 485 2958 543 PlllLETBIO.

1053 631 1256 675 Virtute
1289 620 1516 689 insignes
1543 613 1805 670 imitandi.
1838 609 1995 678 Conf.
2022 610 2174 680 epist.
2203 606 2325 673 186,
2365 606 2540 660 initio.

236 744 300 799 Oi
328 743 449 798 κατ’
485 739 688 813 ἀρετὴν
722 737 1008 808 κράτιστοι
1030 736 1206 800 ὅντες,
1238 735 1336 789 καὶ
1361 733 1431 788 δι’
1464 730 1748 786 εὐσέϐειαν

166 831 569 908 ὖπερφὲροντες
592 831 690 886 καὶ
709 830 979 900 έγκριτοι,
1005 827 1102 882 καὶ
1127 825 1382 880 τοσοῦτον
1406 823 1531 886 τοὺς
1555 820 1749 882 ἄλλους

169 927 612 1000 ὑπερδειίνοντες,
635 923 776 976 ’ὅσον
818 924 848 974 6
877 919 1156 990 ἑωσφόρος
1189 919 1315 981 τοὺς
1363 915 1555 976 ἄλλους
1585 911 1745 967 ἀστέ-

169 1037 289 1092 ρας,
339 1012 485 1071 οὗτοι
523 1013 816 1085 φωστῆρες
853 1013 919 1066 ἂν
945 1010 1172 1073 εἰκότως
1210 1005 1631 1092 χρηματίζοιεν,
1672 1001 1747 1073 μὴ

169 1086 328 1181 μόνον
353 1107 579 1170 ἑαυτοὺς
602 1107 685 1170 εις
716 1103 984 1173 τοσαύτην
1012 1099 1381 1170 ἀναγαγόντες
1404 1086 1581 1164 ἀξίαν,
1606 1091 1745 1148 ἀλλὰ

167 1202 262 1255 καὶ
289 1200 417 1261 τοὺς
449 1196 863 1268 τυφλώττόντας
906 1193 1254 1262 φωτίζοντες,
1291 1189 1385 1245 καὶ
1413 1190 1492 1252 είς
1521 1187 1620 1257 τὴν
1645 1185 1743 1257 τῆς

163 1289 366 1359 ἀρετῆς
408 1286 876 1359 χειραγωγοῦντες
924 1283 1232 1354 περιωπήν.
1277 1278 1514 1341 Τούτους
1561 1275 1742 1329 τοίνυν

167 1381 354 1449 ζήλου,
391 1381 483 1433 καὶ
522 1379 597 1450 μὴ
622 1379 750 1442 τοὺς
776 1378 954 1431 πάντα
984 1371 1298 1440 ποιοῦνταςς
1323 1372 1471 1435 ὅπως
1499 1367 1740 1429 καὶτοὺς

159 1470 405 1541 ὑρῶντας
434 1471 754 1524 σκοτίσοιενι

500 1560 601 1615 Pl'.
632 1589 703 1602 —
728 1556 1057 1630 annuum
1096 1553 1404 1627 ΣοΦιΣτιςι.

1919 724 2020 793 Qui
2053 725 2250 779 virtute
2275 729 2533 792 praestant
2566 731 2629 774 ac
2656 719 2858 789 pietate
2888 713 3237 782 antecellunt,
3273 722 3426 767 ειμι-ιι

1845 831 2065 872 omnem
2096 813 2281 885 iudicii
2316 823 2443 868 sunt
2472 812 2666 875 aleam,
2694 819 3007 878 tantumque
3035 807 3246 862 caeteris
3273 816 3429 860 ante-

1847 919 2012 974 eunt,
2047 915 2308 978 quantum
2364 903 2576 960 caeteris
2620 901 2792 957 stellis
2821 899 3037 956 excellit
3086 898 3430 969 phosphorus

1847 1000 2118 1065 claritate,
2151 1007 2212 1052 ut
2243 996 2300 1052 hi
2333 997 2528 1051 merito
2577 993 2746 1048 stellze
2777 990 3036 1061 appellari
3077 997 3299 1060 queant,
3340 1002 3428 1043 se-

1850 1091 1997 1162 ipsos
2025 1105 2130 1144 non
2162 1087 2324 1142 modo
2363 1100 2428 1140 eo
2457 1085 2818 1154 provehentes
2853 1081 3181 1151 dignationis
3201 1110 3219 1144 ι
3251 1079 3345 1135 sed
3377 1087 3432 1133 et

1848 1181 2012 1237 caecis
2031 1180 2212 1234 lumen
2231 1177 2550 1238 allucentes,
2575 1182 2631 1228 et
2650 1173 2703 1227 in
2726 1171 2942 1226 virtutis
2966 1168 3240 1240 speculam
3269 1181 3429 1222 manu

1845 1272 2123 1326 ducentes.
2159 1267 2270 1323 Hos
2313 1268 2493 1336 itaque
2525 1265 2760 1328 imitare,
2793 1277 2899 1317 non
2928 1275 3044 1325 eos,
3088 1258 3185 1330 qui
3233 1266 3427 1314 cuncta

1853 1360 1933 1416 sic
1963 1366 2155 1432 agunt,
2197 1367 2254 1412 ut
2284 1368 2337 1413 et
2381 1358 2630 1412 videntes
2658 1368 2938 1410 exctecare
2970 1352 3203 1423 possint.

2101 1539 2210 1594 CX.
2249 1569 2320 1580 --
2355 1534 2754 1594 llARPOCRAS
2787 1526 3175 1592 SOPHISTE.

873 1649 1002 1717 Quis
1028 1623 1242 1718 sapiens
1272 1623 1479 1714 proprie
1508 1659 1570 1696 ac
1598 1642 1761 1695 bonas
1790 1636 2062 1693 dicendus.
2090 1623 2248 1703 Conf.
2281 1632 2430 1701 epist.
2456 1631 2584 1686 264‘.

239 1764 443 1833 Σοφοὺς
468 1762 644 1831 ἔγωγε
688 1761 964 1836 ὁρίζομαι,
995 1761 1074 1833 (οὐ
1122 1760 1230 1830 γὰρ
1267 1756 1562 1830 νομεθετῶ,
1599 1754 1737 1810 ἀλλά

1913 1749 2196 1817 Sapientes
2234 1745 2449 1816 quidem
2496 1738 2595 1798 hos
2648 1739 2989 1814 appellavero
3048 1738 3222 1811 (nihil
3258 1748 3433 1792 tamen

117 1859 122 1866 ”
165 1855 391 1925 γνώμην
459 1853 867 1924 ἀποφαίνομαι)
918 1853 1045 1915 τοὺς
1102 1851 1210 1903 τῶν
1259 1849 1462 1920 νοερῶν
1521 1848 1743 1920 ἀρεταῖς

164 1945 640 2013 κεκοσμημένους,
669 1938 771 1995 οἶοι
815 1939 957 2012 ἦσαν
989 1943 1038 1994 οἱ
1075 1942 1233 2009 λόγον
1271 1940 1486 2010 ἔχοντες
1527 1939 1623 1992 καὶ
1658 1955 1748 1991 σου

164 2033 294 2102 φίαν
340 2033 630 2101 γνώσεως’
679 2031 917 2100 ἀγαθοὺς
963 2032 1044 2095 δὲ,
1076 2031 1203 2094 τοὺς
1237 2034 1355 2094 ταῖς
1407 2029 1559 2099 παρά
1585 2043 1745 2082 τινων

163 2116 532 2191 καλουμέναις
560 2121 797 2190 ἀλόγοις.
833 2118 949 2175 Oiei.
975 2117 1117 2193 ἦσαν
1148 2122 1194 2173 οί
1224 2121 1387 2188 σοφὸν
1431 2120 1530 2190 μὲν
1569 2121 1746 2172 εἰπεῖν

162 2215 319 2267 οὐδὲν
343 2214 655 2284 δυνάμενοι,
685 2213 774 2266 διὰ
819 2213 874 2265 δὲ.
905 2212 1002 2280 τῆς
1040 2213 1268 2282 ἀρίστης
1307 2210 1580 2272 πολιτείας
1619 2209 1746 2270 τοὺς

162 2305 478 2374 θεωμένους
516 2304 896 2369 παιδεύοντες
940 2298 1018 2357 ὧν
1059 2305 1092 2374 ἡ
1139 2303 1266 2371 σιγὴ
1309 2302 1402 2354 τοῦ
1450 2301 1609 2369 λόγου
1650 2300 1746 2353 τοῦ

1849 1837 2170 1910 prajudico,
2194 1837 2287 1892 sed
2317 1834 2641 1891 sententiam
2681 1831 2894 1903 profero
2925 1832 3123 1890 meam)
3158 1830 3246 1898 qui
3279 1829 3436 1884 intel-

1850 1933 2021 1987 lectus
2062 1929 2354 1984 virtutibus
2385 1940 2515 1982 sunt
2547 1929 2760 1992 ornati,
2795 1927 2982 1996 quales
3012 1934 3138 1980 sunt
3161 1965 3176 1989 ,
3219 1923 3308 1993 qui
3361 1940 3437 1975 ra-

1852 2022 1983 2076 tioni
2013 2019 2402 2075 convenienter
2425 2020 2650 2085 vivunt,
2677 2018 2876 2087 quique
2914 2028 3092 2070 rerum
3122 2015 3437 2086 'COgnitione

1853 2113 2230 2183 sapientiaque
2258 2112 2465 2180 praediti
2495 2118 2638 2165 sunt.
2678 2109 2856 2164 Bonos
2899 2121 3030 2162 vero
3065 2103 3278 2170 dixero,
3303 2108 3396 2175 qui
3423 2145 3439 2171 ,

1856 2219 1975 2274 qua:
2004 2203 2198 2257 rationi
2230 2211 2592 2257 consentanea
2625 2216 2727 2255 non
2768 2210 2916 2265 sunt,
2950 2215 3044 2255 seu
3071 2215 3180 2254 non
3212 2198 3443 2252 rationao

1856 2298 1934 2350 les
1961 2297 2209 2362 virtutes,
2243 2305 2302 2349 ut
2326 2310 2356 2349 a
2394 2295 2716 2364 quibusdam
2742 2295 3114 2354 nominantur,
3141 2290 3437 2360 possident.

165 2397 379 2465 ἐρήμου
442 2396 693 2465 πράξεων
721 2395 1138 2466 χρησιμωτέρα.
1175 2394 1238 2446 Ei
1276 2392 1334 2446 δέ
1389 2410 1472 2454 τις
1504 2393 1595 2445 καὶ
1651 2391 1748 2453 τὰς

1864 2387 2021 2458 586
2055 2385 2253 2451 Quales
2287 2391 2464 2449 erant,
2500 2384 2589 2453 qui
2624 2382 2841 2452 sapiens
2875 2382 3007 2435 nihil
3041 2380 3286 2450 proferre
3315 2393 3438 2432 cum

163 2485 396 2556 νοερᾶς,
435 2487 527 2538 καὶ
567 2485 632 2548 ἃς
661 2503 823 2554 φασιν
855 2485 1084 2553 ἀλόγους
1118 2483 1250 2554 ἔχοι,
1272 2482 1472 2540 τοῦτον·
1493 2481 1587 2534 καὶ
1612 2481 1748 2548 ἀγα-

1864 2486 2106 2546 possent,
2157 2490 2216 2530 se
2264 2476 2408 2544 ipsos
2452 2470 2890 2537 considerantes,
2938 2472 3201 2541 optimum
3259 2479 3440 2522 tamen

162 2573 257 2628 Θὸν
285 2575 379 2627 καὶ
417 2574 579 2642 σοφὸν
607 2574 928 2644 όρισαίμην.

1864 2568 1977 2621 vita:
2028 2567 2375 2620 instituenda:
2415 2565 2634 2619 modum
2671 2579 2736 2619 ac
2767 2564 3032 2617 rationem
3072 2561 3350 2631 praebent,
3386 2567 3441 2612 et

161 2673 244 2725 sic
271 2670 404 2739 ipsis
437 2671 598 2724 etiam
635 2671 1006 2738 spectantibus
1041 2669 1282 2724 docendo
1314 2674 1576 2739 praeeunt,
1610 2679 1839 2732 quorum
1905 2664 1956 2716 in
1988 2677 2241 2717 sermone
2311 2661 2654 2716 taciturnitas
2725 2659 2908 2714 utilior
2948 2667 3031 2714 est
3059 2699 3074 2721 ,
3101 2673 3265 2728 quam
3298 2657 3441 2712 illius

161 2774 366 2825 sermo,
405 2759 497 2828 qui
531 2758 780 2826 praesidio
824 2771 1002 2812 rerum
1044 2759 1329 2813 deStitutus
1376 2756 1467 2809 sit.
1522 2755 1577 2807 Si
1615 2769 1743 2808 vero
1784 2754 1907 2821 quis
1937 2761 1990 2806 et
2021 2753 2412 2807 intellectuales
2435 2762 2644 2822 etquas
2710 2757 2908 2806 vocant
2968 2765 3074 2806 non
3110 2749 3442 2805 intellectua-

161 2853 243 2908 les
265 2853 465 2908 habeat
496 2852 755 2914 virtutes;
783 2851 924 2904 hunc
948 2865 1052 2920 ego
1074 2863 1128 2905 et
1151 2852 1350 2906 bonum
1378 2857 1432 2902 et
1467 2836 1763 2918 sapientem
1802 2860 2204 2916 nuncupavcro.

429 2962 581 3018 PlA’.
624 2995 690 3005 —
731 2963 1056 3034 ΕΠΙΦΑΝΙῼ
1095 2962 1417 3035 ΔΙΛΚΟΝῼ.
1775 2947 1820 3004 C
2138 2960 2274 3016 cxx.
2308 2990 2376 3001 —
2405 2950 2779 3016 EPIPHANIO
2835 2960 3157 3018 DIACONO.

415 3059 756 3130 Συγγνώμης
783 3061 920 3113 unde
949 3076 1133 3112 nomen
1165 3061 1442 3126 scriptum.
1477 3060 1672 3115 Matth.
1709 3071 1762 3123 v,
1791 3056 1896 3112 26:
1941 3076 1958 3108 ι
2003 3055 2128 3110 Esto
2160 3057 2488 3110 consentiens
2530 3057 2834 3110 adversario
2863 3069 2975 3122 tuo,
3025 3077 3043 3109 ι
3076 3068 3182 3113 etc.

246 3167 471 3245 Ἐπειδὴ
485 3175 796 3246 γέγραφας,
817 3174 981 3228 πόθεν
1001 3175 1068 3227 τὸ
1094 3177 1196 3244 τῆς
1230 3174 1556 3245 συγγνώμης
1578 3175 1748 3243 ὄνομα

161 3268 259 3324 ἐπὶ
287 3266 389 3336 τῆς
433 3264 708 3334 ἀφέσεως
742 3264 842 3317 καὶ
898 3263 1346 3334 συγχωρήσεως
1386 3262 1750 3337 παραλᾳμσά-

163 3376 348 3415 vetat‘
381 3359 518 3428 ἡγοῦ
529 3376 602 3427 μα
628 3377 665 3423 ι,
682 3358 763 3410 ὅτι
786 3358 974 3428 ἐπειδὴ
991 3361 1018 3411 6
1038 3358 1199 3426 γνοὺς
1220 3358 1431 3422 ἑαυτὸν,
1452 3357 1750 3420 τουτέστιν,

161 3456 193 3508 ὁ
226 3456 369 3524 μήτε
417 3453 512 3505 ἐπὶ
544 3454 656 3514 τοῖς
685 3451 1022 3521 πταίσμασιν
1049 3450 1282 3519 ἀγνοῶν,
1333 3451 1415 3504 ὅτι
1467 3449 1747 3514 ἔπταισεν,

161 3545 304 3600 ἀλλὰ
356 3543 642 3612 φυλάττων
690 3543 752 3596 τὸ
799 3544 961 3611 σοφὸν
1012 3543 1342 3613 ἀπόφθεγμα
1379 3533 1460 3607 τὺ,
1505 3562 1523 3594 ι
1580 3542 1753 3595 Γνῶθι

161 3635 400 3690 σαυτόν’
460 3654 478 3686 ι
516 3636 653 3704 μήτε
698 3636 754 3687 ὲν
778 3637 889 3697 τοῖς
925 3633 1368 3705 κατορθώμασιν,
1412 3635 1460 3686 εξ
1493 3632 1586 3685 καί
1621 3646 1750 3686 ποτε

160 3727 352 3796 ὀλίγον
389 3725 766 3787 ἀπονυστάξας
797 3727 876 3786 είς
905 3725 1221 3787 ἀλαζονείαν
1263 3724 1403 3793 ἤρθη
1442 3724 1585 3794 μέγα
1618 3737 1750 3793 φρο-

166 3820 278 3871 νῶν
301 3835 316 3847 σ
367 3815 504 3870 ἀλλὰ
545 3813 644 3885 τὴν
674 3815 884 3867 οἰκείαν
931 3815 1090 3883 φύσιν
1122 3816 1216 3868 καὶ
1262 3815 1549 3868 ἀσθένειαν
1586 3832 1745 3867 κατα-

180 3907 497 3978 μανθάνων,
546 3905 747 3975 καὶμὴ
788 3908 930 3976 πέρα
977 3907 1076 3974 τῆς
1134 3906 1484 3976 ἀνθρωπίνης
1542 3905 1756 3975 φύσεως

167 3996 589 4068 φανταζόμενος
621 3999 984 4065 γνωσιμαχεῖ.
1030 3997 1089 4049 '0
1134 3998 1422 4063 συγγνοὺς,
1454 3997 1752 4060 τουτέστιν,

162 4090 196 4141 ό
249 4087 579 4156 συννοήσας,
651 4085 732 4136 ὅτι
779 4087 984 4148 ἐκεῖνος
1031 4085 1178 4156 ἔργῳ
1230 4086 1559 4157 παλινῳδίαν
1614 4086 1752 4157 ᾄδει,

169 4180 454 4249 συγχωρεῖ
502 4176 579 4246 τῷ
617 4178 796 4244 γνόντι
846 4178 1071 4230 ἑαυτόν·
1124 4181 1152 4231 6
1183 4179 1239 4230 δὲ
1290 4178 1365 4248 μὴ
1400 4181 1666 4246 συγγνοὺς
1688 4181 1749 4233 οὺ

1929 3173 2152 3240 Quando
2196 3173 2412 3242 quidem
2458 3173 2759 3242 interrogas
2809 3180 2950 3229 unde
2997 3173 3327 3248 συγγνώμης
3343 3220 3358 3244 ,
3389 3179 3463 3234 id.

1859 3274 1942 3319 est
2007 3265 2178 3318 venia:
2198 3303 2212 3327 ,
2244 3270 2436 3318 nomen
2461 3274 2736 3333 acceptum
2776 3277 2874 3334 pro
2907 3267 3208 3322 remissione
3235 3279 3286 3323 et
3315 3286 3443 3324 con-

1861 3357 2163 3420 donatione,
2201 3355 2401 3410 idcirco
2433 3357 2670 3410 arbitror
2697 3359 2858 3424 'quod
2885 3357 2976 3428 qui
3007 3372 3067 3413 se
3101 3360 3215 3429 ipse
3256 3360 3403 3414 norit
3426 3401 3439 3423 ,

1862 3447 1965 3502 hoc
1993 3456 2068 3501 cst
2090 3488 2104 3511 ,
2133 3447 2220 3515 qui
2250 3459 2421 3516 neque
2449 3447 2645 3501 delicta
2671 3458 2789 3514 sua,
2813 3462 2933 3503 cum
2960 3458 3043 3503 est
3068 3449 3271 3519 lapsus,
3302 3452 3445 3521 igno-

1861 3547 1965 3602 rat,
2027 3537 2135 3593 imo
2191 3538 2320 3592 illud
2376 3540 2512 3594 scite
2571 3540 2771 3594 dictum
2819 3549 3037 3595 servat:
3089 3561 3107 3592 ι
3164 3541 3335 3597 Nosce
3393 3555 3443 3596 te

1862 3631 2058 3700 ipsum,
2108 3648 2127 3681 ι
2163 3645 2334 3698 neque
2367 3632 2420 3684 in
2462 3631 2822 3704 emendando,
2884 3633 2985 3688 etsi
3034 3633 3327 3704 aliquando
3363 3638 3444 3688 ni-

1863 3731 2016 3774 ctans
2045 3729 2099 3773 ct
2129 3722 2456 3788 comtivens,
2493 3723 2542 3775 in
2579 3703 2944 3793 arrogantiam
2977 3703 3258 3796 magniﬁce
3288 3728 3355 3780 de
3386 3742 3444 3780 so

1864 3813 2107 3867 sentiens
2161 3811 2403 3880 eﬂertur,
2456 3817 2549 3870 s‘ed
2587 3831 2697 3870 sua:
2745 3819 2996 3872 conscius
3029 3829 3238 3874 naturae
3286 3832 3446 3891 atque

1865 3901 2288 3968 imbecillitatis,
2323 3920 2497 3974 neque
2528 3922 2689 3975 supra
2721 3910 3011 3962 humanam
3053 3910 3227 3964 elatus
3259 3917 3444 3965 cond:-

1863 3990 2069 4046 tionem
2122 3994 2413 4061 resipiscit.
2460 3994 2558 4050 Hic
2595 3996 2686 4064 qui
2734 3998 2986 4053 conscius
3029 4000 3129 4054 sibi
3174 3995 3293 4064 est,
3345 4004 3445 4056 hoc

1859 4089 1973 4145 est,
2011 4083 2102 4152 qui
2144 4097 2327 4138 secum
2354 4086 2672 4154 perpendit,
2716 4088 2863 4157 quod
2896 4104 3084 4157 reapse
3120 4091 3444 4160 palinodiam

1864 4171 1951 4227 ille
1983 4183 2144 4226 canat
2167 4213 2182 4237 ,
2215 4174 2445 4244 ignoscit
2481 4175 2580 4243 illi,
2611 4179 2700 4248 qui
2740 4193 2798 4233 se
2826 4178 2940 4248 ipse
2971 4180 3141 4235 novit.
3181 4180 3281 4247 Qui
3319 4198 3446 4237 vero

168 4270 478 4339 συγχωρεῖ.
522 4268 612 4320 Διὸ
656 4269 751 4321 καὶ
785 4271 812 4320 6
857 4269 974 4339 μὲν,
1014 4269 1274 4339 μέμψεως
1307 4268 1418 4340 (94)
1453 4270 1622 4336 ἄξιος,
1671 4271 1747 4343 μὴ

1864 4266 2114 4320 conscius
2157 4267 2259 4321 sibi
2308 4282 2411 4323 non
2443 4270 2558 4334 est',
2609 4286 2713 4325 non
2770 4273 3018 4341 ignoscit.
3067 4272 3247 4340 Quare
3277 4284 3329 4328 et
3360 4275 3448 4329 hic

164 4363 334 4428 γνοὺς
361 4359 551 4413 ἑαυτόν
573 4375 585 4388 '
625 4361 653 4413 6
682 4359 738 4413 δὲ
773 4360 847 4432 μὴ
897 4363 1163 4428 συγγνοὺς
1191 4361 1267 4433 τῷ
1328 4362 1509 4430 γνόντι
1536 4364 1749 4418 ἑαυτόν.

1859 4357 2078 4426 quidem
2132 4358 2554 4426 reprehensione
2599 4361 2791 4431 dignus
2831 4373 2945 4429 est,
3003 4377 3061 4418 se
3112 4365 3285 4433 ipsum
3339 4381 3444 4419 non

1861 4463 2091 4503 noscens
2126 4467 2140 4504 :
2189 4450 2279 4505 ille
2320 4467 2448 4506 vero
2488 4469 2831 4523 nequaquam
2881 4458 3227 4512 consentiens
3264 4456 3443 4534 [igno-

1738 4579 1750 4592 .
1862 4536 2041 4608 scens]
2073 4537 2120 4593 el
2142 4580 2157 4606 ,
2181 4539 2271 4608 qui
2301 4541 2534 4611 seipsum
2568 4546 2736 4601 novit.

665 4643 810 4704 PIB’.
852 4681 921 4690 -
955 4652 1040 4724 Τῼ
1068 4651 1269 4724 ΑΥΤῼ.

2390 4657 2548 4714 CXII.
2589 4691 2654 4699 —
2689 4655 2914 4717 EIDEM.

230 4735 439 4804 Suada
468 4741 695 4801 caducas
727 4760 846 4812 opes
900 4746 976 4798 ita
1006 4746 1326 4814 impendere,
1353 4758 1409 4800 ut
1447 4745 1824 4872 thesthuros’fin
1891 4750 2033 4875 δεῖξε
2077 4753 2222 4806 nobis
2265 4769 2507 4821 paremus
2534 4771 2552 4807 :
2590 4774 2606 4806 ι
2659 4755 3030 4814 Thesaurizate
3079 4762 3245 4827 vobis,
3282 4779 3297 4811 ι
3335 4772 3439 4818 etc.

1639 4831 1712 4871 att
1758 4859 1770 4872 .
1822 4835 1895 4875 vt.
2015 4863 2027 4875 .

1639 4831 1770 4872 atttt.
1822 4835 1895 4886 vt,
1940 4831 1961 4873 ‘l
1974 4831 2027 4875 6.

234 4930 422 4986 Πολλά
443 4931 560 4984 ἐστι
590 4931 684 4985 καὶ
706 4930 962 5003 διάφορα,
998 4927 1043 4985 ὦ
1073 4932 1528 5003 προσφιλέστατε,
1555 4934 1753 5004 λυμαι-

156 5021 373 5094 νόμενα
423 5025 492 5093 τῇ
541 5022 650 5076 τῶν
697 5024 996 5094 χρημάτων
1041 5026 1262 5096 κτήσει·
1318 5025 1378 5078 οὐ
1433 5026 1593 5095 μόνον
1644 5026 1754 5097 γὰρ

160 5110 357 5180 σῆτες,
392 5111 489 5165 καὶ
519 5115 710 5184 χρόνος
762 5115 992 5185 μακρὸς,
1045 5114 1182 5169 ἀλλὰ
1227 5116 1322 5168 καὶ
1370 5118 1747 5184 συκοφαντίαι,

159 5203 264 5255 καὶ
283 5203 508 5273 λῃσταὶ,
535 5204 628 5257 καὶ
654 5205 884 5271 οἰκέται,
914 5207 1006 5258 καὶ
1033 5206 1202 5260 τὸτοῦ
1221 5207 1507 5278 μέλλοντος
1535 5201 1750 5278 ἄδηλον,

1933 4935 2096 4990 Multa
2144 4949 2269 4992 sunt
2313 4943 2608 5012 variaque,
2662 4944 3011 5007 charissime,
3065 4961 3184 5015 quae
3224 4963 3442 5017 posses--

1861 5029 2043 5084 siones
2077 5045 2259 5086 rerum
2302 5027 2520 5088 laedunt.
2565 5032 2682 5088 Non
2725 5038 2866 5090 enim
2917 5037 3073 5091 tinea:
3123 5039 3280 5094 modo
3326 5040 3443 5093 lon-

1861 5123 2094 5190 gumque
2123 5138 2388 5177 annorum
2425 5125 2686 5194 spatium,
2722 5126 2815 5180 sed
2848 5128 2905 5180 et
2934 5127 3240 5194 calumniae,
3276 5129 3438 5184 latro-

1860 5227 1979 5276 nes,
2013 5212 2281 5283 servique,
2312 5221 2368 5271 et
2401 5215 2578 5270 futura
2609 5216 2835 5286 incerta,
2864 5232 3011 5274 mors
3041 5219 3274 5290 denique
3315 5219 3438 5275 ﬂuis

1308 5365 1541 5420 VARUE
1580 5366 1964 5425 LECTIONES
2000 5363 2089 5424 ΕΤ
2125 5371 2358 5429 ΝΟΤίΕ.

157 5511 494 5590 Τροιζῆνος,
516 5513 597 5590 εις
637 5507 864 5590 Ἀθήνας
1031 5509 1174 5581 ὀδοῦ,
1221 5518 1496 5590 πάρεργον
1529 5519 1754 5588 ἐξέκοψε

157 5582 292 5666 τοὺς
321 5582 668 5666 κακούργους
686 5601 698 5614 ·
736 5582 858 5666 isi
894 5585 1114 5666 Theseus
1138 5604 1201 5641 ea:
1225 5582 1467 5642 Troezene
1489 5582 1753 5659 digressus

161 5656 335 5779 genia,
379 5654 720 5722 proﬁciscens
752 5657 982 5715 Athenas
1018 5659 1247 5712 latrones
1290 5661 1412 5712 itlos
1449 5654 1750 5715 excidisset.

237 5739 412 5780 ηοττ.

237 5788 372 5865 193)⁵
395 5793 589 5851 Melius
623 5796 1103 5873 πράττονταςκγθι
1136 5799 1309 5854 locum
1339 5800 1413 5855 sic
1445 5810 1754 5872 transponc,

1854 5522 1916 5610 9",
1963 5524 2077 5610 γέιε
2100 5525 2300 5610 ἀδίκῳς
2335 5526 2659 5610 πάσχοντας,
2692 5531 2828 5585 ἀλλά
2865 5532 3088 5597 δικαίως
3120 5535 3434 5609 πάσχοντας

1856 5593 2140 5666 λῳπείσθαι
2173 5601 2298 5666 χρή.
2337 5593 2558 5654 υνὶιίῖυε
2589 5618 2602 5652 :

1859 5662 2148 5740 ngnenit
2173 5662 2242 5720 ’e‘x
2265 5662 2463 5740 merito
2494 5686 2644 5738 ptena
2672 5673 2899 5730 dolenda
2925 5679 3082 5732 venit.
3119 5678 3362 5740 Scnn'r'r.

1932 5736 2041 5816 at)
2081 5737 2227 5791 Inter
2255 5736 2514 5816 μέμψεως
2564 5751 2620 5796 et
2657 5743 2804 5809 ἀξιος
2836 5748 2989 5803 codd.
3047 5749 3211 5805 ιτειιῖς.
3243 5736 3434 5806 cso'et

1860 5803 1972 5858 Alt.
1998 5803 2594 5865 inserunt'o'inPossm
