3992 6490
176 308 311 375 I393

1071 318 1612 380 EPISTOLABUM
1650 322 1797 382 LIB.
1839 323 1906 382 ν.
1939 346 2010 358 -
2048 324 2286 384 EPIST.
2331 324 2513 383 CXIX

3303 316 3440 380 I39£

173 422 421 492 Ζώσιμον
444 424 613 479 δεινὸν
639 425 722 493 ὃν,
758 427 817 481 οὐ
854 428 1027 482 δεινὸν
1057 425 1199 483 εἶναι
1233 431 1385 484 δοκεῖ
1412 431 1490 502 τῷ
1512 434 1754 502 παρανό-

1868 435 2006 488 nefas
2037 438 2140 500 sit,
2174 437 2444 504 quomodo
2478 449 2582 487 non
2625 431 2676 488 id
2709 431 2999 487 nefandum
3037 431 3106 485 sit
3154 431 3326 485 visum
3354 433 3434 495 ei,

174 528 291 580 μως
314 516 753 585 χειροτονήσαντι
781 536 794 547 ·
829 519 1255 583 ἀντεπιστέλλω,
1299 521 1382 574 ὅτι
1416 523 1480 574 σὺ
1517 521 1620 590 μὲν
1643 521 1748 574 ἀπὸ

175 600 445 670 μισοπονή
457 619 546 670 ρον
566 603 773 673 τρόπου
797 605 1026 670 εἰκότως
1047 608 1376 675 ἀγανακτεῖς
1397 627 1409 638 ·
1443 610 1619 674 οὐδεὶς
1641 612 1749 682 γὰρ

171 688 307 756 πρὸς
356 690 512 746 τοῦτο
563 693 848 749 ἀντείποι’
895 700 1070 751 ὲκεῖνο
1110 698 1167 752 δέ
1203 716 1282 753 σοι
1333 703 1746 772 παραινέσαιμι,

171 779 422 850 καθαρὰν
474 786 814 857 κακηγορίας
861 789 958 860 τὴν
1007 787 1254 859 γλῶτταν
1284 791 1628 861 διαφυλᾲξαι.
1687 793 1749 846 Ei

171 870 278 942 γὰρ
330 874 532 939 ἐκεῖνος
569 878 778 948 μυρίων
810 880 976 946 ἄξιος,
1009 880 1084 944 ὡς
1117 882 1424 954 γέγραφας,
1465 884 1744 955 σκηπτῶνν

175 961 308 1029 μηδὲ
333 966 398 1034 τῇ
426 969 557 1037 τιμῇ
587 967 920 1037 βελτιωθεὶς,
945 972 1057 1025 ἀλλ’
1088 973 1238 1044 ὅπλῳ
1263 976 1462 1039 κακίας
1495 979 1559 1046 τῇ
1595 977 1750 1048 ἱερω-

176 1053 306 1143 σύνη
348 1059 712 1129 χρησάμενος,
749 1063 842 1116 καὶ
880 1065 1093 1135 τολμῶν
1142 1067 1457 1139 ἀτὸλμητα·
1510 1068 1646 1123 ἀλλά
1688 1067 1754 1122 σύ

172 1159 234 1209 γε
269 1149 330 1198 τὸ
363 1149 562 1202 σαυτοῦ
599 1153 777 1222 στόμα
807 1155 1042 1222 μιαίνειν
1066 1156 1167 1210 οὐκ
1202 1157 1460 1224 ὀφείλεις,
1488 1157 1585 1221 τὰς
1616 1175 1746 1227 μια-

172 1235 272 1303 ρὰς
293 1239 501 1292 ἐκείνου
523 1241 748 1312 πράξεις
771 1245 1129 1318 ἐκτραγῳδῶν
1153 1248 1246 1301 καὶ
1270 1248 1367 1318 τὴν
1397 1249 1505 1302 τῶν
1534 1251 1749 1321 τρόπων

174 1328 473 1400 σκαιότητα
503 1331 878 1405 διηγούμενος.

705 1546 848 1602 PlZ’.
886 1576 954 1587 —
987 1548 1237 1619 nemo.

1847 528 1938 594 qui
1991 542 2186 596 praeter
2232 529 2400 596 legem
2436 541 2558 580 eum
2610 523 2923 578 initiaverit.
2976 521 3301 592 Respondeo
3342 537 3440 592 pro

1849 618 2032 670 animo
2062 617 2278 687 quidem
2313 629 2436 680 tuo,
2472 633 2579 685 quo
2607 615 2746 668 mala
2778 616 2958 667 omnia
2989 614 3301 668 adversaris
3329 655 3342 676 ,
3381 625 3433 666 te

1843 706 1988 776 inste
2022 709 2306 774 indignari,
2335 708 2478 778 qttod
2522 723 2682 762 nemo
2709 708 3011 777 negaverit.
3047 704 3176 757 Illud
3221 705 3438 758 interim

1854 815 2168 855 tnoueamns
2202 815 2265 854 ac
2292 800 2690 868 praecipiamus,
2721 812 2907 866 puram
2946 804 3002 848 ιιι
3030 809 3058 847 a
3095 794 3425 848 maledicen-

1857 891 1927 945 tia
1963 892 2198 961 linguam
2247 891 2540 948 custodias.
2593 889 2707 943 Etsi
2756 889 2900 944 enim
2934 886 3162 942 infinitis
3213 887 3334 950 ille,
3385 895 3441 940 ut

1858 983 2092 1047 scribis,
2151 985 2344 1052 dignus
2394 993 2477 1038 est
2509 981 2857 1046 fulminibus,
2901 995 3075 1048 neque
3127 981 3333 1034 honore
3378 993 3442 1033 ac

1851 1074 2113 1142 dignitate
2141 1075 2382 1129 redditus
2413 1072 2624 1135 melior,
2657 1073 2749 1128 sed
2784 1074 2899 1140 ipso
2944 1071 3253 1126 sacerdotio
3284 1072 3434 1124 velut

1855 1167 2111 1235 nequitia:
2153 1167 2508 1222 instrumento
2551 1165 2752 1219 abusus
2785 1163 2999 1223 audeat.
3028 1177 3148 1232 qua:
3196 1163 3441 1216 audenda

1855 1274 1962 1314 ιιοιι
2000 1267 2175 1326 erant,
2214 1273 2346 1313 eave
2387 1268 2564 1312 tamen
2598 1267 2744 1310 tuum
2786 1270 2848 1309 os
2884 1255 3173 1322 inquinare
3219 1250 3444 1306 sceleri-

1858 1348 1957 1404 btts
1983 1349 2100 1417 ejus
2141 1348 2368 1415 impuris
2397 1345 2720 1418 arguendis,
2755 1362 2816 1400 ac
2860 1360 3068 1398 morum
3121 1342 3240 1412 ejus
3299 1354 3443 1394 serva

1860 1439 2136 1493 narrando
2163 1439 2302 1492 aliis.

2246 1552 2413 1624 533
2444 1551 2646 1608 cxvn.
2687 1583 2757 1593 -
2796 1548 3046 1606 pauco.

612 1631 728 1686 Vim
754 1638 850 1702 fati
880 1646 926 1690 et
960 1640 1337 1706 necessitatem,
1378 1640 1551 1711 lepido
1583 1655 1888 1712 argumento
1915 1643 2188 1698 subvertit.
2221 1644 2400 1714 (Cani.
2433 1644 2525 1697 lib.
2571 1660 2652 1708 ιιι,
2681 1644 2832 1712 epist.
2871 1641 3020 1709 I36.)

241 1740 305 1794 Εἰ
343 1743 453 1824 πᾶς
480 1743 742 1815 λογισμὸς
786 1748 880 1801 καὶ
938 1751 1084 1829 πᾶσα
1125 1750 1446 1822 ὲνθύμησις,
1495 1755 1573 1818 ὡς
1621 1756 1748 1825 φὴς,

1934 1755 1990 1808 Si
2025 1755 2228 1823 quaevis
2250 1795 2266 1820 ,
2297 1767 2353 1808 ιιι
2390 1755 2500 1820 ais,
2555 1753 2855 1822 speculatio
2890 1751 3195 1820 mentisque
3225 1748 3446 1819 agitatio

169 1832 324 1901 παρὰ
377 1835 476 1904 τῆς
531 1837 876 1908 εἱμαρμένης
931 1842 1044 1902 τοῖς
1103 1841 1413 1912 ἀνθρώποις
1467 1846 1746 1918 ἐπιφοιτᾷ,

169 1920 527 1974 ἀτοπώτατόν
566 1941 613 1977 τι
659 1926 940 1995 πάσχουσα
973 1928 1381 2001 φωραθήσεται.
1415 1933 1478 1986 El
1511 1938 1622 1998 τοῖς
1651 1936 1750 2004 μὲν

171 2012 535 2083 καταπέμπει
595 2015 986 2088 ἐνθυμήματα,
1028 2019 1170 2073 ὥστε
1225 2024 1749 2094 ὑπεραπολογεῖσθαι

165 2102 360 2171 αὐτῆς,
411 2106 523 2166 τοῖς
561 2106 616 2158 δὲ
661 2107 856 2180 τέχνην
903 2112 998 2162 καὶ
1047 2112 1511 2183 ὲπιστημονικοὺς
1559 2117 1750 2184 λόγους

165 2193 380 2262 ὀρέγει,
406 2196 474 2248 δι’
503 2189 577 2249 ὧν
607 2197 811 2269 ταύτην
835 2201 1256 2272 ἀνατρέψουσιν.
1306 2206 1367 2258 Εί
1394 2207 1574 2261 τοίνυν
1613 2210 1751 2283 αὑτὴ

164 2287 372 2355 ἑαυτὴν
400 2288 717 2359 ἀνατρέπει,
760 2291 827 2343 δι’
855 2285 932 2347 ὧν
961 2298 1188 2365 χορηγεῖ
1221 2299 1331 2359 τοῖς
1356 2299 1757 2370 ἀνατρέπουσιν

163 2377 338 2446 αὐτὴν
367 2377 786 2449 ἐνθυμημάτων,
831 2383 945 2446 πῶς
969 2385 1230 2454 συστῆναι
1266 2386 1432 2459 αὐτὴν
1455 2383 1566 2443 οἷόν
1599 2407 1681 2446 τε.

477 2495 617 2550 PII".
656 2529 718 2541 -..
762 2499 1098 2572 summa
1126 2501 1450 2575 AMKoNe.

1860 1860 1887 1898 a
1941 1845 2050 1899 fatu
2106 1846 2337 1915 pendeat
2397 1844 2638 1910 homini,
2688 1842 3141 1897 absurdissimum
3200 1838 3329 1909 quid
3373 1839 3444 1892 illi

1860 1936 2018 2010 [fato]
2057 1939 2306 1992 accidere
2345 1937 2736 2006 deprehendes.
2783 1935 3061 2005 Siquidem
3093 1932 3178 1987 his
3208 1932 3447 1985 rationes

1859 2039 2112 2100 Suggerat
2167 2029 2364 2098 quibus
2424 2028 2777 2095 defendatur;
2839 2026 2945 2080 illis
3012 2039 3143 2078 vero
3208 2021 3445 2078 rationes

1861 2122 2188 2177 scieulificas
2223 2124 2466 2190 adeoque
2509 2131 2680 2175 artem
2733 2119 3004 2189 praebeat,
3050 2132 3159 2186 qtta
3199 2115 3444 2169 vicissim

1861 2223 2159 2270 evertatur.
2190 2211 2374 2278 Quare
2416 2213 2462 2268 si
2493 2228 2552 2267 se
2587 2212 2764 2278 ipsum
2804 2209 3003 2266 evertit
3032 2207 3200 2262 fatum
3232 2221 3328 2276 per
3358 2220 3444 2265 ea.

1859 2319 1979 2374 quae
2027 2306 2260 2375 prmhet,
2295 2305 2703 2374 enthymemata
2735 2303 2912 2372 ipsum
2943 2301 3279 2368 evertentia,
3316 2313 3448 2368 quo~

1859 2399 2038 2460 tnodo,
2065 2411 2269 2465 quaeso,
2300 2404 2477 2466 potest
2497 2393 2676 2474 fatum
2702 2393 3000 2448 subsistere
3027 2392 3050 2444 ?

2068 2504 2301 2560 CXVIII.
2335 2534 2406 2547 -—
2461 2503 2857 2560 EUSTATIIIO
2900 2501 3217 2559 DIACONO.

923 2592 1000 2644 Ad
1035 2591 1153 2643 vita:
1204 2594 1620 2647 emendationem
1657 2594 1980 2650 adhortatio.
2016 2594 2112 2652 Sui
2161 2596 2398 2660 victoria,
2436 2596 2692 2650 maxime.

240 2709 416 2762 Τοῦτο
441 2711 501 2762 τδ
530 2709 623 2762 νῦν
647 2709 918 2778 τολμηθὲν
950 2709 1104 2780 παρά
1135 2711 1227 2764 σοῦ
1252 2711 1360 2765 τῶν
1386 2714 1576 2766 δεινῶν
1606 2715 1751 2768 ὲκεί-

164 2817 276 2851 νοιν
330 2801 447 2853 ἐστὶ
479 2800 807 2870 δεινότερον·
843 2800 1149 2872 ἡμιλλήθης
1216 2803 1352 2871 πρὸς
1398 2804 1612 2868 σαυτὸν,
1663 2805 1757 2857 καὶ

165 2891 464 2960 νενίκηκας
489 2908 502 2922 ·
550 2892 616 2944 τά
650 2895 894 2960 πρωτεῖα
942 2893 1123 2944 τοίνυν
1163 2895 1218 2945 ὲν
1251 2893 1328 2964 τῷ
1360 2895 1458 2963 τῆς
1502 2895 1757 2959 ἀσεϐείας

167 2983 264 3034 καὶ
296 2981 590 3050 ἀσελγείας
625 2981 796 3047 ἀγῶνι
827 2983 969 3034 κατά
999 2984 1214 3035 πάντων
1251 2982 1412 3056 φέρῃ,
1450 2983 1756 3054 ὑπερηκόν-

1937 2712 2084 2768 Inter
2121 2727 2206 2777 ea,
2261 2728 2384 2782 qua:
2433 2725 2657 2768 strenue
2708 2714 2945 2782 gessisti,
2997 2712 3126 2766 illud
3176 2726 3448 2766 summum

1865 2813 1966 2870 est,
2000 2804 2140 2871 quod
2169 2813 2348 2858 tecum
2376 2803 2488 2871 ipse
2516 2813 2732 2857 certans
2751 2803 2966 2857 viceris.
3009 2799 3221 2856 Printas
3253 2801 3439 2870 itaque

1867 2897 1918 2949 in
1954 2897 2054 2949 hac
2083 2909 2205 2948 cum
2231 2894 2507 2963 impietate
2535 2909 2598 2945 ac
2633 2893 2856 2948 liltidine
2881 2909 3057 2964 pugna
3097 2892 3162 2946 ab
3197 2889 3451 2944 omnibus

1865 2987 2108 3041 referens
2129 2985 2331 3049 vicisti,
2366 3000 2664 3055 omnesque
2695 2986 2854 3040 facile
2881 2984 3146 3054 superasti
3175 3001 3186 3037 :
3232 2990 3452 3050 propter

141 3089 349 3147 πασας,
392 3073 598 3132 πάντας
631 3072 1048 3143 ὑπερϐέϐηκας’
1091 3073 1172 3126 διὸ
1201 3075 1296 3126 καὶ
1347 3074 1597 3145 δακρύων
1624 3079 1754 3145 ἡμῖν

1868 3076 1951 3129 illa
1981 3074 2133 3128 nobis
2160 3073 2521 3144 Iaerymarum
2549 3076 2804 3145 perennis
2840 3091 3001 3129 causa
3048 3075 3363 3127 evstiteras.
3392 3072 3450 3127 Si

145 3163 436 3224 ’ὑπόθεσις
476 3165 707 3232 γέγονας
750 3165 1010 3218 ἀεννὰων.
1050 3163 1112 3217 Εἰ
1164 3166 1344 3218 τοίνυν
1394 3166 1574 3236 βούλει
1601 3168 1762 3236 ἡμῶν

168 3255 269 3327 τὴν
303 3257 482 3326 λύπην
514 3259 611 3326 τὴν
635 3257 729 3310 ἐπὶ
785 3257 868 3310 σοὶ
912 3256 1186 3326 ἰάσασθαι,
1220 3259 1396 3311 πάντα
1420 3260 1587 3324 ποίει,
1614 3261 1762 3324 ὅπως

167 3350 309 3402 em
321 3348 512 3420 ρίψαιο
541 3347 639 3418 τὴν
671 3347 990 3412 κακοδοξίαν
1014 3346 1147 3417 (96).

416 3462 563 3515 Ριο’.
595 3492 662 3503 -
703 3462 1008 3532 θΕοΔςιΡι)
1042 3462 1502 3533 ΣΧΟΛΑΣΤΙΚῼ.

1870 3165 2050 3235 itaque
2075 3163 2315 3218 dolorem
2359 3176 2604 3219 nostrum
2661 3166 2733 3218 tui
2785 3167 2960 3234 gratia
2996 3175 3306 3234 susceptum
3361 3163 3452 3216 tol-

1870 3257 1982 3312 lere
2013 3259 2114 3322 vis,
2148 3272 2364 3311 onmem
2409 3272 2564 3313 move
2615 3258 2869 3327 lapidem,
2913 3271 2980 3310 ne
3016 3257 3155 3309 male
3194 3256 3451 3323 deinceps

1871 3351 2081 3404 audias.

2044 3462 2230 3520 CXIX.
2269 3493 2341 3504 -—-
2365 3461 2737 3517 TIIEODOIIO
2778 3458 3272 3517 SCIIOLASTICO.

389 3553 595 3623 Lingua
624 3553 884 3622 quomodo
916 3553 1039 3606 bene
1070 3553 1342 3606 utendum.
1377 3554 1395 3622 (
1429 3552 1542 3621 Inf.
1571 3553 1721 3620 epist.
1760 3554 1888 3618 455,
1919 3561 1968 3607 ει
2001 3567 2066 3607 ea:
2094 3552 2464 3623 Chryeostomo
2506 3551 2695 3605 Cauta.
2730 3553 2782 3604 in
2822 3560 2927 3606 sol.
2959 3551 2988 3604 4
3033 3549 3250 3618 Persii.)

243 3670 308 3722 Ei.
333 3665 602 3734 ὀξυτάτην
628 3665 771 3733 ἔχεις
793 3664 891 3734 τὴν
913 3663 1182 3731 γλῶτταν,
1208 3662 1444 3733 μάλιστα
1471 3662 1569 3732 μὲν
1592 3663 1759 3734 αὐτὴν

172 3756 525 3825 ἑπιστὸμιζε,
557 3755 652 3805 καὶ
666 3752 870 3822 χαλινῷ
898 3752 1225 3822 ἀνασείραζε
1248 3766 1262 3780 ·
1287 3754 1336 3804 εἰ
1363 3752 1419 3805 δὲ
1452 3753 1756 3818 ἀδυνατεῖς,

171 3852 381 3920 χρῆται
412 3847 550 3916 αὐτῇ
589 3845 668 3906 είς
698 3843 813 3897 δέον
843 3844 983 3914 ὑπὲρ
1025 3844 1124 3914 τῆς
1164 3843 1314 3905 θείας
1351 3843 1446 3896 καὶ
1484 3845 1760 3914 ἀκηράτου

171 3941 358 4010 δόξης,
384 3939 528 4009 ὑπὲρ
557 3939 655 4004 τῆς
675 3937 782 3989 τῶν
812 3936 1181 4006 ἀδικουμένων
1208 3936 1475 4006 βοηθείας,
1505 3937 1642 4008 ὑπὲρ
1667 3937 1762 4008 τῆς

174 4031 285 4084 τῶν
315 4027 623 4083 καλλίστων
653 4027 1002 4097 συνηγορίας.
1027 4045 1098 4080 κα
1109 4029 1171 4079 τὰ
1194 4027 1293 4097 τῆς
1311 4026 1419 4081 τῶν
1436 4027 1766 4081 ἀδικούντων

175 4119 497 4185 πλεονεξίας
529 4119 668 4190 (97),
703 4119 844 4172 κατά
868 4121 966 4188 τῆς
999 4117 1108 4171 τῶν
1129 4117 1348 4189 δαίμοσι
1381 4121 1640 4189 πονηροῖς
1666 4119 1765 4188 τὴν

175 4213 274 4266 τοῦ
321 4210 522 4273 παντὸς
558 4209 825 4280 Πρόνοιαν
876 4209 1285 4279 ἐπιτρεπόντων
1320 4208 1579 4279 ἀμαθίας,
1625 4209 1766 4262 κατά

176 4303 282 4372 τῆς
321 4303 430 4354 τῶν
457 4299 758 4370 αἱρετικῶν
785 4299 1234 4368 φρενοϐλαϐείας,
1262 4301 1402 4353 κατά
1437 4301 1536 4370 τῆς
1574 4300 1764 4370 Ἐλλή-

1938 3663 1995 3717 Si
2038 3665 2371 3718 mordentem
2439 3674 2763 3731 acutamque
2831 3665 2998 3718 habes
3062 3664 3322 3732 linguam,
3392 3674 3453 3714 os

1867 3754 2058 3808 obtura
2118 3755 2389 3818 maxime,
2439 3762 2494 3808 et
2537 3752 2692 3808 freno
2747 3765 3020 3810 coerceto.
3073 3755 3128 3808 Id
3183 3755 3226 3809 si
3274 3754 3453 3808 minus

1869 3855 2044 3913 potes,
2075 3854 2228 3898 utere
2277 3859 2339 3897 ea
2375 3858 2470 3912 pro
2518 3844 2702 3897 divina
2729 3853 2783 3897 et
2830 3845 3139 3914 incorrupta
3177 3843 3298 3898 fidei
3325 3858 3449 3912 pru-

1875 3935 2108 3990 fessione
2160 3934 2213 3988 in
2261 3934 2570 4003 pnesidium
2624 3934 2824 4004 injuste
2858 3949 3266 4004 oppressorum,
3300 3935 3447 4002 opti-

1877 4040 2086 4080 morum
2119 4025 2523 4092 defensionem;
2555 4035 2748 4080 contra
2781 4024 3068 4079 avaritiam
3113 4039 3324 4087 corum,
3359 4026 3449 4094 qui

1868 4135 1965 4189 per
2037 4119 2189 4174 nefas
2258 4120 2530 4186 ditantur;
2591 4128 2782 4172 contra
2836 4133 3022 4172 eormn
3089 4119 3452 4187 imperitiam,

1870 4208 1960 4276 qui
1996 4196 2370 4263 universitatis
2407 4207 2498 4262 Dei
2551 4208 2950 4276 providentiam
2983 4209 3138 4262 malis
3167 4209 3450 4263 ascribunt

1869 4299 2185 4368 Spiritibus;
2242 4299 2504 4354 adversus
2562 4301 2938 4354 haereticorum
3003 4300 3323 4365 amentiam,
3400 4309 3451 4353 et

178 4409 289 4444 νων
313 4389 767 4458 δεισιδαιμονίας.
797 4387 937 4440 κατὰ
960 4388 1056 4455 τῆς
1091 4388 1358 4442 Ἰουδαίων
1384 4389 1754 4455 ἀπαιδευσίας1

1872 4392 2109 4459 gentium
2161 4391 2643 4459 superstitionem;
2687 4401 2875 4444 contra
2925 4389 3235 4445 Judazorutn
3287 4390 3453 4444 insci-

177 4482 327 4535 κατὰ
356 4482 454 4550 τῆς
479 4480 589 4532 τῶν
618 4479 1046 4549 ἁμαρτανόντων
1073 4480 1431 4551 κατηγορίας.
1461 4482 1525 4533 Εἰ
1565 4482 1620 4533 δὲ
1649 4481 1771 4533 τού-

176 4589 293 4625 των
330 4572 624 4640 ἀφέμενος,
654 4572 720 4640 τῇ
764 4569 983 4640 ὀξύτητι
1014 4570 1154 4623 κατά
1190 4570 1298 4622 τῶν
1334 4574 1769 4641 ἐντυγχανόντων

177 4661 355 4732 χρῷο,
389 4661 743 4715 ἀτοπώτατόν
781 4677 833 4711 τι
865 4662 1135 4730 ποιήσεις.
1179 4661 1387 4714 Ταυτὸν
1411 4662 1519 4733 γάρ
1543 4680 1596 4715 τι
1632 4664 1770 4733 πρά·

181 4754 318 4820 ξεις,
357 4749 468 4805 οἷον
519 4753 583 4806 ἂν
626 4755 674 4805 εί
723 4754 995 4822 μάχαιραν
1051 4752 1191 4822 ἔχων
1233 4753 1434 4817 ὀξεῖαν,
1487 4755 1628 4807 κατά
1663 4755 1770 4807 τῶν

181 4844 512 4912 ἐπιτηδείων
543 4843 833 4914 ὲπέφερες,
866 4844 897 4914 ἢ
927 4843 1140 4913 ῥώμην,
1175 4843 1314 4897 κατά
1345 4845 1451 4896 τῶν
1503 4845 1766 4897 πολιτῶν·

181 4934 308 4987 δέον
341 4937 407 5004 τῇ
456 4936 553 5004 μὲν
611 4935 752 4988 κατὰ
799 4935 906 4986 τῶν
956 4934 1254 5002 πολεμίων,
1294 4936 1444 5006 τῇδὲ
1483 4936 1626 4989 κατά
1662 4938 1772 4989 τῶν

184 5025 498 5078 ἀντιπάλων
541 5025 798 5096 χρῆσθαι.
849 5016 938 5094 Μὴ
975 5026 1155 5078 τοίνυν
1197 5027 1258 5079 τὸ
1292 5027 1583 5096 φάρμακον
1610 5027 1772 5098 δηλη-

184 5119 378 5186 τήριον
400 5115 801 5180 κατασκεύαζε,
831 5115 966 5168 ἀλλὰ
995 5117 1223 5180 δεόντως
1259 5119 1409 5188 αὐτῷ
1440 5119 1695 5189 κέχρησο.

187 5219 348 5263 utare
409 5223 612 5262 veueuo
633 5251 646 5274 ,

1873 4483 2037 4548 tiam;
2088 4492 2274 4534 contra
2341 4483 2682 4550 peccantium
2729 4484 2968 4536 convitia
3029 4495 3085 4536 et
3140 4483 3446 4536 maledicta.

1873 4573 2027 4640 Quod
2065 4575 2106 4628 si
2165 4588 2271 4628 non
2336 4573 2554 4636 feceris,
2607 4573 2786 4642 lingua
2839 4583 2928 4627 tua
2973 4583 3132 4627 acula
3164 4575 3229 4626 ad
3290 4574 3450 4626 obvia

1873 4681 2100 4736 qumque
2149 4665 2369 4729 abusus,
2434 4666 2727 4718 absurdum
2788 4664 3006 4719 feceris.
3063 4663 3251 4717 Facies
3305 4663 3450 4716 enim

1876 4759 2116 4826 perinde,
2158 4767 2320 4825 atque
2347 4758 2389 4810 si
2421 4756 2798 4810 acutissimum
2852 4769 3046 4810 namus
3095 4755 3356 4825 gladium,
3398 4757 3450 4809 in

1873 4849 2210 4902 necessarios
2240 4847 2444 4900 ferrum
2493 4857 2819 4911 convertas;
2873 4850 2952 4900 vel
2984 4847 3147 4900 robur
3200 4847 3453 4916 viresque

1871 4951 2056 4995 eontra
2093 4942 2237 4992 cives
2266 4951 2386 4992 tuos
2405 4940 2683 5004 adhibeas,
2718 4955 2840 4992 cum
2871 4955 2964 4993 eos
3013 4942 3078 4992 ah
3116 4939 3274 4992 hoste
3313 4955 3442 5007 pro-

1871 5047 2108 5100 pugnare
2152 5043 2453 5100 oportcret,
2503 5041 2556 5083 et
2606 5032 2783 5098 lingua
2832 5032 2882 5084 in
2928 5033 3295 5095 adversarios,
3350 5050 3451 5085 una

1871 5123 2077 5175 amicos
2125 5123 2456 5191 stringenda.
2494 5120 2636 5175 Cave
2681 5123 2865 5192 igitur,
2910 5137 2973 5176 ne
3016 5138 3113 5193 pro
3159 5122 3452 5192 phartuauu

720 5212 848 5277 quin
933 5211 1113 5277 potius
1181 5213 1450 5280 quomodo
1522 5223 1758 5282 oportet,
1801 5223 1976 5268 utere.

1302 5390 1536 5446 V.—\III.'E
1578 5392 1961 5450 LECTIONES
2001 5392 2086 5447 ET
2128 5395 2359 5451 NOTAE.

269 5547 383 5615 (96)
437 5545 538 5597 I‘ro
584 5544 680 5614 τὴν
732 5545 1046 5610 κακοδοξίαν
1101 5548 1347 5602 scribunt
1397 5549 1494 5612 τάς
1539 5554 1765 5606 κακοδο-

195 5619 312 5680 Eia;
350 5616 506 5666 :ttnltn
547 5618 702 5667 t'OtItI.
745 5615 952 5670 pOSSIN.

264 5686 379 5756 (ξιτ)
423 5685 564 5738 Inter
597 5683 897 5749 πλεονεξίας
929 5697 978 5742 et
1025 5687 1162 5739 κατὰ
1214 5689 1367 5745 codd.
1406 5689 1522 5745 Val.
1576 5691 1680 5748 650
1711 5703 1767 5749 et

1873 5555 1982 5628 Alt.
2017 5556 2130 5628 huic
2157 5557 2334 5628 omnia
2368 5557 2648 5628 imor-unda
2685 5567 2994 5626 suggerunt,
3045 5559 3185 5610 κατὰ
3215 5559 3311 5628 τῆς
3346 5561 3452 5614 τῶν

1873 5626 2216 5694 εἱμαρμένην
2265 5621 2404 5676 εἶναι
2452 5626 2717 5692 λεγόντων
2749 5621 2994 5696 ἀλογίας,
3046 5630 3186 5681 κατά
3218 5621 3316 5696 τῆς
3345 5632 3450 5685 τῶν

1873 5697 2278 5764 αὐτοματισμὸν
2314 5697 2732 5764 φανταζομένων
2761 5700 2964 5765 ἀνοίας,
3002 5699 3142 5752 κατὰ
3176 5716 3223 5754 τ.
3269 5701 3341 5754 ιω.
