3992 6438
545 211 681 277 ί395
1763 211 1824 270 3.
1867 207 2157 268 ISIDORI
2199 207 2636 266 PELUSIUTB
3641 185 3770 253 1390

710 324 871 381 CXX.
915 353 986 368 σ-
1043 323 1338 385 HYPATIO
1383 322 1588 379 REMP.
1639 321 1961 379 CEBENTI.
2126 331 2172 384 Α

2126 331 2172 384 Α
2411 324 2542 376 ΡΚ’.
2580 349 2649 362 -ο
2697 315 2949 386 ΥΠΑἹΊῼ
2988 307 3554 376 ΠΟΛΙΤΕΥΟΜΕΝῼ.

1299 439 1721 495 Procrauinatto
1772 441 2148 495 emendationis
2183 441 2393 494 tandem
2429 438 2522 492 Dei
2557 439 2690 490 iram
2733 438 2996 501 provocat.

616 549 846 612 Norunt,
886 551 1099 618 opinor,
1132 564 1320 604 omnes
1363 565 1456 604 eos
1491 551 1579 618 qui
1620 550 1670 604 in
1703 551 1862 606 rebus
1907 567 2100 622 geren-

2277 551 2401 606 Ὀτι
2427 550 2522 620 μὲν
2550 551 2596 600 οἰ
2625 544 3046 612 ἀναϐαλλόμενοι
3079 539 3280 609 πρᾶξαι
3301 551 3369 588 τα
3397 533 3613 594 δέοντα,
3648 529 3772 622 Meis

543 640 626 692 dis
664 641 1022 694 cunctabundi
1075 652 1232 706 sunt,
1272 653 1472 710 cupere
1548 641 1766 713 propius
1833 621 2098 709 inspicere

2206 643 2436 712 ἐγγύθεν
2465 640 2737 710 βούλονται
2765 637 2832 689 τὰ
2858 635 3021 687 δεινά.
3054 634 3135 695 (οί
3165 631 3272 698 γὰρ
3293 627 3381 680 διὰ
3401 622 3680 696 ῥᾳθυμίαν
3700 621 3775 713 είς

543 746 726 784 earum
767 745 944 784 rerum
995 731 1288 784 molestias.
1329 730 1429 797 Qui
1485 712 1626 784 enim
1681 747 1774 800 per
1829 733 2096 797 ignaviam

2204 736 2304 803 τὴν
2334 730 2533 802 ἀρετὴν
2581 727 2972 796 ἐξυϐρίζοντες,
2996 722 3094 784 τὰς
3125 717 3396 788 τιμωρίας
3422 715 3510 784 ἐφ’
3551 712 3777 803 ἑαυτοὺς

545 822 723 875 \irtuti
756 822 1001 892 injuriam
1034 819 1260 886 faciunt,
1293 836 1478 890 pmnas
1503 821 1601 876 sibi
1627 798 1927 885 arcessunt,
1956 838 2094 891 quae.

2205 798 2445 883 ἕλκουσι,
2485 798 2723 887 suos)“;
2768 814 3044 884 μετελθεῖν
3109 811 3234 871 τοὺς
3293 804 3574 870 ἁλόντας)
3627 798 3779 871 οἶμαι

543 931 678 983 quos
706 911 1181 986 apprehenderint,
1228 917 1404 981 avide,
1457 917 1696 982 graviter
1739 916 2095 975 ulciscuntur.

2205 913 2415 974 πάντας
2459 909 2690 961 εἰδέναιο
2738 906 2818 957 ὅτι
2845 904 2901 956 δὲ
2939 905 3013 964 είς
3056 898 3303 957 κολάσεις
3353 893 3779 964 περιστήσονται

543 1006 693 1072 Quod
722 1021 846 1062 vero
872 1008 923 1060 in
944 1007 1136 1064 delicta
1165 1007 1390 1060 ultiones
1415 1007 1719 1070 constituta:
1741 1017 1938 1075 paratae
1971 1008 2097 1072 sint,

2203 1005 2272 1067 τά
2314 999 2796 1071 πλημμελήματα,
2845 994 2911 1047 ἂν
2955 992 3030 1063 μὴ
3067 989 3322 1062 μετανοίᾳ
3361 981 3775 1075 θεραπευθῶσι,

544 1095 708 1166 589
739 1097 835 1151 nisi
871 1098 1196 1166 poenitentia
1237 1098 1455 1152 accedat
1493 1100 1776 1164 medicina,
1814 1097 1938 1158 Noae
1963 1099 2100 1152 dilu-

2211 1095 2307 1148 καὶ
2334 1095 2362 1146 ὀ
2392 1088 2796 1157 κατακλυσμὸς,
2828 1083 3005 1138 καὶτὰ
3031 1083 3124 1134 ἐπὶ
3155 1076 3460 1147 Σοδομιτῶν
3488 1071 3779 1166 συμϐάντα

546 1162 709 1247 vidui,
742 1162 966 1255 quaeque
998 1187 1049 1238 in
1091 1186 1340 1246 Sodomis
1386 1193 1718 1254 acciderunt,
1765 1162 1955 1258 aperte
1987 1188 2100 1242 cla-

2207 1184 2504 1256 διαρρἡην
2685 1175 2802 1246 Ἐφ’
2821 1171 2918 1238 ὧν,
2945 1177 2993 1227 εἰ
3021 1173 3115 1226 καὶ
3146 1167 3403 1258 μέλλησίς
3426 1162 3778 1258 τιςᾼγὲγονεν,

545 1285 712 1328 mam.
746 1275 850 1330 Pro
872 1278 1064 1347 quibus
1082 1281 1182 1333 etsi
1203 1283 1473 1338 cunctatio
1497 1282 1566 1336 sit
1600 1297 1662 1336 ac
1689 1281 2104 1351 procrastinalio

2205 1251 2469 1332 illi-cibi
2505 1275 2583 1336 είς
2612 1271 2761 1332 τέλος
2805 1267 3060 1337 ἀκίνητος
3098 1263 3335 1334 ἔμεινεν,
3369 1257 3403 1327 ἢ
3448 1254 3611 1325 μόλις
3657 1251 3781 1321 μὲν⁸

545 1368 811 1434 qutmlam,
848 1384 951 1424 non
988 1377 1166 1424 tamen
1217 1372 1269 1425 in
1325 1374 1483 1429 linem
1516 1373 1818 1437 differetur,
1860 1372 1942 1426 vel
1995 1371 2104 1427 fere

1434 1390 1483 1429 tn
1516 1373 1818 1437 differetur,
1860 1372 1942 1426 vel
1995 1371 2104 1427 fere
2206 1369 2422 1430 πάντως
2456 1364 2514 1417 δὲ
2541 1362 2832 1432 κινουμένη
2863 1359 3007 1428 δίκη.

548 1457 784 1522 quidem,
815 1475 917 1513 non
950 1461 1161 1527 penitus
1188 1469 1364 1516 tamen
1408 1477 1563 1532 ptena
1596 1463 1822 1517 tollitur.

773 1567 955 1623 CXXI.
987 1597 1036 1611 —-
1079 1567 1375 1628 OPHELIO
1405 1573 1877 1630 GRAMMATICO.
2138 1572 2178 1625 Β

2138 1572 2178 1625 Β
2457 1570 2632 1622 PKA'.
2669 1595 2736 1605 —
2765 1563 3006 1635 ΩΦΕΔΙῼ
3044 1557 3532 1626 ΓΡΔΜΜΔἹΊΚῼ.

1749 1667 1823 1721 De
1855 1667 2112 1721 Laconica
2162 1666 2398 1720 oratione
2433 1661 2566 1732 (98).

617 1777 750 1832 Cum
796 1778 960 1833 multa
1016 1779 1308 1836 funduntur
1374 1783 1556 1848 verba,
1589 1793 1642 1840 et
1697 1785 1999 1854 importuna
2045 1782 2104 1838 Iit

2283 1779 2397 1848 Ούχ
2427 1779 2552 1830 ὅταν
2582 1774 2748 1836 πολὺς
2780 1773 2808 1826 6
2836 1771 2993 1838 λόγος
3035 1767 3153 1841 ῥέῃ,
3187 1765 3280 1818 καὶ
3306 1761 3411 1854 ἔξω
3435 1761 3548 1854 τῶν
3573 1758 3785 1854 accipit?

551 1867 746 1934 oratio,
781 1884 884 1923 non
913 1882 1194 1940 prepterea
1227 1871 1536 1927 admiranda
1567 1884 1668 1938 est,
1699 1876 1791 1929 sed
1821 1889 1940 1930 cum
1979 1873 2104 1929 bre-

2212 1845 2467 1942 φέρηται,
2496 1865 2806 1936 θαυμαστός
2841 1865 3016 1916 ἐστιν·
3043 1858 3158 1913 ἀλλ’
3196 1857 3324 1910 ὅταν
3352 1852 3560 1924 βραχὺς
3603 1849 3700 1919 μὲν

552 1959 632 2011 vis
668 1959 882 2028 quidem
931 1963 1255 2030 prolixitate,
1287 1963 1439 2034 longa
1489 1979 1615 2020 vero
1646 1965 1717 2019 sit
1743 1964 2009 2028 sensibus,
2041 1979 2104 2020 ac

2209 1966 2286 2036 τῷ
2326 1966 2512 2036 μήκει,
2536 1963 2702 2024 πολὺς
2721 1961 2777 2014 δὲ
2802 1961 2914 2024 τοῖς
2949 1956 3321 2027 ἐνθυμήμασι,
3351 1951 3444 2004 καί⁵
3471 1950 3532 2001 δν
3560 1947 3640 2017 τῷ
3668 1963 3784 2000 συν-

550 2051 888 2119 cotnpendio,
917 2063 1175 2122 quantum
1229 2065 1311 2110 est
1353 2056 1484 2111 satis
1527 2057 1828 2120 continens,
1860 2055 1961 2109 loci
2006 2069 2105 2126 op-

2211 2058 2362 2128 τόμῳ
2379 2057 2440 2109 τὸ
2456 2053 2865 2120 άπαράλειπτον
2884 2050 3044 2121 ἔχων,
3076 2049 3182 2100 ύπδ
3199 2044 3292 2098 τοῦ
3316 2041 3512 2113 καιροῦ
3543 2039 3779 2110 μάλιστα

550 2141 876 2208 portunitate
907 2145 1140 2200 maxime
1172 2145 1404 2200 animata
1435 2145 1665 2202 vividior
1699 2156 1939 2214 apparet.

1653 2163 1665 2195 ί
1699 2156 1939 2214 ³ΡΡ³¹⁹θιο
2213 2148 2508 2220 ψυχωθεὶς,
2548 2143 2923 2214 ζωτικώτερος
2951 2139 3229 2210 φαίνηται.

623 2278 828 2340 CXXII.
862 2312 929 2322 —
963 2281 1408 2341 MARTINIANO.
1447 2282 1719 2350 ZOSIMO,
1749 2282 2034 2350 MARONI,

2285 2283 2457 2337 PKB‘.
2507 2308 2578 2321 —
2614 2272 3381 2350 ΜΑΡΤῃῖίέδᾳλ-ζΩΣΙΜῼ,
3421 2267 3714 2332 meum,

1126 2351 1532 2409 EUSTATHIO.
1705 2342 1718 2350 '
2022 2342 2033 2350 '

1705 2342 1718 2350 '
2022 2342 2033 2350 '
2813 2342 3166 2412 ΕΥΣΤᾹΘΙῼ.

1507 2441 1846 2510 Reme/tendit
1878 2447 2106 2513 ipsorum
2133 2445 2482 2515 impudentem
2512 2441 2819 2511 nequitiam.

621 2575 849 2641 Quando
871 2591 975 2630 non
1007 2576 1177 2631 solum
1201 2591 1304 2632 non
1336 2577 1500 2646 pudet
1522 2591 1616 2630 vos
1639 2590 1701 2631 ea
1729 2588 1964 2644 patrare,
1993 2591 2110 2646 quae

2299 2573 2517 2644 Ἐπειδὴ
2542 2574 2601 2626 ού
2637 2571 2715 2642 τῷ
2751 2571 2910 2641 μόνον
2944 2566 3347 2638 διαπράξασθαι
3374 2564 3570 2628 ταῦτα,
3606 2561 3642 2615 ἃ
3683 2580 3787 2632 μη-

555 2679 713 2719 nemo
761 2664 916 2728 alius,
972 2665 1191 2722 infamia
1237 2666 1509 2732 laborans,
1566 2667 1876 2730 committit,
1924 2682 2108 2721 verum

2215 2671 2324 2734 δεὶς
2351 2668 2567 2723 πώποτε
2597 2667 2754 2728 ἄλλος
2781 2665 2888 2718 τῶν
2917 2665 3008 2716 ἐπὶ
3031 2664 3142 2725 τοῖς
3175 2659 3474 2730 αἰσχίστοις
3514 2656 3786 2728 βεϐοημέ-

556 2757 717 2809 etiam
755 2757 974 2826 gloriari
1005 2757 1214 2813 audetis
1244 2757 1309 2818 de
1333 2758 1418 2822 iis,
1449 2771 1567 2826 quae
1595 2757 1875 2812 obscurari
1910 2773 1973 2810 ac
2005 2759 2110 2828 tegi

2218 2775 2346 2822 νων,
2372 2755 2634 2826 αἰσχύνην
2662 2753 2976 2824 ὠφλήκατε,
3005 2750 3140 2804 ἀλλὰ
3170 2750 3264 2801 καὶ
3291 2746 3366 2816 τῷ
3388 2744 3786 2816 ὲναϐρύνεσθαι

555 2856 672 2901 erat
711 2861 944 2916 atqunm,
974 2847 1026 2902 in
1078 2863 1142 2902 eo
1174 2862 1388 2902 omnem
1439 2849 1732 2917 superastis
1780 2850 2108 2914 amentiam;

2216 2850 2300 2916 ἐφ’
2346 2843 2427 2910 οἷς
2470 2844 2905 2914 ὲγκαλύπτεσθαι
2944 2843 3172 2908 δίκαιον,
3209 2843 3388 2894 πᾶσαν
3427 2837 3791 2910 ὑπερηκοντι-

556 2935 755 2989 ideirco
796 2936 862 2990 ad
895 2951 991 2990 vos
1027 2936 1140 2991 haec
1188 2936 1312 2990 duxi
1366 2935 1780 3005 praeseribenda.
1831 2935 1938 2992 Illis
1965 2938 2109 2992 enim

2215 2957 2338 2993 σατε
2386 2940 2611 3010 μανίαν·
2653 2937 2859 2990 δίκαιον
2905 2935 3092 3007 ᾠήθην
3155 2933 3317 2986 τοῦτο
3361 2929 3604 3002 χαράξαι
3653 2929 3791 3000 πρὸς

555 3031 704 3079 tanto
727 3023 1020 3080 deteriores
1053 3025 1206 3089 estis,
1236 3027 1375 3093 quod
1417 3039 1533 3092 quae
1567 3025 1663 3093 ipsi
1713 3024 1926 3093 quidem
1963 3039 2112 3078 com-

2215 3032 2352 3100 ὑμᾶς
2392 3031 2452 3082 τὸ
2495 3029 2748 3099 γράμμα.
2792 3025 3046 3096 Τοσούτῳ
3091 3024 3202 3093 γὰρ
3260 3023 3486 3076 ἐκείνων
3530 3021 3682 3084 ἐστὲ,
3719 3019 3791 3083 ὦς

560 3117 823 3174 miserunt
851 3117 1094 3181 crimina,
1131 3117 1394 3182 texerint;
1429 3131 1525 3170 vos
1568 3127 1752 3169 contra
1788 3117 1840 3169 in
1876 3117 1939 3170 iis
1961 3130 2111 3169 arro-

2217 3137 2362 3190 φασι,
2390 3119 2624 3191 χείρους,
2650 3120 2770 3171 ὅσον
2805 3119 3001 3170 ἐκεῖνοι
3033 3115 3301 3186 ἔπραττον
3357 3113 3479 3180 μὲν,
3519 3112 3793 3182 ἔκρυπτον

556 3219 749 3276 ganter
779 3223 870 3263 vos
889 3207 1123 3275 iactatis.
1154 3208 1432 3263 Summum
1457 3223 1585 3263 vero
1613 3208 1872 3262 malorum
1901 3207 2111 3262 illorum

2217 3213 2268 3265 δέ
2299 3227 2312 3241 ·
2347 3213 2504 3282 ὑμεῖς
2533 3210 2590 3264 δὲ
2635 3210 2728 3264 καὶ
2769 3207 3260 3278 ἐγκαλλωπίζεσθι.
3295 3205 3397 3258 Τὸν
3431 3205 3488 3256 δὲ
3511 3203 3793 3271 κολοφῶνα

557 3313 678 3352 esse
708 3298 967 3364 referunt,
1005 3300 1145 3369 quod
1178 3299 1229 3353 bi
1261 3299 1414 3359 vobis
1447 3299 1724 3353 videantur
1748 3298 1999 3363 delirare,
2023 3299 2111 3368 qui

2217 3306 2324 3359 τῶν
2361 3305 2547 3362 κακῶν
2575 3306 2800 3358 ἐκείνων
2833 3299 2972 3357 εἷναί
3005 3318 3186 3370 φασιν,
3233 3302 3314 3353 ὅτι
3352 3300 3445 3352 καὶ
3502 3295 3793 3365 μαίνεσθαι

563 3392 784 3444 honeste
813 3390 1030 3458 degunt,
1063 3398 1117 3442 et
1146 3389 1381 3444 irridetis
1419 3403 1530 3452 eos,
1555 3403 1643 3457 qui
1672 3403 1768 3444 vos
1802 3389 2110 3447 admonent.

2222 3400 2352 3468 ύμῖν
2376 3397 2622 3451 δοκοῦσιν
2651 3397 2700 3448 oi
2733 3396 2974 3465 κοσμίως
2999 3393 3220 3459 ζῶντες,
3257 3392 3350 3446 καὶ
3386 3391 3728 3462 παραπαίειν
3747 3389 3793 3440 οἱ

561 3480 687 3543 Quae
710 3494 828 3532 eum
860 3480 932 3533 ita
957 3479 1083 3545 sint,
1117 3479 1307 3548 ecquid
1348 3480 1498 3535 vobis
1541 3481 1783 3538 relictum
1817 3489 1902 3534 est
1935 3487 2116 3547 patro-

2223 3487 2598 3559 παραινοῢτες.
2651 3487 2785 3542 Ποία
2817 3482 2909 3540 οὗν
2967 3487 3094 3556 ὑμῖν
3137 3484 3436 3552 λελείψεται
3485 3481 3791 3550 ἁπολογία;

558 3569 800 3623 ciuium?
825 3581 943 3640 Qua:
976 3569 1411 3626 commiseratio?
1455 3585 1636 3640 ecquae
1669 3571 1824 3634 venia
1872 3571 2116 3641 reliqua?

1973 3572 2116 3641 qua?
2221 3581 2306 3644 τίς
2337 3580 2502 3642 ἔλεος,
2537 3578 2665 3632 ποία
2700 3578 3027 3648 συγγνώμη;
3064 3576 3176 3629 υύκ
3208 3575 3314 3645 ἔχω
3345 3574 3549 3642 λέγειν.

561 3659 816 3728 Equidem
851 3677 956 3717 non
990 3664 1160 3719 habeo
1185 3663 1381 3719 dicere.

1012 3792 1238 3850 CXXIII.
1272 3825 1340 3835 —
1374 3793 1651 3850 ΤΗΟΜΑΞ.

2747 3799 2917 3850 ΡΚΔ’.
2950 3825 3023 3837 --
3049 3795 3255 3865 eum.

1190 3883 1429 3940 Eternis
1460 3895 1508 3939 et
1547 3885 1810 3938 mansuris
1844 3883 2214 3940 adhwrendum
2242 3907 2262 3952 ;
2287 3890 2522 3956 peritura
2549 3899 2722 3942 autem
2763 3886 3156 3940 contemnenda.

633 3993 755 4048 Haac
783 3994 1218 4053 possessionibus
1251 3995 1361 4049 sola
1395 3995 1750 4058 ascribamus,
1781 3993 1975 4062 quibus
2005 4009 2124 4048 cum

2295 3999 2476 4069 Μόνης
2508 4000 2606 4068 τῆς
2651 4000 2896 4070 κτήσεως
2947 3998 3169 4065 ἐκείνων
3213 3994 3488 4066 ἐχώμεθα,
3543 3987 3620 4048 ὧν
3662 3993 3795 4064 μετὰ

562 4085 667 4140 erit
697 4085 1054 4152 moriendum,
1086 4100 1220 4154 Opus
1247 4087 1372 4142 erit.
1402 4085 1626 4157 Reliqua
1662 4099 1788 4140 vero
1818 4095 2128 4142 contemna-

2231 4090 2329 4161 τὴν
2354 4089 2676 4160 ἀπαλλαγὴν
2693 4089 2844 4142 τοῦδε
2880 4087 2975 4141 τοῦ
3007 4087 3122 4158 βίον
3152 4086 3532 4158 δεηθησόμεθα
3552 4103 3568 4117 ⁶
3603 4087 3711 4140 τῶν
3741 4086 3796 4140 δὲ

563 4190 700 4232 mus.
2159 4179 2206 4236 D
2231 4179 2434 4234 λοιπῶν
2464 4181 2776 4251 καταφρονή
2785 4197 2987 4250 σωμιν.

737 4285 971 4342 CXXIV.
999 4318 1066 4328 —
1096 4285 1486 4343 IIARPOCBE
1522 4287 1901 4352 SOPIIISTAS.

1895 4329 1901 4341 .
2495 4289 2666 4342 er'.
2702 4317 2770 4328 -
2803 4288 3134 4358 aeneum
3163 4288 3471 4358 ΣΟΦΙΣΤῌ.

1870 4381 2163 4436 Celtibenda
2193 4381 2475 4436 calumnia.

641 4490 1065 4548 Calumniantem
1113 4495 1222 4546 fere
1284 4493 1562 4548 universos
1613 4494 1822 4548 refrena
1877 4497 2124 4565 graviore

2301 4497 2404 4549 Τὸν
2449 4495 2806 4549 διαϐάλλοντα
2856 4495 3042 4565 σχεδὸν
3071 4496 3203 4548 πᾶσι
3253 4492 3481 4557 πάντας,
3537 4495 3796 4566 ἐμϐριθε-

571 4583 1002 4648 comminatione,
1027 4598 1091 4643 ne
1117 4584 1374 4653 supplicio
1407 4594 1590 4654 postea
1631 4586 1884 4654 indigeat.

2233 4591 2402 4658 στέρᾳ
2433 4588 2627 4658 ἀπειλῇ
2669 4589 3001 4657 σωφρόνισον
3020 4605 3034 4618 ·
3066 4588 3152 4640 ἵνα
3181 4587 3256 4657 μὴ
3282 4587 3552 4658 τιμωρίας
3575 4586 3799 4659 ὕστερον

2230 4681 2460 4752 δεηθείη.

1061 4794 1269 4848 CXXV.
1307 4824 1374 4834 -—-
1409 4793 1634 4848 EIDEM.

2677 4789 2849 4845 PKE'.
2881 4818 2951 4828 -
2983 4788 3069 4860 To
3102 4789 3300 4858 ΔΥΤῼ.

1751 4889 1829 4941 Ad
1860 4891 2146 4958 frequentes
2179 4889 2380 4940 litteras
2410 4884 2610 4938 invitat.

644 4995 866 5059 Quoties
915 5006 1032 5050 tuas
1085 4997 1289 5064 accipio
1338 4998 1545 5053 litteras
1593 4999 1824 5054 disertas
1876 5001 2014 5064 illas,
2078 5012 2130 5056 et

2314 4999 2502 5052 Ἠνίκα
2546 4997 2848 5068 γράμματα
2897 4995 3153 5065 δεχοίμην
3191 4993 3291 5062 τῆς
3323 4993 3421 5060 σῆς
3468 4993 3801 5060 λογιότητος,

577 5085 738 5152 multa
773 5087 943 5148 disco,
991 5099 1045 5141 et
1077 5103 1322 5156 magnam
1360 5089 1480 5146 inde
1512 5089 1661 5157 capio
1693 5091 1994 5145 utilitatem.
2040 5093 2133 5146 Est

2234 5092 2326 5144 καί
2378 5088 2711 5149 παιδεύσεως
2765 5084 3099 5155 πληροῦμαι,
3164 5083 3257 5134 καλ⁵
3313 5081 3520 5152 σφόδρα
3569 5080 3801 5148 γέγηθα.

579 5178 719 5230 enim
762 5180 812 5230 in
852 5179 914 5232 iis
964 5189 1016 5231 et
1042 5177 1284 5244 affectus,
1332 5190 1385 5234 et
1420 5180 1702 5237 verborum
1735 5181 1833 5234 vis.
1863 5180 1918 5234 Si
1955 5192 2131 5238 autem

2239 5182 2394 5233 Ἔστι
2424 5180 2532 5248 γάρ
2582 5181 2638 5228 ὲν
2665 5177 2843 5239 αὐτοῖς
2872 5177 2966 5227 καὶ
2993 5175 3308 5235 διαθέσεως,
3335 5173 3429 5225 καὶ
3482 5171 3661 5238 λόγων
3686 5173 3803 5221 επί-

585 5258 915 5330 ιιςιιὶὺει-εάύ
953 5285 1036 5324 me
1060 5271 1345 5339 aliquando
1375 5271 1638 5337 cessabis,
1669 5272 1967 5327 discrucior
1989 5277 2137 5340 equi-

2239 5268 2422 5333 δειξις.
2457 5269 2518 5319 Εἰ
2548 5267 2604 5319 δὲ
2641 5266 2778 5334 πρὸς
2814 5264 2983 5334 βραχὺ
3016 5263 3270 5332 ὑπέρθοιο
3301 5261 3362 5312 τὸ
3395 5261 3654 5330 γράφειν,
3685 5258 3801 5311 λίαν

1677 5448 1908 5502 VARUS
1944 5447 2324 5510 LECTIONES
2357 5446 2440 5499 ΕΤ
2483 5445 2717 5499 ΝΟΤᾹΞ.

657 5595 764 5666 (98)
806 5597 878 5652 De
903 5598 1214 5654 Laconismo
1239 5601 1397 5656 etiam
1425 5601 1637 5670 elegans
1662 5600 1900 5670 Gregorii
1936 5598 2253 5655 Naziunmni
2284 5609 2458 5653 exstat
2489 5602 2553 5652 ad
2585 5598 2895 5654 Nicobulum
2929 5599 3178 5667 cpistola.
3214 5599 3452 5650 Scno'r'r.
