3992 6426
176 207 309 274 I391

1069 213 1608 276 EPISTOLARUM,
1639 214 1786 275 LIB.
1821 214 1887 275 ν.
1917 239 1986 249 -
2017 213 2261 275 EPIST.
2297 212 2620 275 CXXVIII.

3297 203 3432 270 130';

167 325 391 395 ἀθυμῶ,
423 323 517 378 καὶ
566 323 663 394 τὴν
714 323 957 392 γλῶτταν
988 323 1358 396 ἀμϐλύνομαι,
1391 325 1515 394 οὔτε
1543 325 1639 396 τῆς
1666 325 1754 377 εὑ-

1872 325 1980 379 lem
2014 326 2238 379 nimlmn
2288 334 2571 394 quantum,
2605 330 2660 377 et
2703 321 2880 392 lingua
2915 327 3108 390 torpet,
3143 333 3315 384 neque
3346 317 3440 370 Ia:-

171 414 452 484 φροσύνης
500 432 587 484 μοι
621 415 1081 486 προσγινομένης,
1111 414 1234 468 οὔτε
1267 417 1364 486 τῆς
1396 415 1504 469 ἀπὸ
1531 415 1639 467 τῶν
1664 415 1755 468 λό-

172 523 290 572 γων
318 506 605 574 ὠφελείας.
634 506 726 577 Μὴ
771 506 949 559 τοίνυν
979 506 1150 559 ἁδίκει
1180 506 1271 560 τὸν
1315 508 1415 576 τῆς
1453 505 1634 576 φιλίας
1666 507 1755 558 θε-

1859 426 1968 472 tum
2000 417 2127 485 quid
2178 417 2394 480 accidit,
2434 428 2608 486 neque
2642 415 2930 469 utilitatem
2981 411 3219 481 percipio
3246 425 3274 462 e
3311 423 3431 463 ser~

1856 521 2017 560 mone
2053 516 2165 561 tuo.
2195 505 2314 560 Noli
2344 506 2527 573 itaque
2575 504 2828 558 amicitiae
2863 503 3040 557 [ωιιιιε
3075 500 3302 560 violare.
3343 497 3437 552 sed

174 597 313 662 σμὸν
343 598 474 668 (99),
509 598 642 651 ἀλλὰ
691 599 903 668 συχνῶς
937 599 1140 669 γράφε.
1189 597 1344 652 Οὕτω
1384 599 1491 668 γὰρ
1522 599 1622 670 ἔσῃ
1668 616 1756 670 μοι

1872 595 2172 666 ῗιειιιιοιιιει·
2204 595 2404 652 scribe.
2439 594 2530 650 Sic
2571 596 2700 650 mihi
2732 593 2888 664 Ionge
2913 591 3009 646 lies
3043 589 3284 645 cliarior.

174 683 340 738 πλέον
375 686 790 756 κεχαρισμένοςο

612 799 802 866 Ριςςο.
843 828 911 840 —
947 801 1292 873 ΦΙΛΗΤΡῙῼ.

2167 799 2332 870 590
2363 797 2604 854 cxxw.
2637 828 2708 840 —
2737 794 3123 854 Ριιιιετιιιο.

492 890 569 944 De
599 889 848 944 Ecclesia:
876 891 1174 947 vulneribus
1203 892 1441 961 ritiisquc
1477 891 1850 958 persauaudis,
1895 898 2062 946 aurea
2100 891 2344 961 epistola.
2381 890 2596 961 Confer.
2619 891 2780 959 ‘epist.
2811 890 2877 944 21
2918 899 2964 943 et
2994 886 3111 953 '57.)

260 1003 426 1072 Ἐγὼ,
454 1003 532 1055 ὅτι
570 1001 669 1070 μὲν
715 1001 904 1072 πρώην
939 1005 972 1073 ὴ
1014 1001 1108 1056 τοῦ
1159 1001 1398 1074 Χριστοῦ
1454 1003 1751 1074 Ἐκκλησία

171 1096 272 1148 καὶ
310 1095 438 1157 τοὺς
469 1092 822 1157 διδασκάλους
857 1091 968 1165 εἶχε
1004 1094 1313 1166 λαμπροὺς,
1343 1094 1441 1149 καὶ
1472 1099 1598 1158 τοὺς
1633 1111 1753 1164 est-

169 1183 347 1256 τητὰς
375 1183 714 1254 εὐδοκίμους,
745 1184 888 1255 μάλα
913 1184 1157 1257 ἀκριϐῶς
1189 1181 1304 1239 οῖδα
1327 1204 1341 1217 ο
1365 1187 1461 1239 κα)⁸
1489 1185 1576 1238 ἐπ’
1616 1185 1752 1256 ἐμοῦ

1930 1004 2105 1060 Probe
2131 1003 2368 1073 quidem
2411 1004 2534 1058 novi
2576 1003 2626 1056 in
2667 1001 2867 1057 Christi
2919 999 3152 1069 primum
3200 996 3442 1054 Ecclesia

1860 1101 2113 1156 doctores
2147 1099 2393 1170 egregios
2422 1097 2707 1160 claruisse,
2737 1096 2975 1163 itemque
2998 1094 3252 1164 probatos
3280 1093 3444 1149 disci-

1861 1190 2017 1262 pulos
2047 1209 2060 1245 :
2086 1200 2141 1246 et
2170 1204 2290 1245 meo
2317 1191 2532 1259 quidem
2566 1197 2829 1256 tempore,
2884 1201 2987 1241 non
3035 1183 3172 1240 olim
3211 1194 3439 1250 tantum,

169 1278 306 1348 γὰρ,
337 1276 457 1347 οὐχὶ
482 1275 650 1330 πάλαι
683 1277 864 1346 μόνον,
891 1277 1082 1346 γέγονε
1112 1277 1287 1332 ταῦτα
1311 1278 1598 1350 ἀμφότερα
1620 1293 1631 1306 ·
1660 1279 1743 1332 ὅτι

1872 1288 2145 1347 ttrumque
2177 1278 2369 1332 horum
2397 1277 2598 1332 factum
2619 1289 2725 1332 est.
2751 1275 2805 1330 id
2835 1285 3015 1329 autem
3051 1273 3212 1329 hodie
3242 1274 3444 1344 impos-v

168 1366 232 1418 δὲ
271 1367 364 1420 καὶ
395 1363 489 1417 νῦν
529 1365 690 1418 τοῦτο
721 1366 822 1419 οὐκ
875 1365 1022 1418 ἐστιν
1051 1365 1312 1420 ἀδύνατον
1353 1365 1631 1434 γενέσθαι,
1672 1365 1746 1430 ὣς

1851 1370 2026 1436 sibila,
2048 1379 2103 1424 ut
2122 1379 2176 1424 tu
2206 1370 2422 1440 quidem
2447 1369 2668 1432 scribis,
2689 1383 2757 1422 no
2772 1383 2804 1422 ιι
2837 1380 2979 1431 esse,
3004 1367 3106 1419 sed
3129 1365 3241 1420 ﬁeri
3263 1380 3440 1435 posse,

171 1457 304 1526 φὴς,
345 1454 481 1509 ἀλλὰ
521 1454 767 1518 δυνατὸν,
800 1456 899 1508 οὐκ
931 1455 1075 1509 ἔστιν
1125 1456 1450 1526 ἀμφίϐολον.
1495 1454 1620 1510 Ἐὰν
1641 1457 1750 1527 γὰρ

1874 1461 2054 1514 nemini
2091 1461 2313 1514 dubium
2365 1471 2466 1515 est.
2509 1460 2565 1515 Si
2601 1459 2747 1514 enim
2796 1472 2884 1514 res
2935 1458 3036 1512 ista
3094 1456 3160 1510 ab
3211 1457 3296 1520 iis,
3347 1457 3440 1524 qui

170 1547 328 1618 παρὰ
352 1547 461 1602 τῶν
486 1545 783 1618 ὑφηγητῶν
807 1546 1040 1618 βεϐαίως
1075 1548 1313 1620 ὑπάρξῃ,
1341 1549 1438 1601 καὶ
1467 1549 1754 1620 παυσάμε-

1857 1562 2114 1622 prmsunt,
2159 1553 2332 1609 solide
2387 1552 2598 1607 initium
2651 1561 2850 1615 sumat,
2901 1559 2956 1606 et
3008 1549 3104 1615 illi,
3158 1547 3444 1619 tyrannide

170 1655 254 1692 νοι
289 1637 389 1707 τῆς
423 1638 735 1711 τυραννίδος
761 1640 1034 1710 πατρικὴν
1075 1641 1404 1712 κηδεμονίαν
1437 1640 1747 1705 ιπιδείξων-

1872 1646 2055 1711 posita,
2089 1645 2510 1700 sollicitudinem
2542 1659 2696 1699 suam
2730 1656 3024 1711 curamque
3054 1655 3180 1712 erga
3208 1639 3440 1709 patriam

245 1691 248 1692 ,
346 1691 386 1707 ,,
440 1691 445 1692 ,
491 1691 503 1711 ,
576 1691 581 1692 ,
715 1691 733 1702 ,
811 1691 821 1692 ,
879 1691 890 1710 ,
938 1691 1022 1710 ην

169 1746 288 1796 ται,
319 1730 438 1782 τότε
474 1728 569 1782 καὶ
605 1728 734 1799 περὶ
787 1727 883 1780 τοῦ
914 1729 1034 1782 τίνα
1064 1729 1267 1800 τρόπον
1315 1729 1656 1800 σωθήσονται
1701 1731 1749 1784 οί

2089 1691 2510 1700 --.-.-.-.--------.-
2543 1691 2696 1699 --.__-_
3060 1691 3178 1712 ww
3209 1691 3260 1709 τ-
3287 1691 3315 1692 η
3358 1691 3382 1692 η

1872 1737 2221 1798 Jstenderint,
2250 1745 2378 1790 tunc
2412 1735 2575 1789 etiam
2623 1749 2726 1802 qua
2759 1735 2970 1787 ratione
3012 1730 3208 1785 salvari
3242 1736 3446 1799 queant

172 1821 427 1889 ὑπήκοοι,
481 1817 699 1884 ἐξέσται
751 1819 1012 1872 σκοπεῖν·
1074 1819 1203 1884 πρὶν
1256 1818 1314 1872 δὲ
1368 1817 1468 1888 τὴν
1513 1818 1753 1890 κρηπίδα

167 1909 350 1978 ὀρθῶς
387 1908 703 1975 ὑποθέσθαι,
747 1909 869 1963 λίαν
913 1910 1168 1981 περιττὸν
1200 1909 1465 1981 ἡγοῦμαι,
1497 1910 1589 1964 τὸν
1624 1910 1754 1984 περὶ

174 2001 284 2072 τῆς
321 2001 614 2072 κορωνίδος
644 2001 916 2055 ποιεῖσθαι
962 2001 1137 2071 λόγον.
1176 2003 1251 2056 Ού
1285 2001 1391 2074 γὰρ
1422 2001 1754 2073 ἐθελήσωσιν

167 2096 392 2158 ἐκείνοι,
427 2091 531 2146 κᾶν
590 2094 851 2163 μυριάκις
877 2094 1174 2159 ἀκούσωσι,
1213 2092 1518 2161 πείθεσθαι,
1564 2091 1631 2146 ἂν
1677 2094 1752 2164 μὴ

165 2185 258 2239 διὰ
284 2186 630 2256 πραγμάτων
672 2185 914 2256 μάθοιεν.
959 2187 1021 2242 '0
1055 2185 1155 2256 μὲν
1182 2181 1280 2240 οὖν.
1319 2184 1515 2258 παρὼν
1562 2185 1754 2257 καιρὸς

167 2277 268 2329 καὶ
317 2275 512 2348 βουλῆς
544 2278 640 2330 καὶ
671 2276 927 2348 προνοίας
957 2278 1130 2331 δεῖται
1161 2277 1360 2348 πολλῆς
1381 2294 1394 2307 ·
1428 2276 1541 2346 ἐγὼ
1565 2278 1622 2331 δὲ
1656 2278 1754 2348 οὐχ

167 2370 198 2421 ὅ
236 2386 290 2420 τι
321 2367 427 2440 χρὴ
461 2368 813 2438 παραινέσαι,
851 2369 1257 2423 δυσκολώτατον
1294 2369 1555 2441 ἡγοῦμαι.
1612 2370 1752 2423 Ἀλλ’

167 2461 354 2512 ἐκεῖνο
394 2459 608 2529 ἀπορῶ,
642 2459 766 2513 τίνα
793 2459 898 2530 χρὴ
931 2461 1135 2532 τρόπον
1163 2463 1304 2532 πρὸς
1329 2462 1528 2524 αὐτοὺς
1553 2463 1749 2531 εἰπεῖν.

168 2551 452 2619 Πείθομαι.
476 2552 584 2621 γὰρ
625 2552 891 2621 ἀκριϐῶς,
923 2552 980 2617 ἐξ
1028 2545 1103 2606 ὧν
1134 2553 1228 2607 καὶ
1251 2551 1442 2624 παρὼν
1473 2554 1565 2606 καὶ
1621 2571 1755 2608 πυνο

170 2645 478 2714 θανόμενος
511 2645 822 2709 σύνοιδα,τὰ
853 2645 1020 2698 πλείω
1045 2645 1154 2700 τῶν
1176 2645 1336 2699 θείων
1362 2645 1752 2717 θεσπισμάτων

161 2735 374 2799 αὐτοὺς
401 2736 684 2806 ἐκφυγεῖν.
711 2734 790 2806 τῷ
831 2735 906 2805 μὴ
930 2735 1105 2788 θέλειν
1139 2735 1207 2788 τὰ
1239 2735 1428 2788 δέοντα
1468 2736 1750 2806 πράττειν,

170 2824 320 2879 οὕτω
354 2826 427 2896 μὴ
468 2826 728 2879 συνιέναι.
764 2826 1021 2897 Παραινῶ
1048 2825 1227 2878 τοίνυν
1252 2826 1456 2892 αὐτοῖς,
1487 2826 1582 2880 ἐὰν
1616 2828 1754 2896 μετὰ

171 2917 494 2988 παρρησίας
533 2917 764 2986 εἴποιμι,
794 2917 978 2987 φέρειν
1006 2917 1184 2981 τοῦτο,
1231 2917 1542 2987 θεωμένους
1568 2919 1616 2970 εί
1653 2920 1753 2971 τὰο

169 3005 318 3076 ληθῆ
349 3004 567 3076 λέξαιμι
610 3007 703 3059 καὶ
737 3005 825 3059 διὰ
853 3005 1032 3070 τοῦτο,
1070 3005 1156 3058 ἵνα
1187 3005 1430 3076 βελτίους
1469 3007 1752 3075 γένωνται.
1783 3041 1830 3102 C

184 3095 286 3152 Ἐκ
329 3096 438 3166 γὰρ
469 3095 564 3150 τοῦ
609 3095 926 3150 κολακεύειν
957 3097 1156 3164 ἐνίους,
1191 3099 1272 3162 είς
1298 3098 1553 3168 τοιαύτην
1586 3116 1762 3169 ταρα-.

170 3185 277 3257 χὴν
296 3186 520 3239 ἐνέπεσε
542 3185 609 3240 τὰ
624 3185 741 3240 τῶν.
754 3186 1100 3256 Χριστιανῶν
1117 3187 1440 3259 πράγματα.
1462 3189 1528 3243 Τί
1543 3185 1636 3250 οὖν
1653 3190 1757 3261 χρὴ

171 3283 386 3344 ποιείνς
439 3279 728 3351 Συντόμως
775 3280 906 3351 ἐρῶ,
942 3283 1036 3336 καὶ
1081 3283 1181 3336 οὐκ
1239 3283 1651 3356 ἀποκρύψομαι.
1695 3285 1757 3338 El

175 3371 279 3441 μὲν
313 3369 516 3437 μύθους
538 3368 798 3440 ἡγοῦνται
827 3371 924 3434 τὰς
954 3372 1106 3435 θείας
1126 3373 1165 3425 Γ
1172 3374 1369 3443 ραφὰς,
1394 3376 1555 3444 σιγὴν
1578 3374 1759 3428 ἁσκεί-

168 3473 389 3511 τωσαν·
418 3459 466 3511 si
488 3458 543 3511 δὲ
563 3460 733 3522 ὅντως
762 3461 1048 3532 οὐρανίους
1070 3462 1327 3533 θεσμοὺς,
1359 3466 1755 3534 πραττέτωσαν

173 3551 422 3621 πρῶτον,
475 3547 594 3606 εἶτα
639 3552 1161 3624 δημηγορείτωσανο
1211 3556 1286 3626 μὴ
1333 3557 1593 3609 τοιούτων
1643 3558 1755 3628 γὰρ

178 3645 362 3700 αὐτῶν
399 3645 589 3713 ὄντων,
628 3649 657 3700 ὁ
686 3645 828 3713 θεῖος
855 3649 1017 3721 νόμος
1044 3649 1325 3704 ἀποκλείει
1353 3651 1415 3704 τὸ
1446 3651 1640 3722 στόμα.

567 3855 742 3912 PKZ'.
770 3882 838 3896 —-
867 3854 1364 3913 ΔΝΕΗΙΓΡΑΦΟΣ.

1860 1825 2088 1894 subditi,
2126 1824 2310 1881 licebit
2337 1825 2541 1879 videre.
2579 1823 2740 1879 Prius
2761 1823 2906 1878 enim
2940 1837 3102 1892 quam
3131 1820 3444 1888 rectejacta

1860 1916 1968 1971 sint
1989 1915 2362 1982 fundamenta,
2392 1915 2459 1970 de
2488 1914 2751 1970 coronide
2778 1912 3106 1983 iastigioque
3136 1923 3445 1967 sermonem

1862 2007 2172 2070 instituere,
2205 2003 2858 2071 valdesupervacaueum
2887 2005 3046 2058 duco.
3080 2000 3266 2071 Neque
3297 1998 3444 2054 enim

1862 2101 2048 2157 volunt
2088 2100 2186 2165 illi,
2222 2099 2325 2155 etsi
2355 2098 2552 2153 millies
2580 2097 3140 2163 audierint,credere,
3161 2094 3260 2149 nisi
3279 2105 3448 2160 expe-

1862 2193 2093 2248 rlmento
2142 2190 2454 2245 didicerint.
2505 2189 2755 2244 Prmsens
2815 2187 2998 2258 itaque
3031 2195 3242 2256 tempus
3274 2183 3446 2240 multo

1862 2287 2063 2357 indiget
2090 2283 2318 2340 consilio
2355 2292 2411 2336 et
2437 2282 2740 2351 prudentia.
2775 2279 2886 2350 Ego
2916 2294 3044 2334 vero
3072 2275 3444 2333 diﬂicillimum

1862 2375 2119 2440 arbitror,
2183 2388 2287 2428 non
2340 2371 2482 2441 quod
2517 2379 2766 2442 oporteat
2800 2368 3124 2432 admonere;
3162 2373 3220 2419 at
3268 2364 3333 2418 de
3379 2376 3447 2416 eo

1860 2462 2071 2528 dubito,
2111 2478 2348 2533 quonam
2406 2463 2566 2517 modo
2627 2460 2957 2530 compellare
3001 2457 3122 2514 illos
3179 2463 3445 2525 oporteat.

1861 2553 2026 2613 Certo
2061 2556 2207 2610 enim
2240 2556 2371 2609 mihi
2405 2555 2710 2623 persuadeo
2741 2553 2922 2617 exiis,
2957 2564 3077 2620 qua:
3097 2557 3154 2604 et
3182 2561 3368 2603 coram
3393 2552 3450 2601 et

1861 2647 2191 2703 sciscitando
2213 2647 2465 2717 cognovi,
2501 2644 2687 2714 lugere
2710 2644 2832 2699 illos
2857 2643 3109 2713 pleraque
3137 2639 3447 2693 divinorum

1862 2741 2248 2804 oraculorum;
2292 2740 2436 2805 quod
2455 2737 2651 2800 nolint,
2685 2750 2806 2805 quze
2839 2742 3072 2812 oportet,
3115 2730 3316 2794 facere,
3352 2742 3450 2783 ne-

1862 2849 1966 2904 que
1997 2834 2298 2890 addiscere.
2333 2831 2695 2898 Quamobrem
2725 2828 2846 2883 illos
2866 2827 3124 2883 exhortor
3147 2823 3230 2896 (ut
3257 2823 3444 2886 libere,

1862 2926 2008 2994 quod
2042 2924 2239 2986 sentio,
2279 2922 2480 2994 dicam)
2512 2921 2781 2992 patienter
2824 2921 2938 2974 ltatc
2985 2916 3151 2984 ferre,
3184 2930 3247 2970 ac
3278 2914 3448 2983 dispi-

1864 3023 2010 3074 cere,
2048 3023 2171 3061 mun
2209 3022 2337 3060 vera
2368 3007 2565 3068 dicam,
2609 3014 2666 3058 ut
2703 3017 2767 3056 ea
2821 3002 3033 3056 ratione
3069 2999 3449 3055 emendentur.

1868 3100 2021 3167 Quod
2049 3099 2194 3154 enim
2228 3104 2579 3151 assentantur
2603 3093 2864 3150 nonnulli.
2899 3092 3103 3152 idcirco
3131 3090 3183 3144 in
3215 3089 3315 3143 itas
3340 3097 3456 3141 ιυιι-

1867 3191 1962 3248 bas
1990 3205 2076 3245 res
2100 3198 2186 3244 est
2210 3187 2519 3244 Christiana
2545 3183 2808 3254 conjecta.
2837 3183 2976 3252 Quid
3004 3183 3167 3258 igitur
3199 3180 3340 3236 facto
3367 3189 3453 3235 est

1866 3280 2044 3352 opus?
2096 3280 2280 3335 Dicam
2334 3278 2508 3344 brevi,
2553 3293 2652 3333 nec
2686 3278 2894 3333 celabo.
2928 3274 2984 3331 Si
3013 3274 3232 3345 quidem
3265 3286 3453 3327 sacras

1867 3375 2106 3431 Litteras
2143 3388 2240 3444 pro
2279 3372 2476 3427 lalmlis
2528 3380 2804 3442 reputant,
2839 3381 2952 3425 tum
2982 3369 3199 3424 sileant.
3233 3366 3292 3422 Si
3322 3381 3452 3421 vero

1865 3473 2138 3526 cmlestcm
2180 3484 2302 3524 esse
2350 3468 2582 3523 credunt
2628 3467 2930 3522 doctrinam
2980 3463 3448 3533 sanctionemque,

1862 3573 2027 3627 opere
2063 3558 2332 3627 illa’prius
2359 3565 2755 3625 exsequantur,
2785 3555 2980 3611 deliine
3011 3551 3223 3624 publice
3253 3551 3450 3622 praedi-

1864 3657 2008 3704 cent.
2044 3648 2100 3703 id
2140 3650 2286 3704 enim
2323 3645 2428 3701 nisi
2458 3643 2710 3713 iecerint,
2741 3646 2823 3701 lex
2859 3646 3040 3711 divina
3096 3660 3159 3701 os
3211 3643 3316 3700 illis
3349 3644 3452 3700 ob-

1862 3753 2054 3802 ειιυει.

2204 3861 2464 3920 CXXVII.
2496 3891 2569 3904 --
2595 3861 3096 3928 ΛΝΕΠΙΓΡΔΦΟΣ.

1237 3950 1511 4006 Modestiae
1545 3963 1594 4007 et
1625 3953 1937 4012 humilitatis
1978 3958 2384 4012 commendatio.

259 4049 484 4130 Ἐπειδὴ
539 4059 692 4114 οὐδὲν
740 4060 1102 4132 μεγαλοφυὶς,
1151 4063 1272 4118 οὐδὲ
1319 4066 1596 4138 ὑπερφυὲς
1643 4067 1758 4140 ἔχει

177 4147 341 4220 ἡμῶν
369 4150 404 4219 ἠ
437 4149 621 4218 φύσις,
665 4152 760 4205 ἐπὶ
802 4152 863 4206 τὸ
903 4153 1126 4225 μέτριον
1155 4156 1326 4226 αὐτὴν
1365 4159 1459 4212 καὶ
1495 4160 1759 4228 ὲπιεικὶς,

177 4240 280 4294 hs
330 4238 396 4310 δὴ
444 4241 643 4296 οἰκεῖον
693 4244 790 4297 καὶ
824 4245 1107 4314 συγγενὲς,
1141 4248 1542 4322 συνελάσωμεν,
1579 4254 1763 4308 πᾶσαν

179 4330 506 4400 ἀλαζονείαν
542 4331 899 4404 ἐξορίζοντις.

711 4446 894 4501 PKH'.
931 4477 998 4489 .-
1033 4449 1283 4522 ΠΕΤΡῼ.

1942 4070 1998 4126 Si
2039 4071 2255 4141 quidem
2293 4070 2699 4140 magnanimum
2728 4069 2860 4125 nihil
2889 4078 2981 4126 aut
3008 4083 3171 4140 supra
3201 4077 3451 4123 naturam

1867 4159 2105 4216 humana
2132 4162 2375 4217 continet
2408 4171 2627 4226 natura,
2659 4161 2803 4216 illam
2845 4163 2913 4217 ad
2952 4161 3288 4221 moderatum
3323 4158 3453 4229 quid

1869 4267 1934 4308 ac
1954 4253 2082 4308 mite
2105 4265 2472 4325 signatumque
2501 4254 2656 4328 nobis
2673 4268 2737 4308 ac
2761 4253 3038 4324 proprium
3065 4252 3449 4322 astringamus,

1799 4360 1842 4415 ι)
1871 4358 2088 4401 οιιιιιειιι
2127 4345 2441 4415 ablegantes
2474 4344 2866 4415 arrogantiam.

2316 4455 2598 4511 CXXVIII.
2629 4484 2700 4497 ——
2733 4452 2983 4510 PETRO.

673 4533 803 4601 Quis
833 4536 1108 4604 spiritalis,
1136 4541 1382 4596 animalis
1411 4551 1458 4596 st
1491 4545 1723 4598 carnalis
1763 4544 1826 4600 “.
1858 4541 2016 4610 Conf.
2055 4545 2208 4613 epist.
2255 4544 2380 4611 127,
2408 4545 2502 4599 lib.
2546 4561 2599 4600 tv
2642 4546 2711 4599 ad
2757 4543 2964 4599 Nilum.

255 4645 587 4714 Σαρκικοὺς
635 4623 852 4716 καλεϊή
886 4645 1079 4720 Γραφὴ
1122 4650 1250 4713 τοὺς
1277 4652 1358 4716 είς
1394 4653 1464 4706 τὰ
1490 4654 1589 4725 τῆς
1625 4671 1762 4725 σαρ-

185 4731 281 4798 κδς
313 4732 388 4805 (I)
436 4731 950 4804 κατολισθήσαντας,
1001 4736 1303 4805 ψυχικοὺς
1333 4738 1389 4791 δὲ
1437 4743 1564 4804 τοὺς
1617 4742 1762 4813 πέρα

183 4826 286 4894 τῆς
333 4823 656 4888 ἀκολουθίας
695 4824 805 4876 τῶν
839 4825 1114 4896 λογισμῶν
1167 4829 1334 4900 μηδὲν
1391 4832 1759 4905 καταδεχομέ-

265 4981 309 5012 ⁸⁸
347 4980 364 5034 l
395 4979 522 5035 Cor.
557 4995 638 5045 ιιι,
673 4979 740 5049 7ς;
775 4993 834 5046 ιι,
868 4979 957 5034 13.

1944 4653 2229 4726 Scriptura
2279 4671 2438 4713 sacra
2493 4665 2652 4711 vocat
2701 4656 2966 4721 carnales,
3014 4654 3106 4723 qui
3153 4653 3220 4709 ad
3275 4657 3455 4713 carnis

1867 4762 2030 4816 Opera
2063 4748 2297 4820 prolapsi
2321 4760 2480 4816 sunt;
2505 4749 2764 4803 animales
2790 4762 2939 4812 vero,
2979 4748 3070 4817 qui
3131 4748 3325 4801 mentis
3370 4749 3457 4801 in-

1876 4838 2230 4896 tellectusoue
2276 4840 2744 4896 ratiocinationem
2787 4846 3126 4910 sequuntur;
3191 4839 3459 4907 spiritales

1370 5094 1600 5151 νΑιιιτΕ
1633 5096 2023 5158 LECTIONES
2063 5104 2152 5160 ET
2183 5105 2415 5165 ΝΟΤιιΕ.

270 5257 380 5329 {99)
422 5258 878 5329 Multorumeuim
922 5255 1192 5329 amicitias
1221 5252 1505 5329 silentium.
1529 5253 1767 5329 diremit,

191 5323 389 5384 att'lili.
427 5328 659 5381 Etlticor.
697 5326 908 5380 Nicom.
943 5325 1188 5383 Aristot.,
1212 5323 1419 5374 πολλῶν
1449 5323 1558 5392 γὰρ
1588 5325 1768 5390 φιλίας

191 5398 225 5465 ἡ
248 5398 626 5468 ἀπροσηγορία
651 5397 909 5468 διέλυσεν.
937 5395 1004 5468 Et
1027 5395 1164 5468 apud
1191 5393 1539 5468 Columellam
1572 5394 1770 5468 Alphe-

194 5461 294 5520 ιξιιδ
330 5461 623 5521 ’ίειιιξιιιὶον
656 5486 668 5520 :
725 5486 740 5516 ι
775 5466 937 5527 Bona,
994 5463 1189 5533 inquit,
1240 5461 1456 5533 nomina
1480 5463 1767 5533 interdum

195 5541 332 5588 nulla
390 5537 557 5599 liunt,
607 5537 706 5589 nisi
759 5530 1083 5601 interpelles:
1153 5530 1656 5602 Scribendiitaque
1702 5532 1766 5585 ad

195 5606 422 5672 aliiicos,
461 5621 525 5661 ne
547 5598 704 5661 amor
737 5598 1021 5661 intercidat
1063 5613 1295 5660 mutuus.
1329 5598 1770 5657 ollicium'intcr-

1881 5259 2020 5335 mitti
2053 5276 2156 5335 n_on
2189 5261 2368 5328 debet,
2393 5263 2505 5335 sed
2537 5263 3208 5335 cxaggerariLrScaorr.

1952 5330 2029 5403 (_I)
2071 5331 2198 5403 Post
2247 5334 2446 5403 σαρκὸς
2494 5330 2820 5388 σοιΙιίῖὟιιι.
2857 5333 2960 5388 650
3010 5346 3064 5390 et
3097 5336 3205 5390 Alt.
3261 5335 3466 5389 addunt

1879 5399 2046 5469 πάθη.
2077 5402 2228 5474 νοις.
2250 5402 2284 5453 2
2313 5399 2410 5470 pro
2433 5404 2579 5472 παρὰ
2614 5405 2773 5458 iidem
2798 5407 3000 5472 Optime
3029 5407 3273 5459 scribunt
3301 5406 3462 5474 πέρα,

1879 5480 2106 5542 etAvcrs.
2139 5471 2172 5524 5
2207 5471 2603 5542 κατεχομένους
2633 5474 2760 5527 item
2802 5471 3003 5542 optime
3035 5482 3247 5527 mutant
3281 5474 3330 5526 in
3363 5471 3464 5525 κα-

1879 5539 2289 5612 ταδεχομένους.
2344 5539 2557 5600 POSSIN.
2603 5573 2672 5586 —
2702 5539 2904 5601 Confer
2951 5545 3111 5615 epist.
3157 5543 3226 5600 36
3268 5552 3322 5600 et
3373 5542 3462 5598 08.
