3992 6448
266 281 403 345 H31

1155 288 1689 349 EPISTULARUM
1729 289 1873 348 LIB.
1912 291 1977 346 V.
2003 316 2071 328 -—-
2099 293 2346 353 EPIST.
2382 294 2644 356 CXXXI.

3389 291 3530 363 1402

260 396 400 460 λίοις
440 398 774 468 χρησμῳδῶν
805 400 867 453 ού
904 400 1219 455 πιστεύεται
1243 440 1256 462 .
1288 401 1370 465 τίς
1403 403 1430 454 ὀ
1475 402 1605 472 παρ’
1650 402 1832 466 αὐτοῖς

1939 405 2230 478 Evangelia
2255 410 2400 462 danti
2426 422 2744 478 responsum
2771 407 2904 467 llch
2931 419 3038 465 non
3097 407 3350 472 habetur,
3397 410 3523 478 quis

263 488 758 561 πιστευθησόμενος
779 531 793 552 .
826 494 920 546 καί
953 490 1234 545 λυττῶσαν
1261 493 1440 546 αὐτῶν
1482 495 1582 565 τὴν
1615 496 1838 566 μανίαν,

259 581 359 631 καὶ
391 579 581 650 στῆναι
614 583 687 654 μὴ
717 583 1070 655 βουλομένην,
1110 584 1222 636 ἀλλ’
1257 585 1530 656 ὁσημέραι
1559 588 1843 658 ἀργαλεω-

258 672 430 740 τέραν
474 675 771 746 γενομένην
813 675 1107 737 κωλύσων;
1157 677 1350 731 Πολλοὶ
1399 678 1506 750 γὰρ
1558 681 1846 752 ἐπιχειρή-

261 777 460 826 σαντες
481 803 496 827 ,
524 765 767 830 ἐκείνους
801 767 900 836 μὲν
927 767 1145 838 ὤνησαν
1194 769 1369 835 οὐδὲν,
1397 770 1624 834 ἑαυτοὺς
1654 771 1711 824 δὲ
1751 788 1849 841 με-

261 853 472 918 γίστοις
490 854 766 925 διέπειραν
789 856 864 926 (5)
889 860 1097 921 κακοῖς.
1125 858 1248 911 Ὅτι
1268 859 1326 914 δὲ
1356 859 1529 913 ἐκεῖσε
1557 863 1846 930 μεγίστους

261 943 524 1012 λήψονται
567 947 865 1016 στεφάνους
888 986 903 1012 ,
939 949 1049 1014 ἐγὼ
1101 948 1200 1018 μὲν
1237 949 1477 1018 ἀκριϐῶς
1507 945 1624 1004 οἶδα
1647 968 1660 982 ο
1709 953 1758 1005 οἱ
1790 955 1846 1007 δὲ

263 1034 565 1104 παχύτεροι
611 1037 719 1092 ἀπὸ
755 1038 863 1092 τῶν
901 1040 1027 1111 τῇῗε
1074 1041 1375 1111 γινομένων
1418 1041 1510 1094 καὶ
1557 1042 1845 1109 ἐνάγονται

258 1125 343 1185 εἰς
369 1124 590 1197 ἀρετὴν,
626 1128 721 1180 καὶ
767 1129 1032 1199 φεύγουσι
1067 1131 1163 1200 τὴν
1195 1131 1411 1184 κακίαν.
1462 1133 1615 1186 Ἐπεὶ
1666 1123 1847 1188 τοίνυν

257 1214 423 1268 τοῦτο
452 1217 611 1287 μόνον
654 1220 720 1272 ἐκ
748 1221 858 1274 τῶν
884 1222 1124 1292 ἐλέγχων
1169 1223 1488 1294 περιγέγονε
1513 1265 1528 1288 ,
1557 1225 1618 1278 τὸ
1653 1226 1846 1280 παθεῖν

257 1305 461 1370 ἀδίκως
512 1325 566 1360 τι
617 1308 786 1362 κακὸν
831 1309 922 1364 τὸν
986 1314 1528 1384 παρῤησιασάμενον,
1579 1316 1747 1386 μηδὲν
1787 1317 1844 1370 δὲ

254 1396 604 1468 ὠφεληθῆναι
649 1401 776 1464 τοὺς
834 1401 933 1472 τὴν
979 1404 1292 1474 συμϐουλὴν
1340 1405 1704 1476 δεξαμένους,
1757 1409 1846 1464 διὰ

255 1484 414 1538 τοῦτο
449 1486 652 1554 μᾶλλον
677 1487 774 1542 νῦν
814 1490 846 1560 ἢ
888 1492 1153 1562 πρότερον
1180 1494 1242 1547 τὸ
1285 1493 1352 1547 τὰ
1384 1494 1638 1565 βέλτιστα
1664 1497 1844 1567 λέγειν

255 1573 634 1646 φοϐερώτερον
673 1579 919 1647 γέγονεν.
960 1581 1022 1636 Εἰ
1057 1584 1148 1648 δὲ,
1197 1587 1274 1648 ὼς
1301 1589 1444 1656 φὴς,
1478 1589 1621 1652 τινὲς
1663 1590 1844 1644 αὐτῶν

254 1666 354 1719 καὶ
402 1668 741 1737 παραινέτας
784 1669 1062 1742 ζητοῦσιν,
1094 1675 1112 1744 (
1137 1675 1196 1728 οὐ
1245 1677 1354 1748 γὰρ
1405 1677 1606 1742 πάντες
1657 1682 1740 1744 εἰς
1783 1681 1843 1734 τὸ

255 1752 530 1826 βάραθρον
563 1758 662 1829 τῆς
691 1759 979 1829 φιλαυτίας
1014 1765 1109 1818 καὶ
1149 1766 1246 1835 τῆς
1279 1767 1478 1832 κακίας
1501 1772 1836 1842 κατηνέχθη·-

254 1845 391 1915 σαν)
441 1847 674 1902 ἀκοῦσαι
720 1849 785 1904 ἂν
830 1853 1022 1921 εἴησαν
1058 1854 1292 1921 δίκαιοι,
1342 1858 1423 1911 ὅτι
1471 1861 1702 1930 μάλιστα
1735 1863 1837 1932 μέν

250 1937 393 1988 εἰσιν
435 1938 490 1990 αἱ
541 1937 684 1993 θεῖαι
730 1941 976 2012 Γραφαὶ,
1014 1938 1104 2010 αἶς
1147 1945 1572 2013 ἀκολουθοῦντες
1615 1951 1674 2004 τὸ
1718 1951 1838 2006 δέον

249 2029 490 2102 γνοίητε.
517 2032 581 2085 Ei
603 2033 661 2087 δὲ
690 2035 783 2088 καὶ
806 2037 1110 2108 συμϐούλου
1139 2040 1335 2107 δεῖσθε,
1361 2041 1642 2097 παύσασθε
1666 2045 1836 2114 δρῶν-

247 2121 388 2184 τεςᾶ
417 2122 601 2190 δρᾶτε,
631 2126 727 2179 καὶ
741 2127 861 2180 τότε
894 2129 1106 2199 ζητεῖτε
1136 2132 1226 2186 τὸν
1261 2135 1614 2206 παραινέτην.
1655 2137 1835 2190 Ἐπει-

244 2211 346 2265 δὰν
378 2215 486 2285 γὰρ
520 2215 729 2271 τούτων
759 2219 1065 2291 παύσησθε,
1096 2224 1192 2277 καὶ
1229 2225 1330 2296 τὴν
1358 2225 1453 2279 τοῦ
1481 2229 1549 2280 τα
1586 2227 1838 2298 βέλτιστα

245 2303 433 2372 λέγειν
468 2307 587 2362 ὁδὸν
622 2313 1080 2386 κατασκευάσητε
1120 2317 1375 2389 ἀσφαλῆ,
1411 2321 1717 2388 τηνικαῦτα
1744 2321 1838 2376 τὸν

249 2397 692 2465 συμϐουλεύοντα
723 2403 798 2471 (6)
849 2405 917 2458 τὰ
956 2405 1146 2461 δέοντα
1175 2407 1410 2478 ζητεῖτε.
1445 2412 1582 2483 Πρὶν
1609 2412 1666 2466 δὲ
1697 2413 1836 2467 παύο

247 2492 421 2559 σησθε
448 2534 463 2557 ,
510 2492 584 2564 μὴ
617 2494 829 2563 ζητεῖτε
859 2537 874 2562 ,
919 2499 1000 2561 τίς
1049 2499 1176 2569 ὑμῖν
1215 2501 1427 2571 φράσας
1479 2506 1547 2556 τὰ
1574 2505 1836 2561 κάλλιστα

247 2581 341 2648 ὑφ’
368 2581 520 2651 ὑμῶν
553 2585 1032 2658 ὲξοστρακισθῆναι
1064 2588 1301 2661 θελήσει*
1327 2595 1390 2646 ού
1415 2594 1522 2664 γὰρ
1549 2596 1834 2666 εὑρήσετε.

245 2671 435 2726 Ταῦτα
461 2673 518 2726 δὶ
547 2677 772 2746 γράφω,
804 2679 901 2748 οὐχ
930 2679 1005 2743 ὡς
1027 2681 1212 2744 δεδιώς
1242 2701 1294 2736 τι
1330 2684 1523 2740 παθεῖν
1554 2684 1792 2740 ἐνταῦθα
1811 2728 1828 2751 ,

247 2761 462 2849 (πολλὰ
489 2764 599 2835 γὰρ
627 2766 820 2821 τούτου
849 2768 1011 2823 ἕνεκα
1037 2809 1052 2834 ,
1082 2771 1159 2835 ὡς
1205 2768 1387 2839 οἶσθα,
1422 2775 1704 2849 πέπονθα)
1741 2777 1835 2831 καὶ

245 2847 405 2903 εἷπον
460 2851 538 2922 τῷ
600 2858 1094 2913 κασιασκιευάσαντι⁹
1166 2881 1185 2913 ι
1251 2847 1692 2932 Ἑστεφάνωσας-
1735 2868 1836 2939 οὐχ

244 2939 411 2996 ἑκών·
451 2961 470 2993 ι
505 2944 672 3013 κάμοὶ
694 2946 802 3015 γὰρ
837 2966 855 2998 ι
893 2949 1186 3020 ιχαρίσατο
1207 2954 1235 3005 ὁ
1263 2951 1392 3016 Θεὸς
1433 2972 1453 3004 ι
1487 2954 1547 3007 ού
1585 2953 1744 3024 μόνον
1773 2958 1835 3012 τὸ

252 3050 272 3084 ε
323 3033 401 3096 είς
422 3033 585 3088 αὑτὸν
621 3037 921 3105 πιστεύειν,
964 3041 1100 3094 ἀλλὰ
1131 3043 1227 3096 καὶ
1264 3044 1326 3096 τὸ
1360 3045 1502 3116 ὑπὲρ
1527 3047 1689 3102 αὐτοῦ
1723 3051 1830 3103 πά-

1950 496 2143 551 habeat
2183 497 2380 552 iidem?
2411 496 2542 565 Quis
2575 496 2917 554 furibundam
2975 497 3189 564 illorum
3230 498 3525 564 insaniam,

1947 601 2068 655 qua:
2098 588 2345 656 componi
2391 588 2594 654 nequit,
2628 587 2720 641 sed
2770 586 2825 640 in
2877 587 2993 642 dies
3033 586 3206 656 magis
3246 585 3527 654 magisque

1949 676 2250 741 invalescit,
2283 675 2574 731 cohibeat?
2601 674 2747 728 Multi
2779 674 2924 730 enim
2980 675 3030 728 id
3075 676 3255 728 facere
3283 673 3523 743 aggressi

1950 761 2082 816 nihil
2115 772 2294 816 tamen
2339 773 2743 831 promovet-unt,
2775 763 2906 830 quin
2953 762 3162 831 seipsos
3211 761 3395 816 multis
3442 762 3525 815 in-

1948 853 2233 908 volverunt
2266 852 2443 918 malis,
2477 867 2615 922 quos
2649 853 2901 922 equidem
2933 862 3083 906 certo
3111 853 3227 908 scio
3260 853 3525 906 niaximas

1948 944 2001 997 in
2028 945 2201 998 altera
2229 953 2542 1012 recepturos
2575 943 2682 996 vita
2726 957 2977 997 coronas.
3013 941 3115 1009 Qui
3181 957 3308 995 vero
3343 941 3528 995 rudiu-

1949 1049 2034 1089 res
2061 1042 2206 1098 sunt,
2231 1049 2326 1103 per
2355 1049 2441 1100 ea,
2474 1048 2594 1102 qua:
2618 1034 2931 1088 acciderunt
2973 1033 3040 1087 ad
3073 1033 3324 1088 virtutem
3370 1035 3527 1087 ludu-

1947 1137 2143 1180 cuntur
2172 1125 2491 1196 fugiuntque
2538 1126 2965 1195 improbitatem.
3015 1125 3147 1179 Cum
3184 1125 3367 1194 itaque
3414 1125 3524 1200 hoc

1953 1221 2124 1275 solum
2176 1235 2240 1274 ex
2275 1218 2698 1288 reprehensione
2729 1219 2994 1280 evenerit,
3031 1226 3088 1270 ut
3118 1218 3314 1286 injuste
3347 1216 3524 1286 patia-

1950 1323 2035 1366 tur
2061 1311 2262 1381 aliquid
2288 1311 2434 1374 mali,
2454 1312 2543 1381 qui
2570 1311 2790 1365 liberius
2815 1310 3186 1377 reprehendit,
3228 1310 3364 1363 nihil
3396 1322 3526 1363 vero

1950 1403 2218 1468 utilitatis,
2249 1407 2336 1458 cui
2359 1403 2544 1458 datum
2565 1410 2647 1457 est
2676 1402 2986 1464 consilium,
3019 1401 3236 1472 accipit,
3272 1409 3526 1471 propter"

1946 1509 2010 1550 ea
2041 1510 2183 1549 nunc
2219 1496 2399 1564 potius
2436 1508 2598 1564 quam
2640 1501 2798 1548 ante:
2851 1494 3052 1563 Optima
3101 1491 3286 1544 dicere
3329 1490 3522 1544 terrori

1946 1598 2029 1644 est
2065 1587 2256 1655 magis.
2293 1585 2470 1656 Siqui
2513 1598 2643 1640 vero
2683 1585 2944 1653 ipsorum,
2977 1591 3032 1636 ut
3065 1581 3281 1648 scribis,
3336 1581 3526 1635 admo-

1950 1682 2156 1734 uitores
2182 1687 2434 1748 quaerunt
2463 1677 2664 1750 (neque
2695 1676 2838 1732 enim
2885 1689 3078 1732 omnes
3114 1676 3167 1728 iu
3203 1673 3522 1728 barathrum

1871 1767 1912 1820 Β
1940 1772 2066 1828 cmci
2099 1771 2302 1826 amoris
2331 1771 2413 1825 sui
2452 1785 2517 1825 ac
2545 1770 2796 1823 vitiorum
2822 1764 3269 1838 praecipitarunt),
3305 1780 3522 1832 multum

1943 1861 2109 1916 [ψει-ει
2157 1862 2377 1916 obedire
2433 1876 2499 1915 ac
2551 1860 2775 1914 credere
2836 1859 3070 1913 maxime
3132 1870 3256 1911 esse
3309 1870 3521 1911 sacram

1944 1950 2277 2020 St-riptursm
2329 1949 2700 2018 sequendam.
2763 1958 2822 2002 ut
2878 1959 3085 2014 aequum
3152 1946 3516 2015 cognoscatis.

1941 2042 2096 2110 Quod
2131 2042 2178 2097 si
2200 2041 2431 2098 consilio
2460 2041 2733 2112 indigetis,
2769 2039 2999 2094 desinite
3034 2038 3160 2093 talia
3194 2049 3434 2106 patrare,
3467 2049 3523 2092 et

1943 2149 2070 2189 tunc
2099 2135 2421 2204 investigate
2463 2134 2796 2188 hortantem.
2835 2129 2935 2189 L‘bi
2970 2147 3097 2186 vero
3127 2130 3196 2186 ab
3232 2131 3298 2184 iis
3353 2129 3521 2185 absti-

1943 2227 2139 2282 neliitis
2173 2226 2341 2292 vitiis,
2383 2237 2439 2281 et
2473 2234 2587 2280 tuto
2615 2225 2819 2295 Optima
2857 2222 3106 2279 suadenti
3139 2223 3283 2276 viam
3311 2232 3521 2277 sterne-

1943 2315 2030 2378 tis,
2066 2324 2193 2368 tunc
2221 2325 2364 2368 recte
2390 2323 2697 2368 monentem
2729 2314 2974 2380 quaerite.
3007 2314 3150 2367 Ante
3186 2327 3317 2367 vero
3352 2327 3517 2380 quam

1941 2406 2186 2471 cessetis,
2212 2405 2376 2460 nolite
2397 2419 2641 2474 quaerere
2661 2405 2784 2473 quis
2814 2405 2967 2459 vobis
2993 2403 3192 2473 optima
3217 2416 3515 2474 suggerens

1940 2495 2176 2565 ablegsri
2209 2510 2238 2548 a
2293 2495 2444 2549 vobis
2472 2493 2636 2562 volet,
2671 2509 2847 2564 neque
2876 2495 3023 2550 enim
3062 2494 3362 2564 reperietis.
3395 2494 3521 2549 Ilrrc

1938 2586 2135 2651 scribo,
2191 2601 2296 2641 non
2339 2586 2647 2641 Iurmidans
2697 2586 2783 2640 hic
2834 2585 3034 2656 aliquid
3094 2587 3298 2656 perpeti
3331 2587 3520 2655 (multa

1938 2678 2080 2731 enim
2131 2678 2291 2746 hujus
2330 2679 2504 2748 gratia
2529 2719 2544 2744 ,
2587 2688 2645 2732 ut
2698 2679 2887 2744 nostis,
2937 2694 3056 2732 sum
3096 2681 3425 2748 perpessus),
3466 2689 3520 2732 et

1940 2768 2048 2821 dixi
2071 2766 2355 2822 adornanfi
2395 2789 2406 2823 :
2439 2785 2457 2819 ι
2484 2768 2770 2823 Coronasti
2804 2784 2907 2823 non
2940 2770 3148 2824 volens.
3183 2789 3200 2820 ι
3225 2768 3351 2824 Mihi
3375 2772 3519 2824 enim

1944 2875 1962 2908 ι
1989 2859 2257 2913 concessit
2287 2857 2446 2922 Deus,
2473 2876 2492 2909 ι
2515 2875 2622 2914 non
2644 2869 2852 2914 tantum
2877 2879 2896 2912 ι
2923 2861 3050 2913 utin
3075 2861 3248 2931 ipsum
3278 2862 3518 2928 credam,

1936 2949 2030 3002 sed
2058 2949 2218 3003 etiam
2261 2959 2317 3003 ut
2343 2964 2439 3019 pro
2470 2951 2586 3019 ipso
2615 2952 2792 3019 patiar
2827 2970 2840 3006 :
2875 2969 2895 3003 ι
2932 2966 3062 3005 veru
3088 2971 3117 3003 ιι
3155 2952 3413 3006 obturare
3457 2967 3521 3008 us

1939 3037 2124 3094 volens
2144 3039 2229 3111 iis,
2244 3041 2334 3107 qui
2357 3041 2636 3108 llnguntse
2653 3039 2935 3094 coosilium
2958 3047 3160 3109 petere,
3179 3055 3284 3093 non
3305 3048 3362 3116 ut
3385 3053 3516 3093 con-

246 3137 420 3191 σχειν·
478 3141 498 3174 ι
564 3123 679 3178 ἀλλ’
751 3127 996 3192 ἐκείνους
1050 3131 1401 3202 ἐπιστομίσαι
1470 3134 1827 3208 βουλόμενος,

1937 3129 2114 3183 silium
2137 3131 2428 3198 accipiant,
2461 3134 2557 3187 sed
2597 3139 2658 3184 ut
2689 3131 2982 3200 decipiant.
3016 3129 3170 3198 Quod
3199 3140 3378 3184 autem
3416 3130 3523 3187 hoc

243 3211 372 3273 ⁶τοὺς
405 3215 900 3284 προσποιουμένους
929 3218 1230 3289 σύμϐουλον
1270 3223 1474 3294 ζητεῖν,
1514 3227 1611 3298 οὐχ
1643 3227 1729 3282 ῐνα
1751 3229 1830 3300 (7)

245 3301 742 3393 ωμϐουλευθιξσιν,
789 3307 903 3363 ἀλλ’
929 3310 1014 3364 ἵνα
1049 3311 1526 3372 ὲπιϐουλεύσωσιν.
1556 3317 1680 3373 ’Ότι
1721 3321 1832 3393 γὰρ

245 3391 309 3445 οὐ
366 3393 534 3460 φόϐου
575 3383 763 3452 ἕνεκεν
809 3399 985 3453 ταῦτα
1039 3403 1324 3474 γέγραφα,
1369 3383 1745 3464 ἁκουιίτωσαν⁷
1779 3383 1829 3464 oi

238 3483 478 3537 τοιοῦτοι
511 3486 614 3556 (ὅτι
665 3488 822 3557 ὑμεῖς
853 3490 920 3544 δι’
951 3485 1028 3546 ὧν
1061 3495 1355 3564 πράττετε,
1391 3500 1486 3551 καὶ
1513 3501 1637 3563 τοὺς
1665 3501 1830 3572 ἀρχο-

244 3575 440 3643 μένους
480 3578 558 3636 sic
601 3580 801 3634 κακίαν
836 3591 1228 3653 χειραγωγεϊτε
1251 3627 1266 3650 ,
1307 3589 1398 3640 καὶ
1424 3588 1618 3660 διπλῆν
1651 3608 1826 3659 τιμω-

245 3667 368 3735 ρξαν
410 3667 673 3737 ὑφέξετε)
716 3671 798 3722 ὅτι
834 3689 893 3724 τε
924 3673 1000 3745 μὴ
1039 3677 1100 3728 τὸ
1125 3675 1244 3730 δέον
1289 3678 1565 3749 ἐπράξατε
1589 3721 1604 3745 ,
1643 3681 1724 3734 ὅτι
1768 3698 1828 3734 τε

242 3753 637 3809 ὑπεσκελίσατε
689 3759 816 3821 τοὺς
863 3761 1102 3831 σωθῆναι
1135 3763 1467 3834 δυναμένους
1512 3767 1599 3832 ἂν,
1647 3771 1696 3821 εί
1751 3769 1826 3842 μὴ

241 3845 376 3914 παρ’
423 3844 575 3914 ὑμῶν
619 3847 1143 3920 ἐσκανδαλίσθησαν.
1199 3853 1490 3908 Παύσασθε
1523 3858 1816 3928 τοιγαροῦν

240 3932 467 3989 τοιαῦτα
496 3936 734 4008 δρῶντες
758 3978 773 4003 ,
797 3939 834 3993 ἃ.
868 3941 986 3996 οὐδὲ
1009 3945 1058 3998 οε
1090 3945 1276 4014 ἐχθροὶ
1304 3947 1399 4001 τοῦ
1425 3947 1664 4019 Χριστοῦ
1687 3949 1827 4019 πρὸς

242 4025 593 4096 βλασφημίαν
626 4027 720 4081 τοῦ
749 4031 1012 4101 ὀνόματος
1041 4035 1207 4089 αὑτοῦ
1234 4037 1454 4108 δρῶσιν.
1495 4040 1734 4100 Σϐέσατε
1764 4048 1825 4101 τὸ

238 4116 335 4168 επὶ
361 4115 437 4185 τῷ
460 4117 752 4188 προεδρίας
781 4121 1050 4190 ἠξιῶσθαι
1067 4127 1217 4197 παρὰ
1233 4129 1360 4190 τοὺς
1380 4130 1608 4196 πολλοὺς
1627 4135 1819 4208 οἶημω

238 4207 514 4274 χαλάσατε
565 4210 657 4262 τὸν
688 4211 876 4282 τύφον·
913 4218 1303 4272 κατασπάσατε
1355 4220 1452 4291 τὴν
1498 4225 1691 4296 ὀφρὺν,
1735 4231 1822 4282 ὲν-

235 4299 489 4366 νοήσατε,
521 4300 603 4354 ὅτι
631 4300 707 4371 γῆ
730 4304 851 4357 ἐστε
883 4307 977 4360 καὶ
1005 4309 1249 4374 σποδόςο
1292 4315 1599 4385 σκοπήσατε
1625 4319 1688 4372 τὸ
1719 4322 1823 4392 πρὸ

237 4389 487 4460 βραχέος,
516 4394 609 4446 καὶ
633 4395 694 4446 τὸ
724 4396 860 4464 μετὰ
883 4396 1079 4468 βραχύ.
1119 4401 1418 4470 Ἐπίγνωτε
1451 4407 1578 4471 τοὺς
1611 4389 1821 4465 ἑαυτῶν

236 4482 347 4535 ἀπὸ
376 4483 478 4552 τῆς
494 4485 694 4554 ἀρετῆς
725 4487 1000 4556 ἀμείνους·
1023 4493 1099 4564 μὴ
1127 4496 1237 4557 τοῖς
1259 4495 1444 4560 ὅπλοις
1473 4499 1568 4569 τῆς
1603 4501 1824 4571 ίερωσύ-
1857 4470 1902 4526 D

234 4589 334 4640 νης
359 4575 479 4627 κατ’
513 4576 684 4647 αὐτῆς
715 4579 815 4649 τῆς
846 4581 1144 4653 ἱερωσύνης
1172 4587 1442 4656 χρήσεσθε
1466 4605 1481 4621 ο
1514 4590 1591 4660 μὴ
1622 4595 1703 4656 εἰς
1730 4595 1818 4648 τὸν

233 4661 337 4755 τῆς
354 4665 494 4755 ἁκτη
503 4667 739 4737 μοσύνης
757 4671 1223 4743 χρηματιζόμενοι
1247 4680 1616 4750 παροινήσατε
1645 4684 1720 4755 (8)
1743 4686 1822 4739 δι-

1891 3287 1897 3291 _
1939 3229 2252 3276 nonmetus
2281 3235 2445 3276 causa
2482 3221 2816 3295 scripserim,
2865 3223 2964 3291 ipsi
3012 3222 3168 3279 velim
3218 3221 3524 3293 intelligant

1939 3309 2103 3384 [quod
2149 3328 2245 3368 vos
2289 3323 2509 3384 propter
2548 3330 2610 3371 ea
2656 3331 2776 3385 qute
2828 3316 3027 3381 facitis,
3081 3325 3137 3372 et
3167 3318 3414 3372 subditos
3446 3319 3516 3374 ad

1937 3415 2138 3470 malum
2172 3418 2486 3488 perducitis,
2514 3427 2569 3473 et
2598 3420 2866 3492 duplicem
2909 3422 3227 3493 persolvetis
3275 3425 3518 3500 poenam]

1935 3509 2076 3576 quod
2108 3521 2304 3576 neque.
2341 3509 2483 3577 quod
2527 3511 2790 3580 Oportuit,
2838 3513 3068 3577 fecistis,
3111 3522 3165 3569 et
3197 3517 3512 3586 supplanta-

1934 3604 2031 3655 stis
2063 3616 2179 3670 eos,
2207 3604 2298 3671 qui
2326 3603 2522 3658 salvari
2559 3605 2774 3673 quidem
2802 3616 3074 3678 poterant,
3121 3611 3223 3665 nisi
3257 3626 3353 3666 vos
3389 3613 3522 3680 ipsis

1933 3691 2190 3745 seandalo
2235 3691 2491 3748 fuissetis.
2547 3695 2909 3766 Supersedete
2971 3700 3154 3769 itaque
3193 3702 3322 3756 talia
3369 3718 3516 3758 com-

1933 3782 2166 3849 mittere,
2201 3798 2414 3854 quc-ne
2453 3785 2656 3843 Christi
2687 3790 2904 3858 quidem
2937 3791 3142 3858 hostes,
3173 3794 3239 3848 ad
3276 3796 3517 3852 nominis

1916 3881 2046 3946 ejus
2078 3881 2468 3952 blasphemiam
2502 3887 2864 3943 committant.
2886 3889 3084 3947 Tollite
3117 3893 3185 3948 de
3216 3897 3393 3972 medio
3431 3911 3521 3952 ve-

1931 3973 2029 4026 stri
2063 3988 2227 4041 super
2255 3974 2359 4030 loci
2385 3978 2741 4047 praerogativa
2772 3995 2837 4033 ac
2863 3981 3174 4050 dignatione
3197 3998 3516 4054 conceptam

1931 4062 2074 4131 apud
2103 4064 2302 4119 multos
2321 4067 2502 4119 animo
2535 4066 2871 4134 opinionem.
2905 4069 3287 4138 Arrogantiam
3339 4071 3514 4127 refre-

1929 4161 2088 4216 nate;
2113 4153 2383 4220 supercilii
2415 4150 2613 4208 fastum
2636 4155 2908 4224 deponite.
2937 4153 3134 4209 Veniat
3166 4157 3218 4211 in
3252 4169 3512 4222 mentem,

1929 4244 2070 4312 quod
2095 4243 2215 4299 sitis
2243 4244 2412 4313 pulvis
2431 4255 2477 4298 el
2511 4247 2645 4300 cinis
2681 4248 2748 4301 ¹⁹.
2779 4247 3136 4304 Considerate
3166 4251 3306 4319 quod
3351 4251 3515 4318 paulo

1929 4342 2054 4384 ante
2084 4329 2287 4396 fuistis,
2321 4341 2376 4386 et
2405 4333 2564 4402 paulo
2588 4335 2902 4405 posteritis.
2928 4335 3255 4408 Cognoscite
3285 4340 3509 4408 quinam

1931 4431 2167 4476 vestrum
2195 4423 2393 4478 virtute
2429 4435 2720 4494 prmstent;
2754 4425 2921 4482 nolite
2959 4427 3303 4485 sacerdotum
3339 4435 3512 4488 armis

1928 4521 2114 4568 contra
2148 4516 2510 4570 sacerdotium
2543 4519 2716 4585 abuti,
2764 4535 2896 4574 neve
2934 4521 2984 4574 in
3023 4525 3365 4591 paupertatis
3394 4541 3513 4577 nta-

1926 4604 2152 4672 gistrum
2180 4607 2408 4675 quastni
2439 4609 2814 4665 incumbentes
2851 4612 3292 4669 debacchemitti.
3332 4613 3513 4672 Nolite

1921 4708 2018 4759 pro
2053 4691 2253 4749 fabulis
2285 4697 2502 4758 ducere.
2533 4713 2651 4766 qua:
2676 4703 2984 4769 evangelica
3015 4705 3346 4771 coguovistis
3376 4721 3509 4775 ιιι-τεο

235 4751 524 4808 δασκαλον.
556 4758 646 4829 ιιι)
684 4760 885 4828 μύθους
916 4765 1136 4833 ἡγεῖσθε
1164 4768 1288 4829 τοὺς
1323 4751 1660 4840 ἐπᾳσθέντας
1694 4751 1822 4847 ύμῖν

2466 4751 2501 4758 κ,
3021 4751 3346 4771 --,,---..--.-
3376 4751 3486 4775 ν..-

1937 4791 2108 4850 'eptn;
2141 4786 2308 4839 nolite.
2341 4789 2655 4845 existimare
2681 4804 2959 4859 peccatum
2990 4795 3215 4865 relinqui
3254 4797 3496 4866 impuni-

241 4841 634 4910 εὖαγγελικοὺς
675 4847 896 4917 λόγους·
946 4855 1020 4924 μὴ
1051 4857 1296 4924 νομίζετε
1331 4859 1667 4930 ἁμαρτάνειν
1702 4841 1820 4920 ἀντι-

1916 4879 2047 4938 tum,
2087 4873 2248 4945 593
2295 4874 2461 4932 Deum
2499 4878 2750 4946 iniustum
2787 4897 2910 4936 esse
2939 4899 3006 4938 ne
3049 4885 3270 4948 putetis,
3325 4902 3507 4956 nequo

244 4934 487 5038 tuomst:
526 4935 600 5004 μὴ
638 4939 698 4991 τὸ
731 4939 872 4994 θετον
897 4944 1084 5004 ἄδικον
1117 4942 1254 5000 εἶναι
1289 4951 1572 5023 νομίσητεο
1609 4955 1684 5026 μὴ
1728 4958 1818 5010 τὸν

2034 4934 2042 4938 -
2090 4934 2246 4945 ν--
2549 4934 2567 4946 .
2799 4934 2838 4936 κ.
2891 4934 2904 4936 -
2941 4934 3003 4938 ἡ-
3049 4934 3270 4948 ,_-----,
3325 4934 3486 4956 ---τη

1937 4963 2235 5021 talluciuari
2291 4983 2465 5038 neque
2491 4973 2746 5027 caecutite
2780 4973 2946 5028 Deum
2971 4978 3151 5030 omnia
3188 4978 3492 5033 intuentem

239 5023 632 5096 παντεπόπτην
662 5028 795 5084 Θεὸν
823 5037 1072 5107 παρορᾷν
1124 5037 1361 5109 οἱηθῆτε.
1395 5043 1484 5115 Μὴ
1543 5023 1682 5111 τοὺς*
1714 5049 1831 5118 φιλ·-

309 5174 354 5204 ¹⁶
395 5174 530 5230 Gen.
573 5193 654 5245 ιιι,
697 5181 778 5238 19.

1939 5056 2296 5114 arbitremini.
2334 5055 2532 5116 Virtuti
2568 5063 2778 5120 deditos
2812 5065 2978 5122 nolite
3020 5068 3291 5138 ablegare.
3316 5066 3504 5124 Omui-
3539 5081 3551 5096 ‘

1327 5305 1561 5364 VARUE
1602 5310 1992 5374 LECTIONES
2033 5319 2119 5374 ET
2155 5319 2386 5378 ΝΟΤᾹΞ.

310 5437 860 5536 (ξς)“ῐίςο“διέπειραν
907 5465 1129 5523 uterque
1183 5459 1300 5513 cod.
1357 5459 1480 5531 legit
1529 5467 1807 5536 περιέπει-

237 5523 356 5575 ραν.
401 5508 590 5565 Possm

431 5579 1004 5673 ﬁroﬂpppﬁoplsdowa
1040 5594 1196 5650 iidem
1241 5599 1437 5666 habent
1469 5605 1806 5673 συμϐουλεύ-

239 5660 399 5714 σοντα
431 5651 480 5700 in
517 5651 711 5706 futuro.
745 5653 819 5709 In.

1987 5473 2065 5555 (Ζ)
2103 5473 2205 5555 ᾖα
2239 5478 2337 5548 οὐχ
2372 5477 2458 5532 ἴνα
2493 5479 2652 5555 iidem
2693 5482 2894 5555 addunt
2924 5484 3034 5555 pi).
3064 5484 3141 5540 In.

1987 5547 2064 5612 (8)
2112 5545 2226 5630 ΙΡιο
2285 5545 2653 5620 παροινήσατε
2713 5552 2868 5608 iidem
2924 5545 3175 5611 scribunt
3228 5558 3494 5630 παροινή-

1915 5632 2066 5684 σητε.
2108 5613 2183 5669 In.
