3992 6452
282 259 305 321 1
322 262 423 325 105

1156 273 1696 334 EPISTOLARUM
1736 274 1885 333 LIB.
1927 276 1994 335 ν.
2037 297 2093 308 -
2125 272 2364 333 EPIST.
2404 271 2718 331 CXXXIX.

3414 265 3556 332 1406

276 373 402 427 θεία
425 369 582 439 εἶναι,
613 375 644 446 ἢ
675 375 752 448 τῷ
787 379 927 448 ἄγαν
966 381 1047 446 είς
1090 383 1150 436 τὸ
1194 382 1349 436 Θεῖον
1389 385 1536 454 ἡμᾶς
1573 384 1745 452 ἄγειν,
1788 384 1855 436 τὰ

1961 402 2072 439 rem
2103 401 2226 440 esse
2273 384 2426 438 valde
2479 384 2717 437 divinam
2772 383 2837 438 ad
2884 383 3157 451 Deumque
3189 381 3550 436 adducentem

276 467 408 518 νοῦν
457 468 852 538 ὑπερϐαίνοντα
900 474 1072 528 τίκτει
1124 475 1299 545 γέρα*
1345 479 1438 530 καὶ
1481 477 1626 530 τοῦτ’
1678 473 1856 533 οἶσθα.

276 557 487 612 οὐκοῦν
514 560 611 632 τὴν
653 561 752 631 μὲν
799 564 967 635 φεῦγε
993 608 1005 631 ,
1042 567 1140 638 τὴν
1183 568 1238 620 δὲ
1269 569 1464 622 δίωκε·
1498 570 1591 624 καὶ
1639 570 1713 640 μὴ
1761 568 1858 640 τὴν

275 650 427 706 θείαν
463 657 844 728 μακροθυμίαν
885 661 1145 732 ἀμέλειαν
1190 664 1347 731 ἡγοῦ.
1381 664 1605 728 Πάντως
1637 664 1746 735 γὰρ
1780 666 1860 729 είς

275 745 460 816 κρίσιν
491 748 893 823 ἀκριϐεστάτην
928 755 1170 824 προοίσει
1196 755 1264 810 τὰ
1294 756 1536 828 πρόϐατα
1562 757 1695 830 (Η).

790 954 954 1008 PAZ'.
983 986 1053 996 —
1073 957 1324 1030 ΠΑΥΛῼ.

1962 493 2085 542 nos,
2122 486 2175 532 et
2203 477 2456 546 praemio,
2499 489 2618 544 qua:
2658 489 2872 528 omnem
2912 485 3242 541 exsuperent
3293 488 3555 541 sensum,

1963 584 2177 640 parare.
2207 569 2359 623 Illam
2391 568 2574 637 itaque
2609 565 2767 635 fuge;
2821 567 2959 618 hanc
2992 566 3045 618 in
3086 564 3276 633 primis
3312 575 3550 629 sectare,

1963 678 2028 717 ac
2092 661 2184 714 Dei
2235 658 2706 730 longanimitatem
2764 670 2896 710 cave
2945 654 3245 724 neglectum
3299 668 3423 707 esse
3463 654 3549 707 in-

1967 753 2304 820 terpreteris.
2363 747 2506 805 Oves
2551 749 2695 804 enim
2734 749 2786 802 in
2843 747 3106 817 judicium
3142 745 3550 800 severissimum

1965 843 2130 898 etiam
2155 841 2513 896 adducentur.

2414 945 2726 1004 CXXXV".
2755 976 2825 986 —
2849 944 3100 1004 PAULO.

277 1039 417 1110 Quid
444 1041 656 1116 differat
684 1045 868 1100 amicis
891 1056 938 1100 et
964 1048 1192 1104 inimicis
1232 1053 1356 1104 bene
1381 1050 1575 1119 facere.
1601 1051 1667 1104 In
1696 1050 1834 1104 illud
1858 1050 2053 1105 Matth.
2080 1065 2136 1111 v,
2158 1046 2305 1119 48.}
2334 1042 2394 1098 Si
2435 1042 2658 1112 άὶίὶθίιὶε
2697 1057 2807 1106 εοει
2841 1042 2933 1111 qui
2960 1056 3045 1094 ³³0³
3073 1038 3321 1111 άίίίθυηίο
3377 1054 3550 1097 ποηηο

1503 1132 1550 1174 et
1591 1122 1858 1188 publicani
1897 1122 1994 1175 hoc
2025 1115 2279 1190 faciunt?
2317 1133 2336 1165 ι

351 1236 524 1290 Καλὸν
591 1238 692 1308 μὲν
740 1241 801 1294 τὸ
847 1243 974 1306 τοὺς
1019 1243 1205 1312 φίλους
1262 1247 1440 1299 ποιεῖν
1496 1241 1578 1299 εῦο
1632 1246 1850 1300 κάλλιον

272 1326 331 1378 δὲ
362 1328 471 1398 (12)
494 1329 554 1382 τὸ
577 1333 670 1387 καὶ
694 1333 900 1398 πάντας
922 1337 1048 1399 τοὺς
1068 1336 1358 1407 δεομένους
1379 1355 1393 1370 ο
1423 1339 1485 1392 τὸ
1515 1339 1570 1391 δὲ
1601 1339 1696 1391 καὶ
1724 1340 1852 1402 τοὺς

2029 1244 2236 1302 Amicis
2293 1239 2612 1296 benefacere
2655 1238 2938 1309 pulchrum
2971 1247 3084 1303 est,
3117 1237 3395 1306 pulchrius
3421 1253 3545 1292 om-

1957 1331 2116 1386 nibus
2163 1328 2529 1398 indigentibus
2561 1344 2575 1381 :
2603 1327 2697 1382 sed
2747 1334 2804 1380 et
2851 1326 2917 1381 de
2957 1327 3192 1381 inimicis
3234 1325 3365 1394 ipsis
3407 1327 3545 1384 bene

273 1416 534 1488 ἐχθροὺς,
571 1421 855 1477 κάλλιστον
878 1439 892 1453 ο
935 1444 952 1476 ι
974 1424 1046 1477 Τὸ
1092 1424 1194 1495 μὲν
1223 1426 1332 1498 γὰρ
1360 1429 1456 1480 καί
1499 1427 1726 1482 τελῶναι
1758 1429 1855 1482 καὶ

1957 1421 2154 1476 mereri
2183 1418 2632 1491 pulcherrimum.
2679 1435 2698 1468 ι
2735 1417 2880 1472 Istud
2912 1417 3056 1471 enim
3087 1427 3140 1470 et
3177 1417 3452 1487 publicani
3489 1425 3545 1474 et

272 1506 478 1561 ἐθνικοὶ
503 1510 749 1578 ἀνύουσι,
777 1532 796 1566 ι
828 1513 892 1567 τὸ
913 1514 970 1568 δὲ
994 1516 1044 1568 oi
1067 1515 1144 1588 τῷ
1175 1516 1303 1588 θείῳ
1328 1518 1639 1590 πειθόμενοι
1668 1519 1850 1589 νόμῳ,

1953 1522 2141 1584 gentes
2169 1511 2411 1576 faciunt;
2435 1529 2454 1562 ι
2482 1509 2610 1564 illud
2632 1509 2821 1574 etiam,
2845 1510 2935 1578 qui
2970 1509 3060 1563 Dei
3082 1510 3254 1578 legem
3283 1520 3541 1578 servant;

269 1597 336 1650 τὸ
367 1599 423 1652 δὲ
459 1603 508 1652 οί
561 1603 776 1674 οὐρανῷ
819 1606 1136 1676 πρέπουσαν
1171 1609 1452 1666 πολιτείαν
1495 1612 1853 1684 πολιτευόμε-

1957 1605 2060 1660 Itoc
2111 1604 2384 1674 denique,
2445 1602 2538 1672 qui
2605 1601 2745 1656 cmlo
2794 1601 3013 1669 dignam
3079 1603 3284 1655 ducunt
3347 1601 3540 1656 vitam.

267 1705 384 1743 νοι⁸
414 1691 524 1762 ὅσῳ
558 1689 653 1750 οῦν
694 1693 915 1764 ἄγγελοι
948 1700 1197 1771 νομίμως
1245 1699 1511 1772 βιούντων
1545 1703 1852 1776 ἀνθρώπων

267 1777 633 1850 διαφέρουσιν,
666 1785 915 1840 τοσοῦτον
955 1783 1101 1842 οὗτοι
1141 1790 1249 1844 τῶν
1276 1791 1544 1848 τελωνῶν.
1582 1793 1849 1853 Τοσοῦτον

265 1871 376 1939 γὰρ
403 1871 784 1929 πλεονεκτοῦσι
803 1875 1026 1942 τούτων,
1051 1881 1173 1934 ὅσον
1200 1883 1423 1938 ἐκείνων
1448 1885 1748 1944 λείπονται.
1776 1887 1850 1941 ἐδ

268 1960 372 2030 μὶν
395 1961 502 2032 γὰρ
524 1963 745 2033 εὔλογόν
766 1969 903 2033 ἐστι,
925 1969 988 2028 τδ
1009 1969 1066 2027 δὲ
1093 1970 1490 2046 φιλάνθρωπον,
1518 1977 1581 2030 τὸ
1605 1977 1662 2030 δὲ
1687 1978 1849 2047 λόγου

265 2058 536 2126 κρεῖττον.
565 2057 656 2128 Τῷ
679 2060 804 2123 τοὺς
830 2061 928 2132 μὲν
966 2063 1156 2132 φίλους
1184 2065 1515 2137 εὐεργετεῖν,
1555 2069 1588 2140 ἢ
1620 2071 1848 2141 εὐεργε-

263 2147 575 2215 τήσαντας,
623 2150 656 2222 ἢ
703 2152 1261 2225 ἀντευεργετήσοντας
1296 2158 1390 2212 καὶ
1419 2159 1846 2231 ἀμειψομένους.

264 2236 408 2301 Τοὺς
444 2239 502 2292 δὲ
547 2242 641 2295 καὶ
675 2244 802 2306 τοὺς
832 2245 1127 2316 τυχόντας,
1175 2249 1237 2301 οὐ
1274 2250 1492 2312 πάντως
1525 2254 1845 2323 ἀντευποιή-

266 2344 488 2394 σοντας.
521 2331 658 2394 Τοὺς
677 2333 736 2387 δὲ
765 2335 859 2387 καὶ
886 2337 1013 2400 τοὺς
1038 2339 1209 2392 κακόν
1238 2356 1292 2393 τι
1324 2339 1670 2407 διατιθέντας
1689 2384 1703 2410 ,
1731 2343 1846 2398 ἔσθ’

263 2419 355 2472 ὅτε
399 2420 454 2474 δὲ
491 2424 583 2476 καὶ
611 2427 738 2490 τοὺς
784 2423 940 2492 αὖθις
987 2428 1315 2498 βλάψοντας.
1355 2433 1545 2487 Πολλοὶ
1577 2436 1685 2510 γὰρ
1725 2436 1846 2490 οὐδὲ

261 2514 388 2575 ταῖς
453 2513 796 2586 εὐεργεσίαις
861 2519 1119 2589 ἀμείνους
1173 2521 1432 2589 γίνονται,
1492 2524 1588 2582 τοῦ
1646 2525 1845 2594 φθόνου

263 2607 491 2673 αὐτοὺς,
526 2608 586 2662 οῦ
618 2627 760 2681 φημι
798 2613 878 2675 εἰς
921 2612 1020 2685 τὴν
1061 2613 1170 2668 τῶν
1207 2614 1432 2686 θηρίων,
1465 2617 1613 2689 (εἰσὶ
1647 2619 1755 2691 γὰρ
1787 2622 1846 2675 ἐν

263 2696 452 2761 αὐτοῖς
483 2700 580 2753 καὶ
622 2701 877 2756 εὐποιιῶν
906 2703 1174 2773 ἀμοιϐαὶ)
1203 2706 1318 2760 ἀλλ’
1352 2709 1433 2772 είς
1463 2709 1562 2779 τὴν
1595 2709 1703 2764 τῶν
1731 2711 1847 2765 δαι-

267 2787 448 2857 μόνων
485 2793 878 2863 καταλέγοντος
909 2795 1140 2867 πληθὺν,
1180 2797 1280 2868 τὴν
1308 2803 1481 2854 ποιεῖν
1523 2801 1622 2870 μὲν
1661 2801 1848 2873 βουλο-

265 2877 441 2950 μένην
482 2881 636 2935 οὐδὲν
678 2883 986 2952 κάλλιστον,
1035 2885 1172 2940 ἀλλὰ
1213 2887 1309 2947 καὶ
1348 2893 1460 2954 τοῖς
1492 2890 1844 2963 βουλομένοις

261 2969 559 3039 ἐμποδίζον
569 2989 687 3029 σαν.

449 3262 625 3319 mm.
665 3294 737 3305 —
772 3265 1116 3340 ΑΘΑΝΑΣιῃ
1153 3268 1628 3345 ΠΡΕΣΒΥΤΕΡῼ.

1966 1697 2242 1764 Quantum
2275 1697 2440 1765 igitur
2471 1693 2700 1765 angelici
2727 1695 2956 1763 spiritus
2988 1693 3302 1747 hominibus
3334 1709 3399 1748 ex
3427 1695 3544 1765 lege

1957 1788 2262 1844 viventibus
2293 1796 2577 1858 praestant,
2613 1794 2822 1839 tantum
2869 1794 2922 1839 et
2961 1785 3014 1838 bi
3052 1785 3354 1855 publicanis
3385 1794 3542 1839 aute-

1957 1880 2179 1936 cellunt.
2204 1879 2380 1933 Tanto
2399 1878 2544 1933 enim
2578 1877 2662 1931 his
2687 1877 2999 1946 superiores
3027 1877 3299 1930 exsistunt
3321 1914 3337 1938 ,
3369 1892 3543 1946 quatt-

1957 1980 2069 2027 lum
2096 1972 2163 2026 ab
2186 1971 2392 2040 angelis
2412 1978 2759 2038 superantur.
2786 1967 2990 2023 Amicis
3014 1968 3282 2036 siquidem
3313 1968 3541 2037 benigne

1955 2077 2140 2136 agere.
2164 2075 2218 2118 et
2241 2064 2349 2127 bis,
2375 2061 2464 2132 qui
2488 2063 2553 2116 de
2575 2075 2634 2116 se
2656 2061 2793 2116 bene
2822 2068 2950 2114 sunt
2974 2060 3174 2126 nteriti,
3199 2069 3252 2115 et
3281 2061 3540 2115 bcncflcia

1955 2155 2341 2225 reponentibus
2408 2167 2473 2208 ac
2537 2151 3014 2206 remunerantibus
3077 2151 3436 2218 benefacere;
3488 2151 3540 2205 id

1956 2247 2152 2305 rationi
2185 2257 2262 2301 est
2295 2254 2745 2300 consentaneum.
2777 2242 2968 2297 Obviis
2996 2252 3176 2296 autem
3203 2245 3533 2311 quibusque,

1952 2338 2166 2394 etiamsi
2196 2337 2433 2393 vicissim
2453 2335 2714 2392 beneficia
2749 2350 2852 2388 non
2883 2344 3167 2405 reponant,
3199 2333 3538 2398 benefacere,

1953 2428 2003 2483 id
2057 2429 2372 2482 lmmanum.
2431 2424 2631 2479 Malum
2691 2424 2928 2494 denique
2988 2439 3085 2494 pro
3139 2423 3404 2478 beneflcio
3459 2439 3540 2476 re-

1953 2518 2301 2588 ponentibus,
2341 2517 2449 2571 imo
2499 2515 2820 2570 laadentibus
2872 2515 3059 2576 etiam,
3108 2515 3337 2583 benigne
3362 2514 3540 2568 facere

1951 2610 2054 2668 hoc
2083 2608 2279 2678 majus,
2324 2623 2486 2675 quam
2523 2614 2580 2660 ut
2624 2607 2856 2676 exprimi
2893 2606 3145 2660 oratione
3176 2615 3357 2675 qncat.
3389 2604 3536 2659 Multi

1948 2701 2094 2756 enim
2129 2700 2410 2755 beneﬂciis
2445 2715 2552 2752 non
2596 2699 2728 2753 fiunt
2776 2698 3063 2763 meliores,
3091 2699 3185 2751 sed
3217 2697 3418 2750 invidia
3458 2697 3539 2766 ip-

1950 2808 2040 2850 sos
2095 2807 2204 2847 non
2247 2791 2431 2847 dicam
2481 2790 2780 2845 bestiarum
2830 2788 2976 2861 (nam
3018 2796 3072 2842 et
3119 2789 3198 2842 ha:
3256 2787 3537 2841 benefacta

1947 2883 2220 2940 interdum
2254 2878 2636 2951 reposuerunt)
2677 2881 2773 2936 sed
2811 2880 3117 2934 daemonum
3169 2892 3395 2931 numero
3439 2892 3536 2946 εει

1948 2974 2256 3046 gregnndos
2307 2986 2503 3028 censeo
2548 2988 2562 3026 :
2606 2971 2696 3040 qui
2755 2971 3032 3024 da‘mones
3107 2970 3236 3023 nihil
3305 2969 3538 3037 benigne

1867 3093 1912 3151 ο
1950 3074 2150 3120 norunt
2196 3064 2401 3128 facere,
2455 3061 2565 3116 itno
2624 3069 2771 3115 recte
2827 3075 2992 3131 agere
3037 3069 3388 3130 satagentes,
3426 3074 3534 3129 qua

1949 3166 2196 3230 possunt,
2225 3165 2432 3211 tantum
2469 3154 2819 3224 impediunt“

2059 3263 2476 3323 CXXX\'lll.-—
2502 3259 2777 3317 ATHANA
2789 3260 2913 3318 SIO‘
2938 3259 3425 3318 PRESBYTERO.

917 3382 937 3416 ι
990 3363 1147 3420 Beati
1183 3368 1331 3431 estis,
1361 3385 1479 3422 cum
1515 3367 1888 3424 maledizerint
1923 3365 2068 3420 vobis
2111 3363 2372 3452 homines.
2401 3380 2420 3413 ι
2456 3359 2676 3432 (Matth.
2717 3373 2770 3424 v,
2800 3359 2914 3430 ll.)

340 3488 402 3542 '0
434 3489 708 3561 Δεσπότης
756 3492 991 3561 Χριστὸς
1037 3496 1343 3567 ἐμακάρισε
1389 3499 1518 3562 τοὺς
1565 3500 1632 3553 δι’
1676 3500 1840 3556 αὐτὸν

255 3579 598 3644 ἀκούσαντας
647 3582 785 3652 ῥητά
832 3600 891 3636 τε
935 3585 1032 3638 καὶ
1073 3585 1286 3656 ἄρρητα
1308 3629 1322 3653 ,
1355 3589 1405 3640 εί
1437 3588 1758 3660 ψευδόμενοι
1789 3594 1838 3644 oi

255 3671 573 3742 ἐλέγχοντες
595 3673 791 3727 ἁλοῖεν.
829 3674 949 3745 Χρὴ
974 3671 1066 3728 οὖν
1090 3677 1308 3743 ειδέναι,
1336 3680 1417 3731 ὅτι
1445 3681 1732 3751 ἀμφότερα
1759 3683 1840 3736 δεῖ

255 3766 538 3832 προσεῖναι
567 3764 643 3834 τῷ
676 3762 811 3834 πρὸς
840 3766 937 3835 τὴν
979 3767 1287 3841 ἀκροτάτην
1321 3771 1701 3842 μακαριότητα
1726 3774 1834 3842 ἀφ-

257 3853 510 3923 ιξομὲνῳ,
542 3857 637 3908 καὶ
662 3854 722 3907 τὺ
746 3855 812 3908 δι’
835 3856 996 3908 αὐτὸν
1022 3861 1275 3930 πάσχειν,
1297 3862 1393 3914 καὶ
1420 3863 1481 3915 τὸ
1500 3863 1671 3934 ψευδῆ
1695 3860 1834 3920 εἶναι

251 3946 323 3998 τὰ
355 3946 646 4017 λεγόμενα.
689 3946 777 4010 Ὠς
820 3947 886 4002 ἂν
915 3948 1026 4020 (15)
1075 3953 1149 4023 μὴ
1194 3951 1405 4024 θατέρῳ
1437 3958 1615 4027 προσῇ
1649 3956 1745 4009 καλ⁸
1773 3956 1835 4010 τὸ

2017 3493 2270 3549 Christus
2297 3491 2562 3546 Dominus
2596 3489 2783 3546 beatos
2799 3490 3061 3560 prmdicat
3085 3491 3174 3559 qui
3217 3493 3535 3563 propteripo

1947 3599 2065 3642 sum
2085 3584 2336 3640 audirent
2359 3582 2608 3647 dicenda,
2645 3592 2700 3637 et
2731 3598 2838 3638 non
2856 3583 3119 3648 dicenda;
3147 3584 3192 3637 si
3225 3584 3315 3654 qui
3349 3599 3535 3655 repre-

1948 3676 2226 3741 hendunt,
2277 3674 2488 3729 mentiti
2526 3686 2649 3728 esse
2694 3673 3193 3742 deprehendantur.
3236 3675 3531 3733 Sciendum

1945 3771 2128 3838 itaque
2158 3768 2267 3823 duo
2298 3767 2491 3822 adesse
2538 3772 2791 3836 oportere
2815 3805 2830 3830 ,
2865 3775 2922 3820 ut
2953 3781 3162 3823 summe
3188 3767 3380 3825 beatus
3411 3772 3534 3839 quis

1943 3859 2299 3931 praedicetur;
2337 3872 2459 3912 cum
2510 3867 2566 3912 ut
2604 3867 2829 3928 propter
2869 3858 3148 3914 Christum
3177 3848 3440 3931 patiatur,
3476 3875 3531 3920 et

1941 3950 2138 4005 falsum
2174 3950 2282 4014 sit,
2314 3948 2456 4019 quod
2508 3949 2806 4020 imponitur
2835 3965 2851 4006 :
2884 3957 2944 4004 ut
2974 3952 3019 4003 si
3052 3949 3281 4006 alterum
3306 3955 3527 4022 quidem

253 4035 463 4105 ἕτερον,
509 4036 570 4089 οὐ
595 4037 848 4091 τοσοῦτον
877 4039 1093 4108 ὠφελεῖ·
1126 4043 1327 4110 ὠφελεῖ
1367 4045 1466 4114 μὲν
1500 4045 1630 4117 γὰρ,
1672 4047 1731 4100 οὐ
1762 4063 1846 4100 το-

1957 4042 2105 4106 nlsit,
2137 4042 2280 4096 absit
2319 4055 2449 4096 vero
2481 4039 2709 4094 alterum
2733 4080 2748 4106 ,
2796 4055 2904 4096 non
2939 4042 3074 4096 adeo
3109 4043 3297 4110 prosit,
3357 4046 3530 4112 prosit

253 4125 444 4180 σοῦτον
494 4127 571 4179 δέ.
624 4127 750 4193 Εἴτε
800 4130 906 4200 γὰρ
952 4131 1020 4184 δι’
1063 4133 1226 4187 αὐτὸν
1267 4137 1570 4206 πάσχοντες
1627 4139 1835 4211 τάληθῆ

249 4217 569 4288 ἅκούοιμεν,
631 4219 890 4294 ἐρυθριᾷ-ι
931 4223 1170 4295 ἀνάγκη·
1231 4227 1357 4281 καθ’
1400 4230 1458 4284 ἓν
1505 4230 1614 4303 γὰρ
1670 4233 1836 4303 μέρος

1941 4145 2153 4201 tamen,
2209 4134 2302 4189 sed
2349 4147 2454 4188 non
2505 4141 2737 4187 tantum.
2783 4130 2911 4189 Sive
2966 4135 3112 4188 enim
3151 4150 3260 4203 pro
3312 4135 3528 4191 Christo

1935 4223 2205 4290 patientes
2262 4223 2400 4278 bene
2457 4222 2843 4289 audierimus,
2901 4237 3128 4280 necesse
3181 4236 3267 4280 est
3328 4228 3528 4284 rubore

249 4311 666 4382 εὐδοκιμοῦντες
709 4314 853 4368 κατὰ
887 4316 946 4370 τὸ
972 4317 1158 4388 ἕτερον
1187 4319 1524 4392 ἐλεγχόμεθα
1543 4362 1558 4376 .
1599 4323 1726 4376 Είτε
1757 4324 1833 4395 μὴ

1957 4311 2169 4366 .nl'fundi
2199 4326 2264 4366 ex
2303 4327 2408 4366 una
2435 4311 2652 4380 quidem
2701 4321 2853 4382 parte
2882 4313 3035 4382 probi
3065 4314 3419 4378 exsistentes,
3457 4331 3525 4369 ex

247 4403 313 4455 δι’
340 4403 508 4457 αὐτὸν
529 4405 648 4474 μὲν,
675 4405 746 4458 τὰ
763 4405 932 4479 ψευδῆ
954 4409 1029 4475 δὲ,
1057 4411 1336 4482 ὑπομονῆς
1363 4414 1462 4484 μὲν
1486 4414 1829 4485 κομιούμεθα
1862 4462 1870 4485 1

1957 4401 2105 4456 dtera
2156 4416 2286 4456 vero
2330 4401 2479 4470 juste
2549 4402 2886 4470 reprehensi.
2949 4401 3077 4458 Sive
3137 4418 3242 4457 non
3305 4415 3528 4474 propter

249 4495 464 4564 μισθὸν,
494 4462 557 4549 οὐ
587 4462 696 4568 μην
721 4462 816 4550 τοιῦ
850 4462 1029 4569 ἄκυρουι
1062 4462 1334 4574 cuiinsz
1849 4462 1870 4515 ’1

1957 4490 2211 4546 Ibristum
2244 4462 2489 4564 quidem,
2528 4462 2626 4547 sed
2664 4493 2800 4549 falso
2837 4492 3001 4566 [male
3035 4462 3342 4568 audiamus]
3392 4462 3524 4552 tole-

245 4585 508 4657 τύχοιμεν
536 4586 622 4653 av,
653 4590 702 4642 εί
732 4590 1021 4663 ἀμφότερα
1051 4595 1367 4666 συνδράμοι.

621 4861 787 4916 me.
826 4891 896 4902 —
923 4863 1090 4935 nant
1121 4867 1441 4938 ΔΙΑΚΟΝῼ.

1935 4583 2125 4637 rantia:
2175 4584 2456 4653 praemium
2514 4586 2826 4653 capiemus,
2910 4602 3014 4642 non
3064 4595 3242 4644 tamen
3298 4604 3524 4646 summa:

1935 4674 2230 4744 participes
2287 4676 2639 4732 beatitudinis
2677 4678 2882 4733 erimus
2917 4695 2932 4743 ;
2968 4694 3130 4748 quam
3165 4689 3277 4735 tum
3306 4683 3521 4736 demum

1936 4779 2356 4835 consequemur,
2385 4782 2509 4821 cum
2547 4778 2778 4841 utraque
2808 4773 3208 4827 concurrerint.

2107 4871 2269 4944 595
2319 4874 2698 4930 CXXXIX.—
2738 4877 2970 4934 HELIA‘I
3025 4880 3350 4938 DlACONO.

999 4954 1317 5025 Spectando,
1351 4971 1401 5009 ut
1436 4961 1656 5028 agendo,
1682 4961 1908 5030 peccari.
1943 4962 2184 5033 (Confer.
2214 4969 2362 5033 epist.
2397 4967 2484 5033 17,
2508 4968 2597 5034 46,
2627 4969 2742 5039 65.)

307 5057 372 5110 El
406 5058 509 5129 μὲν
532 5060 640 5112 τῶν
685 5061 1035 5130 προπυλαίων
1066 5066 1266 5132 μόνων,
1308 5068 1403 5122 καὶ
1445 5068 1519 5141 μὴ
1559 5071 1667 5124 τῶν
1696 5070 1822 5125 ἀδύ-

2010 5073 2066 5129 Si
2121 5078 2383 5132 vestibula
2442 5081 2706 5135 duntaxat
2759 5092 2812 5137 ct
2857 5099 2961 5139 non
3025 5085 3182 5155 adyta
3232 5101 3515 5142 sacrorum

1342 5223 1578 5280 VARIAE
1616 5226 2001 5288 LECTIONES
2030 5233 2119 5288 ET
2147 5234 2382 5291 NOTAE.

315 5369 428 5458 (ll)
463 5370 567 5458 Pr?
608 5373 712 5458 itis,
765 5375 1005 5458 προοίσει
1038 5378 1106 5458 τὰ
1138 5379 1405 5458 πρόϐατα,
1460 5384 1578 5437 cod.
1626 5385 1730 5458 ᾼΙι.
1770 5388 1819 5440 in

1931 5393 2103 5471 ποιεῖν
2137 5387 2217 5471 ᾧ·
2249 5391 2466 5471 κάλλιον
2495 5393 2570 5471 δέ.
2596 5393 2928 5471 Ιηηειιιιιριηιι
2966 5414 3094 5451 vero
3123 5399 3222 5471 sic,
3266 5401 3374 5454 εἰσὶ
3405 5402 3511 5471 γὰρ

241 5449 496 5492 rnntexm
537 5440 714 5504 habet,
747 5440 901 5539 Ιοἴσει
957 5448 1062 5516 προ
1094 5447 1160 5499 τὰ
1185 5440 1513 5518 πράγματα.
1546 5453 1638 5506 sed
1680 5456 1816 5512 idem

244 5510 293 5539 ἰ..
345 5511 582 5539 nun-"2....
635 5513 814 5539 ...ωειλ
901 5518 1134 5539 _--_3-_-
1191 5519 1254 5539 _3_
1402 5521 1456 5539 ι,
1683 5525 1716 5539 η
1780 5529 1788 5539 .

1958 5462 2199 5539 νιαύτοξὶς
2234 5464 2359 5539 (leg.
2385 5481 2445 5516 τε
2473 5466 2695 5539 velea‘t)
2726 5469 2961 5539 saneta-1
2989 5440 3233 5539 ἀμοιϐαίῖ
3268 5440 3509 5525 δειιυίῐτδ.

244 5510 293 5590 in
344 5511 584 5590 maxime
634 5513 850 5590 scribit,
899 5510 1138 5590 προοίσει
1188 5510 1256 5590 [at
1308 5510 1627 5590 πράγματα.
1679 5510 1810 5579 Cod.

249 5577 366 5629 Vat.
400 5577 503 5632 650
544 5597 662 5632 cum
701 5584 847 5635 edito
882 5577 1166 5640 consentit.
1209 5577 1420 5643 Possim

321 5646 432 5716 (i2)
476 5646 529 5701 lu
571 5653 830 5720 elegantis
862 5656 1100 5722 epistolae
1148 5659 1299 5712 initio
1339 5661 1417 5714 sic
1467 5661 1806 5735 iutcrpnngo,

1996 5530 2108 5605 (l3)
2153 5531 2294 5586 Inter
2317 5530 2396 5597 ὡς
2427 5546 2479 5589 et
2515 5534 2590 5605 μὴ
2628 5530 2816 5593 tollunt
2841 5537 2908 5590 ἂν
2951 5530 3104 5595 codd.
3155 5540 3275 5596 Vat.
3311 5541 3416 5596 650
3453 5553 3507 5598 et

1922 5599 2027 5652 ΑΙι.
2071 5601 2279 5656 Ρυδδικ.
