3992 6458
487 277 618 345 ιιιι

1675 278 1734 337 S.
1778 276 2064 338 ISIDOR]
2110 272 2542 338 ΡΕΙᾸῙΞΙΟΤᾸΞ

3589 274 3723 338 14ῖὲ

484 391 708 455 nmniat.
757 403 863 446 non
916 387 1175 444 hactenus
1201 385 1418 450 vicisse,
1460 387 1553 443 sed
1597 388 1648 443 in
1678 388 1838 443 linem
1880 403 2048 457 usque

2158 391 2490 460 νενικηκέναι
2521 387 2643 458 ἤδη,
2684 377 2816 442 ἀλλά
2851 381 2908 442 τὸ
2944 388 3017 459 μὴ
3060 388 3345 460 νικηθῆναι
3385 387 3492 450 lto;
3532 388 3722 450 τέλους

487 497 592 538 non
650 489 959 551 superatum
1032 494 1150 535 sese
1215 495 1465 552 magnum
1541 494 1660 534 esse
1711 479 2049 534 existimans.

485 570 814 626 Thesaurum
842 572 984 624 enim
1020 571 1274 624 virtutum
1301 571 1695 639 possidentibus
1728 569 2047 641 vigilandum

486 663 656 726 magis
680 670 781 721 est.
820 676 980 728 quam
1013 662 1143 715 nihil
1177 662 1519 717 habentibus.
1554 661 1631 716 Illi
1654 663 1796 715 enim
1827 663 2044 724 habent,

485 752 539 806 hi
572 766 675 805 non
711 753 857 814 item,
887 752 1028 821 quod
1058 752 1362 805 custodiant
1390 770 1402 805 :
1444 766 1616 820 neque
1649 751 1788 806 enim
1824 749 2047 819 perinde

485 841 670 896 dolore
701 841 884 906 allicit,
926 841 1056 896 nihil
1083 841 1385 912 possidere,
1419 856 1580 912 quam
1610 840 1749 911 quod
1775 838 2044 907 habuerit,

485 947 552 988 eo
591 932 809 1002 privari.

997 1055 1198 1112 CXLV.
1237 1076 1306 1098 -ά-
1355 1045 1532 1112 NILO.

2155 481 2297 551 μέγα
2365 480 2693 550 ήγούμενοςς
2765 479 2889 544 Τοίς
2949 481 3058 551 γὰρ
3134 480 3370 550 μάλιστα
3445 477 3723 547 θησαυρὸν

2152 569 2360 640 ἀρετῶν
2381 571 2561 638 ἔχουσι
2584 570 2781 640 πρέπει
2805 572 3118 640 ἀγρυπνεῖν,
3150 569 3183 640 ἢ
3213 571 3324 630 τοίς
3356 568 3528 636 μηδὲν
3557 567 3724 621 καλὸν

2153 664 2519 734 κτησαμένοις
2543 680 2556 692 ·
2590 665 2636 717 oi
2672 665 2770 734 μὲν
2793 665 2898 734 γὰρ
2933 663 3165 733 ἔχουσιν,
3192 664 3239 716 oi
3272 662 3328 714 δὲ
3361 661 3462 714 οὑκ
3508 660 3724 730 ἔχουσιν

2152 756 2181 808 δ
2209 753 2517 825 φυλάξωσι·
2551 755 2645 807 καὶ
2693 755 2788 822 οὐχ
2829 752 2970 806 οὕτω
2996 753 3155 806 λυπεῖ
3197 758 3258 805 τὸ
3286 751 3362 822 μὴ
3392 751 3617 820 κτηθὲν,
3649 750 3726 810 ὡς

2151 851 2184 918 ἡ
2217 848 2325 902 τῶν
2359 848 2716 918 ὑπαρξάντων
2745 849 3027 920 στέρησις.

2674 1045 2850 1100 piis.
2875 1074 2947 1084 —
2973 1044 3199 1114 Neue.

1047 1145 1183 1199 Bene
1201 1147 1406 1200 dicendi
1445 1149 1656 1201 virtutes
1710 1145 1904 1214 IV,ea:
1936 1140 2272 1213 Hermogenis
2315 1133 2478 1193 ldeis.
2523 1135 2756 1206 (Confer.
2797 1138 2949 1204 epist.
2979 1135 3128 1207 2l7.)

557 1251 823 1308 Orationis
854 1253 1082 1309 virtutes
1105 1254 1318 1323 quidem
1363 1266 1488 1310 sunt
1519 1275 1531 1308 :
1578 1271 1760 1311 verum
1780 1296 1794 1318 .
1829 1255 2042 1310 concisa

2217 1249 2390 1317 Λόγου
2421 1249 2616 1320 ἀρεταὶ
2663 1247 2780 1317 μὲν,
2814 1239 3060 1314 ἀλήθεια,
3105 1240 3386 1312 συντομία,
3424 1241 3724 1310 σαφήνεια,

488 1342 741 1406 brevitas.
787 1345 1137 1414 perspicuitas
1162 1354 1216 1399 et
1269 1347 1662 1415 opportunitas.
1703 1347 1839 1400 Vitia
1866 1359 2045 1402 autem

2158 1341 2407 1411 εὐκαιρία
2426 1357 2438 1370 ·
2471 1340 2659 1393 κακίαι
2693 1340 2771 1404 δὲ,
2800 1337 3017 1407 ψεῦδος,
3057 1335 3428 1406 μακρηγορία,
3455 1336 3724 1403 ἀσάφεια,

485 1435 752 1489 contraria
797 1445 922 1489 sunt
952 1455 963 1489 :
1017 1434 1207 1490 falsum
1231 1479 1243 1502 ,
1294 1437 1496 1504 prolixa
1522 1439 1716 1500 oratio,
1743 1437 2047 1492 obscuritas

2158 1434 2212 1487 τὸ
2262 1433 2365 1497 ἔξω
2397 1432 2507 1484 τῶν
2563 1431 2767 1501 καιρῶν
2815 1430 3095 1498 φέρεσθαι.
3143 1428 3207 1480 Τί
3251 1427 3358 1498 γὰρ
3407 1425 3625 1493 ὄφελος,
3677 1426 3726 1476 εί

487 1533 544 1577 et
590 1523 892 1593 importune
921 1525 1116 1580 dicere.
1160 1525 1296 1592 Quid
1333 1527 1473 1580 enim
1498 1527 1795 1592 commodi,
1846 1529 1890 1582 si
1919 1542 2046 1583 vera

2158 1524 2354 1594 ἀληθὴς
2382 1524 2481 1593 μὲν
2509 1524 2614 1593 εἴη,
2650 1521 2724 1592 μὴ
2769 1522 3030 1592 σύντομος
3080 1521 3156 1586 δὲ,
3185 1518 3298 1572 ἀλλ’
3352 1517 3566 1587 ἐνοχλεῖ
3599 1517 3727 1576 τοὺς

488 1613 704 1682 quidem
752 1615 824 1668 sit
852 1616 1060 1679 oratio,
1114 1632 1217 1670 non
1271 1626 1444 1670 tamen
1491 1616 1744 1683 concisa,
1794 1619 1886 1671 sed
1928 1632 2047 1688 qua:

2158 1614 2477 1680 ἀκούοντας
2509 1614 2541 1685 ἢ
2572 1615 2834 1683 σύντομος
2866 1613 2987 1682 μὲν,
3015 1613 3089 1684 μὴ
3123 1611 3298 1683 σαφὴς
3322 1612 3413 1677 es;
3458 1613 3492 1681 ἢ
3548 1611 3730 1678 σαφὴς

491 1703 645 1771 copia
687 1715 876 1758 enecet
914 1705 1233 1758 auditores?
1291 1705 1354 1757 Et
1387 1706 1599 1759 concisa
1628 1705 1845 1775 quidem
1868 1745 1882 1769 ,
1943 1721 2046 1760 non

2158 1706 2278 1775 μὲν,
2314 1705 2389 1775 μὴ
2434 1705 2644 1775 καίριος
2692 1707 2784 1772 es;
2820 1707 2866 1758 εί
2894 1705 2948 1758 δὲ
3000 1706 3178 1768 πάσας
3207 1705 3319 1774 ἔχοι
3365 1704 3465 1766 τὰς
3503 1702 3726 1771 ἀρετάς,

491 1795 635 1848 clara
681 1795 887 1848 tamen?
914 1793 1009 1848 Vel
1039 1794 1185 1849 clara
1210 1796 1422 1864 quidem
1450 1835 1466 1861 ,
1510 1811 1612 1849 non
1658 1807 1830 1850 tamen
1856 1811 2052 1865 oppor-

491 1893 618 1937 tuna
645 1883 669 1937 ἳ
719 1883 776 1938 Si
803 1899 929 1938 vero
955 1899 1140 1939 omnes
1191 1886 1385 1940 habeat
1413 1887 1672 1940 orationis
1699 1887 1953 1954 virtutes,
1983 1890 2054 1942 sit

491 1980 548 2028 et
577 1972 758 2028 eﬂicax
780 2013 796 2039 ,
841 1975 1057 2028 incitata
1079 2015 1092 2038 ,
1117 1991 1179 2029 ac
1208 1977 1370 2030 veluti
1418 1978 1655 2049 spirans,
1680 1979 1906 2032 veritate
1936 1979 2053 2047 qui-

486 2063 614 2117 dem
668 2065 938 2119 auditores
981 2068 1200 2129 ducens,
1247 2068 1509 2121 brevitate
1547 2082 1676 2121 vero
1717 2081 2051 2137 expugnans,

493 2153 868 2221 perspicuitate
899 2154 1059 2207 veluti
1099 2157 1336 2224 capiens,
1381 2155 1778 2224 opportunitate
1826 2158 2054 2225 denique

485 2255 743 2296 coronam
780 2243 1077 2309 imponens.

781 2347 1006 2403 CXLVI.
1047 2380 1114 2390 —-
1167 2350 1394 2404 IIELUE
1438 2351 1751 2406 DlACONO.

2155 1795 2273 1847 τότε
2302 1795 2624 1864 δραστήριος
2647 1795 2818 1860 ἔσται,
2853 1797 2945 1848 καὶ
3000 1797 3194 1865 γοργὸς
3238 1795 3331 1846 καὶ
3362 1793 3631 1863 ἔμψυχος,
3660 1795 3730 1863 τῇ

2162 1883 2262 1954 μὲν
2323 1875 2550 1956 ἀληθείᾳ
2608 1885 2736 1948 τοὺς
2784 1885 3080 1947 ἀκούοντας
3125 1885 3492 1955 χειρούμενος,
3547 1888 3617 1954 τῇ
3672 1884 3732 1936 δὲ

2161 1977 2423 2046 συντομία
2467 1975 3004 2046 καταγωνιζόμενος*
3047 1975 3142 2028 καὶ
3186 1978 3252 2044 τῇ
3303 1975 3401 2044 μὲν
3456 1975 3732 2044 σαφηνείᾳ

2160 2066 2591 2136 καθαπτόμενος,
2623 2069 2686 2136 τῇ
2712 2066 2766 2119 δὲ
2793 2065 3045 2138 εὐκαιρίᾳ.
3080 2063 3547 2136 στεφανούμενος..

2523 2356 2711 2412 ΡΜσκ
2741 2386 2810 2396 -—-
2843 2351 3005 2426 ΗΛΙᾼ
3049 2352 3366 2422 ΔΙΔΚΟΝῼ.

1178 2441 1255 2496 De
1280 2443 1547 2497 oculorum
1577 2445 1776 2497 decenti
1808 2447 2133 2501 uerecundia.
2168 2445 2401 2520 (Confer.
2429 2452 2573 2518 epist.
2609 2451 2692 2513 l7,
2732 2449 2820 2512 £6,
2854 2448 2998 2515 139.)

561 2559 777 2632 Pupillie
825 2564 875 2616 in
903 2563 1073 2618 oculis
1114 2565 1275 2618 veluti
1311 2570 1540 2640 virgines
1573 2569 1623 2621 in
1663 2567 1897 2622 thalamo
1938 2578 2052 2623 sunt

2229 2563 2292 2613 Ai
2325 2561 2481 2630 κόραι
2527 2562 2582 2612 al.
2632 2562 2762 2612 εἴσω
2801 2561 2908 2613 τῶν
2944 2558 3259 2628 ὀφθαλμῶν,
3290 2556 3546 2626 καθάπερ
3590 2573 3732 2627 napo

488 2655 788 2720 collocatur,
821 2657 958 2708 ciliis
995 2650 1084 2708 s‘eu
1129 2657 1396 2725 palpebris
1426 2669 1678 2727 tanquam
1711 2661 1842 2714 velis
1868 2670 2052 2715 teettc:

2159 2651 2302 2703 θὲνοι
2339 2652 2449 2720 (16)
2484 2652 2540 2702 ὲν
2567 2651 2826 2719 Θαλάμοις
2863 2650 3164 2720 ἱδρυμέναι,
3222 2649 3314 2701 καὶ
3363 2650 3474 2710 τοῖς
3528 2647 3730 2717 βλεφά-

490 2758 701 2811 uquum
755 2746 932 2814 itaque
972 2745 1135 2800 fuerit
1176 2749 1422 2815 prudenti
1474 2749 1684 2803 ratione
1721 2764 1810 2802 eas
1851 2751 1962 2819 regi
1996 2767 2052 2804 ac

2161 2757 2273 2810 ροις
2300 2740 2550 2812 καθάπερ
2572 2739 3029 2809 παραπετάσμασι
3050 2737 3485 2808 κεκαλυμμέναι,
3516 2737 3728 2790 δίκαιαι

497 2835 689 2899 tutari,
733 2846 790 2888 ut
836 2837 1048 2890 assidue
1091 2838 1303 2904 quidem
1341 2839 1703 2902 erubescant,
1754 2841 2052 2907 pudeatque

2159 2829 2224 2882 ἂν
2282 2829 2389 2882 εἷεν
2446 2831 2551 2882 ὑπὸ
2609 2829 2880 2900 σώφρονος
2923 2827 3180 2895 λογισμοῦ
3244 2827 3728 2899 ἐπιτροπεύεσθαι,

487 2940 674 2981 eorum
716 2940 833 2994 qua:
859 2937 1087 2994 oportet.
1151 2927 1205 2979 Si
1252 2943 1377 2980 vero
1407 2937 1459 2980 et
1505 2928 1730 2980 aliorum
1767 2930 2052 2996 spectarint

2163 2923 2247 2972 ἵνα
2285 2920 2574 2990 ἐρυθριῶσι
2623 2898 2738 2988 μὲν.
2774 2919 2880 2983 ἀεὶ,
2925 2921 3017 2972 καὶ
3062 2898 3423 2987 αἰσχύνωνται
3469 2917 3506 2970 ἃ.
3536 2917 3637 2971 δεῖ.
3665 2919 3728 2970 Ei

493 3012 982 3083 pulchritudinem,
1031 3014 1259 3080 amplius
1288 3014 1641 3078 erubescant,
1676 3016 1899 3083 velaque
1927 3031 2056 3068 (‘OII-

2155 3009 2212 3062 δέ
2247 3027 2369 3060 ποτε
2397 3011 2490 3062 καὶ
2525 3010 2801 3078 ἀλλότριον
2843 3009 3034 3071 κάλλος
3065 3008 3362 3073 θεάσοιντο,
3413 3007 3577 3061 πλέον
3604 3010 3729 3076 ἐρυ-

493 3103 730 3166 trahant,
775 3113 828 3155 et
882 3106 1132 3157 deorsum
1185 3105 1366 3157 oculos
1407 3105 1708 3169 demittant,
1752 3114 2052 3172 terramque

2158 3099 2368 3168 θριῶσι,
2430 3101 2521 3152 no.1
2565 3101 2761 3151 ἕλκωσι
2811 3099 2876 3152 τὰ
2900 3101 3394 3170 παραπετάσματα,
3450 3100 3547 3151 καὶ
3577 3101 3728 3156 κάτω

495 3195 660 3249 veluti
695 3204 919 3246 matrem
961 3195 1293 3257 intueantur,
1326 3209 1443 3262 qua:
1478 3195 1666 3248 doceat
1688 3210 1791 3248 non
1819 3208 2055 3249 nostram

496 3283 652 3338 modo
676 3292 938 3347 naturam,
960 3283 1051 3336 sed
1074 3292 1127 3336 et
1144 3291 1435 3350 spectatam
1457 3284 1599 3336 illam
1633 3295 1964 3337 venustatem
1989 3299 2054 3337 ex

496 3375 608 3445 ipsa
651 3371 964 3437 efﬂoruisse,
988 3384 1041 3426 et
1076 3375 1249 3426 denuo
1280 3385 1700 3428 marcescentem
1729 3375 1780 3428 in
1808 3375 1948 3427 illam
1973 3374 2056 3427 lu-

494 3481 610 3521 cem
636 3467 944 3519 redituram.
972 3465 1026 3516 Id
1058 3467 1098 3518 si
1130 3464 1378 3519 eliectum
1405 3467 1571 3532 dabit,
1596 3467 1849 3520 decorum
1876 3468 2054 3534 reipsa

492 3557 728 3624 virgines
775 3556 1058 3630 servarint.
1127 3555 1219 3609 Sin
1270 3557 1632 3624 imprudenter
1671 3567 1830 3622 atque
1877 3559 2052 3626 impo-

499 3657 675 3700 tenter
709 3647 908 3714 quzevis
955 3647 1373 3713 conspexerint,
1419 3660 1513 3714 pro
1549 3648 1844 3714 virginibus
1892 3662 2055 3700 canes

494 3749 613 3790 esse
647 3735 818 3804 potius
859 3737 1175 3803 comperics,
1201 3735 1290 3803 qui
1332 3737 1385 3789 in
1411 3735 1640 3789 alienam
1690 3736 2054 3803 pulchritudi-

498 3839 618 3880 nem
647 3825 803 3880 veluti
843 3827 987 3879 rabie
1019 3827 1381 3894 impellantur.

658 3946 821 4019 593
872 3948 1118 4003 cxcvu.
1155 3979 1227 3990 --
1261 3949 1524 4007 Tuom:
1558 3951 1911 4008 MONACHO.

2155 3191 2424 3253 κύπτωσι,
2455 3191 2548 3242 καὶ
2569 3191 2666 3260 τὴν
2693 3191 2795 3259 γῆν
2833 3189 2929 3243 ἅτε
2972 3191 3182 3260 μητέρα
3206 3189 3588 3260 περισκοπῶσι
3626 3188 3724 3259 τὴν

2163 3281 2538 3343 παιδεύουσαν,
2596 3283 2656 3333 οὐ
2706 3281 2863 3350 μόνον
2916 3280 3011 3350 τὴν
3070 3281 3339 3350 ἡμετέραν
3393 3279 3579 3347 φύσιν,
3610 3278 3725 3332 ἀλλ’

2159 3373 2242 3425 ὅτι
2294 3373 2384 3425 καὶ
2427 3374 2486 3424 τὸ
2537 3371 2695 3440 ὀφθὲν
2737 3372 2928 3435 κάλλος
2971 3373 3029 3436 ἐξ
3086 3373 3250 3441 αὐτῆς
3311 3372 3553 3443 ἦνθησε,
3632 3373 3727 3424 καὶ

2161 3467 2239 3526 εἰς
2265 3463 2430 3533 αὐτὴν
2457 3463 2782 3533 ὑποστρέφει
2811 3462 3306 3534 μαρανθησὸμενον.
3334 3463 3395 3513 Εἰ
3421 3463 3532 3532 γὰρ
3567 3461 3724 3514 τοῦτο

2158 3555 2431 3623 δράσαιεν,
2489 3556 2780 3623 φυλάξαιεν
2822 3553 3033 3623 ἀληθῶς
3064 3555 3123 3606 τὸ
3162 3554 3372 3623 πρέπον
3406 3554 3720 3624 παρθένοις.

2157 3647 2205 3697 εἰ
2254 3645 2309 3697 δὲ
2347 3645 2600 3716 ἀκρατῶς
2644 3646 2737 3697 καὶ
2783 3644 3149 3713 ἀναισχύντως
3196 3642 3495 3712 καθορῷεν,
3566 3643 3723 3704 κύνες

2160 3737 2281 3787 ἀντὶ
2308 3736 2591 3804 παρθένων
2619 3734 3021 3804 εὑρεθήσονται,
3071 3736 3179 3797 τοῖς
3209 3733 3510 3803 ἀλλοτρίοις
3541 3731 3725 3785 κάλλε-

2161 3845 2242 3882 σιν
2270 3829 2645 3882 ὲπιλυττῶσαι.

2470 3941 2644 3995 ΡΜΖ’.
2679 3970 2747 3978 -
2778 3939 2964 4009 ΘΩΜᾼ
2994 3936 3410 3993 ΜΟΝΑΖΟΝΤΙ.

987 4039 1063 4092 De
1091 4039 1312 4094 Eusebio
1354 4059 1558 4095 rursum
1599 4044 1764 4097 malos
1809 4047 2083 4097 ordinante
2132 4039 2443 4093 sacerdotes.
2481 4037 2662 4104 (Supr.
2701 4033 2849 4098 epist.
2903 4031 2961 4084 l6
2993 4041 3040 4082 et
3081 4021 3227 4100 MO.)

572 4145 628 4199 Si
679 4160 774 4215 per
817 4147 1230 4212 imprudentiam
1287 4149 1548 4206 Eusebius
1600 4153 1714 4206 illos
1763 4153 2051 4220 ordinavit,

2229 4148 2291 4200 Εἰ
2334 4148 2430 4216 μὲν
2483 4143 2689 4211 ἀγνοῶν
2752 4139 3006 4202 Εὐσέϐιος
3048 4140 3448 4211 ἐχειροτόνησεν
3502 4141 3719 4205 αὐτοὺς,

503 4237 713 4291 modico
741 4237 995 4306 indigebit
1043 4237 1341 4306 patrocinio
1371 4241 1756 4308 imprudentiae.
1814 4242 1907 4295 Sin
1940 4282 1953 4308 ,
1999 4253 2056 4297 ιιι

505 4327 716 4392 scribis,
760 4329 935 4383 studio
955 4330 1183 4399 dataque
1207 4347 1367 4400 opera
1398 4334 1447 4384 id
1490 4333 1636 4398 fecit,
1664 4349 1794 4388 sane
1825 4335 1963 4404 lupis
1988 4337 2057 4391 ob

507 4418 847 4484 rapacitatem
871 4458 886 4483 ,
923 4421 1145 4474 canibus
1190 4423 1259 4476 ob
1304 4423 1632 4477 salacitatem
1661 4464 1675 4487 ,
1717 4425 1784 4478 ob
1806 4426 2052 4479 callidam

501 4521 630 4564 vero
654 4510 899 4562 astutiam
929 4511 1174 4578 vulpibus
1221 4528 1432 4582 gregem
1485 4529 1637 4568 suum
1666 4516 1893 4568 credidit
1937 4515 2055 4582 (pro

501 4613 611 4666 quo
635 4605 812 4649 tamen
863 4597 1153 4664 pretiosum
1181 4600 1339 4651 etiam
1373 4601 1684 4669 sanguinem
1725 4615 1879 4654 suum
1904 4600 2054 4653 Chri-

502 4699 614 4741 stus
637 4685 915 4758 profudit),
943 4688 1155 4756 gravius
1191 4704 1346 4755 quam
1370 4700 1425 4742 ut
1447 4691 1692 4745 excusari
1725 4698 1901 4758 queat,
1930 4705 2052 4757 pec-

501 4779 663 4833 cavit.
706 4777 827 4832 HLCC
853 4793 981 4832 vero
1002 4779 1142 4841 dico,
1171 4794 1271 4831 non
1297 4782 1445 4846 quasi
1491 4781 1560 4832 illi
1595 4797 1622 4834 a
1653 4782 1936 4834 reddendis
1971 4797 2055 4833 ra-

507 4867 738 4920 tionibus
781 4868 1064 4931 immunes,
1092 4881 1153 4920 ac
1197 4880 1370 4933 pcenae
1410 4868 1475 4920 ab
1502 4868 1607 4922 illis
1631 4870 1905 4938 exigendae
1952 4885 2055 4923 non

504 4958 647 5020 sint,
694 4959 785 5012 sed
826 4968 883 5010 ut
924 4960 1091 5026 magis
1127 4958 1426 5028 puniendus
1470 4960 1539 5011 sit
1587 4959 1696 5024 ille,
1729 4961 1816 5028 qui
1857 4961 2058 5014 semina

505 5060 842 5118 peccatorum
862 5052 1070 5119 jecerit.
1095 5052 1192 5115 Qui
1211 5050 1352 5103 enim
1373 5064 1587 5102 causam
1604 5051 1830 5114 dederit,
1852 5066 2057 5117 eorum,

504 5157 619 5210 qua:
653 5143 948 5205 evenerint,
981 5151 1166 5195 auctor
1200 5140 1496 5193 habendus.

2161 4239 2268 4304 ἕξει
2309 4239 2533 4310 μετρίαν
2578 4239 2868 4306 ἀπολογίαν
2914 4239 2968 4290 ὲν
2999 4235 3215 4305 ἀγνοίᾳ·
3265 4236 3314 4286 εί
3342 4235 3417 4298 δὲ,
3469 4234 3545 4297 ὡς
3596 4235 3718 4304 φὴς,

2164 4329 2305 4400 μάλα
2363 4329 2605 4400 ἀκριϐῶς
2658 4330 3040 4398 ἐπιστάμενος,
3095 4327 3276 4388 λύκοις
3327 4327 3424 4394 μὲν
3489 4325 3577 4378 διὰ
3623 4328 3722 4386 τὰς

2159 4421 2434 4489 ἁρπαγὰς,
2476 4403 2601 4470 κυσῖ
2624 4418 2680 4471 δὲ
2709 4418 2794 4470 διὰ
2824 4419 2921 4480 τὰς
2953 4417 3225 4484 λαγνείας,
3267 4414 3503 4478 ἀλώπεξι
3537 4415 3593 4467 δὲ
3637 4416 3725 4467 διὰ

2161 4510 2255 4580 τὴν
2287 4510 2618 4579 κακουργίαν
2635 4509 2982 4578 παραδέδωκε
3009 4507 3070 4559 τὸ
3092 4507 3337 4577 ποίμνιον
3360 4506 3522 4577 (ὑπὲρ
3542 4500 3604 4558 οὗ
3631 4507 3724 4558 καὶ

2159 4601 2220 4654 τὸ
2249 4602 2425 4670 τίμιον
2448 4599 2608 4652 αὑτοῦ
2630 4595 2765 4669 αἷμα
2782 4599 2990 4669 ἐξέχεεν
3013 4600 3040 4650 ὁ
3070 4596 3322 4667 Χριστός)
3345 4612 3358 4625 ⁸
3386 4598 3566 4667 πάσης
3592 4601 3723 4651 ἀποο

2159 4694 2342 4761 λογίας
2394 4695 2609 4762 ἥμαρτε
2672 4692 2910 4759 μείζονα.
2963 4689 3144 4742 Ταῦτα
3187 4689 3242 4740 δέ
3282 4706 3442 4758 φημι,
3495 4690 3595 4758 οὐχ
3649 4691 3723 4752 ὠς

2163 4782 2385 4834 ἐκείνων
2406 4778 3015 4847 ἀνευθύνωνὲσομένων,
3035 4778 3131 4830 καὶ
3152 4775 3304 4839 δίκας
3327 4777 3401 4846 μὴ
3415 4777 3724 4843 ἀπαιτηθη-

2169 4871 2432 4941 σομένων,
2473 4872 2585 4924 ἀλλ’
2637 4872 2712 4933 ὡς
2743 4869 2835 4922 τοῦ
2869 4871 2935 4922 τά
2991 4868 3279 4939 σπέρματα
3335 4867 3440 4920 τῶν
3481 4871 3726 4939 ἀμαρτηο

2169 4964 2351 5034 μάτων
2400 4962 2793 5032 παρασχόντος,
2837 4960 3098 5030 μειζόνως
3133 4959 3625 5028 κολασθησομένου.
3669 4960 3723 5010 '0

2164 5055 2271 5126 γὰρ
2308 5055 2406 5123 τὴν
2433 5054 2610 5107 αἰτίαν
2632 5053 2825 5118 διδοὺς,
2880 5051 2985 5104 τῶν
3005 5052 3359 5104 ἐκϐαινόντων
3391 5050 3560 5113 αἴτιος
3592 5052 3720 5104 καθ-

2164 5147 2416 5216 έστηκεν.

1581 5291 1811 5348 ΥΑΒΙιΕ
1844 5291 2216 5352 LECTIONES
2249 5297 2334 5352 ΕΤ
2373 5296 2602 5352 ΝΟΤΑΕ.

571 5447 683 5516 (l6)
720 5447 988 5519 Παρθένος
1019 5455 1072 5502 et
1099 5448 1347 5517 virginem
1376 5457 1428 5502 et
1467 5450 1724 5517 pupillam
1765 5452 2051 5519 significat,

502 5528 558 5591 ιιι
588 5530 640 5591 et
677 5516 829 5587 κόρη.
877 5516 930 5569 In
960 5520 1054 5591 b_ac
1085 5516 1215 5591 voce
1231 5532 1309 5591 _ex
1347 5516 1594 5591 ambiguo
1637 5520 1765 5574 lusit
1796 5516 2054 5591 Diogenes

503 5585 781 5656 Cynicum;
802 5597 936 5639 teste
981 5585 1193 5641 Laertio
1228 5586 1280 5639 in
1316 5585 1430 5656 ejus
1473 5588 1613 5642 Vita.
1675 5585 2054 5647 Demosthenes

503 5654 629 5710 item
655 5671 716 5711 ac
741 5654 971 5712 Timzeus
1006 5657 1292 5713 historicus
1325 5654 1462 5726 apud
1493 5657 1768 5714 Plutarch.
1812 5661 1946 5716 libro
1977 5661 2052 5715 De

2149 5453 2328 5508 inutili
2357 5453 2687 5507 verecundia.
2720 5450 2777 5506 In
2811 5451 2898 5508 illa
2933 5468 3060 5508 voce
3084 5454 3210 5509 lusit
3234 5463 3288 5508 et
3314 5443 3637 5522 Xennpbnn,
3669 5467 3721 5508 nt

2151 5533 2332 5578 monet
2357 5523 2640 5593 Dionysius
2667 5523 2936 5593 Longinus
2959 5525 3093 5579 libro
3120 5526 3252 5593 Περὶ
3286 5523 3471 5592 ὓψους,
3505 5526 3720 5589 locaque

2151 5542 2332 5578 monet
2357 5542 2640 5593 υιοιιγειυδ
2667 5542 2936 5593 ιλοιιειιιυδ
2959 5542 3093 5579 ΙΙΙ)ΐο
3120 5542 3191 5577 ιιε
3211 5542 3252 5576 ιι
3286 5542 3471 5592 υψους,
3505 5542 3716 5589 tocaque

2151 5594 2355 5717 gotavit
2396 5593 2588 5648 Paulus
2615 5592 2921 5660 Leopardus
2951 5595 3043 5649 lib.
3079 5609 3164 5648 xvi
3197 5542 3445 5662 gliscat"
3473 5609 3594 5664 cap.
3631 5595 3716 5647 2s.

2194 5678 2392 5719 cnorr.
