3992 6446
1189 325 1722 392 EPISTOLARUM
1762 323 1908 383 LIB.
1948 323 2017 384 ν.
2055 345 2123 357 -·
2161 320 2397 382 EPIST.
2429 319 2604 382 CLII.
3401 322 3543 393 14ίό

518 429 702 484 PMH'.
732 459 806 473 —
842 428 1110 504 ιΩΑΝΝῌ
1151 431 1606 502 ΣΧοΛΑΣτικο.

2152 426 2427 485 CXLVIII.
2467 458 2536 468 —
2574 425 2815 483 JOANNI
2855 429 3348 490 SCIIOLASTICO.

793 541 862 596 In
901 560 1079 598 mensa
1111 545 1402 598 servandus
1429 545 1533 598 cibi
1556 546 1763 597 modus.
1798 541 2034 598 Satietas
2064 540 2202 595 enim
2231 551 2279 594 et
2319 540 2607 597 insalubris
2629 553 2674 597 et
2699 543 3014 613 injucunda.

344 645 418 700 Τὸ
449 646 669 701 κυνικὸν
699 649 794 704 καὶ
825 651 1086 722 θηριῶδες
1127 651 1237 706 τῶν
1279 652 1511 724 ὀρέξεων
1537 653 1635 723 οὐχ
1673 653 1835 706 ἑστιαι

2035 649 2274 706 Caninos
2317 663 2380 704 ac
2425 649 2615 704 brutos
2659 652 2929 719 appetitus
2953 653 3174 720 opipara
3224 666 3412 718 mensa
3449 668 3535 709 res

269 738 397 792 τέον
465 739 716 812 τραπέζῃ
791 741 1093 805 πολυτελεῖ,
1177 742 1314 796 ἀλλὰ
1369 747 1481 806 τοῖς
1534 742 1835 810 ἀναγκαίου

1963 757 2153 798 creare
2193 757 2300 796 non
2351 741 2546 808 decet,
2598 742 2692 797 sed
2745 745 3069 798 necessariis
3117 754 3322 799 tantum
3365 754 3543 815 epulis

271 830 584 899 εὐωχητέον
614 848 626 862 ·
678 832 732 886 εί
758 848 820 899 γε
845 833 878 900 ἡ
908 833 1112 903 εὐωχία
1140 833 1201 886 τὸ
1241 829 1300 888 εὐ
1337 834 1483 905 ἔχειν
1515 835 1730 906 μηνύει,
1765 834 1835 887 ἵνα

1960 829 2255 900 utendum;
2296 833 2345 891 si
2393 834 2609 904 quidem
2653 849 2682 887 a
2723 833 2928 888 Graecis
2973 834 3205 904 εὐωχία,
3255 836 3543 888 convivium

276 319 418 387 N13

271 921 366 973 καὶ
389 921 597 993 ἥμερον
638 924 771 992 ἡμῖν
802 924 894 976 καὶ
927 923 1212 994 χειρόηθες
1241 926 1489 996 γένηται.
1518 929 1580 979 υί
1610 919 1719 996 γὰρ
1753 927 1851 996 τὴν

270 1011 608 1081 αὐτάρκειαν
650 1013 1110 1084 ὐπερνηχόμενοι,
1165 1016 1261 1069 καὶ
1307 1017 1400 1069 τὸν
1444 1017 1606 1087 κόρον
1626 1009 1723 1070 διὰ
1752 1016 1850 1086 τῆς

271 1100 590 1172 πλησμονῆς
641 1103 944 1174 ὑϐρίζουσι,
990 1105 1082 1158 καὶ
1125 1105 1221 1168 τὰς
1274 1105 1557 1178 αἰσθήσεις
1599 1123 1851 1177 καταμα-

276 1191 540 1261 ραίνουσι,
576 1194 669 1257 καὶ
699 1192 1022 1248 λανθάνουσι
1070 1194 1156 1249 διὰ
1183 1196 1281 1267 τῆς
1318 1197 1511 1268 ἡδονῆς
1537 1197 1636 1268 τὴν
1658 1197 1852 1267 ἡδονὴν

268 1285 371 1352 τῆς
409 1282 615 1354 τροφῆς
645 1283 999 1348 ἀπολλύντες.

481 1479 660 1534 PMG'.
695 1510 768 1522 --
797 1482 1124 1554 ΘΕΟΔΟΣῙῼ
1175 1482 1632 1557 ΣΧΟΛΑΣΤΙΚῼ.

1959 923 2115 994 quasi
2139 927 2266 981 bene
2288 926 2476 980 habere
2507 933 2600 978 aut
2624 925 2788 980 vivere
2812 925 3079 997 designat,
3105 935 3238 981 utet
3267 927 3540 996 placidum

1952 1015 2043 1070 Iiat
2111 1032 2174 1072 ac
2223 1025 2563 1072 mansuetum
2612 1017 2765 1071 vobis
2818 1018 3145 1072 convivium.
3230 1019 3335 1086 Qui
3383 1021 3546 1076 enim.

1950 1106 2207 1176 amplius,
2233 1122 2396 1176 quam
2425 1108 2558 1161 satis
2583 1116 2687 1169 est,
2713 1116 2957 1195 sumunt,
2987 1108 3057 1161 illi
3087 1117 3138 1164 et
3170 1110 3535 1164 valetudinem

1951 1199 2113 1253 nimis
2164 1198 2434 1268 epulando
2459 1198 2658 1253 violant
2684 1240 2698 1259 ,
2738 1209 2792 1254 et
2815 1214 3009 1254 sensus
3035 1201 3400 1271 exstinguunt
3445 1204 3541 1255 ob-

1955 1290 2318 1358 tunduntque,
2351 1303 2450 1344 nec
2478 1290 2664 1344 vident
2711 1305 2829 1345 sese
2855 1292 2922 1345 ob
2955 1292 3178 1346 nimiam
3219 1292 3272 1345 in
3319 1301 3540 1363 gustatu

1952 1379 2372 1434 delectationem
2411 1379 2683 1447 voluptate
2725 1381 2952 1451 privari.

2091 1485 2320 1540 CXLIX.
2362 1515 2433 1527 --
2471 1485 2863 1543 TIIEODUSIO
2899 1487 3394 1546 SCIIOLASTICO.

933 1574 1155 1630 Pessimi
1195 1587 1340 1640 sunt,
1372 1579 1460 1646 qui
1498 1578 1593 1631 sub
1624 1578 1792 1648 specie
1836 1577 1977 1642 boni,
2018 1578 2149 1631 mali
2183 1589 2325 1634 sunt.
2372 1577 2596 1634 Iustitia
2637 1581 2873 1638 colenda.

342 1673 719 1750 Κομψοφανὴς
749 1681 843 1734 καὶ
866 1681 1238 1753 δικαιοφανὴς,
1262 1685 1323 1736 οὐ
1361 1685 1466 1756 μὴν
1491 1685 1678 1739 δικαία
1706 1684 1835 1752 ἔδοξε

2029 1686 2326 1757 Speciosa,
2364 1703 2469 1743 non
2507 1697 2686 1743 autem
2716 1689 2864 1759 justa
2905 1691 3035 1746 mihi
3079 1701 3166 1745 tua
3203 1707 3366 1748 causa
3402 1696 3538 1761 visa,

270 1789 363 1842 μοι
393 1774 426 1841 ἡ
457 1771 607 1824 αίτία
636 1773 702 1840 ἢν
729 1771 1034 1841 γέγραφας.
1082 1775 1289 1829 Οὐκοῦν
1329 1779 1376 1828 εἰ
1405 1776 1564 1848 πείθῃ
1601 1777 1850 1831 Πλάτωνι.

266 1860 513 1930 εἰρηκότι
541 1876 554 1888 ·
597 1880 614 1909 s
647 1853 816 1922 Οὗτος
844 1861 950 1933 γὰρ
973 1861 1196 1931 ἔσχατὸς
1224 1866 1370 1916 ἐστιν
1404 1865 1526 1936 ὅρος
1544 1866 1761 1927 κακίας,
1789 1865 1849 1918 τὺ

265 1950 444 2002 δοκεῖν
463 1949 669 2003 δίκαιον
689 1946 827 2003 εἶναι
863 1951 935 2022 μὴ
964 1952 1110 2008 ὄντα.
1141 1972 1159 2003 ›
1189 1955 1278 2023 Μὴ
1306 1954 1376 2007 τὰ
1399 1954 1677 2018 δοκοῦντα,
1710 1955 1848 2012 ἀλλὰ

263 2039 337 2090 τὰ
397 2037 525 2091 ὅντα
575 2039 760 2092 δίκαια
809 2041 950 2111 θήρα
981 2058 994 2072 ·
1043 2040 1184 2094 οὕτω
1231 2045 1339 2113 γὰρ
1399 2043 1491 2096 καὶ
1530 2046 1557 2096 ὁ
1591 2045 1724 2109 Θεός
1786 2062 1846 2097 σε

265 2129 639 2192 ἐπαινέσεται,
683 2131 775 2184 καὶ
811 2129 1088 2203 ἄνθρωποι
1128 2134 1498 2200 ἀποδέξονται,
1543 2136 1688 2188 καὶὸ
1725 2137 1843 2191 διά-

264 2218 415 2281 δικος
439 2222 466 2271 ὀ
502 2221 592 2284 σὸς
625 2221 874 2293 εὐμερῶς
903 2224 1253 2290 διακείσεται,
1287 2227 1380 2279 καὶ
1403 2227 1502 2296 τῆς
1547 2227 1843 2298 ἀπεχθείας

264 2308 605 2378 ἐπιλήσεται.

722 2421 849 2474 ΡΝ’.
878 2451 947 2460 υ-
975 2422 1386 2479 ΧΑΙΡΗΜΟΝῙ.

1957 1775 2025 1830 de
2053 1791 2159 1844 qua
2192 1776 2411 1832 scribis.
2466 1778 2642 1844 Quare
2671 1777 2881 1835 Platoni
2914 1779 3061 1836 dicto
3093 1784 3170 1836 sis
3199 1784 3426 1839 audiens
3459 1787 3541 1839 tli-

1957 1867 2134 1921 centi:
2175 1867 2487 1922 «Summum
2519 1869 2570 1922 id
2609 1885 2729 1925 esse
2765 1872 3143 1941 improbitatis,
3173 1876 3379 1944 justum
3403 1877 3542 1930 velle

1959 1957 2162 2021 videri,
2193 1958 2286 2026 qui
2341 1973 2447 2013 non
2483 1959 2573 2013 sit.
2602 1978 2620 2011 ι
2679 1959 2798 2015 Noli
2830 1978 2891 2017 ea
2929 1981 3050 2032 qnze
3085 1977 3345 2036 apparent
3368 2007 3382 2032 ,
3442 1971 3536 2023 sed

1957 2061 2077 2115 quae
2107 2063 2297 2103 revera
2327 2049 2437 2103 sint
2490 2053 2625 2105 bona
2678 2055 2900 2111 sectari.
2960 2056 3033 2110 Ita
3070 2058 3198 2121 ﬁet,
3242 2068 3296 2112 ut
3327 2069 3379 2114 et
3434 2061 3542 2114 Deo

1955 2137 2190 2207 placeas,
2221 2139 2584 2212 hominesque
2614 2152 2665 2197 te
2685 2147 3135 2215 complectantur,
3159 2160 3212 2204 et
3243 2152 3292 2205 in
3325 2153 3532 2222 judicio

1956 2228 2267 2296 disceptans
2318 2229 2529 2298 placide
2573 2235 2911 2305 benigneque
2937 2241 3277 2307 acquiescat,
3309 2243 3538 2297 oblivis-

1957 2326 2216 2387 caturque
2245 2323 2483 2375 animum
2521 2324 2837 2392 deponendo
2872 2330 3148 2386 infestum.

2396 2429 2503 2484 CL.
2549 2462 2612 2474 -
2650 2433 3106 2496 CHAERE'MONI.

980 2517 1265 2585 Hortatur,
1297 2529 1354 2573 ut
1380 2523 1660 2592 insligatus
1694 2524 1986 2592 resipiscat,
2019 2537 2082 2576 ne
2116 2539 2212 2591 pro
2249 2525 2526 2592 desperato
2556 2530 2832 2588 habeatur.

336 2621 430 2692 Μὴ
464 2623 692 2691 φαίνοιο,
737 2615 782 2676 ὦ
815 2623 1078 2694 βέλτιστε,
1132 2626 1468 2699 ἀγριώτερον
1510 2629 1702 2692 νοσῶν,
1755 2631 1842 2700 ἐφ’

263 2706 460 2784 οἷσπερ
500 2714 659 2776 ἁλοὺς
713 2714 904 2785 πρώην
956 2715 1112 2787 δίκην
1166 2716 1446 2781 δέδωκας·
1503 2718 1589 2770 ἵνα
1642 2718 1717 2791 μὴ
1765 2720 1840 2785 ὡς

264 2805 591 2877 ἀνάλγητος,
645 2807 739 2860 καὶ
805 2808 942 2878 μηδὲ
991 2810 1059 2878 τῇ
1109 2810 1352 2882 τιμωρίᾳ
1425 2813 1836 2882 σωφρονισθείς,

265 2896 728 2969 καταγνωσθείης.

721 3008 897 3062 PNA’.
933 3038 1003 3049 -
1053 3011 1140 3080 Tn
1179 3011 1381 3080 ΑΥΤῼ.

2022 2630 2098 2688 Ne
2131 2633 2392 2702 ferocius,
2430 2639 2669 2694 virorum
2702 2643 2902 2710 optime
2923 2687 2936 2711 ,
2989 2645 3236 2703 laborare
3271 2650 3530 2718 videaris,

1951 2739 2048 2792 pro
2073 2727 2269 2793 quibus
2296 2743 2471 2797 nuper
2501 2730 2750 2786 detentus
2782 2749 2970 2803 poenas
3023 2739 3238 2805 dedisti,
3271 2757 3339 2797 ne
3367 2757 3534 2814 agno-

1951 2819 2126 2870 scaris
2183 2827 2241 2870 ut
2299 2820 2651 2889 lmpmuitens
2679 2838 2744 2880 ac
2803 2839 2966 2894 pana
3020 2830 3246 2887 minime
3298 2834 3540 2891 redditus

1949 2910 2284 2976 prudentior.

2484 3022 2614 3078 CLI.
2655 3055 2725 3066 --
2773 3027 3006 3084 EIDEM.

698 3097 987 3168 Bonorum,
1020 3117 1123 3154 non
1173 3102 1433 3156 malorum
1465 3106 1700 3174 exempla
1752 3106 2036 3161 imitanda.
2074 3107 2335 3180 Exempla
2375 3129 2478 3167 non
2518 3129 2771 3170 excusant
2819 3135 3110 3188 peccatum.

334 3190 470 3242 Κατ’
501 3174 646 3258 ἴχνος
675 3189 780 3261 χρὴ
815 3190 1017 3260 βαίνειν
1046 3190 1154 3245 τῶν
1195 3194 1324 3256 τοὺς
1351 3194 1530 3258 θείους
1581 3197 1849 3265 φυλαξάν-

261 3299 369 3335 των
394 3281 612 3351 νόμους,
644 3280 781 3334 ἀλλὰ
812 3283 885 3353 μὴ
913 3282 1020 3335 τῶν
1045 3284 1331 3355 παραϐεϐη

264 3376 365 3446 μὲν
400 3375 507 3444 γὰρ
537 3373 794 3443 ἀσφαλὲς,
829 3375 888 3428 τὸ
916 3377 972 3428 δὲ
999 3378 1288 3450 σφαλερὸν,
1321 3380 1401 3432 διὸ
1428 3382 1548 3434 οὐδὲ
1581 3379 1842 3451 ζηλωτόν.

261 3466 341 3518 Δι’
368 3465 436 3534 ἢν
464 3464 644 3517 αἰτίαν
663 3465 845 3518 τοίνυν
894 3467 1120 3520 τοιαῦτα
1167 3469 1307 3540 δρῶν
1332 3472 1430 3524 οὐκ
1460 3472 1628 3538 ἀξιοῖς
1658 3474 1842 3527 δοῦναι

262 3556 421 3624 δίκην
449 3573 462 3619 ;
500 3556 688 3625 ἐπειδὴ
726 3573 868 3618 τινες
891 3558 1188 3627 δράσαντες
1223 3563 1281 3614 οὐ
1312 3563 1609 3617 δεδώκασιν
1640 3567 1834 3620 ἐνταῦ-

264 3647 350 3700 θα.
409 3646 545 3698 Ἀλλ’
604 3647 736 3712 ίσθι,
778 3648 859 3699 ὅτι
910 3649 1094 3703 πολλοὶ
1140 3652 1238 3721 μὲν
1288 3655 1564 3707 κάνταῦθα
1626 3656 1835 3712 ἔδοσαν.

262 3739 326 3790 Ei
354 3736 410 3790 δέ
452 3754 596 3800 τινες
639 3738 914 3808 διέφυγον,
960 3742 1050 3793 ἐπὶ
1100 3743 1254 3814 κακῴ
1291 3745 1390 3813 τῆς
1424 3747 1633 3799 ἑαυτῶν
1665 3766 1835 3816 κεφα-

261 3827 380 3897 λῆςο
414 3826 740 3890 ἀπελθόντες
762 3831 891 3899 γὰρ,
923 3833 1042 3884 ἐκεῖ
1062 3833 1289 3888 δώσουσι
1316 3836 1701 3908 χαλεπωτέραν
1722 3858 1736 3871 ’
1771 3845 1834 3896 σὺ

260 3918 317 3971 δὲ
348 3918 513 3971 ὅτιτὸ
551 3920 829 3990 ἀζήλωτον
862 3922 1160 3995 ὲζήλωσας,
1209 3928 1427 3997 μείζονα
1479 3931 1694 3994 πάντως
1736 3932 1835 4003 μὲν

257 4296 397 4347 γοις,
453 4281 590 4334 ἀλλὰ
621 4282 799 4354 πολλῷ
835 4286 1036 4354 μᾶλλον
1068 4289 1318 4355 δώκειας.
1363 4295 1572 4367 ’Ὠσπερ
1619 4300 1726 4368 γὰρ
1785 4304 1838 4355 εἴ

256 4387 341 4433 τις
402 4372 624 4427 ἐκείνων
693 4377 936 4448 προήλω,
1005 4382 1068 4434 σὺ
1121 4384 1234 4435 τάδ’
1281 4387 1379 4438 οὐκ

255 4461 431 4528 οὕτως
453 4463 519 4519 ἄν
545 4467 608 4520 σὺ
639 4466 801 4538 ἁλῷς,
830 4470 985 4534 ἄλλος
1023 4474 1083 4525 οὐ
1110 4474 1378 4542 δράσειεν.

1430 4387 1495 4441 ἂν
1565 4390 1796 4464 ἔδρασας
1817 4410 1831 4424 ·

478 4756 648 4812 PNB’.
690 4788 760 4797 —
796 4759 998 4832 ΦΙΛΕᾼ
1035 4763 1600 4845 ΠΟΛΙΤΕΥΟΜΕΝῼ.

322 4843 615 4915 Expertum
643 4851 926 4903 vanitatem
955 4853 1137 4921 gloria:
1167 4862 1446 4914 mundana:
1476 4843 1738 4932 hortatur,
1772 4880 1826 4923 ut
1855 4884 2102 4932 (etei-nam

319 4952 724 5024 Τεταραγμένῳ
750 4955 938 5019 δεινῶς
958 4998 970 5020 ,
1011 4959 1098 5013 διὰ
1135 4963 1192 5015 τὸ
1223 4965 1380 5035 δόξης
1405 4969 1689 5042 πολιτικῆς
1735 4974 1812 5026 δι-

244 5045 648 5114 ημαρτηκέναι,
680 5046 754 5108 ὡς
787 5050 1083 5122 ἐπυθόμην,
1108 5053 1303 5121 ἔοικας.
1329 5059 1620 5132 Ἑννοήσας
1643 5067 1822 5123 τοίνυν

241 5135 342 5204 τὴν
368 5134 608 5198 εὐδοξίαν
642 5135 734 5189 τοῦ
764 5138 880 5206 βίου
910 5145 1120 5211 τούτου,
1143 5148 1254 5200 τῶν
1274 5151 1524 5221 ἀραχνῶν
1553 5157 1649 5225 μὲν
1672 5161 1821 5213 εὐτε-

240 5225 534 5300 λεστέραν,
561 5231 786 5302 ὀνείρων
810 5235 866 5286 δὲ
890 5236 1289 5310 ἀδρανεστέραν
1310 5282 1324 5306 ,
1354 5245 1432 5306 εἰς
1467 5247 1557 5298 τὸν
1593 5249 1820 5320 ὑπερκό-

242 5334 403 5386 σμιον
446 5321 724 5390 μετάγαγε
763 5325 961 5378 σαυτοῦ
989 5327 1079 5379 τὸν
1111 5330 1272 5394 νοῦν,
1302 5335 1392 5385 καὶ
1430 5338 1646 5406 στήσεις
1687 5344 1816 5412 ῥᾷον

237 5405 329 5460 τον
369 5405 596 5478 θόρυϐον
626 5413 722 5483 τῆς
763 5415 962 5486 ψυχῆς.
1011 5420 1083 5471 Οὐ
1117 5422 1225 5492 γὰρ
1273 5405 1597 5499 ἀμφοτέρων
1630 5405 1817 5501 (ip-avd-

243 5514 404 5566 μενον
424 5537 439 5563 ,
475 5501 801 5574 ἀμφοτέρων
823 5504 972 5559 ἐστιν
1017 5511 1295 5581 ἐπιτυχεῖν
1321 5531 1331 5541 ·
1363 5521 1546 5585 τυχεῖν
1578 5522 1676 5589 μὲν
1705 5525 1811 5592 ἀμ-

242 5584 485 5654 φοτέρων
513 5587 658 5644 ἔστιν
677 5632 692 5657 ,
717 5592 843 5646 ὅταν
880 5593 954 5664 μὴ
990 5596 1312 5671 ἀμφοτέρων
1332 5644 1346 5668 ,
1384 5584 1518 5659 ἀλλὰ
1553 5584 1654 5678 τῆς
1685 5584 1812 5681 μιέις

241 5673 337 5746 τῆς
361 5677 427 5732 ἐκ
453 5677 560 5734 τῶν
581 5681 846 5752 οὐρανῶν,
875 5686 1109 5759 ἐρῶμενο
1138 5693 1466 5766 ἀμφοτέρων
1499 5698 1552 5751 δὲ
1581 5703 1808 5772 ἐρῶντα,

2028 3217 2227 3274 Eorum
2267 3223 2507 3293 vestigiis
2559 3226 2958 3297 insistendum,
3014 3236 3104 3302 qui
3148 3234 3384 3293 divinam
3434 3243 3535 3298 ob-

1339 3285 1511 3340 κότων
1540 3288 1756 3352 αὐτούς·
1787 3289 1835 3343 τὶ

1339 3382 1348 3396 δ
1377 3381 1392 3400 \
1438 3399 1446 3400 κ
1468 3382 1479 3398 δ
1497 3382 1541 3400 οἱ
1587 3379 1612 3400 Ι·
1653 3382 1670 3400 κ
1775 3384 1788 3400 Ι

1952 3323 2238 3366 servarunt
2273 3305 2465 3385 legem,
2499 3332 2606 3372 non
2642 3321 2732 3389 qui
2769 3335 2886 3376 eam
2924 3330 3247 3397 transgressi
3279 3336 3536 3400 praevari-

1950 3405 2243 3460 catisunt.
2308 3405 2440 3462 Illud
2477 3411 2623 3464 enim
2663 3421 2840 3468 tutum
2872 3426 2956 3471 est
2989 3433 3053 3473 ac
3098 3436 3389 3492 securum;
3429 3427 3534 3483 hoc

1948 3511 2076 3550 vero
2112 3498 2426 3581 periculosae
2454 3501 2669 3569 plenum
2701 3521 2836 3576 opus
2864 3508 3027 3564 aleae:
3060 3526 3232 3581 quare
3267 3530 3370 3570 non
3404 3519 3532 3573 inti-

1914 3587 2187 3642 -tandnm.
2235 3572 2394 3644 'Talia
2442 3592 2603 3662 igitur
2651 3607 2930 3680 [intrantes
2967 3619 3072 3671 non
3138 3620 3331 3661 censes
3372 3625 3530 3678 paena

1942 3673 2155 3744 dignos,
2179 3682 2616 3748 quandoquidem
2652 3673 2944 3754 peccantes
2970 3694 3186 3761 quidam
3220 3697 3307 3752 hic
3341 3673 3532 3768 pinnas

1943 3779 2044 3818 non
2078 3767 2385 3837 dederunt;
2437 3774 2531 3826 sed
2576 3777 2719 3831 scias
2759 3781 2957 3838 multos
2989 3787 3152 3840 etiam
3187 3789 3238 3843 in
3274 3767 3378 3846 bac
3412 3796 3524 3850 vita

1940 3869 2128 3923 pmnas

1941 4312 2138 4382 elapsis
2173 4322 2508 4387 temporibus
2544 4327 2741 4382 malum
2776 4331 2906 4400 quid
2958 4346 3228 4403 patratum
3284 4342 3363 4410 (tu
3397 4361 3526 4401 vero

1937 4403 2037 4458 hoc
2066 4420 2124 4459 es
2163 4407 2424 4483 imitatus)
2481 4428 2767 4485 prOpterea
2813 4422 3076 4493 eﬂugias,
3132 4431 3225 4484 sed
3280 4403 3524 4502 punieris

1935 4495 2104 4551 multo
2134 4500 2326 4568 magis.
2393 4503 2457 4559 Ut
2493 4509 2636 4562 enim
2676 4513 2720 4564 si
2758 4515 2879 4582 quis
2938 4517 3146 4574 illorum
3194 4533 3354 4579 antea
3398 4545 3522 4583 reus

1938 4582 2160 4652 fuisset,
2197 4598 2249 4641 tu
2294 4591 2378 4646 illa
2418 4611 2522 4649 non
2561 4605 2931 4661 commisisses
2963 4626 2977 4675 ;
3036 4611 3116 4666 sic
3147 4628 3270 4669 cum
3313 4628 3365 4671 tu
3399 4636 3522 4677 reus

1939 4673 2128 4744 fueris,
2167 4681 2306 4736 alius
2339 4684 2390 4738 in
2425 4699 2702 4755 posterum
2742 4712 2845 4750 non
2880 4704 3204 4760 committet.

2139 4792 2292 4849 CLII.
2329 4826 2400 4841 -
2441 4797 2718 4859 PIIILEE
2764 4807 2973 4866 REMP.
3007 4812 3331 4874 GERENTI.

2124 4883 2346 4952 ambiat,
2381 4905 2537 4959 quam
2568 4904 2616 4946 et
2646 4905 2849 4952 terrena
2879 4917 3015 4969 sirpe
3046 4907 3420 4972 subsequatur.

2005 4983 2259 5044 Graviter
2294 4995 2507 5050 turbato
2538 5000 2732 5055 similis
2765 5018 2823 5058 es
2856 5009 2999 5074 quod
3035 5010 3178 5064 civili
3212 5014 3379 5082 gloria
3419 5034 3518 5072 ex-

1931 5075 2128 5132 cidisse
2159 5081 2232 5134 sis
2259 5083 2423 5138 visus.
2467 5087 2725 5146 Existima
2760 5093 2940 5164 itaque
2976 5099 3097 5154 vita:
3129 5103 3285 5169 hujus
3315 5106 3510 5164 bonam

1930 5168 2387 5229 existimationem
2450 5180 2571 5234 telis
2627 5199 2953 5242 aranearum
3013 5195 3311 5250 tenuiorem
3367 5214 3509 5268 esse,

1930 5258 2264 5329 somniisque
2297 5267 2467 5336 magis
2499 5270 2714 5325 exilem.
2759 5273 2816 5327 In
2851 5278 3090 5333 caelestia
3139 5283 3321 5352 itaque
3357 5302 3510 5341 men-

1928 5355 2038 5400 tem
2075 5358 2220 5404 tuam
2262 5356 2454 5426 dirige,
2492 5363 2768 5432 animique
2802 5369 3086 5424 tumultum
3126 5371 3287 5430 facile
3329 5378 3511 5446 placa-

1928 5437 2027 5492 bis.
2089 5439 2190 5507 Qui
2221 5447 2363 5500 enim
2395 5460 2684 5522 utrumque
2721 5468 2942 5526 exeptat
2964 5501 2979 5525 ,
3018 5473 3214 5518 neutro
3245 5437 3502 5534 poiietur.

1926 5527 2196 5600 Consequi
2231 5549 2358 5590 vero
2387 5549 2674 5610 utrumque
2707 5545 2906 5611 licebit,
2941 5553 3155 5618 quando
3183 5568 3288 5609 non
3320 5560 3505 5624 ambo,

1922 5622 2016 5673 sed
2071 5639 2156 5678 res
2192 5635 2398 5682 tantum
2431 5634 2679 5691 ctelestcs
2727 5642 3013 5695 adamarit.
3077 5643 3182 5712 Qui
3229 5647 3335 5701 duo
3365 5664 3502 5705 con-

1922 5722 2187 5786 sectatur,
2224 5732 2473 5780 neutrum
2501 5728 2644 5797 capit
2681 5728 2760 5801 (ut
2793 5731 2846 5787 in
2875 5737 3192 5805 venatione,
3229 5743 3492 5815 teporem)
