3992 6476
209 430 339 496 HZI

421 545 576 602 ΡΞΡ.
618 578 685 587 -
726 548 880 601 TUI}:
918 541 1262 598 ΔΟΜΕΤΙΟΥ
1297 540 1550 597 ΠΛῘΣΙΝ.

1225 422 1760 500 EPISTOLARUM
1797 421 1945 482 LIB.
1985 421 2052 482 Υ.
2094 445 2158 453 -
2192 418 2428 478 EPIST.
2465 418 2710 478 CLXIV.

3337 413 3477 477 1521

2207 533 2433 589 CLXIII.
2463 564 2531 574 —
2558 527 2817 587 DOMITII
2860 527 3149 585 LIBERIS.

278 662 352 717 De
380 661 566 733 fratris
605 660 748 714 abitu
792 660 1061 728 redituque
1103 659 1343 733 «denos.
1389 655 1786 733 PutoAfratg-em
1813 649 1976 733 illum
2029 649 2612 733 Claristinnztnt‘fuisse,
2654 655 2703 700 et
2751 661 2872 702 suos
2919 645 3187 716 religionis
3234 661 3397 700 causa

1087 728 1378 797 reliquisse,
1409 727 1546 796 quod
1565 718 1698 794 'spes
1734 721 1880 775 nulla
1928 720 2256 773 convertendi
2285 718 2581 788 a/fulgeret.

274 843 336 895 EI
371 844 465 896 καὶ
495 844 523 895 ὁ
567 840 793 910 ἀδελφὸς
826 842 853 892 6
897 839 1164 910 ὑμέτερος
1222 839 1321 909 μὲν
1371 836 1513 890 κατὰ
1567 836 1778 906 σάρκα,

200 928 471 1002 ἡμέτερος
524 930 581 984 δέ
637 928 780 984 κατὰ
828 929 1076 998 πνεῦμα,
1135 929 1315 999 ἀπῆρε
1381 927 1478 997 μὲν
1531 924 1782 978 ἐντεῦθεν

203 1022 415 1092 πρώην,
461 1021 536 1084 ὡς
567 1023 764 1092 μηκέτι
796 1020 1184 1088 ἐπιφοιτήσων,
1219 1022 1266 1072 εί
1300 1020 1373 1088 μὴ
1403 1018 1546 1087 ὑμᾶς
1588 1013 1784 1087 θηρεύ-

202 1129 347 1164 σειεν
367 1125 381 1140 ⁸
414 1112 740 1180 ὲπεφοίτησε
767 1110 825 1162 δέ
858 1109 1038 1173 πάλιν,
1076 1108 1150 1170 ὡς
1175 1108 1372 1177 μηκέτι
1401 1102 1780 1174 ὑποστρέψων,

200 1203 395 1271 ἐπειδὴ
431 1204 667 1273 ἀπέτυχε
719 1201 819 1269 τῆς
852 1198 1214 1270 θήρας⁶·άλλ’
1252 1197 1355 1251 ὑπὸ
1409 1197 1511 1267 τῆς
1559 1195 1782 1263 ἀγάπης

1961 823 2072 878 Etsi
2102 823 2277 877 frater
2317 823 2536 893 quidem
2593 828 2772 877 vest’er
2797 823 3080 892 sanguine,
3130 832 3315 878 noster
3344 838 3468 878 vero

1890 916 2106 985 spiritu,
2139 914 2352 969 ablatus
2386 914 2515 988 hinc
2546 913 2766 983 quidem
2796 930 2990 983 nuper,
3028 915 3181 984 quasi
3212 929 3320 970 non
3353 930 3469 968 am-

1889 1008 2036 1078 plius,
2060 1007 2356 1074 rediturus,
2406 1006 2514 1060 nisi
2566 1016 2627 1060 ut
2666 1021 2762 1060 vos
2792 1015 3037 1075 quaerat;
3068 1008 3299 1061 accessit
3341 1018 3469 1060 vero

1891 1097 2087 1160 denuo,
2125 1104 2181 1147 ut
2241 1109 2346 1150 non
2383 1093 2619 1164 amplius
2672 1095 2943 1160 abiturus,
2993 1106 3186 1152 nactus
3229 1097 3468 1165 praedam

1883 1199 1979 1240 seu
2004 1186 2436 1256 capturum-sed
2459 1186 2796 1242 a'charitate
2834 1186 3118 1257 impulsus,
3149 1185 3332 1244 veniet
3365 1188 3467 1242 ite-

199 1294 685 1364 ἀναγκαζόμενος,
741 1293 871 1362 ἥξει·
918 1291 1108 1356 πάλιν,
1172 1287 1455 1360 θηρεύσων
1516 1275 1661 1356 ὑμᾶς
1704 1285 1783 1347 είς

1892 1291 2002 1333 rum
2044 1292 2293 1350 quaerens
2320 1293 2414 1333 vos
2441 1278 2509 1333 ad
2539 1279 2728 1332 vitam.

200 1384 373 1454 ζωήν.

609 1490 766 1544 ΡΞΔἏ
811 1519 879 1529 —-
917 1487 1069 1542 ΤΟΙΣ
1101 1485 1368 1540 ΑΥΤΟΙΣ.

2378 1475 2609 1532 CLXIV.
2639 1507 2710 1518 —
2738 1475 2969 1532 EIDEM.

200 1589 280 1641 Al
321 1588 559 1640 rirtutem
595 1585 866 1638 colendam
907 1583 1132 1652 gentium
1175 1582 1357 1633 inuitat
1398 1573 1781 1711 exetltplt'8_.qt;it'

1639 1663 1694 1700 ut
1782 1683 1783 1691 η

1892 1571 2209 1710 ξηὶἶιςσητιηι
2244 1574 2551 1638 respuebant
2587 1565 2906 1640 religionem.
2939 1568 3177 1642 (Confer.
3204 1574 3358 1641 epist.
3399 1570 3469 1630 92

273 1766 337 1818 Εί
393 1765 486 1817 καὶ
529 1763 676 1832 δῆλοι
717 1761 850 1813 πᾶσι
885 1757 1146 1828 γεγόνατε
1199 1756 1294 1809 καὶ
1327 1753 1552 1826 φανεροὶ
1584 1752 1773 1806 ἀποδι-

199 1855 531 1930 δράσκοντες
559 1854 660 1918 τὴν
695 1851 975 1920 θειοτάτην
1001 1848 1322 1919 θρησκείαν,
1355 1848 1423 1901 δι’
1458 1847 1648 1918 ἕτερον
1681 1845 1779 1916 μὲν

197 1950 354 2004 οὐδὲν
383 1945 716 2017 (ἐκθειάζετε
756 1943 864 2013 γὰρ
894 1943 1086 2012 αὐτὴν,
1122 1941 1197 2003 ὠς
1228 1939 1557 2010 ..πυθόμηνλ
1596 1937 1688 1992 διὰ
1720 1937 1776 1990 δὲ

198 2043 264 2094 τὺ
311 2040 386 2109 μὴ
420 2035 706 2107 βούλεσθαι
756 2034 957 2105 ἀρετὴν
990 2032 1179 2084 ἀσκεῖν
1213 2031 1358 2099 (τοῖς
1391 2028 1499 2098 γάρ
1549 2044 1783 2098 σωματι·

199 2134 320 2193 κοῖς
349 2129 576 2182 πάθεσιν
610 2121 1060 2193 ἐγκαλινδεῖσθαι,
1091 2122 1168 2185 ὥς
1210 2129 1364 2191 φασι,
1401 2116 1775 2192 προῄρησθε),

198 2219 340 2273 ἀλλά
388 2235 452 2288 γε
511 2216 613 2270 κᾶν
674 2217 772 2286 ὀψέ
833 2232 960 2268 ποτε
995 2214 1194 2268 δίκαιοι
1243 2217 1308 2269 ἂν
1352 2213 1510 2284 εἴητε
1552 2209 1780 2273 ἑαυτοὺς

201 2315 428 2376 πεῖσαι,
495 2309 576 2362 ὁτι
632 2309 665 2377 ή
734 2308 831 2379 μὲν
887 2306 1056 2361 κακία
1110 2307 1373 2377 αἰσχύνην
1429 2304 1525 2358 καὶ
1579 2302 1781 2363 δνειδος

200 2404 296 2457 καὶ
353 2402 575 2456 κόλασιν
633 2399 774 2471 ἔχει,
829 2400 862 2470 ἡ
922 2399 978 2452 δὲ
1037 2399 1205 2470 ἀρετὴ
1262 2398 1426 2470 τιμὴν
1482 2397 1577 2450 καὶ
1624 2393 1782 2456 κλέος

203 2495 299 2549 καὶ
336 2495 649 2562 στεφάνους.
687 2491 796 2544 Καὶ
845 2491 894 2542 εί
935 2491 1042 2559 (19)
1098 2489 1290 2559 ἡδονὴν
1347 2486 1595 2558 νομίζετε
1637 2484 1781 2556 ἔχειν

199 2587 302 2657 τὴν
342 2585 560 2648 κακίαν,
613 2581 713 2654 τὴν
761 2581 804 2633 δ’
856 2581 1054 2652 ἀρετὴν
1107 2581 1303 2642 πόνους
1355 2580 1450 2632 καὶ
1507 2577 1775 2648 ἱδρῶτας·

201 2674 320 2727 ἀλλ’
355 2673 557 2725 ἐννοεῖν
598 2668 842 2738 ὀφείλετε
868 2706 883 2731 ,
915 2668 994 2720 ὅτι
1029 2669 1061 2737 ὴ
1102 2667 1198 2737 μὲν
1236 2666 1397 2735 ἡδονὴ
1432 2664 1561 2736 πρὶν
1594 2665 1780 2735 σχεδὸν

203 2763 440 2832 φανῆναι
491 2760 775 2813 σϐέννυται
802 2799 814 2822 ,
859 2758 964 2828 ἠδ’
1014 2757 1182 2828 ἁρετὴ
1213 2758 1475 2810 ἀθάνατον
1521 2755 1631 2825 ἔχει
1681 2755 1779 2825 τὴν

203 2850 564 2922 εὐφροσύνην·
597 2850 690 2902 καὶ
732 2849 764 2918 ἡ
799 2849 895 2918 μὲν
926 2849 1012 2901 διὰ
1042 2847 1300 2909 πλατείας
1331 2845 1425 2899 καὶ
1467 2845 1777 2916 εὑρυχώρου

206 2942 506 3012 βαδίζουσα
531 2941 652 2995 ὁδοῦ
678 2982 691 3005 ,
737 2942 819 3002 εἰς
851 2941 1032 2993 στενὸν
1063 2939 1154 2993 καὶ
1189 2937 1556 3002 ἁδιεξὸδευτον
1599 2937 1765 3007 χῶροι

204 3037 436 3104 τελευτᾷ
457 3051 469 3063 °
502 3037 534 3103 ἡ
570 3033 626 3086 δέ
652 3033 738 3085 διὰ
777 3033 955 3084 πόνων
986 3033 1079 3084 καὶ
1122 3028 1359 3098 ἱδρώτων
1384 3027 1662 3091 ὁδεύουσα,
1700 3031 1780 3092 είς

207 3127 476 3198 εὐθυμίαν
524 3126 782 3179 πλατεῖαν
819 3123 1080 3192 καταντᾷ.
1130 3122 1193 3173 Εἰ
1226 3120 1283 3173 δέ
1327 3121 1441 3181 τοῖς
1486 3120 1778 3188 ἡμετέροις

206 3221 513 3281 ἀπιστεῖτε,
547 3217 653 3270 ἀπὸ
677 3216 784 3269 τῶν
807 3214 1091 3285 ὑμετέρων
1126 3213 1270 3282 ὑμᾶς
1302 3212 1486 3262 πεῖσαι
1524 3211 1784 3280 πειράσο-

211 3327 332 3382 μαι.
369 3308 594 3361 Πλάτων
629 3306 726 3376 μὲν
748 3304 858 3375 γάρ
896 3302 1268 3372 φιλοσοφήσας
1296 3297 1538 3367 ἀοίδιμος
1570 3299 1782 3366 γέγονε.

207 3400 489 3462 Διονύσιος
542 3398 596 3451 δέ
641 3396 983 3468 τυραννήσας
1031 3393 1302 3463 ἐσϐέσθηο
1351 3391 1446 3443 καί⁸
1487 3391 1786 3463 Σωκράτης

212 3495 312 3564 μέν
355 3492 574 3564 ᾄδεται,
631 3488 919 3560 Ἀρχέλαος
954 3487 1011 3540 δὲ
1053 3489 1081 3540 6
1114 3487 1370 3556 βασιλεὺς
1402 3485 1743 3556 σεσιώπηται
1770 3500 1782 3513 ·

210 3585 306 3637 καὶ
332 3583 508 3637 Σόλων
558 3581 654 3650 μὲν
704 3580 1060 3650 άνυμνείται,
1086 3579 1320 3649 Κροῖσος
1371 3579 1426 3632 δέ
1481 3581 1510 3632 6
1567 3577 1788 3631 πάντων

209 3673 520 3744 ἀνθρώπων
560 3669 789 3739 νομίσας
832 3665 970 3722 εἶναι
1019 3668 1513 3740 εὐδαιμονέστερος,
1559 3669 1650 3722 καὶ
1681 3668 1788 3731 ζῶν

211 3765 379 3826 ἐάλω,
417 3763 513 3816 καὶ
559 3761 732 3831 πυρὸς
758 3759 915 3831 ἔργον
952 3759 1223 3830 Περσικοῦ
1254 3759 1447 3831 ἔμελλε
1475 3760 1782 3828 γίγνεσθαι.

212 3856 276 3908 El
308 3854 367 3908 δέ
404 3851 629 3913 τούτους
654 3849 971 3918 φιλοσόφους
995 3849 1235 3920 ἡγεῖσθε,
1270 3848 1385 3918 ἥξω
1418 3851 1513 3903 καὶ
1543 3850 1636 3902 ἐπὶ
1659 3851 1788 3913 τοὺς

213 3943 729 4014 πολιτευσαμένους,
762 3943 854 3996 καὶ
887 3941 1370 4012 στρατηγήσαντας
1405 3940 1541 4012 μετὰ
1573 3943 1789 4012 φιλοσο-

213 4037 368 4107 φίας.
412 4031 821 4104 Ἐπαμινώνδας
847 4035 874 4086 6
903 4032 1155 4103 Θηϐαίων
1193 4033 1520 4104 στρατηγὸς,
1548 4037 1577 4087 6
1609 4036 1788 4088 Λακε-

213 4128 530 4200 δαιμονίους
568 4128 624 4179 ἐν
672 4126 966 4195 Λεύκτροις
1000 4125 1424 4196 χειρωσάμενος,
1469 4125 1526 4178 ἒν
1577 4127 1788 4196 ἱμάτιον

215 4223 382 4292 ἔχων,
421 4220 515 4274 καὶ
546 4219 636 4273 διὰ
667 4217 824 4272 τοῦτο
854 4220 932 4282 είς
966 4219 1262 4289 ἐκκλησίαν
1304 4218 1477 4272 ἐλθεῖν
1510 4219 1583 4289 μὴ
1628 4219 1788 4273 δυνά-

219 4330 405 4387 μενος,
451 4311 642 4381 ἐπειδὴ
687 4311 808 4364 κατ’
837 4308 1052 4380 ἐκείνην
1078 4309 1174 4380 τὴν
1208 4310 1419 4380 ἡμέραν
1458 4310 1788 4380 πλυνόμενον

214 4407 411 4475 ἔτυχε,
459 4403 552 4456 καὶ
597 4403 782 4474 ἕτερον
812 4401 1203 4474 περιϐαλέσθαι
1247 4403 1346 4455 οὑκ
1381 4397 1492 4470 εἶχε
1523 4443 1536 4466 ,
1569 4404 1787 4457 πάντων

1954 1747 2191 1804 Tametsi
2235 1748 2346 1804 noti
2371 1763 2436 1804 ac
2472 1749 2645 1804 notati
2687 1749 2811 1806 sitis
2847 1750 2914 1806 ab
2948 1751 3220 1816 omnibus,
3253 1753 3331 1807 uti
3377 1769 3465 1808 re--

1887 1838 2155 1910 fugientes
2209 1850 2616 1896 sacrosanctam
2653 1842 2992 1910 religionem,
3026 1859 3089 1898 ac
3111 1844 3313 1898 nullam
3347 1846 3470 1914 qui-

1886 1934 2006 1986 dem
2039 1931 2200 1985 aliam
2253 1932 2322 1986 ob
2369 1947 2615 1997 causam,
2655 1944 2838 1989 tamen
2882 1935 3063 1990 colitis
3103 1937 3375 1998 eamdem.
3412 1947 3470 1990 ut

1889 2018 2018 2073 mihi
2055 2020 2372 2089 persuadeo.
2412 2020 2548 2087 Quia
2588 2036 2718 2077 vero
2745 2023 3002 2078 virtutem
3067 2024 3249 2081 colere
3283 2027 3467 2081 detre-

1886 2110 2048 2168 ctatis
2085 2111 2366 2181 (corporis
2408 2113 2551 2168 enim
2598 2112 2976 2170 affectionibus
3022 2116 3243 2181 invdlvi,
3279 2127 3338 2174 ut
3386 2118 3468 2173 l‘e-

1889 2215 2036 2268 runt,
2062 2203 2376 2276 elegistis),
2410 2214 2652 2260 attamen
2694 2221 2908 2277 aequum
2933 2209 3004 2263 sit
3048 2209 3204 2264 vobis
3249 2212 3465 2268 tandem

1889 2292 2180 2361 aliquando
2239 2309 2562 2365 persuasum
2606 2297 3191 2369 esse,.improbitatem
3247 2303 3466 2356 vitium-

1887 2399 1993 2452 que
2017 2385 2276 2454 consequi
2314 2386 2573 2455 pudorem
2597 2425 2613 2452 ,
2651 2385 2888 2443 dedecus
2912 2404 2974 2444 ac
3005 2405 3218 2460 poenam
3247 2409 3260 2446 :
3292 2394 3466 2448 virtu-

1890 2484 1994 2529 tem
2025 2485 2215 2529 contra
2239 2476 2487 2532 comitari
2510 2476 2675 2532 decus
2705 2486 2869 2547 atque
2895 2494 3175 2535 coronam.
3208 2479 3467 2552 Volupta-

1889 2577 1992 2620 tem
2021 2566 2240 2636 quidem
2271 2581 2394 2623 esse
2433 2567 2668 2638 aliquam
2695 2569 2749 2623 in
2782 2582 3002 2638 peccato
3036 2571 3080 2626 si
3117 2572 3463 2639 existimatis,

1887 2669 2076 2714 contra
2120 2660 2334 2715 labores
2376 2661 2430 2714 in
2479 2665 2677 2716 virtute
2706 2674 2876 2734 atque
2916 2666 3166 2722 sudores.
3199 2667 3360 2739 m3
3406 2669 3464 2722 in

1887 2752 2129 2806 animum
2184 2761 2365 2807 tamen
2408 2753 2670 2821 inducite,
2721 2756 3137 2812 delectationem
3174 2759 3320 2813 illam
3377 2761 3465 2814 vix

1887 2854 2240 2913 conspectam
2271 2845 2453 2900 statim
2480 2847 2754 2915 exstingui
2801 2864 2814 2901 :
2855 2847 3028 2902 virtus
3062 2863 3189 2904 vero
3225 2850 3464 2906 oblecta-

1891 2937 2090 2992 tionem
2125 2937 2287 2993 habe.
2315 2938 2729 3008 sempiternam.
2763 2939 2856 2993 Illa
2880 2940 3099 3009 quidem
3125 2941 3208 2996 via
3238 2941 3346 2998 lata
3385 2954 3469 2996 est

1888 3044 1954 3082 ac
1981 3030 2245 3098 spatiosa,
2279 3031 2330 3083 in
2375 3039 2662 3099 angustam
2702 3040 2866 3099 atque
2911 3031 3346 3101 inexplicabilem
3372 3034 3465 3087 de-

1889 3122 2071 3177 sinens
2104 3123 2377 3193 regionem
2410 3140 2425 3176 :
2452 3124 2564 3177 haec
2600 3137 2728 3178 vero
2749 3123 2948 3178 laboris
2975 3139 3038 3180 ac
3063 3127 3276 3183 sudoris
3311 3127 3468 3197 plena

1890 3213 1942 3266 in
1979 3212 2213 3282 amplam
2277 3215 2454 3268 fertur
2486 3214 2656 3270 animi
2705 3217 3184 3285 tranquillitatem.
3233 3220 3385 3285 Quod
3421 3225 3465 3276 si

1888 3304 2090 3358 nosuis
2132 3304 2293 3358 iidem
2339 3305 2600 3362 adhibere
2633 3308 2923 3378 recusatis,
2966 3310 3206 3365 conabor
3245 3327 3468 3381 persua-

1889 3396 2016 3448 dere
2057 3393 2107 3447 id
2140 3393 2296 3456 vqbis
2333 3395 2645 3449 testimonio
2676 3404 2962 3452 auctorum
2996 3407 3267 3454 veterum.
3315 3397 3470 3452 Plato

1889 3483 2106 3552 quidem
2140 3484 2373 3540 celebris
2406 3499 2435 3538 a
2457 3485 2804 3555 philosophia
2835 3487 3025 3542 evasit.
3068 3489 3133 3542 At
3180 3489 3470 3560 Dionysius

1889 3575 2052 3630 etiam
2093 3591 2260 3645 regno
2289 3577 2673 3633 administrata
2705 3580 2968 3635 memoria
3008 3580 3231 3638 excidit.
3271 3581 3471 3638 Socra-

1891 3676 1971 3721 tes
1997 3667 2214 3736 quidem
2253 3669 2594 3724 decantatur.
2647 3669 2964 3738 Archelaus
3013 3688 3108 3726 rex
3155 3685 3345 3729 contra
3395 3677 3470 3731 si-

1891 3758 2057 3815 lentio
2094 3761 2396 3830 premitur;
2445 3759 2610 3815 Solon
2651 3764 3010 3832 prmdicatur;
3060 3764 3284 3822 Crmsus
3318 3783 3470 3834 vero,

1890 3852 1980 3921 qui
2031 3864 2090 3906 se
2121 3851 2363 3906 omnium
2407 3865 2529 3906 esse
2574 3852 2884 3907 mortalium
2931 3854 3302 3910 felicissimum
3355 3861 3471 3928 Opi-

1893 3942 2143 4010 nabatur,
2183 3943 2338 3998 vivus
2375 3951 2566 4012 captus
2606 3954 2712 4009 est,
2744 3954 2798 3998 et
2848 3945 2958 4014 igni
3001 3944 3224 4004 Persico
3260 3957 3468 4004 tantum

1891 4051 1997 4090 non
2025 4038 2338 4090 combustus
2373 4045 2475 4090 est.
2517 4035 2676 4092 Tales
2720 4048 2901 4092 autem
2939 4039 3289 4110 philosophos
3339 4045 3474 4098 duu-

1894 4139 2060 4193 laxat,
2077 4139 2132 4182 ut
2154 4127 2419 4192 asseritis,
2438 4125 2604 4184 fuisse
2627 4128 2876 4198 equidem
2899 4144 3003 4184 non
3027 4132 3212 4186 iverim
3240 4134 3470 4189 inficias.

1891 4220 1997 4273 Sed
2029 4228 2080 4273 et
2111 4219 2503 4285 rempublicam
2540 4221 3026 4290 administrautes;
3059 4233 3113 4278 et
3138 4236 3257 4293 post
3295 4228 3472 4296 philo-

1891 4307 2140 4374 sophiam
2169 4308 2448 4362 exercitus
2472 4308 2734 4363 ducentes
2779 4310 3034 4366 referam.
3075 4312 3474 4383 Epaminondas

1893 4401 2278 4455 Thebanorum
2315 4400 2446 4468 dux,
2479 4401 2568 4470 qui
2623 4399 3066 4461 Lacedaemonios
3107 4423 3282 4479 pugna
3319 4409 3476 4464 Leu-

212 4498 325 4551 τῶν
359 4493 642 4566 Περσικῶν
669 4494 932 4564 βασιλέων
955 4494 1350 4565 ἐπισημότερος
1373 4493 1615 4562 γέγονεν.
1648 4495 1783 4565 Ἀρι-

1892 4494 2059 4548 ctrica
2091 4491 2326 4561 subegit,
2363 4507 2468 4548 una
2491 4503 2781 4549 contentus
2813 4507 2992 4558 veste,
3030 4512 3150 4551 cum
3203 4501 3471 4570 quondam

217 4587 435 4657 στείδης
459 4588 517 4640 δέ
552 4586 788 4656 τοσαύτῃ
824 4585 981 4656 πενίᾳ
1011 4582 1349 4654 συμϐιώσας,
1382 4584 1458 4647 ὡς
1485 4585 1586 4656 τὴν
1631 4584 1788 4656 Ἀθη-

215 4683 385 4734 ναίων
420 4676 575 4731 πόλιν
618 4677 779 4730 αὑτὸν
834 4677 930 4745 μὲν
977 4676 1145 4746 θάψαι
1193 4675 1532 4729 ἀποθανόντα
1559 4717 1572 4741 ,
1602 4675 1701 4740 τὰς
1733 4677 1789 4730 δὲ

214 4769 526 4840 θυγατέρας
572 4767 736 4822 αὑτοῦ
793 4768 1153 4838 προικίσασαν
1200 4766 1458 4838 ἀνδράσιν
1505 4768 1787 4833 ἐκδοῦναι,

214 4867 442 4921 πάντων
479 4861 703 4914 ἐκείνων
739 4858 845 4912 τῶν
883 4859 1010 4930 περὶ
1046 4858 1282 4912 Καλλίαν
1326 4860 1416 4912 τὸν
1447 4859 1790 4913 λακκόπλου-

215 4973 304 5008 τον
338 4953 476 5023 (20),
512 4953 607 5006 καὶ
647 4950 1011 5020 Ἀλκιϐιάδην,
1035 4951 1144 5003 τῶν
1169 4951 1265 5004 καὶ
1291 4951 1505 5022 πλούτῳ
1531 4953 1623 5005 καὶ
1641 4953 1787 5021 γένει

216 5045 312 5098 καὶ
329 5044 618 5114 δυναστείᾳ
637 5041 998 5113 κρατούντων,
1021 5041 1398 5112 λαμπρότερος
1412 5038 1498 5113 ἦν.
1511 5042 1765 5098 Αίδεσθέν
1780 5073 1795 5084 -

215 5157 310 5203 τες
351 5135 532 5190 τοίνυν
561 5134 665 5188 κᾶν
699 5133 735 5188 δι
780 5131 1116 5203 πρεσϐεύετε
1141 5174 1155 5197 ,
1194 5133 1512 5187 ἀσπάσασθε
1539 5134 1636 5205 τὴν
1665 5135 1796 5203 ἁρε-

221 5229 350 5298 τὴν,
381 5226 452 5280 δι’
481 5223 550 5297 ἦς
582 5224 780 5297 ῥᾳδίως
811 5227 905 5278 καὶ
940 5225 1030 5278 ἐπὶ
1059 5223 1157 5294 τὴν
1188 5223 1470 5294 θειοτάτην
1502 5225 1797 5296 θρησκείαν

221 5319 516 5391 βαδιεῖσθε.

1888 4586 1941 4640 in
1981 4585 2200 4640 comitia
2236 4586 2420 4640 venire
2471 4600 2577 4640 non
2624 4601 2833 4655 posset,
2878 4589 3018 4657 quod
3067 4591 3152 4644 illa
3201 4590 3475 4650 lavaretur

1889 4677 2155 4747 aliamque
2213 4689 2414 4732 restem
2472 4693 2578 4731 non
2627 4677 2882 4744 haberet,
2935 4678 3166 4736 Persicis
3207 4684 3460 4740 omnibus

1889 4769 2110 4839 regibus
2159 4769 2358 4824 clarior
2417 4778 2500 4824 est
2548 4769 2788 4824 habitus.
2839 4770 3108 4827 Aristides
3159 4774 3294 4829 adeo
3336 4789 3473 4845 pan-

1891 4873 1986 4927 per
2018 4859 2174 4922 vixit,
2204 4869 2263 4912 ut
2309 4859 2484 4927 ipsum
2515 4858 2624 4912 vita
2676 4857 2918 4914 functum
2971 4859 3333 4921 Atheuienses
3383 4884 3472 4924 se-

1894 4950 2085 5020 pelire,
2124 4950 2369 5019 ﬁliasque
2415 4949 2626 5019 publice
2675 4952 2888 5006 dotatae
2939 4953 3069 5007 viris
3113 4953 3329 5014 elocare
3375 4960 3470 5016 de-

1892 5043 2131 5097 lmerint.
2170 5041 2345 5108 Quid?
2407 5039 2606 5096 Callias
2646 5042 2921 5097 thesauris
2971 5042 3354 5116 locupletatus,
3419 5061 3474 5105 et

1891 5131 2205 5203 Alcibiades
2241 5132 2469 5197 divitiis,
2515 5145 2734 5200 genere,
2779 5142 2832 5186 et.
2883 5133 3115 5203 imperio
3161 5139 3475 5204 potentibus

1891 5225 2306 5282 antecellebant.
2364 5224 2544 5292 Quare
2593 5240 2690 5281 vos
2743 5227 2948 5297 pudore
2997 5227 3177 5284 aii‘eeti
3228 5244 3472 5299 quaenam

1893 5316 2194 5385 profertis?
2250 5320 2506 5374 virtutem
2555 5319 2740 5389 itaque
2769 5320 3232 5391 complectamini,
3286 5335 3341 5380 et
3397 5332 3462 5380 ad

1893 5410 2130 5463 divinam
2160 5409 2475 5478 religionem
2509 5412 2773 5470 accedite.

1308 5540 1541 5594 VARle
1585 5539 1964 5598 LECTIONES
2003 5541 2091 5596 ET
2130 5541 2360 5596 NO'l'zE.

221 5695 406 5818 rbtlg)
440 5695 545 5750 Pro
573 5694 668 5748 καὶ
691 5696 738 5748 εί
765 5695 923 5751 codd.
963 5695 1083 5751 Vat.
1109 5694 1212 5751 650
1241 5704 1294 5751 ct
1317 5697 1426 5752 All.
1456 5695 1654 5752 habent
1679 5696 1792 5751 ἀλλ’

221 5783 250 5818 r
310 5803 323 5817 .
398 5780 567 5818 essm.

217 5780 323 5819 το.
359 5780 567 5819 νοεςικ.

242 5813 1081 5908 ⁸⁷(ἒθίλᾶκκόπλουτοι.Λάβε.
1111 5836 1398 5907 Ilesychio,
1419 5849 1470 5892 et
1515 5837 1791 5893 Plutarch.

1902 5697 2408 5782 ianﬂAris'tide.nAt&
2461 5701 2519 5754 τὸ
2573 5705 2884 5774 περιτυχεῖν
2933 5707 3121 5781 χρυσῷ
3165 5710 3246 5774 είς
3298 5709 3474 5782 φρέαρ

1905 5766 2238 5840 βεϐλημένῳ.
2271 5769 2507 5826 Scnor'r.
