3992 6440
581 211 709 277 1427

1761 219 1816 277 S.
1863 217 2148 278 ISlDORI
2186 217 2620 279 PELUSIOT£

3671 227 3822 304 1421

572 328 805 384 cum.
890 325 1632 414 LEONTIOB.MI..I.;AIblnlf§TIO
1706 331 1798 386 ET
1883 330 2106 386 ALPlllt

2237 333 2402 388 rox.
2441 366 2509 374 —
2547 335 3280 414 ΛΕΟΝΤΙῼΔ-ᾼᾹΑ-ἣξῌ-ΕΤΙῼ,
3337 341 3631 414 suam.
3663 339 3801 402 Eut-

1168 396 1530 453 EPISCOPIS.

2833 407 3143 464 ΣΚΟΗΟΙΣ.

578 505 816 561 Primum
851 508 1106 573 consulto,
1135 506 1252 560 dein
1278 508 1418 577 facta
1446 523 1570 577 opus
1593 527 1689 566 est.
1717 512 1999 567 Dementia
2033 523 2107 566 est
2131 513 2263 568 male
2290 517 2582 581 cottsuleré,
2615 519 2860 586 tevitatis,
2889 523 3024 589 quod
3050 531 3246 576 rectum
3270 532 3369 590 est,
3397 541 3502 578 non
3528 526 3798 594 perﬁcere.

635 615 785 682 Quod
813 617 1096 686 pulchrum
1137 633 1257 674 esse
1279 623 1552 675 decretum
1573 631 1677 685 est,
1714 623 1764 677 id
1801 623 1909 685 ttat,
1943 633 1996 679 et
2024 627 2120 680 de-

568 708 856 763 liberantes
895 709 1029 764 ﬁdes
1053 710 1127 763 rei
1155 721 1320 779 gestae
1350 713 1639 766 comitetur
1667 722 1895 780 oportet.
1918 712 2120 779 Quibus

565 813 692 853 vero
736 799 914 853 tuendi
948 810 1124 869 partes
1155 817 1258 856 non
1305 805 1538 872 suppetit
1575 803 1820 869 facultas,
1851 804 1903 858 hi
1936 820 2121 860 neces-

562 889 707 943 sario
739 890 788 943 in
824 890 1085 945 alterutro
1113 893 1444 963 delinquunt,
1485 895 1564 948 vel
1601 896 1976 960 decernentes,
2004 912 2122 965 qure

565 993 668 1033 non
700 978 924 1049 liquent,
961 983 1042 1037 vel
1069 998 1099 1037 a
1135 984 1343 1054 placitis
1364 985 1471 1038 cito
1494 986 1851 1043 discedentes.
1877 985 2119 1053 Quorum

564 1069 692 1125 illud
717 1074 930 1141 quidem
955 1075 1326 1144 imprudentiae
1348 1086 1430 1131 est
1465 1079 1808 1133 intoleranda:
1830 1098 1843 1145 ;
1869 1079 1971 1135 hoc
1996 1095 2120 1136 vero

564 1164 771 1218 veniam
819 1177 1087 1235 utcunque
1140 1179 1394 1223 meretur.
1437 1169 1539 1236 Qui
1581 1185 1707 1225 vero
1742 1181 1967 1242 utroque
1993 1188 2123 1242 prae-

563 1262 707 1308 stare
733 1265 975 1324 possunt,
1005 1257 1250 1327 adsitque
1298 1275 1418 1313 cum
1451 1262 1698 1318 voluntas
1724 1273 1833 1316 tum
1872 1264 2117 1329 facultas,

563 1352 622 1397 ut
649 1345 714 1398 ad
742 1348 939 1399 exitum
968 1349 1158 1416 placita
1200 1365 1293 1404 sua
1336 1353 1649 1420 perducant,
1695 1355 1746 1408 hi
1802 1357 1847 1410 si
1892 1355 2118 1410 alterum

565 1435 1044 1502 transgrediuntur,
1075 1440 1310 1506 graviter
1330 1450 1458 1495 sunt
1483 1445 1924 1511 reprehendendi.

698 1562 860 1635 606
895 1564 1145 1622 CLXXII.
1190 1597 1256 1608 —
1291 1568 1561 1627 ISIDORO
1619 1571 1966 1630 EPISCOPO.

2299 625 2372 677 Τὸ
2403 625 2722 696 δεδογμένον
2755 628 2915 682 καλὸν
2945 631 3194 697 γινέσθω,
3225 632 3322 686 καὶ
3361 637 3475 698 τοῖς
3517 633 3802 704 βεϐουλευ-

2232 713 2410 783 μένοις
2444 717 2476 784 ἡ
2505 717 2592 769 διὰ
2619 717 2727 770 τῶν
2757 717 2930 787 ἔργων
2966 719 3146 783 πίστις
3177 723 3413 776 ἑπέσθω.
3439 720 3539 787 Οἷς
3571 727 3670 795 μὲν
3696 728 3801 798 γὰρ

2228 803 2324 874 οὐχ
2344 804 2535 858 ἕπεται
2563 809 2696 878 πρὸς
2723 809 2782 862 τὸ
2806 811 3095 878 φυλάττειν
3123 815 3155 882 ή
3183 814 3432 882 δύναμις,
3463 810 3617 869 οὗτοι
3643 820 3804 884 ἀναγ-

2230 895 2398 958 καίως
2432 896 2815 968 πλημμελοῦσι
2853 902 2977 954 καθ’
3005 904 3285 975 ἑκάτερον,
3313 907 3405 959 καὶ
3431 908 3802 978 ψηφιζόμενοι

2229 985 2490 1053 ἀνέφικτα
2510 1027 2525 1052 ,
2560 990 2652 1040 καὶ
2677 990 2894 1054 λύοντες
2919 988 3071 1056 αὖθις
3105 993 3174 1046 τὰ
3202 995 3430 1059 δόξαντα
3457 1013 3469 1025 ο
3503 995 3582 1050 ὢν
3614 999 3676 1051 τὸ
3706 998 3802 1068 μὲν

2227 1077 2634 1162 ἀνυπέρδλητον
2655 1081 2860 1147 ἄνοιαν,
2881 1083 2939 1135 τὸ
2966 1083 3022 1136 δὲ
3054 1086 3276 1154 μετρίαν
3306 1088 3644 1170 συγγνώμην
3669 1090 3799 1159 ἔχει.

2228 1163 2321 1232 Οἷς
2359 1169 2404 1222 δ’
2450 1155 2616 1241 ἀμφω
2646 1169 2754 1227 οἷόν
2802 1192 2858 1227 τε
2915 1176 3257 1248 συνδραμεῖν,
3306 1155 3500 1234 καὶττδ
3533 1155 3803 1252 paula-iis-

2225 1261 2368 1325 σθαι,
2403 1262 2496 1315 καὶ
2541 1263 2599 1316 τὸ
2624 1263 2881 1319 δύνασθαι
2911 1269 2989 1331 είς
3038 1270 3213 1340 πέρας
3252 1271 3408 1338 ἄγειν
3433 1273 3504 1326 τὰ
3545 1274 3801 1338 δόξαντα,

2221 1349 2426 1412 τούτοις
2475 1350 2700 1422 θάτερον
2749 1357 3174 1424 παραϐαίνουσιν
3232 1363 3614 1434 ἀπαραίτητος
3657 1384 3795 1419 κατ-

2221 1461 2436 1512 ηγορια.

2518 1577 2678 1632 ΡΟΒ’.
2733 1609 2786 1620 -ι
2812 1580 3067 1652 ίΣΙΔΩΡῼ
3101 1584 3469 1655 ΕΠΙΣΚΟΠῼ.

1790 1687 1956 1740 Amici
1985 1693 2238 1756 quomodo
2267 1705 2550 1759 parentur.

628 1789 729 1855 Qui
767 1805 866 1858 pro
913 1793 1102 1871 amicis
1140 1793 1408 1851 sollicitus
1458 1808 1542 1853 est
1592 1808 1755 1868 atque
1818 1811 2116 1870 opportune
2148 1797 2188 1851 Β

557 1881 834 1948 prospicit.
861 1891 917 1937 et
969 1883 1202 1952 ipsorum
1231 1887 1387 1942 bonis
1427 1889 1745 1957 oblectatur,
1778 1903 1831 1950 et
1878 1897 2118 1953 adversis

2298 1805 2354 1859 Ὀ
2395 1806 2687 1878 κηδόμενος
2736 1809 2844 1862 τῶν
2892 1810 3156 1864 συνόντων
3188 1814 3282 1866 καὶ
3329 1815 3648 1886 προπονεῖνν,
3702 1819 3797 1872 καὶ

2227 1898 2585 1968 συνηδόμενος
2627 1898 2726 1968 μὲν
2768 1901 2860 1954 ἐπὶ
2890 1903 3002 1966 τοῖς
3034 1903 3257 1970 ἀγαθοῖς
3296 1906 3476 1960 αὐτῶν
3504 1926 3516 1938 ·
3547 1909 3794 1980 ἀχθόμεο

556 1980 746 2025 contra
781 1988 964 2029 eorum
1012 1978 1383 2046 contristatur,
1423 1997 1507 2037 na
1539 1983 1626 2037 ille
1657 1985 1904 2056 egregius
1949 1987 2106 2042 hono«

2221 2003 2308 2049 νος
2338 1986 2394 2038 δὲ
2425 1986 2518 2038 ἐπὶ
2557 1990 2667 2051 τοῖς
2696 1989 2978 2054 δυσκόλοις
3000 2030 3016 2055 ,
3047 1990 3215 2056 δεινός
3253 1997 3366 2048 ἐστι
3413 1995 3664 2068 θηρατὴς
3693 1978 3792 2052 τοῦ

556 2077 697 2127 rum,
733 2079 853 2134 quae
897 2076 1020 2121 sunt
1069 2067 1120 2122 in
1162 2070 1423 2136 amicitia,
1460 2083 1684 2129 venator
1711 2087 1813 2131 est.
1846 2075 1946 2132 Tot
1970 2081 2113 2133 enim

553 2153 651 2207 sibi
683 2154 1048 2222 obstrinxerit,
1076 2160 1217 2230 quod
1250 2160 1440 2216 viderit
1494 2181 1507 2218 :
1559 2173 1636 2219 tot
1683 2177 1856 2222 autem
1898 2168 2110 2234 viderit,

553 2256 682 2314 quot
717 2247 998 2304 celebritas
1026 2251 1180 2306 fama:
1211 2252 1273 2307 ad
1302 2253 1448 2307 illum
1496 2255 1826 2323 perduxerit.
1858 2258 1958 2312 Tot
1985 2273 2111 2315 vero

554 2335 930 2404 perducentur,
964 2352 1087 2409 quot
1133 2343 1369 2399 honesta:
1415 2346 1536 2400 vitae
1575 2346 1871 2402 institutum
1919 2353 2110 2404 ardeuo

554 2437 633 2481 ter
661 2427 980 2486 adamariut.
1023 2431 1152 2498 Quis
1211 2434 1373 2504 igitur
1417 2435 1517 2490 hoc
1573 2436 1834 2492 celebrior
1867 2441 2108 2506 exsistet,

551 2527 642 2572 aut
672 2517 880 2575 beatior
906 2535 991 2589 eo,
1022 2523 1109 2591 qui
1156 2524 1349 2581 talibus
1382 2529 1611 2600 stipatus
1651 2526 1814 2584 fuerit
1847 2532 2076 2586 amicis?

881 2725 1157 2782 CLXXlll.
1188 2758 1252 2769 ——
1279 2728 1768 2786 ANDROMACHO.

2219 2074 2315 2142 τῆς
2344 2075 2524 2143 φιλίας
2569 2079 2872 2148 χρήματος.
2903 2081 3202 2143 Τοσούτους
3253 2083 3361 2156 γὰρ
3403 2087 3587 2156 ἑαυτῷ
3623 2107 3794 2158 προσ-

2215 2164 2400 2234 δήσει,
2428 2167 2585 2231 ὅσους
2620 2168 2714 2224 καὶ
2754 2169 3000 2224 θεάσοιτο
3024 2190 3037 2203 ·
3086 2173 3370 2239 τοσούτους
3422 2177 3479 2230 δὲ
3514 2177 3795 2243 θεάσοιτο,

2217 2253 2374 2318 ὅσους
2407 2258 2438 2326 ὴ
2485 2257 2712 2328 εὐκλεὴς
2747 2261 2901 2331 φήμη
2933 2263 3072 2333 πρὸς
3118 2265 3279 2318 αὐτὸν
3329 2273 3748 2340 χειραγωγήσει
3770 2290 3782 2300 ·

2216 2347 2458 2400 τοσοῦτοι
2515 2349 2571 2402 δὲ
2619 2353 3229 2425 χειραγωγηθήσονται,
3277 2360 3389 2412 ὅσοι
3443 2360 3553 2413 τῶν
3606 2363 3794 2416 καλῶν

2215 2439 2666 2509 ἐπιτηδευμάτων
2701 2442 2955 2513 διάπυροί
2994 2449 3137 2500 εἰσιν
3165 2449 3413 2519 ἐρασταί.
3438 2453 3536 2515 Τίς
3567 2450 3665 2508 οὖν
3691 2456 3790 2508 τοῦ

2215 2533 2455 2586 τοιούτου
2479 2534 2928 2608 εύκλεέσ³τερος,ἣ
2953 2540 3036 2601 τίς
3064 2543 3528 2613 μακαριστότερος
3557 2544 3655 2597 τοῦ
3687 2547 3791 2599 {me

2217 2623 2485 2678 τοσούτων
2518 2625 2682 2694 φίλων
2717 2627 3188 2700 ὣρυφορουμένου
3216 2650 3230 2696 ;

2628 2736 2794 2788 P01".
2820 2765 2889 2775 -
2919 2738 3359 2813 ΑΝΔΡΟΜΑΧῼ.

553 2837 637 2892 Ex
672 2848 880 2908 aspectu
911 2844 1146 2898 nascitur
1181 2863 1355 2928 .nmor.
1393 2845 2222 2928 Proirtdenoitpnduspiutifrnnt
2266 2858 2587 2928 conspectus.
2617 2851 2699 2928 Af!
2738 2849 3109 2928 illud___liatt_h.
3138 2869 3188 2917 ν,
3220 2854 3289 2928 28
3320 2874 3332 2908 :
3371 2875 3390 2907 ι
3425 2855 3530 2921 Qui
3578 2860 3783 2928 respicit

1084 2915 1373 2992 mulierem,
1397 2933 1416 2966 ι
1449 2925 1544 2969 etc.
1587 2915 1825 2984 (Confer.
1860 2919 2012 2986 epist.
2041 2919 2124 2979 l7,
2155 2917 2244 2980 46,
2271 2925 2318 2969 et
2355 2917 2421 2971 65
2454 2915 2832 2986 Xenophontis,
2865 2921 2956 2973 lib.
2995 2937 3021 2974 v
3044 2915 3235 2991 locus.)

619 3041 715 3098 Vel
749 3045 937 3099 videns
969 3060 1036 3100 ne
1077 3061 1248 3113 ames,
1292 3045 1372 3100 vel
1429 3062 1618 3102 amans
1673 3064 1738 3104 ne
1795 3048 1998 3107 videas.
2049 3046 2107 3103 Si

551 3136 697 3202 prius
720 3135 846 3190 illud
874 3137 1081 3192 dillicile
1103 3138 1420 3207 quibusdam
1455 3151 1697 3208 apparet,
1724 3140 1812 3194 alii
1836 3155 1962 3195 vero
1991 3139 2105 3195 fieri

550 3244 708 3298 posse
762 3238 972 3299 negent,
1021 3229 1242 3284 alterum
1294 3245 1421 3286 sane
1475 3231 1757 3284 tenendum
1815 3246 1879 3285 ac
1933 3233 2106 3300 rcipsa

2287 3045 2355 3096 Ἢ
2376 3044 2519 3114 ὁρῶν
2543 3045 2617 3116 μὴ
2649 3045 2770 3118 ἔρα,
2802 3048 2995 3119 ῆέρῶν
3029 3051 3101 3121 μὴ
3134 3051 3253 3124 ὅρα.
3277 3053 3395 3107 Είδὲ
3426 3053 3486 3108 τὸ
3521 3057 3787 3128 πρότερον

2212 3137 2321 3188 τισὶ
2353 3137 2450 3206 μὲν
2469 3136 2726 3193 δύσκολον
2755 3142 3025 3208 φαίνεται,
3056 3146 3165 3196 τισὶ
3201 3145 3255 3198 δὲ
3280 3146 3564 3218 ἀδύνατον,
3587 3149 3648 3201 τὸ
3673 3149 3786 3203 δεύ-

2213 3245 2370 3298 τερον
2410 3229 2710 3298 ἀσκητέον·
2750 3232 2970 3300 ἄμεινον
3016 3234 3123 3304 γὰρ
3167 3237 3434 3305 ἀσφάλεια
3467 3240 3786 3311 φιλοτιμίας

552 3321 833 3390 agendum.
864 3320 1135 3377 Securitas
1162 3321 1304 3376 enim
1336 3321 1620 3391 cautioque
1646 3331 1866 3390 praesul
1899 3321 2106 3390 impru-

2218 3319 2444 3386 ἀκρίτου
2473 3335 2485 3346 ·
2512 3320 2606 3371 καὶ
2645 3320 2804 3374 τοῦτο
2836 3324 2967 3391 ἡμῖν
2997 3324 3094 3394 μὲν
3124 3325 3268 3388 θεῖος
3294 3329 3628 3396 προστάττει
3649 3349 3784 3402 χρη-

549 3411 696 3466 denti
720 3414 1033 3479 ambitione,
1048 3413 1207 3482 idque
1228 3413 1466 3467 divinum
1490 3413 1787 3482 prescribit
1810 3415 2108 3469 oraculum.

547 3504 682 3560 Cum
714 3520 843 3561 vero
866 3507 1104 3573 gentium
1137 3517 1282 3577 gesta
1309 3505 1668 3574 depraedicare
1705 3505 1895 3568 soleas,
1934 3505 2014 3560 vel
2045 3521 2109 3561 ex

550 3595 678 3664 ipsis
704 3596 903 3651 oraculi
932 3596 1211 3652 veritatem
1243 3610 1512 3664 exponere
1540 3597 1631 3650 tibi
1660 3596 1911 3650 conabor.
1941 3593 2110 3650 Omit-

551 3697 657 3739 tam
691 3686 869 3756 itaque
899 3702 1088 3743 causas
1116 3686 1335 3757 Trojaui
1367 3687 1487 3741 belli
1519 3696 1574 3740 et
1601 3685 1914 3741 Messeniaci
1951 3705 1963 3739 :
1997 3687 2108 3741 Cir-

551 3776 825 3830 rhensium
867 3793 1079 3847 quoque
1122 3793 1242 3832 cum
1280 3779 1532 3847 Argivis;
1568 3777 1948 3830 Thebanorum
1979 3777 2104 3830 item

548 3883 669 3921 cum
695 3868 1077 3934 Phocensibus,
1129 3879 1310 3938 utpote
1340 3870 1449 3937 jam
1499 3870 1811 3924 decantatas
1863 3885 1927 3923 ac
1979 3884 2099 3937 pro-

550 3961 703 4015 tritas
734 3960 934 4030 (omnia
960 3961 1102 4016 enim
1132 3962 1245 4015 haec
1279 3961 1412 4015 bella
1443 3971 1497 4014 et
1520 3962 1703 4015 decem
1741 3968 1895 4014 erant
1925 3975 2106 4014 anuo-

548 4064 687 4114 rum,
738 4059 795 4105 et
837 4052 907 4105 ob
959 4049 1187 4105 feminas
1233 4057 1357 4104 sunt
1409 4047 1578 4119 gesta)
1620 4049 1662 4100 Α
1705 4047 2106 4118 Xen0phouteis

545 4155 695 4206 vero,
721 4157 837 4211 qua:
859 4141 1048 4195 suntin
1074 4142 1336 4205 manibus,
1361 4140 1664 4210 exemplum
1695 4156 1923 4194 sumam.
1955 4138 2104 4195 Scito

548 4231 706 4299 igitur
758 4228 1205 4299 quemadmodum
1258 4227 1428 4299 Cyrus
1490 4243 1662 4298 neque
1719 4229 1900 4284 videre
1962 4229 2101 4283 Pau-

550 4323 745 4376 theiam
791 4322 975 4385 voluit,
1030 4323 1240 4376 tametsi
1302 4323 1743 4376 formosissimam
1790 4319 2097 4387 iudicatam,

549 4425 654 4464 non
681 4411 836 4463 modo
863 4410 1079 4464 libidine
1113 4411 1361 4473 invictus,
1394 4410 1501 4462 imo
1537 4413 1886 4476 temperantia
1925 4411 2100 4464 co'uti-

548 4503 833 4570 nentiaque
866 4501 1059 4556 clarus.
1091 4502 1325 4570 Araspas
1366 4516 1491 4556 vero
1520 4504 1617 4556 etsi
1650 4511 1790 4557 esset
1831 4505 1881 4556 in
1914 4506 2100 4572 primis

547 4595 939 4664 magnanimus,
981 4594 1051 4646 ita
1091 4602 1146 4648 ut
1185 4593 1386 4648 videret
1418 4595 1665 4662 quidem,
1709 4610 1811 4648 non
1843 4597 2096 4664 concupi-

2215 3411 2368 3480 σμός.
2416 3409 2632 3481 Ἐπειδὴ
2680 3411 2737 3465 δὲ
2779 3414 2841 3466 σὺ
2873 3414 2941 3467 τά
2985 3415 3248 3486 Ἑλλήνων
3279 3421 3608 3490 πρεσϐεύεις
3635 3463 3648 3483 ,
3679 3425 3780 3477 κά-

2211 3503 2392 3556 κεῖθέν
2429 3519 2509 3556 σοι
2559 3503 2654 3557 τοῦ
2692 3506 2940 3576 χρησμοῦ
2981 3508 3080 3579 τὴν
3117 3510 3377 3580 ἀλήθειαν
3427 3517 3784 3586 παραστῆσαι

2211 3595 2566 3665 πειράσομαι.
2612 3595 2724 3658 Τὰς
2766 3596 2864 3664 μὲν
2921 3594 3014 3652 οὖν
3065 3601 3244 3664 αίτίας
3295 3603 3389 3656 τοῦ
3443 3622 3500 3658 τε
3549 3606 3782 3659 Ἰλιακοῦ

2211 3685 2443 3755 πολέμου
2469 3728 2484 3750 ,
2522 3689 2615 3737 καὶ
2652 3687 2744 3739 τοῦ
2792 3689 3172 3760 Μεσσηνιακοῦ
3198 3733 3212 3756 ,
3254 3693 3349 3746 τοῦ
3389 3710 3449 3747 τε
3491 3697 3782 3770 Κιρραίων

2209 3776 2344 3844 πρὸς
2385 3777 2684 3844 Ἀργείους,
2708 3777 2801 3831 τοῦ
2841 3797 2900 3832 τε
2936 3781 3185 3851 Θηϐαίων
3215 3785 3349 3854 πρὸς
3384 3788 3610 3850 Φωκέας
3641 3806 3782 3859 παρ-

2209 3866 2345 3936 ήσω,
2398 3868 2473 3930 ὠς
2514 3871 2999 3941 κατημαξευμένας
3025 3888 3037 3901 ·
3106 3874 3305 3938 πάντες
3354 3879 3463 3948 γὰρ
3503 3877 3653 3935 οὗτοι
3685 3883 3780 3936 καὶ

2209 3958 2481 4022 δεκαετεῖς
2505 3999 2518 4022 ,
2551 3963 2643 4014 καὶ
2668 3963 2753 4016 διὰ
2787 3967 3049 4029 γυναῖκας
3088 3967 3353 4034 ἐγένοντο.
3401 3972 3537 4024 Ἀπὸ
3575 3975 3633 4028 δὲ
3669 3977 3781 4029 τῶν

2208 4047 2563 4117 Ξενοφῶντος,
2584 4047 2664 4115 οἷς
2695 4055 2787 4106 καὶ
2812 4056 3160 4126 κεχείρωσαι,
3184 4058 3280 4130 τὴν
3309 4062 3587 4130 ἀπόδειξιν
3615 4069 3777 4139 ποιή-

2209 4157 2388 4209 σομαι.
2421 4141 2556 4194 Ἴσθι
2585 4145 2784 4209 τοίνυν,
2815 4146 2890 4208 ὡς
2931 4149 2958 4201 ὁ
2987 4149 3083 4218 μὲν
3128 4149 3309 4222 Κῦρος
3340 4155 3476 4224 μηδὲ
3512 4157 3643 4210 ἰδεῖν
3671 4161 3772 4230 τὴν

2210 4230 2472 4283 Πάνθειαν
2520 4234 2917 4304 ἀνασχόμενος.
2978 4239 3153 4292 καίτοι
3227 4243 3507 4314 ἀμήχανον
3580 4249 3777 4315 κάλλος

2205 4320 2346 4390 ἔχειν
2404 4327 2871 4398 μαρτυρουμένην,
2925 4330 2985 4382 οὐ
3034 4331 3192 4400 μόνον
3233 4335 3326 4388 τοῦ
3385 4337 3482 4406 τῆς
3521 4339 3776 4409 λαγνείας

2211 4414 2477 4483 χειμῶνος
2521 4418 2619 4468 οὐκ
2664 4419 2927 4490 ἐπειράθη
2954 4459 2970 4483 ,
3018 4422 3152 4476 ἀλλά
3200 4427 3294 4478 καὶ
3339 4431 3665 4504 σωφροσύνῃ
3695 4433 3779 4487 δι⁹

2207 4503 2468 4574 έλαμψεν.
2512 4508 2568 4560 ὐ
2592 4507 2648 4560 δὲ
2697 4509 2978 4580 Ἀράσπας
3002 4553 3015 4576 ,
3049 4515 3248 4586 καίπερ
3286 4503 3772 4592 μεγαλοφρονήσας

2201 4596 2276 4658 ὠς
2302 4599 2393 4650 καὶ
2414 4598 2555 4668 δρῶν
2588 4600 2680 4652 κατ
2709 4601 2782 4672 μὴ
2815 4603 2974 4670 ἐρῶν,
3011 4607 3089 4668 είς
3117 4606 3386 4676 τοσαύτην
3419 4614 3773 4669 κατέπαυσεν

545 4694 718 4739 sceret
741 4684 1174 4753 tamen,pudnris
1199 4684 1408 4738 tandem
1430 4686 1695 4753 jacturam
1718 4686 1837 4741 fecit
1865 4707 1877 4741 :
1906 4700 2096 4756 captus

2218 4688 2485 4757 ιίσχύνην,
2520 4691 2772 4761 ἐρασθεὶς
2803 4695 2993 4764 αὐτῆς,
3035 4698 3131 4749 καὶ
3167 4700 3450 4764 ἱκετεύσας
3476 4743 3490 4764 ,
3533 4706 3631 4758 καὶ
3654 4707 3772 4762 δια-

547 4777 685 4831 illius
713 4791 897 4831 amore
948 4792 1009 4831 ac
1060 4777 1274 4846 supplex
1324 4792 1660 4846 peccausque
1702 4779 1986 4839 desiderio,
2041 4790 2097 4832 ut

547 4865 690 4920 mille
713 4866 983 4921 machinas
998 4867 1070 4938 Cy
1081 4885 1193 4921 rum
1214 4871 1468 4923 adhibere
1497 4870 1654 4922 interit
1672 4884 1908 4934 necesse,
1935 4880 2095 4939 atque

544 4973 678 5027 opus
704 4959 862 5012 fuerit
909 4959 1155 5021 inventis,
1196 4977 1301 5028 quo
1327 4976 1354 5014 a
1385 4961 1520 5030 turpi
1553 4960 1698 5014 illum
1725 4977 1909 5015 amore
1943 4979 2095 5015 aver-

546 5057 703 5104 teret.
741 5048 868 5102 Uter
916 5049 1077 5117 igitur
1109 5051 1294 5104 melior
1344 5052 1434 5104 tibi
1492 5053 1635 5105 visus
1682 5063 1795 5114 est,
1844 5053 1958 5106 isne
2005 5055 2093 5120 qui

544 5148 658 5194 tuto
703 5155 797 5194 sua
833 5139 1145 5209 disponens,
1177 5151 1229 5195 et
1263 5142 1327 5194 ad
1375 5145 1510 5197 hanc
1553 5144 1690 5196 diem
1731 5146 2094 5210 temperantiae

547 5233 759 5286 neruine
784 5233 1100 5300 praedicatus
1127 5248 1139 5294 ;
1163 5242 1253 5283 aut
1285 5234 1370 5300 qui
1402 5234 1772 5304 intempestiva
1803 5238 2094 5294 ambitione

540 5313 771 5387 teipsum
812 5321 979 5374 {aedes
1029 5336 1090 5374 ac
1132 5320 1432 5376 defurmas‘l
1466 5339 1526 5377 ac
1563 5335 1686 5378 tunc
1717 5327 1931 5395 quidem
1974 5346 2095 5396 pro-

544 5409 710 5475 priam
755 5408 1112 5477 comprimens
1157 5408 1402 5476 loquendi
1437 5411 1754 5478 libertatem,
1788 5417 1878 5469 sed
1915 5419 2092 5472 omni-

548 5497 643 5548 bus
673 5498 893 5562 posthac
942 5497 1163 5552 victuris
1195 5498 1498 5566 superbiam
1527 5503 1897 5575 duplicemque
1940 5506 2091 5576 igno-

546 5587 758 5641 miniam
815 5589 1072 5643 exhibens
1135 5589 1499 5647 deridendam.
1536 5592 1890 5658 Quamobrem
1946 5589 2090 5657 recte

2209 4778 2427 4848 μαρτὼν
2450 4781 2546 4849 τῆς
2580 4783 2874 4852 ἐπιθυμίας
2892 4825 2905 4846 ,
2941 4786 3014 4847 ὡς
3039 4787 3445 4860 ἀναγκασθῆναι
3475 4791 3566 4845 τὸν
3592 4795 3774 4866 Κῦρον

2209 4869 2431 4938 μυρίαις
2471 4876 2739 4940 μηχαναῖς
2788 4876 2882 4927 καὶ
2924 4877 3187 4940 ἐπινοίαις
3238 4883 3579 4950 χρήσασθαι,
3630 4887 3771 4942 ὥστε

2206 4960 2508 5025 ἀπαλλάξαι
2531 4962 2734 5016 ἐκεῖνον
2753 4967 2981 5036 αἰσχρᾶς
3011 4969 3345 5040 ὑπολήψεως.
3373 4974 3470 5037 Τίς
3490 4973 3582 5030 οὖν
3608 4980 3770 5048 ἀμεί-

2204 5068 2309 5104 νων
2344 5053 2496 5124 παρά
2543 5056 2644 5118 σοὶ,
2683 5057 2711 5108 ὁ
2741 5058 2995 5126 ἀσφαλῶς
3029 5061 3097 5114 τὰ
3139 5063 3260 5117 καθ’
3301 5066 3493 5122 ἑαυτὸν
3540 5071 3770 5141 διαθεὶς,

2203 5145 2297 5195 καὶ
2337 5144 2500 5215 μέχρι
2551 5146 2644 5198 νῦν
2686 5148 2776 5199 ἐπὶ
2825 5152 3147 5224 σωφροσύνῃ
3200 5157 3637 5230 ἀνυμνούμενος,
3677 5164 3770 5234 ἥδ

2201 5236 2481 5308 φιλοτιμίᾳ
2514 5239 2724 5309 ἀκαίρῳ
2759 5242 2947 5296 ἑαυτὸν
2979 5249 3363 5318 καταισχύνας,
3397 5255 3494 5305 καὶ
3515 5257 3640 5309 τότε
3669 5259 3764 5327 μὲν

2199 5323 2295 5394 τὴν
2328 5328 2533 5378 οἰκείαν
2574 5330 2886 5400 παρρησίαν
2923 5333 3140 5399 σϐέσας,
3181 5341 3294 5401 τοῖς
3336 5341 3391 5393 δὲ
3421 5343 3562 5408 μετά
3591 5323 3764 5399 ταύτα

2201 5420 2473 5486 παραδοὺς
2500 5420 2829 5491 κωμῳδῆσαι
2861 5425 2957 5478 καὶ
2984 5425 3082 5494 τὴν
3116 5430 3388 5498 προτέραν
3415 5431 3756 5497 ἀλαζονείαν,

2201 5509 2290 5561 καὶ
2310 5511 2407 5580 τὴν
2438 5510 2695 5581 δευτέραν
2731 5513 2972 5579 ἀδοξίαν;
3018 5516 3060 5567 Τ
3063 5519 3315 5589 οιγαροῦν
3360 5521 3454 5572 καὶ
3486 5522 3652 5587 αὐτὸς
3691 5525 3756 5578 τὰ

2201 5602 2337 5657 κατὰ
2366 5603 2591 5657 σεαυτὸν
2619 5604 2796 5669 καλῶς
2827 5604 3057 5670 οίάκιζε,
3094 5609 3183 5663 καὶ
3210 5609 3282 5680 μὴ
3304 5612 3517 5682 ἀκαίρῳ
3554 5615 3757 5681 φιλοτιο
