  <div class='ocr_page' id='page_1' title='image "/cluster/home/n/w/nwhite01/storage/ocr_20150623/78/ien.35556001661065/722.png"; bbox 0 0 3992 6468; ppageno 0'>
   <div class='ocr_carea' id='block_1_1' title="bbox 259 325 400 391">
    <p class='ocr_par' dir='ltr' id='par_1_1' title="bbox 259 325 400 391">
     <span class='ocr_line' id='line_1_1' title="bbox 259 325 400 391; baseline 0.007 -1"><span class='ocrx_word' id='word_1_1' title='bbox 259 325 400 391; x_wconf 66' lang='grc' dir='ltr'>ιιεο</span> 
     </span>
    </p>
   </div>
   <div class='ocr_carea' id='block_1_2' title="bbox 257 427 1838 506">
    <p class='ocr_par' dir='ltr' id='par_1_2' title="bbox 257 427 1838 506">
     <span class='ocr_line' id='line_1_2' title="bbox 257 427 1838 506; baseline 0.003 -23"><span class='ocrx_word' id='word_1_2' title='bbox 257 430 361 503; x_wconf 66' lang='grc' dir='ltr'>μία</span> <span class='ocrx_word' id='word_1_3' title='bbox 383 431 868 505; x_wconf 72' lang='grc' dir='ltr'>ἐκϐακχευόμενος,</span> <span class='ocrx_word' id='word_1_4' title='bbox 898 427 1042 489; x_wconf 76' lang='grc' dir='ltr'>κατὰ</span> <span class='ocrx_word' id='word_1_5' title='bbox 1079 434 1188 488; x_wconf 85' lang='grc' dir='ltr'>τῶν</span> <span class='ocrx_word' id='word_1_6' title='bbox 1217 436 1320 504; x_wconf 79' lang='grc' dir='ltr'>τῆς</span> <span class='ocrx_word' id='word_1_7' title='bbox 1346 434 1637 504; x_wconf 78' lang='grc' dir='ltr'>ἀσελγείας</span> <span class='ocrx_word' id='word_1_8' title='bbox 1665 433 1838 506; x_wconf 85' lang='grc' dir='ltr'>βαρά-</span> 
     </span>
    </p>
   </div>
   <div class='ocr_carea' id='block_1_3' title="bbox 253 523 1308 598">
    <p class='ocr_par' dir='ltr' id='par_1_3' title="bbox 253 523 1308 598">
     <span class='ocr_line' id='line_1_3' title="bbox 253 523 1308 598; baseline 0.004 -22"><span class='ocrx_word' id='word_1_9' title='bbox 253 523 402 593; x_wconf 85' lang='grc' dir='ltr'>θρων</span> <span class='ocrx_word' id='word_1_10' title='bbox 435 526 628 580; x_wconf 81' lang='grc' dir='ltr'>σαυτὸν</span> <span class='ocrx_word' id='word_1_11' title='bbox 651 526 834 598; x_wconf 82' lang='grc' dir='ltr'>φέρων</span> <span class='ocrx_word' id='word_1_12' title='bbox 872 526 1308 596; x_wconf 75' lang='grc' dir='ltr'>κατακρὴμνιζε.</span> 
     </span>
    </p>
   </div>
   <div class='ocr_carea' id='block_1_4' title="bbox 537 708 1540 779">
    <p class='ocr_par' dir='ltr' id='par_1_4' title="bbox 537 708 1540 779">
     <span class='ocr_line' id='line_1_4' title="bbox 537 708 1540 779; baseline 0.003 -17"><span class='ocrx_word' id='word_1_13' title='bbox 537 710 700 763; x_wconf 74' lang='lat' dir='ltr'><strong>POA&#39;.</strong></span> <span class='ocrx_word' id='word_1_14' title='bbox 734 739 803 749; x_wconf 89' lang='lat'><strong>—</strong></span> <span class='ocrx_word' id='word_1_15' title='bbox 839 708 1071 779; x_wconf 71' lang='grc' dir='ltr'><strong>ΠΑΥΛῼ</strong></span> <span class='ocrx_word' id='word_1_16' title='bbox 1113 710 1540 765; x_wconf 79' lang='lat' dir='ltr'><strong>MONAZONTI.</strong></span> 
     </span>
    </p>
   </div>
   <div class='ocr_carea' id='block_1_5' title="bbox 1144 323 2739 388">
    <p class='ocr_par' dir='ltr' id='par_1_5' title="bbox 1144 323 2739 388">
     <span class='ocr_line' id='line_1_5' title="bbox 1144 323 2739 388; baseline -0.004 0"><span class='ocrx_word' id='word_1_17' title='bbox 1144 325 1682 388; x_wconf 76' lang='lat' dir='ltr'><strong>EPIS&#39;I‘OLARUM</strong></span> <span class='ocrx_word' id='word_1_18' title='bbox 1722 325 1869 387; x_wconf 85' lang='lat' dir='ltr'><strong>LIB.</strong></span> <span class='ocrx_word' id='word_1_19' title='bbox 1906 325 1972 384; x_wconf 91' lang='lat' dir='ltr'><strong>V.</strong></span> <span class='ocrx_word' id='word_1_20' title='bbox 2015 349 2084 358; x_wconf 92' lang='grc'><strong><em>--</em></strong></span> <span class='ocrx_word' id='word_1_21' title='bbox 2122 323 2361 384; x_wconf 87' lang='lat' dir='ltr'><strong>EPIST.</strong></span> <span class='ocrx_word' id='word_1_22' title='bbox 2403 323 2739 384; x_wconf 77' lang='lat' dir='ltr'><strong>CLXXVII.</strong></span> 
     </span>
    </p>
   </div>
   <div class='ocr_carea' id='block_1_6' title="bbox 3400 311 3538 375">
    <p class='ocr_par' dir='ltr' id='par_1_6' title="bbox 3400 311 3538 375">
     <span class='ocr_line' id='line_1_6' title="bbox 3400 311 3538 375; baseline 0.022 -3"><span class='ocrx_word' id='word_1_23' title='bbox 3400 311 3538 375; x_wconf 62' lang='lat'><strong>1430</strong></span> 
     </span>
    </p>
   </div>
   <div class='ocr_carea' id='block_1_7' title="bbox 1945 424 3537 500">
    <p class='ocr_par' dir='ltr' id='par_1_7' title="bbox 1945 424 3537 500">
     <span class='ocr_line' id='line_1_7' title="bbox 1945 424 3537 500; baseline -0.005 -13"><span class='ocrx_word' id='word_1_24' title='bbox 1945 443 2034 487; x_wconf 81' lang='lat' dir='ltr'><strong>tua</strong></span> <span class='ocrx_word' id='word_1_25' title='bbox 2065 448 2210 488; x_wconf 87' lang='lat' dir='ltr'><strong>nunc</strong></span> <span class='ocrx_word' id='word_1_26' title='bbox 2243 434 2484 500; x_wconf 86' lang='lat' dir='ltr'><strong>institue,</strong></span> <span class='ocrx_word' id='word_1_27' title='bbox 2521 446 2656 488; x_wconf 87' lang='lat' dir='ltr'><strong>neve</strong></span> <span class='ocrx_word' id='word_1_28' title='bbox 2705 429 3061 487; x_wconf 87' lang='lat' dir='ltr'><strong>immoderato</strong></span> <span class='ocrx_word' id='word_1_29' title='bbox 3097 427 3282 481; x_wconf 84' lang='lat' dir='ltr'><strong>l‘ureus</strong></span> <span class='ocrx_word' id='word_1_30' title='bbox 3331 424 3537 480; x_wconf 86' lang='lat' dir='ltr'><strong>ambitu</strong></span> 
     </span>
    </p>
   </div>
   <div class='ocr_carea' id='block_1_8' title="bbox 1870 496 3540 593">
    <p class='ocr_par' dir='ltr' id='par_1_8' title="bbox 1870 496 3540 593">
     <span class='ocr_line' id='line_1_8' title="bbox 1870 496 3540 593; baseline -0.003 -16"><span class='ocrx_word' id='word_1_31' title='bbox 1870 496 1912 555; x_wconf 69' lang='grc' dir='ltr'><strong>Α</strong></span> <span class='ocrx_word' id='word_1_32' title='bbox 1952 525 2001 578; x_wconf 89' lang='lat' dir='ltr'><strong>in</strong></span> <span class='ocrx_word' id='word_1_33' title='bbox 2063 525 2380 580; x_wconf 75' lang='lat' dir='ltr'><strong>barathrum</strong></span> <span class='ocrx_word' id='word_1_34' title='bbox 2426 496 2661 579; x_wconf 62' lang='lat' dir='ltr'><strong>lasciviae</strong></span> <span class='ocrx_word' id='word_1_35' title='bbox 2693 523 2922 593; x_wconf 81' lang='lat' dir='ltr'><strong>teipsum</strong></span> <span class='ocrx_word' id='word_1_36' title='bbox 2956 519 3304 589; x_wconf 81' lang='lat' dir='ltr'><strong>libidinisque</strong></span> <span class='ocrx_word' id='word_1_37' title='bbox 3345 516 3540 587; x_wconf 68' lang='lat' dir='ltr'><strong>praeci-</strong></span> 
     </span>
    </p>
   </div>
   <div class='ocr_carea' id='block_1_9' title="bbox 1945 626 3366 782">
    <p class='ocr_par' dir='ltr' id='par_1_9' title="bbox 1945 626 3366 782">
     <span class='ocr_line' id='line_1_9' title="bbox 1945 626 3366 782; baseline -0.004 -19"><span class='ocrx_word' id='word_1_38' title='bbox 1945 626 2282 782; x_wconf 62' lang='grc' dir='ltr'><strong>ριιεε’θον</strong></span> <span class='ocrx_word' id='word_1_39' title='bbox 2312 705 2594 763; x_wconf 70' lang='grc' dir='ltr'>οωιχιν.</span> <span class='ocrx_word' id='word_1_40' title='bbox 2629 736 2698 745; x_wconf 92' lang='grc'><strong><em>-</em></strong></span> <span class='ocrx_word' id='word_1_41' title='bbox 2733 703 2967 761; x_wconf 82' lang='lat' dir='ltr'><strong>PAULO</strong></span> <span class='ocrx_word' id='word_1_42' title='bbox 3009 699 3366 760; x_wconf 65' lang='lat' dir='ltr'><strong>uouacuo.</strong></span> 
     </span>
    </p>
   </div>
   <div class='ocr_carea' id='block_1_10' title="bbox 1339 785 2453 858">
    <p class='ocr_par' dir='ltr' id='par_1_10' title="bbox 1339 785 2453 858">
     <span class='ocr_line' id='line_1_10' title="bbox 1339 785 2453 858; baseline -0.003 0"><span class='ocrx_word' id='word_1_43' title='bbox 1339 804 1594 858; x_wconf 77' lang='lat' dir='ltr'><strong>Fratrum</strong></span> <span class='ocrx_word' id='word_1_44' title='bbox 1631 805 1794 858; x_wconf 79' lang='lat' dir='ltr'><strong>trium</strong></span> <span class='ocrx_word' id='word_1_45' title='bbox 1828 809 2073 857; x_wconf 69' lang='lat' dir='ltr'><strong>uirtutem</strong></span> <span class='ocrx_word' id='word_1_46' title='bbox 2096 785 2453 855; x_wconf 81' lang='lat' dir='ltr'><strong>commendat.</strong></span> 
     </span>
    </p>
   </div>
   <div class='ocr_carea' id='block_1_11' title="bbox 325 908 1841 983">
    <p class='ocr_par' dir='ltr' id='par_1_11' title="bbox 325 908 1841 983">
     <span class='ocr_line' id='line_1_11' title="bbox 325 908 1841 983; baseline 0.001 -21"><span class='ocrx_word' id='word_1_47' title='bbox 325 908 497 972; x_wconf 79' lang='grc' dir='ltr'>Αὐτὸς</span> <span class='ocrx_word' id='word_1_48' title='bbox 557 908 657 979; x_wconf 81' lang='grc' dir='ltr'><strong>μὲν</strong></span> <span class='ocrx_word' id='word_1_49' title='bbox 697 909 852 976; x_wconf 77' lang='grc' dir='ltr'>’ἄξιος</span> <span class='ocrx_word' id='word_1_50' title='bbox 896 910 1135 966; x_wconf 79' lang='grc' dir='ltr'>ἐπαίνων</span> <span class='ocrx_word' id='word_1_51' title='bbox 1177 912 1490 983; x_wconf 76' lang='grc' dir='ltr'><strong>τυγχάνεις,</strong></span> <span class='ocrx_word' id='word_1_52' title='bbox 1537 913 1564 965; x_wconf 89' lang='grc' dir='ltr'>ὁ</span> <span class='ocrx_word' id='word_1_53' title='bbox 1606 912 1663 965; x_wconf 83' lang='grc' dir='ltr'>δὲ</span> <span class='ocrx_word' id='word_1_54' title='bbox 1704 928 1841 982; x_wconf 87' lang='grc' dir='ltr'>πρε-</span> 
     </span>
    </p>
   </div>
   <div class='ocr_carea' id='block_1_12' title="bbox 241 1000 1842 1078">
    <p class='ocr_par' dir='ltr' id='par_1_12' title="bbox 241 1000 1842 1078">
     <span class='ocr_line' id='line_1_12' title="bbox 241 1000 1842 1078; baseline 0.001 -24"><span class='ocrx_word' id='word_1_55' title='bbox 241 1000 519 1078; x_wconf 59' lang='grc' dir='ltr'><strong>⁵σσὺτερός</strong></span> <span class='ocrx_word' id='word_1_56' title='bbox 573 1018 669 1054; x_wconf 89' lang='grc' dir='ltr'><strong>σου</strong></span> <span class='ocrx_word' id='word_1_57' title='bbox 705 1002 926 1070; x_wconf 79' lang='grc' dir='ltr'>ἀδελφὸς</span> <span class='ocrx_word' id='word_1_58' title='bbox 956 1002 1271 1075; x_wconf 81' lang='grc' dir='ltr'><strong>ἀξιώτερος,</strong></span> <span class='ocrx_word' id='word_1_59' title='bbox 1320 1007 1349 1057; x_wconf 85' lang='grc' dir='ltr'><strong>ό</strong></span> <span class='ocrx_word' id='word_1_60' title='bbox 1375 1004 1438 1064; x_wconf 84' lang='grc' dir='ltr'><strong>δὲ¹</strong></span> <span class='ocrx_word' id='word_1_61' title='bbox 1467 1002 1842 1074; x_wconf 74' lang='grc' dir='ltr'>πρεσϐύτατος</span> 
     </span>
    </p>
   </div>
   <div class='ocr_carea' id='block_1_13' title="bbox 255 1091 1837 1178">
    <p class='ocr_par' dir='ltr' id='par_1_13' title="bbox 255 1091 1837 1178">
     <span class='ocr_line' id='line_1_13' title="bbox 255 1091 1837 1178; baseline 0.001 -33"><span class='ocrx_word' id='word_1_62' title='bbox 255 1091 576 1157; x_wconf 76' lang='grc' dir='ltr'>ἀξιώτατος.</span> <span class='ocrx_word' id='word_1_63' title='bbox 611 1094 744 1178; x_wconf 71' lang='grc' dir='ltr'>Ταῖς</span> <span class='ocrx_word' id='word_1_64' title='bbox 774 1094 882 1164; x_wconf 74' lang='grc' dir='ltr'>γὰρ</span> <span class='ocrx_word' id='word_1_65' title='bbox 909 1094 1148 1164; x_wconf 79' lang='grc' dir='ltr'><strong>ἡλικίαις</strong></span> <span class='ocrx_word' id='word_1_66' title='bbox 1185 1097 1278 1149; x_wconf 77' lang='grc' dir='ltr'>καὶ</span> <span class='ocrx_word' id='word_1_67' title='bbox 1301 1098 1334 1168; x_wconf 88' lang='grc' dir='ltr'><strong>ἡ</strong></span> <span class='ocrx_word' id='word_1_68' title='bbox 1361 1097 1460 1167; x_wconf 79' lang='grc' dir='ltr'>τῆς</span> <span class='ocrx_word' id='word_1_69' title='bbox 1491 1096 1693 1167; x_wconf 80' lang='grc' dir='ltr'>ἀρετῆς</span> <span class='ocrx_word' id='word_1_70' title='bbox 1721 1094 1837 1148; x_wconf 86' lang='grc' dir='ltr'>ἐπί-</span> 
     </span>
    </p>
   </div>
   <div class='ocr_carea' id='block_1_14' title="bbox 246 1185 1837 1258">
    <p class='ocr_par' dir='ltr' id='par_1_14' title="bbox 246 1185 1837 1258">
     <span class='ocr_line' id='line_1_14' title="bbox 246 1185 1837 1258; baseline -0.001 -16"><span class='ocrx_word' id='word_1_71' title='bbox 246 1187 398 1248; x_wconf 70' lang='grc' dir='ltr'>εοσις</span> <span class='ocrx_word' id='word_1_72' title='bbox 433 1185 802 1258; x_wconf 73' lang='grc' dir='ltr'><strong>συνέδραμεν·</strong></span> <span class='ocrx_word' id='word_1_73' title='bbox 865 1186 988 1241; x_wconf 84' lang='grc' dir='ltr'>ὅθεν</span> <span class='ocrx_word' id='word_1_74' title='bbox 1039 1187 1134 1241; x_wconf 77' lang='grc' dir='ltr'>καὶ</span> <span class='ocrx_word' id='word_1_75' title='bbox 1187 1187 1280 1240; x_wconf 70' lang='grc' dir='ltr'><strong>ἐπὶ</strong></span> <span class='ocrx_word' id='word_1_76' title='bbox 1325 1188 1432 1252; x_wconf 76' lang='grc' dir='ltr'>σοὶ,</span> <span class='ocrx_word' id='word_1_77' title='bbox 1468 1187 1562 1241; x_wconf 72' lang='grc' dir='ltr'>καὶ</span> <span class='ocrx_word' id='word_1_78' title='bbox 1606 1187 1702 1240; x_wconf 77' lang='grc' dir='ltr'><strong>ἐπὶ</strong></span> <span class='ocrx_word' id='word_1_79' title='bbox 1759 1185 1837 1257; x_wconf 86' lang='grc' dir='ltr'>τῷ</span> 
     </span>
    </p>
   </div>
   <div class='ocr_carea' id='block_1_15' title="bbox 249 1276 1834 1350">
    <p class='ocr_par' dir='ltr' id='par_1_15' title="bbox 249 1276 1834 1350">
     <span class='ocr_line' id='line_1_15' title="bbox 249 1276 1834 1350; baseline 0.001 -18"><span class='ocrx_word' id='word_1_80' title='bbox 249 1276 616 1350; x_wconf 80' lang='grc' dir='ltr'>πρεσὸυτέρῳ</span> <span class='ocrx_word' id='word_1_81' title='bbox 662 1277 872 1349; x_wconf 81' lang='grc' dir='ltr'>χρηστὴ</span> <span class='ocrx_word' id='word_1_82' title='bbox 904 1278 1056 1342; x_wconf 79' lang='grc' dir='ltr'>ἐλπὶς</span> <span class='ocrx_word' id='word_1_83' title='bbox 1079 1278 1250 1342; x_wconf 86' lang='grc' dir='ltr'>ἀνθεῖ,</span> <span class='ocrx_word' id='word_1_84' title='bbox 1283 1279 1358 1343; x_wconf 89' lang='grc' dir='ltr'><strong>ώς</strong></span> <span class='ocrx_word' id='word_1_85' title='bbox 1399 1279 1494 1332; x_wconf 77' lang='grc' dir='ltr'><strong>τοῦ</strong></span> <span class='ocrx_word' id='word_1_86' title='bbox 1523 1279 1834 1350; x_wconf 78' lang='grc' dir='ltr'>πρεσϐυτά-</span> 
     </span>
    </p>
   </div>
   <div class='ocr_carea' id='block_1_16' title="bbox 248 1368 1832 1443">
    <p class='ocr_par' dir='ltr' id='par_1_16' title="bbox 248 1368 1832 1443">
     <span class='ocr_line' id='line_1_16' title="bbox 248 1368 1832 1443; baseline -0.001 -20"><span class='ocrx_word' id='word_1_87' title='bbox 248 1388 344 1423; x_wconf 84' lang='grc' dir='ltr'><strong>του</strong></span> <span class='ocrx_word' id='word_1_88' title='bbox 378 1368 800 1441; x_wconf 65' lang='grc' dir='ltr'><strong>προκοπτούσης</strong></span> <span class='ocrx_word' id='word_1_89' title='bbox 843 1369 942 1440; x_wconf 82' lang='grc' dir='ltr'>τῆς</span> <span class='ocrx_word' id='word_1_90' title='bbox 965 1368 1182 1440; x_wconf 84' lang='grc' dir='ltr'>ἡλικίας</span> <span class='ocrx_word' id='word_1_91' title='bbox 1208 1371 1308 1424; x_wconf 81' lang='grc' dir='ltr'><strong>οὐκ</strong></span> <span class='ocrx_word' id='word_1_92' title='bbox 1339 1370 1832 1443; x_wconf 70' lang='grc' dir='ltr'>ἀπολειφθήσεσθε,</span> 
     </span>
    </p>
   </div>
   <div class='ocr_carea' id='block_1_17' title="bbox 249 1457 1835 1534">
    <p class='ocr_par' dir='ltr' id='par_1_17' title="bbox 249 1457 1835 1534">
     <span class='ocr_line' id='line_1_17' title="bbox 249 1457 1835 1534; baseline 0.001 -20"><span class='ocrx_word' id='word_1_93' title='bbox 249 1460 637 1534; x_wconf 35' lang='grc' dir='ltr'>ἀλλ’δάοίδιμοι</span> <span class='ocrx_word' id='word_1_94' title='bbox 691 1461 814 1514; x_wconf 87' lang='grc' dir='ltr'>κατ’</span> <span class='ocrx_word' id='word_1_95' title='bbox 844 1462 1052 1516; x_wconf 86' lang='grc' dir='ltr'>ἐκεῖνον</span> <span class='ocrx_word' id='word_1_96' title='bbox 1089 1462 1404 1534; x_wconf 80' lang='grc' dir='ltr'>γενήσεσθε.</span> <span class='ocrx_word' id='word_1_97' title='bbox 1457 1462 1711 1532; x_wconf 81' lang='grc' dir='ltr'>Ἔχοντες</span> <span class='ocrx_word' id='word_1_98' title='bbox 1741 1457 1835 1516; x_wconf 77' lang='grc' dir='ltr'><strong>οὖν</strong></span> 
     </span>
    </p>
   </div>
   <div class='ocr_carea' id='block_1_18' title="bbox 252 1551 1836 1627">
    <p class='ocr_par' dir='ltr' id='par_1_18' title="bbox 252 1551 1836 1627">
     <span class='ocr_line' id='line_1_18' title="bbox 252 1551 1836 1627; baseline 0.002 -21"><span class='ocrx_word' id='word_1_99' title='bbox 252 1553 554 1622; x_wconf 72' lang='grc' dir='ltr'>συγγενικὰ</span> <span class='ocrx_word' id='word_1_100' title='bbox 615 1551 1048 1625; x_wconf 78' lang='grc' dir='ltr'><strong>κατορθώματα,</strong></span> <span class='ocrx_word' id='word_1_101' title='bbox 1103 1555 1244 1627; x_wconf 77' lang='grc' dir='ltr'>πρὸς</span> <span class='ocrx_word' id='word_1_102' title='bbox 1289 1556 1424 1609; x_wconf 82' lang='grc' dir='ltr'><strong>αὑτὰ</strong></span> <span class='ocrx_word' id='word_1_103' title='bbox 1485 1555 1692 1610; x_wconf 76' lang='grc' dir='ltr'>τείνατε</span> <span class='ocrx_word' id='word_1_104' title='bbox 1745 1558 1836 1611; x_wconf 85' lang='grc' dir='ltr'><strong>τὸν</strong></span> 
     </span>
    </p>
   </div>
   <div class='ocr_carea' id='block_1_19' title="bbox 254 1646 482 1698">
    <p class='ocr_par' dir='ltr' id='par_1_19' title="bbox 254 1646 482 1698">
     <span class='ocr_line' id='line_1_19' title="bbox 254 1646 482 1698; baseline 0 0"><span class='ocrx_word' id='word_1_105' title='bbox 254 1646 482 1698; x_wconf 84' lang='grc' dir='ltr'>σκοπόν.</span> 
     </span>
    </p>
   </div>
   <div class='ocr_carea' id='block_1_20' title="bbox 589 1736 1496 1811">
    <p class='ocr_par' dir='ltr' id='par_1_20' title="bbox 589 1736 1496 1811">
     <span class='ocr_line' id='line_1_20' title="bbox 589 1736 1496 1811; baseline 0.003 -21"><span class='ocrx_word' id='word_1_106' title='bbox 589 1737 752 1792; x_wconf 60' lang='lat' dir='ltr'><strong>rosa</strong></span> <span class='ocrx_word' id='word_1_107' title='bbox 795 1768 861 1777; x_wconf 90' lang='lat'>—</span> <span class='ocrx_word' id='word_1_108' title='bbox 902 1736 1135 1794; x_wconf 83' lang='lat' dir='ltr'><strong>lEPAKl</strong></span> <span class='ocrx_word' id='word_1_109' title='bbox 1176 1739 1496 1811; x_wconf 77' lang='grc' dir='ltr'><strong>ΔΙΑΚΟΝῼ.</strong></span> 
     </span>
    </p>
   </div>
   <div class='ocr_carea' id='block_1_21' title="bbox 2019 904 3536 980">
    <p class='ocr_par' dir='ltr' id='par_1_21' title="bbox 2019 904 3536 980">
     <span class='ocr_line' id='line_1_21' title="bbox 2019 904 3536 980; baseline -0.005 -16"><span class='ocrx_word' id='word_1_110' title='bbox 2019 910 2218 980; x_wconf 79' lang='lat' dir='ltr'><strong>Dignus</strong></span> <span class='ocrx_word' id='word_1_111' title='bbox 2245 918 2298 963; x_wconf 91' lang='lat' dir='ltr'><strong>tu</strong></span> <span class='ocrx_word' id='word_1_112' title='bbox 2322 908 2542 978; x_wconf 81' lang='lat' dir='ltr'><strong>quidem</strong></span> <span class='ocrx_word' id='word_1_113' title='bbox 2569 908 2748 972; x_wconf 78' lang='lat' dir='ltr'><strong>laude,</strong></span> <span class='ocrx_word' id='word_1_114' title='bbox 2774 906 3005 977; x_wconf 86' lang='lat' dir='ltr'><strong>amplius</strong></span> <span class='ocrx_word' id='word_1_115' title='bbox 3022 919 3157 960; x_wconf 87' lang='lat' dir='ltr'><strong>vero</strong></span> <span class='ocrx_word' id='word_1_116' title='bbox 3178 904 3269 974; x_wconf 91' lang='lat' dir='ltr'><strong>qui</strong></span> <span class='ocrx_word' id='word_1_117' title='bbox 3296 910 3349 958; x_wconf 89' lang='lat' dir='ltr'><strong>te</strong></span> <span class='ocrx_word' id='word_1_118' title='bbox 3375 910 3536 957; x_wconf 65' lang='lat' dir='ltr'><strong>aetate</strong></span> 
     </span>
    </p>
   </div>
   <div class='ocr_carea' id='block_1_22' title="bbox 1941 994 3536 1071">
    <p class='ocr_par' dir='ltr' id='par_1_22' title="bbox 1941 994 3536 1071">
     <span class='ocr_line' id='line_1_22' title="bbox 1941 994 3536 1071; baseline -0.006 -15"><span class='ocrx_word' id='word_1_119' title='bbox 1941 1001 2237 1069; x_wconf 91' lang='lat' dir='ltr'><strong>antecellit,</strong></span> <span class='ocrx_word' id='word_1_120' title='bbox 2265 999 2472 1067; x_wconf 72' lang='lat' dir='ltr'><strong>frater;</strong></span> <span class='ocrx_word' id='word_1_121' title='bbox 2510 1001 2747 1056; x_wconf 79' lang='lat' dir='ltr'><strong>maxime</strong></span> <span class='ocrx_word' id='word_1_122' title='bbox 2793 1015 2944 1071; x_wconf 88' lang='lat' dir='ltr'><strong>vero,</strong></span> <span class='ocrx_word' id='word_1_123' title='bbox 2988 999 3079 1070; x_wconf 87' lang='lat' dir='ltr'><strong>qui</strong></span> <span class='ocrx_word' id='word_1_124' title='bbox 3109 1005 3235 1052; x_wconf 87' lang='lat' dir='ltr'><strong>natu</strong></span> <span class='ocrx_word' id='word_1_125' title='bbox 3265 994 3536 1049; x_wconf 75' lang='lat' dir='ltr'><strong>maximus</strong></span> 
     </span>
    </p>
   </div>
   <div class='ocr_carea' id='block_1_23' title="bbox 1940 1090 3535 1163">
    <p class='ocr_par' dir='ltr' id='par_1_23' title="bbox 1940 1090 3535 1163">
     <span class='ocr_line' id='line_1_23' title="bbox 1940 1090 3535 1163; baseline -0.011 -10"><span class='ocrx_word' id='word_1_126' title='bbox 1940 1106 2044 1153; x_wconf 90' lang='lat' dir='ltr'><strong>est.</strong></span> <span class='ocrx_word' id='word_1_127' title='bbox 2075 1095 2210 1150; x_wconf 89' lang='lat' dir='ltr'><strong>Cum</strong></span> <span class='ocrx_word' id='word_1_128' title='bbox 2237 1105 2400 1152; x_wconf 73' lang='lat' dir='ltr'><strong>aetate</strong></span> <span class='ocrx_word' id='word_1_129' title='bbox 2422 1097 2639 1150; x_wconf 88' lang='lat' dir='ltr'><strong>virtutis</strong></span> <span class='ocrx_word' id='word_1_130' title='bbox 2665 1108 2880 1163; x_wconf 84' lang='lat' dir='ltr'><strong>quoque</strong></span> <span class='ocrx_word' id='word_1_131' title='bbox 2910 1092 3027 1147; x_wconf 80' lang='lat' dir='ltr'><strong>ﬁeri</strong></span> <span class='ocrx_word' id='word_1_132' title='bbox 3075 1099 3222 1146; x_wconf 85' lang='lat' dir='ltr'><strong>amat</strong></span> <span class='ocrx_word' id='word_1_133' title='bbox 3265 1090 3535 1144; x_wconf 84' lang='lat' dir='ltr'><strong>accessio.</strong></span> 
     </span>
    </p>
   </div>
   <div class='ocr_carea' id='block_1_24' title="bbox 1942 1170 3536 1257">
    <p class='ocr_par' dir='ltr' id='par_1_24' title="bbox 1942 1170 3536 1257">
     <span class='ocr_line' id='line_1_24' title="bbox 1942 1170 3536 1257; baseline -0.011 -11"><span class='ocrx_word' id='word_1_134' title='bbox 1942 1189 2097 1246; x_wconf 86' lang='lat' dir='ltr'><strong>Unde</strong></span> <span class='ocrx_word' id='word_1_135' title='bbox 2123 1197 2177 1243; x_wconf 93' lang='lat' dir='ltr'><strong>et</strong></span> <span class='ocrx_word' id='word_1_136' title='bbox 2201 1188 2254 1242; x_wconf 93' lang='lat' dir='ltr'><strong>in</strong></span> <span class='ocrx_word' id='word_1_137' title='bbox 2287 1200 2357 1255; x_wconf 92' lang='lat' dir='ltr'><strong>te,</strong></span> <span class='ocrx_word' id='word_1_138' title='bbox 2386 1196 2443 1243; x_wconf 91' lang='lat' dir='ltr'><strong>et</strong></span> <span class='ocrx_word' id='word_1_139' title='bbox 2470 1185 2678 1257; x_wconf 85' lang='lat' dir='ltr'><strong>majore</strong></span> <span class='ocrx_word' id='word_1_140' title='bbox 2703 1193 2832 1239; x_wconf 89' lang='lat' dir='ltr'><strong>natu</strong></span> <span class='ocrx_word' id='word_1_141' title='bbox 2861 1183 3031 1238; x_wconf 79' lang='lat' dir='ltr'><strong>fratre</strong></span> <span class='ocrx_word' id='word_1_142' title='bbox 3061 1197 3184 1254; x_wconf 85' lang='lat' dir='ltr'><strong>spes</strong></span> <span class='ocrx_word' id='word_1_143' title='bbox 3215 1181 3356 1236; x_wconf 88' lang='lat' dir='ltr'><strong>bona</strong></span> <span class='ocrx_word' id='word_1_144' title='bbox 3391 1170 3536 1250; x_wconf 71' lang='lat' dir='ltr'><strong>viget</strong></span> 
     </span>
    </p>
   </div>
   <div class='ocr_carea' id='block_1_25' title="bbox 1937 1270 3535 1347">
    <p class='ocr_par' dir='ltr' id='par_1_25' title="bbox 1937 1270 3535 1347">
     <span class='ocr_line' id='line_1_25' title="bbox 1937 1270 3535 1347; baseline -0.008 -13"><span class='ocrx_word' id='word_1_145' title='bbox 1937 1281 2072 1347; x_wconf 76' lang='lat' dir='ltr'><strong>fore,</strong></span> <span class='ocrx_word' id='word_1_146' title='bbox 2104 1288 2163 1334; x_wconf 93' lang='lat' dir='ltr'><strong>ut</strong></span> <span class='ocrx_word' id='word_1_147' title='bbox 2190 1280 2475 1335; x_wconf 80' lang='lat' dir='ltr'><strong>deﬁciente</strong></span> <span class='ocrx_word' id='word_1_148' title='bbox 2510 1278 2561 1332; x_wconf 74' lang='lat' dir='ltr'><strong>in</strong></span> <span class='ocrx_word' id='word_1_149' title='bbox 2597 1277 2815 1332; x_wconf 87' lang='lat' dir='ltr'><strong>seniore</strong></span> <span class='ocrx_word' id='word_1_150' title='bbox 2858 1285 2950 1331; x_wconf 91' lang='lat' dir='ltr'><strong>tuo</strong></span> <span class='ocrx_word' id='word_1_151' title='bbox 3001 1274 3174 1330; x_wconf 82' lang='lat' dir='ltr'><strong>fratre</strong></span> <span class='ocrx_word' id='word_1_152' title='bbox 3224 1280 3403 1337; x_wconf 68' lang='lat' dir='ltr'><strong>actate,</strong></span> <span class='ocrx_word' id='word_1_153' title='bbox 3437 1270 3535 1338; x_wconf 89' lang='lat' dir='ltr'><strong>ipsi</strong></span> 
     </span>
    </p>
   </div>
   <div class='ocr_carea' id='block_1_26' title="bbox 1937 1361 3536 1442">
    <p class='ocr_par' dir='ltr' id='par_1_26' title="bbox 1937 1361 3536 1442">
     <span class='ocr_line' id='line_1_26' title="bbox 1937 1361 3536 1442; baseline -0.009 -14"><span class='ocrx_word' id='word_1_154' title='bbox 1937 1388 2034 1429; x_wconf 91' lang='lat' dir='ltr'><strong>nor</strong></span> <span class='ocrx_word' id='word_1_155' title='bbox 2075 1369 2564 1442; x_wconf 81' lang='lat' dir='ltr'><strong>degeneretis,.sed</strong></span> <span class='ocrx_word' id='word_1_156' title='bbox 2587 1369 2723 1424; x_wconf 90' lang='lat' dir='ltr'><strong>clari</strong></span> <span class='ocrx_word' id='word_1_157' title='bbox 2753 1382 2969 1438; x_wconf 81' lang='lat' dir='ltr'><strong>semper</strong></span> <span class='ocrx_word' id='word_1_158' title='bbox 2999 1377 3055 1422; x_wconf 91' lang='lat' dir='ltr'><strong>et</strong></span> <span class='ocrx_word' id='word_1_159' title='bbox 3079 1380 3176 1421; x_wconf 82' lang='lat' dir='ltr'><strong>vos</strong></span> <span class='ocrx_word' id='word_1_160' title='bbox 3209 1361 3536 1419; x_wconf 88' lang='lat' dir='ltr'><strong>reddamini.</strong></span> 
     </span>
    </p>
   </div>
   <div class='ocr_carea' id='block_1_27' title="bbox 1936 1453 3538 1534">
    <p class='ocr_par' dir='ltr' id='par_1_27' title="bbox 1936 1453 3538 1534">
     <span class='ocr_line' id='line_1_27' title="bbox 1936 1453 3538 1534; baseline -0.008 -16"><span class='ocrx_word' id='word_1_161' title='bbox 1936 1464 2176 1534; x_wconf 81' lang='lat' dir='ltr'><strong>Cognata</strong></span> <span class='ocrx_word' id='word_1_162' title='bbox 2217 1463 2381 1533; x_wconf 87' lang='lat' dir='ltr'><strong>igitur</strong></span> <span class='ocrx_word' id='word_1_163' title='bbox 2420 1471 2570 1516; x_wconf 89' lang='lat' dir='ltr'><strong>recte</strong></span> <span class='ocrx_word' id='word_1_164' title='bbox 2601 1459 2743 1515; x_wconf 87' lang='lat' dir='ltr'><strong>facta</strong></span> <span class='ocrx_word' id='word_1_165' title='bbox 2790 1459 3076 1524; x_wconf 81' lang='lat' dir='ltr'><strong>habentes,</strong></span> <span class='ocrx_word' id='word_1_166' title='bbox 3104 1457 3161 1511; x_wconf 87' lang='lat' dir='ltr'><strong>in</strong></span> <span class='ocrx_word' id='word_1_167' title='bbox 3213 1455 3351 1526; x_wconf 90' lang='lat' dir='ltr'><strong>ipsa,</strong></span> <span class='ocrx_word' id='word_1_168' title='bbox 3385 1460 3444 1506; x_wconf 93' lang='lat' dir='ltr'><strong>ut</strong></span> <span class='ocrx_word' id='word_1_169' title='bbox 3484 1453 3538 1506; x_wconf 90' lang='lat' dir='ltr'><strong>in</strong></span> 
     </span>
    </p>
   </div>
   <div class='ocr_carea' id='block_1_28' title="bbox 1938 1553 2505 1624">
    <p class='ocr_par' dir='ltr' id='par_1_28' title="bbox 1938 1553 2505 1624">
     <span class='ocr_line' id='line_1_28' title="bbox 1938 1553 2505 1624; baseline -0.004 -14"><span class='ocrx_word' id='word_1_170' title='bbox 1938 1569 2184 1624; x_wconf 88' lang='lat' dir='ltr'><strong>scopum,</strong></span> <span class='ocrx_word' id='word_1_171' title='bbox 2217 1553 2505 1608; x_wconf 84' lang='lat' dir='ltr'><strong>intendite.</strong></span> 
     </span>
    </p>
   </div>
   <div class='ocr_carea' id='block_1_29' title="bbox 2211 1733 3256 1801">
    <p class='ocr_par' dir='ltr' id='par_1_29' title="bbox 2211 1733 3256 1801">
     <span class='ocr_line' id='line_1_29' title="bbox 2211 1733 3256 1801; baseline -0.008 -5"><span class='ocrx_word' id='word_1_172' title='bbox 2211 1739 2470 1797; x_wconf 78' lang='lat' dir='ltr'><strong>CLXXV.</strong></span> <span class='ocrx_word' id='word_1_173' title='bbox 2502 1769 2573 1781; x_wconf 90' lang='lat'><strong>—-—</strong></span> <span class='ocrx_word' id='word_1_174' title='bbox 2606 1735 2898 1801; x_wconf 78' lang='lat' dir='ltr'><strong>HIERACI</strong></span> <span class='ocrx_word' id='word_1_175' title='bbox 2932 1733 3256 1792; x_wconf 80' lang='lat' dir='ltr'><strong>DIACONO.</strong></span> 
     </span>
    </p>
   </div>
   <div class='ocr_carea' id='block_1_30' title="bbox 711 1829 3056 1904">
    <p class='ocr_par' dir='ltr' id='par_1_30' title="bbox 711 1829 3056 1904">
     <span class='ocr_line' id='line_1_30' title="bbox 711 1829 3056 1904; baseline -0.001 -20"><span class='ocrx_word' id='word_1_176' title='bbox 711 1829 1034 1899; x_wconf 72' lang='lat' dir='ltr'><strong>[inprobitas</strong></span> <span class='ocrx_word' id='word_1_177' title='bbox 1059 1841 1108 1886; x_wconf 85' lang='lat' dir='ltr'><strong>et</strong></span> <span class='ocrx_word' id='word_1_178' title='bbox 1136 1834 1182 1886; x_wconf 76' lang='lat' dir='ltr'><strong>si</strong></span> <span class='ocrx_word' id='word_1_179' title='bbox 1215 1833 1323 1888; x_wconf 79' lang='lat' dir='ltr'><strong>luto</strong></span> <span class='ocrx_word' id='word_1_180' title='bbox 1351 1833 1611 1902; x_wconf 80' lang='lat' dir='ltr'><strong>principio</strong></span> <span class='ocrx_word' id='word_1_181' title='bbox 1642 1849 1750 1888; x_wconf 76' lang='lat' dir='ltr'><strong>esse</strong></span> <span class='ocrx_word' id='word_1_182' title='bbox 1772 1836 2030 1903; x_wconf 82' lang='lat' dir='ltr'><strong>vtdeatur,</strong></span> <span class='ocrx_word' id='word_1_183' title='bbox 2062 1845 2234 1890; x_wconf 80' lang='lat' dir='ltr'><strong>tamen</strong></span> <span class='ocrx_word' id='word_1_184' title='bbox 2260 1835 2418 1904; x_wconf 80' lang='lat' dir='ltr'><strong>ﬂuent</strong></span> <span class='ocrx_word' id='word_1_185' title='bbox 2450 1833 2833 1902; x_wconf 76' lang='lat' dir='ltr'><strong>respiciendum</strong></span> <span class='ocrx_word' id='word_1_186' title='bbox 2859 1839 3056 1888; x_wconf 86' lang='lat' dir='ltr'><strong>monet.</strong></span> 
     </span>
    </p>
   </div>
   <div class='ocr_carea' id='block_1_31' title="bbox 324 1937 1834 2018">
    <p class='ocr_par' dir='ltr' id='par_1_31' title="bbox 324 1937 1834 2018">
     <span class='ocr_line' id='line_1_31' title="bbox 324 1937 1834 2018; baseline 0.007 -29"><span class='ocrx_word' id='word_1_187' title='bbox 324 1937 387 1990; x_wconf 85' lang='lat' dir='ltr'><strong>Ei</strong></span> <span class='ocrx_word' id='word_1_188' title='bbox 422 1938 516 1991; x_wconf 79' lang='grc' dir='ltr'>καὶ</span> <span class='ocrx_word' id='word_1_189' title='bbox 550 1938 686 2010; x_wconf 84' lang='grc' dir='ltr'>πρὸς</span> <span class='ocrx_word' id='word_1_190' title='bbox 727 1939 911 2011; x_wconf 82' lang='grc' dir='ltr'>κέρδος</span> <span class='ocrx_word' id='word_1_191' title='bbox 955 1941 1312 2018; x_wconf 82' lang='grc' dir='ltr'>ἀνελεύθερον</span> <span class='ocrx_word' id='word_1_192' title='bbox 1345 1943 1506 2015; x_wconf 82' lang='grc' dir='ltr'>ὁρῶν,</span> <span class='ocrx_word' id='word_1_193' title='bbox 1542 1946 1636 1998; x_wconf 74' lang='grc' dir='ltr'><strong>καὶ</strong></span> <span class='ocrx_word' id='word_1_194' title='bbox 1685 1946 1834 2014; x_wconf 83' lang='grc' dir='ltr'>φιλο-</span> 
     </span>
    </p>
   </div>
   <div class='ocr_carea' id='block_1_32' title="bbox 251 2030 1832 2111">
    <p class='ocr_par' dir='ltr' id='par_1_32' title="bbox 251 2030 1832 2111">
     <span class='ocr_line' id='line_1_32' title="bbox 251 2030 1832 2111; baseline 0.007 -30"><span class='ocrx_word' id='word_1_195' title='bbox 251 2030 568 2100; x_wconf 83' lang='grc' dir='ltr'>χρηματίας</span> <span class='ocrx_word' id='word_1_196' title='bbox 610 2031 770 2101; x_wconf 85' lang='grc' dir='ltr'>ἐρῶν,</span> <span class='ocrx_word' id='word_1_197' title='bbox 815 2034 1100 2089; x_wconf 85' lang='grc' dir='ltr'>κάλλιστον</span> <span class='ocrx_word' id='word_1_198' title='bbox 1133 2037 1318 2107; x_wconf 86' lang='grc' dir='ltr'>σαυτῷ</span> <span class='ocrx_word' id='word_1_199' title='bbox 1350 2040 1460 2109; x_wconf 80' lang='grc' dir='ltr'>ἡγῇ</span> <span class='ocrx_word' id='word_1_200' title='bbox 1495 2039 1832 2111; x_wconf 72' lang='grc' dir='ltr'>πεπρᾶχθαι,</span> 
     </span>
    </p>
   </div>
   <div class='ocr_carea' id='block_1_33' title="bbox 252 2124 1837 2207">
    <p class='ocr_par' dir='ltr' id='par_1_33' title="bbox 252 2124 1837 2207">
     <span class='ocr_line' id='line_1_33' title="bbox 252 2124 1837 2207; baseline 0.006 -29"><span class='ocrx_word' id='word_1_201' title='bbox 252 2124 373 2178; x_wconf 85' lang='grc' dir='ltr'>ἀλλ’</span> <span class='ocrx_word' id='word_1_202' title='bbox 407 2125 442 2178; x_wconf 80' lang='grc' dir='ltr'><strong>ἆ</strong></span> <span class='ocrx_word' id='word_1_203' title='bbox 480 2127 717 2196; x_wconf 75' lang='grc' dir='ltr'>μάλιστα</span> <span class='ocrx_word' id='word_1_204' title='bbox 769 2128 868 2198; x_wconf 82' lang='grc' dir='ltr'><strong>μὲν</strong></span> <span class='ocrx_word' id='word_1_205' title='bbox 898 2131 992 2184; x_wconf 76' lang='grc' dir='ltr'><strong>καὶ</strong></span> <span class='ocrx_word' id='word_1_206' title='bbox 1035 2132 1198 2196; x_wconf 82' lang='grc' dir='ltr'>αὐτὸς</span> <span class='ocrx_word' id='word_1_207' title='bbox 1228 2132 1454 2203; x_wconf 81' lang='grc' dir='ltr'>βούλοιο,</span> <span class='ocrx_word' id='word_1_208' title='bbox 1491 2135 1628 2205; x_wconf 86' lang='grc' dir='ltr'>πρὸς</span> <span class='ocrx_word' id='word_1_209' title='bbox 1671 2135 1837 2207; x_wconf 77' lang='grc' dir='ltr'>τιμὴν</span> 
     </span>
    </p>
   </div>
   <div class='ocr_carea' id='block_1_34' title="bbox 253 2213 1831 2295">
    <p class='ocr_par' dir='ltr' id='par_1_34' title="bbox 253 2213 1831 2295">
     <span class='ocr_line' id='line_1_34' title="bbox 253 2213 1831 2295; baseline 0.01 -31"><span class='ocrx_word' id='word_1_210' title='bbox 253 2213 349 2266; x_wconf 72' lang='grc' dir='ltr'><strong>καὶ</strong></span> <span class='ocrx_word' id='word_1_211' title='bbox 375 2213 531 2279; x_wconf 82' lang='grc' dir='ltr'>δόξαν</span> <span class='ocrx_word' id='word_1_212' title='bbox 555 2215 701 2269; x_wconf 74' lang='grc' dir='ltr'>ἐστὶν</span> <span class='ocrx_word' id='word_1_213' title='bbox 730 2219 1007 2288; x_wconf 73' lang='grc' dir='ltr'>αἴσχιστα.</span> <span class='ocrx_word' id='word_1_214' title='bbox 1035 2221 1172 2275; x_wconf 87' lang='grc' dir='ltr'><strong>Εἱδέ</strong></span> <span class='ocrx_word' id='word_1_215' title='bbox 1203 2222 1296 2276; x_wconf 73' lang='grc' dir='ltr'><strong>καὶ</strong></span> <span class='ocrx_word' id='word_1_216' title='bbox 1323 2222 1421 2294; x_wconf 78' lang='grc' dir='ltr'>τὴν</span> <span class='ocrx_word' id='word_1_217' title='bbox 1454 2225 1629 2295; x_wconf 80' lang='grc' dir='ltr'>πάντη</span> <span class='ocrx_word' id='word_1_218' title='bbox 1650 2241 1709 2277; x_wconf 89' lang='grc' dir='ltr'><strong>τε</strong></span> <span class='ocrx_word' id='word_1_219' title='bbox 1741 2229 1831 2280; x_wconf 79' lang='grc' dir='ltr'>καὶ</span> 
     </span>
    </p>
   </div>
   <div class='ocr_carea' id='block_1_35' title="bbox 254 2304 1838 2386">
    <p class='ocr_par' dir='ltr' id='par_1_35' title="bbox 254 2304 1838 2386">
     <span class='ocr_line' id='line_1_35' title="bbox 254 2304 1838 2386; baseline 0.009 -31"><span class='ocrx_word' id='word_1_220' title='bbox 254 2304 475 2368; x_wconf 82' lang='grc' dir='ltr'>πάντως</span> <span class='ocrx_word' id='word_1_221' title='bbox 510 2305 782 2378; x_wconf 78' lang='grc' dir='ltr'>ἐψομένην</span> <span class='ocrx_word' id='word_1_222' title='bbox 811 2314 918 2373; x_wconf 84' lang='grc' dir='ltr'>τοῖς</span> <span class='ocrx_word' id='word_1_223' title='bbox 951 2312 1214 2377; x_wconf 83' lang='grc' dir='ltr'>τοιούτοις</span> <span class='ocrx_word' id='word_1_224' title='bbox 1244 2315 1560 2386; x_wconf 78' lang='grc' dir='ltr'><strong>τολμήμασι</strong></span> <span class='ocrx_word' id='word_1_225' title='bbox 1593 2316 1838 2384; x_wconf 86' lang='grc' dir='ltr'>λογίσαιο</span> 
     </span>
    </p>
   </div>
   <div class='ocr_carea' id='block_1_36' title="bbox 252 2391 1836 2475">
    <p class='ocr_par' dir='ltr' id='par_1_36' title="bbox 252 2391 1836 2475">
     <span class='ocr_line' id='line_1_36' title="bbox 252 2391 1836 2475; baseline 0.009 -28"><span class='ocrx_word' id='word_1_226' title='bbox 252 2394 432 2464; x_wconf 78' lang='grc' dir='ltr'>δίκην,</span> <span class='ocrx_word' id='word_1_227' title='bbox 483 2391 541 2450; x_wconf 80' lang='grc' dir='ltr'><strong>εὖ</strong></span> <span class='ocrx_word' id='word_1_228' title='bbox 590 2393 687 2450; x_wconf 75' lang='grc' dir='ltr'>οἷδ’</span> <span class='ocrx_word' id='word_1_229' title='bbox 730 2399 812 2452; x_wconf 84' lang='grc' dir='ltr'>ὃτι</span> <span class='ocrx_word' id='word_1_230' title='bbox 859 2402 1337 2475; x_wconf 87' lang='grc' dir='ltr'>καταθρηνὴσειας</span> <span class='ocrx_word' id='word_1_231' title='bbox 1371 2406 1587 2461; x_wconf 89' lang='grc' dir='ltr'>σαυτόν.</span> <span class='ocrx_word' id='word_1_232' title='bbox 1635 2409 1836 2461; x_wconf 80' lang='grc' dir='ltr'><strong>Σκόπει</strong></span> 
     </span>
    </p>
   </div>
   <div class='ocr_carea' id='block_1_37' title="bbox 253 2481 1839 2564">
    <p class='ocr_par' dir='ltr' id='par_1_37' title="bbox 253 2481 1839 2564">
     <span class='ocr_line' id='line_1_37' title="bbox 253 2481 1839 2564; baseline 0.01 -27"><span class='ocrx_word' id='word_1_233' title='bbox 253 2481 351 2538; x_wconf 74' lang='grc' dir='ltr'>οὖν</span> <span class='ocrx_word' id='word_1_234' title='bbox 384 2487 446 2538; x_wconf 81' lang='grc' dir='ltr'><strong>τὸ</strong></span> <span class='ocrx_word' id='word_1_235' title='bbox 477 2486 596 2541; x_wconf 75' lang='grc' dir='ltr'>δέον</span> <span class='ocrx_word' id='word_1_236' title='bbox 618 2505 633 2522; x_wconf 75' lang='grc'><strong><em>⁸</em></strong></span> <span class='ocrx_word' id='word_1_237' title='bbox 684 2490 746 2544; x_wconf 82' lang='grc' dir='ltr'><strong>τὸ</strong></span> <span class='ocrx_word' id='word_1_238' title='bbox 793 2493 902 2564; x_wconf 80' lang='grc' dir='ltr'>γὰρ</span> <span class='ocrx_word' id='word_1_239' title='bbox 951 2493 1104 2559; x_wconf 82' lang='grc' dir='ltr'>τέλος</span> <span class='ocrx_word' id='word_1_240' title='bbox 1140 2496 1201 2549; x_wconf 83' lang='grc' dir='ltr'>τὸ</span> <span class='ocrx_word' id='word_1_241' title='bbox 1235 2497 1513 2553; x_wconf 73' lang='grc' dir='ltr'>κάνταῦθα</span> <span class='ocrx_word' id='word_1_242' title='bbox 1543 2500 1701 2553; x_wconf 81' lang='grc' dir='ltr'>κόικεῖ</span> <span class='ocrx_word' id='word_1_243' title='bbox 1729 2502 1839 2563; x_wconf 79' lang='grc' dir='ltr'>τοῖς</span> 
     </span>
    </p>
   </div>
   <div class='ocr_carea' id='block_1_38' title="bbox 257 2575 1035 2651">
    <p class='ocr_par' dir='ltr' id='par_1_38' title="bbox 257 2575 1035 2651">
     <span class='ocr_line' id='line_1_38' title="bbox 257 2575 1035 2651; baseline 0.012 -22"><span class='ocrx_word' id='word_1_244' title='bbox 257 2575 542 2632; x_wconf 73' lang='grc' dir='ltr'>πταίουσιν</span> <span class='ocrx_word' id='word_1_245' title='bbox 570 2579 835 2651; x_wconf 79' lang='grc' dir='ltr'>ἑπόμενον</span> <span class='ocrx_word' id='word_1_246' title='bbox 869 2578 1035 2649; x_wconf 79' lang='grc' dir='ltr'>οἶδας.</span> 
     </span>
    </p>
   </div>
   <div class='ocr_carea' id='block_1_39' title="bbox 731 2763 1358 2838">
    <p class='ocr_par' dir='ltr' id='par_1_39' title="bbox 731 2763 1358 2838">
     <span class='ocr_line' id='line_1_39' title="bbox 731 2763 1358 2838; baseline 0.013 -24"><span class='ocrx_word' id='word_1_247' title='bbox 731 2763 912 2831; x_wconf 71' lang='grc' dir='ltr'>Ροςν.</span> <span class='ocrx_word' id='word_1_248' title='bbox 946 2795 1016 2809; x_wconf 79' lang='grc'><strong>-</strong></span> <span class='ocrx_word' id='word_1_249' title='bbox 1040 2768 1127 2838; x_wconf 77' lang='lat' dir='ltr'><strong>Tn</strong></span> <span class='ocrx_word' id='word_1_250' title='bbox 1153 2767 1358 2838; x_wconf 77' lang='grc' dir='ltr'>ΑΥΤῼ.</span> 
     </span>
    </p>
   </div>
   <div class='ocr_carea' id='block_1_40' title="bbox 2010 1935 3538 2017">
    <p class='ocr_par' dir='ltr' id='par_1_40' title="bbox 2010 1935 3538 2017">
     <span class='ocr_line' id='line_1_40' title="bbox 2010 1935 3538 2017; baseline -0.01 -14"><span class='ocrx_word' id='word_1_251' title='bbox 2010 1948 2126 2003; x_wconf 85' lang='lat' dir='ltr'><strong>Etsi</strong></span> <span class='ocrx_word' id='word_1_252' title='bbox 2171 1950 2236 2003; x_wconf 87' lang='lat' dir='ltr'><strong>ad</strong></span> <span class='ocrx_word' id='word_1_253' title='bbox 2284 1945 2602 2002; x_wconf 87' lang='lat' dir='ltr'><strong>illiberalem</strong></span> <span class='ocrx_word' id='word_1_254' title='bbox 2644 1952 2909 2017; x_wconf 60' lang='lat' dir='ltr'><strong>quaestum</strong></span> <span class='ocrx_word' id='word_1_255' title='bbox 2965 1947 3218 2012; x_wconf 86' lang='lat' dir='ltr'><strong>respectu</strong></span> <span class='ocrx_word' id='word_1_256' title='bbox 3265 1935 3453 1992; x_wconf 88' lang='lat' dir='ltr'><strong>habito</strong></span> <span class='ocrx_word' id='word_1_257' title='bbox 3483 1943 3538 1989; x_wconf 94' lang='lat' dir='ltr'><strong>et</strong></span> 
     </span>
    </p>
   </div>
   <div class='ocr_carea' id='block_1_41' title="bbox 1941 2025 3534 2106">
    <p class='ocr_par' dir='ltr' id='par_1_41' title="bbox 1941 2025 3534 2106">
     <span class='ocr_line' id='line_1_41' title="bbox 1941 2025 3534 2106; baseline -0.008 -13"><span class='ocrx_word' id='word_1_258' title='bbox 1941 2039 2174 2094; x_wconf 82' lang='lat' dir='ltr'><strong>habendi</strong></span> <span class='ocrx_word' id='word_1_259' title='bbox 2218 2039 2472 2093; x_wconf 86' lang='lat' dir='ltr'><strong>incensus</strong></span> <span class='ocrx_word' id='word_1_260' title='bbox 2514 2035 2813 2106; x_wconf 85' lang='lat' dir='ltr'><strong>cupiditate</strong></span> <span class='ocrx_word' id='word_1_261' title='bbox 2862 2033 3068 2104; x_wconf 91' lang='lat' dir='ltr'><strong>optime</strong></span> <span class='ocrx_word' id='word_1_262' title='bbox 3121 2039 3298 2084; x_wconf 89' lang='lat' dir='ltr'><strong>tecum</strong></span> <span class='ocrx_word' id='word_1_263' title='bbox 3328 2025 3534 2081; x_wconf 87' lang='lat' dir='ltr'><strong>factum</strong></span> 
     </span>
    </p>
   </div>
   <div class='ocr_carea' id='block_1_42' title="bbox 1940 2118 3535 2199">
    <p class='ocr_par' dir='ltr' id='par_1_42' title="bbox 1940 2118 3535 2199">
     <span class='ocr_line' id='line_1_42' title="bbox 1940 2118 3535 2199; baseline -0.011 -13"><span class='ocrx_word' id='word_1_264' title='bbox 1940 2131 2245 2197; x_wconf 79' lang='lat' dir='ltr'><strong>existimes;</strong></span> <span class='ocrx_word' id='word_1_265' title='bbox 2276 2131 2370 2186; x_wconf 90' lang='lat' dir='ltr'><strong>sed</strong></span> <span class='ocrx_word' id='word_1_266' title='bbox 2400 2145 2520 2199; x_wconf 82' lang='lat' dir='ltr'><strong>quae</strong></span> <span class='ocrx_word' id='word_1_267' title='bbox 2548 2127 2889 2199; x_wconf 85' lang='lat' dir='ltr'><strong>potissimum</strong></span> <span class='ocrx_word' id='word_1_268' title='bbox 2925 2125 3042 2193; x_wconf 86' lang='lat' dir='ltr'><strong>ipse</strong></span> <span class='ocrx_word' id='word_1_269' title='bbox 3084 2130 3323 2192; x_wconf 86' lang='lat' dir='ltr'><strong>reputes,</strong></span> <span class='ocrx_word' id='word_1_270' title='bbox 3368 2132 3436 2172; x_wconf 89' lang='lat' dir='ltr'><strong>ea</strong></span> <span class='ocrx_word' id='word_1_271' title='bbox 3466 2118 3535 2170; x_wconf 84' lang='lat' dir='ltr'><strong>ad</strong></span> 
     </span>
    </p>
   </div>
   <div class='ocr_carea' id='block_1_43' title="bbox 1945 2211 3537 2291">
    <p class='ocr_par' dir='ltr' id='par_1_43' title="bbox 1945 2211 3537 2291">
     <span class='ocr_line' id='line_1_43' title="bbox 1945 2211 3537 2291; baseline -0.008 -15"><span class='ocrx_word' id='word_1_272' title='bbox 1945 2222 2202 2276; x_wconf 86' lang='lat' dir='ltr'><strong>honorem</strong></span> <span class='ocrx_word' id='word_1_273' title='bbox 2243 2220 2576 2291; x_wconf 77' lang='lat' dir='ltr'><strong>gloriamque</strong></span> <span class='ocrx_word' id='word_1_274' title='bbox 2616 2226 2742 2274; x_wconf 87' lang='lat' dir='ltr'><strong>sunt</strong></span> <span class='ocrx_word' id='word_1_275' title='bbox 2805 2214 3140 2285; x_wconf 87' lang='lat' dir='ltr'><strong>turpissima.</strong></span> <span class='ocrx_word' id='word_1_276' title='bbox 3202 2211 3259 2268; x_wconf 90' lang='lat' dir='ltr'><strong>Si</strong></span> <span class='ocrx_word' id='word_1_277' title='bbox 3308 2224 3437 2266; x_wconf 91' lang='lat' dir='ltr'><strong>vero</strong></span> <span class='ocrx_word' id='word_1_278' title='bbox 3480 2216 3537 2264; x_wconf 91' lang='lat' dir='ltr'><strong>et</strong></span> 
     </span>
    </p>
   </div>
   <div class='ocr_carea' id='block_1_44' title="bbox 1946 2303 3535 2383">
    <p class='ocr_par' dir='ltr' id='par_1_44' title="bbox 1946 2303 3535 2383">
     <span class='ocr_line' id='line_1_44' title="bbox 1946 2303 3535 2383; baseline -0.009 -16"><span class='ocrx_word' id='word_1_279' title='bbox 1946 2313 2184 2383; x_wconf 86' lang='lat' dir='ltr'><strong>undique</strong></span> <span class='ocrx_word' id='word_1_280' title='bbox 2237 2320 2402 2382; x_wconf 79' lang='lat' dir='ltr'><strong>atque</strong></span> <span class='ocrx_word' id='word_1_281' title='bbox 2438 2313 2662 2366; x_wconf 90' lang='lat' dir='ltr'><strong>omnino</strong></span> <span class='ocrx_word' id='word_1_282' title='bbox 2707 2307 2836 2364; x_wconf 88' lang='lat' dir='ltr'><strong>talia</strong></span> <span class='ocrx_word' id='word_1_283' title='bbox 2883 2307 3127 2362; x_wconf 78' lang='lat' dir='ltr'><strong>facinora</strong></span> <span class='ocrx_word' id='word_1_284' title='bbox 3181 2303 3535 2359; x_wconf 89' lang='lat' dir='ltr'><strong>comitantem</strong></span> 
     </span>
    </p>
   </div>
   <div class='ocr_carea' id='block_1_45' title="bbox 1948 2393 3538 2476">
    <p class='ocr_par' dir='ltr' id='par_1_45' title="bbox 1948 2393 3538 2476">
     <span class='ocr_line' id='line_1_45' title="bbox 1948 2393 3538 2476; baseline -0.008 -16"><span class='ocrx_word' id='word_1_285' title='bbox 1948 2420 2160 2476; x_wconf 67' lang='lat' dir='ltr'><strong>poenam</strong></span> <span class='ocrx_word' id='word_1_286' title='bbox 2197 2407 2381 2460; x_wconf 89' lang='lat' dir='ltr'><strong>animo</strong></span> <span class='ocrx_word' id='word_1_287' title='bbox 2405 2403 2662 2469; x_wconf 83' lang='lat' dir='ltr'><strong>volveris,</strong></span> <span class='ocrx_word' id='word_1_288' title='bbox 2682 2410 2837 2459; x_wconf 89' lang='lat' dir='ltr'><strong>certo</strong></span> <span class='ocrx_word' id='word_1_289' title='bbox 2856 2400 2974 2455; x_wconf 91' lang='lat' dir='ltr'><strong>scio</strong></span> <span class='ocrx_word' id='word_1_290' title='bbox 2990 2400 3130 2466; x_wconf 79' lang='lat' dir='ltr'><strong>fore,</strong></span> <span class='ocrx_word' id='word_1_291' title='bbox 3158 2405 3216 2452; x_wconf 89' lang='lat' dir='ltr'><strong>ut</strong></span> <span class='ocrx_word' id='word_1_292' title='bbox 3246 2393 3538 2464; x_wconf 89' lang='lat' dir='ltr'><strong>aliquando</strong></span> 
     </span>
    </p>
   </div>
   <div class='ocr_carea' id='block_1_46' title="bbox 1945 2485 3536 2564">
    <p class='ocr_par' dir='ltr' id='par_1_46' title="bbox 1945 2485 3536 2564">
     <span class='ocr_line' id='line_1_46' title="bbox 1945 2485 3536 2564; baseline -0.01 -12"><span class='ocrx_word' id='word_1_293' title='bbox 1945 2496 2190 2564; x_wconf 86' lang='lat' dir='ltr'><strong>deplores</strong></span> <span class='ocrx_word' id='word_1_294' title='bbox 2231 2495 2482 2564; x_wconf 88' lang='lat' dir='ltr'><strong>teipsum.</strong></span> <span class='ocrx_word' id='word_1_295' title='bbox 2519 2491 2701 2560; x_wconf 85' lang='lat' dir='ltr'><strong>Quare</strong></span> <span class='ocrx_word' id='word_1_296' title='bbox 2763 2490 3076 2554; x_wconf 86' lang='lat' dir='ltr'><strong>considera,</strong></span> <span class='ocrx_word' id='word_1_297' title='bbox 3119 2485 3260 2558; x_wconf 87' lang='lat' dir='ltr'><strong>quod</strong></span> <span class='ocrx_word' id='word_1_298' title='bbox 3297 2490 3536 2551; x_wconf 83' lang='lat' dir='ltr'><strong>oportet.</strong></span> 
     </span>
    </p>
   </div>
   <div class='ocr_carea' id='block_1_47' title="bbox 1945 2576 3538 2656">
    <p class='ocr_par' dir='ltr' id='par_1_47' title="bbox 1945 2576 3538 2656">
     <span class='ocr_line' id='line_1_47' title="bbox 1945 2576 3538 2656; baseline -0.008 -15"><span class='ocrx_word' id='word_1_299' title='bbox 1945 2585 2098 2643; x_wconf 81' lang='lat' dir='ltr'><strong>Nosti</strong></span> <span class='ocrx_word' id='word_1_300' title='bbox 2132 2587 2275 2643; x_wconf 89' lang='lat' dir='ltr'><strong>enim</strong></span> <span class='ocrx_word' id='word_1_301' title='bbox 2307 2595 2570 2656; x_wconf 89' lang='lat' dir='ltr'><strong>quantum</strong></span> <span class='ocrx_word' id='word_1_302' title='bbox 2610 2584 2941 2654; x_wconf 86' lang='lat' dir='ltr'><strong>supplicium</strong></span> <span class='ocrx_word' id='word_1_303' title='bbox 2981 2582 3069 2638; x_wconf 91' lang='lat' dir='ltr'><strong>hic</strong></span> <span class='ocrx_word' id='word_1_304' title='bbox 3126 2587 3183 2636; x_wconf 91' lang='lat' dir='ltr'><strong>et</strong></span> <span class='ocrx_word' id='word_1_305' title='bbox 3240 2579 3294 2633; x_wconf 93' lang='lat' dir='ltr'><strong>in</strong></span> <span class='ocrx_word' id='word_1_306' title='bbox 3355 2576 3538 2632; x_wconf 78' lang='lat' dir='ltr'><strong>futura</strong></span> 
     </span>
    </p>
   </div>
   <div class='ocr_carea' id='block_1_48' title="bbox 1949 2677 2951 2746">
    <p class='ocr_par' dir='ltr' id='par_1_48' title="bbox 1949 2677 2951 2746">
     <span class='ocr_line' id='line_1_48' title="bbox 1949 2677 2951 2746; baseline -0.004 -13"><span class='ocrx_word' id='word_1_307' title='bbox 1949 2688 2161 2734; x_wconf 81' lang='lat' dir='ltr'><strong>maneat</strong></span> <span class='ocrx_word' id='word_1_308' title='bbox 2189 2679 2295 2732; x_wconf 89' lang='lat' dir='ltr'><strong>vita</strong></span> <span class='ocrx_word' id='word_1_309' title='bbox 2327 2677 2461 2746; x_wconf 89' lang='lat' dir='ltr'><strong>legis</strong></span> <span class='ocrx_word' id='word_1_310' title='bbox 2493 2687 2951 2746; x_wconf 75' lang='lat' dir='ltr'><strong>transgressores.</strong></span> 
     </span>
    </p>
   </div>
   <div class='ocr_carea' id='block_1_49' title="bbox 2385 2764 3057 2824">
    <p class='ocr_par' dir='ltr' id='par_1_49' title="bbox 2385 2764 3057 2824">
     <span class='ocr_line' id='line_1_49' title="bbox 2385 2764 3057 2824; baseline -0.007 0"><span class='ocrx_word' id='word_1_311' title='bbox 2385 2788 2390 2793; x_wconf 85' lang='lat'>&#39;</span> <span class='ocrx_word' id='word_1_312' title='bbox 2414 2767 2695 2824; x_wconf 80' lang='lat' dir='ltr'><strong>CLXXVI.</strong></span> <span class='ocrx_word' id='word_1_313' title='bbox 2726 2795 2798 2808; x_wconf 91' lang='lat'><strong>--</strong></span> <span class='ocrx_word' id='word_1_314' title='bbox 2829 2764 3057 2822; x_wconf 82' lang='lat' dir='ltr'><strong>EIDEM.</strong></span> 
     </span>
    </p>
   </div>
   <div class='ocr_carea' id='block_1_50' title="bbox 545 2847 3287 2983">
    <p class='ocr_par' dir='ltr' id='par_1_50' title="bbox 545 2847 3287 2983">
     <span class='ocr_line' id='line_1_50' title="bbox 545 2847 3287 2983; baseline 0.001 -81"><span class='ocrx_word' id='word_1_315' title='bbox 545 2847 901 2919; x_wconf 75' lang='grc' dir='ltr'>Ἀκόλαστος</span> <span class='ocrx_word' id='word_1_316' title='bbox 938 2858 1074 2924; x_wconf 74' lang='lat' dir='ltr'><strong>quis.</strong></span> <span class='ocrx_word' id='word_1_317' title='bbox 1123 2855 1258 2911; x_wconf 86' lang='lat' dir='ltr'><strong>Vitio</strong></span> <span class='ocrx_word' id='word_1_318' title='bbox 1299 2869 1498 2925; x_wconf 78' lang='lat' dir='ltr'><strong>careat,</strong></span> <span class='ocrx_word' id='word_1_319' title='bbox 1525 2861 1614 2929; x_wconf 80' lang='lat' dir='ltr'><strong>qui</strong></span> <span class='ocrx_word' id='word_1_320' title='bbox 1649 2861 1812 2983; x_wconf 47' lang='lat' dir='ltr'><strong>allium</strong></span> <span class='ocrx_word' id='word_1_321' title='bbox 1841 2859 2200 2942; x_wconf 65' lang='lat' dir='ltr'><strong>reprehendit;</strong></span> <span class='ocrx_word' id='word_1_322' title='bbox 2231 2875 2355 2914; x_wconf 86' lang='lat' dir='ltr'><strong>nam</strong></span> <span class='ocrx_word' id='word_1_323' title='bbox 2379 2874 2396 2913; x_wconf 89' lang='lat'><strong><em>:</em></strong></span> <span class='ocrx_word' id='word_1_324' title='bbox 2417 2856 2588 2927; x_wconf 81' lang='lat' dir='ltr'><strong>Turpe</strong></span> <span class='ocrx_word' id='word_1_325' title='bbox 2615 2868 2690 2912; x_wconf 74' lang='lat' dir='ltr'><strong>est</strong></span> <span class='ocrx_word' id='word_1_326' title='bbox 2722 2857 2949 2923; x_wconf 87' lang='lat' dir='ltr'><strong>doctori,</strong></span> <span class='ocrx_word' id='word_1_327' title='bbox 2987 2872 3104 2910; x_wconf 82' lang='lat' dir='ltr'><strong>cum</strong></span> <span class='ocrx_word' id='word_1_328' title='bbox 3131 2854 3287 2922; x_wconf 78' lang='lat' dir='ltr'><strong>culpa</strong></span> 
     </span>
     <span class='ocr_line' id='line_1_51' title="bbox 1636 2943 2130 2983; baseline -0.002 0"><span class='ocrx_word' id='word_1_329' title='bbox 1636 2947 1690 2983; x_wconf 85' lang='lat' dir='ltr'><strong>re</strong></span> <span class='ocrx_word' id='word_1_330' title='bbox 1732 2943 1902 2983; x_wconf 82' lang='lat' dir='ltr'><strong>arautt</strong></span> <span class='ocrx_word' id='word_1_331' title='bbox 1937 2945 2130 2983; x_wconf 72' lang='lat' dir='ltr'><strong>ipsum.</strong></span> 
     </span>
    </p>
   </div>
   <div class='ocr_carea' id='block_1_51' title="bbox 1636 2943 2130 3001">
    <p class='ocr_par' dir='ltr' id='par_1_51' title="bbox 1636 2943 2130 3001">
     <span class='ocr_line' id='line_1_52' title="bbox 1636 2943 2130 3001; baseline -0.004 -17"><span class='ocrx_word' id='word_1_332' title='bbox 1636 2943 1902 3001; x_wconf 77' lang='lat' dir='ltr'><strong>redarguit</strong></span> <span class='ocrx_word' id='word_1_333' title='bbox 1937 2945 2130 2999; x_wconf 71' lang='lat' dir='ltr'><strong>ipsum.</strong></span> 
     </span>
    </p>
   </div>
   <div class='ocr_carea' id='block_1_52' title="bbox 337 3024 1866 3107">
    <p class='ocr_par' dir='ltr' id='par_1_52' title="bbox 337 3033 1866 3107">
     <span class='ocr_line' id='line_1_53' title="bbox 337 3033 1866 3107; baseline 0.003 -19"><span class='ocrx_word' id='word_1_334' title='bbox 337 3035 398 3089; x_wconf 87' lang='grc' dir='ltr'><strong>Ὀ</strong></span> <span class='ocrx_word' id='word_1_335' title='bbox 449 3034 766 3100; x_wconf 87' lang='grc' dir='ltr'>ἀκόλαστος,</span> <span class='ocrx_word' id='word_1_336' title='bbox 817 3033 1115 3099; x_wconf 81' lang='grc' dir='ltr'>τουτέστιν,</span> <span class='ocrx_word' id='word_1_337' title='bbox 1164 3034 1482 3106; x_wconf 67' lang='grc' dir='ltr'>ὁρᾳθύμως</span> <span class='ocrx_word' id='word_1_338' title='bbox 1524 3037 1694 3107; x_wconf 81' lang='grc' dir='ltr'>βιοὺς,</span> <span class='ocrx_word' id='word_1_339' title='bbox 1745 3042 1866 3095; x_wconf 68' lang='grc' dir='ltr'>καὶ⁴</span> 
     </span>
    </p>
   </div>
   <div class='ocr_carea' id='block_1_53' title="bbox 1954 3024 3542 3107">
    <p class='ocr_par' dir='ltr' id='par_1_53' title="bbox 2011 3031 3542 3105">
     <span class='ocr_line' id='line_1_54' title="bbox 2011 3031 3542 3105; baseline -0.004 -16"><span class='ocrx_word' id='word_1_340' title='bbox 2011 3033 2283 3105; x_wconf 90' lang='lat' dir='ltr'><strong>Nequam,</strong></span> <span class='ocrx_word' id='word_1_341' title='bbox 2342 3035 2393 3090; x_wconf 93' lang='lat' dir='ltr'><strong>id</strong></span> <span class='ocrx_word' id='word_1_342' title='bbox 2457 3043 2561 3099; x_wconf 87' lang='lat' dir='ltr'><strong>est,</strong></span> <span class='ocrx_word' id='word_1_343' title='bbox 2628 3034 2965 3104; x_wconf 82' lang='lat' dir='ltr'><strong>negligenter</strong></span> <span class='ocrx_word' id='word_1_344' title='bbox 3020 3031 3229 3097; x_wconf 84' lang='lat' dir='ltr'><strong>vivens,</strong></span> <span class='ocrx_word' id='word_1_345' title='bbox 3292 3044 3391 3085; x_wconf 86' lang='lat' dir='ltr'><strong>nec</strong></span> <span class='ocrx_word' id='word_1_346' title='bbox 3443 3045 3542 3085; x_wconf 86' lang='lat' dir='ltr'><strong>sua</strong></span> 
     </span>
    </p>
   </div>
   <div class='ocr_carea' id='block_1_54' title="bbox 253 3123 1842 3199">
    <p class='ocr_par' dir='ltr' id='par_1_54' title="bbox 253 3123 1842 3199">
     <span class='ocr_line' id='line_1_55' title="bbox 253 3123 1842 3199; baseline 0.003 -19"><span class='ocrx_word' id='word_1_347' title='bbox 253 3127 358 3190; x_wconf 76' lang='grc' dir='ltr'>τὰς</span> <span class='ocrx_word' id='word_1_348' title='bbox 390 3127 600 3187; x_wconf 75' lang='grc' dir='ltr'>οἰκείας</span> <span class='ocrx_word' id='word_1_349' title='bbox 633 3125 707 3197; x_wconf 82' lang='grc' dir='ltr'><strong>μὴ</strong></span> <span class='ocrx_word' id='word_1_350' title='bbox 758 3123 1004 3188; x_wconf 78' lang='grc' dir='ltr'>κολάζων</span> <span class='ocrx_word' id='word_1_351' title='bbox 1042 3127 1358 3196; x_wconf 84' lang='grc' dir='ltr'>ἐπιθυμίας,</span> <span class='ocrx_word' id='word_1_352' title='bbox 1390 3128 1528 3183; x_wconf 88' lang='grc' dir='ltr'><strong>ἀλλά</strong></span> <span class='ocrx_word' id='word_1_353' title='bbox 1553 3130 1654 3192; x_wconf 86' lang='grc' dir='ltr'><strong>τάς</strong></span> <span class='ocrx_word' id='word_1_354' title='bbox 1684 3132 1842 3199; x_wconf 83' lang='grc' dir='ltr'>ἡνίας</span> 
     </span>
    </p>
   </div>
   <div class='ocr_carea' id='block_1_55' title="bbox 257 3214 1840 3288">
    <p class='ocr_par' dir='ltr' id='par_1_55' title="bbox 257 3214 1840 3288">
     <span class='ocr_line' id='line_1_56' title="bbox 257 3214 1840 3288; baseline 0.001 -17"><span class='ocrx_word' id='word_1_355' title='bbox 257 3218 445 3280; x_wconf 77' lang='grc' dir='ltr'>αὐτοῖς</span> <span class='ocrx_word' id='word_1_356' title='bbox 479 3216 716 3279; x_wconf 83' lang='grc' dir='ltr'>ἐνδιδοὺς</span> <span class='ocrx_word' id='word_1_357' title='bbox 743 3214 838 3268; x_wconf 82' lang='grc' dir='ltr'>τοῦ</span> <span class='ocrx_word' id='word_1_358' title='bbox 882 3215 1016 3269; x_wconf 83' lang='grc' dir='ltr'>ὅπου</span> <span class='ocrx_word' id='word_1_359' title='bbox 1068 3214 1343 3286; x_wconf 84' lang='grc' dir='ltr'>βούλοιντο</span> <span class='ocrx_word' id='word_1_360' title='bbox 1381 3221 1601 3288; x_wconf 84' lang='grc' dir='ltr'>χωρεῖν,</span> <span class='ocrx_word' id='word_1_361' title='bbox 1633 3221 1682 3272; x_wconf 89' lang='grc' dir='ltr'><strong>εί</strong></span> <span class='ocrx_word' id='word_1_362' title='bbox 1715 3221 1840 3274; x_wconf 78' lang='grc' dir='ltr'>ἐπι-</span> 
     </span>
    </p>
   </div>
   <div class='ocr_carea' id='block_1_56' title="bbox 257 3306 1844 3379">
    <p class='ocr_par' dir='ltr' id='par_1_56' title="bbox 257 3306 1844 3379">
     <span class='ocr_line' id='line_1_57' title="bbox 257 3306 1844 3379; baseline 0.004 -20"><span class='ocrx_word' id='word_1_363' title='bbox 257 3307 471 3377; x_wconf 84' lang='grc' dir='ltr'>χειροίη</span> <span class='ocrx_word' id='word_1_364' title='bbox 537 3307 637 3369; x_wconf 89' lang='grc' dir='ltr'><strong>τάς</strong></span> <span class='ocrx_word' id='word_1_365' title='bbox 686 3306 796 3359; x_wconf 85' lang='grc' dir='ltr'><strong>τῶν</strong></span> <span class='ocrx_word' id='word_1_366' title='bbox 860 3306 1036 3360; x_wconf 84' lang='grc' dir='ltr'>ἀλλων</span> <span class='ocrx_word' id='word_1_367' title='bbox 1101 3306 1373 3374; x_wconf 78' lang='grc' dir='ltr'>κολάζειν,</span> <span class='ocrx_word' id='word_1_368' title='bbox 1435 3312 1844 3379; x_wconf 86' lang='grc' dir='ltr'>καταγέλαστος</span> 
     </span>
    </p>
   </div>
   <div class='ocr_carea' id='block_1_57' title="bbox 257 3395 1840 3474">
    <p class='ocr_par' dir='ltr' id='par_1_57' title="bbox 257 3395 1840 3474">
     <span class='ocr_line' id='line_1_58' title="bbox 257 3395 1840 3474; baseline 0.004 -23"><span class='ocrx_word' id='word_1_369' title='bbox 257 3399 415 3451; x_wconf 68' lang='grc' dir='ltr'>ἔσται</span> <span class='ocrx_word' id='word_1_370' title='bbox 457 3398 552 3451; x_wconf 77' lang='grc' dir='ltr'>καὶ</span> <span class='ocrx_word' id='word_1_371' title='bbox 587 3395 968 3462; x_wconf 80' lang='grc' dir='ltr'>ἐπονείδιστος.</span> <span class='ocrx_word' id='word_1_372' title='bbox 1000 3399 1075 3452; x_wconf 75' lang='grc' dir='ltr'><strong>Οὐ</strong></span> <span class='ocrx_word' id='word_1_373' title='bbox 1111 3399 1268 3470; x_wconf 82' lang='grc' dir='ltr'>μόνον</span> <span class='ocrx_word' id='word_1_374' title='bbox 1304 3400 1413 3474; x_wconf 87' lang='grc' dir='ltr'>γὰρ</span> <span class='ocrx_word' id='word_1_375' title='bbox 1436 3401 1590 3455; x_wconf 82' lang='grc' dir='ltr'>οὐδὲν</span> <span class='ocrx_word' id='word_1_376' title='bbox 1631 3405 1840 3469; x_wconf 81' lang='grc' dir='ltr'>ἀνύσει,</span> 
     </span>
    </p>
   </div>
   <div class='ocr_carea' id='block_1_58' title="bbox 259 3486 1843 3562">
    <p class='ocr_par' dir='ltr' id='par_1_58' title="bbox 259 3486 1843 3562">
     <span class='ocr_line' id='line_1_59' title="bbox 259 3486 1843 3562; baseline 0.004 -22"><span class='ocrx_word' id='word_1_377' title='bbox 259 3486 399 3547; x_wconf 71' lang='grc' dir='ltr'>ἀλλὰ·</span> <span class='ocrx_word' id='word_1_378' title='bbox 425 3489 520 3541; x_wconf 72' lang='grc' dir='ltr'><strong>καὶ</strong></span> <span class='ocrx_word' id='word_1_379' title='bbox 549 3488 843 3559; x_wconf 83' lang='grc' dir='ltr'>κωμῳδίας</span> <span class='ocrx_word' id='word_1_380' title='bbox 872 3488 1126 3553; x_wconf 79' lang='grc' dir='ltr'>ὑπόθεσις</span> <span class='ocrx_word' id='word_1_381' title='bbox 1156 3491 1470 3562; x_wconf 84' lang='grc' dir='ltr'>γενήσεται,</span> <span class='ocrx_word' id='word_1_382' title='bbox 1495 3492 1843 3562; x_wconf 85' lang='grc' dir='ltr'>κατορθῶσαι</span> 
     </span>
    </p>
   </div>
   <div class='ocr_carea' id='block_1_59' title="bbox 263 3578 1843 3658">
    <p class='ocr_par' dir='ltr' id='par_1_59' title="bbox 263 3578 1843 3658">
     <span class='ocr_line' id='line_1_60' title="bbox 263 3578 1843 3658; baseline 0.006 -26"><span class='ocrx_word' id='word_1_383' title='bbox 263 3580 324 3632; x_wconf 76' lang='grc' dir='ltr'>ἐν</span> <span class='ocrx_word' id='word_1_384' title='bbox 372 3578 551 3642; x_wconf 77' lang='grc' dir='ltr'>ἄλλοις</span> <span class='ocrx_word' id='word_1_385' title='bbox 592 3578 948 3650; x_wconf 82' lang='grc' dir='ltr'>πειρώμενος,</span> <span class='ocrx_word' id='word_1_386' title='bbox 990 3581 1133 3649; x_wconf 72' lang='grc' dir='ltr'>ἅπερ</span> <span class='ocrx_word' id='word_1_387' title='bbox 1169 3582 1330 3647; x_wconf 80' lang='grc' dir='ltr'>αὐτὸς</span> <span class='ocrx_word' id='word_1_388' title='bbox 1361 3583 1420 3636; x_wconf 83' lang='grc' dir='ltr'>οὐ</span> <span class='ocrx_word' id='word_1_389' title='bbox 1456 3585 1843 3658; x_wconf 85' lang='grc' dir='ltr'>κατώρθωσεν.</span> 
     </span>
    </p>
   </div>
   <div class='ocr_carea' id='block_1_60' title="bbox 263 3666 1845 3744">
    <p class='ocr_par' dir='ltr' id='par_1_60' title="bbox 263 3666 1845 3744">
     <span class='ocr_line' id='line_1_61' title="bbox 263 3666 1845 3744; baseline 0.004 -24"><span class='ocrx_word' id='word_1_390' title='bbox 263 3667 341 3720; x_wconf 78' lang='grc' dir='ltr'><strong>Οὐ</strong></span> <span class='ocrx_word' id='word_1_391' title='bbox 386 3667 496 3738; x_wconf 80' lang='grc' dir='ltr'><strong>γὰρ</strong></span> <span class='ocrx_word' id='word_1_392' title='bbox 549 3666 716 3732; x_wconf 75' lang='grc' dir='ltr'>ἐστιν,</span> <span class='ocrx_word' id='word_1_393' title='bbox 761 3668 860 3719; x_wconf 86' lang='grc' dir='ltr'><strong>οὐκ</strong></span> <span class='ocrx_word' id='word_1_394' title='bbox 909 3667 1025 3720; x_wconf 79' lang='grc' dir='ltr'>ἐστι</span> <span class='ocrx_word' id='word_1_395' title='bbox 1071 3668 1178 3720; x_wconf 83' lang='grc' dir='ltr'><strong>τῶν</strong></span> <span class='ocrx_word' id='word_1_396' title='bbox 1236 3669 1536 3742; x_wconf 80' lang='grc' dir='ltr'>ἀλλοτρίων</span> <span class='ocrx_word' id='word_1_397' title='bbox 1575 3675 1845 3744; x_wconf 84' lang='grc' dir='ltr'>κρατῆσαι</span> 
     </span>
    </p>
   </div>
   <div class='ocr_carea' id='block_1_61' title="bbox 264 3757 1845 3831">
    <p class='ocr_par' dir='ltr' id='par_1_61' title="bbox 264 3757 1845 3831">
     <span class='ocr_line' id='line_1_62' title="bbox 264 3757 1845 3831; baseline 0.005 -21"><span class='ocrx_word' id='word_1_398' title='bbox 264 3757 480 3824; x_wconf 82' lang='grc' dir='ltr'>παθῶν,</span> <span class='ocrx_word' id='word_1_399' title='bbox 517 3757 607 3810; x_wconf 76' lang='grc' dir='ltr'>τὸν</span> <span class='ocrx_word' id='word_1_400' title='bbox 648 3757 758 3810; x_wconf 85' lang='grc' dir='ltr'><strong>τῶν</strong></span> <span class='ocrx_word' id='word_1_401' title='bbox 800 3759 1016 3811; x_wconf 73' lang='grc' dir='ltr'>οἰκείων</span> <span class='ocrx_word' id='word_1_402' title='bbox 1061 3758 1137 3829; x_wconf 80' lang='grc' dir='ltr'><strong>μὴ</strong></span> <span class='ocrx_word' id='word_1_403' title='bbox 1172 3762 1620 3831; x_wconf 85' lang='grc' dir='ltr'>περιγινόμενον·</span> <span class='ocrx_word' id='word_1_404' title='bbox 1650 3765 1845 3818; x_wconf 78' lang='grc' dir='ltr'>ταυτὸν</span> 
     </span>
    </p>
   </div>
   <div class='ocr_carea' id='block_1_62' title="bbox 264 3843 1846 3925">
    <p class='ocr_par' dir='ltr' id='par_1_62' title="bbox 264 3843 1846 3925">
     <span class='ocr_line' id='line_1_63' title="bbox 264 3843 1846 3925; baseline 0.005 -23"><span class='ocrx_word' id='word_1_405' title='bbox 264 3849 378 3921; x_wconf 87' lang='grc' dir='ltr'>γὰρ</span> <span class='ocrx_word' id='word_1_406' title='bbox 414 3850 578 3913; x_wconf 79' lang='grc' dir='ltr'>ποιεῖ,</span> <span class='ocrx_word' id='word_1_407' title='bbox 611 3843 724 3902; x_wconf 75' lang='grc' dir='ltr'>οἷον</span> <span class='ocrx_word' id='word_1_408' title='bbox 769 3847 835 3902; x_wconf 83' lang='grc' dir='ltr'><strong>ἂν</strong></span> <span class='ocrx_word' id='word_1_409' title='bbox 863 3849 916 3902; x_wconf 78' lang='grc' dir='ltr'><strong>εί</strong></span> <span class='ocrx_word' id='word_1_410' title='bbox 940 3867 1023 3914; x_wconf 88' lang='grc' dir='ltr'><strong>τις</strong></span> <span class='ocrx_word' id='word_1_411' title='bbox 1053 3853 1358 3922; x_wconf 76' lang='grc' dir='ltr'>στρατηγὸς</span> <span class='ocrx_word' id='word_1_412' title='bbox 1382 3854 1482 3925; x_wconf 79' lang='grc' dir='ltr'>τὴν</span> <span class='ocrx_word' id='word_1_413' title='bbox 1509 3854 1609 3924; x_wconf 83' lang='grc' dir='ltr'><strong>μὲν</strong></span> <span class='ocrx_word' id='word_1_414' title='bbox 1638 3857 1846 3911; x_wconf 79' lang='grc' dir='ltr'>οίκείαν</span> 
     </span>
    </p>
   </div>
   <div class='ocr_carea' id='block_1_63' title="bbox 264 3941 1848 4014">
    <p class='ocr_par' dir='ltr' id='par_1_63' title="bbox 264 3941 1848 4014">
     <span class='ocr_line' id='line_1_64' title="bbox 264 3941 1848 4014; baseline 0.003 -16"><span class='ocrx_word' id='word_1_415' title='bbox 264 3943 444 4010; x_wconf 80' lang='grc' dir='ltr'>πόλιν,</span> <span class='ocrx_word' id='word_1_416' title='bbox 473 3941 739 4012; x_wconf 83' lang='grc' dir='ltr'>ἐμφύλιον</span> <span class='ocrx_word' id='word_1_417' title='bbox 767 3941 995 4013; x_wconf 72' lang='grc' dir='ltr'>ἔχουσαν</span> <span class='ocrx_word' id='word_1_418' title='bbox 1029 3942 1288 4013; x_wconf 85' lang='grc' dir='ltr'>πόλεμον,</span> <span class='ocrx_word' id='word_1_419' title='bbox 1316 3947 1411 3998; x_wconf 79' lang='grc' dir='ltr'><strong>καὶ</strong></span> <span class='ocrx_word' id='word_1_420' title='bbox 1440 3947 1719 4014; x_wconf 80' lang='grc' dir='ltr'>νοσοῦσαν,</span> <span class='ocrx_word' id='word_1_421' title='bbox 1753 3951 1848 4003; x_wconf 68' lang='grc' dir='ltr'>καὶ</span> 
     </span>
    </p>
   </div>
   <div class='ocr_carea' id='block_1_64' title="bbox 269 4033 1844 4113">
    <p class='ocr_par' dir='ltr' id='par_1_64' title="bbox 269 4033 1844 4113">
     <span class='ocr_line' id='line_1_65' title="bbox 269 4033 1844 4113; baseline 0.004 -26"><span class='ocrx_word' id='word_1_422' title='bbox 269 4033 673 4098; x_wconf 72' lang='grc' dir='ltr'>στασιάζουσαν</span> <span class='ocrx_word' id='word_1_423' title='bbox 726 4035 805 4096; x_wconf 89' lang='grc' dir='ltr'><strong>είς</strong></span> <span class='ocrx_word' id='word_1_424' title='bbox 862 4033 1114 4102; x_wconf 85' lang='grc' dir='ltr'>ὁμόνοιαν</span> <span class='ocrx_word' id='word_1_425' title='bbox 1163 4035 1392 4104; x_wconf 82' lang='grc' dir='ltr'>ἀγαγεῖν</span> <span class='ocrx_word' id='word_1_426' title='bbox 1433 4037 1509 4108; x_wconf 82' lang='grc' dir='ltr'><strong>μὴ</strong></span> <span class='ocrx_word' id='word_1_427' title='bbox 1565 4039 1844 4113; x_wconf 82' lang='grc' dir='ltr'>δυνηθείη,</span> 
     </span>
    </p>
   </div>
   <div class='ocr_carea' id='block_1_65' title="bbox 266 4123 1844 4198">
    <p class='ocr_par' dir='ltr' id='par_1_65' title="bbox 266 4123 1844 4198">
     <span class='ocr_line' id='line_1_66' title="bbox 266 4123 1844 4198; baseline 0.006 -22"><span class='ocrx_word' id='word_1_428' title='bbox 266 4123 377 4176; x_wconf 84' lang='grc' dir='ltr'>τῶν</span> <span class='ocrx_word' id='word_1_429' title='bbox 418 4125 475 4178; x_wconf 87' lang='grc' dir='ltr'><strong>δέ</strong></span> <span class='ocrx_word' id='word_1_430' title='bbox 507 4123 704 4191; x_wconf 79' lang='grc' dir='ltr'>ἔξωθεν</span> <span class='ocrx_word' id='word_1_431' title='bbox 757 4124 1008 4194; x_wconf 81' lang='grc' dir='ltr'>πολέμων</span> <span class='ocrx_word' id='word_1_432' title='bbox 1048 4126 1399 4196; x_wconf 78' lang='grc' dir='ltr'>περιέσεσθαι</span> <span class='ocrx_word' id='word_1_433' title='bbox 1435 4129 1844 4198; x_wconf 77' lang='grc' dir='ltr'>ἐπαγγέλλοιτο.</span> 
     </span>
    </p>
   </div>
   <div class='ocr_carea' id='block_1_66' title="bbox 269 4213 1846 4289">
    <p class='ocr_par' dir='ltr' id='par_1_66' title="bbox 269 4213 1846 4289">
     <span class='ocr_line' id='line_1_67' title="bbox 269 4213 1846 4289; baseline 0.006 -22"><span class='ocrx_word' id='word_1_434' title='bbox 269 4214 415 4285; x_wconf 82' lang='grc' dir='ltr'>Πρὸς</span> <span class='ocrx_word' id='word_1_435' title='bbox 483 4216 541 4268; x_wconf 82' lang='grc' dir='ltr'><strong>ὃν</strong></span> <span class='ocrx_word' id='word_1_436' title='bbox 605 4231 688 4277; x_wconf 87' lang='grc' dir='ltr'><strong>τις</strong></span> <span class='ocrx_word' id='word_1_437' title='bbox 739 4213 967 4278; x_wconf 87' lang='grc' dir='ltr'>είκὸτως</span> <span class='ocrx_word' id='word_1_438' title='bbox 1021 4215 1198 4286; x_wconf 65' lang='grc' dir='ltr'>φαίη*</span> <span class='ocrx_word' id='word_1_439' title='bbox 1242 4215 1642 4289; x_wconf 72' lang='grc' dir='ltr'>Ἐμδρόντητε,</span> <span class='ocrx_word' id='word_1_440' title='bbox 1715 4223 1846 4288; x_wconf 74' lang='grc' dir='ltr'>ἴσως</span> 
     </span>
    </p>
   </div>
   <div class='ocr_carea' id='block_1_67' title="bbox 268 4304 1848 4380">
    <p class='ocr_par' dir='ltr' id='par_1_67' title="bbox 268 4304 1848 4380">
     <span class='ocr_line' id='line_1_68' title="bbox 268 4304 1848 4380; baseline 0.007 -23"><span class='ocrx_word' id='word_1_441' title='bbox 268 4304 504 4374; x_wconf 82' lang='grc' dir='ltr'>ἀγνοεῖς,</span> <span class='ocrx_word' id='word_1_442' title='bbox 539 4306 621 4359; x_wconf 83' lang='grc' dir='ltr'><strong>ὅτι</strong></span> <span class='ocrx_word' id='word_1_443' title='bbox 654 4304 714 4358; x_wconf 83' lang='grc' dir='ltr'><strong>οὐ</strong></span> <span class='ocrx_word' id='word_1_444' title='bbox 745 4305 999 4360; x_wconf 86' lang='grc' dir='ltr'>τοσοῦτον</span> <span class='ocrx_word' id='word_1_445' title='bbox 1028 4307 1077 4358; x_wconf 81' lang='grc' dir='ltr'>οἱ</span> <span class='ocrx_word' id='word_1_446' title='bbox 1111 4306 1397 4375; x_wconf 81' lang='grc' dir='ltr'>ἀλλόφυλοι</span> <span class='ocrx_word' id='word_1_447' title='bbox 1438 4310 1688 4380; x_wconf 86' lang='grc' dir='ltr'>πόλεμοι,</span> <span class='ocrx_word' id='word_1_448' title='bbox 1723 4313 1848 4369; x_wconf 82' lang='grc' dir='ltr'>ὅσον</span> 
     </span>
    </p>
   </div>
   <div class='ocr_carea' id='block_1_68' title="bbox 1943 3117 3544 3190">
    <p class='ocr_par' dir='ltr' id='par_1_68' title="bbox 1943 3117 3544 3190">
     <span class='ocr_line' id='line_1_69' title="bbox 1943 3117 3544 3190; baseline -0.002 -13"><span class='ocrx_word' id='word_1_449' title='bbox 1943 3125 2238 3177; x_wconf 72' lang='lat' dir='ltr'><strong>etnendans</strong></span> <span class='ocrx_word' id='word_1_450' title='bbox 2279 3121 2408 3176; x_wconf 86' lang='lat' dir='ltr'><strong>vitia</strong></span> <span class='ocrx_word' id='word_1_451' title='bbox 2449 3129 2610 3190; x_wconf 87' lang='lat' dir='ltr'><strong>atque</strong></span> <span class='ocrx_word' id='word_1_452' title='bbox 2637 3121 3012 3190; x_wconf 89' lang='lat' dir='ltr'><strong>cupiditatem,</strong></span> <span class='ocrx_word' id='word_1_453' title='bbox 3056 3119 3153 3173; x_wconf 90' lang='lat' dir='ltr'><strong>sed</strong></span> <span class='ocrx_word' id='word_1_454' title='bbox 3199 3118 3440 3172; x_wconf 87' lang='lat' dir='ltr'><strong>habenas</strong></span> <span class='ocrx_word' id='word_1_455' title='bbox 3475 3117 3544 3174; x_wconf 82' lang='lat' dir='ltr'><strong>IIS</strong></span> 
     </span>
    </p>
   </div>
   <div class='ocr_carea' id='block_1_69' title="bbox 1943 3210 3539 3283">
    <p class='ocr_par' dir='ltr' id='par_1_69' title="bbox 1943 3210 3539 3283">
     <span class='ocr_line' id='line_1_70' title="bbox 1943 3210 3539 3283; baseline 0.001 -17"><span class='ocrx_word' id='word_1_456' title='bbox 1943 3213 2152 3276; x_wconf 83' lang='lat' dir='ltr'><strong>laxans,</strong></span> <span class='ocrx_word' id='word_1_457' title='bbox 2187 3228 2293 3282; x_wconf 89' lang='lat' dir='ltr'><strong>quo</strong></span> <span class='ocrx_word' id='word_1_458' title='bbox 2333 3213 2446 3267; x_wconf 85' lang='lat' dir='ltr'><strong>vult</strong></span> <span class='ocrx_word' id='word_1_459' title='bbox 2473 3212 2696 3276; x_wconf 82' lang='lat' dir='ltr'><strong>deferri.</strong></span> <span class='ocrx_word' id='word_1_460' title='bbox 2729 3211 3019 3283; x_wconf 83' lang='lat' dir='ltr'><strong>permittit,</strong></span> <span class='ocrx_word' id='word_1_461' title='bbox 3051 3213 3096 3266; x_wconf 88' lang='lat' dir='ltr'><strong>si</strong></span> <span class='ocrx_word' id='word_1_462' title='bbox 3128 3210 3539 3281; x_wconf 82' lang='lat' dir='ltr'><strong>reprehendere</strong></span> 
     </span>
    </p>
   </div>
   <div class='ocr_carea' id='block_1_70' title="bbox 1942 3303 3543 3374">
    <p class='ocr_par' dir='ltr' id='par_1_70' title="bbox 1942 3303 3543 3374">
     <span class='ocr_line' id='line_1_71' title="bbox 1942 3303 3543 3374; baseline -0.001 -14"><span class='ocrx_word' id='word_1_463' title='bbox 1942 3314 2192 3368; x_wconf 87' lang='lat' dir='ltr'><strong>conatur,</strong></span> <span class='ocrx_word' id='word_1_464' title='bbox 2233 3305 2278 3359; x_wconf 89' lang='lat' dir='ltr'><strong>is</strong></span> <span class='ocrx_word' id='word_1_465' title='bbox 2323 3305 2584 3362; x_wconf 88' lang='lat' dir='ltr'><strong>ridiculus</strong></span> <span class='ocrx_word' id='word_1_466' title='bbox 2616 3307 2829 3360; x_wconf 86' lang='lat' dir='ltr'><strong>tandem</strong></span> <span class='ocrx_word' id='word_1_467' title='bbox 2865 3305 3060 3360; x_wconf 82' lang='lat' dir='ltr'><strong>evadet</strong></span> <span class='ocrx_word' id='word_1_468' title='bbox 3104 3315 3269 3374; x_wconf 88' lang='lat' dir='ltr'><strong>atque</strong></span> <span class='ocrx_word' id='word_1_469' title='bbox 3301 3303 3543 3360; x_wconf 80' lang='lat' dir='ltr'><strong>infamis.</strong></span> 
     </span>
    </p>
   </div>
   <div class='ocr_carea' id='block_1_71' title="bbox 1945 3395 3544 3467">
    <p class='ocr_par' dir='ltr' id='par_1_71' title="bbox 1945 3395 3544 3467">
     <span class='ocr_line' id='line_1_72' title="bbox 1945 3395 3544 3467; baseline -0.001 -15"><span class='ocrx_word' id='word_1_470' title='bbox 1945 3397 2060 3453; x_wconf 93' lang='lat' dir='ltr'><strong>Non</strong></span> <span class='ocrx_word' id='word_1_471' title='bbox 2096 3400 2268 3452; x_wconf 86' lang='lat' dir='ltr'><strong>solum</strong></span> <span class='ocrx_word' id='word_1_472' title='bbox 2313 3399 2456 3454; x_wconf 89' lang='lat' dir='ltr'><strong>enim</strong></span> <span class='ocrx_word' id='word_1_473' title='bbox 2503 3398 2636 3452; x_wconf 90' lang='lat' dir='ltr'><strong>nihil</strong></span> <span class='ocrx_word' id='word_1_474' title='bbox 2672 3398 2908 3467; x_wconf 65' lang='lat' dir='ltr'><strong>etpedit,</strong></span> <span class='ocrx_word' id='word_1_475' title='bbox 2949 3399 3042 3452; x_wconf 88' lang='lat' dir='ltr'><strong>sed</strong></span> <span class='ocrx_word' id='word_1_476' title='bbox 3077 3404 3132 3451; x_wconf 89' lang='lat' dir='ltr'><strong>et</strong></span> <span class='ocrx_word' id='word_1_477' title='bbox 3159 3397 3302 3466; x_wconf 90' lang='lat' dir='ltr'><strong>vulgi</strong></span> <span class='ocrx_word' id='word_1_478' title='bbox 3352 3396 3411 3451; x_wconf 84' lang='lat' dir='ltr'><strong>iit</strong></span> <span class='ocrx_word' id='word_1_479' title='bbox 3461 3395 3544 3450; x_wconf 79' lang='lat' dir='ltr'><strong>ia-</strong></span> 
     </span>
    </p>
   </div>
   <div class='ocr_carea' id='block_1_72' title="bbox 1945 3487 3547 3561">
    <p class='ocr_par' dir='ltr' id='par_1_72' title="bbox 1945 3487 3547 3561">
     <span class='ocr_line' id='line_1_73' title="bbox 1945 3487 3547 3561; baseline -0.001 -17"><span class='ocrx_word' id='word_1_480' title='bbox 1945 3490 2092 3559; x_wconf 89' lang='lat' dir='ltr'><strong>hula,</strong></span> <span class='ocrx_word' id='word_1_481' title='bbox 2130 3492 2404 3561; x_wconf 78' lang='lat' dir='ltr'><strong>corrigere</strong></span> <span class='ocrx_word' id='word_1_482' title='bbox 2440 3492 2491 3545; x_wconf 92' lang='lat' dir='ltr'><strong>in</strong></span> <span class='ocrx_word' id='word_1_483' title='bbox 2523 3491 2645 3546; x_wconf 84' lang='lat' dir='ltr'><strong>aliis</strong></span> <span class='ocrx_word' id='word_1_484' title='bbox 2674 3499 2911 3557; x_wconf 90' lang='lat' dir='ltr'><strong>tentans,</strong></span> <span class='ocrx_word' id='word_1_485' title='bbox 2949 3489 3002 3543; x_wconf 90' lang='lat' dir='ltr'><strong>in</strong></span> <span class='ocrx_word' id='word_1_486' title='bbox 3049 3504 3156 3559; x_wconf 92' lang='lat' dir='ltr'><strong>quo</strong></span> <span class='ocrx_word' id='word_1_487' title='bbox 3207 3491 3324 3559; x_wconf 87' lang='lat' dir='ltr'><strong>ipse</strong></span> <span class='ocrx_word' id='word_1_488' title='bbox 3375 3487 3547 3544; x_wconf 87' lang='lat' dir='ltr'><strong>delin-</strong></span> 
     </span>
    </p>
   </div>
   <div class='ocr_carea' id='block_1_73' title="bbox 1946 3583 3545 3655">
    <p class='ocr_par' dir='ltr' id='par_1_73' title="bbox 1946 3583 3545 3655">
     <span class='ocr_line' id='line_1_74' title="bbox 1946 3583 3545 3655; baseline -0.002 -16"><span class='ocrx_word' id='word_1_489' title='bbox 1946 3585 2082 3655; x_wconf 87' lang='lat' dir='ltr'><strong>quit.</strong></span> <span class='ocrx_word' id='word_1_490' title='bbox 2115 3584 2303 3655; x_wconf 84' lang='lat' dir='ltr'><strong>Neque</strong></span> <span class='ocrx_word' id='word_1_491' title='bbox 2346 3585 2493 3640; x_wconf 90' lang='lat' dir='ltr'><strong>enim</strong></span> <span class='ocrx_word' id='word_1_492' title='bbox 2533 3585 2663 3640; x_wconf 89' lang='lat' dir='ltr'><strong>mihi</strong></span> <span class='ocrx_word' id='word_1_493' title='bbox 2715 3587 2899 3651; x_wconf 87' lang='lat' dir='ltr'><strong>crede,</strong></span> <span class='ocrx_word' id='word_1_494' title='bbox 2941 3584 3171 3638; x_wconf 88' lang='lat' dir='ltr'><strong>aliorum</strong></span> <span class='ocrx_word' id='word_1_495' title='bbox 3213 3583 3343 3638; x_wconf 83' lang='lat' dir='ltr'><strong>vitia</strong></span> <span class='ocrx_word' id='word_1_496' title='bbox 3382 3596 3545 3638; x_wconf 78' lang='lat' dir='ltr'><strong>sana—</strong></span> 
     </span>
    </p>
   </div>
   <div class='ocr_carea' id='block_1_74' title="bbox 1946 3675 3542 3748">
    <p class='ocr_par' dir='ltr' id='par_1_74' title="bbox 1946 3675 3542 3748">
     <span class='ocr_line' id='line_1_75' title="bbox 1946 3675 3542 3748; baseline -0.003 -15"><span class='ocrx_word' id='word_1_497' title='bbox 1946 3679 2046 3744; x_wconf 91' lang='lat' dir='ltr'><strong>bit,</strong></span> <span class='ocrx_word' id='word_1_498' title='bbox 2093 3679 2182 3746; x_wconf 92' lang='lat' dir='ltr'><strong>qui</strong></span> <span class='ocrx_word' id='word_1_499' title='bbox 2221 3694 2325 3731; x_wconf 87' lang='lat' dir='ltr'><strong>non</strong></span> <span class='ocrx_word' id='word_1_500' title='bbox 2372 3679 2592 3747; x_wconf 88' lang='lat' dir='ltr'><strong>propria</strong></span> <span class='ocrx_word' id='word_1_501' title='bbox 2640 3677 3055 3748; x_wconf 82' lang='lat' dir='ltr'><strong>expugnaverit.</strong></span> <span class='ocrx_word' id='word_1_502' title='bbox 3087 3677 3233 3732; x_wconf 84' lang='lat' dir='ltr'><strong>Idem</strong></span> <span class='ocrx_word' id='word_1_503' title='bbox 3267 3676 3412 3731; x_wconf 88' lang='lat' dir='ltr'><strong>enim</strong></span> <span class='ocrx_word' id='word_1_504' title='bbox 3442 3675 3542 3746; x_wconf 83' lang='lat' dir='ltr'><strong>ipsi</strong></span> 
     </span>
    </p>
   </div>
   <div class='ocr_carea' id='block_1_75' title="bbox 1951 3767 3548 3838">
    <p class='ocr_par' dir='ltr' id='par_1_75' title="bbox 1951 3767 3548 3838">
     <span class='ocr_line' id='line_1_76' title="bbox 1951 3767 3548 3838; baseline -0.001 -17"><span class='ocrx_word' id='word_1_505' title='bbox 1951 3769 2224 3832; x_wconf 88' lang='lat' dir='ltr'><strong>usuveuit,</strong></span> <span class='ocrx_word' id='word_1_506' title='bbox 2246 3768 2391 3838; x_wconf 89' lang='lat' dir='ltr'><strong>quod</strong></span> <span class='ocrx_word' id='word_1_507' title='bbox 2415 3769 2562 3832; x_wconf 88' lang='lat' dir='ltr'><strong>duci,</strong></span> <span class='ocrx_word' id='word_1_508' title='bbox 2596 3769 2685 3837; x_wconf 89' lang='lat' dir='ltr'><strong>qui</strong></span> <span class='ocrx_word' id='word_1_509' title='bbox 2716 3769 2996 3823; x_wconf 88' lang='lat' dir='ltr'><strong>civitatem</strong></span> <span class='ocrx_word' id='word_1_510' title='bbox 3033 3783 3185 3822; x_wconf 88' lang='lat' dir='ltr'><strong>suam</strong></span> <span class='ocrx_word' id='word_1_511' title='bbox 3221 3767 3365 3822; x_wconf 90' lang='lat' dir='ltr'><strong>bello</strong></span> <span class='ocrx_word' id='word_1_512' title='bbox 3407 3769 3548 3820; x_wconf 82' lang='lat' dir='ltr'><strong>inte-</strong></span> 
     </span>
    </p>
   </div>
   <div class='ocr_carea' id='block_1_76' title="bbox 1949 3850 3543 3930">
    <p class='ocr_par' dir='ltr' id='par_1_76' title="bbox 1949 3850 3543 3930">
     <span class='ocr_line' id='line_1_77' title="bbox 1949 3850 3543 3930; baseline -0.001 -16"><span class='ocrx_word' id='word_1_513' title='bbox 1949 3860 2091 3914; x_wconf 89' lang='lat' dir='ltr'><strong>stino</strong></span> <span class='ocrx_word' id='word_1_514' title='bbox 2118 3858 2373 3914; x_wconf 81' lang='lat' dir='ltr'><strong>alﬂictam</strong></span> <span class='ocrx_word' id='word_1_515' title='bbox 2404 3850 2875 3930; x_wconf 76' lang='lat' dir='ltr'><strong>seditionibusque</strong></span> <span class='ocrx_word' id='word_1_516' title='bbox 2904 3860 3164 3930; x_wconf 84' lang='lat' dir='ltr'><strong>agitatam</strong></span> <span class='ocrx_word' id='word_1_517' title='bbox 3205 3861 3271 3914; x_wconf 92' lang='lat' dir='ltr'><strong>ad</strong></span> <span class='ocrx_word' id='word_1_518' title='bbox 3309 3873 3543 3914; x_wconf 84' lang='lat' dir='ltr'><strong>concor-</strong></span> 
     </span>
    </p>
   </div>
   <div class='ocr_carea' id='block_1_77' title="bbox 1951 3950 3534 4020">
    <p class='ocr_par' dir='ltr' id='par_1_77' title="bbox 1951 3950 3534 4020">
     <span class='ocr_line' id='line_1_78' title="bbox 1951 3950 3534 4020; baseline -0.001 -15"><span class='ocrx_word' id='word_1_519' title='bbox 1951 3951 2091 4005; x_wconf 89' lang='lat' dir='ltr'><strong>diam</strong></span> <span class='ocrx_word' id='word_1_520' title='bbox 2118 3951 2389 4007; x_wconf 89' lang='lat' dir='ltr'><strong>adducere</strong></span> <span class='ocrx_word' id='word_1_521' title='bbox 2413 3967 2535 4007; x_wconf 90' lang='lat' dir='ltr'><strong>cum</strong></span> <span class='ocrx_word' id='word_1_522' title='bbox 2562 3967 2667 4007; x_wconf 92' lang='lat' dir='ltr'><strong>non</strong></span> <span class='ocrx_word' id='word_1_523' title='bbox 2699 3954 2889 4020; x_wconf 83' lang='lat' dir='ltr'><strong>possit,</strong></span> <span class='ocrx_word' id='word_1_524' title='bbox 2915 3951 3155 4006; x_wconf 79' lang='lat' dir='ltr'><strong>externis</strong></span> <span class='ocrx_word' id='word_1_525' title='bbox 3189 3950 3384 4005; x_wconf 87' lang='lat' dir='ltr'><strong>bellum</strong></span> <span class='ocrx_word' id='word_1_526' title='bbox 3420 3965 3534 4003; x_wconf 91' lang='lat' dir='ltr'><strong>mo-</strong></span> 
     </span>
    </p>
   </div>
   <div class='ocr_carea' id='block_1_78' title="bbox 1951 4042 3544 4115">
    <p class='ocr_par' dir='ltr' id='par_1_78' title="bbox 1951 4042 3544 4115">
     <span class='ocr_line' id='line_1_79' title="bbox 1951 4042 3544 4115; baseline 0.001 -18"><span class='ocrx_word' id='word_1_527' title='bbox 1951 4051 2093 4097; x_wconf 89' lang='lat' dir='ltr'><strong>veat.</strong></span> <span class='ocrx_word' id='word_1_528' title='bbox 2126 4042 2224 4098; x_wconf 90' lang='lat' dir='ltr'><strong>Cui</strong></span> <span class='ocrx_word' id='word_1_529' title='bbox 2257 4043 2452 4098; x_wconf 88' lang='lat' dir='ltr'><strong>merito</strong></span> <span class='ocrx_word' id='word_1_530' title='bbox 2488 4044 2611 4113; x_wconf 90' lang='lat' dir='ltr'><strong>quis</strong></span> <span class='ocrx_word' id='word_1_531' title='bbox 2657 4043 2899 4100; x_wconf 81' lang='lat' dir='ltr'><strong>dixerit:</strong></span> <span class='ocrx_word' id='word_1_532' title='bbox 2933 4043 3128 4108; x_wconf 86' lang='lat' dir='ltr'><strong>Stulte,</strong></span> <span class='ocrx_word' id='word_1_533' title='bbox 3181 4058 3248 4098; x_wconf 87' lang='lat' dir='ltr'><strong>an</strong></span> <span class='ocrx_word' id='word_1_534' title='bbox 3302 4044 3544 4115; x_wconf 86' lang='lat' dir='ltr'><strong>ignoras.</strong></span> 
     </span>
    </p>
   </div>
   <div class='ocr_carea' id='block_1_79' title="bbox 1953 4135 3547 4205">
    <p class='ocr_par' dir='ltr' id='par_1_79' title="bbox 1953 4135 3547 4205">
     <span class='ocr_line' id='line_1_80' title="bbox 1953 4135 3547 4205; baseline 0 -16"><span class='ocrx_word' id='word_1_535' title='bbox 1953 4150 2058 4189; x_wconf 91' lang='lat' dir='ltr'><strong>non</strong></span> <span class='ocrx_word' id='word_1_536' title='bbox 2085 4135 2309 4205; x_wconf 88' lang='lat' dir='ltr'><strong>perinde</strong></span> <span class='ocrx_word' id='word_1_537' title='bbox 2340 4136 2525 4190; x_wconf 90' lang='lat' dir='ltr'><strong>hostes</strong></span> <span class='ocrx_word' id='word_1_538' title='bbox 2551 4143 2806 4190; x_wconf 84' lang='lat' dir='ltr'><strong>externos</strong></span> <span class='ocrx_word' id='word_1_539' title='bbox 2837 4150 3034 4190; x_wconf 89' lang='lat' dir='ltr'><strong>nocere</strong></span> <span class='ocrx_word' id='word_1_540' title='bbox 3068 4143 3230 4204; x_wconf 88' lang='lat' dir='ltr'><strong>atque</strong></span> <span class='ocrx_word' id='word_1_541' title='bbox 3257 4136 3499 4189; x_wconf 86' lang='lat' dir='ltr'><strong>internos</strong></span> <span class='ocrx_word' id='word_1_542' title='bbox 3525 4136 3547 4189; x_wconf 72' lang='grc' dir='ltr'><strong><em>τ</em></strong></span> 
     </span>
    </p>
   </div>
   <div class='ocr_carea' id='block_1_80' title="bbox 1952 4225 3546 4297">
    <p class='ocr_par' dir='ltr' id='par_1_80' title="bbox 1952 4225 3546 4297">
     <span class='ocr_line' id='line_1_81' title="bbox 1952 4225 3546 4297; baseline -0.001 -16"><span class='ocrx_word' id='word_1_543' title='bbox 1952 4225 2109 4281; x_wconf 87' lang='lat' dir='ltr'><strong>Prius</strong></span> <span class='ocrx_word' id='word_1_544' title='bbox 2132 4229 2314 4297; x_wconf 88' lang='lat' dir='ltr'><strong>itaque</strong></span> <span class='ocrx_word' id='word_1_545' title='bbox 2344 4226 2502 4282; x_wconf 88' lang='lat' dir='ltr'><strong>civile</strong></span> <span class='ocrx_word' id='word_1_546' title='bbox 2536 4227 2736 4282; x_wconf 90' lang='lat' dir='ltr'><strong>bellum</strong></span> <span class='ocrx_word' id='word_1_547' title='bbox 2759 4235 2843 4282; x_wconf 87' lang='lat' dir='ltr'><strong>est</strong></span> <span class='ocrx_word' id='word_1_548' title='bbox 2867 4226 3323 4296; x_wconf 85' lang='lat' dir='ltr'><strong>componendum,</strong></span> <span class='ocrx_word' id='word_1_549' title='bbox 3348 4226 3546 4281; x_wconf 89' lang='lat' dir='ltr'><strong>deinde</strong></span> 
     </span>
    </p>
   </div>
   <div class='ocr_carea' id='block_1_81' title="bbox 1953 4318 2920 4389">
    <p class='ocr_par' dir='ltr' id='par_1_81' title="bbox 1953 4318 2920 4389">
     <span class='ocr_line' id='line_1_82' title="bbox 1953 4318 2920 4389; baseline -0.002 -15"><span class='ocrx_word' id='word_1_550' title='bbox 1953 4319 2163 4374; x_wconf 77' lang='lat' dir='ltr'><strong>externi</strong></span> <span class='ocrx_word' id='word_1_551' title='bbox 2194 4319 2543 4389; x_wconf 83' lang='lat' dir='ltr'><strong>aggrediendi</strong></span> <span class='ocrx_word' id='word_1_552' title='bbox 2568 4327 2693 4373; x_wconf 90' lang='lat' dir='ltr'><strong>sunt</strong></span> <span class='ocrx_word' id='word_1_553' title='bbox 2716 4318 2920 4373; x_wconf 87' lang='lat' dir='ltr'><strong>hostes.</strong></span> 
     </span>
    </p>
   </div>
   <div class='ocr_carea' id='block_1_82' title="bbox 267 4391 3547 4483">
    <p class='ocr_par' dir='ltr' id='par_1_82' title="bbox 267 4391 3547 4483">
     <span class='ocr_line' id='line_1_83' title="bbox 267 4391 3547 4483; baseline 0.002 -29"><span class='ocrx_word' id='word_1_554' title='bbox 267 4400 322 4454; x_wconf 82' lang='grc' dir='ltr'>οι</span> <span class='ocrx_word' id='word_1_555' title='bbox 377 4399 630 4470; x_wconf 76' lang='grc' dir='ltr'>ἐμφύλιοι</span> <span class='ocrx_word' id='word_1_556' title='bbox 688 4398 1095 4470; x_wconf 83' lang='grc' dir='ltr'>διαφθείρουσι;</span> <span class='ocrx_word' id='word_1_557' title='bbox 1146 4401 1266 4472; x_wconf 82' lang='grc' dir='ltr'><strong>Χρὴ</strong></span> <span class='ocrx_word' id='word_1_558' title='bbox 1322 4391 1416 4458; x_wconf 83' lang='grc' dir='ltr'><strong>ὀῦν</strong></span> <span class='ocrx_word' id='word_1_559' title='bbox 1472 4406 1689 4475; x_wconf 84' lang='grc' dir='ltr'>πρῶτον</span> <span class='ocrx_word' id='word_1_560' title='bbox 1751 4409 1842 4464; x_wconf 84' lang='grc' dir='ltr'><strong>τὸν</strong></span> <span class='ocrx_word' id='word_1_561' title='bbox 1901 4412 2050 4468; x_wconf 76' lang='grc' dir='ltr'>ἔνδον</span> <span class='ocrx_word' id='word_1_562' title='bbox 2097 4413 2290 4466; x_wconf 72' lang='grc' dir='ltr'>σϐέσαι</span> <span class='ocrx_word' id='word_1_563' title='bbox 2324 4414 2584 4483; x_wconf 81' lang='grc' dir='ltr'>πόλεμον,</span> <span class='ocrx_word' id='word_1_564' title='bbox 2637 4411 2733 4466; x_wconf 77' lang='grc' dir='ltr'><strong>καί</strong></span> <span class='ocrx_word' id='word_1_565' title='bbox 2798 4412 2920 4464; x_wconf 89' lang='grc' dir='ltr'>τότε</span> <span class='ocrx_word' id='word_1_566' title='bbox 2954 4413 3065 4476; x_wconf 81' lang='grc' dir='ltr'>τοῖς</span> <span class='ocrx_word' id='word_1_567' title='bbox 3133 4410 3237 4476; x_wconf 78' lang='grc' dir='ltr'>ἔξω</span> <span class='ocrx_word' id='word_1_568' title='bbox 3270 4408 3547 4481; x_wconf 79' lang='grc' dir='ltr'>πολεμίοις</span> 
     </span>
    </p>
   </div>
   <div class='ocr_carea' id='block_1_83' title="bbox 275 4491 566 4563">
    <p class='ocr_par' dir='ltr' id='par_1_83' title="bbox 275 4491 566 4563">
     <span class='ocr_line' id='line_1_84' title="bbox 275 4491 566 4563; baseline -0.003 -17"><span class='ocrx_word' id='word_1_569' title='bbox 275 4491 566 4563; x_wconf 83' lang='grc' dir='ltr'>μάχεσθαι.</span> 
     </span>
    </p>
   </div>
   <div class='ocr_carea' id='block_1_84' title="bbox 730 4586 1386 4661">
    <p class='ocr_par' dir='ltr' id='par_1_84' title="bbox 730 4586 1386 4661">
     <span class='ocr_line' id='line_1_85' title="bbox 730 4586 1386 4661; baseline 0.012 -24"><span class='ocrx_word' id='word_1_570' title='bbox 730 4586 896 4639; x_wconf 66' lang='grc' dir='ltr'>Ροτ.</span> <span class='ocrx_word' id='word_1_571' title='bbox 937 4617 1007 4627; x_wconf 87' lang='grc'><strong>-</strong></span> <span class='ocrx_word' id='word_1_572' title='bbox 1044 4588 1386 4661; x_wconf 79' lang='grc' dir='ltr'><strong>ΕΠΙΦΑΝΙῼ.</strong></span> 
     </span>
    </p>
   </div>
   <div class='ocr_carea' id='block_1_85' title="bbox 2313 4591 3185 4649">
    <p class='ocr_par' dir='ltr' id='par_1_85' title="bbox 2313 4591 3185 4649">
     <span class='ocr_line' id='line_1_86' title="bbox 2313 4591 3185 4649; baseline -0.005 0"><span class='ocrx_word' id='word_1_573' title='bbox 2313 4591 2618 4649; x_wconf 75' lang='lat' dir='ltr'><strong>CLXXVII.</strong></span> <span class='ocrx_word' id='word_1_574' title='bbox 2662 4622 2732 4632; x_wconf 93' lang='lat'><strong>—</strong></span> <span class='ocrx_word' id='word_1_575' title='bbox 2801 4591 3185 4648; x_wconf 75' lang='lat' dir='ltr'><strong>EPIPHANIO.</strong></span> 
     </span>
    </p>
   </div>
   <div class='ocr_carea' id='block_1_86' title="bbox 1322 4704 2581 4776">
    <p class='ocr_par' dir='ltr' id='par_1_86' title="bbox 1322 4704 2581 4776">
     <span class='ocr_line' id='line_1_87' title="bbox 1322 4704 2581 4776; baseline -0.002 -19"><span class='ocrx_word' id='word_1_576' title='bbox 1322 4704 1399 4758; x_wconf 84' lang='lat' dir='ltr'><strong>De</strong></span> <span class='ocrx_word' id='word_1_577' title='bbox 1431 4707 1492 4758; x_wconf 78' lang='lat' dir='ltr'><strong>iis</strong></span> <span class='ocrx_word' id='word_1_578' title='bbox 1521 4724 1743 4776; x_wconf 86' lang='lat' dir='ltr'><strong>quorum</strong></span> <span class='ocrx_word' id='word_1_579' title='bbox 1772 4710 1875 4762; x_wconf 77' lang='lat' dir='ltr'><strong>vita</strong></span> <span class='ocrx_word' id='word_1_580' title='bbox 1901 4707 2154 4761; x_wconf 77' lang='lat' dir='ltr'><strong>doctrina:</strong></span> <span class='ocrx_word' id='word_1_581' title='bbox 2195 4721 2297 4758; x_wconf 89' lang='lat' dir='ltr'><strong>non</strong></span> <span class='ocrx_word' id='word_1_582' title='bbox 2321 4705 2581 4758; x_wconf 83' lang='lat' dir='ltr'><strong>convenit.</strong></span> 
     </span>
    </p>
   </div>
   <div class='ocr_carea' id='block_1_87' title="bbox 361 4789 1853 4873">
    <p class='ocr_par' dir='ltr' id='par_1_87' title="bbox 361 4789 1853 4873">
     <span class='ocr_line' id='line_1_88' title="bbox 361 4789 1853 4873; baseline 0.009 -32"><span class='ocrx_word' id='word_1_583' title='bbox 361 4790 582 4860; x_wconf 78' lang='grc' dir='ltr'>Ἐπειδὴ</span> <span class='ocrx_word' id='word_1_584' title='bbox 630 4789 932 4862; x_wconf 78' lang='grc' dir='ltr'>θαυμάζειν</span> <span class='ocrx_word' id='word_1_585' title='bbox 963 4793 1118 4864; x_wconf 76' lang='grc' dir='ltr'>ἔφης,</span> <span class='ocrx_word' id='word_1_586' title='bbox 1151 4796 1296 4859; x_wconf 84' lang='grc' dir='ltr'>ὅπως</span> <span class='ocrx_word' id='word_1_587' title='bbox 1334 4799 1383 4850; x_wconf 78' lang='lat' dir='ltr'><strong>oi</strong></span> <span class='ocrx_word' id='word_1_588' title='bbox 1421 4800 1519 4868; x_wconf 84' lang='grc' dir='ltr'><strong>μὲν</strong></span> <span class='ocrx_word' id='word_1_589' title='bbox 1550 4798 1683 4854; x_wconf 84' lang='grc' dir='ltr'>θεῖοι</span> <span class='ocrx_word' id='word_1_590' title='bbox 1714 4819 1853 4873; x_wconf 91' lang='grc' dir='ltr'>χρη-</span> 
     </span>
    </p>
   </div>
   <div class='ocr_carea' id='block_1_88' title="bbox 278 4881 1856 4959">
    <p class='ocr_par' dir='ltr' id='par_1_88' title="bbox 278 4881 1856 4959">
     <span class='ocr_line' id='line_1_89' title="bbox 278 4881 1856 4959; baseline 0.007 -25"><span class='ocrx_word' id='word_1_591' title='bbox 278 4882 408 4951; x_wconf 74' lang='grc' dir='ltr'>σμοὶ</span> <span class='ocrx_word' id='word_1_592' title='bbox 464 4881 695 4951; x_wconf 78' lang='grc' dir='ltr'>ἡσυχίαν</span> <span class='ocrx_word' id='word_1_593' title='bbox 754 4885 904 4954; x_wconf 79' lang='grc' dir='ltr'>ἡμᾶς</span> <span class='ocrx_word' id='word_1_594' title='bbox 963 4886 1118 4952; x_wconf 79' lang='grc' dir='ltr'>ἄγειν</span> <span class='ocrx_word' id='word_1_595' title='bbox 1169 4888 1302 4955; x_wconf 77' lang='grc' dir='ltr'>φασὶ</span> <span class='ocrx_word' id='word_1_596' title='bbox 1340 4889 1558 4959; x_wconf 83' lang='grc' dir='ltr'>χρῆναι,</span> <span class='ocrx_word' id='word_1_597' title='bbox 1619 4891 1720 4945; x_wconf 74' lang='grc' dir='ltr'><strong>κᾶν</strong></span> <span class='ocrx_word' id='word_1_598' title='bbox 1771 4909 1856 4956; x_wconf 85' lang='grc' dir='ltr'><strong>τις</strong></span> 
     </span>
    </p>
   </div>
   <div class='ocr_carea' id='block_1_89' title="bbox 279 4971 1854 5052">
    <p class='ocr_par' dir='ltr' id='par_1_89' title="bbox 279 4971 1854 5052">
     <span class='ocr_line' id='line_1_90' title="bbox 279 4971 1854 5052; baseline 0.008 -28"><span class='ocrx_word' id='word_1_599' title='bbox 279 4973 429 5042; x_wconf 76' lang='grc' dir='ltr'>ἡμᾶς</span> <span class='ocrx_word' id='word_1_600' title='bbox 474 4971 657 5043; x_wconf 82' lang='grc' dir='ltr'>ἀδικῇ,</span> <span class='ocrx_word' id='word_1_601' title='bbox 699 4975 749 5027; x_wconf 76' lang='grc' dir='ltr'>οἱ</span> <span class='ocrx_word' id='word_1_602' title='bbox 778 4974 1072 5029; x_wconf 82' lang='grc' dir='ltr'>δὲ-τούτων</span> <span class='ocrx_word' id='word_1_603' title='bbox 1101 4977 1438 5048; x_wconf 75' lang='grc' dir='ltr'>ἐρμηνευταὶ</span> <span class='ocrx_word' id='word_1_604' title='bbox 1480 4981 1540 5033; x_wconf 83' lang='grc' dir='ltr'><strong>οὑ</strong></span> <span class='ocrx_word' id='word_1_605' title='bbox 1575 4981 1854 5052; x_wconf 80' lang='grc' dir='ltr'>βούλονται</span> 
     </span>
    </p>
   </div>
   <div class='ocr_carea' id='block_1_90' title="bbox 280 5061 1856 5137">
    <p class='ocr_par' dir='ltr' id='par_1_90' title="bbox 280 5061 1856 5137">
     <span class='ocr_line' id='line_1_91' title="bbox 280 5061 1856 5137; baseline 0.008 -24"><span class='ocrx_word' id='word_1_606' title='bbox 280 5061 519 5132; x_wconf 79' lang='grc' dir='ltr'>ἡσυχίαν</span> <span class='ocrx_word' id='word_1_607' title='bbox 553 5062 729 5131; x_wconf 72' lang='grc' dir='ltr'>ἄγειν,</span> <span class='ocrx_word' id='word_1_608' title='bbox 764 5065 978 5129; x_wconf 83' lang='grc' dir='ltr'>οὐδενὸς</span> <span class='ocrx_word' id='word_1_609' title='bbox 1009 5068 1207 5132; x_wconf 77' lang='grc' dir='ltr'>αὐτοὺς</span> <span class='ocrx_word' id='word_1_610' title='bbox 1243 5071 1576 5136; x_wconf 83' lang='grc' dir='ltr'>ἀδικοῦντος.</span> <span class='ocrx_word' id='word_1_611' title='bbox 1615 5073 1734 5126; x_wconf 78' lang='grc' dir='ltr'><strong>Κάν</strong></span> <span class='ocrx_word' id='word_1_612' title='bbox 1773 5091 1856 5137; x_wconf 87' lang='grc' dir='ltr'><strong>τις</strong></span> 
     </span>
    </p>
   </div>
   <div class='ocr_carea' id='block_1_91' title="bbox 282 5153 1853 5234">
    <p class='ocr_par' dir='ltr' id='par_1_91' title="bbox 282 5153 1853 5234">
     <span class='ocr_line' id='line_1_92' title="bbox 282 5153 1853 5234; baseline 0.008 -27"><span class='ocrx_word' id='word_1_613' title='bbox 282 5153 482 5217; x_wconf 79' lang='grc' dir='ltr'>αὐτοὺς</span> <span class='ocrx_word' id='word_1_614' title='bbox 525 5153 767 5224; x_wconf 80' lang='grc' dir='ltr'>ἐλέγχειν</span> <span class='ocrx_word' id='word_1_615' title='bbox 814 5157 1141 5230; x_wconf 81' lang='grc' dir='ltr'>ἐπιχειροίη,</span> <span class='ocrx_word' id='word_1_616' title='bbox 1174 5161 1531 5234; x_wconf 82' lang='grc' dir='ltr'>λοιδορεῖσθαι</span> <span class='ocrx_word' id='word_1_617' title='bbox 1564 5164 1853 5234; x_wconf 83' lang='grc' dir='ltr'>φάσκουσι,</span> 
     </span>
    </p>
   </div>
   <div class='ocr_carea' id='block_1_92' title="bbox 281 5245 1855 5330">
    <p class='ocr_par' dir='ltr' id='par_1_92' title="bbox 281 5245 1855 5330">
     <span class='ocr_line' id='line_1_93' title="bbox 281 5245 1855 5330; baseline 0.009 -32"><span class='ocrx_word' id='word_1_618' title='bbox 281 5245 379 5298; x_wconf 76' lang='grc' dir='ltr'><strong>καὶ</strong></span> <span class='ocrx_word' id='word_1_619' title='bbox 406 5245 480 5308; x_wconf 86' lang='grc' dir='ltr'>ὡς</span> <span class='ocrx_word' id='word_1_620' title='bbox 509 5245 602 5298; x_wconf 71' lang='grc' dir='ltr'><strong>ἐπὶ</strong></span> <span class='ocrx_word' id='word_1_621' title='bbox 635 5245 960 5303; x_wconf 86' lang='grc' dir='ltr'>καθοσιώσει</span> <span class='ocrx_word' id='word_1_622' title='bbox 987 5252 1184 5308; x_wconf 85' lang='grc' dir='ltr'>ἁλόντα</span> <span class='ocrx_word' id='word_1_623' title='bbox 1214 5254 1369 5318; x_wconf 86' lang='grc' dir='ltr'>δίκας</span> <span class='ocrx_word' id='word_1_624' title='bbox 1398 5257 1694 5324; x_wconf 85' lang='grc' dir='ltr'>πράττουσι</span> <span class='ocrx_word' id='word_1_625' title='bbox 1721 5256 1855 5330; x_wconf 79' lang='lat'><strong>(‘26).</strong></span> 
     </span>
    </p>
   </div>
   <div class='ocr_carea' id='block_1_93' title="bbox 362 5355 861 5422">
    <p class='ocr_par' dir='ltr' id='par_1_93' title="bbox 362 5355 861 5422">
     <span class='ocr_line' id='line_1_94' title="bbox 362 5355 861 5422; baseline 0.006 -13"><span class='ocrx_word' id='word_1_626' title='bbox 362 5358 406 5389; x_wconf 75' lang='grc' dir='ltr'><strong>ι·</strong></span> <span class='ocrx_word' id='word_1_627' title='bbox 447 5355 638 5410; x_wconf 82' lang='lat' dir='ltr'><strong>Matth.</strong></span> <span class='ocrx_word' id='word_1_628' title='bbox 679 5370 732 5422; x_wconf 88' lang='lat' dir='ltr'><strong>v,</strong></span> <span class='ocrx_word' id='word_1_629' title='bbox 770 5357 861 5412; x_wconf 74' lang='lat' dir='ltr'><strong>eo.</strong></span> 
     </span>
    </p>
   </div>
   <div class='ocr_carea' id='block_1_94' title="bbox 2033 4796 3547 4866">
    <p class='ocr_par' dir='ltr' id='par_1_94' title="bbox 2033 4796 3547 4866">
     <span class='ocr_line' id='line_1_95' title="bbox 2033 4796 3547 4866; baseline 0.002 -15"><span class='ocrx_word' id='word_1_630' title='bbox 2033 4796 2481 4866; x_wconf 87' lang='lat' dir='ltr'><strong>Quandoquidem</strong></span> <span class='ocrx_word' id='word_1_631' title='bbox 2511 4796 2694 4850; x_wconf 90' lang='lat' dir='ltr'><strong>mirari</strong></span> <span class='ocrx_word' id='word_1_632' title='bbox 2731 4805 2783 4851; x_wconf 89' lang='lat' dir='ltr'><strong>te</strong></span> <span class='ocrx_word' id='word_1_633' title='bbox 2810 4797 2890 4851; x_wconf 87' lang='lat' dir='ltr'><strong>ais</strong></span> <span class='ocrx_word' id='word_1_634' title='bbox 2915 4810 3104 4851; x_wconf 83' lang='lat' dir='ltr'><strong>sacras</strong></span> <span class='ocrx_word' id='word_1_635' title='bbox 3135 4796 3367 4852; x_wconf 84' lang='lat' dir='ltr'><strong>Litteras</strong></span> <span class='ocrx_word' id='word_1_636' title='bbox 3399 4808 3547 4854; x_wconf 85' lang='lat' dir='ltr'><strong>tran-</strong></span> 
     </span>
    </p>
   </div>
   <div class='ocr_carea' id='block_1_95' title="bbox 1954 4888 3546 4962">
    <p class='ocr_par' dir='ltr' id='par_1_95' title="bbox 1954 4888 3546 4962">
     <span class='ocr_line' id='line_1_96' title="bbox 1954 4888 3546 4962; baseline 0.001 -17"><span class='ocrx_word' id='word_1_637' title='bbox 1954 4892 2123 4962; x_wconf 87' lang='lat' dir='ltr'><strong>quillo</strong></span> <span class='ocrx_word' id='word_1_638' title='bbox 2159 4903 2216 4944; x_wconf 91' lang='lat' dir='ltr'><strong>ut</strong></span> <span class='ocrx_word' id='word_1_639' title='bbox 2245 4890 2415 4944; x_wconf 87' lang='lat' dir='ltr'><strong>simus</strong></span> <span class='ocrx_word' id='word_1_640' title='bbox 2440 4888 2764 4956; x_wconf 86' lang='lat' dir='ltr'><strong>placidoque</strong></span> <span class='ocrx_word' id='word_1_641' title='bbox 2795 4888 2980 4942; x_wconf 88' lang='lat' dir='ltr'><strong>animo</strong></span> <span class='ocrx_word' id='word_1_642' title='bbox 3011 4889 3301 4957; x_wconf 86' lang='lat' dir='ltr'><strong>imperare,</strong></span> <span class='ocrx_word' id='word_1_643' title='bbox 3330 4891 3546 4946; x_wconf 79' lang='lat' dir='ltr'><strong>etiarnsi</strong></span> 
     </span>
    </p>
   </div>
   <div class='ocr_carea' id='block_1_96' title="bbox 1957 4979 3545 5055">
    <p class='ocr_par' dir='ltr' id='par_1_96' title="bbox 1957 4979 3545 5055">
     <span class='ocr_line' id='line_1_97' title="bbox 1957 4979 3545 5055; baseline -0.003 -16"><span class='ocrx_word' id='word_1_644' title='bbox 1957 4984 2076 5055; x_wconf 89' lang='lat' dir='ltr'><strong>quis</strong></span> <span class='ocrx_word' id='word_1_645' title='bbox 2126 4982 2284 5038; x_wconf 70' lang='lat' dir='ltr'><strong>laedat</strong></span> <span class='ocrx_word' id='word_1_646' title='bbox 2313 4981 2618 5049; x_wconf 89' lang='lat' dir='ltr'><strong>iujuriaque</strong></span> <span class='ocrx_word' id='word_1_647' title='bbox 2663 4979 2860 5034; x_wconf 68' lang='lat' dir='ltr'><strong>alliciat</strong></span> <span class='ocrx_word' id='word_1_648' title='bbox 2897 4979 2980 5045; x_wconf 79' lang='lat'><strong>&quot;;</strong></span> <span class='ocrx_word' id='word_1_649' title='bbox 3021 4980 3112 5049; x_wconf 91' lang='lat' dir='ltr'><strong>qui</strong></span> <span class='ocrx_word' id='word_1_650' title='bbox 3160 4995 3288 5034; x_wconf 85' lang='lat' dir='ltr'><strong>vero</strong></span> <span class='ocrx_word' id='word_1_651' title='bbox 3319 4979 3435 5049; x_wconf 79' lang='lat' dir='ltr'><strong>ejus</strong></span> <span class='ocrx_word' id='word_1_652' title='bbox 3463 4981 3545 5036; x_wconf 88' lang='lat' dir='ltr'><strong>in—</strong></span> 
     </span>
    </p>
   </div>
   <div class='ocr_carea' id='block_1_97' title="bbox 1960 5071 3546 5147">
    <p class='ocr_par' dir='ltr' id='par_1_97' title="bbox 1960 5071 3546 5147">
     <span class='ocr_line' id='line_1_98' title="bbox 1960 5071 3546 5147; baseline -0.002 -17"><span class='ocrx_word' id='word_1_653' title='bbox 1960 5084 2226 5147; x_wconf 88' lang='lat' dir='ltr'><strong>terpretes</strong></span> <span class='ocrx_word' id='word_1_654' title='bbox 2251 5074 2548 5142; x_wconf 65' lang='lat' dir='ltr'><strong>Scriptura:</strong></span> <span class='ocrx_word' id='word_1_655' title='bbox 2577 5073 2850 5128; x_wconf 80' lang='lat' dir='ltr'><strong>exsistunt</strong></span> <span class='ocrx_word' id='word_1_656' title='bbox 2878 5073 3160 5140; x_wconf 89' lang='lat' dir='ltr'><strong>quiescere</strong></span> <span class='ocrx_word' id='word_1_657' title='bbox 3191 5071 3403 5131; x_wconf 88' lang='lat' dir='ltr'><strong>nolunt,</strong></span> <span class='ocrx_word' id='word_1_658' title='bbox 3443 5075 3546 5128; x_wconf 90' lang='lat' dir='ltr'><strong>etsi</strong></span> 
     </span>
    </p>
   </div>
   <div class='ocr_carea' id='block_1_98' title="bbox 1957 5163 3552 5235">
    <p class='ocr_par' dir='ltr' id='par_1_98' title="bbox 1957 5163 3552 5235">
     <span class='ocr_line' id='line_1_99' title="bbox 1957 5163 3552 5235; baseline 0 -14"><span class='ocrx_word' id='word_1_659' title='bbox 1957 5181 1987 5221; x_wconf 87' lang='lat' dir='ltr'><strong>a</strong></span> <span class='ocrx_word' id='word_1_660' title='bbox 2048 5167 2263 5221; x_wconf 90' lang='lat' dir='ltr'><strong>nemine</strong></span> <span class='ocrx_word' id='word_1_661' title='bbox 2312 5165 2608 5231; x_wconf 75' lang='lat' dir='ltr'><strong>lredantnr;</strong></span> <span class='ocrx_word' id='word_1_662' title='bbox 2643 5173 2698 5219; x_wconf 93' lang='lat' dir='ltr'><strong>et</strong></span> <span class='ocrx_word' id='word_1_663' title='bbox 2733 5165 2777 5218; x_wconf 90' lang='lat' dir='ltr'><strong>si</strong></span> <span class='ocrx_word' id='word_1_664' title='bbox 2811 5165 2934 5233; x_wconf 89' lang='lat' dir='ltr'><strong>quis</strong></span> <span class='ocrx_word' id='word_1_665' title='bbox 2977 5163 3122 5234; x_wconf 84' lang='lat' dir='ltr'><strong>ipsos</strong></span> <span class='ocrx_word' id='word_1_666' title='bbox 3154 5163 3552 5235; x_wconf 82' lang='lat' dir='ltr'><strong>reprehendere</strong></span> 
     </span>
    </p>
   </div>
   <div class='ocr_carea' id='block_1_99' title="bbox 1957 5257 3552 5328">
    <p class='ocr_par' dir='ltr' id='par_1_99' title="bbox 1957 5257 3552 5328">
     <span class='ocr_line' id='line_1_100' title="bbox 1957 5257 3552 5328; baseline -0.001 -14"><span class='ocrx_word' id='word_1_667' title='bbox 1957 5270 2206 5325; x_wconf 91' lang='lat' dir='ltr'><strong>conetur,</strong></span> <span class='ocrx_word' id='word_1_668' title='bbox 2239 5258 2398 5313; x_wconf 91' lang='lat' dir='ltr'><strong>irrisu</strong></span> <span class='ocrx_word' id='word_1_669' title='bbox 2440 5257 2806 5327; x_wconf 87' lang='lat' dir='ltr'><strong>conviciisque</strong></span> <span class='ocrx_word' id='word_1_670' title='bbox 2844 5257 3065 5313; x_wconf 86' lang='lat' dir='ltr'><strong>onerari</strong></span> <span class='ocrx_word' id='word_1_671' title='bbox 3120 5272 3182 5314; x_wconf 85' lang='lat' dir='ltr'><strong>se</strong></span> <span class='ocrx_word' id='word_1_672' title='bbox 3221 5269 3552 5328; x_wconf 81' lang='lat' dir='ltr'><strong>queruntur,</strong></span> 
     </span>
    </p>
   </div>
   <div class='ocr_carea' id='block_1_100' title="bbox 1383 5450 2430 5512">
    <p class='ocr_par' dir='ltr' id='par_1_100' title="bbox 1383 5450 2430 5512">
     <span class='ocr_line' id='line_1_101' title="bbox 1383 5450 2430 5512; baseline 0.004 -6"><span class='ocrx_word' id='word_1_673' title='bbox 1383 5450 1612 5506; x_wconf 67' lang='grc' dir='ltr'><strong>νΑΒΙίΕ</strong></span> <span class='ocrx_word' id='word_1_674' title='bbox 1648 5453 2034 5511; x_wconf 84' lang='lat' dir='ltr'><strong>LECTIONES</strong></span> <span class='ocrx_word' id='word_1_675' title='bbox 2070 5455 2155 5511; x_wconf 82' lang='grc' dir='ltr'>ΕΤ</span> <span class='ocrx_word' id='word_1_676' title='bbox 2196 5455 2430 5512; x_wconf 64' lang='lat' dir='ltr'><strong>NOTAE.</strong></span> 
     </span>
    </p>
   </div>
   <div class='ocr_carea' id='block_1_101' title="bbox 362 5580 1860 5655">
    <p class='ocr_par' dir='ltr' id='par_1_101' title="bbox 362 5580 1860 5655">
     <span class='ocr_line' id='line_1_102' title="bbox 362 5580 1860 5655; baseline 0.004 -21"><span class='ocrx_word' id='word_1_677' title='bbox 362 5580 474 5650; x_wconf 60' lang='lat'><strong>(“26)</strong></span> <span class='ocrx_word' id='word_1_678' title='bbox 503 5581 612 5655; x_wconf 80' lang='lat' dir='ltr'><strong>Ka_l</strong></span> <span class='ocrx_word' id='word_1_679' title='bbox 639 5581 845 5655; x_wconf 52' lang='lat' dir='ltr'><strong>dtgéﬂl</strong></span> <span class='ocrx_word' id='word_1_680' title='bbox 880 5582 1232 5655; x_wconf 66' lang='grc' dir='ltr'>καθοσιώσει</span> <span class='ocrx_word' id='word_1_681' title='bbox 1261 5584 1467 5638; x_wconf 69' lang='grc' dir='ltr'>ἁλόντι</span> <span class='ocrx_word' id='word_1_682' title='bbox 1492 5584 1662 5643; x_wconf 72' lang='grc' dir='ltr'>δίκας</span> <span class='ocrx_word' id='word_1_683' title='bbox 1685 5588 1860 5655; x_wconf 67' lang='lat' dir='ltr'><strong>apric-</strong></span> 
     </span>
    </p>
   </div>
   <div class='ocr_carea' id='block_1_102' title="bbox 292 5651 1860 5723">
    <p class='ocr_par' dir='ltr' id='par_1_102' title="bbox 292 5651 1860 5723">
     <span class='ocr_line' id='line_1_103' title="bbox 292 5651 1860 5723; baseline 0.004 -20"><span class='ocrx_word' id='word_1_684' title='bbox 292 5666 523 5723; x_wconf 72' lang='lat' dir='ltr'><strong>tovo&#39;tr.</strong></span> <span class='ocrx_word' id='word_1_685' title='bbox 574 5651 818 5723; x_wconf 73' lang='lat' dir='ltr'><strong>Reddidi.</strong></span> <span class='ocrx_word' id='word_1_686' title='bbox 868 5651 1003 5705; x_wconf 82' lang='lat' dir='ltr'><strong>velut</strong></span> <span class='ocrx_word' id='word_1_687' title='bbox 1056 5653 1437 5723; x_wconf 33' lang='lat' dir='ltr'><strong>inuaacrilegio</strong></span> <span class='ocrx_word' id='word_1_688' title='bbox 1487 5651 1860 5721; x_wconf 74' lang='lat' dir='ltr'><strong>deprehensum</strong></span> 
     </span>
    </p>
   </div>
   <div class='ocr_carea' id='block_1_103' title="bbox 292 5719 1863 5797">
    <p class='ocr_par' dir='ltr' id='par_1_103' title="bbox 292 5719 1863 5797">
     <span class='ocr_line' id='line_1_104' title="bbox 292 5719 1863 5797; baseline 0.005 -23"><span class='ocrx_word' id='word_1_689' title='bbox 292 5719 471 5788; x_wconf 78' lang='lat' dir='ltr'><strong>puniri</strong></span> <span class='ocrx_word' id='word_1_690' title='bbox 495 5723 690 5777; x_wconf 75' lang='lat' dir='ltr'><strong>volunt.</strong></span> <span class='ocrx_word' id='word_1_691' title='bbox 717 5719 868 5777; x_wconf 78' lang='lat' dir='ltr'><strong>Alter</strong></span> <span class='ocrx_word' id='word_1_692' title='bbox 893 5732 1048 5779; x_wconf 82' lang='lat' dir='ltr'><strong>antea</strong></span> <span class='ocrx_word' id='word_1_693' title='bbox 1077 5741 1089 5779; x_wconf 87' lang='lat'><strong>:</strong></span> <span class='ocrx_word' id='word_1_694' title='bbox 1117 5721 1313 5780; x_wconf 83' lang='lat' dir='ltr'><strong>Verum</strong></span> <span class='ocrx_word' id='word_1_695' title='bbox 1347 5719 1487 5780; x_wconf 81' lang='lat' dir='ltr'><strong>éuim</strong></span> <span class='ocrx_word' id='word_1_696' title='bbox 1522 5719 1863 5797; x_wconf 80' lang='lat' dir='ltr'><strong>sacrilegium</strong></span> 
     </span>
    </p>
   </div>
   <div class='ocr_carea' id='block_1_104' title="bbox 1971 5587 3550 5656">
    <p class='ocr_par' dir='ltr' id='par_1_104' title="bbox 1971 5587 3550 5656">
     <span class='ocr_line' id='line_1_105' title="bbox 1971 5587 3550 5656; baseline 0.003 -15"><span class='ocrx_word' id='word_1_697' title='bbox 1971 5595 2051 5641; x_wconf 86' lang='lat' dir='ltr'><strong>est</strong></span> <span class='ocrx_word' id='word_1_698' title='bbox 2083 5587 2328 5642; x_wconf 87' lang='lat' dir='ltr'><strong>homines</strong></span> <span class='ocrx_word' id='word_1_699' title='bbox 2367 5588 2482 5656; x_wconf 90' lang='lat' dir='ltr'><strong>pios</strong></span> <span class='ocrx_word' id='word_1_700' title='bbox 2529 5597 2581 5642; x_wconf 88' lang='lat' dir='ltr'><strong>et</strong></span> <span class='ocrx_word' id='word_1_701' title='bbox 2626 5589 2735 5642; x_wconf 87' lang='lat' dir='ltr'><strong>Deo</strong></span> <span class='ocrx_word' id='word_1_702' title='bbox 2776 5597 3126 5645; x_wconf 85' lang='lat' dir='ltr'><strong>consecratos</strong></span> <span class='ocrx_word' id='word_1_703' title='bbox 3177 5590 3461 5646; x_wconf 88' lang='lat' dir='ltr'><strong>traducere</strong></span> <span class='ocrx_word' id='word_1_704' title='bbox 3496 5602 3550 5647; x_wconf 78' lang='lat' dir='ltr'><strong>et</strong></span> 
     </span>
    </p>
   </div>
   <div class='ocr_carea' id='block_1_105' title="bbox 1971 5657 3544 5729">
    <p class='ocr_par' dir='ltr' id='par_1_105' title="bbox 1971 5657 3544 5729">
     <span class='ocr_line' id='line_1_106' title="bbox 1971 5657 3544 5729; baseline 0.002 -20"><span class='ocrx_word' id='word_1_705' title='bbox 1971 5657 2310 5729; x_wconf 80' lang='lat' dir='ltr'><strong>calumniari,</strong></span> <span class='ocrx_word' id='word_1_706' title='bbox 2346 5659 2488 5729; x_wconf 91' lang='lat' dir='ltr'><strong>quod</strong></span> <span class='ocrx_word' id='word_1_707' title='bbox 2513 5669 2564 5713; x_wconf 90' lang='lat' dir='ltr'><strong>et</strong></span> <span class='ocrx_word' id='word_1_708' title='bbox 2592 5658 2753 5713; x_wconf 64' lang='lat' dir='ltr'><strong>larvas</strong></span> <span class='ocrx_word' id='word_1_709' title='bbox 2777 5660 3084 5729; x_wconf 79' lang='lat' dir='ltr'><strong>bujusmodi</strong></span> <span class='ocrx_word' id='word_1_710' title='bbox 3127 5663 3463 5727; x_wconf 70' lang='lat' dir='ltr'><strong>praztendunt</strong></span> <span class='ocrx_word' id='word_1_711' title='bbox 3503 5679 3544 5713; x_wconf 65' lang='lat' dir='ltr'><strong>si</strong></span> 
     </span>
    </p>
   </div>
   <div class='ocr_carea' id='block_1_106' title="bbox 1973 5728 3548 5800">
    <p class='ocr_par' dir='ltr' id='par_1_106' title="bbox 1973 5728 3548 5800">
     <span class='ocr_line' id='line_1_107' title="bbox 1973 5728 3548 5800; baseline 0.001 -18"><span class='ocrx_word' id='word_1_712' title='bbox 1973 5728 2038 5783; x_wconf 87' lang='lat' dir='ltr'><strong>de</strong></span> <span class='ocrx_word' id='word_1_713' title='bbox 2087 5728 2324 5798; x_wconf 80' lang='lat' dir='ltr'><strong>peccatis</strong></span> <span class='ocrx_word' id='word_1_714' title='bbox 2375 5728 2626 5800; x_wconf 84' lang='lat' dir='ltr'><strong>vitiisque</strong></span> <span class='ocrx_word' id='word_1_715' title='bbox 2667 5728 3078 5786; x_wconf 80' lang='lat' dir='ltr'><strong>admoneamur.</strong></span> <span class='ocrx_word' id='word_1_716' title='bbox 3134 5729 3209 5786; x_wconf 81' lang='lat' dir='ltr'><strong>De</strong></span> <span class='ocrx_word' id='word_1_717' title='bbox 3259 5745 3385 5786; x_wconf 87' lang='lat' dir='ltr'><strong>voce</strong></span> <span class='ocrx_word' id='word_1_718' title='bbox 3425 5733 3548 5785; x_wconf 70' lang='grc' dir='ltr'>καθ-</span> 
     </span>
    </p>
   </div>
  </div>
