3992 6448
251 266 389 330 1437

1103 273 1639 337 EPISTOLARUM
1677 277 1824 336 LIB.
1849 275 1936 336 Υ.
1967 299 2034 310 ·-·
2064 275 2302 336 EPIST.
2345 275 2698 340 CLXXXVI.

3411 275 3546 342 liii-‘3

251 378 479 443 σιώδους
512 379 702 452 βουλῆς
736 383 1068 457 ἐμπόδισμα.
1094 385 1278 439 Ταῦτα
1309 387 1697 460 συνεχώρησαν
1727 388 1834 441 τῶν

1939 385 2043 443 bus
2095 388 2348 444 illudens.
2396 390 2635 445 Tametsi
2698 389 2816 445 hac
2871 389 3185 460 spectacula
3241 406 3419 462 neque
3460 395 3545 449 vi-

248 469 554 529 ὶλαττόνων
586 471 691 540 (ὡς
737 473 1032 546 ᾠήθησαν)
1069 474 1369 546 ὠνούμενοι
1406 478 1475 532 τὰ
1521 479 1714 549 μείζω,
1741 478 1840 551 τὴν

245 562 485 632 ἡσυχίαν
506 563 602 634 τὴν
626 564 943 632 ἀσφάλειαν
963 568 1114 630 νέους
1131 566 1186 621 δὲ
1212 570 1583 640 τρεφομένους
1604 573 1682 635 είς
1705 573 1836 643 ἀρε-

245 652 374 723 τὴν,
411 655 504 708 καὶ
526 655 622 725 τὴν
657 657 948 728 καλλίστην
972 658 1239 730 ἁρμονίαν
1273 663 1714 734 ἀρμοττομένους
1733 703 1749 729 ,
1775 665 1836 717 ού

246 743 408 816 θέμις
440 747 531 800 ἐπὶ
553 747 649 819 τὴν
682 751 973 820 μετουσίαν
1001 750 1203 806 τούτων
1236 755 1392 814 ίέναι.
1418 755 1524 808 οὐδ’
1557 755 1754 826 ἄνδρας
1780 755 1838 809 δὲ

242 834 356 888 τῶν
372 837 584 891 οἰκείων
600 839 784 910 ψυχῶν
809 842 1288 914 ἐπιμελουμένους
1309 845 1505 899 οὐκοῦν
1525 846 1633 900 οὐδ’
1657 849 1834 920 ἀπέρ-

244 944 434 997 χονται
466 931 800 999 μεθέξοντες,
839 934 952 988 ἀλλ’
974 937 1231 1006 ἀμείνους
1262 938 1414 1009 παρὰ
1444 939 1661 994 πάντων
1696 937 1834 993 εἶναι

221 1018 548 1090 κέκρινται,
587 1024 864 1094 κρείττους
890 1026 1041 1091 ὄντες
1070 1029 1168 1099 τῆς
1198 1029 1441 1100 ὀλεθρίου
1467 1031 1673 1102 ταύτης
1706 1032 1832 1104 τέρ-

243 1106 395 1175 ψεως
429 1111 522 1163 καὶ
552 1113 765 1180 μάλισθ’
801 1114 880 1167 ὅτι
913 1117 1004 1170 καὶ
1043 1118 1246 1179 πόλεώς
1276 1122 1324 1173 τ’
1355 1121 1404 1174 εί
1432 1122 1527 1175 καὶ
1554 1122 1754 1187 πάντες
1783 1125 1830 1179 oi

244 1201 607 1272 συρφετώδεις
633 1207 723 1258 καὶ
754 1208 1000 1279 ἀγοραῖοι
1029 1212 1545 1283 γνωσιμαζιήσαντες
1573 1213 1670 1277 τὰς
1701 1216 1831 1284 ἡσυτ

239 1291 368 1361 χίας
384 1289 536 1364 ἦγον.
566 1297 660 1350 καὶ
680 1298 994 1370 φιλοσοφίαν
1021 1303 1349 1373 ἠσπάζοντο,
1382 1305 1694 1360 ὲκέκλειστο
1731 1308 1830 1379 μὲν

237 1382 311 1437 ἂν
339 1384 408 1438 τὰ
436 1385 683 1460 θέατραῆ
712 1393 806 1445 καὶ
827 1394 1151 1466 ἀνοιγόμενα
1181 1396 1370 1450 οὐδένα
1391 1399 1655 1468 ἐπήγετοο
1674 1400 1829 1454 ἀπώ-

239 1473 365 1529 λετο
382 1477 426 1529 δ’
444 1479 510 1532 ἂν
528 1482 619 1533 καὶ
630 1483 787 1553 ἡτῶν
803 1486 983 1550 αὐτοῖς
1005 1487 1192 1551 κακῶς
1209 1488 1628 1560 ἀγωνιζομένων
1641 1491 1826 1562 τέχνη,

241 1569 446 1636 μᾶλλον
481 1571 538 1626 δὲ
581 1579 934 1647 κακοτεχνία·
969 1581 1063 1634 καὶ⁵
1101 1581 1229 1652 τρία
1263 1582 1332 1636 τὰ
1355 1583 1587 1654 μέγιστα
1609 1584 1824 1656 κατώρ-

240 1659 386 1714 θωτο
410 1662 494 1728 ἂν,
522 1666 556 1736 ἦ
585 1683 642 1718 τε
673 1668 782 1721 τῶν
803 1669 993 1740 ψυχῶν
1025 1673 1293 1743 σωτηρία,
1325 1674 1359 1745 ἦ
1391 1691 1448 1727 τε
1483 1673 1592 1727 τῶν
1615 1675 1822 1729 πόλεων

1946 480 2178 536 deantur
2212 482 2367 550 plena
2403 482 2679 537 seditiosae
2724 481 3151 538 machinationis
3181 481 3542 553 impedimen-

1943 581 2080 638 tum,
2115 581 2373 642 tauquam
2412 571 2592 627 minus
2659 572 2862 628 malum
2919 575 3034 629 haec
3099 575 3536 631 continuarunta

1941 663 2261 730 majoribus,
2293 674 2351 718 ut
2383 665 2602 734 quidem
2661 665 2910 719 arbitrati
2945 676 3076 720 sunt
3112 685 3126 723 :
3165 668 3216 722 id
3247 669 3390 737 quod
3429 684 3563 724 man

1933 753 2024 824 jus
2053 766 2159 820 est,
2195 768 2439 811 ementes
2495 757 2734 826 quietem
2781 765 2832 812 et
2889 760 3266 815 securitatem.
3298 758 3538 815 Juvenes

1936 860 2065 901 vero
2092 847 2157 900 ad
2192 849 2446 902 virtutem
2475 849 2776 914 institutos,
2813 859 2868 903 et
2922 851 3282 920 pulcherrima
3335 868 3534 908 conve-

1937 939 2149 992 nientes
2214 938 2498 994 harmonia
2543 941 2835 995 iuterresse
2869 941 2935 995 iis
2974 958 3078 996 non
3131 945 3442 1013 Oportebat,
3474 959 3536 1000 ac

1936 1045 2004 1086 ne
2028 1045 2159 1086 voce
2188 1032 2404 1100 quidem
2435 1034 2631 1102 quibus
2651 1035 2846 1088 anima:
2869 1033 3016 1090 salus
3043 1036 3191 1097 cordi
3227 1046 3390 1091 esset.
3418 1034 3534 1090 Non

1936 1121 2120 1192 itaque
2181 1124 2556 1195 frequentant,
2589 1130 2682 1181 sed
2730 1128 3012 1196 piobiores
3046 1129 3356 1198 habentur;
3391 1131 3537 1200 quod

1934 1216 2150 1270 noxiam
2212 1217 2358 1271 illam
2419 1221 2704 1287 spectandi
2758 1230 3112 1276 contemnant
3163 1222 3531 1292 voluntatem;

1932 1312 2234 1377 praesertim
2260 1324 2384 1365 cum
2436 1311 2672 1381 plurimi,
2711 1312 2822 1367 imo
2855 1328 3048 1369 outnes
3112 1315 3275 1368 etiam
3332 1315 3532 1386 plebeii

1933 1402 2316 1472 resipiscentes
2354 1419 2384 1457 a
2423 1405 2754 1475 spectaculis
2798 1415 2853 1460 et
2910 1407 3302 1461 certaminibus
3363 1407 3534 1462 absti-

1932 1496 2170 1560 nuerint,
2205 1496 2605 1567 philosophiam
2652 1499 2798 1553 serio
2829 1498 3084 1568 amplexi.
3112 1497 3309 1554 Clausa
3347 1500 3536 1572 itaque

1921 1596 2056 1640 sunt
2090 1587 2321 1653 theatra,
2363 1599 2417 1643 et
2450 1605 2571 1659 quae
2601 1599 2788 1658 aperta
2845 1600 3023 1652 erant,
3055 1606 3084 1650 a
3139 1591 3359 1646 nemine
3413 1586 3527 1647 ire-

1928 1679 2355 1746 qnentabantur.
2396 1678 2564 1735 Periit
2616 1697 2743 1736 vero
2799 1697 3094 1751 pravorum
3157 1682 3530 1752 agonistarum

238 1751 599 1819 κατάστασις,
653 1758 685 1828 ἢ
727 1777 786 1812 τε
821 1761 929 1814 τῶν
977 1764 1255 1836 ἀρχόντων
1296 1766 1585 1836 ἀσφάλεια.
1637 1767 1824 1824 Ταῦτα

1932 1785 2042 1838 ars,
2074 1786 2165 1826 seu
2196 1772 2376 1842 potius
2410 1789 2668 1844 perversa
2714 1790 2826 1838 ars,
2863 1774 3082 1845 triaque
3132 1775 3355 1830 maximi
3416 1790 3522 1830 mo-

238 1841 342 1910 μὲν
401 1841 494 1896 οἷν
545 1847 853 1903 ἀκουόντων
921 1854 1072 1924 παρὰ
1141 1857 1240 1926 τῆς
1304 1856 1403 1926 σῆς
1459 1856 1819 1921 παιδεύσεως.

248 1935 472 2010 Ἐπειδὴ
494 1938 550 1991 δὲ
575 1942 668 1994 καὶ
691 1942 790 2013 τὴν
810 1945 949 2014 ἐμὴν
970 1947 1190 2015 κινῆσαι
1214 1947 1460 2016 γλῶτταν
1484 1949 1594 2001 δεῖν
1611 1945 1824 2021 ᾠήθης,

211 2024 314 2088 -ὼς
358 2030 569 2097 μεγάλα
609 2034 732 2086 τινὰ
766 2035 934 2107 (ὅπερ
980 2038 1079 2091 οὐκ
1121 2033 1312 2113 οἶμαι)
1358 2040 1686 2108 ἅνύσουσαν,
1737 2045 1823 2097 ἵνα

235 2117 314 2188 μὴ
346 2118 483 2185 δόξω
513 2139 572 2177 σε
593 2125 805 2199 λυπεῖν,
841 2130 1093 2203 καὶπρὸς
1121 2132 1320 2196 αὐτοὺς
1351 2133 1623 2203 γέγραφα·

1931 1863 2101 1918 menti
2167 1863 2307 1921 bona
2387 1876 2517 1920 sunt
2581 1870 3266 1923 consecutazauimorum
3321 1869 3533 1926 scilicet

1924 1954 2096 2021 salus,
2145 1964 2293 2012 recta
2335 1957 2648 2026 reipublicae
2697 1960 2991 2026 institutio,
3049 1961 3283 2031 denique
3339 1976 3528 2016 eorum

1926 2045 2018 2114 qui
2079 2057 2338 2115 praesunt,
2388 2051 2679 2104 securitas.
2751 2051 2878 2106 llaec
2937 2053 3131 2123 itaque
3188 2053 3530 2107 auditoribus

1924 2138 2227 2210 disciplina:
2277 2151 2382 2195 tute
2428 2144 2756 2199 commissis.
2789 2143 3018 2210 Quando
3050 2159 3178 2200 vero
3211 2145 3325 2201 [nec
3358 2145 3525 2200 etiarn

231 2225 264 2264 α
299 2213 861 2274 meilissereudaesse
885 2223 1822 2296 duxeris,velutimagnaquzedam,
1897 2229 1992 2284 sed
2053 2232 2242 2288 nescio
2304 2248 2371 2288 an
2429 2233 2738 2304 profutura,
2794 2252 2860 2292 ne
2950 2245 3004 2293 te
3074 2237 3260 2292 videar
3317 2237 3558 2294 contri-'

235 2314 408 2372 stare,
467 2309 533 2362 ad
611 2311 734 2366 illos
807 2315 969 2371 etiam
1061 2319 1342 2388 sequentia
1426 2319 1825 2388 praescribeuda
1863 2322 2012 2378 duxi.

523 2422 714 2490 Ρηςι.
763 2455 834 2464 -
883 2425 1217 2483 ΕΛΛΠΝΩΝ
1255 2431 1507 2485 ΠΑΙΣΙΝ.

2143 2437 2554 2496 CLXXXVl.-—
2573 2439 2987 2498 GRECORUM
3017 2441 3310 2497 LlBERlS.

232 2507 314 2562 De
351 2513 531 2566 eadem
564 2529 626 2568 ro
669 2532 702 2569 a
725 2520 1039 2604 ιρρειςιειιίὶι
1071 2532 1118 2576 et
1159 2522 1299 2604 ιιιιίὴ
1338 2537 1528 2604 pueros
1562 2534 1792 2604 revocat.
1836 2524 2095 2604 Virtutem
2129 2532 2193 2583 iis
2249 2534 2601 2604 commendat,
2657 2536 2854 2589 divitiis
2883 2536 3193 2604 praeferens,
3219 2543 3272 2589 at
3311 2536 3383 2591 ad
3407 2555 3526 2594 eam

802 2587 1075 2644 colendam
1103 2593 1314 2660 prolixa
1338 2587 1674 2662 elegautt'que
1699 2595 1796 2648 hac
1834 2598 1989 2664 epist.
2019 2602 2289 2654 hortatur.
2324 2601 2561 2672 (Confer.
2589 2587 2748 2672 'epist.
2796 2587 2946 2674 109‘.)

306 2686 379 2746 Ὦ
399 2694 662 2770 μειράκια
695 2698 822 2771 (χρὴ
867 2700 974 2775 γὰρ
1009 2704 1139 2773 ύμῖν
1194 2706 1522 2776 ἀρχομένοις
1564 2705 1668 2760 τοῦ
1700 2707 1819 2777 βίου

236 2785 405 2856 μηδὲν
443 2791 750 2860 παράλογον
795 2795 1022 2866 φράσαι,
1064 2798 1204 2852 ἀλλὰ
1243 2799 1340 2870 τὴν
1395 2801 1657 2872 ἀλήθειαν
1711 2804 1820 2856 ἀπο

233 2878 558 2950 αμφιάσαι),
600 2889 819 2938 πάντων
864 2888 972 2940 τῶν
1002 2888 1170 2941 ὄντων
1209 2891 1240 2960 ἢ
1269 2891 1570 2947 δοκούντων
1601 2894 1819 2962 ἀγαθῶν

237 2967 498 3037 μέγιστόν
525 2989 581 3024 τε
608 2975 698 3027 καὶ
727 2975 1010 3029 κάλλιστόν
1038 2979 1185 3030 ἐστιν
1230 2982 1262 3048 ὴ
1297 2981 1465 3051 ἀρετή
1490 2997 1501 3010 '
1543 2985 1637 3036 καὶ
1683 3001 1816 3037 ταυ-
1853 2998 1894 3051 Β

231 3059 327 3114 τόν
360 3063 500 3114 εἰσιν
523 3066 573 3117 oi
611 3066 787 3138 ταύτῃ
823 3069 1182 3138 συμϐιοῦντες
1210 3073 1344 3143 πρὸς
1374 3076 1499 3138 τοὺς
1524 3077 1820 3148 ἀμοιροῦν-

232 3167 356 3213 τας,
387 3153 527 3224 ὅπερ
545 3157 742 3210 ἐκεῖνοι
765 3158 866 3228 μὲν
891 3163 1023 3229 πρὸς
1037 3161 1105 3214 τὰ
1127 3163 1290 3233 θηρία
1309 3179 1322 3193 ⁸
1342 3166 1563 3234 ἄγγελοι
1599 3167 1655 3220 δὲ
1682 3169 1820 3239 πρὸς

235 3246 363 3305 τοὺς
415 3245 774 3316 ἀνθρώπους’
838 3251 1114 3320 βαδίζουσι
1158 3255 1290 3322 γοῦν
1335 3257 1423 3310 διὰ
1471 3260 1572 3329 τῆς
1613 3263 1820 3331 ἀγορᾶς

235 3331 491 3399 ἀγγέλοις
519 3337 776 3402 ἐοικότες.
801 3342 1013 3414 ’Ὠσπερ
1039 3344 1147 3413 γὰρ
1175 3347 1497 3418 λαμπτῆρες
1533 3351 1592 3402 ἐν
1643 3353 1821 3424 σκότῳ

233 3423 499 3497 ἐξαίφνης
550 3429 811 3501 ἀρθέντες
857 3436 1246 3507 ἐπιστρέφουσι
1292 3440 1428 3509 πρὸς
1463 3443 1692 3508 ἑαυτοὺς
1723 3423 1821 3510 τὰς

233 3517 343 3571 τῶν
375 3518 550 3574 ἀλλων
577 3523 748 3592 ὄψεις,
774 3523 917 3580 οὕτω
969 3529 1065 3581 καὶ
1121 3523 1424 3594 οὗτοιδτοὺς
1479 3533 1674 3597 ἄλλους
1725 3538 1821 3590 καὶ

233 3607 603 3680 ἐκπλήττουσι
631 3613 724 3667 καὶ
741 3615 1085 3682 φωτίζουσιν.
1117 3619 1180 3670 Oi
1205 3619 1260 3672 δὲ
1288 3621 1519 3688 ἀφέντες
1549 3624 1615 3676 τὰ
1646 3626 1820 3679 οἰκεῖα

232 3699 458 3754 ἕπονται
493 3703 629 3772 πρὸς
663 3705 762 3773 τὴν
784 3707 968 3776 φωνὴν
990 3708 1349 3779 ἀγαλλόμενοι
1372 3730 1385 3742 -
1417 3715 1509 3765 καὶ
1536 3713 1817 3782 γίγνονται

234 3791 372 3859 πρὸς
404 3794 667 3858 ἐκείνους,
719 3796 747 3849 ὃ
788 3796 850 3868 δὴ
902 3800 1038 3869 πρὸς
1073 3800 1200 3864 τοὺς
1250 3804 1514 3872 ποιμένας
1558 3805 1628 3858 τὰ
1677 3809 1814 3879 πρό-

233 3879 394 3945 ϐατα,
429 3886 842 3956 συγχωροῦντες
888 3889 1044 3957 ἄγειν
1095 3891 1294 3958 αὐτοὺς
1343 3893 1510 3968 οπῃῇ
1561 3897 1770 3967 βέλτιον
1798 3915 1813 3932 ο

230 3975 283 4025 οἱ
319 3973 376 4027 δὲ
413 3977 823 4046 παραλαϐόντες
855 3983 1187 4053 πειθηνίους,
1208 3987 1528 4057 ἐξηγοῦνται
1555 3992 1813 4064 καθάπερ

230 4070 510 4138 προφῆται
539 4069 606 4123 τὰ
650 4071 936 4142 μέλλοντα.
973 4074 1190 4148 Ἐπειδὴ
1224 4078 1334 4148 γὰρ
1363 4079 1547 4133 πολλοὶ
1581 4079 1686 4134 τῶν
1748 4082 1812 4136 οὐ

229 4157 399 4210 πολὺν
429 4159 531 4229 τῆς
585 4161 788 4231 ἀρετῆς
845 4165 1185 4236 ποιουμένων
1236 4167 1414 4236 λόγον,
1473 4171 1603 4242 παρ’
1660 4167 1806 4242 οίςή

228 4248 545 4316 παραυτίκα
606 4251 766 4323 ἡδονὴ
819 4254 914 4308 καὶ
963 4256 1212 4327 ῥᾳστώνη
1267 4259 1450 4328 μεῖζον
1493 4261 1666 4332 ίσχύει
1714 4262 1810 4317 τοῦ

1997 2694 2388 2752 Adulescentes
2429 2700 2628 2769 (decet
2675 2703 2821 2754 enim
2882 2702 3056 2756 vitam.
3079 2703 3230 2759 vobis
3264 2705 3527 2776 ingressis

1926 2783 2062 2838 nihil
2096 2787 2271 2841 otiose
2318 2789 2525 2851 dicere.
2563 2789 2657 2845 sed
2698 2791 2984 2845 veritatem
3029 2795 3168 2849 nude
3213 2795 3526 2868 explicare)

1924 2878 2188 2942 omnium,
2219 2894 2340 2950 qua:
2358 2892 2484 2934 sunt
2511 2892 2604 2935 aut
2635 2883 2886 2938 videntur
2920 2885 3187 2940 honorum
3222 2889 3523 2944 maximum

1923 2979 2088 3039 atque
2146 2973 2576 3040 pulcherrimum
2619 2977 2789 3031 virtus
2851 2986 2935 3032 est
2971 2996 2983 3030 :
3028 2980 3332 3050 eodemque
3363 2987 3525 3038 modo

1927 3079 1986 3118 se
2024 3063 2248 3130 habent,
2299 3066 2391 3134 qui
2448 3081 2571 3120 eum
2628 3067 2832 3121 virtute
2873 3071 3040 3125 vitam
3103 3071 3419 3142 instituunt,
3453 3079 3520 3131 ad

1927 3156 2261 3226 illos,quiea
2292 3169 2506 3223 carent,
2533 3170 2590 3214 ut
2637 3162 2853 3216 ratione
2903 3149 3116 3232 praediti
3169 3166 3422 3224 homines
3452 3170 3522 3224 ad

1926 3246 2072 3302 feras
2113 3250 2327 3317 noxias,
2355 3261 2412 3304 et
2440 3252 2617 3322 angeli
2648 3269 2774 3309 cum
2805 3255 3121 3312 hominibus
3152 3258 3361 3313 collati.
3388 3262 3521 3315 Am-

1924 3339 2114 3394 bulant
2155 3341 2300 3396 enim
2330 3357 2427 3410 per
2469 3343 2702 3411 compita
2762 3340 2865 3400 hac
2926 3347 3162 3416 praediti,
3201 3349 3519 3420 angelorum

1923 3431 2149 3486 similes.
2203 3431 2270 3487 Ut
2313 3434 2456 3487 enim
2515 3433 2662 3489 faces
2696 3433 2746 3487 in
2804 3436 3045 3492 tenebris
3094 3440 3387 3510 derepente
3431 3443 3520 3497 in-

1923 3534 2098 3574 censas
2123 3520 2361 3574 omnium
2388 3521 2441 3574 in
2480 3535 2540 3576 se
2567 3522 2754 3576 oculos
2805 3535 3158 3591 convertunt,
3189 3528 3262 3582 ita
3299 3530 3353 3584 hi
3379 3543 3515 3600 quo-

1922 3628 2026 3682 que
2050 3614 2398 3670 admirationi
2432 3615 2553 3669 aliis
2599 3616 2890 3673 exsisutnt.
2941 3615 3170 3684 Quidam
3209 3622 3355 3676 enim
3387 3638 3519 3694 pro-

1923 3706 2058 3776 priis
2088 3707 2292 3761 relictis
2324 3707 2530 3761 aedibus
2562 3723 2747 3761 vocem
2785 3723 2976 3763 eorum
3008 3712 3194 3765 animo
3223 3714 3514 3771 exsultan-

1923 3809 2003 3855 tes
2029 3809 2352 3866 sequtmtur,
2381 3797 2622 3867 ﬁuntque
2652 3798 2758 3854 illis
2788 3801 2933 3869 quod
2961 3811 3091 3856 sunt
3125 3807 3332 3871 pastori
3365 3822 3516 3874 oves,

1922 3889 2299 3959 permittentes
2339 3902 2397 3942 se
2423 3889 2491 3943 ab
2525 3889 2629 3942 illis
2657 3889 3015 3956 circumduci,
3045 3908 3153 3960 quo
3183 3904 3267 3948 est
3299 3897 3515 3955 melius.

1920 3977 1997 4036 Illi
2022 3995 2150 4036 vero
2199 3979 2561 4050 suscipientes
2595 3979 2718 4035 illos
2753 3989 2811 4033 ut
2865 3983 3231 4052 obsequentes
3263 3987 3519 4059 dictoque

1919 4076 2203 4129 audientes
2258 4073 2444 4128 futura
2505 4083 2808 4143 exponunt,
2843 4084 2902 4130 ut
2935 4078 3213 4146 prophetae
3265 4079 3396 4136 olim
3429 4098 3517 4139 so-

1919 4165 2050 4222 lent.
2083 4166 2217 4222 Cum
2246 4181 2376 4221 vero
2403 4167 2642 4237 plurimi,
2677 4167 2897 4224 virtutis
2933 4170 3078 4225 nullo
3114 4173 3302 4228 habito
3331 4190 3516 4245 respe-

1919 4269 2031 4327 ctu,
2061 4260 2256 4330 quibus
2315 4260 2518 4314 caduca
2574 4260 2827 4330 voluptas
2882 4261 3160 4333 animique
3222 4265 3516 4322 delectatio

228 4337 352 4391 ποθ’
378 4339 604 4413 ὕστερον
628 4344 984 4409 συνοίσοντος.
1019 4349 1082 4402 Οἳ
1106 4349 1193 4403 διὰ
1226 4351 1324 4420 μὲν
1370 4352 1678 4423 ἀπληστίαν
1717 4356 1813 4410 καὶ

1925 4352 2041 4420 plus
2086 4353 2432 4422 valet,quam
2489 4354 2634 4423 quod
2672 4363 2858 4422 postea
2921 4351 3163 4408 futurum
3215 4366 3301 4410 est
3357 4359 3508 4414 utile.

230 4428 443 4485 ἀδικίαν
490 4434 557 4486 τὰ
606 4435 850 4506 παρόντα
912 4440 1191 4508 ἀγαπῶσι,
1249 4444 1338 4498 διὰ
1397 4445 1454 4498 δὲ
1512 4447 1812 4509 σκαιότητα

224 4522 447 4593 τρόπων
475 4525 584 4578 τῶν
606 4529 743 4596 μετὰ
770 4529 944 4583 ταῦτα
967 4532 1120 4587 οὐδὲν
1153 4536 1453 4608 προορῶσι,
1478 4537 1588 4592 τῶν
1610 4541 1668 4592 ὲν
1696 4559 1811 4611 χει-

231 4616 343 4706 ροῖν
374 4615 532 4683 μόνον
558 4620 814 4688 φροντίδα
834 4621 1104 4693 τιθέμενοι
1137 4628 1427 4698 φράζουσι’
1463 4650 1480 4681 ι
1529 4631 1602 4684 Τὸ
1630 4633 1808 4706 παρὸν

225 4700 288 4760 εὖ
321 4707 505 4760 τίθει·
531 4729 548 4760 ι
581 4712 777 4767 ἐκεῖνοι
811 4716 880 4768 τὰ
917 4716 1180 4786 μέλλοντα
1219 4721 1554 4787 σκοποῦντες
1588 4700 1809 4796 προμη-

223 4795 430 4864 νύουσι,
485 4802 580 4854 καὶ
621 4802 729 4855 τῶν
781 4810 1125 4879 πραγμάτων
1157 4813 1434 4867 ἐκϐάντων
1483 4816 1628 4869 κατὰ
1681 4821 1808 4884 τοὺς

222 4887 418 4957 λόγους
481 4893 869 4961 στεφανοῦνται
926 4901 1018 4953 καὶ
1086 4902 1574 4981 ἀνακηρύττονται.
1643 4903 1805 4964 Οὗτοι

223 4978 428 5044 ζῶντες
489 4982 589 5054 μὲν
609 4985 707 5049 τὰς
745 4989 1076 5060 κεκλιμένας
1135 4978 1237 5066 μὲν
1305 4999 1557 5068 όρθοῦσι,
1606 5003 1703 5064 τὰς
1759 5003 1804 5055 δ’

223 5071 469 5136 ἑστώσας
510 5076 778 5144 κοσμοῦσι
829 5081 1034 5149 πόλεις,
1075 5087 1502 5159 τελευτήσαντες
1544 5091 1602 5143 δὲ
1634 5094 1804 5160 ἐγκα-

220 5160 541 5254 ταλείπουσι
594 5167 818 5240 κέντρον
872 5173 966 5226 τοῦ
1019 5177 1224 5231 πόθουο
1273 5180 1534 5253 ἐπίσημοι
1590 5184 1699 5254 γὰρ
1755 5187 1804 5239 οἱ

226 5252 404 5348 τάφοι,
443 5259 500 5310 ἐν
553 5263 685 5331 τιμῇ
732 5262 788 5321 δὲ
837 5265 905 5318 τὰ
958 5268 1113 5339 γένη,
1165 5271 1417 5344 διηνεκὴς
1438 5273 1495 5326 δὲ
1539 5275 1572 5344 ἡ
1617 5252 1808 5348 μνήμη

216 5341 465 5399 δικαίων.
515 5348 741 5422 Ἀρετῆς
791 5355 899 5426 γὰρ
948 5341 1248 5429 ἐκτήσαντο
1294 5341 1477 5432 φύσιν,
1707 5341 1806 5421 πέλ

220 5450 391 5502 es!)sz
418 5438 685 5495 ἅπτεσθαι
728 5447 974 5521 τελευτή.
1012 5451 1132 5505 Τῶν
1186 5455 1283 5524 μὲν
1321 5455 1430 5527 γὰρ
1477 5461 1808 5528 σωματικῶν

219 5524 720 5601 πλεονεκτημάτων
743 5539 941 5609 ῥᾳδίως
987 5543 1218 5601 ἕκαστον
1264 5547 1682 5619 ἀποσϐέννυται,
1716 5553 1808 5611 καὶ

295 5685 340 5744 ³9
371 5688 563 5745 Matth.
609 5710 720 5754 ni,
761 5696 843 5750 l7.

1917 4445 2083 4516 612
2115 4443 2192 4498 illi
2217 4445 2527 4515 ineXplebili
2565 4446 2879 4515 injustaque
2931 4448 3238 4516 cupiditate
3275 4463 3511 4518 praesen-

1910 4543 1982 4594 tia
2010 4543 2280 4603 adament,
2313 4541 2478 4609 atque
2504 4540 2571 4594 ob
2597 4554 2830 4595 screvam
2875 4554 3088 4594 morum
3143 4544 3502 4598 consuetudi-

1909 4647 2058 4697 nem,
2095 4647 2215 4701 quze
2280 4633 2641 4686 subsecutum
2680 4630 3077 4696 suut,miuime
3113 4633 3506 4702 provident,iis

1909 4725 2209 4789 duntaxat,
2243 4739 2361 4791 qua:
2396 4726 2452 4778 in
2515 4723 2765 4778 manibus
2821 4733 2966 4788 sunt,
3012 4724 3231 4789 intenti,
3275 4727 3502 4781 dicunt:

1913 4814 2271 4870 «Praesentia
2336 4830 2615 4871 curemus.
2678 4833 2698 4867 ι
2749 4814 2854 4868 Alii
2931 4827 3122 4870 contra
3192 4815 3501 4873 futurorum

1916 4917 2225 4972 satagentes
2291 4908 2682 4978 praenuntiant,
2741 4917 2794 4962 et
2847 4907 2918 4962 ob
2959 4908 3097 4963 bene
3164 4909 3382 4975 merita,
3448 4922 3506 4964 ut

1913 4999 2195 5070 Scriptura
2256 5000 2542 5068 pollicetur
2568 5002 2930 5070 “,corouam
3001 5001 3278 5071 accipiunt
3341 5011 3504 5070 atque

1913 5093 2222 5148 laudantur.
2251 5093 2314 5148 lli
2350 5093 2595 5148 viventes
2651 5094 2874 5164 quidem
2924 5107 3008 5147 res
3052 5091 3342 5148 inclinatas
3391 5095 3470 5150 eri

1913 5191 2065 5250 guilt,
2103 5195 2297 5250 resque
2328 5181 2571 5252 publicas
2609 5185 2934 5238 constitutas
2957 5194 3178 5248 ornant,
3214 5193 3503 5256 morteque

1908 5271 2103 5328 sublati
2149 5271 2480 5326 desiderium
2508 5273 2588 5327 sui
2643 5273 2982 5342 relinquunt.
3013 5259 3158 5328 Clari
3208 5275 3355 5328 enim
3402 5285 3491 5328 tu-

1911 5364 2175 5418 mulorum
2232 5365 2623 5429 monumentis,
2685 5366 2852 5436 stirps
2915 5381 3132 5436 quoque
3196 5367 3248 5420 in
3293 5369 3501 5423 honore

1909 5468 2011 5527 est,
2047 5468 2099 5513 et
2147 5459 2306 5529 longa
2348 5457 2472 5528 jure
2527 5459 2735 5528 Optimo
2783 5462 3042 5515 memoria
3089 5470 3193 5515 est.
3228 5458 3498 5514 Virtutem

1909 5553 2053 5609 enim
2115 5551 2419 5621 possident,
2471 5566 2594 5620 qua:
2647 5568 2752 5608 non
2798 5551 3004 5609 interit.
3048 5552 3309 5624 Corporis
3372 5566 3500 5608 vero
