3992 6464
485 355 618 426 1423

1672 357 1731 416 S.
1774 350 2064 415 ISIDORI
2105 341 2540 412 PELUSIOT/E

3597 331 3736 400 1444

486 471 614 536 pa-is
655 481 717 521 ac
757 467 1038 536 praeconiis
1067 466 1324 531 exsultat,
1363 467 1918 537 victoriasquejungit
1966 467 2047 519 vi-

2171 461 2240 513 tai.
2290 459 2658 530 ἀναῤῥήσεσιν
2713 453 3038 523 ἀγάλλεται.
3091 454 3181 507 καὶ
3247 454 3402 517 νίκας
3466 429 3731 510 συνάπτει

487 559 695 611 (:toriis.
769 555 835 611 Et
882 556 1029 612 velut
1073 571 1101 610 a
1157 557 1295 612 linea
1346 555 1716 628 Olympionica
1772 558 1942 610 victor
1995 556 2059 608 ad

488 647 766 718 praemium
797 661 918 701 cum
942 647 1102 703 laude
1125 648 1405 704 contendit
1434 666 1447 702 :
1473 649 1545 702 ita
1573 650 1638 703 ad
1665 647 2056 704 munerarium.
2095 689 2103 710 ,

487 740 576 808 qui
632 739 968 794 certantibus
1023 742 1237 808 pra-mia
1272 741 1542 812 -largitur,
1591 740 1849 807 sedetque
1893 738 2059 807 judex

487 829 675 884 talium
700 832 1052 884 certaminum
1069 871 1085 894 ,
1113 831 1382 900 perveniet
1411 833 1574 886 variis
1597 830 1865 898 clarisque
1887 837 2049 897 caput

484 921 702 977 corollis
744 923 1045 977 redimitus.
1088 922 1216 977 Esse
1255 935 1386 976 vero
1423 931 1544 991 post
1584 921 1724 974 hanc
1760 922 1884 974 vita:
1917 919 2060 973 viam

486 1011 724 1066 divinum
772 1011 1010 1065 tribunal
1059 1026 1162 1066 non
1226 1027 1313 1067 res
1351 1013 1512 1064 modo
1567 1021 1747 1078 gestas
1797 1019 1851 1064 et
1900 1009 2062 1064 verba

488 1102 768 1170 cujusque,
804 1103 895 1156 sed
933 1111 985 1156 et
1030 1102 1390 1172 cogitationes
1425 1110 1681 1155 accurate
1723 1100 2062 1176 examinans,

488 1191 753 1259 spondent
788 1201 1154 1259 testanturque
1174 1192 1337 1244 etiam
1370 1192 1696 1261 philOSOphi,
1725 1190 2062 1246 fabularum-

491 1297 595 1352 que
654 1284 1193 1352 scriptores.poeta3,
1265 1293 1508 1337 oratores
1564 1291 1726 1351 atque
1783 1282 2050 1347 historici,

490 1386 719 1440 quorum
753 1373 892 1424 dicta
920 1386 983 1425 ac
1018 1373 1322 1426 testimonia
1354 1373 1477 1426 huic
1507 1371 1743 1438 adjicere
1764 1371 2062 1440 potuissem

494 1462 832 1528 hortationi,
903 1463 1004 1517 nisi
1071 1477 1280 1532 turpem
1341 1462 1627 1517 oblivionis
1684 1472 1866 1517 notam
1916 1463 2068 1518 vobis

495 1552 634 1604 inuri
671 1562 910 1619 putarem
965 1569 1146 1607 earnm
1198 1555 1572 1618 scientiarum,
1628 1569 1763 1624 quas
1803 1555 2064 1608 memoria

496 1643 712 1697 tenetis.
751 1643 807 1698 Si
841 1654 1020 1699 autem
1060 1646 1327 1714 judicium
1377 1657 1458 1702 est
1497 1648 1759 1711 futurum,
1794 1656 1854 1702 ut
1886 1663 2066 1702 verum

495 1743 597 1796 est,
627 1734 799 1789 virtus
829 1751 958 1804 ergo
996 1741 1315 1791 exercenda.
1351 1737 1501 1804 Quod
1541 1738 1586 1793 si
1623 1738 1895 1793 nonnullis
1928 1736 2066 1791 dim-

2161 551 2336 614 νίκαις
2361 567 2374 581 ·
2409 552 2502 603 καὶ
2531 547 2777 618 καθάπερ
2807 545 3225 616 Ὀλυμπιονίκης
3248 545 3356 598 ἀπὸ
3375 545 3648 618 γραμμῆς
3665 546 3736 605 ,δι’

2161 641 2514 712 ἀναρρήσεων
2544 639 2637 692 ἐπὶ
2669 638 2729 690 τὸ
2757 636 2924 708 γέρας
2953 637 3167 702 ὁδεύων,
3219 636 3396 699 οὕτως
3424 634 3736 690 ἀπελεύσε-

2160 747 2250 783 ται
2285 730 2420 801 πρὸς
2465 730 2554 782 τὸν
2577 729 2916 797 ἀγωνοθέτην
2957 731 3049 782 καὶ
3086 729 3278 799 κριτὴν
3321 728 3433 781 τῶν
3479 727 3740 782 τοιούτων

2162 821 2575 892 παλαισμάτων,
2630 819 2842 884 πολλοῖς
2887 820 2980 874 καὶ
3018 819 3292 890 λαμπροῖς
3341 820 3443 890 τὴν
3491 819 3742 889 κεφαλὴν

2162 916 2566 985 ἀναδησάμενος
2613 915 2916 983 στεφάνοις.
2953 912 3074 966 Ὅτι
3129 913 3237 982 γὰρ
3264 911 3411 963 ἔστιν
3463 911 3610 980 μετά
3643 911 3743 979 τὴν

2165 1006 2412 1060 ἐντεῦθεν
2460 1004 2768 1075 ἀποδημίαν
2816 1004 2959 1057 θετον
3013 1003 3382 1073 δικαστήριον,
3445 1003 3507 1054 ού
3577 1002 3742 1072 μόνον

2166 1098 2522 1169 πραγμάτων,
2560 1097 2678 1149 ούδέ
2724 1097 3016 1166 ῥημάτων,
3064 1095 3199 1149 ἀλλά
3243 1097 3338 1148 καὶ
3387 1095 3613 1147 ἐννοιῶν
3661 1093 3742 1158 ἐξ·

2165 1190 2469 1253 εταστικδν,
2495 1190 2589 1243 καὶ
2613 1188 2909 1258 φιλόσοφοι,
2931 1188 3024 1241 καὶ
3055 1187 3347 1255 λογοποιοὶ,
3373 1187 3466 1238 καὶ
3486 1188 3741 1257 ῥήτορες,

2166 1284 2258 1336 καὶ
2290 1282 2544 1352 ποιηταὶ,
2579 1281 2673 1344 καὶ
2695 1283 3031 1351 συγγραφεῖς
3053 1279 3378 1348 ἐγγυῶνται.
3405 1271 3508 1329 Ὧν
3529 1277 3746 1340 καὶτὰς

2169 1371 2358 1441 ῥήσεις
2406 1370 2725 1440 παρεθέμην
2776 1369 2839 1422 ἂν
2891 1368 3017 1438 τῇδε
3048 1370 3111 1438 τῇ
3165 1368 3508 1437 παραινέσει,
3559 1367 3610 1418 εί
3669 1365 3745 1435 μὴ

2167 1459 2385 1530 λεληθὸς
2413 1460 2613 1522 ὄνειδος
2667 1459 2824 1529 ᾤμην
2874 1459 3001 1527 ὑμίν
3043 1456 3496 1527 προστρίϐεσθαι,
3540 1455 3746 1509 ἔναυλα

2169 1551 2351 1620 ἔχουσι
2378 1550 2443 1603 τά
2469 1549 2787 1620 μαθήματα.
2811 1550 2874 1602 Et
2903 1549 2956 1602 δὲ
2988 1549 3171 1620 κρίσις
3204 1549 3374 1613 ἐστὶν,
3426 1547 3621 1614 ὥσπερ
3649 1542 3745 1600 οὖν

2169 1643 2264 1710 καὶ
2296 1642 2430 1708 ἔστι,
2455 1642 2552 1712 την
2576 1641 2779 1712 ἀρετὴν
2802 1640 3065 1710 ἀσκητέον
3085 1655 3099 1670 ·
3123 1641 3170 1692 εί
3201 1641 3255 1692 δὲ
3276 1641 3371 1693 καί
3401 1655 3547 1692 τισιν
3593 1633 3741 1692 εἶναι

2167 1735 2433 1806 δυσχερὴς
2492 1735 2657 1799 δοκεῖ,
2713 1734 2870 1803 ῥᾳδία
2918 1733 3045 1802 ὑμῖν
3087 1731 3261 1795 ἔσται,
3306 1733 3357 1783 εί
3406 1731 3638 1801 φύγοιτε
3677 1729 3747 1782 τά

497 1825 598 1880 cile
637 1842 696 1881 ι»
736 1828 1020 1882 molestum
1055 1829 1531 1894 videbitur,'vobis
1566 1846 1696 1885 sane
1733 1829 1892 1886 facile
1931 1832 2057 1897 erit,

2171 1825 2368 1896 θέατρα
2403 1825 2644 1888 καὶτοὺς
2667 1823 3056 1896 ἱπποδρόμους,
3090 1824 3189 1894 τὴν
3215 1823 3398 1894 κοινὴν
3435 1821 3539 1892 τῆς
3562 1823 3748 1876 οἰκου-

499 1917 545 1972 si
599 1918 799 1972 theatra
860 1930 1020 1987 atque
1067 1920 1471 1989 hippodromos,
1519 1921 1841 1992 curulesque
1893 1921 2064 1987 ludos,

503 2010 605 2062 hoc
638 2019 742 2075 est,
777 2023 1116 2064 communem
1159 2012 1398 2066 universi
1442 2013 1604 2067 totius
1650 2021 1851 2082 pestem
1894 2011 2067 2082 fugie-

499 2099 568 2151 tis
600 2098 811 2151 :dicam
871 2099 1138 2166 amplius,
1193 2116 1297 2154 non
1346 2103 1583 2156 universi
1635 2103 1818 2167 modo,
1866 2104 1961 2156 sed
2015 2111 2069 2155 et

498 2189 734 2255 urbium,
758 2191 809 2248 iu
842 2190 1034 2260 quibus
1061 2205 1123 2245 ea
1151 2192 1476 2246 exhibentur
1499 2193 1802 2263 spectacula
1832 2211 1844 2246 :
1872 2209 1932 2248 ac
1963 2208 2068 2246 non

499 2265 705 2336 tantum
739 2284 951 2337 urbium
982 2284 1282 2348 interitum,
1318 2285 1412 2339 sed
1445 2287 1624 2354 potius
1672 2287 1738 2340 iis
1769 2287 2068 2340 deditorum

499 2378 566 2427 ad
602 2375 703 2427 hoc
742 2375 938 2428 malum
986 2375 1265 2429 hominum
1300 2376 1492 2446 gignit.
1519 2376 1745 2430 Cunctis
1779 2392 1910 2447 ergo
1941 2377 2069 2430 viri-

502 2461 600 2514 hus
642 2461 706 2515 ad
759 2462 972 2516 virtutis
1027 2470 1110 2516 est
1143 2472 1416 2518 certamen
1467 2465 1920 2518 contendendum.
1969 2463 2069 2530 Qui

499 2553 662 2608 claris
691 2552 794 2606 orti
827 2556 1145 2620 parentibus
1165 2554 1413 2608 dedecori
1439 2569 1508 2608 ne
1535 2555 1643 2608 sint
1675 2554 1826 2622 stirpi
1855 2554 2070 2623 generis

500 2644 603 2696 sui.
640 2642 738 2710 Qui
784 2657 912 2697 vero
955 2644 1140 2699 humili
1180 2652 1306 2699 sunt
1339 2642 1460 2698 loco
1489 2645 1623 2708 nati,
1653 2653 1908 2713 parentes
1945 2657 2073 2698 suos

510 2734 802 2790 illustrem.
858 2733 1062 2789 Divites
1111 2734 1326 2804 quidem
1385 2736 1643 2788 mundum
1693 2743 2072 2803 ornatumque,

502 2826 694 2894 inopes
721 2838 850 2877 vero
895 2833 1107 2892 portum
1153 2823 1564 2892 perfugiumque
1609 2823 1809 2876 virtute
1859 2837 2077 2891 compa-

505 2919 715 2968 rantes.
757 2910 848 2966 Sic
892 2913 1002 2976 (iet,
1053 2925 1109 2966 ut
1145 2922 1396 2980 parentes
1438 2927 1532 2968 vos
1581 2913 1878 2968 honoretis.
1912 2913 2075 2984 315

505 3005 604 3073 Qui
635 3020 762 3059 vero
795 3015 1091 3072 sequentur
1133 3004 1312 3066 liberi,
1355 3015 1637 3073 parentum
1684 3019 1778 3057 vos
1811 3003 1930 3058 loco
1965 3007 2074 3059 sint

504 3097 762 3158 habituri,
824 3111 885 3150 ac
943 3095 1183 3148 divinum
1233 3094 1384 3149 vobis
1434 3094 1647 3148 ctelitus
1699 3091 1825 3148 Jesu
1876 3095 2076 3149 Christi

505 3187 685 3240 lumen
723 3184 1014 3253 all‘ulgehit.
1071 3185 1163 3238 Sic
1214 3185 1361 3239 enim
1417 3184 1570 3238 vobis
1620 3198 1730 3236 rem
1765 3183 2075 3253 gerentibus

506 3279 706 3332 claram
737 3276 947 3331 virtutis
969 3275 1212 3344 lanIp‘ads
1237 3276 1532 3330 accendent
1562 3275 1614 3328 in
1651 3273 1858 3329 crelcsti
1888 3289 2074 3343 regno,

509 3381 564 3426 et
593 3383 860 3424 summam
891 3365 943 3421 in
975 3381 1039 3422 eo
1077 3366 1358 3422 beatorum
1399 3365 1736 3434 maiestatem
1780 3379 2080 3432 conseque-v

2170 1915 2335 1986 μένης
2365 1916 2574 1986 λύμην·
2606 1915 2804 1985 μᾶλλον
2861 1914 2917 1968 δὲ
2962 1915 3024 1968 οὐ
3075 1916 3173 1984 τῆς
3204 1913 3559 1984 οίκουμένης,
3606 1913 3746 1967 ἀλλά

2165 2008 2273 2060 τῶν
2303 2007 2511 2060 πόλεων
2540 2007 2650 2059 τῶν
2682 2006 2918 2078 ἐχουσῶν
2941 2004 3250 2059 τὰτοιαῦτα
3289 2005 3541 2075 θεάματα
3563 2020 3578 2035 ·
3609 2005 3749 2076 μᾶλα

2167 2100 2257 2152 λον
2285 2099 2341 2152 δι
2369 2099 2488 2152 οὐδὲ
2517 2098 2630 2151 τῶν
2657 2083 2885 2162 πόλεων,
2915 2096 3050 2149 ἀλλά
3074 2095 3180 2148 τῶν
3225 2095 3590 2166 βουλομένων,
3647 2098 3743 2150 και

2171 2189 2747 2258 ὑποκατακλινομένων
2775 2190 2886 2252 τοῖς
2905 2187 3164 2251 τοιούτοις
3196 2191 3404 2250 κακοῖς.
3438 2189 3615 2241 Παντὶ
3637 2188 3748 2241 τοί-

2170 2299 2262 2334 νυν
2279 2279 2432 2349 θυμῷ
2463 2279 2596 2349 πρὸς
2620 2278 2745 2341 τοὺς
2771 2278 2870 2348 τῆς
2895 2277 3093 2348 ἀρετῆς
3117 2276 3311 2339 ἀθλους
3345 2277 3647 2331 ἀποδυτέον
3665 2293 3678 2306 ·
3699 2279 3749 2330 οῑ

2173 2372 2271 2442 μὲν
2303 2371 2367 2422 ἐκ
2391 2369 2658 2440 λαμπρῶν
2681 2368 2882 2437 γονέων
2906 2367 3208 2439 τεχθέντες,
3251 2368 3326 2438 μὴ
3353 2369 3748 2438 καταισχύνον-

2177 2480 2262 2526 τες
2289 2462 2349 2514 τὸ
2381 2460 2536 2530 γένος
2561 2476 2573 2490 ’
2620 2462 2669 2514 ot
2699 2461 2756 2512 δέ
2784 2462 2849 2512 ἐκ
2893 2459 3164 2513 ταπεινῶν
3211 2459 3430 2528 φύντες,
3482 2460 3746 2532 λαμπρύ-

2171 2570 2351 2617 νοντες
2374 2554 2500 2616 τοὺς
2530 2552 2788 2615 τεκόντας
2814 2567 2826 2581 ·
2858 2552 2908 2604 οί
2933 2552 3030 2621 μὲν
3058 2551 3301 2605 πλούσιοι
3338 2551 3570 2620 κόσμον,
3613 2555 3662 2606 ot
3692 2553 3748 2606 δὲ

2173 2648 2404 2716 πένητες
2464 2646 2632 2716 ὅρμον
2680 2643 3182 2707 κατασκευάζοντες
3239 2645 3471 2706 ἑαυτοῖς·
3547 2645 3602 2696 οἱ
3653 2646 3749 2710 μὲν

2176 2736 2429 2806 ὑμέτεροι
2467 2732 2701 2806 πατέρες
2754 2735 2896 2805 ὑμᾶς
2923 2732 3315 2786 αἰδείσθωσαν·
3360 2734 3410 2785 οἱ
3451 2733 3508 2786 δέ
3551 2735 3752 2804 ἑτέρω·

2177 2829 2267 2881 θεν
2287 2827 2512 2897 ἥκοντες
2535 2826 2741 2889 παῖδες,
2769 2824 3010 2896 πατέρας
3030 2827 3172 2895 ὑμᾶς
3191 2825 3572 2894 ἡγείσθωσαν,
3589 2826 3748 2880 Οὕτω

2177 2920 2285 2992 γὰρ
2315 2920 2442 2990 ὑμῖν
2497 2919 2954 2987 πολιτευομένοις,
3004 2918 3094 2972 καὶ
3145 2916 3406 2987 λαμπρὰν
3446 2918 3753 2971 ἀνάπτουσι

2176 3010 2276 3079 τῆς
2307 3010 2505 3080 ἀρετῆς
2528 3008 2622 3079 τὴν
2654 3008 2934 3078 λαμπάδα,
2987 3009 3080 3062 καὶ
3137 3008 3195 3062 τὸ
3226 3009 3368 3062 θεῖον
3402 3009 3534 3078 ὑμῖν
3582 3010 3748 3078 οὐρα-

2180 3096 2330 3149 νόθεν
2377 3096 2471 3150 τοῦ
2539 3097 2778 3168 Χριστοῦ
2826 3100 3168 3167 ἐπιφανεϊται
3218 3100 3313 3151 καὶ
3376 3098 3752 3151 ἐπισπάσεται

2182 3186 2316 3257 πρὸς
2347 3173 2506 3239 tuuis
2540 3187 2724 3252 σέλας,
2755 3187 3139 3243 ἀποκαλύπτον
3190 3189 3443 3260 ὑμῖν-καὶ
3505 3190 3607 3260 τὴν
3647 3189 3758 3242 τῶν

2182 3279 2425 3349 οὐρανῶν
2477 3278 2771 3348 βασιλείαν,
2833 3281 2927 3335 καὶ
2976 3281 3077 3351 τὴν
3133 3282 3192 3332 ἐν
3234 3281 3374 3350 αὐτῇ
3427 3279 3543 3336 τῶν
3585 3281 3758 3350 ἁγίων

2186 3368 2574 3441 ὑπέρλαμπρον
2597 3368 2750 3435 ἀξίαν

509 3558 967 3625 CLXXXVIl..—
1011 3567 1315 3623 A‘IGYPTO
1351 3565 1825 3623 PRESBYTERO.
1881 3564 2079 3630 (Forte

893 3637 1164 3705 ALYPIO,
1199 3641 1288 3694 cui
1321 3653 1460 3708 saepe
1495 3639 1695 3707 alias.)

924 3747 997 3803 De
1027 3758 1216 3802 natura
1248 3749 1439 3802 anima
1469 3748 1771 3817 qumsitum,
1809 3745 2070 3813 quomodo
2109 3744 2289 3796 divina
2317 3744 2540 3797 essentia
2573 3745 2798 3798 dicatur.
2835 3745 2985 3814 (Mox
3010 3748 3160 3816 epist.
3190 3745 3338 3818 191.)

584 3857 828 3911 Divinam
862 3858 1107 3925 cquidem
1131 3871 1251 3912 esse
1288 3857 1447 3910 credo
1477 3856 1734 3918 animam,
1765 3869 1869 3908 non
1902 3863 2070 3907 tamen

2260 3851 2422 3907 Θείαν
2455 3851 2551 3920 μὲν
2576 3853 2859 3924 ἡγούμεθα
2890 3849 3028 3908 εἶναι
3066 3856 3165 3928 τὴν
3192 3856 3393 3928 ψυχὴν,
3424 3857 3490 3912 οὐ
3527 3861 3638 3930 μὴν
3664 3861 3762 3928 τῆς

518 3949 817 4003 divinitatis
862 3947 1128 4016 regiaeque
1182 3958 1384 4016 partem
1430 3956 1674 4015 naturae;
1722 3945 2070 4000 immortalem

2191 3945 2474 4011 θειοτάτης
2517 3946 2611 3998 καὶ
2656 3943 3088 4018 βασιλικωτάτης
3136 3949 3352 4018 φύσεως
3394 3951 3595 4021 μοῖραν
3619 3968 3633 3984 ο
3666 3953 3764 4005 καὶ

517 4052 753 4106 quoque,
788 4052 974 4090 verum
1007 4037 1273 4107 principio
1317 4053 1423 4092 non
1470 4046 1742 4092 carentem
1775 4035 2070 4104 ejusdemvt

2184 4035 2473 4103 ἀθάνατον,
2502 4035 2616 4089 ἀλλ’
2636 4037 2697 4088 οὺ
2723 4036 2825 4106 τῆς
2848 4037 3085 4109 ἀνάρχου
3111 4038 3203 4092 καὶ
3226 4040 3522 4110 ποιητικῆς
3545 4041 3766 4111 φύσεως

517 4140 640 4180 cum
686 4125 993 4180 Conditoris
1040 4133 1230 4178 natura
1286 4126 1632 4181 substantiae.
1680 4126 1735 4179 Si
1792 4127 1936 4178 enim
1987 4123 2070 4179 De

2184 4127 2493 4198 ὁμοούσιον.
2540 4121 2603 4181 ιιι
2632 4129 2739 4199 γάρ
2772 4129 2986 4200 ἐκείνης
3037 4121 3138 4200 τῆς
3173 4131 3414 4202 ἀρρήτου
3459 4127 3530 4203 ἦν
3570 4133 3761 4204 μέρος,

520 4215 805 4271 ineffabilia
845 4216 986 4270 foret
1044 4230 1190 4284 pars,
1239 4230 1513 4286 nunquam
1563 4225 1839 4286 peccasset
1884 4216 2060 4269 anima

2185 4221 2284 4273 οὐκ
2323 4218 2388 4273 ἂν
2415 4220 2682 4292 ἥμαρτεν.
2727 4221 2846 4273 οὐδὲ
2877 4221 3067 4293 ἐκρίθη
3092 4237 3105 4250 ·
3150 4223 3198 4275 εί
3227 4222 3284 4275 δὲ
3305 4221 3479 4276 ταῦτα
3522 4225 3727 4294 πάσχει
3748 4265 3763 4292 ,

520 4324 582 4362 ar.
627 4309 962 4378 ncjudicata
997 4318 1140 4363 esset
1193 4324 1446 4378 unquam.
1488 4309 1639 4377 Quod
1674 4323 1796 4364 cum
1845 4309 1918 4363 illi
1957 4325 2070 4364 cont

2187 4309 2285 4379 τῆς
2315 4310 2578 4363 ἀνωτάτω
2604 4309 2790 4372 ούσίας
2819 4310 3029 4380 ποίημα
3059 4310 3284 4374 δικαίως
3313 4311 3378 4365 ἂν
3414 4313 3763 4382 πιστευθείη,

525 4401 714 4469 tigerit
741 4402 1106 4464 condemnari,
1150 4402 1345 4456 divina:
1386 4417 1721 4472 summaeque
1770 4402 2070 4458 substantia

2195 4401 2256 4453 οὐ
2297 4403 2493 4472 μέροςο
2547 4402 2635 4465 ἵνα
2676 4403 2750 4473 μὴ
2794 4403 2991 4473 ἑαυτὴν
3023 4405 3056 4474 η
3086 4403 3218 4472 ,θεία
3267 4404 3428 4473 φύσις
3474 4407 3762 4477 κρίνουσα,

520 4506 655 4561 opus
695 4506 797 4543 non
839 4505 962 4558 pars
996 4490 1117 4544 esse
1164 4492 1358 4546 merito
1410 4492 1733 4546 credendum
1765 4511 1776 4546 :
1815 4508 1881 4548 ne
1910 4493 2070 4547 divin:

2201 4493 2400 4562 μᾶλλον
2429 4493 2486 4546 δὲ
2522 4494 2923 4565 κατακρίνουσα
2953 4494 3256 4565 φωραθείη.

524 4583 607 4637 vis
654 4582 924 4652 iudicasse
980 4582 1210 4649 seipsam
1266 4582 1719 4652 deprehendatur,
1775 4585 1856 4638 vel
1913 4587 2090 4656 potius

524 4675 912 4729 condemnasse
942 4672 1206 4727 videatur.

522 4781 891 4841 CLXXXVIII.
942 4781 1457 4856 —_—___I;y_Auc_IaLIo
1522 4785 1833 4843 omeono.
1896 4785 2089 4856 (Lego

957 4850 1346 4917 EVANGELO,
1375 4868 1432 4909 ttt
1461 4857 1606 4924 alibi.
1636 4856 1654 4924 )

535 4946 791 5000 Virtutem
816 4946 869 4998 in
905 4945 1264 5000 mediocritate
1288 4949 1589 5003 consistere.
1635 4949 1811 5005 Virtus
1840 4959 1915 5004 est
1963 4949 2189 5003 medium
2211 4951 2486 5085 _vit)iorum,
2533 4960 2635 5003 etc.
2672 4946 2933 5016 (Hortat.,
2959 4949 3052 5003 ίιυ,
3088 4973 3101 5002 ι
3140 4949 3286 5016 epist.
3325 4949 3408 5013 18,
3442 4967 3507 5011 ea:
3543 4951 3764 5010 Aristot.

2002 5030 2275 5073 sententia.

2002 5030 2275 5073 sententia.

2394 3576 2562 3628 PIIZ'.
2607 3605 2675 3614 —
2703 3575 3001 3642 ΑΙΓΥΠΤῼ
3041 3574 3513 3648 ΠΡΕΣΒΥΤΕΡῼ.

2463 4789 2639 4842 ΡΠιιν.
2676 4816 2744 4826 -
2778 4787 3154 4860 ΕΥΑΓΓΕΛΙῼ
3198 4789 3516 4860 ΔΙΛΚΟΝῼ.

598 5121 670 5177 Ut
706 5117 1144 5190 prtestantissimi
1192 5123 1438 5178 statuarii
1486 5125 1551 5177 ad
1596 5127 1849 5182 amussim
1890 5128 2094 5182 exami-

531 5217 662 5263 nant
698 5211 880 5278 operis
917 5213 1335 5280 proportionem,
1372 5215 1423 5266 in
1466 5229 1570 5271 aua
1621 5217 1812 5270 artifex
1857 5233 2093 5272 svmme-

533 5300 686 5355 triam
720 5317 823 5377 non
859 5304 1091 5370 excedit,
1131 5305 1200 5358 ita
1233 5314 1286 5359 et
1323 5307 1509 5362 virtuti
1549 5306 1714 5363 deditI
1747 5309 2092 5364 mediocrita-

2272 5125 2487 5196 Ὅσπερ
2514 5126 2562 5178 οἱ
2599 5127 2809 5196 ἄριστοι
2839 5125 2944 5179 τῶν
2979 5126 3433 5198 ἀγαλματοποιῶν
3478 5133 3767 5206 σταθμῶν-

2202 5235 2290 5270 ται
2321 5218 2416 5288 τὴν
2462 5219 2824 5289 συμμετρίαν,
2873 5219 2956 5287 ἐφ’
2985 5212 3050 5289 ἦς
3083 5221 3116 5289 η
3144 5218 3473 5290 δημιουργία
3501 5223 3604 5291 τὴν
3639 5241 3772 5296 συμ.

2205 5312 2430 5382 μετρίαν
2476 5310 2586 5382 (54)
2641 5311 2940 5365 6ta6aivst°
2999 5310 3138 5364 οὕτω
3177 5311 3268 5366 καὶ
3325 5315 3375 5366 οί
3414 5317 3514 5384 τῆς
3566 5317 3766 5388 ἀρετῆς

1621 5478 1854 5534 VARUE
1894 5479 2279 5539 LECTlONES
2317 5483 2402 5539 ET
2443 5483 2676 5539 NOTAE.

607 5627 715 5698 (⁸54)
741 5629 849 5712 illa.
885 5633 1054 5712 verba
1085 5633 1191 5712 τὴν
1214 5641 1550 5712 συμμετρίαν
1597 5638 1909 5712 οῃειιηιηιιιι
1949 5647 2070 5712 utro

2203 5641 2380 5698 hiatus
2405 5641 2733 5712 δημιουργία
2775 5645 3118 5702 continuatur
3151 5660 3270 5703 cum
3315 5645 3604 5702 διαϐαίνει.
3635 5645 3764 5704 Pus-

537 5710 640 5768 que
661 5701 773 5755 cod.
811 5701 923 5756 Vat.
958 5703 1059 5757 650
1092 5701 1353 5761 et’AltCin
1378 5701 1570 5774 quibus
1609 5707 1726 5762 sine
1758 5707 1862 5764 ullo
1896 5709 2093 5766 indicio
2200 5726 2301 5767 sm.
