3992 6450
132 367 271 434 1445

1038 361 1573 426 EPISTOLARUM
1610 357 1757 444 LIB.
1797 359 1864 420 V.
1904 383 1970 400 -ν-
2008 356 2244 420 EPIST.
2300 355 2494 416 CXCI.

3259 344 3403 408 1446

123 474 453 550 δημιουργοὶ
504 473 603 545 τὴν
658 471 1005 544 συμμετρίαν
1056 469 1329 526 ἐκϐαίνειν
1363 468 1462 520 οὐκ
1498 467 1563 520 ἂν
1601 461 1712 518 εἷεν

1843 479 1926 520 em
1983 463 2252 517 excedere
2287 445 2471 515 ’ποίεε
2538 458 2764 514 ducunt.
2823 455 3201 511 Circumstant
3254 470 3404 511 enun

123 571 329 623 δίκαιοι
354 586 365 597 ο
393 569 857 638 παρυφεστήκασι
883 566 992 636 γὰρ
1009 562 1367 634 ἑκατέρωθεν.
1386 559 1578 614 κακίαι
1597 561 1716 620 ταῖς

125 661 375 730 ἀρεταῖς,
400 659 678 729 ἀπατῆσαι
702 659 794 710 τὸν
818 657 1107 730 φιλάρετον
1131 655 1541 738 μηχανώμεναι.
1568 647 1714 719 Οἴον,

127 754 162 822 ἠ
197 752 459 805 εὐσέϐειά
487 754 637 805 ἐστιν
691 753 724 821 ἡ
759 749 1003 821 κεφαλὴ,
1051 750 1145 804 καὶ
1176 751 1204 801 ὁ
1235 748 1481 818 θεμέλιος
1513 751 1655 813 ,ννκαὶ
1683 747 1717 816 ἡ

127 845 342 915 κρηπὶς
390 844 499 896 τῶν
544 843 768 897 καλῶνο
819 843 955 898 ἀλλὰ
1004 842 1180 915 ταύτῃ
1225 841 1566 908 ἑκατέρωθεν
1606 841 1717 908 ’ὲφο

128 936 348 1007 εδρεύει
368 934 604 990 άσέϐειά
634 953 696 988 τε
728 937 822 990 καὶ
845 935 1255 1005 δεισιδαιμονία·
1289 936 1321 1003 ή
1352 940 1450 1002 μὲν
1478 933 1598 986 κατ’
1631 931 1718 984 ἐλ-

125 1027 330 1095 λειψιν,
354 1027 461 1097 ἡδὲ
485 1027 606 1080 καθ’
626 1027 725 1079 ὐπε
735 1026 931 1099 ρσολὴν
948 1025 1028 1078 τὸ¹
1050 1026 1107 1079 δὲ
1131 1023 1528 1095 ἀφαιρουμένηο
1551 1023 1640 1075 καὶ
1653 1025 1719 1093 τῇ

127 1117 363 1188 ἀνδρεία
410 1118 694 1189 θρασύτης
745 1117 841 1169 καὶ
885 1117 1056 1169 δειλία
1107 1116 1610 1186 παρυφιστήκασι,
1661 1111 1722 1166 τὸ

128 1207 270 1261 αὐτὸ
291 1209 491 1278 δρᾶσαι
526 1206 850 1279 βουλόμεναι
877 1219 892 1235 ⁸
928 1207 1006 1259 διδ
1037 1207 1143 1280 χρὴ
1166 1206 1268 1258 τὸν
1293 1204 1580 1274 εὐδόκιμον
1621 1200 1719 1265 τὰς

133 1300 346 1363 κακίας
378 1300 890 1370 ἀτιμάσαντα,ιτάς
933 1300 1138 1368 ἀρετὰς
1172 1296 1479 1367 αἱρεῖσθαι,
1513 1295 1606 1348 καὶ
1646 1293 1720 1364 μὴ

128 1392 204 1460 τῇ
230 1390 502 1460 φαντασίᾳ
523 1389 633 1445 τῶν
651 1390 860 1460 ἀρετῶν
879 1392 961 1454 είς
981 1389 1079 1453 τὰς
1101 1388 1496 1461 ἐφεδρευούσας
1523 1386 1722 1448 κακίας

130 1481 446 1536 ἐκπίπτειν.

651 1592 822 1649 ΡΠΘο.
855 1622 924 1632 -
953 1590 1184 1661 usus.

1823 555 2086 620 utrinque
2125 553 2383 606 virtutem
2414 550 2540 603 vitia
2563 589 2576 614 ,
2603 564 2723 620 quas
2765 547 2953 602 fallere
2977 547 3182 601 virtute
3205 548 3408 616 praedi-

1819 653 1931 699 tum
1967 642 2129 698 facile
2155 652 2405 713 possunt.
2446 640 2607 696 Verbi
2657 641 2855 711 gratia,
2882 639 3058 709 pictas
3099 647 3260 707 caput
3297 647 3406 700 est,

1822 735 1969 790 basis
2013 750 2105 789 seu
2157 735 2569 788 Fundamentum
2613 741 2668 787 et
2714 731 2943 801 crepido
2971 729 3278 786 honestatis
3311 742 3408 782 :at

1825 827 2087 896 utrinque
2152 825 2540 891 circumstant;
2587 823 2716 878 hinc
2756 823 3048 892 impietas,
3116 822 3248 876 inde
3282 821 3406 875 ‘su-

1820 919 2069 990 perstitio
2121 934 2136 972 :
2180 917 2272 970 illa
2313 917 2530 987 quidem
2585 915 2838 977 defectu,
2894 915 2995 969 bac
3042 927 3171 968 vero
3210 913 3410 968 nimie-

1825 1022 1933 1066 tate
1967 1019 2273 1080 peccantes.
2314 1008 2406 1064 Sic
2445 1017 2499 1063 et
2533 1007 2906 1062 fortitudinem
2943 1007 3188 1060 ambiunt
3227 1007 3406 1060 utrin~

1822 1121 1958 1175 que.
1995 1104 2270 1156 temeritas
2311 1089 2457 1164 hinc,
2493 1097 2639 1154 illinc
2673 1098 2934 1152 timiditas
2969 1116 2990 1151 τ
3016 1113 3138 1166 qua:
3190 1096 3409 1152 furtiter

1827 1211 1983 1266 agere
2007 1195 2205 1249 frustra
2239 1193 2500 1246 nituntur.
2533 1191 2853 1260 Quicunque
2888 1191 3052 1261 igitur
3079 1190 3258 1245 clarus
3297 1190 3414 1244 vult

1823 1286 2033 1352 haberi,
2076 1285 2331 1338 virtutem
2393 1282 2536 1337 colat
2598 1293 2825 1346 necesse
2867 1292 2999 1336 est:
3033 1281 3163 1335 vitia
3219 1289 3411 1336 contra

1825 1365 1978 1441 vitet,
2006 1389 2140 1430 neve
2171 1373 2436 1428 virtutum
2471 1371 2652 1441 specie
2695 1373 2749 1429 in
2789 1372 2963 1428 vicina
2992 1373 3249 1440 utrinque
3275 1373 3406 1426 vilia

1828 1469 2110 1538 impingat.

2266 1573 2602 1631 CLXXXIX.
2632 1605 2706 1616 —
2734 1572 2960 1630 lSAl/E.

853 1680 1259 1742 Moderandum,
1295 1693 1358 1732 ne
1387 1676 1644 1731 rationem
1677 1671 2002 1741 exstinguas.
2039 1665 2216 1720 Furor
2247 1667 2384 1722 enim
2417 1666 2582 1720 brevis
2613 1665 2710 1720 est.

209 1792 323 1846 Καὶ
354 1791 526 1863 θυμοῦ
567 1793 665 1846 καὶ
697 1793 1044 1863 φρονήματος
1103 1791 1301 1862 μεστὸν
1339 1786 1481 1843 εἶναι
1518 1787 1579 1842 σέ
1617 1805 1724 1856 φα-

1897 1779 2179 1836 lracundia
2229 1778 2388 1834 simul
2424 1787 2476 1832 et
2521 1775 2805 1846 prudentia
2869 1775 3152 1846 praeditum
3207 1783 3258 1829 te
3292 1788 3420 1831 esse

138 1901 229 1938 σιν
265 1886 315 1937 ol
349 1883 838 1954 συνδιατρίϐοντες.
876 1883 940 1936 Εἰ
969 1882 1150 1936 τοίνυν
1195 1880 1348 1937 ταῦθ’
1375 1881 1550 1944 οὕτως
1579 1879 1713 1951 ἔχει,

141 1972 356 2043 ιμϐαλε
395 1973 660 2044 ἡνίαντῷ
697 1974 877 2044 θυμῷ,
917 1974 1011 2028 ἵνα·
1048 1973 1122 2050 μὴ
1163 1972 1457 2046 προπηδῶν
1489 1973 1583 2026 τοῦ
1621 1971 1714 2025 λο-

134 2063 340 2136 γισμοῦ
369 2063 534 2136 σόἐσῃ
560 2065 652 2117 καὶ
680 2063 742 2117 τὸ
769 2064 1042 2134 φρόνημαο
1065 2063 1146 2116 διὸ
1177 2063 1272 2117 καὶ
1294 2063 1394 2132 τὴν
1421 2061 1614 2132 ὀφρὺν,
1643 2058 1717 2122 ὣς

136 2168 298 2222 φασι,
326 2151 544 2220 γείτονα
567 2152 856 2223 κροτάφων
885 2150 1152 2222 ἐπαίρεις.

653 2278 774 2344 Pw.
804 2307 875 2317 —
906 2277 994 2348 re
1028 2258 1231 2348 srrg‘.

1830 1876 2134 1947 praedicant
2168 1875 2260 1928 tui
2309 1872 2630 1929 familiam.
2684 1864 2740 1939 Si
2791 1871 2962 1942 igitur
3018 1885 3144 1927 vera
3196 1870 3418 1932 dicunt,

1831 1967 2126 2022 iracundia:
2172 1974 2278 2020 tute
2318 1965 2532 2020 frenum
2584 1964 2825 2033 impone,
2858 1977 2927 2019 ne
2951 1964 3218 2018 rationem
3261 1963 3413 2018 inva-

1830 2058 1966 2112 dens
1993 2057 2306 2126 exstinguat
2351 2057 2514 2110 etiam
2550 2056 2930 2125 prudentiam;
2965 2054 3193 2124 ideoque
3234 2061 3285 2110 et
3328 2069 3421 2109 sn-

1830 2149 2119 2220 percilium
2165 2158 2358 2203 natura
2398 2149 2735 2220 temporibus
2764 2148 2962 2218 capitis
2998 2147 3236 2202 vicinum
3271 2161 3415 2204 esse.

2363 2272 2519 2329 CXC.
2557 2304 2628 2314 —
2664 2271 2893 2328 ElDEll.

143 2367 406 2424 Hortatur
430 2370 485 2423 ist
511 2367 610 2434 illi,
630 2385 780 2439 quem
801 2369 1000 2435 iudicio
1017 2378 1312 2438 superarat,
1339 2369 1638 2422 humaniter
1651 2383 1704 2421 se
1725 2375 1935 2421 excuset
1959 2364 2299 2436 animumque
2317 2363 2430 2433 ejus
2452 2348 2645 2432 placet.
2678 2359 2915 2434 (Confer.
2941 2365 3090 2428 epist.
3122 2362 3244 2430 129,
3272 2363 3416 2434 195.)

225 2497 447 2566 Ἐπειδὴ
507 2495 856 2566 νενικημένος
897 2499 925 2550 ὁ
973 2495 1168 2568 πρώην
1214 2513 1307 2550 σου
1338 2496 1595 2562 διάδικος,
1632 2497 1724 2565 ὑφ’

1903 2493 2348 2563 Quandoquidem
2399 2491 2491 2561 qui
2545 2500 2722 2545 tecum
2773 2506 2941 2562 nuper
2982 2489 3191 2559 judicio
3243 2491 3419 2546 disce-

142 2583 219 2644 ὧν
250 2587 542 2652 πέπονθεν,
584 2587 738 2642 οὔπω
789 2589 1076 2659 νενίκηκεν
1115 2589 1306 2642 ἑαυτὸν
1339 2588 1503 2652 είς-τὺ
1534 2589 1732 2660 χρῆναι

1840 2585 2042 2655 ptabat,
2085 2586 2262 2639 vietus
2301 2593 2405 2644 est.
2437 2599 2466 2636 a
2510 2584 2624 2638 suis
2659 2592 2818 2638 antea
2855 2588 3144 2653 superatus
3178 2580 3421 2638 aﬂectio-

145 2679 580 2751 θεραπευθῆναι,
616 2679 709 2748 μὴ,
744 2678 986 2731 παύσαιο
1018 2678 1105 2732 διά
1151 2679 1499 2749 γραμμάτων
1535 2677 1734 2730 ἀπολο-

142 2770 410 2840 γούμενος
431 2785 447 2798 ⁸
481 2765 540 2822 εὖ
574 2769 681 2838 γάρ
714 2771 907 2832 ποιεῖς,
947 2768 1017 2821 τά
1053 2767 1236 2832 κακῶς
1266 2769 1525 2838 γινόμενα
1554 2761 1734 2831 καλῶς

147 2860 402 2931 ἰώμενος.
437 2859 548 2913 Καὶ
587 2861 749 2932 ἡμεῖς
785 2861 897 2932 γάρ
939 2859 1389 2924 καταντλοῦντες,
1427 2859 1609 2929 ἡπίοις
1645 2859 1734 2911 λό-

141 2968 261 3020 γοις
290 2951 352 3005 τὸ
381 2951 558 3014 πάθος
587 2949 909 3023 πειρώμεθα
936 2949 1100 3004 αὑτοῦ
1137 2951 1409 3006 ἰάσασθαι.

322 3153 474 3218 ΡιιΑν
503 3182 575 3192 --
605 3151 907 3222 ΔΩΡΟΘΕῼ
946 3148 1249 3218 ΔΙΔΚΟΝῼ
1280 3147 1506 3221 ιΑΤΡῼ.

1833 2679 1996 2733 nibus
2031 2678 2272 2747 seipsum
2317 2678 2556 2730 nondum
2598 2675 2792 2731 vicerit
2821 2675 2875 2730 in
2905 2673 3210 2729 adhibenda
3251 2675 3424 2729 medi-

1833 2771 1978 2833 cina,
2028 2784 2094 2824 ne
2141 2769 2364 2823 desinas
2403 2783 2500 2837 per
2536 2769 2704 2840 616
2731 2768 2938 2822 litteras
2983 2767 3220 2836 placare.
3258 2766 3425 2822 Recto

1832 2862 1976 2915 enim
2006 2859 2167 2926 facis,
2201 2859 2342 2929 quod
2381 2873 2502 2929 quae
2529 2861 2666 2912 male
2695 2861 2845 2928 gesta
2883 2867 3032 2920 sunt,
3068 2865 3214 2910 recte
3245 2871 3420 2911 cures.

1833 2951 1946 3008 Nos
1979 2952 2181 3022 pariter
2225 2951 2402 3004 oleum
2459 2948 2787 3005 aﬂ‘undendo
2818 2951 2999 3004 verbis
3043 2950 3293 3018 benignis
3329 2965 3424 3004 co-

1835 3046 2089 3101 nabimur
2114 3043 2234 3115 ejus
2269 3043 2441 3098 animi
2471 3044 2865 3112 perturbationi
2902 3043 3167 3098 medelam
3207 3041 3424 3098 aﬂ'erre.

1957 3154 2142 3210 CXCI.
2172 3183 2244 3194 —
2275 3151 2646 3208 DOROTHEO
2689 3151 2988 3246 DIACONQ
3027 3152 3305 3210 MEDICO.

151 3266 447 3332 Quintiani
475 3267 744 3334 respondet
783 3269 1085 3334 proposita,
1118 3277 1213 3316 cur
1247 3264 2144 3407 incorporfgo’ﬁinuzpmssiog;b;ts
2190 3269 2621 3338 corruptionique
2649 3267 2898 3333 obnoxia,
2946 3282 3103 3338 quam
3148 3282 3424 3336 corporea.

235 3446 459 3514 Ἐπειδὴ
490 3447 679 3517 χρῆμα
713 3452 883 3516 σαφὲς
908 3448 1004 3501 καὶ
1033 3444 1466 3525 ὁμολργούμενον
1493 3447 1587 3500 καὶ
1613 3449 1734 3510 ταῖς

164 3539 207 3591 is
219 3540 341 3610 ραῖς
363 3539 630 3608 Γραφαῖς,
656 3540 750 3591 καὶ
773 3541 882 3602 τοῖς
909 3539 1238 3609 σοφωτέροις
1259 3539 1369 3592 τῶν
1387 3525 1618 3605 ἔξωθεν,
1646 3539 1733 3593 διὰ

153 3629 623 3700 παραδειγμάτων
665 3627 935 3699 ἠθέλησας
976 3629 1187 3699 μαθεῖν,
1225 3628 1300 3692 ὡς
1332 3627 1398 3682 ἂν
1430 3623 1539 3691 οἷός
1566 3645 1625 3680 τε
1669 3621 1734 3694 ὧ,

163 3719 340 3772 πολλὰ
395 3719 463 3772 δι’
491 3718 688 3785 ὀλίγων
722 3721 927 3788 φράσαι
975 3719 1328 3789 πειράσομαι.
1378 3717 1529 3771 Ἐπεὶ
1561 3718 1738 3770 τοίνυν

156 3806 294 3878 ιφης
317 3823 330 3836 ⁸
352 3800 538 3861 ’Πόθεν
581 3806 761 3876 δῆλον,
789 3809 870 3861 ὅτι
915 3807 1290 3878 τάάσώματα
1326 3808 1436 3862 τῶν
1472 3806 1739 3877 σωμάτων

157 3899 308 3950 ἐστὶν
347 3896 703 3969 άπαθέστερα
752 3899 847 3951 καὶ
898 3897 1260 3968 ἰσχυρότερα;
1299 3897 1444 3967 φημὶ
1470 3937 1484 3958 ,
1517 3899 1628 3970 ὅσῳ
1665 3897 1734 3952 τά

160 3991 334 4060 ἔγγὺς
383 3990 486 4060 τῆς
533 3990 958 4061 άσωματότητος
1003 3989 1230 4062 σώματα
1275 3991 1601 4060 ίσχυρύτερα
1648 3990 1742 4044 καὶ

159 4081 513 4150 άπαθέστερά
541 4082 680 4146 ἐστι,
711 4081 818 4135 τῶν
840 4081 1166 4154 παχυτέρων
1194 4082 1482 4153 σωμάτων,
1505 4081 1742 4154 τοσούτῳ

165 4173 265 4226 καὶ
297 4173 367 4225 τὰ
398 4173 676 4241 ἀσώματα
701 4173 763 4226 οὐ
795 4173 955 4243 μόνον
973 4173 1082 4226 τῶν
1112 4175 1460 4245 παχυτάτων,
1491 4173 1628 4228 ἀλλὰ
1649 4175 1744 4228 καὶ

161 4263 277 4317 τῶν
321 4263 672 4317 λεπτοτάτων
720 4266 870 4318 ἐστὶν
916 4265 1287 4336 άπαθέστερα.
1335 4261 1461 4321 υἷον
1499 4267 1531 4336 ἡ
1569 4265 1744 4336 πέτρα

163 4355 261 4410 τοῦ
304 4356 498 4421 ὓδατός
534 4357 651 4410 ἐστι
706 4359 1025 4429 παχυτέρα,
1068 4359 1148 4411 διὸ
1197 4359 1512 4431 ῥηγνυμένη
1561 4361 1744 4414 οὐκέτι

165 4448 526 4514 συνάπτεται,
559 4449 622 4501 τὸ
667 4449 724 4502 δὲ
763 4450 907 4520 ὕδωρ
943 4450 1238 4522 διαιρεθὲν,
1278 4452 1442 4506 πάλιν
1473 4452 1744 4521 συναφθὲν

165 4540 278 4609 (55)
318 4539 556 4594 ἑνοῦται.
588 4541 739 4610 Ὅσῳ
779 4541 888 4614 γὰρ
932 4543 1274 4611 λεπτότερον,
1322 4543 1560 4614 τοσούτῳ
1601 4547 1744 4598 ἁπα-

165 4631 446 4703 θέστερον.
494 4633 552 4686 Ὀ
588 4633 644 4686 δὲ
682 4631 794 4713 ἀὴρ
821 4635 965 4705 (χρὴ
1002 4635 1111 4705 γὰρ
1163 4635 1255 4686 ἐπὶ
1292 4634 1613 4705 λεπτότερον
1647 4634 1745 4705 βα-

1907 3450 2135 3516 Quando
2179 3465 2290 3504 rem
2339 3448 2543 3504 claram
2603 3457 2764 3518 atque
2812 3463 3135 3505 concessam
3192 3451 3427 3506 cum'in

1839 3538 2018 3592 sacris
2049 3536 2296 3601 Litteris,
2328 3548 2439 3592 tum
2479 3539 2529 3591 in
2564 3538 2806 3593 externis
2831 3538 3191 3607 philosophis,
3221 3541 3431 3596 discere

1839 3643 1866 3679 a
1891 3641 1978 3680 me
2014 3625 2280 3696 exemplis
2319 3627 2561 3692 voluisti,
2595 3643 2740 3682 nunc
2773 3627 2949 3695 quoad
2981 3628 3097 3696 ejus
3129 3628 3242 3682 ﬁeri
3276 3643 3306 3682 a
3344 3643 3431 3683 me

1839 3725 2038 3786 potest,
2068 3716 2236 3792 multa
2270 3718 2458 3785 paucis
2480 3717 2831 3787 complectar.
2868 3717 3076 3784 Qumris
3111 3718 3256 3770 enim
3284 3719 3429 3773 unde

1841 3817 2053 3863 constet
2088 3808 2409 3876 incorporea
2452 3809 2772 3878 corporibus
2806 3823 2928 3864 esse
2962 3811 3134 3878 magis
3182 3811 3427 3879 expertia

1843 3895 2190 3954 aﬂ'ectionnm
2251 3905 2415 3969 atque
2469 3901 2796 3969 potentiora.
2860 3899 3220 3970 Respondeo,
3282 3908 3428 3973 quod

1843 4001 2110 4061 quantum
2145 4005 2377 4062 corpora
2425 3993 2589 4046 rebus
2616 3977 2953 4061 incorporeis
2985 3993 3249 4047 viciniora
3279 4005 3427 4057 sunt,

1845 4081 1948 4136 hoc
1995 4079 2223 4134 fortiora
2279 4091 2333 4136 et
2381 4077 2732 4136 aﬂ‘ectionum
2780 4083 2951 4152 magis
2997 4085 3240 4153 expertia
3280 4095 3428 4147 sunt.

1844 4188 2008 4243 quam
2043 4188 2270 4244 corpora
2312 4174 2618 4240 crassiora;
2653 4184 2863 4228 tantum
2897 4175 3061 4229 etiam
3107 4176 3428 4247 incorporea

1845 4283 1953 4322 non
1986 4269 2146 4322 modo
2175 4265 2556 4328 crassissimis,
2579 4267 2672 4322 sed
2699 4266 2862 4320 etiam
2898 4267 3229 4322 tenuisslmis
3259 4269 3434 4339 magis

1844 4375 1968 4415 esse
2012 4354 2357 4429 impatibilia’.
2411 4356 2572 4413 Verbi
2619 4359 2832 4427 gratia,
2879 4359 3016 4428 lapis
3068 4361 3309 4415 crassior
3349 4371 3432 4416 est

1847 4466 2009 4521 quam
2057 4464 2233 4522 aqua;
2273 4449 2395 4505 ideo
2450 4447 2654 4505 fractus
2706 4463 2812 4504 non
2865 4451 3095 4521 amplius
3145 4451 3423 4506 coalescit.

1848 4544 2001 4614 Aqua
2038 4557 2168 4598 vero
2213 4551 2494 4614 segregata
2537 4556 2752 4595 rursum
2788 4541 2931 4595 uniri
2983 4550 3178 4611 potest.
3213 4537 3432 4609 Quanto

1848 4637 1992 4690 enim
2047 4635 2298 4699 tenuior,
2364 4640 2520 4688 tanto
2576 4644 2660 4688 est
2721 4632 3087 4703 impatibilior.
3143 4632 3252 4689 Aer
3304 4649 3435 4690 vero

169 4724 320 4779 δίσαι
384 4727 740 4797 παράδειγμα
766 4711 792 4794 )ῖ
837 4727 959 4781 οὐδὲ
1005 4727 1289 4797 διαστῆναι
1338 4727 1594 4780 δύναται·
1649 4727 1733 4780 tax

1850 4723 2183 4796 (exemplum
2228 4724 2376 4778 enim
2429 4723 2810 4778 tenuissimum
2854 4721 3052 4778 aﬂ'erre
3100 4725 3152 4778 in
3197 4725 3433 4781 inediam

167 4813 300 4883 γοῦν
333 4813 366 4885 ἢ
407 4817 488 4879 είς
525 4815 788 4887 κέραμον,
815 4817 848 4888 ἢ
877 4818 956 4880 είς
986 4816 1160 4870 ἀσκὸν
1187 4815 1571 4888 ἀποκλεισθείη
1597 4858 1612 4881 ,
1656 4817 1748 4870 καὶ

173 4908 257 4970 εἰς
301 4906 466 4978 βυθὸν
501 4907 706 4979 ῥιφείη,
742 4908 842 4961 οὐκ
866 4906 1140 4978 ἀνέχεται,
1160 4907 1272 4960 ἀλλ’
1304 4907 1624 4971 ἐπιπολάζει
1657 4907 1751 4962 καὶ

171 4999 541 5069 ἐπινήχεται,
565 4999 658 5053 καὶ
697 4999 796 5069 τὴν
821 4999 1144 5067 ἐπιφάνειαν
1178 4999 1362 5069 ζητεῖ,
1401 4999 1494 5051 καὶ
1524 4999 1588 5050 τὸ
1618 5013 1748 5065 συγ-

169 5089 327 5157 γενὲς
360 5089 620 5159 θηρᾶται.
665 5079 734 5142 Εί
779 5089 960 5142 τοίνυν
991 5090 1019 5142 ὁ
1056 5089 1153 5161 μὲν
1180 5091 1290 5160 ἀὴρ
1324 5088 1417 5142 τοῦ
1449 5088 1662 5153 ὓδατος,
1694 5087 1754 5141 τὸ

172 5181 230 5235 δὲ
270 5181 416 5252 ὕδωρ
459 5182 561 5250 τῆς
601 5181 808 5252 πέτρας
838 5182 954 5234 ἐστὶ
979 5181 1329 5249 λεπτότερον,
1361 5181 1440 5234 διὸ
1473 5182 1566 5234 καὶ
1605 5181 1748 5233 άπα-

172 5272 450 5342 θέστερον·
501 5271 557 5325 τί
585 5272 909 5343 θαυμάζεις,
939 5274 990 5326 εί
1026 5275 1119 5327 καὶ
1149 5274 1216 5327 τὰ
1243 5275 1507 5342 ἀσώματα
1539 5275 1753 5346 ἰσχυρό-

172 5364 309 5434 τιρά
330 5365 524 5430 conv;
559 5363 664 5418 Ἰδε
706 5358 800 5416 οὗν
833 5365 928 5417 καὶ
963 5364 1063 5435 τὴν
1094 5365 1272 5436 ψυχὴν
1313 5365 1386 5436 μὴ
1417 5365 1750 5435 φαινομένην

178 5452 276 5520 μὲν
305 5454 572 5526 (ἀόρατος
615 5455 724 5527 γάρ
755 5454 956 5525 ἐστιν),
1005 5457 1158 5527 ἰσχὺν
1189 5457 1246 5509 δὲ
1281 5455 1357 5526 τῷ
1406 5453 1620 5525 σώματι
1657 5457 1750 5509 καὶ

1848 4817 2123 4888 convenit)
2173 4815 2448 4886 segregari
2499 4830 2604 4873 non
2652 4825 2850 4885 potest.
2908 4815 2966 4871 Si
3015 4818 3167 4879 enim
3221 4818 3273 4873 in
3336 4833 3436 4874 vas

1850 4910 2018 4965 ﬁctile
2043 4909 2129 4965 vel
2179 4913 2231 4964 in
2264 4921 2437 4964 utrem
2472 4908 2738 4974 includas,
2768 4920 2822 4964 et
2849 4910 2903 4964 in
2940 4909 3266 4980 profundum
3307 4915 3436 4969 mit-

1849 5010 1953 5065 tas,
1982 5016 2089 5055 non
2117 5001 2401 5070 mergitur,
2428 5001 2524 5055 sed
2554 5014 2848 5069 assurgens
2876 5016 3064 5071 supra,
3092 5014 3434 5073 supernatat,

1854 5094 2160 5162 gaudetque
2192 5094 2457 5160 conspici,
2506 5103 2562 5148 et
2608 5093 2788 5148 locum
2833 5104 3076 5150 sectatur
3110 5098 3432 5154 naturalem.

1853 5181 2020 5250 Igitur
2052 5183 2100 5237 si
2130 5197 2226 5238 aer
2252 5198 2412 5254 quam
2443 5198 2604 5253 aqua,
2642 5194 2696 5240 et
2724 5199 2863 5254 aqua
2896 5201 3058 5256 quam
3089 5187 3228 5258 lapis
3259 5189 3436 5245 subti-

1851 5271 1957 5327 lior
1999 5272 2234 5338 exsistit,
2266 5281 2428 5342 atque
2467 5273 2603 5328 adeo
2633 5273 2980 5328 ail'ectionum
3027 5275 3208 5332 minus
3234 5291 3429 5346 capax,

1852 5367 2003 5436 quid,
2031 5381 2150 5432 oro,
2173 5366 2464 5422 admiraris
2489 5367 2653 5423 etiam
2683 5367 2999 5435 incorporea
3033 5367 3256 5423 fortiora
3281 5369 3438 5424 esse?

1852 5458 2147 5513 Considera
2177 5459 2364 5527 itaque
2400 5465 2458 5515 ut
2495 5458 2700 5527 anima,
2728 5475 2847 5523 qua:
2883 5461 2983 5517 sub
3018 5470 3298 5532 aspectum
3325 5475 3437 5519 non

1316 5615 1547 5670 VARIE
1584 5611 1971 5671 ΙιΕϐΤΙΟΝΕΒ
2011 5615 2102 5674 ΕΤ
2139 5613 2374 5672 ΝΟΤιΕ.

246 5772 357 5840 (35)
386 5769 492 5826 l’ro
514 5770 782 5841 συναφθὲν
809 5771 965 5829 codd.
1009 5770 1128 5828 Vat.
1156 5772 1259 5829 650
1288 5783 1338 5830 et
1371 5773 1478 5829 Alt.
1506 5775 1733 5831 scribunt

1840 5772 2042 5844 »ναφὲν.
2084 5773 2160 5828 lo.
