3992 6428
547 307 677 384 ιιδι

1754 295 1815 354 S.
1857 291 2147 357 lSlDORI
2193 289 2620 351 PELUSIOTE

3656 285 3794 354 ιιει

546 434 662 473 rum
726 411 1114 487 ignobilitatem
1181 407 1464 475 Apostolus
1521 405 1590 459 ob
1649 402 1836 457 oculos
1895 400 2097 468 ponit:

2223 404 2388 487 ῄγαγε
2402 398 2524 461 τοὺς
2547 396 2720 466 χαμαὶ
2764 394 3088 465 κειμένους;
3134 395 3296 465 Ὁμοῦ
3331 413 3390 449 τε
3423 394 3538 468 γὰρ
3563 396 3662 452 καὶ
3691 397 3792 471 τὴν

547 508 880 564 nobilitatem
910 510 1096 557 contra
1127 499 1578 556 Christianorum,
1611 508 1775 562 quam
1826 490 1970 544 onnti
2001 501 2103 554 ope

2224 486 2490 540 Ἰουδαίων
2516 486 2948 557 μικροπρέπειαν
2977 485 3249 538 δείκνυσιν
3268 489 3298 541 ὁ
3327 487 3683 555 ’Δαιτόεικτολος⁹
3699 491 3794 546 καὶ

544 597 978 665 st-rvarejustum
1015 592 1194 654 fuerit,
1234 605 1299 644 ne
1328 592 1524 643 honore
1547 585 1860 640 euidentes
1894 581 2107 650 gravius

2223 575 2307 646 τὴν
2342 576 2682 644 Χριστιανῶν
2741 575 3214 646 μεγαλοπρέπειαν
3243 592 3256 606 ο
3310 577 3375 648 ῆν
3409 580 3575 633 παντὶ
3619 579 3795 634 σθένει

545 689 887 756 castigentur,
915 692 1100 754 utpote
1129 689 1275 735 tanto
1307 677 1508 748 indigni
1538 676 1759 730 honore.

697 975 968 1034 CXCVIII.
1009 1004 1077 1015 —
1124 967 1519 1027 IIARPOCRE
1569 960 1952 1021 SOPHISTAS.

2209 671 2407 724 δίκαιοι
2443 670 2508 724 ἂν
2562 673 2753 742 ετημεν
2799 671 3030 739 φυλάξαι
3055 687 3069 703 ο
3123 671 3210 724 ῐνα
3243 672 3317 744 μὴ
3352 673 3453 742 τῆς
3508 671 3670 739 ἀξίας
3701 674 3790 726 ὲκς

2213 761 2505 825 πεσόντες,
2538 762 2950 832 ἀργαλεώτερον
2990 761 3365 833 κολασθῶμεν,
3413 763 3491 828 ὡς
3541 764 3680 835 μηδι
3731 769 3796 836 τῇ

2209 849 2446 921 τοσαύτῃ
2479 853 2610 920 τιμῇ
2638 848 3041 919 βελτιωθέντες.

2502 958 2668 1025 mn.
2700 989 2770 1000 -
2797 959 3123 1030 ΑΡΠΟΚΡᾼ
3164 958 3477 1032 ΣΟΦΙΣΤῌ.

1711 1055 1979 1126 Graphica
2009 1052 2342 1124 hypotyposis
2388 1050 2628 1105 laudata.

618 1179 685 1236 Ut
719 1192 1039 1249 generosum
1087 1187 1282 1242 equum
1329 1176 1501 1241 pictor
1556 1167 1795 1235 optimus
1838 1166 1980 1219 elata
2021 1163 2109 1218 de-

551 1273 778 1342 pingrns
803 1267 1014 1319 cervice
1032 1265 1318 1331 spirantem
1345 1271 1509 1328 prope
1529 1255 1695 1327 619
1723 1261 2108 1322 reprazsentare

548 1341 772 1415 studens
800 1368 850 1408 rt
882 1373 999 1410 cum
1056 1354 1167 1420 ipsa
1221 1364 1468 1419 pugnans
1501 1357 1690 1401 natura
1749 1342 1978 1414 imponit
2006 1341 2106 1408 ipsi

2285 1159 2496 1229 Ὠσπερ
2515 1158 2731 1230 ἀριστος
2761 1157 3050 1228 ζωγράφος
3075 1157 3242 1213 ἵππον
3272 1159 3478 1230 γαῦρον
3497 1161 3591 1215 καὶ
3619 1161 3801 1231 ὑψαύ-

2212 1264 2340 1318 χενα
2404 1247 2667 1316 γράφων,
2723 1248 3002 1315 μονονουχὶ
3054 1246 3293 1316 ἔμπνουν
3354 1249 3517 1301 αὐτὸν
3572 1252 3801 1320 ποιῆσαι

2212 1339 2695 1410 φιλοτιμούμενος,
2742 1341 2834 1391 καὶ
2870 1339 3006 1409 πρὸς
3043 1338 3141 1408 τὴν
3172 1337 3334 1408 φύσιν
3377 1339 3798 1411 ἁμιλλώμενος,

547 1465 667 1503 rum
730 1448 883 1500 freno
935 1445 1301 1513 prudentiam,
1353 1441 1496 1494 sistit
1549 1439 1742 1506 ipsum,
1796 1449 1903 1502 quo
1965 1441 2107 1486 stare

2223 1431 2459 1502 psmn
2512 1432 2608 1502 μὲν
2660 1429 2810 1499 αὐτῷ
2877 1431 3016 1500 μετά
3070 1431 3164 1483 τοῦ
3231 1433 3452 1502 χαλινοῦ
3515 1435 3800 1504 φρόνημα,

546 1540 657 1593 vult
688 1539 838 1593 loco:
875 1539 950 1589 sic
978 1545 1031 1588 et
1079 1545 1168 1588 tua
1222 1532 1456 1588 eruditio
1505 1544 1603 1585 suo
1659 1540 1912 1582 sermone
1963 1523 2108 1577 clare

549 1629 702 1682 nobis
724 1626 1063 1694 prudentiam
1095 1623 1234 1676 illius
1289 1622 1380 1676 viri
1412 1617 1701 1689 impressit,
1739 1627 1798 1670 ut
1833 1614 1979 1668 illum
2029 1613 2106 1666 vi-

547 1721 673 1771 dare
696 1718 870 1786 potius
896 1729 1057 1783 quam
1092 1713 1303 1767 litteras
1343 1711 1572 1780 scriptas
1614 1709 1799 1778 legens
1839 1705 2104 1761 videatur.

1034 2000 1261 2058 CXCIX.
1283 2029 1350 2040 —-
1384 1997 1613 2052 EIDEM.

2212 1523 2390 1593 ἵστησι
2422 1523 2478 1576 δὲ
2524 1523 2682 1578 αὑτὸν
2726 1524 2783 1573 ἐν
2821 1522 2970 1592 αὐτῷ
3004 1521 3083 1592 τῷ
3132 1521 3309 1575 θέλειν
3347 1523 3572 1576 ἑστάναι
3603 1542 3616 1552 ·
3658 1525 3803 1579 οὕτω

2228 1613 2384 1682 καὶὴ
2430 1614 2494 1683 σὴ
2541 1613 2818 1676 παίδευσις
2858 1612 2947 1665 διά
2990 1611 3084 1668 τοῦ
3125 1614 3289 1682 λόγου
3338 1614 3527 1682 σαφῶς
3569 1618 3708 1685 ἡμῖν
3739 1615 3804 1668 τὸ

2228 1703 2482 1774 φρόνημα
2537 1704 2757 1771 τάνδρὸς
2805 1703 3170 1773 ἐνεχάραξεν,
3235 1705 3309 1768 ώς
3380 1705 3546 1758 αὑτὸν
3592 1707 3805 1759 ἐκεῖνον

2232 1796 2362 1866 ὁρᾷν
2413 1796 2538 1856 τοὺς
2597 1793 3068 1861 ἀναγινώσκοντας
3137 1795 3337 1865 μᾶλλον
3389 1797 3422 1866 ἢ
3490 1797 3558 1852 τά
3619 1797 3811 1870 γράμς

2146 1898 2186 1952 Β
2219 1903 2385 1956 ματα.

2693 1996 2854 2064 mea
2889 2026 2959 2038 —
2989 1998 3074 2067 Tn
3108 1998 3309 2068 ΑΥΤῼ.

754 2099 840 2152 Ex
876 2097 1016 2152 vultu
1044 2095 1256 2164 conjirit
1287 2095 1349 2147 de
1379 2095 1577 2156 animo,
1619 2089 1818 2145 Zosimi
1846 2089 2051 2156 opinor,
2096 2089 2183 2141 cui
2217 2091 2418 2144 litteras
2465 2093 2778 2145 tradiderat.
2818 2089 3044 2160 (Similis
3083 2093 3236 2160 epist.
3279 2091 3403 2157 I56,
3449 2091 3601 2164 {99.)

617 2207 787 2262 Simul
819 2217 981 2274 atque
1027 2213 1128 2257 tua:
1159 2201 1442 2271 probitatis
1490 2199 1698 2255 litteras
1744 2197 1836 2252 ille
1875 2199 2103 2264 accepit,

548 2313 709 2368 quem
746 2298 1025 2364 nominare
1077 2294 1198 2347 nolo
1234 2295 1361 2360 (non
1417 2291 1561 2345 enim
1587 2291 1790 2358 scripto
1826 2289 2107 2340 memoria-

548 2401 652 2456 que
681 2395 762 2439 est
788 2385 1000 2454 dignus)
1048 2383 1405 2451 perniciosum
1463 2380 1591 2448 quid
1622 2394 1687 2432 ac
1748 2379 1885 2432 rictu
1929 2379 2108 2431 minax

549 2476 754 2541 arrisit,
804 2484 862 2528 ut
921 2474 1155 2536 assolet,
1212 2471 1423 2541 quoties
1467 2470 1545 2522 ira
1587 2471 1779 2539 plenus
1831 2468 2106 2536 turgescit.

547 2571 831 2624 Certamen
864 2577 1043 2620 autem
1091 2565 1372 2618 horridum
1418 2575 1705 2630 aggressus
1738 2568 1839 2625 est,
1887 2569 1942 2612 et
1976 2559 2110 2612 forte

546 2656 791 2730 perfecit,
832 2656 936 2710 nisi
967 2656 1077 2723 ipse
1105 2654 1494 2708 ecclesiasticis
1524 2651 1898 2706 sanctionibus
1932 2648 2108 2704 factus

547 2749 619 2803 sit
653 2747 969 2803 certaminis
995 2745 1232 2799 occasio.

831 2852 933 2907 CC.
953 2882 1023 2892 —
1043 2849 1335 2906 OPHELIO
1361 2845 1848 2903 SCHOLASTICO.

2291 2200 2380 2264 Ὠς
2421 2197 2636 2262 ἐδέξατο
2665 2201 2764 2274 τῆς
2800 2199 2895 2268 σῆς
2931 2197 3336 2268 καλοκάγαθίας
3382 2202 3452 2254 τὰ
3484 2202 3801 2274 γράμματι

2210 2293 2437 2352 ἐκεῖνος,
2470 2290 2528 2343 ὃν
2557 2291 2615 2342 οὐ
2647 2289 2903 2359 βούλομαι
2931 2289 3108 2356 λέγειν
3150 2291 3168 2359 (
3191 2290 3267 2362 μὴ
3299 2291 3406 2362 γὰρ
3444 2292 3530 2363 εἴη
3575 2297 3800 2365 γραφῆς

2218 2385 2310 2434 καὶ
2330 2383 2547 2450 μνήμης
2577 2381 2766 2449 ἄξιος),
2799 2381 3038 2451 ὀλέθριον
3067 2383 3160 2446 μέν
3183 2401 3232 2435 τι
3251 2385 3343 2436 καὶ
3367 2385 3599 2453 σεσηρὸς
3625 2403 3804 2457 προσ-

2212 2471 2538 2539 εμειδίασενο
2582 2465 2692 2523 οἷον
2732 2472 2948 2537 εἰώθει,
2980 2473 3159 2525 εἴποτε
3202 2474 3372 2543 ὀργῆς
3414 2476 3794 2546 ἐμπλησθείη·

2212 2561 2372 2614 ἄθλου
2402 2561 2456 2613 δὲ
2494 2562 2668 2630 ἥψατο
2711 2563 3052 2633 φρικώδους,
3095 2565 3189 2616 καὶ
3239 2566 3701 2630 ἀπο-τελεσθέντος
3729 2569 3798 2621 ἂν

2217 2656 2378 2716 ῐσως,
2410 2657 2458 2706 εἱ
2505 2655 2578 2723 μὴ
2628 2655 2787 2718 αὑτὸς
2826 2657 3040 2723 ἐγένετο
3068 2651 3227 2720 ἆθλος
3258 2657 3368 2727 (40)
3419 2661 3534 2722 τοῖς
3593 2661 3799 2730 ὲκκλη.

2218 2746 2516 2805 σιαστικοίς
2547 2743 2785 2811 θεσμοῖς.

2527 2850 2598 2904 Σν.
2641 2881 2710 2889 -
2754 2851 2996 2922 ocis/no
3025 2855 3482 2926 ΣΧΟΛΑΣΤΙΚῼ.

962 2940 1161 2994 Contra
1196 2941 1417 2992 nimium
1447 2938 1720 2991 mulierum
1752 2946 2012 2990 ornatum.
2049 2937 2226 3008 (Conf.
2265 2943 2414 3007 epist.
2450 2941 2535 3004 66,
2571 2942 2661 2993 lib.
2711 2958 2790 2998 In.
2823 2953 2872 2995 et
2909 2961 3025 3011 sup.
3063 2948 3214 3012 epist.
3246 2944 3362 3016 25.)

617 3051 840 3107 Miriﬁce
905 3051 1153 3117 equidem
1211 3049 1371 3102 laudo
1423 3057 1657 3101 veterem
1712 3047 2102 3114 Spartanorum

2279 3045 2410 3098 Δίαν
2444 3046 2654 3116 ἄγαμαι
2701 3047 2798 3118 τὴν
2847 3049 3084 3103 παλαιὰν
3121 3053 3509 3123 Λακεδαίμονα
3531 3097 3547 3123 ,
3577 3063 3800 3129 κοσμά-

549 3143 736 3196 urbem
770 3140 1010 3194 honestis
1063 3139 1326 3192 matronis
1376 3147 1627 3190 ornatum
1671 3136 2110 3198 interdicentem,

547 3247 706 3304 quem
732 3230 923 3286 scortis
967 3229 1295 3297 impurisque
1333 3225 1548 3282 feminis
1587 3227 1758 3295 magis
1798 3226 2110 3290 convenire,

548 3341 668 3394 qua:
724 3325 944 3390 laqueos
985 3335 1045 3373 ac
1089 3321 1221 3372 retia
1262 3318 1693 3371 adolescentibus
1746 3316 1954 3368 luxuria
1994 3330 2113 3368 cor-

551 3418 723 3486 ruptis
758 3415 999 3475 tendant,
1028 3412 1389 3464 existimabat.
1423 3408 1552 3472 Quie
1588 3406 1730 3459 enim
1781 3419 1902 3458 sese
1943 3417 2101 3457 ornet

551 3512 847 3581 pudicaque
878 3516 1150 3578 appareat,
1177 3515 1370 3559 ornatu
1401 3503 1568 3556 nimio
1602 3502 1845 3554 morbum
1878 3508 2114 3553 ostentat

552 3617 732 3658 suum.
787 3599 938 3666 Quod
1008 3612 1163 3651 sacra
1219 3595 1547 3650 denuntians
1602 3591 1877 3659 Scriptura
1923 3591 2114 3643 suadet

551 3707 657 3746 non
699 3701 752 3744 et
809 3688 1138 3757 margaritis,
1188 3687 1271 3740 vel
1319 3686 1551 3756 pretiosa
1604 3694 1772 3747 veste,
1808 3683 1900 3736 sed
1956 3681 2114 3735 bonis

551 3784 800 3850 operibus
825 3781 1075 3847 pietatem
1111 3779 1351 3832 colentes
1377 3774 1630 3829 exornari
1650 3773 1716 3824 ".
1755 3773 1812 3824 Id
1839 3771 1884 3824 si
1921 3785 2015 3838 per
2054 3786 2112 3825 se

555 3872 884 3937 inspiciatur,
916 3869 1054 3933 dico,
1088 3866 1330 3931 monilia,
1359 3864 1591 3934 lapidum
1623 3861 1902 3931 fulgorem,
1947 3871 2000 3914 et
2029 3863 2113 3914 in-

554 3975 733 4022 aures,
772 3975 890 4013 cum
920 3958 1144 4013 deformi
1185 3957 1394 4010 mulieri
1455 3966 1564 4008 tum
1619 3955 1857 4022 pulchra:
1899 3954 2108 4007 obesse.

553 4052 699 4103 Illam
734 4051 875 4102 enim
921 4051 1339 4118 reprehendunt,
1403 4047 1470 4098 ab
1527 4045 1626 4097 hac
1659 4059 1787 4096 vero
1841 4052 2109 4096 avertunt.

552 4140 974 4207 Reprelieltdunt
1038 4141 1280 4207 quidem,
1364 4137 1662 4203 turpiorem
1744 4136 2109 4198 ostendendo;

554 4232 826 4285 abducunt
850 4245 982 4284 vero
1003 4245 1029 4282 a
1055 4230 1315 4297 pulchris,
1341 4244 1462 4282 cum
1493 4231 1556 4280 de
1592 4228 1693 4278 ills
1715 4226 1855 4293 loqui
1888 4227 2109 4292 nollent,

554 4324 619 4374 de
660 4333 852 4375 ornatu
885 4323 1050 4377 nimio
1082 4331 1260 4374 tamen
1295 4323 1455 4375 verba
1493 4318 1713 4373 faciunt.

831 4516 960 4569 CCI.
1008 4547 1075 4560 -—
1132 4515 1426 4572 ELAPIIIO
1485 4516 1830 4572 EI’ISCOPO.

2216 3137 2336 3190 σθαι
2381 3138 2839 3209 ἀπαγορεύσασαν
2892 3144 3012 3202 ταῖς
3053 3141 3293 3212 σώφροσι
3339 3144 3448 3196 τῶν
3491 3149 3796 3211 γυναικῶνα

2215 3229 2458 3298 ἑταίραις
2488 3230 2596 3298 γὰρ
2631 3230 2865 3296 πρέπειν
2886 3230 3024 3283 τοῦτ’
3057 3232 3294 3301 ἐνόμισε,
3326 3237 3446 3297 ταῖς
3478 3237 3574 3288 καὶ
3618 3239 3798 3307 πάγας

2214 3321 2308 3372 καὶ
2336 3321 2523 3373 δίκτυα
2562 3323 2654 3373 ἐπὶ
2693 3323 2833 3392 θήρᾳ.
2880 3323 2987 3375 τῶν
3031 3324 3341 3377 ἀκολάστων
3376 3327 3514 3379 νέων
3547 3331 3801 3384 ἐπινοού-

2218 3427 2360 3474 σαις.
2407 3411 2470 3463 Ἦ
2499 3413 2608 3482 γάρ
2641 3413 2838 3482 κοσμία
2872 3415 2964 3466 καὶ
2996 3416 3226 3486 σώφρων
3255 3413 3395 3469 εἶναι
3424 3418 3666 3475 δοκοῦσα
3694 3465 3708 3484 ,
3749 3426 3795 3475 εἰ

2214 3501 2370 3554 τοῦτο
2399 3501 2636 3571 δράσειε,
2668 3501 2765 3571 τὴν
2794 3503 3001 3555 οἰκείαν
3032 3505 3370 3575 ὲκπομπεύει
3399 3508 3578 3562 νόσον.
3613 3511 3795 3582 Ἀπερ

2215 3591 2668 3661 ἀποκηρύττουσα
2708 3593 2741 3663 ὴ
2790 3593 2909 3646 θεία
2942 3595 2980 3646 Γ
2987 3595 3130 3666 ραφὴ
3161 3600 3448 3668 παραινεῖ,
3493 3600 3569 3668 μὴ
3602 3603 3789 3674 χρυσῷ

2215 3684 2308 3736 καὶ
2342 3685 2741 3755 μαργαρίταις,
2790 3686 2823 3757 ἢ
2868 3687 3056 3758 ἐσθῆτι
3096 3689 3400 3753 πολυτελεῖ,
3446 3693 3564 3746 ἁλλ’
3612 3697 3800 3768 ἔργοις

2217 3771 2442 3839 ἀγαθοῖς
2466 3772 2789 3840 κοσμεῖσθαι
2819 3774 2915 3837 τὰς
2936 3776 3034 3845 τῆς
3060 3776 3364 3843 θεοσεϐείας
3393 3783 3711 3852 ἐφιεμένας.
3744 3788 3803 3838 Εί

2214 3861 2271 3915 δὲ
2310 3865 2415 3933 χρὴ
2463 3863 2556 3915 καὶ
2590 3864 2721 3916 αὐτὸ
2760 3865 2820 3917 τὸ
2856 3869 3084 3936 πρᾶγμα
3129 3869 3247 3921 καθ’
3291 3872 3450 3924 ἑαυτὸ
3496 3876 3801 3946 σκοτιῆσαι,

2216 3955 2358 4022 φημὶ
2387 3954 2523 4022 (41),
2563 3953 2645 4006 ὃτι
2683 3953 2883 4024 ὅρμοι,
2930 3957 3026 4009 καὶ
3069 3957 3235 4025 αὐγαὶ
3283 3959 3468 4027 λίθων,
3508 3965 3610 4016 καὶ
3642 3983 3800 4036 περε-

2212 4043 2436 4114 δέῥραια
2466 4044 2560 4096 καὶ
2597 4049 2715 4109 ταῖς
2748 4047 3048 4111 δυσειδέσι,
3083 4049 3177 4100 καὶ
3225 4053 3346 4114 ταῖς
3389 4053 3530 4120 ἄγαν
3559 4057 3802 4126 ώραίαις

2215 4133 2654 4202 ἀντιπράττουσι·
2687 4135 2782 4198 τὰς
2808 4135 2906 4204 μὲν
2941 4138 3048 4208 γὰρ
3079 4139 3382 4210 ἐλέγχουσι,
3429 4142 3541 4195 τῶν
3597 4147 3657 4199 δὲ
3699 4151 3801 4201 ἀπ-

2216 4225 2427 4290 άγουσι·
2446 4224 2543 4288 τὰς
2566 4226 2664 4294 μὲν
2678 4226 2963 4296 ἐλέγχουσι
2980 4269 2992 4292 ,
3018 4231 3276 4295 κακίονας
3296 4234 3576 4288 ὲπιδεικνυ
3585 4238 3756 4307 μένας
3777 4257 3791 4271 ·

2215 4317 2324 4368 τῶν
2370 4316 2425 4369 δὲ
2473 4318 2794 4386 ἀπάγουσιν.
2843 4319 3129 4390 Ἀφέμενοι
3163 4324 3270 4392 γὰρ
3311 4325 3403 4377 τοῦ
3446 4329 3578 4396 περὶ
3615 4329 3799 4383 αὐτῶν

2220 4408 2454 4477 φράσαι,
2487 4410 2613 4479 περὶ
2647 4409 2754 4462 τῶν
2781 4411 3022 4480 κοσμίων
3053 4413 3410 4481 διαλέγονται.

2533 4518 2652 4572 ΣΑἌ
2697 4547 2764 4557 -—
2803 4521 3047 4593 ΕΛΑΦΙῼ
3088 4525 3456 4598 ΕΠῙΣΚΟΠῼ.

552 4624 730 4694 Ofﬁcii
767 4625 845 4676 sui
876 4626 1230 4706 admonendos
1262 4642 1371 4705 esse
1408 4629 1822 4706 concionatores,
1854 4627 2080 4705 eieganti
2121 4630 2304 4706 snarlet
2331 4631 2482 4706 epist.
2527 4646 2746 4706 quorum
2788 4633 3094 4706 prwdicatig
3129 4645 3182 4687 ut
3213 4653 3230 4685 ι
3265 4637 3318 4689 in
3351 4644 3799 4705 persuasibilibu.

975 4697 1221 4747 humana:
1253 4697 1520 4762 sapientia:
1545 4698 1853 4764 verbis,non
1883 4697 1937 4748 in
1976 4698 2266 4750 ostensione
2294 4699 2511 4765 spiritus
2542 4709 2588 4750 et
2625 4700 2852 4753 virtutis.
2896 4719 2914 4751 ι
2960 4701 3010 4772 (1
3045 4700 3166 4758 Cor.
3197 4722 3254 4770 ιι,
3288 4697 3366 4774 4.)

647 4800 948 4855 Vehemens
1012 4802 1222 4855 dicendi
1275 4802 1508 4855 studium
1567 4813 1775 4858 mentes
1832 4804 2108 4858 hominum

554 4894 685 4944 inire
741 4893 838 4944 boc
908 4892 1102 4944 smculo
1176 4892 1393 4957 invasit,
1462 4891 1802 4961 Semnonum,
1870 4895 2106 4964 inquam,

551 4983 804 5046 studium,
841 4998 942 5034 non
973 4983 1062 5050 qui
1103 4983 1168 5034 ad
1211 4983 1578 5051 prudentiam,
1614 4987 1704 5039 sed
1742 4989 1804 5039 ad
1855 4987 2100 5053 volupta-

626 5137 667 5168 “
694 5136 712 5188 I
737 5136 874 5189 Titii.
917 5153 975 5200 II,
1011 5137 1060 5192 9.

2291 4805 2475 4866 Δεινὸς
2506 4806 2678 4871 λόγων
2706 4807 2843 4876 ἔρως
2874 4812 2994 4873 ταῖς
3018 4811 3127 4864 τῶν
3155 4813 3453 4884 ἀνθρώπων
3480 4819 3686 4892 ψυχαῖς
3718 4828 3800 4891 είς

2217 4895 2403 4946 τοῦτον
2441 4895 2529 4947 τὸν
2559 4898 2746 4966 καιρὸν
2780 4900 3104 4971 ἐπεκώμασε
3128 4922 3142 4934 ·
3181 4905 3350 4974 λόγων
3377 4909 3470 4972 δὲ,
3508 4917 3656 4984 φημὶ
3678 4957 3693 4978 ,
3737 4920 3799 4972 οὐ

2209 4987 2318 5039 τῶν
2354 4989 2727 5055 σωφρονίζειν,
2769 4992 2903 5045 ἀλλὰ
2946 4995 3051 5048 τῶν
3080 4995 3301 5068 τέρπειν
3337 5002 3462 5066 τοὺς
3490 5005 3797 5073 ἀκούοντας

1632 5241 1865 5297 VARUE
1911 5243 2288 5301 LECTIONES
2328 5248 2414 5302 ΕΤ
2456 5251 2683 5310 ΝΟΤιΕ.

628 5382 739 5450 (40)
760 5378 978 5445 *Αθλος
1001 5381 1256 5449 ἐγένετο.
1278 5379 1537 5448 Suspicor
1561 5381 1657 5445 leg.
1683 5379 1858 5445 ὕθλος,
1883 5382 2108 5448 ἱιιεριὶιρ,

555 5465 620 5502 ne
658 5466 756 5504 vox
791 5454 963 5503 denuo
990 5462 1278 5518 repetatur,
1308 5451 1572 5515 dicatque,
1613 5453 1712 5502 nisi
1744 5452 2108 5505 ecclesiasticis

555 5519 1110 5595 sanctionibusAlndos
1168 5521 1368 5595 fecerit.
1426 5518 1541 5579 Vel,
1591 5519 1769 5595 ἆθλος,
1816 5521 2107 5586 privandus

555 5589 782 5660 s«-.ilicet__
814 5590 977 5660 gradu
1042 5591 1377 5660 presbyterii,
1433 5597 1521 5641 aut
1564 5591 1731 5660 sacris
1761 5591 2040 5660 arcendus
2089 5610 2100 5643 :

556 5667 610 5707 ul
641 5657 704 5709 de
750 5656 956 5709 Zosimi)
985 5656 1067 5724 cpi.
1107 5657 1166 5712 I2
1202 5656 1254 5711 cl
1288 5658 1410 5722 569,
1443 5674 1558 5725 pug.
1586 5657 1706 5711 285.
1745 5659 1880 5723 Quid
1912 5661 1952 5712 si
1990 5664 2103 5715 illa-

2213 5391 2530 5516 gzcuolTeTg'as,
2577 5395 2626 5448 id
2676 5404 2789 5452 est.
2843 5401 3064 5470 irritus,
3119 5413 3436 5479 abrogatas,
3492 5412 3788 5470 abdicatus.

2282 5529 2391 5600 (41)
2423 5533 2530 5604 _Pro
2575 5538 2717 5606 φημὶ
2760 5541 2912 5597 codd.
2963 5545 3078 5600 Val.
3127 5547 3229 5601 650
3268 5560 3320 5603 et
3370 5549 3479 5606 Αιι.
3535 5555 3783 5609 scribunt

2210 5598 2444 5670 φήσαιμι
2478 5615 2529 5656 et
2562 5598 2701 5660 vers.
2734 5625 2847 5679 seq.
2895 5598 2990 5682 pro
3019 5598 3246 5685 ὡραίας,
