3992 6458
172 396 311 466 M53

1104 395 1640 458 EPISTOLARUM
1680 399 1828 458 LIB.
1871 399 1937 460 V.
1979 423 2047 433 —
2087 397 2324 457 EPIST.
2365 393 2536 454 CCII.

3199 351 3204 356 ’
3294 389 3431 458 ιιδί

161 505 497 576 δυναμένων,
544 502 604 557 οὐ
639 502 1049 574 πνευματικῶν,
1098 502 1236 557 ἀλλὰ
1267 504 1617 573 σοφιστικῶν·
1645 504 1745 558 οὐκ

1860 513 1960 558 tem
2012 503 2543 570 delectationemque
2597 497 2936 553 auditoribus
3001 498 3430 570 ingenerandatn

156 596 566 660 ἁποστολικῶν,
605 596 743 650 ἀλλὰ
783 594 1220 665 Δημοσθενικῶν·
1257 597 1318 649 οὐ
1372 597 1740 668 προφητικῶν,

158 688 276 740 ἀλλ’
307 685 615 757 ἐριστικῶν·
648 686 710 739 ού
735 685 843 737 τῶν
870 684 969 754 τὴν
1005 684 1184 754 ψυχὴν
1219 685 1485 755 εὐφρᾶναι
1510 683 1744 752 δυναμέ-

159 797 291 842 νων,
317 779 454 831 una
482 777 590 830 τῶν
618 777 715 846 τὴν
762 775 932 845 ἀκοὴν
965 775 1180 843 θέλγειν
1211 775 1499 829 είωθότων’
1533 776 1594 828 οὐ
1635 775 1743 828 τῶν

159 869 252 921 διὰ
288 869 383 921 τοῦ
415 867 740 939 ἐμπνεῖσθαι
790 867 893 918 ὑπὸ
921 864 1028 918 τῶν
1071 865 1324 934 πράξεων
1358 866 1453 917 τοῦ
1493 865 1744 932 λέγοντος

161 959 402 1026 ζώντων,
437 959 569 1012 ἀλλὰ
601 958 708 1010 τῶν
739 957 826 1010 διὰ
860 957 957 1028 τὴν
989 957 1324 1025 εὐγλωττίαν
1353 958 1434 1021 είς
1465 958 1636 1021 ἀκοὰς
1662 976 1746 1010 νε-

163 1051 303 1120 κρὰς
323 1046 718 1118 ὲνηχουμένων.
751 1047 815 1099 Τί
842 1042 933 1100 οὖν
956 1047 1208 1116 ποιητέον
1232 1064 1247 1110 ;
1291 1047 1615 1118 σιωπητέον,
1649 1047 1745 1099 καὶ

158 1139 318 1193 οὐδὲν
370 1138 626 1203 λεκτέον;
687 1137 802 1190 ἀλλ’
855 1135 1218 1190 ἐπικίνδυνον.
1292 1136 1467 1189 Ἀλλὰ·
1512 1135 1741 1206 ρητέον;

154 1230 274 1284 ἀλλ’
313 1230 412 1282 οὐκ
440 1230 519 1290 είς
558 1228 828 1298 ὠφέλειαν
868 1230 896 1281 ό
937 1227 1096 1294 λόγος
1131 1228 1224 1280 καὶ
1258 1226 1436 1296 ἔργων
1462 1226 1742 1292 ἐπίδειξιν,

155 1322 276 1376 ἀλλ’
324 1323 402 1384 εἰς
455 1321 651 1391 κρότον
688 1321 850 1390 μόνον
896 1319 1167 1389 τελευτᾷ·
1201 1317 1317 1372 ἀλλ’
1365 1319 1412 1371 εί
1461 1319 1556 1371 καὶ
1602 1316 1746 1370 οὕτω

154 1413 332 1466 ταῦτα
362 1412 474 1482 ἔχει
495 1452 509 1476 ,
537 1412 780 1481 ἄμεινον,
811 1412 887 1475 ὡς
911 1407 1087 1482 οἶμαι,
1120 1410 1345 1464 εἰπόντα
1374 1409 1448 1481 μὴ
1475 1408 1746 1479 ἀκουσθῆ-

153 1522 277 1566 ναι,
317 1504 350 1574 ἢ
391 1504 464 1574 μὴ
515 1504 738 1556 εἰπόντα
777 1502 1142 1572 ὲγκληθῆναι·
1184 1521 1203 1554 ι
1252 1501 1408 1556 Διατί
1460 1501 1521 1555 τὸ
1573 1501 1746 1571 ἀργύ-

157 1597 277 1664 ριόν
310 1612 412 1665 μου
450 1595 509 1647 οὐ
561 1593 863 1658 κατέόαλες
905 1595 998 1646 ἐπὶ
1029 1594 1155 1656 τοὺς
1193 1590 1551 1664 τραπεζίτας,
1593 1590 1748 1658 κάγὼ

156 1687 331 1740 ἐλθὼν
362 1687 622 1758 ἀπῄτησα
640 1689 705 1741 ἂν
725 1687 855 1740 αὐτὸ
883 1688 978 1761 σὺν
1003 1685 1082 1757 τῷ
1119 1686 1262 1755 τόκῳ
1287 1700 1300 1749 ;
1327 1703 1344 1736 ι
1374 1685 1599 1752 Λεγέτω
1635 1701 1748 1736 τοι-

155 1775 366 1847 γαροῦν
397 1779 424 1829 ό
454 1776 773 1848 δυνάμενος,
823 1776 910 1830 ἵνα
940 1775 1078 1847 πρὸς
1111 1776 1238 1839 τοὺς
1273 1773 1573 1838 ἀκούοντας
1671 1773 1748 1843 τῷ

154 1871 321 1939 κριτῇ
356 1870 384 1920 ό
415 1868 591 1937 λόγος.

569 2069 684 2122 sev.
711 2099 782 2108 —
825 2066 1334 2139 ΟΛΤΜΠΙΟΔΩΡῼ.

1853 595 2072 650 valent:
2133 610 2235 648 non
2273 595 2338 646 de
2371 592 2533 646 rebus
2574 588 2943 661 spiritualibtts
2990 590 3182 654 habiti,
3230 592 3323 648 sed
3365 593 3437 648 de

1849 686 2163 751 [.ι11;ιοίιιιιε;
2217 699 2324 738 non
2367 683 2434 736 de
2461 681 2796 749 apostolicis,
2834 682 2926 735 sed
2961 666 3431 745 Demostheuicis;

1851 794 1955 831 non
2005 774 2362 846 propheticis,
2425 774 2520 828 sed
2586 773 2973 835 contentiosis;
3041 788 3145 826 non
3209 774 3276 828 de
3313 776 3433 829 ani-

1855 885 2000 921 tnmn
2081 865 2556 929 esbilaranlibus,
2630 866 2726 919 sed
2783 866 3026 919 auditum
3120 861 3433 920 demulcere

1849 959 2056 1023 solitis;
2113 973 2217 1012 non
2265 957 2374 1026 qui
2410 956 2586 1011 vivida
2640 956 2868 1011 dicentis
2926 971 3090 1024 opera
3145 957 3430 1026 inspirant,

1849 1049 1943 1104 sed
2011 1051 2104 1119 qui
2167 1059 2388 1120 prepter
2445 1048 2814 1118 eloquentiam
2887 1048 3032 1102 nudo
3092 1062 3156 1101 ac
3223 1059 3436 1101 mortuo

1849 1142 2040 1196 auditu
2082 1142 2447 1210 excipiuntur.
2485 1133 2628 1206 Quid
2659 1139 2824 1209 igitur
2864 1138 3213 1194 faciendum?
3246 1149 3434 1194 tacen-

1850 1231 2089 1286 dumne?
2115 1234 2206 1286 sed
2237 1232 2338 1286 hoc
2362 1231 2724 1300 periculosum
2757 1239 2857 1285 est.
2897 1231 2976 1286 An
3034 1245 3166 1297 ergo
3214 1230 3437 1300 loquen-

1851 1322 2015 1375 dum?
2059 1331 2114 1375 at
2140 1323 2190 1375 id
2223 1322 2367 1391 quod
2389 1321 2608 1386 dicitur,
2645 1321 2812 1392 620
2853 1335 3030 1390 neque
3080 1320 3313 1376 fructum
3343 1339 3442 1374 nee

1851 1429 2074 1483 opermn
2142 1413 2396 1468 cﬂ‘ectum
2447 1414 2695 1479 sortitur,
2749 1419 2842 1469 sed
2899 1414 2950 1468 in
2999 1413 3249 1482 plausum
3300 1413 3432 1468 abit.

1854 1503 1958 1560 Sed
1990 1505 2092 1559 etsi
2130 1506 2201 1558 ita
2254 1518 2342 1559 res
2373 1505 2562 1570 habet,
2615 1506 2900 1559 dicendum
2934 1505 3288 1560 nihilominus
3329 1516 3434 1569 est,

1853 1605 2200 1667 prtestatque,
2231 1607 2288 1651 ut
2319 1596 2534 1666 opinor,
2575 1597 2848 1652 dicentem
2899 1611 3004 1651 non
3031 1596 3234 1661 audiri,
3274 1610 3437 1664 quam

1854 1701 1959 1740 non
1987 1687 2258 1740 dicentem
2309 1700 2338 1738 a
2372 1685 2600 1740 Domino
2627 1686 2948 1753 reprehendi
2986 1704 2998 1739 :
3042 1703 3061 1737 ι
3098 1685 3278 1753 Quare
3333 1701 3439 1738 non

1855 1776 2047 1830 dedisti
2082 1777 2365 1846 pecuniam
2397 1792 2570 1830 meam
2600 1777 2669 1830 ad
2701 1791 2968 1844 mensam,
2999 1787 3054 1832 et
3081 1791 3178 1847 ego
3219 1776 3442 1831 veniens

1781 1872 1821 1928 Β
1851 1868 1916 1921 ad
1948 1883 2165 1923 usuram
2198 1869 2500 1938 exegissem
2531 1867 2682 1920 illam
2704 1861 2776 1915 δεῖ
2812 1887 2830 1918 ι
2884 1865 3110 1923 Peroret
3156 1869 3326 1938 igitur
3351 1869 3441 1938 qui

1861 1969 2058 2028 potest,
2090 1977 2158 2014 ne
2188 1960 2254 2013 ad
2290 1959 2568 2014 auditores
2593 1960 2659 2013 sit
2679 1958 2846 2026 judici
2873 1973 3072 2014 sermo.

2219 2068 2371 2126 CCII.
2429 2101 2499 2112 --
2561 2069 3079 2128 OLYMPIODORO.

155 2179 520 2247 Xenophontis
543 2179 606 2232 de
643 2177 860 2232 Socrate
882 2179 1090 2248 judicio
1117 2189 1166 2232 et
1196 2178 1433 2246 exemplo
1459 2178 1738 2262 hortatur,
1759 2190 1815 2234 ut
1845 2183 2044 2306 Leiflcﬁs
2071 2186 2252 2238 otiosis
2280 2194 2328 2239 et
2353 2186 2602 2239 inanibus
2636 2185 3162 2257 contemplationibus
3190 2197 3441 2244 virtutum

1535 2263 1738 2304 actioni
1768 2268 1823 2305 se
1889 2270 1917 2306 e
1957 2266 2033 2306 at.

1535 2263 1738 2304 acttom
1768 2268 1823 2305 se
1853 2263 2033 2308 dedat.

241 2356 578 2427 Ἀφέμενος,
621 2350 666 2408 ὦ
718 2355 886 2425 σοφὲ,
935 2354 1046 2408 τῶν
1096 2354 1605 2427 μεταρσιολεσχῶν,
1656 2357 1751 2410 καὶ

154 2444 701 2517 μετεωροσοφιστῶν,
743 2445 836 2497 καὶ
879 2444 1201 2515 λεξιθήρων,
1237 2445 1348 2497 τῶν
1380 2445 1544 2498 πλέον
1573 2446 1750 2514 λόγων

151 2539 392 2610 ἑχόντων
447 2536 635 2604 μηδὲν,
685 2536 762 2599 είς
815 2536 912 2606 τὴν
957 2535 1265 2606 πρακτικὴν
1301 2537 1502 2608 ἀρετὴν
1552 2537 1749 2590 σαυτὸν

154 2631 458 2691 σύντεινον,
492 2628 590 2697 τὴν
638 2627 943 2696 μακαρίους
974 2627 1387 2694 ἀποφαίνουσαν
1435 2629 1560 2690 τοὺς
1615 2631 1747 2700 ἐρα-

157 2722 324 2783 στάς·
378 2723 426 2772 εἰ
481 2719 539 2772 δὲ
590 2719 692 2770 οῐει
738 2722 855 2780 ταῖς
899 2718 1008 2770 τῶν
1059 2719 1302 2788 ἀρχαίων
1354 2719 1603 2790 γνώμαις
1674 2720 1750 2772 δί-

157 2828 317 2864 καιον
371 2805 512 2862 εἶναι
556 2809 782 2878 μᾶλλον
827 2808 1162 2872 ἀκολουθεῖν,
1186 2811 1310 2872 τοὺς
1368 2809 1563 2870 ἄλλους
1615 2811 1752 2874 τέως

159 2903 385 2974 παρεὶς,
428 2901 590 2955 αὑτὸν
634 2901 724 2953 τὸν
763 2903 893 2969 παρ’
925 2900 1103 2952 αὐτῶν
1152 2901 1464 2969 σοφώτατον
1496 2903 1753 2955 ἁπάντων

157 2994 470 3065 ἀνθρώπων
539 2993 966 3062 κηρυττόμενον,
1020 2993 1296 3061 ἐγγυητὴν
1353 2992 1748 3063 τῶν-ἐμαυτοῦ

163 3087 340 3155 λόγων
395 3085 722 3155 παρέξομαι.
760 3084 824 3135 Τί
865 3081 957 3137 οὖν
993 3101 1125 3153 φησι
1179 3084 1432 3152 Ξενοφῶν
1490 3084 1618 3155 περὶ
1649 3084 1742 3136 αὐ-

165 3177 260 3231 τοῦ
310 3177 424 3246 (42)
446 3193 461 3241 ;

163 3267 284 3332 ϐὲς,
350 3267 504 3318 οὐδὲν
561 3265 794 3326 ἀνόσιον,
853 3262 977 3315 οὔτε
1031 3263 1361 3334 πράττοντος
1413 3258 1571 3326 εἶδεν,
1628 3263 1751 3316 οὔτε

163 3360 422 3430 λέγοντος
470 3357 723 3426 ἤκουσεν.
779 3356 912 3407 Οὐδὲ
961 3355 1068 3426 γὰρ
1123 3358 1250 3426 περὶ
1307 3357 1406 3426 τῆς
1454 3355 1564 3409 τῶν
1618 3357 1754 3409 πάν-

165 3468 277 3504 των
312 3449 548 3518 φύσεως,
584 3447 724 3514 ειπερ
751 3445 858 3498 τῶν
887 3446 1060 3498 ἄλλων
1087 3449 1136 3498 oi.
1165 3448 1402 3500 πλεῖστοι
1427 3447 1752 3515 διελέγοντο,

170 3541 396 3596 σκοπῶν
421 3542 569 3602 ὅπως
591 3541 619 3592 ὁ
641 3538 974 3608 καλούμενος
1001 3539 1106 3590 ὑπὸ
1121 3538 1228 3591 τῶν
1253 3542 1522 3608 σοφιστῶν
1553 3541 1755 3611 κόσμος

167 3636 306 3706 ἔχει,
339 3636 436 3687 καὶ
464 3634 606 3686 τίσιν
656 3633 922 3700 ἀνάγκαις
950 3633 1157 3685 ἕκαστα
1194 3635 1404 3701 γίνεται
1439 3635 1545 3686 τῶν
1584 3635 1752 3704 οὐρα-

171 3731 329 3791 νίων,
362 3726 498 3779 ὰ).λά
532 3725 626 3778 καὶ
659 3725 784 3786 τοὺς
818 3725 1198 3795 φροντίζοντας
1233 3726 1490 3788 τοιαῦτα,
1546 3726 1754 3797 μωραί-

165 3836 362 3881 νοντας
387 3817 722 3870 ὲπεδείκνυε.
755 3817 862 3868 Kai.
894 3815 1108 3886 πρῶτον
1144 3818 1260 3886 μετ’
1292 3817 1473 3869 αὐτῶν
1505 3818 1751 3885 ἐσκόπει,

173 3911 408 3981 πότερόν
453 3924 584 3960 ποτε
630 3908 949 3978 νομίσαντες
997 3909 1200 3972 ἱκανῶς
1256 3910 1357 3979 ήδη
1405 3909 1754 3979 τάνθρώπινα

168 4004 400 4068 εἰδέναι,
433 4001 682 4072 ἔρχονται
725 4001 818 4052 ἐπὶ
854 4001 916 4052 τὸ
958 4000 1218 4054 τοιούτων
1256 3998 1582 4072 φροντίζειν·
1614 4001 1646 4070 ἢ
1687 4001 1755 4054 τὰ

170 4094 273 4161 μὲν
296 4091 616 4164 ἀνθρώπινα
647 4093 932 4162 παρέντες,
958 4091 1026 4144 τὰ
1053 4091 1307 4161 δαιμόνια
1337 4093 1393 4144 δὲ
1423 4093 1754 4156 σκοποῦντες

168 4185 433 4255 ἡγοῦνται
465 4183 530 4236 τὰ
565 4185 911 4253 προσήκοντα
940 4182 1201 4253 πράττειν
1222 4200 1234 4213 ·
1272 4182 1549 4253 ἐθαύμαζε
1581 4185 1672 4249 δὲ,
1706 4187 1753 4236 εἱ

171 4280 248 4347 μὴ
276 4276 513 4345 φανερόν
560 4277 706 4328 ἐστιν
743 4277 958 4338 αὐτοῖς,
994 4278 1076 4329 ὅτι
1107 4276 1282 4329 ταῦτα
1312 4279 1370 4329 οὐ
1407 4277 1632 4330 δυνατὸν
1659 4281 1752 4332 ἀν-

168 4366 414 4435 θρώποις
443 4367 639 4436 εὑρεῖν.
682 4366 834 4419 Ἐπεὶ
863 4368 952 4419 καὶ
977 4368 1102 4429 τοὺς
1138 4369 1397 4437 μέγιστον
1420 4368 1753 4437 φρονοῦντας

170 4459 260 4510 ἐπὶ
303 4457 382 4526 τῷ
426 4459 554 4528 περὶ
591 4458 795 4510 τούτων
845 4460 1046 4527 λέγειν,
1100 4461 1160 4512 ού
1205 4461 1273 4512 τὰ
1320 4462 1457 4514 αὐτὰ
1509 4462 1754 4527 δοξάζειν

1930 2363 2189 2430 Omissis,
2230 2379 2262 2419 o
2291 2365 2530 2435 sapiens,
2589 2363 2811 2420 sublimi
2845 2367 3144 2436 loquentia,
3198 2379 3469 2423 nteteoro-

1859 2456 2182 2525 sophistica,
2231 2470 2293 2511 ac
2321 2457 2611 2511 Verborum
2646 2456 3020 2526 inquisitione,
3065 2473 3186 2527 qua:
3241 2465 3432 2522 verba,

1861 2558 2120 2618 praeterea
2179 2550 2352 2614 nihil,
2413 2551 2686 2615 continet,
2721 2553 2988 2605 contende
3027 2567 3131 2620 qua
3167 2564 3320 2620 potes
3375 2554 3441 2603 ad

1858 2641 2138 2703 virtutem,
2166 2655 2287 2708 quas
2309 2642 2358 2694 in
2387 2644 2601 2694 actione
2635 2650 2718 2696 est
2750 2641 2943 2710 posita,
2981 2657 3046 2694 ac
3079 2643 3159 2694 sui
3196 2652 3443 2696 amantes

1857 2732 2047 2785 beatos
2080 2732 2276 2786 reddit.
2312 2732 2442 2785 Atsi
2493 2745 2738 2786 \‘Clet‘tttlt
2777 2733 2962 2800 pozins-
2985 2731 3274 2786 sententiis
3321 2733 3442 2785 duri

1859 2821 2088 2889 placeat,
2121 2836 2242 2874 cum
2278 2822 2399 2874 aliis
2429 2822 2692 2875 hactenus
2729 2823 3042 2887 adhaeseris,
3097 2837 3243 2886 eum,
3282 2839 3442 2891 queen

1859 2911 2171 2966 mortalium
2207 2913 2450 2964 omnium
2487 2911 2954 2979 Sapientissimum
2980 2911 3078 2979 ipsi
3120 2913 3442 2980 pronuntia-

1859 3011 2006 3068 runt,
2062 3014 2343 3056 auctorem
2417 3004 2520 3056 mei
2572 3004 2730 3074 hujus
2787 3003 2916 3056 dicti
2966 3004 3146 3056 laudo.
3204 3005 3277 3057 De
3339 3021 3445 3072 quo

1859 3094 2024 3162 quid,
2066 3109 2272 3163 qnmso,
2330 3093 2630 3164 Xenophon
2683 3095 2881 3149 refert?
2933 3113 2951 3146 ι
3004 3093 3196 3162 Nemo,
3251 3097 3445 3167 inquit,

512 3194 529 3226 ι
562 3176 751 3238 Οὐδεὶς
789 3174 1006 3227 πώποτε
1051 3175 1373 3244 Σωκράτους
1431 3174 1582 3228 οὐδὲν
1623 3176 1751 3229 ἀσε-

1862 3185 2146 3239 Sneratem
2202 3185 2423 3253 impium
2466 3187 2594 3252 quid
2658 3196 2752 3239 aut
2813 3185 3104 3242 nefandum
3159 3189 3446 3255 designare

1863 3274 2017 3332 vidit,
2079 3282 2173 3326 aut
2231 3273 2417 3327 dicere
2480 3275 2705 3327 audivit.
2762 3273 2874 3329 Nec
2937 3277 3082 3330 enim
3139 3277 3205 3331 de
3265 3292 3445 3332 rerum

1862 3367 2104 3418 omnium
2143 3375 2336 3419 natura
2381 3367 2458 3418 sic
2512 3365 2836 3432 disserebat,
2899 3368 2974 3422 uti
3013 3370 3323 3438 complures
3354 3370 3446 3425 alii

1862 3456 2163 3526 philosophi
2222 3457 2533 3510 :nimirutn
2593 3459 2970 3524 considerans,
3026 3475 3134 3529 quo
3195 3471 3354 3530 pacto
3404 3463 3448 3514 is

1863 3549 1952 3616 qui
1991 3566 2018 3601 a
2057 3547 2461 3615 professoribus
2515 3548 2800 3618 sapientiae
2850 3553 3081 3606 mundus
3124 3553 3448 3621 appellatur,

1862 3652 2015 3695 ortus
2045 3643 2136 3702 sit,
2164 3643 2471 3710 quibusque
2505 3643 2570 3695 de
2617 3643 2797 3696 causis
2844 3645 3172 3699 necessariis
3222 3645 3449 3714 singulm

1864 3745 1951 3786 res
1985 3731 2236 3785 cwlestes
2259 3731 2406 3785 (iant.
2430 3728 2542 3784 lnto
2581 3746 2694 3796 eos,
2733 3731 2822 3799 qui
2870 3733 2953 3784 bis
2996 3731 3156 3784 rebus
3208 3747 3437 3802 occnpa~

1863 3833 2074 3887 rentur,
2093 3822 2271 3878 fatuos
2303 3838 2423 3878 esse
2441 3825 2876 3878 demonstrabat.
2911 3825 2986 3878 Ac
3019 3825 3252 3892 primum
3281 3826 3347 3878 de
3382 3826 3448 3877 iis

1864 3916 1968 3970 hoc
2019 3914 2425 3976 considerabat,
2473 3931 2539 3968 an
2594 3916 2735 3984 quod
2787 3915 2888 3969 rati
2940 3931 2998 3970 se
3057 3915 3293 3968 humana
3334 3914 3445 3982 jam

1861 4010 1996 4063 satis
2033 4007 2342 4075 intelligere
2399 4007 2464 4059 ad
2518 4021 2578 4059 ea
2624 4009 2904 4059 tractanda
2966 4008 3310 4070 accederent,
3376 4023 3442 4059 an

1863 4100 2068 4152 relictis
2154 4099 2314 4149 rebus
2393 4096 2644 4149 humanis
2701 4097 2913 4150 divinas
2987 4097 3442 4163 contemplantes,

1861 4203 1978 4256 qua:
2014 4189 2093 4241 sui
2133 4198 2316 4242 essent
2341 4187 2524 4247 oﬂicii,
2579 4199 2638 4238 se
2690 4184 2870 4238 inec-re
2903 4194 3178 4253 putarent.
3212 4185 3446 4238 Miraba-

1867 4291 1955 4332 tur
1978 4281 2140 4331 ctiant
2193 4295 2296 4331 non
2344 4292 2436 4331 eos
2475 4276 2779 4330 clarissime
2825 4279 3155 4345 perspicere,
3196 4277 3441 4330 homines

1856 4370 1972 4424 haec
1993 4369 2236 4423 invenire
2256 4385 2358 4420 non
2394 4383 2569 4435 posse.
2599 4366 2706 4420 Nec
2724 4367 2864 4419 enitn
2890 4381 3000 4432 eos,
3029 4368 3118 4435 qui
3152 4367 3440 4436 plurimum

1862 4470 2116 4531 arrogent
2150 4461 2272 4521 sibi,
2306 4461 2446 4527 quod
2473 4459 2538 4510 de
2575 4460 2659 4512 bis
2690 4459 2962 4511 disserere
2990 4459 3191 4521 norint,
3223 4459 3443 4512 easdem

171 4549 460 4618 ἀλλήλοις.
499 4547 633 4600 ἀλλὰ
682 4551 790 4611 τοῖς
840 4550 1188 4619 μαινομένοις
1227 4552 1426 4620 ὁμοίως
1453 4550 1751 4604 διακεῖσθαι

1868 4553 2006 4605 inter
2050 4565 2108 4604 se
2163 4551 2448 4619 opiniones
2497 4549 2700 4613 fovere,
2761 4551 2854 4601 sed
2893 4550 3222 4602 l‘uriosorunt
3270 4551 3443 4602 instar

174 4640 310 4709 προς
357 4637 644 4705 ἀλλήλους.
681 4657 697 4688 ι
735 4638 918 4691 Ταῦτα
950 4640 1046 4709 μὲν
1090 4635 1182 4692 οὖν
1213 4638 1460 4707 Ξενοφῶν
1488 4642 1755 4714 ἔγραψεν·

172 4733 264 4783 καὶ
307 4730 536 4781 Πλάτων
557 4729 612 4781 δὲ
641 4732 669 4782 ὁ
697 4729 804 4782 τῶν
832 4730 1005 4783 ἄλλων
1027 4732 1284 4785 ἁπάντων
1307 4732 1755 4806 ἐλλογιμωτερος,

174 4821 268 4872 καὶ
298 4819 538 4887 μάλιστα
573 4819 790 4880 πάντων
825 4822 914 4874 τὸν
939 4823 1234 4894 Σωκράτην
1266 4823 1659 4893 ἐπιστάμενος,
1693 4825 1758 4878 τὰ

169 4910 313 4964 αὐτά
345 4908 424 4978 τῷ
466 4909 769 4978 Ξενοφῶντι
809 4911 896 4965 διὰ
939 4915 1155 4967 πάντων
1194 4915 1387 4967 ἑαυτοῦ
1421 4916 1607 4986 σχεδὸν
1650 4917 1758 4968 τῶν

171 5001 439 5069 διαλόγων
483 5002 904 5057 κατεσκεύασεν.
935 5006 997 5058 Εἰ
1024 5007 1202 5059 τοίνυν
1232 5011 1486 5071 κάκεῖνος
1507 5050 1521 5073 ,
1559 5009 1758 5079 μᾶλλον

172 5093 228 5146 δὲ
259 5095 522 5157 κάκεῖνοι,
550 5094 644 5147 καὶ
661 5095 1006 5167 ἐπετήδευον,
1026 5099 1118 5151 καὶ
1147 5099 1354 5166 ελεγον,
1375 5101 1468 5152 καὶ
1495 5100 1754 5172 ἔγραφον,

247 5247 291 5277 ⁸⁸
323 5246 513 5301 Matth.
542 5265 663 5313 λῖν,
689 5249 777 5302 9.7.

1865 4643 2003 4694 inter
2029 4656 2086 4693 se
2115 4650 2456 4706 comparatos
2488 4653 2661 4692 esse.»
2690 4639 2754 4691 Et
2783 4638 3439 4707 bzecqnideutXenophon

1862 4733 2064 4799 scripta
2123 4730 2361 4800 reliquit.
2415 4729 2568 4782 Plato
2626 4743 2843 4798 quoque
2907 4730 3126 4784 caeteris
3187 4732 3440 4783 Omnibus

1865 4825 2043 4888 magis
2118 4823 2352 4876 disertus
2418 4824 2470 4875 in
2534 4825 2786 4876 onmibus
2842 4837 2980 4890 pene
3037 4823 3266 4890 dialogis
3305 4823 3445 4876 idem

1869 4916 2106 4969 tradidit.
2129 4914 2297 4984 Igitur
2335 4913 2378 4968 si
2423 4916 2524 4967 iste
2574 4913 2655 4968 vel
2703 4914 2774 4966 illi
2815 4915 2997 4982 potius
3041 4925 3094 4967 et
3140 4921 3444 4968 statuerunt

1866 5014 1920 5060 et
1969 5007 2260 5067 dixerunt,
2311 5005 2758 5073 scripseruntque
2828 5007 3082 5060 virtutem
3135 5006 3190 5058 in
3231 5007 3447 5058 actione

1867 5100 2095 5168 positam
2132 5101 2489 5154 exercendam
2532 5111 2674 5153 esse.
2703 5096 2820 5167 Ipsa
2844 5098 2987 5152 enim
3018 5142 3032 5164 ,
3063 5107 3121 5152 ut
3157 5105 3211 5151 et
3232 5095 3446 5152 Platoni

1290 5365 1521 5418 νᾹΙΗᾸῦ
1567 5365 1949 5421 LECTlONES
1992 5366 2076 5418 ICT
2109 5369 2336 5420 ΜΠςῐῖ.

253 5520 369 5590 (42)
405 5517 517 5590 ij.
557 5518 627 5570 De
661 5521 811 5570 dictis
855 5529 902 5568 et
950 5518 1104 5584 furtis
1157 5521 1418 5582 Socratis,
1472 5523 1588 5572 init.
1622 5522 1760 5574 Tra-

182 5587 308 5643 didit
333 5587 391 5641 ’ἐι
416 5587 607 5641 Cicero
641 5591 703 5639 ile
737 5592 888 5642 Sorr.
932 5590 1325 5654 philosophiam
1355 5609 1383 5641 ι)
1413 5592 1547 5642 (min
1579 5593 1628 5644 in
1661 5603 1762 5643 ter-

184 5679 270 5714 ras
316 5663 611 5723 (lentusque
658 5674 956 5711 remeasse.
1007 5659 1218 5710 'l'ttscttl.
1280 5660 1369 5711 lib.
1416 5676 1466 5720 ι’,
1511 5664 1757 5714 Λειιιίρρη.

184 5731 273 5784 lib.
317 5745 356 5788 ι,
385 5740 436 5780 et
481 5744 491 5778 ι
532 5728 622 5780 lib.
663 5727 736 5780 De
787 5743 897 5781 mit.
957 5732 1193 5782 deorum.
1249 5728 1620 5795 chnpltoittis
1666 5749 1761 5780 azi-

187 5810 286 5852 it‘ttl
317 5809 373 5851 et
407 5795 663 5858 Platonis,
711 5799 948 5851 Socratis
979 5799 1306 5861 auditorum,
1345 5815 1411 5852 an
1459 5800 1634 5863 aliqua
1689 5803 1760 5852 Ki-

1865 5525 2058 5574 multas
2095 5524 2274 5584 fuerit,
2314 5524 2553 5588 disputat
2586 5521 2825 5592 Agellitts
2857 5521 2926 5572 lib
2965 5535 3050 5572 xw
3081 5517 3446 5592 Noct._i4!tic.,

1862 5609 1978 5658 Cap.
2013 5594 2082 5656 ὃς
2119 5593 2211 5645 sed
2245 5594 2437 5644 t'el'clltt
2483 5593 2550 5643 Μ.
2584 5589 2708 5644 Atil.
2754 5591 2998 5643 Muretus
3045 5592 3134 5643 lib.
3169 5605 3194 5640 ν
3235 5589 3444 5644 γαιέων.

1862 5663 2002 5727 Iect.,
2033 5679 2152 5728 cap.
2200 5662 2282 5726 Μ,
2324 5674 2376 5713 et
2405 5662 2694 5714 Alliennius
2745 5660 2837 5713 lib.
2877 5662 3162 5716 undecimo
3204 5663 3449 5712 Δειπνοο

1862 5748 2004 5800 σοξρ.
2038 5741 2090 5787 et
2118 5731 2370 5786 Laertius
2405 5733 2454 5784 in
2488 5732 2729 5784 Platone.
2764 5732 2999 5786 Sc'torr.
