3992 6446
240 268 382 336 1457
1134 272 1535 336 EPISTOLAF

521 381 636 438 ne.
689 415 759 426 —
800 385 1024 457 uarro
1071 386 1535 456 ΣΧΟΛΑΣΤιΚῼ.

1134 272 1674 336 EPISTOLARUM
1709 271 1854 333 LIB.
1899 272 1966 331 γ.
2006 296 2076 308 -
2106 273 2343 333 EPIST.
2382 272 2606 333 CCXI].

1864 392 1906 445 Α
2172 384 2358 441 CCIX.
2398 416 2469 427 —
2515 383 2746 442 PE'I‘RO
2785 382 3293 441 SCHOLASTICO.

3399 265 3538 337 1458

1390 498 1514 554 Non
1547 509 1740 551 temere
1769 497 1834 550 de
1872 496 1981 551 alio
2014 496 2391 566 judicandum.

313 609 456 681 Ἐγὼ
494 609 557 666 οὐ
601 611 1094 684 καταψηφιοῦμαι,
1147 610 1272 667 οὔτε
1314 607 1812 680 καταποφανοῦμαι

227 701 440 771 ἀνδρὸς,
468 697 532 758 οὗ
565 705 704 776 μήτε
736 705 1011 774 ἀκροατὴς
1043 703 1330 779 ἐγενόμην,
1361 703 1499 773 μήτε
1533 700 1817 768 δικαστής·

226 793 277 847 εί
317 794 374 847 δὲ
405 796 724 865 κρινόμενος
768 795 920 867 ἁλοίη
940 836 956 861 ,
986 796 1049 850 τὸ
1075 795 1392 866 τηνικαῦτα,
1420 795 1454 864 ἡ
1485 794 1622 847 atat“
1641 787 1810 844 αὐτοῦ

225 885 637 956 ἐξενεχθήσεται
677 887 874 957 ψῆφος.

505 997 606 1049 ΣΡ.
648 1025 719 1039 -
753 999 1003 1070 ΖΩΣΙΜῼ
1042 998 1519 1072 ΠΡΕΣΒΥΤΕΡῼ.

2004 607 2264 677 Equidem
2327 627 2502 682 neque
2552 616 2877 670 sententiam
2931 613 3080 678 fero,
3132 629 3306 682 neque
3357 614 3524 686 622

1927 711 2114 755 contra
2145 705 2340 768 virum,
2361 722 2520 773 quem
2552 723 2654 760 non
2685 708 2974 770 audierim,
3011 708 3318 776 pronuntio,
3346 723 3522 775 neque

1923 793 2086 848 setleo
2121 794 2236 862 ejus
2267 795 2454 863 judes.
2498 797 2553 853 Si
2592 814 2724 853 vero
2759 799 3026 853 sententia
3059 799 3159 850 lata
3192 801 3524 853 cotidianae-

1922 892 2030 946 tur,
2060 896 2248 939 contra
2279 887 2430 941 illum
2464 898 2592 944 tunc
2616 888 2895 956 judicium
2921 887 3148 943 feretur.

2176 997 2333 1055 CCX.
2376 1030 2445 1042 -—
2481 999 2738 1056 ZOSlllO
2773 999 3257 1056 PRESBYTERO.

225 1085 494 1152 Quantum
514 1089 684 1143 scelus
700 1107 986 1159 pauperum
1000 1093 1331 1148 intervertere
1347 1093 1720 1162 eleentosynal,
1743 1095 1788 1140 el

1913 1083 2183 1145 luxuriam
2200 1109 2288 1147 ea:
2315 1095 2622 1164 obligat-ire.
2647 1094 2884 1167 (Confer.
2905 1097 3056 1165 epist.
3075 1095 3198 1157 185.
3222 1094 3516 1169 30!,169.)

296 1194 361 1245 El
395 1195 456 1246 ού
510 1193 691 1265 βούλει
730 1197 1058 1268 θεραπεύειν
1100 1218 1188 1266 τι,
1228 1202 1323 1255 καὶ
1362 1201 1657 1264 ἐπιτείνεις
1689 1198 1812 1252 ’τῶν

222 1286 469 1355 πενήτων
495 1285 562 1339 τά
603 1287 928 1357 τραύματα,
969 1291 1019 1343 τί
1058 1294 1170 1355 τοῖς
1211 1293 1541 1363 μαχομένοις
1583 1291 1661 1359 τῷ
1686 1291 1810 1345 δυσ-

221 1375 530 1446 νουθετήτῳ
566 1378 660 1430 καὶ
697 1379 958 1450 δυσμάχῳ
982 1381 1080 1450 τῆς
1117 1383 1390 1453 πτωχείας
1437 1381 1611 1453 θηρίῳ
1648 1381 1811 1452 χαλε·

1986 1203 2044 1259 Si
2078 1205 2219 1260 ferre
2249 1204 2372 1260 aliis
2392 1219 2548 1274 opem
2581 1219 2685 1260 non
2706 1205 2809 1269 vis,
2839 1205 2968 1274 quin
3000 1205 3180 1273 potius
3205 1220 3506 1272 pauperum

1913 1301 2148 1369 adauges
2177 1300 2423 1362 vulnera,
2454 1298 2585 1367 quid
2616 1312 2737 1351 cum
2769 1296 2975 1368 ingenti
3005 1305 3166 1366 atque
3202 1307 3510 1366 expugnat"

1917 1392 2114 1448 diliicili
2150 1390 2260 1444 fera
2286 1390 2631 1444 mendicitate
2662 1402 2895 1457 pugnam
2921 1386 3100 1441 reddis
3123 1386 3506 1450 dimciliormn,

220 1464 466 1537 πώτερον
508 1471 938 1535 κατασκευάζεις
969 1471 1058 1524 τδν
1102 1473 1324 1542 ἀγῶνα,
1367 1473 1458 1527 τὸν
1503 1473 1655 1544 παρά
1698 1472 1790 1526 τῶι

1916 1485 2040 1540 dum
2073 1499 2191 1553 quae
2225 1498 2253 1535 a
2290 1482 2402 1552 piis.
2423 1480 2732 1535 hominibus
2764 1480 2815 1532 in
2848 1479 3164 1532 alimoniam
3203 1493 3498 1547 pauperum

220 1554 531 1625 ἆλεημόνων
578 1560 759 1622 αὐτοῖς
801 1562 882 1623 είς
926 1561 1131 1632 τροφὴν
1195 1563 1569 1634 παρεχόμενον
1616 1563 1790 1634 ἔρανοι

1915 1585 2040 1630 sunt
2080 1575 2264 1628 relicta
2287 1613 2301 1636 ,
2334 1586 2397 1625 ea
2446 1569 2776 1624 assumendo
2823 1577 2973 1622 tuum
3037 1569 3088 1620 iu
3120 1569 3337 1636 epulum
3369 1585 3505 1622 con-

221 1647 712 1718 σφετεριζόμενος;
763 1652 826 1704 Τί
867 1653 931 1704 ὲκ
975 1651 1232 1706 τοιούτων
1282 1654 1488 1725 κερδῶν
1523 1656 1622 1727 τὴν
1671 1656 1804 1709 ἀκό-
1835 1689 1877 1744 Β

221 1753 417 1806 ρεστον
471 1739 671 1792 σαυτοῦ
715 1742 1006 1810 ἐμπιπλῶν
1047 1744 1324 1815 γαστέρα,
1376 1745 1616 1817 νομίζεις
1665 1749 1800 1802 ἀπο·

212 1828 439 1895 λαύειν;
472 1831 771 1902 Διάὁλεψον
815 1835 1008 1906 μικρὸν
1043 1837 1354 1905 ἀνενεγκὼν
1389 1839 1453 1891 ἐκ
1482 1839 1582 1908 τῆς
1613 1839 1800 1892 τοιαύ-

209 1935 312 1987 της
335 1918 744 1992 παραπληξίας.
789 1923 927 1976 Εἰπὲ
954 1924 1091 1994 πρὸς
1117 1925 1310 1979 ἑαυτόν
1335 1941 1351 1958 ο
1381 1929 1430 1980 εί
1461 1929 1490 1980 ὁ
1531 1929 1598 1983 τὰ
1625 1931 1800 1984 οίκεῖα

209 2008 291 2071 εἰς
333 2008 704 2081 ἐλεημοσύνην
751 2011 824 2083 μὴ
869 2015 1233 2084 προϊέμενος,
1303 2017 1386 2080 είς
1424 2020 1516 2070 τὸν
1554 2021 1798 2089 ποταμὸν

209 2099 491 2168 πέμπεται
532 2101 626 2154 τοῦ
666 2103 874 2173 πυρὸς,
917 2105 1181 2176 ἀφόρητατ
1223 2106 1793 2180 βασανισθησὸμενος⁶

207 2189 238 2238 ὁ
276 2188 372 2240 καὶ
402 2187 470 2241 τά
499 2189 608 2242 τῶν
646 2193 894 2260 πενήτων
926 2194 1383 2266 ίδιοποιούμενος,
1414 2199 1468 2251 τί
1507 2201 1793 2268 πείσεται;

208 2276 272 2327 Εἰ
300 2278 329 2328 ὁ
352 2277 419 2329 τὰ
456 2279 650 2333 ἑαυτοῦ
681 2280 756 2352 μη
779 2283 956 2348 διδοὺς
999 2287 1060 2339 οὐ
1097 2289 1580 2361 συγγνωσθήσεται
1604 2331 1618 2354 ,
1651 2295 1679 2345 ὁ
1704 2294 1796 2346 καὶ

205 2366 277 2419 τὰ
301 2367 555 2436 διδόμενα
580 2371 868 2427 ἀπσυλῶν
888 2375 991 2428 ποῦ
1015 2379 1295 2448 χωρήσει;
1331 2381 1390 2434 Εἰ
1423 2382 1521 2451 μὲν
1549 2383 1656 2454 γὰρ
1690 2384 1795 2438 ὑπὸ

207 2459 404 2522 πενίας
432 2462 875 2535 ἀναγκαζόμενος
913 2471 1014 2539 τὴν
1050 2471 1241 2541 καινὴν
1277 2473 1482 2544 ταύτην
1516 2474 1791 2546 λῃστείαν,

209 2549 413 2617 μᾶλλον
453 2552 513 2606 δὲ
567 2555 952 2629 τυμϐωρυχίας
1009 2561 1230 2633 χείρονα
1288 2569 1628 2637 κακουργίαν
1689 2571 1790 2623 ὲπ-

205 2641 458 2712 ινόησας,
493 2642 561 2716 ἦν
585 2647 649 2701 ἄν
676 2667 758 2702 σοι
786 2652 882 2704 καὶ
911 2651 1055 2723 ἴχνος
1090 2657 1450 2727 ἀναισχύντου
1472 2661 1790 2731 ἀπολογίας.

217 2731 440 2806 Ἐπειδὴ
472 2735 530 2790 δὲ
557 2739 781 2809 τρυφῶν
809 2743 904 2795 καὶ
927 2746 1186 2815 σκιρτῶν,
1216 2749 1314 2811 τὰς
1343 2750 1632 2822 ἀλλοτρίας
1657 2771 1794 2826 συμ-

204 2826 379 2895 φορὰς
427 2827 545 2881 δέον
590 2832 986 2902 ἐπικουφίζειν,
1029 2838 1364 2908 ἑπιτρίδεις,
1408 2843 1536 2896 ποία
1581 2862 1661 2899 σοι
1704 2847 1792 2900 λε-

202 2915 449 2984 λείψεται
509 2920 803 2990 ἀπολογία;
870 2925 966 2988 Τίς
1025 2927 1213 2992 ἐλεοςς
1275 2933 1402 2984 ποία
1457 2937 1787 3008 συγγνώμης

1909 1666 2068 1732 ﬁcis?
2104 1664 2243 1732 Quid
2273 1661 2537 1733 ejusmodi
2576 1659 2741 1713 lucris
2777 1657 3153 1727 inexplebilem
3189 1667 3336 1710 tuum
3374 1674 3506 1710 ven-

1907 1777 2044 1823 trem
2081 1756 2346 1826 explenda
2377 1753 2710 1822 voluptatem
2742 1750 2927 1818 capis?
2965 1749 3264 1805 Considera
3312 1750 3503 1818 paulu-

1907 1858 2014 1911 lum
2052 1863 2104 1908 te
2141 1852 2254 1920 ipse
2288 1847 2549 1914 colligens
2581 1843 2650 1899 ab
2674 1843 2764 1897 illa
2796 1841 3015 1897 vesania
3039 1880 3054 1906 ,
3093 1850 3268 1896 tecum
3302 1842 3380 1895 sic
3423 1859 3498 1894 ra.

1908 1944 2254 2003 tiocinaudo:
2311 1939 2369 1993 Si
2422 1937 2511 2002 qui
2565 1951 2660 1990 sua
2711 1935 2934 2005 pauperi
2985 1950 3088 1988 non
3121 1935 3400 1988 distribuit
3441 1935 3493 1989 in

1906 2039 2335 2105 eleemosynam,
2372 2031 2424 2084 in
2460 2029 2664 2099 ignium
2693 2036 2962 2081 torrentes
2988 2025 3343 2079 intolerandis
3375 2027 3501 2080 mit-

1907 2130 2038 2184 titur
2078 2123 2476 2182 excruciandus
2511 2119 2672 2189 epulo
2714 2117 3061 2187 evangelicus
3110 2118 3388 2186 suppliciis
3413 2119 3495 2184 ⁸⁸;

1903 2224 1994 2291 qui
2026 2235 2146 2287 qua:
2176 2225 2302 2271 sunt
2337 2227 2630 2283 pauperum
2665 2210 2769 2265 sibi
2804 2225 2898 2278 per
2928 2208 3082 2264 nefas
3115 2219 3372 2280 usurpat,
3406 2227 3496 2265 ac-

1903 2312 2031 2382 quid
2074 2306 2356 2381 patietur?
2436 2295 2621 2371 Siqui
2667 2319 2764 2357 sua
2812 2318 2917 2357 non
2973 2303 3233 2383 largitur,
3284 2303 3334 2356 ei
3389 2320 3492 2356 nun

1903 2401 2220 2472 ignoscitur,
2264 2412 2370 2467 quo
2402 2394 2616 2450 tandem
2655 2393 2855 2459 abibit,
2884 2393 2975 2462 qui
3026 2395 3092 2448 ab
3123 2393 3242 2448 aliis
3268 2394 3394 2447 data
3440 2395 3491 2446 iu

1901 2494 2298 2564 eleemosynam
2327 2487 2640 2556 exspoliat?
2679 2486 2738 2540 Si
2766 2485 2909 2541 enim
2941 2486 3118 2554 inopia
3149 2487 3373 2542 adactus
3406 2503 3494 2540 no-

1899 2599 2026 2639 vum
2061 2586 2161 2638 hoc
2208 2581 2554 2637 latrocinium
2588 2579 2671 2635 vel
2709 2579 2888 2648 potius
2919 2580 3290 2648 sepulcrorum
3324 2581 3490 2634 viola-

1903 2675 2052 2730 tione
2100 2674 2277 2727 scelus
2332 2670 2576 2725 deterius
2634 2669 2986 2733 iucltoasses,
3039 2679 3186 2723 esset
3235 2670 3487 2725 omnibus

1899 2765 2061 2819 etiam
2084 2769 2458 2832 argumentum
2482 2758 2816 2826 impudentis
2842 2757 3172 2813 defensionis
3197 2761 3486 2831 reliquum.

1897 2857 2033 2912 Cum
2063 2872 2188 2910 vero
2217 2854 2362 2908 luxui
2392 2852 2675 2920 indulgens
2718 2861 2882 2921 atque
2915 2851 3247 2907 iusolescens
3279 2855 3488 2910 alienas

1898 2948 2234 3002 Calamitates
2295 2961 2448 3015 quas
2491 2944 2782 2998 sublevare
2834 2943 3059 2997 deberes
3119 2950 3333 2998 easdem
3394 2966 3488 3016 agn

204 3007 391 3061 Ταῦτα
421 3010 653 3081 δάκρυσι
675 3016 861 3084 σχεδὸν
895 3020 1148 3089 ,κεράσας
1168 3023 1228 3073 τὸ
1257 3023 1448 3090 μέλαν,
1469 3007 1784 3083 ἀπέστειλα.

1906 3057 2107 3111 graves,
2141 3054 2310 3107 ecqua
2336 3039 2428 3091 tibi
2460 3039 2649 3091 relicta
2674 3033 2951 3089 defensio?
2979 3052 3097 3103 qum
3120 3043 3485 3103 exspectanda

202 3099 357 3169 Τάχα
387 3118 505 3165 πως
551 3105 747 3158 σαυτὸν
783 3108 883 3178 μὲν
913 3109 1099 3179 γνοίης
1124 3149 1139 3172 ,
1168 3111 1295 3174 τοὺς
1329 3113 1387 3166 δὲ
1413 3115 1655 3188 πένητας
1680 3119 1792 3172 ἀδι-

203 3190 318 3244 κῶν
363 3193 694 3266 ἀποσταίης,
729 3198 819 3250 τὸν
851 3199 910 3252 δὲ
951 3202 1146 3271 κριτὴν
1189 3202 1498 3272 ἐξιλάσαιο,
1552 3212 1700 3279 ἡμᾶς
1732 3231 1790 3266 τε

199 3281 294 3334 επὶ
323 3284 391 3352 τῇ
429 3283 624 3337 σαυτοῦ
667 3287 925 3360 μετανοίᾳ
963 3288 1304 3363 εὐφροσύνης
1337 3293 1624 3366 ἐμπλήσας
1655 3297 1788 3369 (44).

443 3578 585 3634 ΣιΑυ.
618 3609 688 3622 -
716 3582 1043 3659 θεοΔοΣιο
1074 3589 1542 3666 ΠΡΕΣΒΥΤΕΡῼ.

1896 3129 2317 3184 misericordia?
2364 3143 2485 3196 quae
2531 3128 2765 3194 denique
2805 3124 3008 3178 venia?
3057 3125 3181 3180 llaec
3228 3128 3487 3199 lacrymis

1896 3222 2286 3291 propemodum
2324 3220 2562 3274 miscens
2589 3227 2956 3274 atramentum
2987 3221 3054 3271 ad
3087 3229 3138 3272 te
3164 3223 3482 3292 conscripsi.

1897 3323 1950 3365 ut
1983 3313 2202 3366 tandem
2234 3314 2462 3382 teipsqu
2495 3310 2738 3371 noveris,
2766 3316 2822 3363 et
2843 3311 2906 3361 ah
2933 3308 3126 3373 injuria
3157 3314 3486 3379 pauperibus

1895 3402 2176 3458 inferenda
2201 3417 2402 3466 cesses,
2419 3417 2483 3457 ac
2504 3401 2743 3471 judicem
2771 3401 2934 3454 Deum
2959 3401 3231 3470 placatum
3258 3406 3478 3470 reddas,

1893 3509 2102 3564 nosque
2135 3505 2226 3549 tua
2264 3493 2639 3564 resipiscentia
2675 3493 2871 3563 gaudio
2901 3495 3194 3562 compleas.

2066 3604 2248 3660 CCXI.
2287 3633 2359 3645 -—
2400 3601 2794 3658 TllEODOSlO
2828 3599 3315 3660 PRESBYTERU.

820 3673 997 3730 Virum
1029 3679 1331 3750 religiosum
1362 3688 1780 3755 peregrinantem
1809 3699 2161 3761 commendat,
2200 3707 2252 3749 ut
2289 3698 2512 3763 [iaspitio
2551 3698 2866 3766 excipiatur.

279 3776 446 3846 ’Δνηρ
489 3777 853 3850 διαφερόντως
879 3787 946 3855 τῇ
990 3785 1240 3862 θειοτάτῃ
1276 3789 1542 3866 θρησκείᾳ
1569 3795 1789 3853 ἀνακεί-

196 3885 379 3935 μενος,
405 3870 499 3922 καὶ
525 3873 636 3934 τοῖς
657 3872 726 3926 τά
749 3873 888 3928 αύτά
912 3877 1058 3948 αὐτῷ
1088 3881 1365 3948 μετιοῦσιν
1387 3886 1628 3956 ἐντυχεῖν
1661 3891 1790 3962 περὶ

194 3958 394 4012 πολλοῦ
427 3961 770 4031 ποιούμενος,
807 3966 1031 4022 κάκεῖσε
1065 3973 1311 4040 ἀφῖκται.
1345 3975 1578 4045 Ξεναγὺς
1609 3958 1787 4036 τοίνυν

192 4049 400 4118 ἀγαθὸς
444 4053 595 4123 αὑτῷ
633 4056 816 4122 γενοῦ·
851 4057 935 4112 ἵνα
985 4062 1045 4113 σέ
1085 4079 1144 4115 τε
1197 4066 1291 4118 καὶ
1335 4067 1434 4130 τὰς
1481 4069 1648 4134 ἄλλας
1685 4076 1783 4144 τῆς

190 4144 398 4214 ἀρετῆς
441 4144 778 4217 Θεασάμενος
805 4152 1060 4220 εἰκόνας,
1115 4157 1372 4231 ἐμπλήσῃ
1435 4161 1526 4214 τὸν
1583 4166 1788 4222 οἰκεῖον

189 4232 392 4304 ιρωτα.

437 4346 578 4402 ZIB'.
616 4378 685 4389 —
711 4351 1010 4434 ΔΥΣΟΙᾟῼ
1035 4356 1502 4416 ΚΟΡΡΗΚΤΩΡῘ.

1807 4359 1857 4417 D

1964 3803 2062 3858 llic.
2091 3805 2173 3857 vir
2203 3805 2396 3858 divimc
2427 3805 2704 3874 religionis
2725 3847 2740 3872 ,
2785 3819 2843 3863 ut
2895 3813 3100 3868 incidat
3149 3814 3202 3867 in
3227 3829 3354 3878 eos,
3388 3818 3478 3883 qui

1890 3898 2135 3950 eamdem
2166 3906 2382 3962 tenent,
2433 3899 2496 3951 ad
2547 3914 2642 3953 vos
2688 3902 3073 3969 proficiscitur.
3130 3907 3262 3968 Esto
3297 3909 3479 3976 itaque

1892 3990 2065 4044 llmtlls
2093 3990 2164 4041 illi
2190 4005 2253 4042 ac
2283 3989 2545 4059 benignus
2571 3993 2789 4059 hospes,
2819 4005 2879 4050 ut
2909 4005 2958 4053 te
2987 4007 3218 4069 tuasque
3250 4001 3477 4057 intuitus

1890 4081 2119 4135 virtutes
2155 4097 2337 4134 amore
2370 4083 2778 4151 complectatur.

2107 4370 2308 4427 CCXII.
2348 4403 2418 4417 α-
2456 4373 2758 4432 Αιιεοδιο
2788 4378 3253 4441 CORRECTOBI.

681 4442 881 4498 Rustici
907 4463 1128 4502 causam
1159 4456 1510 4522 commendat,
1533 4475 1686 4529 quem
1717 4462 1904 4517 rabula
1933 4464 2151 4532 quidam
2186 4482 2309 4519 rure
2339 4466 2407 4518 ad
2430 4465 2606 4534 [orum
2644 4483 2975 4528 extraxerat.

270 4562 490 4634 Ἐπειδὴ
528 4565 672 4636 ἀνήρ
701 4585 784 4630 τις
833 4571 1084 4640 ἀγοραῖος
1121 4576 1234 4645 (45)
1258 4617 1273 4641 ,
1302 4578 1606 4650 πράγματα
1646 4583 1770 4654 βου-

187 4650 411 4721 λόμενος
443 4659 745 4727 παρασχεῖν
772 4659 1045 4735 ἀνθρώπῳ
1078 4665 1480 4744 ἀπραγμοσύνῃ
1513 4650 1766 4741 συζίύντι,

188 4742 437 4796 εἵλκυσεν
469 4747 632 4801 αὐτὸν
666 4751 745 4812 είς
783 4750 1152 4826 δικαστήριον·
1185 4759 1544 4830 καταξίωσον,
1577 4764 1771 4819 Θᾶττον

1949 4586 2175 4653 Quando
2219 4590 2528 4645 causidicus
2575 4593 2804 4662 quidam
2851 4601 3130 4668 negotium
3192 4601 3469 4659 lavescere

1877 4679 2106 4732 studens
2131 4681 2314 4749 quiete
2345 4696 2408 4735 ac
2439 4682 2732 4752 tranquille
2756 4685 2974 4755 degenti
3023 4689 3074 4742 in
3097 4690 3186 4756 jus
3213 4708 3334 4745 eum
3365 4709 3464 4748 ex-

1873 4773 2147 4837 traxerit,
2203 4773 2443 4844 digueris
2494 4791 2656 4845 quam
2715 4779 2953 4844 primum
3009 4781 3180 4851 ipsius
3239 4785 3464 4854 injurias

187 4831 290 4898 μὲν
338 4833 576 4890 κωλύσαι
610 4838 800 4895 τοῦτον
826 4842 1100 4915 ἀδικῆσαι·
1138 4853 1304 4922 χαριῇ
1337 4851 1448 4922 γὰρ
1473 4854 1639 4925 αὐτῷ·
1682 4857 1773 4910 τὸν

2132 4831 2144 4837 -
2260 4831 2291 4844 ν
2512 4831 2528 4845 .
2715 4831 2729 4844 ,
2844 4831 2877 4832 η
2924 4831 2951 4833 η
3010 4831 3178 4851 τυ---

1906 4876 2142 4920 oercere.
2187 4865 2415 4921 Gratum
2463 4867 2514 4920 id
2544 4869 2688 4922 enim
2746 4869 2820 4923 illi
2857 4874 3088 4928 accidet.
3151 4876 3303 4932 llune
3333 4895 3466 4934 Vero

183 4921 239 5020 δε
276 4924 356 5020 είς
389 4925 491 5020 τὴν
530 4929 820 5000 ἀγροικίαν
859 4936 1092 5007 πέμψαι,
1141 4942 1242 5012 τῆς
1293 4921 1452 5013 φίλης
1500 4921 1773 5020 γεωργίας

183 5013 283 5082 τὴν
322 5015 590 5074 ἀντίδοσιν
620 5024 1023 5098 ἀσπασόμενον.

258 5193 305 5222 ⁸⁸
331 5192 463 5249 Luc.
501 5212 615 5263 xvt,
638 5201 726 5255 ‘25.

1873 4970 1962 5010 rus
1993 4959 2175 5021 mitte,
2227 4969 2395 5030 gratze
2433 4960 2532 5031 ipsi
2558 4961 2906 5032 agriculturae
2960 4973 3460 5028 remunerationem

1872 5058 2242 5118 accepturum.

1287 5321 1520 5379 VARUS
1566 5327 1950 5388 LECTIONES
1988 5334 2073 5390 ΕΤ
2108 5337 2345 5397 NOTAE.

187 5529 229 5589 Ρ
408 5463 513 5519 Pro
575 5467 862 5540 ὶμπλησας
912 5473 1072 5529 iidem
1120 5479 1332 5548 legunt,
1397 5483 1758 5556 ἐμπλήσειας.

232 5550 265 5586 υ
297 5576 308 5584 .
383 5572 399 5589 .

232 5550 399 5589 υνςιιι.

261 5602 373 5680 μδ)
404 5604 595 5696 §cribti
629 5612 926 5696 ἀγόραιος,
955 5632 1084 5696 _non
1140 5629 1197 5673 nt
1243 5622 1444 5696 editum
1495 5625 1591 5681 Gr.
1633 5630 1764 5696 ἀγο-

195 5677 358 5741 ρίίης.
398 5677 709 5736 Ammonius
754 5677 900 5739 νειιὶιιι
935 5687 998 5742 dc
1032 5703 1220 5744 vocum
1268 5677 1603 5762 tlilfercut‘iis‘,
1637 5677 1762 5754 sive

1873 5494 1998 5583 quis‘
2036 5496 2185 5583 alius.
2213 5508 2403 5583 ant-tor
2433 5518 2515 5558 est
2550 5526 2560 5558 :
2609 5510 2890 5583 ’ᾼγὸραιος
2935 5517 3191 5583 σημαίνει
3222 5518 3313 5572 τὸν
3359 5540 3458 5574 τιο-

2367 5563 2752 5658 κεξξχαμμένον

1871 5633 2049 5705 ἀγορᾷ
2071 5633 2399 5719 τιμώμενον.
2421 5633 2610 5731 ,ξξιίῖὰ
2639 5666 2761 5731 ιιι)ιὶ
2775 5633 2992 5731 videtur
3016 5633 3222 5711 gervdri
3253 5673 3454 5731 nsque-

1870 5716 2104 5774 quaque.
2143 5719 2198 5762 ut
2221 5711 2380 5782 epist.
2418 5715 2533 5781 135,
2582 5735 2701 5790 pag.
2734 5722 2817 5784 96,
2858 5740 2904 5776 ι’.
2940 5729 3014 5780 13.
3055 5711 3290 5789 Scun
