3992 6428
537 189 675 260 1459
1687 197 1744 255 δι
1787 194 1982 254 tsmo

640 300 800 372 323
866 297 1086 354 ccxnt.
1118 331 1187 340 -
1225 297 1475 356 zosnto
1510 297 1982 354 enesuvrsno.

1687 197 1744 255 S:
1787 194 2072 254 lSlDORI
2111 191 2544 253 PELUSIOTJS

2462 295 2601 349 ΣΙΓ.
2641 321 2708 333 --
2743 291 2991 361 ΖΩΣΙΜῼ
3025 283 3490 358 ΠΡΕΣΒΥΤΕΡῼ.

1152 411 1420 481 Exemplis
1450 415 1620 481 potius
1651 429 1807 482 quam
1842 413 2003 466 verbis
2033 411 2374 466 suadendum.
2414 408 2651 479 (Confer.
2687 408 2834 475 epist.
2863 404 2992 466 253,
3025 401 3172 462 508.)

607 521 721 578 Non
751 523 945 587 verbis,
964 523 1108 578 bone
1133 525 1234 590 vir,
1263 524 1535 580 iuescandi
1563 525 1854 586 auditores.
1884 525 1976 578 sed
2002 537 2087 576 re-

539 612 651 681 ipsa
685 621 736 666 et
780 612 1068 682 exemplis,
1092 614 1182 682 qui
1215 629 1312 668 nos
1338 623 1565 668 cernunt
1608 614 1878 669 trahendi.
1921 613 2094 667 Blorcs

537 703 684 757 enim
727 705 1094 771 persuadentis
1117 706 1405 760 venerandi
1443 715 1602 772 sunt,
1639 721 1744 762 non
1775 706 1966 760 oratio.
2012 705 2092 759 llli

537 795 678 847 enim
708 803 1008 863 spectantes
1031 793 1272 860 ﬂectunt,
1302 797 1414 850 haec
1435 810 1563 850 vero
1588 795 1858 849 auditores
1885 795 2090 863 fatigat.

539 883 724 952 Igitur,
762 883 904 950 quod
950 884 1133 939 dicere
1173 886 1410 940 volebam
1436 923 1452 949 ,
1502 899 1642 938 nunc
1685 883 1928 939 efferam.
1997 882 2092 937 Vir

537 973 754 1038 quidam
779 972 977 1028 virtute
1000 982 1219 1028 ornatus
1250 973 1404 1027 valde
1437 973 1528 1028 tibi
1574 974 1900 1044 indignatur,
1925 974 2091 1028 multa

538 1065 752 1132 quidem
796 1064 1034 1120 referens
1055 1103 1069 1128 ,
1111 1079 1274 1119 unum
1301 1079 1427 1120 vero
1454 1065 1730 1120 admirans
1749 1103 1764 1129 ,
1792 1065 2089 1133 "quomodo,

537 1169 656 1206 eum
679 1151 932 1207 Ecclesia:
955 1152 1030 1207 sis
1069 1153 1321 1222 probrum
1349 1192 1364 1217 ,
1387 1153 1552 1207 vitam
1599 1152 1998 1207 imtnaculatam
2021 1153 2089 1208 ex

536 1243 872 1299 orationibus
897 1244 1150 1298 aestimari
1198 1243 1487 1300 sustineas.
1556 1242 1611 1298 Si
1650 1244 1791 1297 enim
1831 1258 1952 1311 quas
1996 1259 2092 1298 sua

537 1343 664 1389 sunt
685 1373 700 1399 ,
730 1335 933 1403 inquit,
957 1333 1166 1389 confert
1191 1373 1206 1398 ,
1235 1343 1380 1402 petat
1408 1349 1424 1400 ;
1457 1335 1500 1390 si
1528 1347 1653 1388 vero
1677 1343 1732 1388 et
1755 1334 1888 1388 alios
1914 1333 2094 1404 inqui-

537 1441 666 1481 nare
713 1439 778 1480 es
829 1425 1071 1492 turpibus
1105 1424 1218 1479 suis
1263 1431 1436 1494 potest
1480 1423 1826 1485 actionibus,
1875 1437 1982 1492 qua
2029 1425 2096 1478 de

2265 521 2340 574 υὺ
2380 524 2446 590 τῇ
2483 521 2682 590 φράσει
2726 515 2866 587 χρὴ,
2913 508 2959 566 ὦ
3007 512 3276 581 βέλτιστε,
3332 503 3772 571 καταγοητεύειν

2194 614 2317 676 τοὺς
2352 611 2732 681 ἀκροωμένους
2752 650 2766 669 ,
2798 606 2931 660 ἀλλά
2960 606 3026 673 τῇ
3061 601 3256 672 πράξει
3285 596 3610 669 χειροῦσθαι
3644 593 3772 654 τοὺς

2197 703 2529 772 θεωμένους·
2557 703 2586 754 6
2627 700 2824 770 τρόπος
2851 695 2959 765 γάρ
2984 697 3099 747 ἐστι
3126 691 3220 746 τοῦ
3248 689 3530 750 πείθοντος
3561 688 3590 739 6
3622 683 3771 737 αίδέο

2197 809 2382 863 σιμος.
2425 793 2521 861 οὐχ
2553 792 2582 843 6
2615 789 2792 858 λόγος.
2840 785 2900 840 '0
2930 785 3027 856 μὲν
3056 783 3164 851 γὰρ
3191 781 3463 840 δυσωπεῖ,
3504 777 3535 827 6
3576 775 3635 828 δὲ
3687 774 3772 825 ἐν-

2193 883 2359 953 οχλεῖ.
2390 881 2453 934 Τί
2483 881 2662 933 τοίνυν
2697 878 2956 950 βούλομαι
2993 875 3188 935 εἰπεῖν,
3219 871 3433 941 φράσω·
3484 866 3654 934 Ἀνήρ
3688 879 3770 924 τις

2190 974 2296 1028 τῶν
2335 974 2501 1043 ἀρετῇ
2538 969 3003 1041 κεκοσμημένων,
3043 963 3210 1026 πολὺς
3247 961 3397 1032 ερρει
3449 955 3594 1011 κατά
3637 953 3768 1016 σοῦ,

2191 1064 2358 1118 πολλά
2404 1063 2503 1132 μὲν
2549 1061 2808 1132 φράζων,
2861 1058 2920 1111 ἓν
2967 1057 3024 1110 δὲ
3057 1051 3392 1122 θαυμάζων,
3445 1047 3566 1109 πῶς
3609 1043 3773 1114 κηλὶς

2197 1154 2272 1208 ῶν
2306 1153 2407 1222 τῆς
2452 1151 2796 1220 Ἐκκλησίας,
2829 1146 3159 1218 ἀκηλίδωτον
3195 1140 3309 1212 βίον
3343 1140 3400 1192 ὲν
3430 1139 3550 1197 ταῖς
3580 1135 3772 1202 εὐχαῖς

2190 1244 2374 1297 λαϐεῖν
2429 1242 2616 1307 ἀξιοῖς.
2650 1240 2712 1293 El
2770 1239 2868 1309 μὲν
2899 1239 3008 1306 γὰρ
3057 1235 3124 1288 τά
3161 1232 3290 1302 παρ’
3332 1226 3552 1288 ἑαυτοῦ,
3578 1224 3771 1292 φησὶν,

2190 1336 2470 1405 εἰσφέρει,
2522 1333 2768 1386 αἰτείτωο
2821 1327 2929 1382 είᾶ
2964 1327 3057 1380 καί
3085 1323 3280 1386 ἀλλους
3322 1322 3509 1391 μιᾶναι
3546 1319 3615 1369 ὲκ
3663 1316 3774 1368 τῶν

2191 1427 2482 1495 αἰσχίστων
2512 1421 2677 1476 αὑτοῦ
2712 1419 2965 1492 πράξεων
2990 1412 3099 1480 οἷός
3127 1415 3186 1468 τέ
3223 1416 3340 1467 ἐστι
3362 1452 3375 1473 ,
3403 1411 3468 1464 δι’
3494 1412 3561 1479 ἦν
3588 1406 3774 1495 αἰτίαν

537 1529 696 1568 causa
725 1513 776 1568 id
799 1490 950 1584 optat
976 1513 1233 1582 consequi
1251 1490 1278 1580 ,⁷
1297 1514 1436 1583 quod
1475 1513 1672 1568 habere
1700 1515 1834 1568 nolit
1854 1490 2090 1584 tvKui-

2205 1490 2347 1570 τοῦτο
2377 1513 2594 1584 εὔχεται
2623 1490 2827 1574 λαϐείν,
2859 1509 2886 1560 6
2915 1507 3059 1577 ἔχειν
3090 1505 3150 1556 οὐ
3175 1503 3348 1566 (illst;
3372 1498 3526 1599 .1":be
3557 1496 3658 1599 μὲν

537 1609 655 1658 dem
703 1605 898 1660 rubore
937 1601 1283 1657 suffundebar
1310 1603 1536 1656 audiens
1560 1642 1575 1668 ,
1609 1611 1918 1672 terramque
1951 1603 2093 1672 aspi-

537 1694 739 1749 riebam
759 1711 775 1759 ι
799 1709 863 1749 ac
898 1708 964 1749 ne
983 1707 1043 1749 os
1073 1694 1288 1762 quidem
1326 1694 1534 1762 aperire
1560 1703 1824 1762 poteram.
1869 1692 2090 1760 Verum,

536 1788 628 1852 qui
674 1785 1118 1851 aderant,elaris
1160 1784 1307 1840 illum
1345 1784 1689 1853 applansibus
1732 1784 2091 1850 honorabant,

536 1890 700 1932 nutum
727 1877 933 1932 causati
951 1915 967 1941 ,
993 1890 1097 1930 non
1133 1876 1372 1946 potuisse
1393 1875 1662 1930 inscitiam
1688 1883 1830 1929 tuam
1859 1889 1956 1943 pro
1981 1877 2092 1930 m’e-

537 1971 642 2023 rito
694 1966 1098 2038 depmdicare:
1155 1975 1212 2020 tu
1257 1967 1437 2037 itaque
1479 1967 1688 2033 videto,
1731 1979 1837 2036 qua
1885 1966 2092 2021 ratione

535 2061 674 2114 hanc
707 2057 1180 2129 reprehensionem
1215 2056 1469 2127 depellas.

759 2162 982 2221 CCXIV.
1015 2194 1086 2206 —
1116 2163 1346 2222 ΡΜ]ιο
1380 2162 1857 2220 PRESBYTEBO.

2197 1603 2472 1675 ἠρυθρίων
2510 1601 2722 1655 ἀκούων
2743 1637 2756 1662 ,
2790 1598 2886 1651 καὶ
2912 1598 3197 1667 προσεῖχον
3227 1593 3306 1654 εἰς
3335 1589 3441 1658 γῆν
3466 1631 3480 1654 ,
3517 1589 3609 1641 καὶ
3651 1585 3773 1638 οὐδὲ

2189 1697 2374 1767 διᾶραι
2392 1695 2454 1748 τὸ
2477 1695 2648 1765 στόμα
2676 1693 2856 1762 ῐσχυον
2881 1703 2894 1717 ·
2919 1690 2967 1741 oi
2991 1688 3046 1741 δὲ
3075 1685 3342 1756 παρόντες
3372 1680 3587 1752 κρότοις
3626 1677 3774 1729 tuet-

2189 1806 2280 1843 νον
2312 1789 2636 1856 ἑστεφάνουν
2682 1785 2982 1855 λαμπροῖς,
3020 1779 3079 1832 ἓν
3117 1779 3275 1848 μόνον
3325 1772 3682 1841 αἰτιώμενοι,
3712 1767 3778 1821 τὸ

2197 1880 2274 1950 μὴ
2312 1877 2629 1950 δεδυνῆσθαι
2663 1875 2901 1940 ἐπαξίως
2945 1875 3044 1943 τῆς
3087 1871 3186 1941 σῆς
3225 1864 3588 1926 ἀπαιδευσίας
3629 1861 3776 1932 φρά-

2196 1987 2322 2025 σαι·
2358 1970 2525 2033 Αὐτὸς
2558 1963 2651 2023 οὖν
2684 1968 2914 2030 σκόπει,
2944 1965 3093 2026 ὅπως
3119 1960 3322 2030 ταύτην
3350 1955 3636 2028 ἀποτρίψῃ
3673 1954 3776 2024 τὴν

2195 2060 2509 2132 κωμῳδίαν.

2351 2169 2364 2180 ’
2474 2167 2611 2222 ΣΙΔ’.
2648 2197 2719 2208 ——
2753 2167 2987 2235 ΠΑΥΛῼ
3019 2157 3479 2228 ΠΡΕΣΒΥΤΕΡῼ.

537 2254 661 2312 Non
688 2257 752 2311 de
779 2255 972 2310 leuibus
1003 2254 1346 2326 {milibusque
1393 2255 1544 2310 rebus
1587 2256 1859 2310 conciones
1895 2253 2164 2379 habendtz.
2193 2257 2372 2398 (anf.
2398 2260 2552 2328 epist.
2587 2257 2713 2322 H9,
2753 2253 2853 2312 201
2884 2264 2932 2309 et
2975 2253 3099 2308 253.
3129 2251 3196 2306 In
3241 2251 3499 2321 loquenda
3528 2245 3776 2301 conside-

2015 2341 2110 2378 ran
2154 2345 2260 2383 um.

2015 2341 2260 2383 randum.

603 2431 746 2487 Cave
789 2430 946 2487 exilia
985 2428 1244 2499 falsaque,
1281 2429 1375 2484 sed
1411 2429 1586 2498 potius
1611 2444 1730 2499 quae
1760 2429 1904 2484 dictu
1928 2428 2088 2499 digna

535 2533 699 2589 stmt,
741 2522 942 2592 passim
979 2535 1188 2576 narres.
1229 2518 1476 2590 Plerique
1501 2521 1645 2575 enim
1678 2521 1866 2590 nugari
1911 2531 1963 2574 te
1988 2535 2090 2590 pu-

539 2626 746 2678 tantes,
789 2622 846 2669 et
881 2614 991 2668 cito
1019 2615 1258 2676 abeunt,
1295 2622 1351 2666 et
1393 2610 1546 2666 facile
1573 2611 1833 2680 culpant,
1879 2611 2095 2680 citoque

539 2705 887 2773 persuadent.

742 2806 946 2864 CCXV.
977 2837 1044 2849 --
1084 2803 1356 2860 DANIELI
1397 2804 1880 2861 PRESBYTERO.

2268 2432 2360 2504 Μὴ
2397 2433 2526 2504 περὶ
2567 2431 2781 2504 μικρῶν
2814 2433 2908 2485 καὶ
2948 2430 3202 2500 φαύλων,
3236 2427 3372 2482 ἀλλά
3401 2425 3532 2495 περὶ
3572 2416 3648 2477 ὧν
3685 2421 3777 2473 λέ-

2201 2539 2320 2591 γειν
2356 2523 2503 2589 ἀξιον
2540 2525 2653 2585 τοῖς
2687 2521 3074 2590 ἐντυγχάνουσι
3123 2518 3318 2589 φράζε.
3367 2516 3634 2586 Φλυαρεῖν
3667 2511 3778 2582 γάρ

2205 2627 2265 2665 σε
2303 2613 2612 2681 νομίζοντες
2654 2611 2869 2676 πολλοὶ,
2908 2611 3003 2664 καὶ
3030 2607 3363 2679 ἀποφοιτῶσι
3391 2609 3637 2678 ταχέως,
3683 2604 3778 2658 καὶ

2203 2702 2480 2757 αἰτιῶνται
2516 2703 2733 2773 ῥᾳδίως,
2764 2703 2859 2756 καὶ
2887 2700 3164 2755 πείθουσιν
3197 2699 3383 2766 ὀξέως.

2452 2810 2588 2864 mea
2629 2838 2700 2848 —
2735 2809 2995 2862 AANIHA
3043 2807 3508 2878 ΠΡΕΣΒΥΤΕΡῼ.

538 2923 621 2979 Ne
653 2921 904 2977 malorum
936 2921 1182 2989 felicitate
1214 2921 1268 2974 in
1308 2921 1402 2975 hoc
1437 2923 1626 2974 sa'culo
1658 2920 1974 2989 emendatur,

2205 2941 2265 3048 tl»;
2285 2925 2649 3064 gertitudinem
2681 2926 2902 2979 extremi
2937 2922 3130 2989 judicii
3160 2924 3359 2974 credat.
3408 2918 3589 2989 (δοιοί.
3616 2921 3773 2987 epist.

609 3098 686 3154 Ne
713 3108 762 3154 te
794 3113 824 3154 a
859 3109 1034 3167 coepto
1061 3098 1275 3154 virtutis
1297 3139 1312 3160 ,
1340 3112 1374 3153 ο
1404 3101 1542 3153 bone
1579 3099 1681 3162 vir,
1722 3109 1934 3154 avertat
1983 3109 2094 3153 tra-

2271 3103 2361 3171 Μή
2409 3120 2540 3168 σου,
2585 3097 2629 3157 ὦ
2683 3103 2954 3175 μακάριε,
3005 3102 3096 3156 τὸν
3139 3105 3217 3166 εἰς
3258 3100 3355 3172 τὴν
3407 3099 3612 3170 ἀρετὴν
3652 3097 3781 3170 δρό-

542 3197 702 3256 mite,
745 3192 886 3260 quod
929 3189 1179 3245 Zosimus
1223 3191 1466 3260 impurus
1502 3190 1717 3261 Deoque
1761 3193 1996 3259 invisus,
2040 3201 2096 3248 ut

539 3281 731 3337 scribis
753 3319 768 3346 ,
799 3279 972 3334 sacris
1019 3279 1220 3334 initiari
1263 3293 1428 3334 ausus
1455 3277 1646 3341 fuerit,
1678 3281 1760 3335 vel
1786 3283 2098 3337 sacrificare

539 3373 768 3426 amicat:
813 3373 942 3440 quin
985 3372 1158 3440 patina
1203 3374 1303 3426 hoc
1323 3373 1390 3424 ad
1424 3373 1846 3427 confirmandum
1877 3374 1977 3428 fide
2006 3388 2099 3427 va-

544 3465 648 3518 leat
672 3461 906 3516 futurum
933 3464 1150 3517 omnino
1169 3462 1450 3530 judicium,
1477 3477 1583 3532 quo
1608 3461 1902 3516 secundum
1933 3476 2094 3532 Opera

541 3556 737 3624 cuique
764 3555 1032 3610 reddetur.
1081 3557 1134 3610 Si
1160 3557 1303 3609 enim
1342 3557 1428 3610 hic
1451 3572 1638 3612 omnes
1689 3557 1980 3624 promerita
2007 3571 2097 3610 ac-

541 3648 815 3714 piperent,
861 3647 1006 3715 impii
1034 3648 1248 3716 quidem
1291 3661 1510 3716 ptenas,
1558 3648 1688 3716 justi
1727 3661 1854 3699 vero
1878 3648 2096 3714 praemia

540 3736 778 3802 virtutis,
808 3751 1258 3806 supervacaneum
1285 3749 1426 3792 esset
1463 3738 1744 3805 judicium.
1792 3736 1847 3791 Si
1884 3737 2096 3806 quidem

544 3824 696 3878 multi
740 3826 864 3879 mali
914 3827 966 3881 in
1015 3827 1116 3882 hoc
1149 3829 1344 3882 mundo
1369 3839 1532 3898 agunt
1579 3827 1806 3881 feliciter
1851 3847 1864 3881 :
1911 3836 2096 3881 contra

544 3930 674 3970 vero
701 3915 834 3985 justi
873 3933 1013 3989 saepe
1047 3919 1285 3974 adversis
1315 3918 1711 3973 conﬂictantur.
1763 3918 1818 3971 ld
1866 3917 1993 3986 ipsis
2024 3927 2098 3969 tuo

546 4007 769 4060 multum
797 4008 1048 4074 corncitat,
1075 4010 1217 4077 quod
1249 4011 1457 4063 turbam
1497 4009 1885 4077 tumultumque
1912 4007 2097 4060 tollere

545 4097 762 4150 deberet
786 4097 995 4163 merito,
1022 4099 1159 4165 quod
1187 4113 1281 4167 pro
1307 4097 1499 4152 merito
1522 4099 1712 4166 cuique
1736 4095 2094 4150 distribuitur.

543 4189 732 4259 Neque
756 4191 895 4245 enim
939 4192 1114 4261 justus
1137 4191 1274 4246 foret
1314 4193 1473 4256 Deus,
1497 4193 1587 4262 qni
1627 4193 1736 4246 hanc
1760 4189 1937 4244 futura
1975 4205 2100 4258 pro-

549 4279 770 4341 viderit,
818 4281 916 4333 nisi
942 4281 1258 4346 verborum,
1289 4283 1588 4346 actionum,
1625 4292 1784 4349 atque
1819 4280 2100 4348 cogitatio-

549 4381 672 4419 num
724 4367 984 4420 rationem
1027 4379 1210 4434 postea
1255 4370 1626 4430 redderemus,
1664 4378 1716 4422 et
1764 4369 1847 4422 his
1884 4368 2096 4432 quidem

546 4456 797 4525 praemia,
832 4456 934 4511 illis
967 4472 1093 4513 vero
1125 4474 1312 4528 paruas
1343 4460 1675 4512 decerneret.

757 4563 987 4619 CCXVI.
1020 4595 1087 4606 —
1121 4565 1507 4621 STRATECIO
1540 4563 1884 4620 MONACIIO.

2205 3211 2305 3265 μον
2330 3193 2440 3264 (66)
2469 3194 2530 3246 τὸ
2555 3193 2749 3265 μιαρὸν
2782 3195 2872 3248 καλ⁵
2907 3195 3130 3263 θεομισῆ
3158 3237 3172 3259 ,
3206 3195 3280 3256 ὼς
3303 3192 3589 3261 γέγραφας
3611 3232 3627 3251 ,
3665 3189 3777 3242 Ζώ-

2204 3303 2360 3356 σιμον
2394 3285 2642 3357 ἱερᾶσθαι
2671 3286 2876 3356 τολμᾷν
2899 3300 2910 3313 ·
2943 3285 3056 3339 ἀλλ’
3099 3284 3229 3336 αὐτὸ
3258 3282 3416 3335 τοῦτό
3465 3297 3524 3333 σε
3574 3280 3778 3348 μᾶλλον

2204 3377 2456 3446 ρωννύτω
2483 3378 2563 3440 είς
2590 3377 2649 3430 τὸ
2681 3378 2953 3430 πιστεύειν
2989 3375 3204 3437 πάντως
3235 3370 3370 3426 εἶναι
3402 3373 3618 3441 κρίσιν,
3649 3373 3710 3423 ὲν

2203 3469 2414 3536 ἑκάστῳ
2449 3467 2508 3520 τὸ
2536 3469 2841 3538 πρόσφορον
2867 3465 3360 3536 ἀπονεμηθήσεται.
3395 3464 3456 3516 Ei
3491 3463 3603 3531 γὰρ
3640 3463 3778 3515 πάν-

2201 3574 2289 3619 τες
2335 3556 2565 3609 ἐνταῦθα
2612 3557 2990 3626 ἀπελάμϐανον
3042 3557 3110 3608 τὰ
3161 3555 3539 3625 προσήκοντα,
3591 3557 3639 3606 οἱ
3679 3554 3780 3622 μὲν

2203 3646 2301 3706 τὰς
2347 3645 2613 3712 ἀμοιϐάς,
2657 3649 2704 3699 οί
2749 3647 2805 3699 δὲ
2851 3648 3177 3716 τάπίχειρα,
3211 3645 3461 3715 περιττὸς
3493 3640 3562 3714 ἦν
3603 3647 3636 3696 ὁ.
3679 3645 3778 3711 τῆς

2205 3737 2433 3805 κρίσεως
2463 3736 2638 3804 λόγος.
2683 3737 2895 3807 Ἐπειδὴ
2929 3738 2982 3790 δὲ
3011 3737 3188 3789 πολλοὶ
3221 3737 3316 3805 μὲν
3341 3735 3534 3803 φαῦλοι
3569 3736 3775 3802 εὑημε-

2207 3827 2391 3896 ροῦσι.
2433 3825 2617 3878 πολλοὶ
2656 3827 2711 3880 δὲ
2747 3827 3019 3880 σπουδαῖοι
3062 3826 3610 3898 παρευημεροῦνται,
3643 3826 3778 3879 αὐτὸ

2203 3918 2358 3970 τοῦτο
2379 3917 2405 3969 ὃ
2428 3918 2518 3970 τὸν
2549 3918 2771 3987 θόρυϐον
2792 3922 2952 3982 ποιεῖ,
2980 3920 3073 3971 τοῦ
3098 3918 3324 3988 θορύϐου
3359 3919 3451 3969 καὶ
3479 3918 3578 3987 τῆς
3607 3935 3777 3986 ταρα-

2203 4009 2302 4077 χῆς
2334 4008 2534 4075 ὀφείλει
2566 4005 2700 4060 εἶναι
2753 4010 3125 4079 ἀναιρετικὸν,
3165 4011 3245 4062 ὅτι
3287 4010 3500 4077 ἑκάστῳ
3529 4010 3591 4060 τὸ
3642 4009 3778 4078 πρέ·

2204 4115 2303 4150 πον
2346 4098 2759 4168 ἀποδοθήσεται.
2804 4101 2879 4152 Οὐ
2931 4099 3036 4170 γὰρ
3085 4099 3150 4153 ἂν
3193 4100 3398 4158 δίκαιος
3445 4099 3521 4153 ὢν
3569 4103 3597 4153 6
3646 4099 3779 4162 Θεὸς

2205 4187 2372 4239 ταῦτα
2407 4189 2641 4255 περιεῖδε
2689 4189 2976 4258 γινόμενα,
3026 4191 3074 4242 εί
3112 4191 3184 4260 μὴ
3227 4189 3415 4260 ἔμελλε
3468 4191 3566 4242 καὶ
3601 4190 3778 4256 λόγων

2206 4277 2299 4328 καὶ
2355 4275 2604 4346 πράξεων
2667 4277 2762 4329 καὶ
2821 4277 3036 4330 ἐννοιῶν
3099 4280 3234 4348 μετὰ
3286 4277 3460 4330 ταῦτα
3522 4280 3778 4330 ἀπαιτεῖν

2206 4368 2431 4431 εὐθύνας
2452 4385 2464 4397 ’
2501 4368 2594 4422 καὶ
2618 4355 2730 4432 τοῖς
2761 4371 2858 4440 μὲν
2891 4373 3056 4440 τιμάς
3076 4411 3090 4435 ,
3129 4375 3242 4434 τοῖς
3269 4371 3324 4425 δὲ
3347 4375 3628 4442 τιμωρίας
3663 4375 3776 4444 6p!-

2129 4477 2176 4534 υ
2204 4461 2334 4524 ζειν.

2415 4570 2570 4634 Σιςν.
2605 4599 2675 4609 -——
2711 4568 3089 4641 ΣΤΡΑΤΗΓΙῼ
3121 4571 3544 4629 ΜΟΝΑΖΟΝΤΙ.

1216 4654 1482 4708 Promittit
1512 4671 1564 4707 se
1588 4658 1869 4709 ittvisurum
1902 4656 2097 4707 amicos
2124 4657 2178 4707 in
2211 4663 2539 4712 monasterio.
2574 4658 2738 4729 (lnfr.
2767 4664 2915 4727 epist.
2952 4660 3102 4731 494.)

614 4767 733 4822 Jam
757 4782 863 4830 me,
892 4783 1009 4820 cum
1040 4769 1178 4820 bono
1206 4767 1309 4821 Deo
1332 4768 1536 4829 dicam,
1567 4771 1616 4819 in
1648 4769 1972 4820 monasterio
2003 4783 2095 4820 ex-

549 4868 748 4923 Specta.
808 4858 1068 4912 Accedam
1097 4859 1236 4911 enim
1260 4896 1274 4920 ,
1313 4869 1368 4911 ut
1400 4868 1554 4911 antea
1578 4875 1787 4912 omnem
1819 4857 1981 4928 624
2011 4859 2099 4912 Dei

555 4949 749 5000 cultum
787 4948 1064 5016 inSpiciam
1088 4986 1102 5007 ,
1131 4959 1182 5001 et
1211 4963 1305 5014 per
1331 4949 1508 5000 omnia
1534 4950 1902 5000 admiramlum
1928 4949 2106 5002 Timo-

2278 4772 2410 4840 Ἥδη
2459 4790 2522 4840 με
2546 4812 2558 4833 ,
2596 4773 2690 4824 σὺν
2725 4773 2842 4841 Θεῴ
2880 4773 2936 4825 δὲ
2989 4773 3226 4844 εἰρήσθω
3249 4817 3261 4837 ,
3313 4775 3688 4846 προσδόκησον
3721 4783 3778 4830 ἐν

2207 4861 2282 4930 τῷ
2318 4865 2658 4933 μοναστηρίῳ
2686 4881 2697 4891 ’
2741 4864 2854 4933 ἥξω
2897 4865 3004 4935 γὰρ
3034 4867 3127 4936 τὴν
3176 4866 3270 4937 δὴν
3313 4867 3416 4937 πρό
3447 4885 3510 4932 γε
3557 4871 3778 4921 πάντων

2206 4951 2465 5019 ὀψόμενος
2496 4953 2834 5014 θεοσέϐειαν,
2867 4955 2959 5005 καὶ
2997 4955 3086 5007 τὸν
3118 4955 3204 5007 διά
3245 4955 3422 5008 πάντα
3469 4955 3776 5026 θαυμάσιον

554 5040 759 5092 dusium
784 5039 893 5106 jam
919 5039 1118 5107 pridem
1149 5040 1376 5092 amicum
1399 5037 1620 5103 factum,
1644 5041 1848 5095 honore
1871 5044 2094 5096 maxime

2206 5043 2512 5108 Θεοδόσιον,
2548 5043 2634 5094 διὰ
2664 5045 2875 5114 μακροῦ
2913 5045 3024 5114 (47)
3069 5046 3218 5113 φίλον
3245 5047 3404 5110 ὄντα,
3445 5049 3540 5101 καὶ
3571 5050 3775 5119 σφόδρα

555 5130 945 5198 complexurus.

2207 5135 2335 5201 ἡμῖν
2365 5135 2727 5206 τετιμημένον
2747 5176 2758 5197 ,
2799 5138 3276 5207 περιπτυξόμενος.

1637 5303 1866 5360 νΑΙίΙᾸι]
1906 5307 2281 5363 LECTIONES
2318 5307 2404 5362 ET
2444 5307 2672 5363 NOT/E.

633 5457 738 5529 (i6)
765 5459 903 5513 Inter
933 5459 1126 5529 δρόμον
1166 5471 1220 5516 el
1251 5461 1308 5514 τὸ
1341 5462 1580 5517 inserunt
1621 5461 1776 5515 ambo
1817 5463 1968 5516 codd.
2003 5464 2095 5516 ὲκ-

563 5527 821 5581 κοπτέτω.
855 5527 1056 5584 Possm.

2276 5463 2401 5545 (Π).
2419 5461 2531 5545 [fro-
2555 5463 2640 5516 διὰ
2665 5467 2886 5545 μακροῦ
2920 5470 3074 5524 codd.
3117 5467 3237 5524 Vat.
3274 5469 3377 5526 650
3408 5479 3464 5527 el
3491 5470 3600 5530 All.
3637 5475 3770 5530 scri-

2208 5531 2340 5588 bunt
2374 5534 2460 5586 διὰ
2497 5531 2711 5604 μικροῦ.
2750 5531 2822 5590 Io.
