3992 6468
190 313 321 380 1461

502 425 640 480 ΣΙΖ’.
685 455 720 465 -
792 419 1118 489 ΛΡΠΟΚΡᾼ
1154 418 1465 489 ΣΟΦΙΣΤῌ.

1112 308 1652 368 EPISTOLARUM
1691 307 1838 372 LIB.
1883 307 1950 368 V.
1990 330 2060 340 -
2090 303 2329 364 EPIST.
2369 300 2621 363 CCXIX.

1928 54 2260 66 ___________

3347 290 3484 360 1462

2079 411 2333 470 CCXVII.
2365 442 2437 454 —
2473 405 2872 465 IIARPOCRIE
2905 399 3293 461 SOPHISTE.

930 534 1007 588 De
1037 535 1198 588 variis
1229 537 1495 589 rhetorum
1528 535 1735 588 dicendi
1774 531 2074 602 generibus.
2107 528 2348 602 (Confer.
2384 535 2537 597 epist.
2587 523 2735 594 I45.)

260 643 384 698 Τῶν
443 640 806 713 συγγραφέων
857 640 908 692 oi
963 638 1064 710 μὲν
1109 638 1335 710 αίσχρδν
1383 637 1646 725 ἡγοῦνται
1701 637 1777 709 μὴ

191 735 365 806 σαφὲς
415 737 627 801 εἰπεῖν,
683 735 734 788 ei
766 732 824 787 δὲ
868 733 927 787 έν
976 734 1045 803 τῇ
1091 731 1336 803 ἀσαφείᾳ
1388 732 1628 786 τίθενται
1679 732 1780 803 τὴν

193 829 352 900 ἰσχὺν
372 867 391 894 ,
435 828 532 883 καὶ
559 829 608 883 ei
643 825 743 897 μὲν
772 824 974 896 τιμῶσι
1001 825 1064 879 τὸ
1089 825 1311 898 μέτριον
1330 864 1346 891 ,
1377 826 1426 879 οἱ
1454 824 1516 884 es
1547 823 1655 889 ἔξω
1685 824 1781 894 φέ-

193 940 381 998 ρονται
409 922 520 978 τῶν
555 921 766 994 καιρῶν
787 938 801 952 ·
828 922 877 974 οί
906 920 1006 993 μὲν
1042 920 1156 975 τῶν
1191 919 1591 993 ⁴ἠκριϐωμένων
1623 916 1780 974 ὢτων

194 1014 584 1085 στοχάζονται,
621 1014 735 1077 τοῖς
763 1010 820 1065 δὲ
852 1012 1015 1084 ἀρκεῖ
1041 1013 1112 1065 τὰ
1150 1010 1408 1083 μειράκια
1442 1012 1654 1066 σεῖσαι·
1684 1009 1780 1064 καὶ
1811 1000 1813 1003 ’

189 1108 243 1160 οἰ
276 1106 376 1176 μὲν
399 1103 681 1176 ἀμείνονες
702 1104 784 1166 είς
808 1099 1097 1173 προοιμίου
1126 1099 1406 1172 χρείαν,οί
1425 1095 1482 1154 δὲ
1511 1100 1570 1155 ιν
1600 1115 1779 1171 παρα-

189 1194 484 1267 δείγμασίν
529 1195 638 1248 εἰσι
684 1193 961 1248 πλούσιοι·
1029 1193 1079 1246 oi
1140 1193 1240 1264 μὲν
1293 1188 1473 1246 οἶκτον
1519 1188 1779 1262 ἐμϐαλεῖν

189 1287 393 1354 δεινοὶ,
417 1287 468 1340 oi
492 1286 550 1340 δὲ
575 1285 745 1358 θυμόν
764 1300 781 1319 ο
803 1284 912 1339 τῶν
940 1284 1040 1357 μὶν
1068 1283 1129 1339 τὸ
1166 1282 1333 1356 βραδὺ
1361 1281 1638 1356 λυπηρὸν,
1671 1279 1784 1335 τῶν

189 1375 252 1430 δὲ
298 1377 361 1430 τὸ
406 1376 544 1447 ταχὺ
571 1375 802 1448 τερπνόν
827 1392 842 1408 ·
873 1376 924 1429 oi
971 1373 1072 1446 μὲν
1099 1371 1268 1428 ὕπνον
1317 1370 1639 1445 ἐμποιοῦσι,
1681 1371 1780 1442 μιᾷ

191 1465 614 1538 καταχρώμενοι
652 1465 786 1538 ίδέᾳ,
824 1467 873 1519 oi
903 1465 961 1519 δὲ
989 1465 1083 1519 καὶ
1121 1462 1418 1536 ἀφαιροῦσι
1447 1465 1568 1525 ταῖς
1609 1477 1779 1532 μετα-

190 1555 401 1620 ϐολαῖς.
455 1554 577 1628 Χρὴ
631 1554 817 1610 τοίνυν
866 1553 962 1610 τὸν
1019 1553 1310 1626 βασανίσαι
1366 1552 1780 1625 συγγράμματα

188 1647 388 1714 δεινὸν,
420 1647 601 1720 πάσης
623 1649 718 1702 καὶ
747 1648 972 1720 χάριτος
994 1646 1090 1703 καὶ
1107 1645 1407 1717 ἀπεχθείας
1432 1644 1564 1699 ὅντα
1593 1643 1778 1716 κρείτ-

187 1754 322 1793 τονα
341 1778 358 1804 ,
393 1737 624 1802 ἑκάστου
662 1737 1027 1810 συγγραφέως
1068 1736 1166 1792 καὶ
1193 1736 1295 1808 τὴν
1324 1735 1524 1790 κακίαν
1555 1736 1649 1789 καὶ
1677 1735 1777 1805 τὴν

1958 639 2300 709 Scriptorum
2329 638 2725 706 rhetorumque
2753 633 2809 690 hi
2834 635 3056 705 quidem
3094 642 3250 728 turpe
3276 635 3484 692 ducunt

1885 729 2122 786 obscure
2143 729 2327 784 dicere
2354 744 2369 780 :
2405 725 2495 781 alii
2537 725 2590 780 in
2611 724 2944 780 obscuritate
2969 724 3135 779 decus
3159 724 3433 780 collocant
3461 743 3479 793 ;

1885 829 1941 874 et
1967 819 2059 874 alii
2103 817 2341 874 medium
2366 825 2599 884 tenent;
2637 815 2727 870 alii
2759 815 2976 870 modum
3005 815 3300 872 excedunt.
3349 813 3486 885 Qui-

1887 913 2010 968 dam
2041 911 2221 967 acutis
2241 909 2471 965 audiam
2501 907 2761 977 auribus;
2807 907 2899 964 alii
2923 909 3164 965 contenti
3194 918 3323 965 sunt
3349 910 3486 965 ado-

1885 1001 2152 1059 lescentes
2192 1002 2452 1058 movisse.
2517 997 2775 1055 Nonnulli
2804 1000 3048 1056 exordiis
3080 1009 3312 1058 utentes'
3343 1017 3488 1073 pra-

1885 1101 2066 1160 stant,
2098 1091 2362 1162 exemplis
2405 1090 2498 1146 alii
2543 1089 2850 1148 abundant.
2929 1089 3485 1151 Commiserationem

1885 1185 2106 1256 quidam
2141 1191 2346 1240 norunt
2386 1182 2637 1238 incutere
2661 1222 2678 1248 ,
2714 1181 2853 1237 iram
2881 1181 2995 1236 alii.
3043 1181 3280 1250 Quidam
3311 1185 3485 1240 tardi.

1893 1286 2003 1333 tate
2027 1275 2354 1347 displicent,
2403 1274 2499 1330 alii
2544 1261 2828 1330 celeritate
2877 1273 3116 1344 placent.
3175 1273 3283 1330 Alii
3321 1277 3486 1332 unica

1887 1366 2105 1423 dicendi
2147 1365 2330 1421 forma
2379 1379 2632 1421 somnum
2671 1365 3015 1435 conciliant,
3065 1365 3155 1422 alii
3203 1366 3490 1424 celeritate

1888 1459 2140 1515 eumdem
2166 1457 2475 1514 excutiunt.
2528 1455 2694 1513 Decet
2736 1456 2920 1527 itaque
2957 1473 3120 1526 eum,
3150 1458 3242 1528 qui
3283 1459 3489 1531 scripta

1891 1551 2119 1608 aliorum
2161 1550 2233 1607 sit
2255 1549 2681 1622 exploraturus,
2713 1565 2900 1606 amore
2941 1559 3106 1620 atque
3131 1551 3338 1606 invidia
3378 1565 3490 1608 non

1889 1642 2172 1714 superari,
2211 1643 2470 1713 omnique
2517 1642 2656 1698 adeo
2689 1642 2946 1712 scriptori
2971 1642 3165 1697 vitium
3214 1641 3370 1710 juxta
3421 1657 3490 1699 ac

1887 1736 2060 1790 virtus
2079 1735 2502 1804 cognoscenda:
2557 1734 2699 1792 hanc
2727 1734 2948 1806 quidem
2995 1734 3299 1805 laudando,
3341 1734 3492 1793 illam

189 1829 399 1902 ἀρετὴν
427 1829 626 1885 ειδέναι
646 1845 661 1861 ο
694 1829 792 1884 καὶ
814 1831 880 1902 τῇ
916 1828 1017 1901 μὲν
1044 1827 1420 1900 ψηφίσασθαι,
1447 1828 1515 1901 τῇ
1543 1825 1603 1883 δὲ
1634 1825 1778 1897 μέμ-

1899 1841 2012 1885 rero
2046 1826 2430 1900 vituperando.

191 1920 426 1993 ψασθαι.

680 2029 829 2084 smn
868 2057 938 2070 -
973 2028 1288 2102 ΑοθοΝιᾳ.

2291 2028 2576 2088 CCXVIII.
2610 2060 2679 2075 --
2709 2028 3118 2089 APIITONIO.—

271 2119 565 2190 Virginius
599 2130 645 2175 et
666 2119 948 2190 {ornicatio
978 2122 1085 2176 duo
1108 2129 1369 2188 extrema,
1391 2120 1705 2193 conjugiunt
1731 2122 1984 2192 medium,
2034 2123 2128 2180 sed
2170 2123 2476 2194 uirginitate
2516 2122 2762 2193 inferius.
2802 2120 3040 2194 (Confer.
3073 2123 3222 2192 epist.
3259 2122 3414 2194 253).

263 2229 377 2286 Καὶ
412 2228 771 2300 ήπαρθενία.
815 2221 860 2283 ὦ
911 2227 1196 2299 βέλτιστε,
1241 2228 1337 2284 καὶ
1371 2230 1406 2300 ἠ
1445 2228 1672 2301 πορνεία
1713 2226 1788 2283 τά

194 2321 376 2394 μίτρα
405 2320 502 2375 τοῦ
552 2321 720 2391 νόμου
762 2320 1069 2392 ἐξέϐησαν,
1101 2321 1216 2380 ἀλλ’
1259 2321 1361 2376 οὐκ
1403 2321 1498 2375 ἐπὶ
1538 2325 1652 2386 τοῖς
1681 2321 1784 2376 αὐ-

187 2413 327 2476 τοῖς.
366 2411 431 2466 Ἦ
463 2409 564 2480 μὲν
593 2410 702 2484 γὰρ
726 2412 1031 2484 ὑπερέπτη,
1060 2412 1094 2483 ἡ
1119 2412 1177 2466 δὲ
1211 2411 1451 2483 παρέϐη.
1483 2412 1594 2465 Καὶ
1623 2414 1656 2482 ἡ
1685 2412 1785 2482 μὲν

189 2503 265 2560 τὰ
296 2503 476 2573 κοῦφα
505 2504 600 2559 καὶ
631 2505 928 2574 ἀνωφερῆ,
962 2505 1058 2558 καὶ⁵
1086 2505 1180 2558 τὸν
1216 2504 1445 2576 οὐρανὸν
1479 2503 1745 2560 πολοῦντα
1767 2543 1783 2568 ,

187 2597 228 2671 ἡ
264 2597 324 2662 δὲ
363 2595 436 2650 τά
468 2596 762 2668 κατωφερῆ
801 2597 896 2650 καὶ
943 2596 1119 2668 βαρέα
1155 2595 1387 2668 σώματα
1430 2597 1746 2667 ἐμιμήσατο
1768 2612 1782 2626 ·

191 2689 232 2759 ἡ
266 2688 367 2760 μὲν
401 2685 589 2741 διώκει
618 2686 688 2741 τὰ
721 2686 1025 2760 μεταϐολῆς
1052 2688 1370 2758 κρείττονα,
1416 2689 1451 2758 ἠ
1481 2687 1538 2742 δὲ
1571 2688 1785 2754 ἐκεῖνα,

189 2769 332 2850 ὧνή
368 2777 642 2850 μεταϐολὴ
672 2780 961 2850 συμφυὴς,
1009 2779 1106 2833 καὶ
1134 2780 1168 2849 ἡ
1201 2779 1422 2843 κόλασις
1450 2778 1752 2851 σύντροφος
1770 2793 1784 2808 ⁸

192 2869 226 2924 ό
249 2870 306 2926 δὲ
327 2870 511 2942 τίμιος
536 2871 717 2942 γάμος
742 2870 948 2925 τούτων
975 2868 1255 2943 ἑκατέρων
1287 2871 1452 2942 μέσος
1476 2872 1786 2941 τυγχάνων,

1965 2229 2300 2303 Virginius,
2326 2231 2469 2288 boue
2490 2230 2598 2298 vir,
2625 2244 2690 2286 ac
2715 2227 3013 2287 fornicatio
3039 2229 3177 2302 legis
3213 2233 3491 2290 excedunt

1893 2325 2112 2380 modum
2142 2363 2159 2390 ,
2206 2323 2314 2379 etsi
2361 2337 2470 2379 non
2503 2322 2694 2379 eodem
2737 2322 2922 2378 modo.
2989 2321 3082 2377 Illa
3113 2324 3259 2379 enim
3302 2340 3497 2396 super-

1893 2417 2172 2488 greditur;
2221 2417 2339 2473 haec
2365 2415 2788 2488 transgreditur.
2845 2415 2928 2470 Ill:
2964 2456 2980 2481 ,
3015 2426 3076 2470 ut
3111 2415 3250 2472 levia
3287 2417 3494 2486 solent,

1895 2522 2113 2568 sursum
2144 2507 2341 2573 fertur,
2391 2508 2444 2564 in
2478 2507 2786 2578 cmlumque
2817 2508 2990 2564 tendit
3023 2523 3039 2564 :
3089 2509 3206 2564 haec
3236 2509 3493 2564 deorsum

1897 2597 2129 2666 rapitur,
2170 2595 2356 2667 gravia
2389 2595 2614 2653 imitans
2649 2611 2902 2667 corpora.
2967 2597 3063 2652 illa
3098 2606 3340 2654 sectatur
3372 2614 3494 2654 mu-

1899 2690 2086 2744 tationi
2130 2703 2238 2744 non
2273 2690 2506 2745 obnoxia
2534 2729 2550 2756 ,
2606 2688 2725 2744 haec
2777 2689 3064 2744 mutationi
3097 2698 3330 2762 cognata
3361 2731 3375 2755 ,
3422 2705 3488 2746 ac
3543 2712 3552 2722 ο

1894 2782 2076 2852 potius
2147 2781 2405 2837 obnoxia.
2439 2778 2844 2837 Matrimonium
2904 2782 2991 2838 his
3039 2783 3253 2838 duobus
3314 2787 3493 2845 Inter-

1889 2871 2093 2942 jectum
2121 2887 2136 2937 ;
2167 2869 2276 2927 alio
2302 2869 2524 2941 quidem
2562 2869 2800 2926 Inferius
2824 2881 2930 2938 est,
2957 2871 3133 2928 altero
3162 2887 3292 2929 vero
3320 2875 3494 2931 subli-

190 2960 298 3033 τῆς
345 2959 447 3032 μέν
495 2963 612 3014 ἐστι
670 2961 981 3033 κατώτερος
1027 2960 1239 3032 πολλῷ,
1271 2961 1372 3033 τῆς
1417 2961 1474 3016 δὲ
1519 2960 1792 3034 ἀνώτερος

1899 2962 2067 3024 mins.
2089 2960 2418 3033 Virginitate
2442 2960 2592 3017 enim
2626 2960 2935 3032 coniugium
2973 2963 3154 3019 minus
3187 2974 3272 3019 est
3297 2973 3354 3020 et
3385 2966 3490 3020 hu-

189 3052 395 3118 πλέον,
426 3052 461 3124 ἢ
493 3052 618 3106 ὅσον
650 3051 814 3116 αὐτὸς
855 3052 956 3124 τῆς
991 3052 1293 3124 παρθενίας
1322 3053 1440 3106 ἐστὶ
1475 3053 1788 3106 ταπεινότε-

112 3195 114 3197 .
194 3160 309 3218 ρος.
354 3144 447 3199 Διὸ
479 3144 575 3198 καὶ
616 3143 717 3214 τῆς
750 3143 849 3215 μὲν
877 3144 1342 3214 στεφανουμένης,
1389 3144 1492 3212 τῆς
1521 3143 1579 3197 δὲ
1619 3160 1788 3199 κατα-

189 3233 559 3307 κρινομένης,
589 3225 746 3297 οὗτος
777 3231 1094 3304 σύμμετρον
1129 3233 1242 3303 ἔχει
1273 3231 1336 3286 τὸ
1363 3232 1660 3304 ἐγκώμιον.

159 3323 220 3388 Ω
514 3341 655 3398 ste.
694 3371 762 3384 —
795 3340 1100 3414 escensu
1137 3342 1464 3414 ΔΙΑΚΟΝῼ.

1900 3049 2100 3106 milius.
2138 3050 2268 3108 Hac'
2292 3050 2440 3106 enim
2465 3059 2731 3106 coronata
2750 3088 2767 3115 ,
2795 3058 2851 3106 et
2884 3048 3251 3108 fornicatione
3277 3051 3489 3121 judicio

1896 3141 2304 3205 condemnata,
2364 3140 2775 3196 matrimonium
2837 3155 2992 3196 suam
3043 3143 3210 3197 etiam
3271 3144 3488 3200 laudem

1898 3231 2271 3301 consequitur.

2135 3339 2370 3398 CCXIX.
2409 3371 2478 3384 —
2515 3339 2896 3399 THEODORO
2927 3343 3248 3401 DIACONO.

192 3434 332 3496 Cum
359 3452 484 3492 suus
527 3451 704 3504 partes
731 3436 891 3506 egerit
923 3435 978 3488 in
1004 3433 1219 3488 Zosimo
1260 3433 1638 3503 sodalibusque
1681 3433 1796 3502 ejus
1831 3431 2204 3496 admonendis,
2245 3431 2487 3502 iniquum
2522 3447 2639 3486 esse
2661 3429 2861 3555 grobat
2897 3434 3000 3489 sibi
3045 3435 3323 3506 imputari,
3353 3441 3497 3509 quod

852 3504 1304 3555 admonitionibus
1335 3520 1442 3555 non
1473 3507 1540 3555 sit
1572 3504 1788 3555 relictus
1830 3503 1996 3555 locus.
2031 3500 2269 3555 (Confer.
2293 3511 2445 3555 emat.
2471 3501 2542 3555 20
2575 3512 2623 3555 et
2699 3501 2820 3555 20.)

852 3504 1304 3559 admonitionibus
1335 3520 1442 3558 non
1473 3500 1788 3559 sit'relictus
1830 3503 1996 3558 locus.
2031 3500 2269 3574 (Confer.
2293 3500 2445 3571 epist.
2471 3501 2542 3557 ΞΘ
2575 3512 2623 3556 et

269 3616 336 3673 Ei
379 3615 574 3686 λόγους
603 3613 843 3685 ἔφασκον
877 3613 1023 3685 ἔχειν
1053 3613 1237 3684 πάσης
1280 3611 1479 3676 κακίας
1509 3612 1788 3684 ἀναιρετι-

196 3712 368 3778 κοὺς,
421 3707 647 3770 εἰκότως
677 3705 744 3760 ἂν
795 3701 941 3777 εἶχον
991 3704 1311 3770 ἀλαζονείας
1361 3703 1564 3758 αἰτίαν.
1625 3703 1690 3757 Ei
1733 3703 1791 3757 δὲ

193 3802 359 3858 τοῦτο
396 3800 632 3873 μάλιστα
660 3798 878 3853 πάντων
908 3797 1212 3868 ἐπίσταμαι
1233 3837 1247 3862 ,
1282 3797 1365 3850 ὅτι
1390 3795 1487 3850 τοῦ
1519 3795 1618 3868 μὲν
1645 3812 1791 3868 παρ-

193 3893 480 3958 αινοῦντός
532 3895 650 3948 ἐστι
703 3891 766 3945 τὸ
830 3893 1007 3944 εἰπεῖν
1056 3889 1126 3944 τά
1189 3890 1485 3961 βέλτιστος⁰
1557 3890 1653 3944 τοῦ
1722 3888 1782 3943 δὲ

192 3982 714 4056 συμϐουλευομένου
755 3981 818 4035 τὸ
852 3980 1166 4051 πεισθῆναι.
1215 3981 1275 4034 '0
1310 3980 1409 4052 μὲν
1438 3981 1548 4054 γὰρ
1577 3981 1672 4035 τοῦ
1701 3980 1793 4034 λέ-

197 4094 350 4146 γειν,
396 4078 425 4128 ό
468 4074 524 4128 δὲ
575 4073 672 4127 τοῦ
721 4075 984 4144 πράττειν
1024 4071 1230 4142 Κύριός
1279 4073 1436 4125 ἐστι·
1487 4071 1541 4124 τί
1596 4065 1795 4144 παρεὶς

2699 3501 2820 3573 20.)

1971 3608 2030 3665 Si
2057 3624 2344 3666 sermones
2373 3611 2577 3666 habere
2594 3626 2681 3667 me
2706 3612 2967 3669 dixissem
2997 3615 3260 3671 malitiam
3277 3633 3494 3675 omnem

1899 3701 2173 3767 tollentes,
2210 3699 2404 3756 merito
2435 3699 2700 3771 gloriandi
2732 3718 2921 3760 ansam
2955 3706 3236 3761 haberem.
3273 3709 3329 3763 Si
3369 3725 3497 3764 vero

1897 3790 2029 3846 illud
2063 3791 2313 3846 omnium
2359 3791 2476 3860 ipse
2507 3790 2678 3861 probe
2709 3793 2868 3860 novi,
2898 3795 3246 3853 adhortantis
3273 3801 3494 3869 quidem

1897 3897 2019 3939 esse
2059 3883 2269 3951 optima
2311 3882 2540 3951 dicere;
2597 3883 2714 3954 ejus
2761 3901 2927 3953 vero,
2968 3889 3055 3942 cui
3107 3894 3495 3959 persuadetur,

1897 3989 2060 4030 aures
2090 3975 2509 4030 accommodare
2556 3986 2610 4031 et
2663 3977 2892 4034 reddere
2923 3997 2938 4034 :
2988 3995 3162 4051 quare
3196 3983 3241 4036 si
3276 3987 3498 4052 quando

1897 4063 2126 4118 laudare
2159 4063 2350 4129 nolles,
2385 4064 2576 4120 saltem
2609 4065 2895 4136 ignoscere
2926 4069 3174 4126 deberes.
3206 4071 3497 4145 Vituperas

199 4166 643 4238 συγγινώσκειν,
687 4165 803 4235 εῐγε
846 4163 1211 4231 ἀποδέξασθαι
1247 4163 1321 4236 μὴ
1360 4163 1599 4235 βούλοιο,
1644 4167 1793 4237 αίτιᾷ

1900 4155 2042 4211 enim
2068 4171 2191 4212 eum
2224 4156 2319 4225 qui
2355 4172 2479 4226 quat
2515 4172 2741 4213 suarum
2771 4173 2929 4217 erant
2964 4165 3202 4231 partium
3232 4168 3493 4237 explevit.

195 4261 293 4316 τὸν
330 4259 460 4328 τόγε
486 4256 652 4313 αὐτοῦ
680 4255 847 4327 μέρος
872 4253 1336 4326 κατορθώσαντα;
1362 4256 1410 4308 εί
1434 4255 1489 4307 δὲ
1506 4255 1630 4326 μηδ’
1650 4254 1793 4309 οὕτω

1902 4246 1959 4302 Si
1989 4247 2132 4302 enim
2170 4263 2269 4303 nec
2301 4249 2400 4304 hoc
2425 4247 2643 4316 fateris,
2677 4251 2788 4321 jam
2820 4263 2873 4308 et
2912 4254 3240 4313 ineil'abiiem
3277 4260 3372 4314 Dei
3405 4278 3497 4317 sa-

199 4349 484 4422 καταδέχῃ
506 4390 523 4416 ,
566 4347 686 4421 ὥρα
717 4363 779 4400 σε
813 4345 910 4400 καὶ
949 4345 1048 4416 τὴν
1091 4345 1336 4417 ἄρρητον
1385 4346 1581 4416 σοφίαν
1612 4347 1793 4401 αἰτιά-

201 4441 424 4510 σασθαι,
465 4441 567 4512 τὴν
601 4440 739 4512 μήτε
789 4438 917 4502 τοὺς
951 4438 1440 4508 ἀποστατήσαντας
1479 4438 1791 4504 Ἰουδαίους,

205 4536 348 4609 μήτε
375 4534 469 4589 τὸν
498 4533 768 4605 προδότην
792 4532 1078 4586 πείσασαν.
1111 4531 1384 4585 Τοσοῦτον
1405 4530 1515 4604 γάρ
1549 4532 1792 4601 ἀπέσχον

199 4627 298 4684 τοῦ
338 4627 667 4695 πεισθῆναι,
697 4627 780 4680 ὅτι
825 4629 854 4680 ό
889 4626 988 4698 μὲν
1017 4623 1334 4696 προῦδωκεν
1357 4663 1372 4689 ,
1419 4624 1470 4676 oi
1503 4623 1560 4676 δὲ
1604 4623 1796 4676 ὲσταύυ

204 4737 411 4795 ρωσαν.
449 4721 512 4774 Ei
551 4719 607 4773 δὲ
649 4720 744 4774 καὶ
777 4719 852 4792 μὴ
908 4718 1147 4773 πείσασα
1179 4718 1274 4770 καὶ
1327 4714 1585 4780 σώσασα,
1644 4715 1794 4787 παρά

204 4815 428 4868 πάντων
461 4810 899 4882 άνακηρύττεται
919 4825 932 4838 ·
961 4810 1071 4863 ἀπὸ
1101 4808 1212 4878 γὰρ
1242 4810 1340 4878 τῆς
1375 4808 1751 4879 προαιρέσεως
1775 4847 1791 4871 ,

202 4904 309 4957 οὐκ
338 4901 448 4956 ἀπὸ
491 4900 590 4972 τῆς
643 4899 924 4963 ἐκϐάσεως
961 4898 1031 4952 τὰ
1074 4899 1380 4971 πράγματα
1413 4897 1662 4968 κρίνεται
1686 4916 1699 4928 υ
1739 4897 1793 4950 τί

204 4995 359 5065 αττ-,ᾇ
395 4993 488 5046 τὸν
516 4991 754 5046 τοσαῦτα
801 4990 1179 5061 πεποιηκότα,
1229 4989 1326 5043 καὶ
1369 4989 1445 5060 μὴ
1492 4987 1795 5059 δυνηθέντα

207 5089 396 5140 πεῖσαι
426 5083 793 5155 Μαρτινιανόν
824 5101 884 5136 τε
920 5084 1017 5138 καὶ
1055 5082 1301 5153 Ζώσιμον
1322 5121 1336 5146 ,
1368 5081 1463 5134 καὶ
1508 5082 1755 5151 Μάρωνα
1781 5121 1796 5145 ,

1902 4341 2160 4409 pientiam
2181 4341 2584 4410 reprehendere
2616 4344 2849 4412 poteris,
2881 4363 3004 4418 quae
3034 4365 3134 4406 nec
3163 4356 3493 4421 apostatattli

1900 4434 2045 4501 genti
2071 4431 2334 4500 Iudaicae,
2371 4448 2469 4489 nec
2499 4431 2658 4490 Judae
2685 4439 2949 4507 proditori
2987 4444 3284 4510 persuasit.
3329 4445 3495 4519 625

1901 4521 2135 4577 Tantum
2165 4525 2310 4580 enim
2342 4525 2534 4581 aberat
2565 4537 2624 4581 ut
2664 4533 3035 4599 persuaserit,
3065 4544 3123 4588 ut
3154 4537 3242 4592 hic
3271 4539 3492 4608 quidem

1905 4617 2244 4681 vendiderit,
2293 4617 2385 4672 illa
2417 4631 2550 4673 vero
2588 4619 2739 4675 natio
2767 4624 2917 4679 cruci
2963 4625 3220 4682 aiiixerit.
3275 4627 3332 4683 Si
3364 4646 3495 4687 vero

1899 4708 2080 4763 divina
2120 4710 2208 4764 illa
2245 4710 2516 4781 sapientia
2561 4726 2681 4780 qua:
2709 4728 2887 4783 neque
2919 4716 3027 4773 illis
3060 4722 3370 4788 persuasit,
3399 4739 3496 4776 ne-

1898 4813 2006 4868 que
2045 4815 2141 4856 eos
2181 4800 2452 4869 salvavit,
2503 4805 2571 4859 ab
2598 4804 2850 4862 omnibus
2889 4805 3141 4864 laudetur
3174 4809 3225 4881 (ιι
3264 4813 3496 4867 consilio

1898 4892 2064 4958 enim,
2105 4908 2210 4948 non
2244 4892 2313 4947 ab
2338 4905 2531 4949 eventu
2566 4911 2653 4953 res
2681 4897 3043 4968 iudicantur),
3083 4902 3212 4970 quid
3251 4919 3479 4959 accusas

1901 4996 2188 5042 conantem
2227 4994 2282 5041 et
2315 5001 2419 5042 non
2458 4988 2730 5045 valentem
2767 4995 3102 5060 persuadere
3133 4993 3490 5061 Martiniano,

1898 5077 2135 5144 Zosimo,
2173 5089 2229 5133 et
2276 5078 2484 5136 Maroni
2521 5092 2682 5153 atque
2715 5082 3025 5150 Eustathio,
3097 5094 3155 5140 ut
3187 5089 3257 5141 ab
3287 5088 3491 5158 impro-

206 5185 296 5231 καὶ
353 5175 653 5254 Εὑστάθιον
703 5175 1039 5247 ἀποσχέσθαι
1082 5175 1323 5241 κακίας;
1370 5172 1637 5227 Τοσοῦτον
1690 5173 1798 5243 γάρ

1899 5169 2068 5225 bitate
2100 5171 2410 5227 desistant?
2440 5173 2672 5229 Tantum
2708 5176 2899 5231 absum
2942 5186 2998 5231 ut
3044 5188 3332 5247 propterea
3365 5197 3492 5236 eru-

203 5270 399 5338 ἀπέχω
427 5268 520 5322 τοῦ
544 5267 805 5340 ὲρυθριᾷν
826 5268 918 5322 ἐπὶ
935 5267 1110 5340 τούτῳ
1147 5267 1362 5339 (καίτοι
1394 5265 1654 5338 ὲρυθριᾷν
1685 5266 1798 5339 (48)

1900 5262 2118 5317 bescam
2165 5265 2336 5333 magis
2370 5279 2531 5333 quam
2573 5266 2861 5336 quisquam
2895 5267 3033 5323 alius
3059 5309 3073 5332 ,
3125 5269 3167 5324 si
3217 5271 3348 5324 mihi
3387 5271 3489 5340 ipsi

208 5360 412 5423 παντὸς
453 5359 654 5431 μᾶλλον
676 5401 688 5423 ,
717 5359 792 5423 ὦς
825 5376 889 5428 γε
913 5360 1170 5430 ὲμαυτὸν¹
1191 5399 1206 5423 ,
1225 5360 1284 5412 ὲν
1316 5352 1396 5422 οἷς
1430 5358 1491 5412 τὸ
1523 5358 1786 5430 ὲρυθριᾷν

208 5449 408 5517 καλὸν,
465 5446 878 5521 ἐπιστάμενος),
907 5448 990 5503 ὅτι
1040 5449 1135 5503 καὶ
1181 5449 1519 5520 σεμνύνομαι
1568 5448 1660 5502 ἐπὶ
1707 5447 1784 5518 τῷ

1903 5367 2007 5406 non
2036 5353 2391 5422 persuadeam
2417 5354 2524 5416 illa.
2552 5355 2603 5409 in
2627 5355 2824 5426 quibus
2841 5357 3169 5412 erubescere
3202 5357 3490 5427 pulchrum

1892 5460 2016 5502 esse
2049 5448 2184 5515 scio,
2223 5457 2283 5503 ut
2317 5449 2483 5504 etiam
2529 5448 2726 5521 glorier
2757 5448 2810 5506 iu
2850 5451 2973 5516 hoc,
3007 5458 3161 5504 ιιι-οι
3218 5461 3371 5519 parte
3401 5449 3507 5506 sal-

1333 5583 1566 5640 VARIAS
1621 5582 2008 5640 LECTIONES
2039 5581 2127 5636 ET
2164 5580 2376 5640 ΝΟΤᾸΞ

284 5743 396 5817 (48)
433 5742 532 5800 Ιίὀ
568 5742 824 5815 ἐρυθριᾷν
867 5744 1010 5802 solus
1050 5747 1168 5802 cod.
1217 5744 1322 5798 Alt.
1366 5744 1576 5808 scribit,
1623 5740 1807 5813 £9.09!

1913 5740 1995 5796 άν.
2027 5740 2239 5797 Possm.
