3992 6428
558 261 694 329 ιιοδ

1711 263 1770 321 S.
1808 261 2100 322 ISIDORI
2139 255 2578 320 PELUSIOTE

3671 199 3802 321 ne

557 387 662 431 tem
688 376 992 442 passionum
1009 372 1204 427 Christi
1232 371 1440 428 Domini
1464 372 1664 442 possim
1680 383 2108 442 essepartteeps.

2223 374 2316 424 κᾶν
2361 371 2424 422 ὲκ
2469 370 2669 440 μέρους
2689 371 2805 434 τοῖς
2841 370 3192 432 Δεσποτικοῖς
3226 364 3426 422 πάθεσι
3459 381 3798 436 κεκοινωνη-

864 576 1019 632 CCX.
1045 609 1111 621 —
1144 573 1444 632 EUTONIO
1480 571 1798 628 DIACONO.

2224 463 2395 517 κέναι.

2535 573 2659 627 εις.
2694 600 2764 614 --
2806 573 3101 638 ΕΥΤΟΝΙΩ
3136 572 3457 642 auitqu

620 690 697 746 De
727 689 925 745 Zosimi
963 701 1009 745 et
1047 690 1280 745 Maronis
1305 689 1440 742 vitiis
1469 690 1678 752 iterum,
1709 697 1756 740 et
1784 689 1846 740 de
1877 685 1910 738 .1
1919 687 2105 738 uduica
2135 690 2379 754 perﬁdia.
2418 687 2578 762 (Vide
2610 706 2726 758 sup.
2751 701 2796 744 et
2828 689 2978 753 epist.
3004 687 3094 753 20,
3127 688 3201 741 De
3229 683 3376 743 Iuda
3401 682 3727 748 proditore.)

620 799 675 854 Si
711 799 932 869 quodvis
981 797 1240 868 supplicio
1276 797 1495 866 dignum
1539 794 1714 851 scelus
1739 795 2112 858 committunt,

553 900 604 944 et
657 891 860 960 impura
922 901 1146 957 quaeque
1207 887 1366 942 verba
1437 886 1714 955 proferunt
1767 883 2010 942 lusimus
2060 893 2114 938 et

556 981 762 1048 Maron,
822 989 984 1050 atque
1051 979 1102 1033 in
1146 980 1404 1048 optimum
1461 989 1729 1045 quemque
1787 976 2110 1029 incurrunt:

555 1087 672 1136 qua:
699 1083 873 1139 neque
891 1067 1131 1133 dicenda,
1158 1081 1328 1136 neque
1358 1081 1414 1120 re
1438 1067 1546 1120 sint
1569 1066 1904 1134 exsequenda
1943 1066 2118 1118 dicen-

558 1174 637 1216 tes
665 1162 864 1230 pariter
908 1168 963 1213 ct
999 1167 1219 1228 agentes
1250 1176 1263 1212 :
1296 1157 1400 1212 noli
1439 1157 1753 1211 existimare
1799 1155 2054 1209 ultionem
2088 1170 2116 1209 a

562 1256 666 1306 Iteo
711 1252 927 1321 negligi,
967 1251 1164 1304 mirare
1220 1250 1397 1318 petius
1444 1249 1900 1317 longanimitatem
1951 1247 2118 1301 divini

557 1343 792 1397 numinis
829 1343 894 1395 ad
923 1339 1290 1409 pmnitentiam
1322 1341 1464 1407 ipsos
1499 1339 1832 1402 invitantem,
1870 1347 1922 1390 et
1956 1352 2115 1392 excu-

556 1433 817 1486 sationem
859 1430 1159 1500 praecisam,
1199 1444 1381 1484 verum
1423 1429 1701 1483 enimvero
1746 1437 1865 1496 post
1897 1443 1999 1480 nou
2031 1429 2117 1480 diu

557 1525 637 1580 vel
670 1525 722 1578 in
755 1525 854 1578 hac
883 1524 1012 1589 vita,
1041 1523 1121 1576 vel
1161 1523 1212 1576 in
1260 1521 1425 1575 altera
1455 1522 1601 1592 gravi
1632 1535 1724 1575 cos
1751 1520 2011 1588 SUpplicio
2044 1520 2119 1571 iu-

557 1628 892 1688 sequentem.
944 1615 1000 1672 Si
1057 1616 1199 1670 enim
1251 1616 1342 1685 qui
1413 1626 1536 1670 ante
1583 1614 1840 1669 diluviqu
1891 1613 2113 1666 nefanda

559 1707 919 1777 pati-antes“,
947 1711 1026 1760 vel
1076 1707 1128 1759 in
1164 1704 1410 1759 Sodomis
1463 1706 1694 1758 immane
1745 1710 2026 1772 peccantes
2054 1701 2118 1766 ",

559 1810 648 1853 aut
675 1800 718 1853 si
748 1800 800 1852 in
847 1797 1126 1851 Dominum
1157 1795 1484 1851 insanientes
1517 1795 1660 1848 rabie
1681 1792 1848 1850 Judaei
1877 1792 2119 1862 nnpuniti

555 1891 802 1947 abierunt
839 1929 852 1952 ,
929 1888 1152 1942 abibunt
1211 1897 1262 1939 et
1312 1886 1416 1939 isti.
1470 1883 1526 1938 Si
1581 1899 1707 1940 vero
1769 1883 1980 1938 illorum
2033 1883 2119 1937 alii

557 1989 680 2033 sunt.
736 1976 985 2032 ﬂuctibus
1028 1975 1247 2042 obruti,
1297 1974 1384 2028 alii
1436 1975 1542 2045 igni
1589 1989 1652 2028 ac
1695 1975 1838 2029 bello
1869 1973 2119 2028 exstincti

556 2071 849 2138 perierunt,
887 2078 1142 2122 utoruues
1166 2081 1285 2121 cum
1313 2067 1521 2135 priores
1547 2074 1654 2119 tum
1681 2063 1888 2120 futuras
1915 2074 2117 2135 tragte-

554 2162 668 2216 dias
695 2160 1056 2224 obscurariut,
1088 2160 1249 2212 etiam
1301 2157 1387 2210 hic
1437 2156 1654 2211 ultimas
1697 2157 1794 2210 has
1821 2157 2115 2225 patientur,

558 2263 764 2318 pinnas.
790 2248 898 2303 Cur
917 2249 1080 2317 igitur
1102 2248 1234 2301 nihil
1254 2247 1304 2300 id
1345 2248 1499 2310 lacis,
1524 2247 1678 2316 quasi
1702 2247 1805 2300 sint
1833 2247 2122 2316 impuniti?

557 2341 633 2394 llii
650 2340 794 2394 enim
817 2353 1006 2409 ptenas
1030 2339 1252 2393 daturos
1285 2345 1492 2402 notum,
1521 2338 1746 2392 veritate
1774 2340 1843 2392 ita
1877 2355 2119 2408 pronun-

556 2434 764 2484 tiante:
821 2446 840 2481 t
884 2428 1240 2483 Tolerabilius
1304 2429 1409 2482 erit
1461 2438 1616 2483 teme
1663 2426 2012 2482 Sodomorum
2067 2438 2122 2484 et

553 2521 1021 2577 Gomorrhzeorum
1055 2522 1106 2573 in
1138 2520 1225 2574 die
1246 2519 1431 2588 jndicii
1453 2558 1468 2582 ,
1502 2535 1659 2589 quam
1693 2521 1898 2574 civitati
1930 2521 2003 2576 illi
2027 2521 2072 2554 ⁸⁸
2101 2541 2115 2576 :

557 2615 682 2682 quia
734 2611 1029 2667 Jerusalem
1073 2622 1352 2680 persecuta
1393 2621 1476 2665 est
1517 2613 1762 2666 veritatis
1817 2629 2116 2698 praecones.

557 2704 678 2758 llaec
699 2703 817 2757 ideo
844 2701 1023 2769 retuli,
1059 2711 1312 2771 tanquam
1343 2699 1454 2755 sint
1495 2700 1565 2754 illi
1600 2703 1812 2771 gravius
1842 2705 2116 2771 puniendi,

560 2793 849 2849 Sodomita:
869 2807 998 2848 vero
1033 2792 1310 2847 remissius
1336 2806 1399 2845 ac
1429 2792 1632 2854 mitius,
1665 2805 1767 2844 non
1802 2794 1956 2847 modo
1997 2793 2119 2860 quia

557 2888 608 2938 in
635 2886 734 2940 hac
762 2885 867 2938 vita
899 2897 1090 2954 poenas
1141 2882 1546 2950 pependerunt,
1579 2881 1668 2933 sed
1693 2891 1746 2934 et
1776 2883 1902 2950 quia
1932 2891 2117 2936 contra

2290 799 2353 851 Ei
2397 797 2563 868 μηδὲν
2609 800 2727 868 μετ’
2781 794 3069 857 ἀκολασίας
3120 791 3228 863 (19)
3268 790 3431 862 ἔργον
3474 790 3796 857 ἄπρακτον,

2223 889 2358 958 μήτε
2377 888 2533 956 λόγον
2555 887 2777 958 αίσχρδν
2799 887 3052 958 ἄρρητον,
3077 885 3151 946 ὡς
3173 883 3302 951 φὴς,
3331 879 3801 952 παραλελοιπότες

2222 973 2469 1044 Ζώσιμός
2500 992 2556 1027 τε
2589 977 2684 1027 καὶ
2725 976 2957 1046 Μάρων,
2997 975 3074 1025 ἔτι
3103 973 3195 1025 καὶ
3241 970 3386 1023 κατά
3416 969 3527 1022 τῶν
3559 968 3799 1037 ἀρίστων

2225 1065 2576 1134 ἐπιφύονται,
2614 1065 2649 1118 ἀ
2682 1072 2818 1137 μήτε
2847 1064 2991 1134 λόγῳ
3022 1062 3160 1134 ρητά
3181 1101 3194 1124 ,
3237 1064 3377 1130 μήτε
3404 1059 3554 1130 ἔργῳ
3588 1054 3802 1127 φορητά

2225 1162 2318 1214 καὶ
2349 1159 2646 1230 φράζοντες
2676 1159 2767 1212 καὶ
2803 1157 3127 1228 πράττοντες
3148 1173 3160 1186 ·
3201 1155 3277 1226 μὴ
3317 1155 3418 1226 τῆς
3456 1153 3610 1214 θείας
3643 1151 3800 1220 δίκης

2223 1253 2480 1324 ἀμέλειαν
2507 1251 2882 1322 καταψηφίσῃ,
2927 1250 3062 1304 ἀλλά
3095 1246 3344 1319 θαύμαζε
3370 1247 3543 1317 αὐτῆς
3567 1245 3670 1317 τὴν
3697 1263 3800 1316 μα-

2223 1345 2548 1416 κροθυμίαν,
2577 1344 2671 1414 τὴν
2698 1343 2791 1396 νῦν
2817 1344 2916 1413 μὲν
2946 1345 3024 1406 είς
3055 1342 3347 1414 μετάνοιαν
3375 1340 3575 1402 αὐτοὺς
3605 1336 3802 1392 καὶοῦ-

2225 1453 2356 1502 σαν,
2397 1436 2488 1488 καὶ
2521 1436 2618 1504 τὴν
2649 1435 2940 1502 ἀπολογίαν
2978 1431 3428 1502 ἀποτεμνομένην
3448 1472 3462 1494 ,
3511 1429 3710 1500 μικρὸν
3744 1428 3801 1481 δὲ

2224 1530 2449 1600 ὕστερον
2480 1531 2511 1602 ἦ
2557 1528 2808 1588 ἐνταῦθα,
2845 1528 2878 1599 ἢ
2913 1529 3026 1580 ἐκεῖ
3066 1527 3284 1579 κολάσει
3321 1522 3667 1592 σφοδροτάτῃ
3699 1519 3801 1573 αύ-

2220 1622 2345 1683 τούς
2392 1620 2875 1690 μετελευσομένην.
2909 1619 2968 1670 Εί
2993 1617 3092 1687 μὲν
3122 1615 3231 1686 γὰρ
3275 1616 3326 1668 οἱ
3356 1615 3461 1684 πρὸ
3491 1612 3589 1666 τοῦ
3627 1630 3800 1666 κατα-

2223 1709 2465 1782 κλυσμοῦ
2496 1709 2530 1764 ἀ
2566 1709 2639 1780 μὴ
2671 1709 2825 1779 θέμις
2851 1708 3170 1780 δράσαντες.
3189 1706 3224 1777 ἢ
3253 1707 3311 1757 ὲν
3342 1705 3606 1774 Σοδόμοις
3630 1705 3801 1772 ὑπερ-

2221 1805 2347 1874 όρια
2386 1801 2742 1864 πταίσαντες,
2777 1801 2809 1871 ἢ
2845 1802 2895 1855 oi
2926 1799 3068 1854 κατά
3109 1799 3203 1852 τοῦ
3251 1799 3528 1852 Δεσπότου
3575 1798 3800 1850 ὲπιλυτ-

2220 1894 2286 1962 τή
2296 1909 2485 1954 σαντες
2513 1891 2754 1944 Ἰουδαῖοι
2772 1890 3106 1961 ἀτιμώρητοι
3121 1888 3400 1958 διέφυγον,
3413 1887 3800 1956 διαφεύξονται

2221 1981 2315 2033 καὶ
2338 1974 2503 2034 οὗτοι.
2531 1979 2593 2033 Εί
2622 1981 2678 2034 δὲ
2707 1980 2928 2033 ἐκείνων
2954 1978 3185 2034 ἐνταῦθα
3213 1979 3264 2030 oi
3298 1977 3396 2048 μὲν
3419 1975 3798 2046 κατεκλύσθη-

2224 2086 2321 2122 σαν
2344 2109 2358 2130 ,
2394 2071 2442 2122 οἱ
2474 2069 2530 2123 δὲ
2566 2069 2738 2139 πυρὸς
2764 2109 2778 2134 ,
2810 2071 2859 2121 οἱ
2886 2068 2942 2120 δὲ
2975 2068 3211 2138 πολέμου
3243 2066 3402 2137 ἔργον
3433 2069 3795 2136 γεγένηνται,

2221 2162 2294 2224 ὡς
2335 2163 2516 2225 πάσας
2554 2163 2648 2216 καὶ
2683 2163 2782 2224 τὰς
2820 2161 3128 2233 ἔμπροσθεν
3149 2200 3163 2226 ,
3193 2162 3288 2215 καὶ
3317 2161 3415 2224 τὰς
3451 2159 3594 2231 μετά
3621 2158 3797 2214 ταῦτα

2221 2252 2536 2323 ἀποκρύψαι
2571 2251 2896 2323 τραγῳδίας,
2931 2254 3150 2305 κάκεῖσε
3181 2251 3237 2303 δὲ
3276 2250 3374 2313 τὰς
3407 2252 3646 2319 ἐσχάτας
3675 2250 3797 2302 πεί-

2223 2362 2401 2398 σονται
2439 2346 2739 2414 τιμωρίας·
2789 2345 2856 2396 δι’
2886 2344 2952 2414 ἣν
2991 2343 3167 2397 αἰτίαν
3198 2343 3519 2410 ὀλιγωρεῖς,
3565 2342 3643 2406 ὠς
3674 2344 3794 2394 ἀτι-

2222 2441 2491 2508 μωρήτων
2537 2438 2740 2491 τούτων
2783 2437 2984 2503 δντων;
3026 2437 3150 2489 Ὀτι
3197 2436 3306 2503 γάρ
3355 2436 3521 2488 κάκεῖ
3560 2433 3795 2486 δώσουσι

2217 2536 2409 2602 δίκην,
2467 2535 2658 2603 δῆλον,
2717 2534 2781 2585 ὲκ
2843 2531 2935 2584 τοῦ
2995 2531 3092 2600 τὴν
3159 2530 3417 2599 ἀλήθειαν
3475 2529 3790 2596 εἰρηκέναι.

2227 2646 2243 2677 ι
2293 2625 2668 2695 Ἀνεκτότερον
2704 2623 2855 2677 ἔσται
2900 2626 2970 2694 γῇ
3003 2623 3247 2691 Σόδομων
3280 2621 3372 2672 καὶ
3403 2619 3723 2690 Γομόρρων,
3757 2618 3794 2686 ἢ

2220 2719 2284 2785 τῇ
2327 2716 2477 2768 πόλει
2520 2715 2733 2786 ἐκείνῃ,
2785 2733 2801 2764 ι
2856 2715 2920 2784 τῇ
2955 2711 3192 2782 διωξάσῖί
3234 2709 3478 2779 δηλονότι
3522 2711 3652 2771 τοὺς
3695 2708 3795 2774 τῆς

2220 2807 2476 2878 ἀληθείας
2513 2808 2792 2876 κήρυκας·
2829 2804 2987 2857 τοῦτο
3015 2804 3068 2856 δὲ
3096 2799 3245 2855 εἶπεν
3264 2843 3279 2866 ,
3323 2801 3399 2864 ὡς
3435 2801 3667 2853 ἐκείνων
3697 2801 3794 2869 μὲν

2220 2897 2637 2967 ἀργαλεωτέραν
2662 2893 2941 2947 δωσόντων
2975 2892 3132 2961 δίκην
3153 2933 3167 2955 ,
3209 2889 3515 2958 Σοδομιτῶν
3561 2889 3619 2942 δὲ
3652 2891 3793 2958 ὴμε·

559 2988 801 3030 naturam
837 2975 960 3029 vino
1002 2988 1067 3028 ac
1119 2972 1340 3026 libidine
1384 2981 1507 3026 sunt
1558 2970 1895 3024 di-bacclrati.
1944 2969 2112 3027 Judaei

2223 2988 2483 3060 ρωτέραν,
2517 2985 2576 3037 οὐ
2609 2984 2768 3053 μόνον
2794 2983 2878 3035 διά
2907 2982 2967 3034 τδ
3000 2980 3276 3037 κάνταῦθα
3301 2979 3622 3040 δεδωκέναι,
3659 2977 3798 3030 ἀλλά

560 3082 686 3123 vero
714 3066 975 3122 adversus
994 3073 1195 3121 natura:
1220 3063 1501 3118 Dominum
1529 3064 1887 3132 deliquerunt.

1052 3364 1280 3421 CCXXI.
1315 3394 1384 3408 ο·-
1409 3364 1638 3422 EIDEM.

2219 3082 2312 3133 καὶ
2363 3078 2450 3131 διά
2480 3077 2541 3130 τὸ
2585 3077 2711 3138 τοὺς
2756 3076 2855 3144 μὲν
2892 3074 3034 3128 κατά
3062 3072 3163 3140 τῆς
3205 3071 3420 3140 φύσεως
3457 3085 3791 3139 πεπαρῳνη-

2220 3173 2395 3233 κέναι,
2417 3169 2543 3231 τοὺς
2566 3169 2621 3221 δὲ
2651 3167 2792 3220 κατά
2819 3165 2911 3218 τοῦ
2936 3165 3204 3218 Δεσπότω
3234 3163 3332 3232 τῆς
3356 3162 3577 3232 φύσεως
3607 3160 3790 3213 λελυτ-

2220 3262 2463 3331 τηκὲναι.
3783 3253 3806 3290 -’

2677 3367 2847 3422 stur.
2885 3398 2956 3410 —
2994 3368 3080 3437 To
3121 3365 3320 3434 ΔΥΤῼ.

871 3479 945 3533 De
972 3496 1120 3550 paena
1149 3481 1306 3549 hujus
1335 3490 1381 3535 et
1417 3481 1634 3534 alterius
1663 3482 1796 3535 vita.
1829 3480 1937 3550 (Ex
1972 3483 2068 3536 ltuc
2103 3496 2148 3538 et
2183 3489 2446 3556 superiore
2471 3489 2620 3556 epist.
2661 3488 2888 3555 conﬂata
2912 3487 3060 3554 epist.
3093 3456 3219 3551 205,
3251 3483 3342 3536 lib.
3380 3483 3489 3553 ιιι.)

631 3601 798 3667 Scito,
835 3603 972 3657 bone
1003 3602 1103 3667 vir,
1129 3606 1272 3672 quod
1293 3604 1336 3657 si
1365 3604 1553 3658 leviter
1578 3619 1641 3658 ac
1671 3605 1929 3660 tolerabili
1959 3608 2117 3662 modo

2298 3613 2459 3674 Ἰσθι.
2511 3609 2555 3667 ὦ
2600 3613 2805 3682 ἀγαθὲ,
2862 3614 2946 3666 δτι
2997 3613 3046 3664 εί
3093 3613 3248 3665 οίστά
3288 3613 3386 3671 καὶ
3435 3612 3653 3681 φορητὰ
3706 3612 3797 3664 καὶ

560 3704 858 3763 curatoque
897 3692 1055 3747 facile
1095 3695 1452 3761 peccavimus,
1485 3695 1954 3763 ideoque’adversi
1992 3701 2117 3764 quid

2223 3707 2412 3758 εὐΐατα
2445 3706 2767 3774 πταίσοιμεν
2786 3745 2802 3770 ,
2830 3705 2922 3757 καὶ
2953 3703 3219 3773 πάθοιμεν
3247 3719 3300 3755 τι
3331 3702 3574 3758 ἐνταῦθα
3603 3703 3795 3766 δεινὸν,

563 3785 826 3853 patimur,
876 3795 1002 3837 tunc
1052 3783 1276 3837 crimina
1334 3783 1681 3852 detergimus.
1745 3784 1938 3839 Gravia
1989 3803 2117 3843 vero

2223 3792 2631 3864 ἀποτριὸόμεθα
2661 3790 2728 3844 τά
2767 3789 3083 3860 πταίσματα
3107 3809 3119 3823 ·
3153 3793 3200 3843 εί
3228 3791 3286 3844 δὲ
3323 3791 3678 3862 ἀπάνθρωπα
3702 3795 3798 3845 καὶ

563 3886 721 3943 atque
776 3875 1059 3928 immodica
1115 3885 1410 3942 patrantes,
1459 3875 1513 3928 in
1565 3877 1736 3930 altera
1795 3880 1956 3930 etiam
2011 3880 2117 3931 vita

2223 3884 2408 3950 δεινὰ,
2441 3885 2661 3937 κάκεῖσε
2706 3881 3235 3953 τιμωρηθησόμεθα,
3277 3883 3614 3953 κουφότερον
3672 3885 3793 3953 μὲν,

563 3966 788 4020 luemus.
818 3965 989 4036 626
1013 3964 1208 4019 Levius
1258 3975 1436 4020 tamen
1467 3979 1532 4020 ac
1557 3967 1762 4032 mitius,
1799 3969 1843 4022 si
1871 3970 1999 4037 quid
2036 3970 2117 4023 hic

2223 3979 2266 4029 εί
2290 3975 2569 4030 κὰνταῦθά
2610 3993 2661 4029 τι
2699 3974 2967 4045 πάθοιμεν
2990 4014 3005 4040 ,
3039 3975 3337 4047 βαρύτερον
3363 3977 3443 4040 δὲ,
3481 3980 3533 4030 εί
3560 3980 3794 4042 ἀπαθεῖς

561 4057 796 4126 patimur
835 4057 1082 4120 adversi;
1125 4055 1341 4122 gravius
1380 4070 1543 4123 vero,
1591 4057 1638 4113 si
1681 4058 1815 4112 nihil
1849 4061 1936 4114 hic
1978 4061 2117 4129 passi

2223 4064 2543 4134 ἀπέλθοιμεν
2563 4081 2577 4094 ’
2610 4065 2724 4119 ἀλλ’
2757 4065 2845 4118 ἵνα
2874 4065 2946 4135 μὴ
2985 4065 3162 4133 λέγειν
3188 4065 3334 4136 ἔχοις
3371 4066 3447 4130 ὡς
3479 4067 3625 4140 αὕτη
3661 4070 3797 4124 ἀπό-

558 4146 665 4199 vita
696 4145 1024 4200 desedimus.
1052 4142 1249 4199 Verum
1283 4160 1351 4200 ne
1392 4162 1475 4202 me
1504 4147 1655 4202 dicas
1689 4147 1850 4203 veluti
1875 4163 2118 4216 narrare,

562 4253 624 4292 ac
644 4253 746 4291 non
787 4239 1182 4302 demonstrare,
1215 4241 1439 4294 testibus
1468 4242 1725 4295 utendum
1752 4252 1836 4296 est
1870 4257 2119 4297 necessa-

565 4329 681 4382 riis.
726 4328 944 4383 Divinns
988 4330 1164 4398 itaque
1209 4330 1403 4384 Paulus
1439 4331 1504 4384 de
1551 4333 1635 4397 iis,
1663 4333 1752 4401 qui
1790 4333 1877 4388 hic
1923 4334 2117 4389 delicta

564 4420 735 4483 luunt,
761 4420 909 4474 teStis
928 4421 1068 4474 omni
1094 4421 1408 4489 exceptione
1435 4422 1626 4490 major,
1653 4423 1981 4491 redargueus
2005 4441 2118 4489 eos,

563 4511 658 4578 qui
686 4511 901 4580 indigne
933 4524 1264 4565 sacramenta
1295 4522 1679 4580 perceperant:
1707 4531 1725 4563 ι
1754 4511 1892 4575 Ideo,
1925 4514 2116 4581 inquit,

565 4605 704 4656 inter
729 4617 827 4656 vos
865 4603 1014 4656 multi
1050 4603 1244 4655 inlirmi
1289 4615 1342 4656 et
1384 4604 1673 4658 imbecilles
1697 4646 1712 4669 ,
1759 4614 1812 4658 et
1852 4607 2122 4659 dormiunt

568 4694 742 4746 inulti.
792 4693 943 4759 Quod
1005 4694 1049 4748 si
1097 4695 1456 4760 nosmetipsos
1505 4695 1960 4761 diiudicaremus,
2016 4711 2119 4749 nou

569 4783 1140 4851 utiquejudicaremur.
1164 4783 1293 4836 Dum
1311 4783 1822 4852 judicamurautem.
1850 4801 1876 4838 a
1899 4784 2121 4839 Domino

569 4875 908 4941 tzorripituur,
943 4887 1000 4928 ut
1029 4891 1130 4926 non
1153 4890 1272 4927 cum
1304 4877 1402 4928 hoc
1431 4875 1628 4927 mundo
1666 4877 1982 4930 damuemur
2006 4878 2107 4931 ".3

572 4962 699 5015 illud
729 4964 888 5015 etiam
939 4964 1041 5032 igni
1089 4964 1395 5017 excruciata
1438 4963 1585 5016 diviti
1621 4965 1820 5018 dictum
1851 4969 1914 5018 al)
1947 4968 2115 5020 Abra-

572 5055 733 5108 ltamo
750 5056 933 5130 eodem
959 5056 1186 5123 pertinet
1220 5073 1233 5108 :
1267 5072 1284 5103 ι
1310 5053 1433 5116 Fili,
1458 5057 1740 5109 recordare
1763 5059 1887 5124 quia
1915 5059 2122 5126 recepi-

573 5147 638 5199 sti
675 5146 808 5200 bona
856 5149 907 5200 in
952 5149 1057 5200 vita
1107 5157 1215 5201 tua.
1252 5147 1488 5202 Lazarus
1535 5148 1783 5203 similiter
1821 5151 1966 5203 mala
1997 5151 2064 5204 '°.
2100 5170 2116 5200 ι

647 5315 691 5345 ⁸⁸
714 5314 844 5368 Gen.
876 5333 944 5380 vi,
979 5319 992 5368 l
1023 5333 1173 5385 suum.
1252 5319 1291 5348 "
1331 5319 1464 5374 Gen.
1494 5336 1603 5382 xix,
1648 5323 1664 5375 ί
1697 5337 1811 5391 ειη.

2217 4158 2379 4224 φασίς
2413 4157 2530 4208 ἔστι
2570 4157 2667 4209 καὶ
2693 4157 2793 4209 οὐκ
2830 4156 3122 4221 ἀπόδειξις,
3153 4157 3244 4211 διὰ
3281 4159 3602 4230 μαρτυριῶν
3653 4160 3791 4225 ἁξιιν

2219 4249 2394 4318 χρέων
2427 4248 2686 4318 βαδιεῖται
2716 4250 2745 4302 ὁ
2774 4248 2930 4316 λόγος
2948 4289 2963 4305 .
2996 4249 3127 4320 Περὶ
3148 4244 3240 4302 οὖν
3267 4249 3376 4303 τῶν
3401 4249 3643 4306 ἐνταῦθα
3673 4253 3801 4306 ἀπο.

2219 4338 2551 4408 τριϐομένων
2606 4338 2676 4391 τὰ
2739 4340 3076 4408 πταίσματα,
3145 4337 3354 4409 μάρτυς
3413 4340 3788 4410 παραγραφὴν

2222 4431 2295 4502 μὴ
2338 4433 2718 4500 ἐπιδεχόμενος
2745 4434 2772 4484 ό
2811 4431 3094 4496 θεσπέσιος
3142 4431 3388 4495 Παῦλος,
3432 4433 3614 4500 λέγων
3667 4435 3794 4502 περὶ

2218 4521 2324 4572 τῶν
2370 4520 2601 4584 ἀναξίως
2648 4520 2757 4573 τῶν
2800 4522 3111 4590 μυστηρίων
3143 4522 3578 4591 μετειληφότων·
3627 4543 3646 4575 t
3697 4523 3797 4575 Διὰ

2217 4612 2375 4664 τοῦτο
2405 4613 2460 4664 ὲν
2502 4613 2628 4682 ὑμῖν
2677 4612 2860 4664 πολλοὶ
2903 4613 3147 4675 ἀσθενεῖς
3192 4614 3288 4666 καὶ
3343 4613 3661 4683 ἄρρωστοι,
3702 4615 3798 4666 καὶ

2220 4704 2518 4778 κοιμιῖνιιται¹
2585 4705 2759 4757 ἱκανοί
2778 4720 2792 4735 ο
2848 4704 2896 4756 εί
2956 4705 3066 4774 γάρ
3122 4705 3347 4767 ἑαυτοὺς
3401 4704 3786 4777 διεκρίνομεν,

2220 4795 2321 4846 οὐκ
2375 4792 2439 4846 ἂν
2493 4794 2854 4863 ὲκρινόμεθα’
2915 4795 3222 4865 κρινόμενοι
3273 4795 3360 4859 δὲ,
3415 4795 3523 4849 ὑπὸ
3581 4798 3790 4868 Κυρίου

2224 4884 2618 4951 παιδευόμεθα,
2670 4886 2756 4938 ἵνα
2813 4884 2886 4956 μὴ
2940 4887 3036 4938 σὺν
3083 4885 3158 4955 τῷ
3203 4885 3390 4955 κόσμῳ
3439 4887 3791 4956 κατακριοῶο

2224 4992 2340 5043 μεν.
2375 4994 2390 5024 ι
2428 4975 2536 5025 Καὶ
2559 4974 2616 5025 τὸ
2646 4974 2932 5045 εἰρημένον
2957 4975 3015 5027 δὲ
3056 4976 3191 5046 πρδς
3230 4975 3320 5029 τὸν
3345 4975 3750 5045 Ἀποτηγανιζό

2229 5077 2390 5130 μενον
2422 5058 2695 5125 πλούσιον,
2721 5061 2919 5133 ταύτης
2941 5063 3058 5115 ἐστὶ
3086 5063 3185 5132 τῆς
3224 5063 3453 5128 ἑννοίας,
3495 5066 3580 5119 ὅτι
3612 5085 3630 5116 ι
3656 5067 3787 5118 ’Λπ-

2228 5149 2414 5213 mea;
2451 5151 2517 5204 τὰ
2548 5151 2726 5218 ἀγαθά
2754 5168 2845 5204 σου
2881 5155 2937 5206 ὲν
2977 5156 3042 5224 τῇ
3073 5152 3184 5224 ζωῇ
3215 5169 3305 5205 σου
3327 5193 3344 5216 ,
3378 5151 3583 5224 ὁμοίως
3613 5153 3671 5207 δὲ
3699 5155 3788 5207 καὶ

1889 5324 1930 5353 ⁸⁸
1961 5321 2149 5387 Matth,
2194 5340 2243 5388 χ,
2277 5325 2355 5377 l5.
2435 5327 2518 5378 Ηί
2560 5326 2686 5380 Cor.
2733 5341 2806 5390 χι,
2838 5326 3028 5381 50-32.
3106 5326 3150 5358 '°
3190 5325 3318 5382 Luc.
3359 5341 3444 5380 xvi
3471 5367 3485 5392 ,
3517 5326 3604 5383 25.

1659 5471 1888 5525 νΑιιιΑῖ
1929 5471 2301 5528 LECTIONES
2342 5474 2426 5528 ET
2468 5475 2694 5532 ΝΟΤᾸΞ.

659 5618 758 5691 (ὅτι)
794 5619 893 5677 i'ro
927 5627 1036 5692 μετ’
1072 5623 1215 5677 imit.
1254 5625 1401 5681 codd.
1438 5623 1549 5678 Vat.
1586 5627 1686 5681 830
1721 5639 1764 5683 et
1805 5631 1907 5683 Alt.
1935 5628 2117 5684 habent

2223 5634 2293 5703 ἣτ’
2329 5636 2412 5686 ἀκ.
2441 5631 2649 5689 Possm.
