3992 6444
231 273 376 342 1465

1154 285 1690 352 EPISTOLARUM
1728 292 1876 354 LIB.
1913 295 1980 356 V.
2006 321 2077 332 -
2100 296 2338 359 EPIST.
2379 299 2664 363 CCXXII.

3386 298 3522 361 1466

224 387 488 460 Λάζαρος
527 391 594 447 τά
631 397 778 450 κακά
802 415 816 430 ·
867 418 886 450 ι
923 400 1242 465 τουτέστιν,
1274 402 1337 456 Et
1370 402 1695 476 πέπρακταί
1731 408 1816 463 σοί

1921 409 2084 476 Quasi
2130 411 2384 466 diceret?
2434 413 2489 466 Si
2540 413 2669 480 quid
2725 412 2850 466 boni
2916 411 2967 466 in
3017 411 3126 464 vita
3175 409 3387 472 iecisti,
3419 411 3525 464 hoc

222 497 282 532 τι
317 483 592 553 χρηστὸν,
631 485 777 540 τοῦτ’
803 489 1150 562 ἀπείληφας,
1193 495 1483 566 τρυφήσας
1515 497 1611 551 καὶ
1656 497 1820 570 μηδε-

227 573 370 641 μιᾶς
411 573 694 644 πειραθεὶς
739 579 1064 652 μεταϐολῆς.
1114 583 1179 638 Εἰ
1220 583 1279 637 δέ
1327 602 1379 638 τι
1427 587 1671 660 κάκείνῳ
1717 607 1818 644 πε-

222 662 661 735 πλημμέληται,
711 669 857 722 τοῦτ’
882 672 1184 745 ἀπείληφεν
1200 677 1259 729 ὲν
1292 679 1357 747 τῇ
1391 677 1818 752 άπαραμυθήτῳ

224 757 397 827 πενίᾳ
433 755 907 831 δεδαπανημένος⁸
951 766 1080 836 περὶ
1113 767 1170 820 δὲ
1201 767 1310 821 τῶν
1346 769 1629 826 κάνταῦθα
1655 772 1819 827 δεδωο

225 849 411 902 κότων
450 849 646 922 δίκην,
692 855 856 908 κιΞικεῖ.⁹
884 856 1199 925 δωσόντων,
1245 862 1409 927 αὐτὸς
1439 865 1468 917 6
1507 865 1708 936 κριτὴς
1757 868 1818 921 ὲν

226 939 591 1032 Etiamnum;
644 944 1002 1015 ἀπεφήνατοο
1057 969 1076 1002 ι
1113 953 1498 1028 ’Δνεκτότερον
1541 958 1694 1013 ἔσται
1741 963 1811 1032 γῇ

225 1029 483 1124 Σοδόμων
520 1035 614 1124 καὶ
637 1036 948 1111 Γομόρρων,
982 1042 1014 1114 ἢ
1066 1047 1134 1114 τῇ
1180 1045 1333 1099 πόλει
1388 1049 1589 1124 ἐκείνῃ.
1632 1071 1650 1104 ι
1684 1029 1820 1106 Kai-

225 1136 310 1173 τοι
339 1123 623 1178 κάνταῦθα
641 1125 905 1184 δεδώκασι
933 1131 1094 1203 δίκην
1125 1136 1220 1189 καὶ
1245 1123 1654 1208 Σοδομῖταιίκαὶ
1693 1143 1819 1198 ἰου-

224 1209 402 1302 δαίοι,
435 1213 484 1265 oi
522 1215 623 1283 μὲν
669 1221 804 1289 πυρὶ
831 1221 1259 1292 δαπανηθέντες,
1286 1228 1332 1280 oi
1368 1227 1427 1281 δὲ
1457 1228 1680 1302 πολέμῳ
1721 1234 1819 1287 καὶ

225 1297 397 1392 λιμῷῗ
422 1303 841 1374 παραδοθέντες,
893 1312 987 1363 καὶ
1018 1314 1099 1376 εἰς
1144 1317 1414 1388 τοσαύτην
1446 1297 1685 1392 ἀπορίαν
1719 1339 1821 1376 κα-

225 1391 565 1458 ταστάντες,
597 1397 674 1460 ὼς
722 1401 814 1451 καὶ
836 1399 946 1452 τῶν
977 1405 1198 1460 οἰκείων
1229 1407 1533 1474 γεύσασθαι
1562 1391 1778 1466 παίδων
1801 1429 1816 1444 ·

224 1480 450 1548 πάντως
472 1485 583 1559 γάρ
601 1488 694 1544 ὑπ’
719 1489 940 1562 ὀδόντας
963 1492 1188 1564 ὲλθείνή
1220 1498 1437 1572 ἀνάγκη
1466 1501 1814 1567 ὲξεϐιάσατο.

701 1699 872 1755 xm.
909 1731 979 1744 ρ-
1017 1702 1104 1774 Τῼ
1144 1703 1346 1776 arm.

1923 505 2176 574 recepisti
2197 504 2526 572 deliciando,
2547 505 2860 575 nullamque
2881 515 3169 572 exspectas
3189 502 3516 557 mercedem.

1921 593 1976 648 Si
2004 595 2134 666 quid
2172 608 2301 649 vero
2331 611 2358 648 a
2399 597 2608 650 Lazaro
2650 595 2969 650 humanitus
3009 601 3094 650 est
3136 593 3517 657 commissum,

1920 686 2198 754 expiatum
2235 687 2286 739 id
2336 686 2406 740 ab
2453 684 2835 742 inconsolabili
2888 686 3070 752 inopia
3129 683 3518 751 propemodum

1920 775 2226 845 absumpto.
2257 775 2332 831 De
2354 777 2422 832 iis
2439 791 2571 831 vero
2594 777 2683 846 qui
2711 776 2800 830 hic
2823 790 3014 847 pmuas
3045 775 3333 835 dederunt,
3370 773 3520 825 luent

1920 881 2052 920 vero
2093 869 2235 921 etin
2283 867 2455 923 altera
2505 868 2641 934 vita,
2694 878 2929 924 testatur
2977 879 3031 921 et
3087 868 3205 936 ipse
3248 865 3412 932 jtnlex
3466 865 3518 916 in

1919 955 2227 1029 Evangeliis
2262 978 2277 1015 :
2315 979 2334 1014 ι
2377 958 2742 1017 Tolerabilius
2781 961 2885 1014 erit
2924 969 3088 1013 teme
3148 955 3518 1011 Sodomorum

1918 1059 1976 1106 et
2033 1049 2514 1111 Gontorrhteorum
2552 1093 2568 1120 ,
2634 1067 2798 1122 quam
2862 1051 3071 1105 civitati
3128 1049 3203 1104 illi
3234 1049 3304 1102 εί.
3346 1067 3364 1099 ι
3409 1045 3517 1098 Eni

1919 1156 2052 1198 vero
2100 1143 2317 1199 luerunt
2352 1156 2408 1201 et
2453 1145 2544 1200 hic
2594 1143 2889 1199 Sodomita:
2939 1153 3104 1211 atque
3173 1140 3342 1196 Judari
3371 1178 3386 1201 ,
3447 1141 3518 1191 ili;

1918 1231 2139 1300 quidem
2190 1233 2402 1287 caelesti
2464 1232 2589 1302 igne
2636 1232 2980 1300 consumpti;
3036 1231 3086 1284 hi
3123 1244 3252 1283 vero
3287 1227 3425 1280 bello
3471 1236 3516 1277 ri

1919 1321 2062 1376 fatue
2096 1323 2291 1388 attriti,
2325 1324 2392 1377 ad
2415 1337 2557 1386 eam,
2595 1321 3037 1388 inquam,adacti
3068 1321 3311 1374 ciiml'tlltl
3348 1332 3516 1385 penn-

1919 1411 2080 1477 riam,
2115 1422 2175 1465 ut
2214 1423 2267 1467 et
2305 1412 2508 1467 liberos
2553 1412 2760 1469 obsessi
2808 1427 2837 1465 a
2875 1411 3136 1465 Romanis
3178 1409 3517 1463 devorariul.

1919 1498 2114 1556 Omnia
2141 1501 2285 1557 enim
2319 1511 2378 1556 ut
2405 1502 2658 1557 dentibus
2698 1511 2976 1564 vorarent,
3004 1513 3216 1556 summa
3255 1493 3520 1567 compulit

1918 1601 2149 1664 egestas.

2401 1705 2660 1764 CCXXII.
2690 1735 2760 1747 -—
2785 1703 3016 1760 EIDEII.

913 1792 992 1847 De
1023 1795 1208 1848 eadem
1241 1812 1317 1860 re,
1346 1797 1401 1850 in
1436 1798 1689 1852 mercedis
1728 1797 2116 1854 distributione.
2154 1797 2317 1869 (Vide
2349 1801 2500 1863 epist.
2540 1799 2627 1863 78,
2662 1797 2814 1868 502.)

300 1913 488 1987 Ὅπερ
515 1917 710 1988 πρώην
735 1921 988 1992 περὶτῶν
1015 1923 1438 1995 ἁμαρτημάτων
1466 1925 1626 1997 ἔφην,
1657 1927 1819 1981 τοῦτο

1991 1927 2143 1996 Quod
2178 1945 2350 1998 nuper
2384 1927 2452 1982 de
2497 1928 2743 1998 peccatis
2788 1932 3162 1997 scripseram,
3194 1922 3336 1976 idem
3377 1936 3524 1975 nunc

223 2005 323 2058 νῦν
355 2005 487 2074 περὶ
528 2007 640 2059 τῶν
689 2012 1133 2081 κατορθωμάτων
1164 2016 1314 2086 ἐρᾶν
1364 2017 1446 2069 ὅτι
1501 2019 1676 2089 μικρὰ
1723 2019 1820 2072 καὶ

221 2096 422 2167 εὐτελῆ
469 2100 868 2171 κατορθώσας,
923 2108 973 2158 εί
1025 2107 1324 2162 ἀπολαύσει
1379 2109 1526 2173 τινὸς
1573 2110 1816 2180 χρηστοῦ

221 2188 480 2251 ενταῦθα,
512 2191 700 2258 ἀφέξει
739 2194 829 2246 τὸν
857 2196 1064 2265 μισθόν;
1095 2198 1155 2250 Εἰ
1183 2199 1238 2251 δὲ
1273 2200 1487 2270 μεγάλα
1519 2204 1614 2254 καὶ
1648 2204 1819 2274 ὑπερ-

222 2282 338 2350 φυῆ
387 2283 482 2336 καὶ
521 2285 956 2357 ἀξιοθαύμαστα,
1009 2292 1235 2343 κάκεῖσε
1288 2293 1665 2363 ἀπολήψεται,
1719 2311 1818 2362 με·

220 2373 394 2444 τρίως
441 2374 560 2443 μὲν,
599 2379 649 2429 εί
685 2379 962 2434 κάνταῦθα
995 2382 1288 2453 ἀπείληφε.
1327 2385 1400 2437 Τὸ
1442 2386 1551 2456 γάρ
1579 2385 1820 2440 ἐνταῦθα

221 2465 414 2518 λαϐεῖν
460 2467 824 2538 ὑποτέμνεται
857 2471 1052 2542 μισθοῦ
1091 2475 1257 2544 μέρος
1286 2476 1347 2528 ού
1379 2480 1576 2548 μικρόν
1602 2496 1615 2508 ·
1649 2479 1819 2550 ὑπερ‹

219 2556 529 2622 ὅαλλύντως
563 2560 643 2625 δὲ,
693 2563 742 2613 εί
773 2562 849 2633 μὴ
890 2565 1214 2635 ἀπείληφεν.
1248 2568 1358 2621 Καὶ
1393 2571 1440 2621 εί
1490 2569 1692 2640 βούλει,
1727 2570 1817 2625 διὰ

220 2649 670 2719 παραδείγματος
716 2654 1000 2723 σαφηνίσω
1047 2657 1107 2709 τὸ
1153 2657 1469 2728 λεγόμενον.
1529 2661 1817 2715 Ἔστωσαν

220 2739 539 2804 ὑποθέσεως
581 2741 745 2812 χάριν
791 2743 886 2797 δύο
924 2744 1162 2811 δίκαιοι,
1215 2749 1376 2818 ἄκροι
1428 2751 1528 2821 τὴν
1575 2752 1814 2822 ἀρετήν⁹

220 2832 340 2885 ἀλλ’
388 2835 418 2887 6
475 2833 574 2903 μὲν
611 2833 846 2888 ἐνταῦθα
896 2836 1235 2904 πλουτείτω,
1290 2842 1319 2892 6
1371 2840 1427 2893 δὲ
1467 2842 1754 2896 πενέσθω·
1790 2846 1819 2897 6

224 2922 330 2993 μὲν
367 2923 709 2989 δοξαζέσθω,
743 2927 771 2978 ό
803 2926 860 2979 δὲ
893 2928 1237 2999 ύ6ριζέσθω’
1286 2931 1316 2983 6
1353 2932 1454 3001 μὲν
1497 2932 1653 3003 παρὰ
1681 2936 1818 2988 πάν-

219 3031 334 3068 των
379 3016 733 3078 ἐπαινείσθω,
769 3019 798 3072 6
826 3018 884 3071 δὲ
931 3020 1324 3090 κωμῳδείσθω.
1365 3016 1512 3092 Ἀρα
1549 3025 1818 3079 ἀπελθόν-

221 3121 320 3166 τες
380 3106 498 3158 ἐκεῖ
557 3107 652 3159 τὸν
697 3103 816 3161 ἴσον
862 3108 1127 3180 λήψονται
1183 3112 1492 3179 στέφανον;
1542 3113 1618 3167 Οὔ
1676 3132 1818 3185 φημι

221 3196 403 3291 ἔγωγε
426 3239 440 3261 ,
484 3193 663 3291 καίτοι
704 3198 858 3291 ίσους
883 3202 1212 3291 γεᾼὲαυτοὺς
1242 3201 1455 3273 ἔφαμεν
1501 3200 1644 3258 εἶναι
1674 3206 1818 3260 κατά
1846 3234 1889 3291 C

219 3287 317 3341 τὸν
343 3288 443 3357 τῆς
471 3286 673 3359 ἀρετῆς
703 3287 894 3357 λόγον·
925 3289 1042 3343 ἀλλ’
1070 3291 1102 3362 ἠ
1151 3291 1249 3345 τοῦ
1279 3292 1519 3346 ἐνταῦθα
1553 3293 1672 3363 βίου
1721 3297 1811 3347 ἀν⁸

220 3379 444 3449 ωμαλία
468 3380 566 3450 τὴν
599 3381 823 3452 ἰσότητα
854 3383 954 3453 τῆς
993 3385 1200 3455 ἀρετῆς
1234 3385 1316 3448 είς
1341 3385 1404 3438 τὸ
1436 3385 1623 3440 ἄνισον
1643 3404 1813 3440 κατα-

226 3473 450 3542 στήσει·
495 3473 556 3525 οὒ
612 3472 708 3527 τοῦ
750 3473 1052 3529 ἀδεκάστου
1098 3477 1289 3549 κριτοῦ
1339 3477 1526 3532 ἄδικον
1579 3479 1816 3550 ψηφιου-

227 3560 415 3631 μένου,
472 3560 610 3614 ἀλλά
658 3563 738 3632 τῷ
793 3565 892 3635 μὲν
936 3565 1218 3620 κάνταῦθα
1264 3567 1427 3619 κάκεῖ
1477 3568 1568 3620 τὸν
1623 3569 1818 3637 μισθὸν

225 3652 785 3723 συμμετρησομένου,
822 3653 900 3724 τῷ
948 3655 1006 3707 δὲ
1041 3655 1282 3726 ἄκρατον
1331 3658 1432 3728 τὴν
1478 3659 1818 3728 εὐφροσύνην

227 3742 664 3813 βεϐαιώσαντος·
709 3743 916 3797 δίκαιον
966 3747 1076 3817 γὰρ
1119 3747 1356 3800 τοσαῦτα
1403 3748 1504 3819 μὲν
1539 3749 1820 3820 κατορθώ-

229 3851 426 3898 σαντα,
463 3834 537 3905 μὴ
581 3834 693 3888 τῶν
725 3836 908 3889 αὐτῶν
940 3836 996 3891 δὲ
1027 3838 1441 3901 ἀπολαύσαντα,
1483 3841 1692 3909 μείζονι
1724 3842 1819 3895 καὶ

225 3925 597 3996 λαμπροτέρῳ
631 3928 978 3999 κοσμηθῆναι
1016 3930 1291 4001 στεφάνῳ.
1330 3932 1406 3984 Ού
1442 3932 1602 4001 μόνον
1637 3933 1693 3985 δὲ
1725 3933 1818 3985 ἐπὶ

226 4018 338 4071 τῶν
381 4021 853 4090 κατορθωμάτων,
885 4016 931 4075 ὦ
975 4024 1238 4094 μακάριε,
1269 4024 1406 4078 ἀλλὰ
1450 4026 1545 4078 καὶ
1585 4028 1676 4079 ἐπὶ
1709 4027 1818 4080 τῶν

225 4110 644 4182 ἁμαρτημάτων
680 4113 742 4166 τὸ
783 4113 918 4167 αὐτὸ
945 4116 1250 4173 ἀκολουθεῖ.
1280 4117 1568 4173 Ἔστωσαν
1601 4118 1731 4190 γὰρ,
1767 4123 1818 4175 εί

224 4200 400 4262 δοκεῖ,
428 4201 524 4254 δύο
545 4203 886 4274 ἁμαρτωλοὶ,
910 4207 992 4269 είς
1020 4207 1193 4279 αὐτὴν
1219 4208 1320 4280 τῆς
1349 4209 1551 4273 κακίας
1573 4209 1817 4279 φθάσαν-

223 4308 319 4356 τες
338 4291 439 4360 τὴν
469 4294 737 4366 κορυφὴν,
757 4295 833 4360 ὡς
867 4297 1038 4368 μηδὲν
1058 4299 1246 4371 ἕτερον
1272 4299 1462 4372 ἑτέρου
1493 4301 1776 4373 διαφέρειν
1800 4318 1815 4333 ο

223 4375 301 4435 ὧν
322 4382 351 4434 6
378 4382 476 4454 μὲν
494 4384 814 4451 πλουτείτω,
839 4389 867 4440 ὁ
886 4388 942 4442 δὲ
966 4391 1298 4461 πτωχευέτω
1323 4408 1336 4420 ’
1367 4392 1398 4444 6
1421 4393 1520 4462 μὲν
1541 4393 1816 4465 τιμάσθω,

226 4475 254 4526 6
281 4472 338 4527 δὲ
363 4474 668 4546 ὑϐριζέσθω
687 4493 702 4508 '
726 4481 755 4532 ό
778 4479 878 4549 μὲν
907 4483 1145 4553 ἀρχέτω,
1173 4485 1201 4537 6
1222 4484 1278 4536 δὲ
1308 4484 1645 4549 κολαζέσθω.
1671 4482 1819 4559 τΑρα

1921 2023 1990 2076 de
2017 2022 2176 2076 bouis
2208 2021 2386 2089 dicam
2421 2017 2666 2073 moribus
2698 2035 2711 2070 :
2748 2017 2890 2086 quod
2916 2017 3008 2085 qui
3041 2028 3207 2084 parva
3253 2023 3308 2065 et
3343 2011 3520 2064 facilia

1923 2123 2073 2170 recte
2103 2111 2360 2183 gesserit,
2408 2112 2452 2164 si
2483 2111 2613 2179 quid
2661 2117 2748 2163 est
2777 2108 2902 2161 boni
2933 2105 3162 2172 adeptus
3182 2143 3196 2165 ,
3235 2102 3519 2172 przeminm

1923 2203 2128 2258 retulit.
2153 2202 2225 2254 At
2255 2199 2346 2269 qui
2387 2210 2577 2268 magna
2608 2207 2664 2250 et
2691 2194 3010 2249 admiranda
3036 2193 3251 2254 fecerit,
3287 2188 3521 2258 accipiet

1921 2296 2277 2350 nihilominus
2313 2302 2368 2346 et
2413 2292 2522 2344 illic
2565 2291 2874 2344 mercedem
2902 2324 2918 2350 ,
2957 2286 3058 2340 etsi
3096 2283 3390 2338 mediocria
3431 2284 3521 2334 hic

1923 2388 2086 2442 fuerit
2117 2394 2464 2441 consecutus.
2493 2382 2597 2438 Hic
2641 2381 2791 2436 enim
2841 2379 3001 2450 potiri
3034 2389 3119 2432 est
3156 2392 3262 2429 non
3293 2389 3518 2444 parvam

1921 2479 2196 2535 mercedis
2262 2478 2511 2544 accipere
2587 2474 2917 2543 portionem.
2972 2469 3332 2523 Abundanter
3390 2479 3520 2518 vero

1923 2567 2406 2634 renituneraliiiur,
2439 2567 2484 2620 si
2519 2566 2660 2619 nihil
2704 2563 3000 2631 acceperit.
3035 2562 3088 2614 ld
3116 2575 3215 2626 ego
3245 2556 3518 2624 exemplo,

1920 2664 1964 2716 si
2001 2661 2070 2714 ita
2101 2660 2395 2724 videbitur,
2427 2656 2756 2725 explanabo.
2806 2653 2950 2716 Sint,
2990 2650 3141 2705 verbi
3177 2651 3379 2719 gratia,
3415 2647 3521 2700 duo

1914 2753 2045 2823 justi
2097 2753 2301 2805 virtute
2354 2751 2592 2802 maxime
2639 2745 2852 2815 praediti
2892 2763 2906 2798 :
2947 2759 3087 2796 unus
3146 2743 3322 2804 dives,
3380 2739 3522 2792 alter

1922 2847 2101 2914 inops.
2153 2843 2246 2896 llle
2297 2841 2537 2897 celebris
2605 2839 2722 2903 sit,
2783 2837 2872 2891 hic
2940 2835 3140 2905 injuria
3213 2840 3518 2900 prematur.

1921 2936 2197 2991 Landetur
2247 2933 2334 2988 ille
2386 2947 2484 3001 per
2536 2931 2744 2992 omnia,
2792 2930 2881 2983 hie
2933 2927 3386 2995 repreheinlatnr.
3436 2924 3519 2975 An

1924 3027 2065 3082 forte
2115 3026 2243 3081 hinc
2297 3026 2566 3078 abeuntes
2618 3023 2737 3091 pari
2783 3019 3088 3084 aﬂicientur
3117 3015 3365 3070 corona?
3400 3013 3518 3068 Non

1924 3118 2181 3186 equidem
2242 3114 2501 3167 existimo
2536 3151 2552 3175 ,
2614 3111 2717 3165 etsi
2778 3109 2995 3162 virtutis
3067 3106 3281 3160 ratione
3361 3120 3521 3174 pares

1925 3206 2196 3262 dixerim?
2226 3205 2320 3259 sed
2352 3205 2476 3258 vita:
2506 3204 2610 3256 lntc
2641 3201 2903 3256 traducta:
2932 3200 3072 3255 ratio
3101 3198 3285 3267 dispar
3303 3196 3522 3250 virtutis

1923 3299 2292 3368 mqtialitatem
2352 3297 2419 3350 ad
2459 3293 2886 3363 inarqualitatcm
2934 3292 3189 3354 adducet,
3221 3289 3404 3356 judice
3439 3291 3521 3341 in-

1921 3400 2177 3458 corrupto
2230 3389 2474 3458 iniquum
2529 3387 2660 3440 nihil
2706 3393 3016 3449 statuente,
3050 3382 3148 3438 sed
3207 3383 3295 3437 hic
3327 3380 3523 3436 etillic

1922 3482 2201 3552 praemium
2255 3481 2451 3546 cuique
2495 3479 2809 3543 ordinante,
2873 3489 2982 3545 quo
3039 3490 3244 3530 meram
3299 3475 3524 3542 augebit

1923 3573 2185 3627 lmiitimn.
2208 3571 2372 3642 627
2399 3569 2634 3637 Ᾱὶιιιιιιηι
2653 3570 2800 3625 enim
2830 3580 2951 3625 erat
2980 3579 3265 3638 tantopere
3287 3568 3522 3636 castiga-

1924 3675 2036 3716 tum
2083 3662 2354 3725 moribus,
2384 3675 2560 3725 neque
2586 3661 2674 3712 hic
2697 3661 2888 3714 eadem
2921 3650 3072 3713 bona
3090 3659 3374 3727 adeptum,
3402 3673 3522 3711 ina—

1921 3751 2039 3821 jore
2079 3760 2243 3819 atque
2284 3750 2582 3804 illustriore
2628 3751 2812 3804 ornari
2856 3763 3080 3805 corona.
3108 3749 3338 3814 ldem,o
3375 3748 3517 3804 bone

1921 3847 2036 3909 vir,
2081 3859 2185 3898 non
2236 3843 2289 3898 in
2337 3843 2500 3911 jnstis
2559 3842 2719 3895 modo
2766 3842 2946 3908 valet,
2997 3843 3093 3898 sed
3124 3853 3178 3897 et
3215 3841 3524 3908 peccatori-

1922 3938 2022 3990 bus
2066 3935 2343 3990 usuvenit.
2389 3933 2613 3996 Demus,
2655 3933 2699 3987 si
2731 3933 2950 3987 videtur
2977 3973 2990 3994 ,
3024 3933 3152 3986 boui
3178 3933 3392 3985 delictis
3414 3931 3524 3986 sint

1919 4027 2150 4082 obnoxii
2183 4027 2487 4095 eodemque
2515 4025 2569 4077 in
2596 4025 2764 4093 gradu
2799 4033 3145 4093 peccatorum
3200 4023 3519 4090 constituti;

1919 4129 2116 4175 neuter
2163 4131 2295 4173 vero
2343 4120 2575 4172 alterum
2629 4115 2864 4172 crimine
2910 4111 3115 4179 vincat,
3154 4131 3391 4185 quorum
3433 4115 3523 4168 hic

1920 4213 2140 4284 quidem
2209 4212 2280 4267 sit
2344 4209 2630 4279 locuples,
2685 4208 2824 4263 alter
2883 4207 3101 4276 inops?
3160 4207 3260 4264 llic
3309 4207 3512 4276 injuria

1921 4313 2223 4377 prematur,
2281 4301 2489 4358 honore
2540 4315 2674 4356 vero
2726 4298 2816 4355 ille
2870 4298 3158 4355 aﬂiciatur.
3214 4297 3367 4354 Unus
3394 4313 3521 4354 cum

1921 4396 2152 4468 hnperio
2197 4395 2303 4460 sit,
2347 4394 2650 4462 castigetur
2698 4393 2858 4448 alter.
2911 4393 2993 4448 An
3039 4392 3202 4463 igitur
3245 4393 3416 4446 altera
3466 4391 3520 4445 in

1922 4490 2026 4543 vita
2062 4488 2254 4544 eadem
2300 4488 2411 4542 sint
2476 4501 2639 4556 pinna
2691 4483 3006 4555 plecteudi?
3065 4483 3291 4538 minime
3345 4496 3517 4545 vero,

227 4564 561 4629 ἀπελθόντες
583 4571 700 4622 ἐκεῖ
720 4569 816 4640 τὴν
840 4572 1009 4644 αὐτὴν
1039 4573 1269 4628 δώσουσι
1292 4574 1449 4646 δίκην
1474 4595 1489 4642 ς
1515 4579 1615 4632 ούκ
1639 4578 1815 4647 ἔγωγε

1926 4583 2140 4636 tametsi
2171 4593 2330 4649 pares
2353 4578 2565 4633 delictis
2585 4579 2840 4632 dixerim.
2867 4575 2976 4630 Sed
3002 4576 3162 4646 hujus
3186 4576 3311 4628 vita}
3339 4583 3519 4628 statua

228 4650 420 4724 οἶμαι,
481 4658 662 4712 καίτοι
709 4661 854 4726 ῐσους
898 4680 961 4732 γε
1010 4665 1210 4728 αὐτοὺς
1257 4664 1466 4737 ἔφημεν
1498 4664 1636 4721 εἶναι
1677 4669 1816 4723 κατά

227 4748 322 4800 τὸν
351 4748 450 4818 τῆς
487 4751 688 4814 κακίας
716 4751 874 4822 λόγον
895 4771 908 4785 ·
941 4755 1058 4809 ἀλλ’
1091 4757 1124 4823 ὴ
1167 4757 1263 4811 τοῦ
1308 4759 1542 4813 ἐνταῦθα
1575 4761 1691 4831 βίου
1719 4780 1816 4815 κα-

228 4840 492 4904 τάστασις
516 4840 614 4913 τὴν
649 4843 869 4915 ἰσότητα
899 4846 999 4918 τῆς
1025 4850 1221 4914 κακίας
1251 4850 1435 4905 ἄνισον
1471 4854 1550 4916 εἰς
1586 4853 1678 4906 τὸν
1712 4853 1815 4922 τῆς

229 4931 581 4997 ἀναστάσεως
625 4937 918 5006 ἀποφαίνει
956 4940 1171 5011 καιρὸν,
1207 4943 1268 4995 ού
1309 4946 1408 5014 τῆς
1441 4943 1598 5016 δίκης
1642 4945 1705 4997 τὸ
1739 4946 1819 4998 δί-

232 5039 387 5075 κακον
410 5025 818 5099 παροψομένης,
847 5030 983 5084 ἀλλὰ
1006 5031 1085 5103 τῷ
1113 5033 1214 5103 μὲν
1231 5035 1508 5088 κάνταῦθα
1535 5038 1698 5092 κάκεῖ
1721 5038 1819 5108 τὴν

231 5115 504 5186 τιμωρίαν
538 5124 1091 5194 συμμετρησομένης,
1118 5125 1196 5196 τῷ
1229 5125 1285 5180 δὲ
1314 5127 1431 5180 ἐκεῖ
1462 5128 1572 5198 (50)
1601 5131 1818 5200 ἀπαραο

238 5206 482 5277 μύθητον
511 5209 608 5277 τὴν
638 5211 859 5266 κόλασιν
898 5217 1298 5289 ψηφιουμένης.
1333 5220 1548 5274 Δίκαιον
1585 5222 1693 5292 γάρ
1725 5223 1816 5274 τὸν

1928 4671 2148 4728 malitia:
2185 4668 2554 4739 mqualitalem
2589 4668 2719 4723 facit
2756 4669 2809 4722 in
2852 4666 3114 4736 aequalem
3167 4677 3430 4736 apparere
3464 4665 3516 4717 in

1929 4764 2330 4819 resurrectione
2387 4761 2610 4825 carnis,
2661 4776 2767 4815 non
2814 4759 3023 4827 jnstitia
3080 4759 3288 4828 justum
3341 4756 3517 4823 ipsum

1928 4863 2240 4925 Spe-ruente,
2297 4853 2390 4907 sed
2447 4850 2608 4917 hujus
2639 4850 2764 4904 vita:
2796 4849 3123 4918 supplicium
3177 4861 3300 4901 cum
3338 4846 3510 4897 [utim-

1927 4953 2437 5007 cununensnrante;
2513 4941 2669 4996 alteri
2744 4956 2872 4996 vero
2934 4939 3005 4992 ibi
3066 4937 3515 4992 iucunsulabilem

1926 5051 2140 5105 ιιωιιίιιιι
2195 5042 2488 5089 statuente.
2524 5029 2742 5087 Justum
2775 5040 2857 5086 est
2882 5030 3027 5086 enim
3072 5029 3258 5082 eadem
3295 5025 3516 5094 quidem

1925 5130 2233 5191 facientem,
2277 5142 2381 5180 non
2431 5130 2619 5181 eadem
2665 5135 2845 5180 tamen
2882 5138 3198 5196 perpessum
3233 5119 3518 5191 graviores

1923 5225 1987 5274 da
1997 5239 2053 5276 re
2086 5237 2287 5288 pronas.

234 5300 308 5355 τὰ
339 5300 482 5356 αὑτά
515 5303 615 5372 μὲν
643 5305 960 5376 δεδρακότα,
1004 5310 1079 5382 μὴ
1125 5311 1194 5365 τὰ
1227 5313 1366 5366 αὐτὰ
1396 5314 1447 5367 δί
1487 5315 1812 5380 πεπονθότα,
1861 5315 2080 5385 μείζονα
2107 5313 2290 5368 δοῦναι
2325 5309 2506 5378 δίκην.

309 5419 352 5452 ⁶¹
382 5415 572 5473 Matth.
603 5436 660 5483 ι,
687 5421 778 5478 15.

503 5567 532 5622 \
1340 5535 1572 5594 VAHIE
1606 5538 1991 5596 LECTIONES
2033 5538 2116 5592 ET
2157 5537 2393 5594 NOTAE.

316 5693 426 5755 (50)
478 5693 580 5749 Pro
621 5692 752 5766 τῷδε
790 5694 948 5749 audio
989 5695 1148 5750 iidem
1198 5695 1354 5751 codd.
1402 5696 1641 5752 scribunt
1679 5695 1787 5750 τῶν
1824 5696 1835 5749 ἐ

1925 5698 2027 5762 κεῖ,
2058 5705 2161 5750 etc.
2195 5694 2407 5752 Possm.
