3992 6426
1743 225 1784 282 S
1845 225 1914 284 IS

549 225 686 294 “67
755 338 1129 397 CCXXlil.-
1161 331 1554 392 HARPOCBE
1585 333 1914 391 RHETORI.

1743 223 1784 282 S
1845 221 2136 284 lSlDORI
2173 220 2611 285 PELUSIOT/E

2501 331 2669 385 sum
2723 361 2791 374 —
2838 329 3161 401 ΔΡΠΟΚΡᾼ
3191 330 3504 403 suum.

553 450 812 506 Virtutem
833 453 1006 518 potius
1031 465 1144 504 cum
1173 448 1600 514 adversitatibus,
1637 465 1796 519 quam
1831 450 1954 503 vitia

2188 447 2499 584 ἱῗὲιῖἱιοιι,
2527 445 2762 500 colenda.
2797 443 3030 516 (Confer.
3058 447 3209 514 epist.
3248 445 3338 510 i8,
3365 443 3461 509 68,
3497 441 3636 509 229.
3661 440 3785 508 τοι.

615 649 740 705 Scio
779 650 910 705 mihi
953 650 1145 718 partim
1193 649 1454 705 creditum
1492 664 1596 704 non
1653 651 1748 714 iri,
1806 651 2106 718 partimque

543 738 834 808 hyperbole
876 739 1098 792 videbor
1129 738 1224 803 uti,
1261 738 1362 792 nisi
1407 752 1583 792 meum
1611 739 1824 793 noveris
1857 727 2058 802 morem
2087 756 2100 792 :

541 829 762 884 alterius
791 828 1020 884 fortasse
1048 844 1151 882 non
1183 829 1396 884 dixero.
1425 827 1558 883 Novi
1585 831 1782 885 etenim
1818 830 2102 899 plerosque

541 934 637 989 per
666 934 724 973 se
745 919 810 974 de
835 919 956 974 aliis
991 919 1133 975 ferre
1161 920 1337 975 solere
1373 919 1654 987 judicium.
1696 919 1824 974 Dico
1848 919 2102 975 libentius

541 1023 626 1062 me
654 1008 851 1064 bonum
886 996 1095 1078 agendo
1123 1010 1345 1064 adversa
1379 1009 1508 1079 pati.
1543 1025 1702 1079 quam
1729 1009 1866 1064 male
1897 1011 2102 1081 agendo

538 1101 808 1156 coronari.
867 1100 938 1155 Ut
984 1101 1125 1154 enim
1179 1111 1444 1156 transeam
1501 1102 1687 1156 virtuti
1732 1116 1984 1156 coronam
2043 1104 2096 1156 in

535 1189 702 1243 altera
756 1190 863 1242 vita
921 1190 1251 1258 repositam,
1307 1207 1518 1261 prunam
1586 1206 1715 1248 vero
1769 1193 2098 1271 improbitati

535 1289 913 1346 prmparatam,
957 1282 1128 1335 virtus
1159 1283 1385 1350 ipsamet
1413 1297 1612 1337 corona
1640 1298 1703 1338 ac
1727 1298 1935 1339 merces
1965 1285 2094 1338 mihi

535 1383 655 1422 esse
684 1368 926 1434 videtur,
966 1379 1021 1425 et
1065 1372 1251 1425 vitium
1295 1386 1417 1427 esse
1465 1373 1808 1442 supplicium.
1865 1372 1931 1428 Et
1988 1391 2095 1431 non

535 1458 934 1528 pneelegerim,
990 1462 1036 1516 si
1101 1463 1352 1517 virtutem
1402 1465 1616 1532 quidem
1651 1463 2092 1532 calumniantur;

535 1549 718 1602 vitium
766 1565 895 1605 vero
937 1551 1196 1606 extollunt
1225 1571 1238 1606 :
1267 1562 1324 1608 et
1383 1554 1528 1607 illam
1573 1555 1786 1623 quidem
1825 1557 2092 1622 deserere,

2281 640 2410 697 Οἶδα
2455 645 2535 697 ὅτι
2586 643 2735 714 παρά
2781 659 2940 696 τινων
2988 642 3086 712 μὲν
3117 643 3592 714 ἀπιστηθήσομαι,
3642 646 3792 714 παρά

2209 749 2372 786 τινων
2404 734 2459 788 δι
2498 732 2766 802 ὑπερσολῇ
2817 733 3121 804 κεχρῆσθαι
3165 733 3611 804 νομισθήσομαι·
3650 735 3791 804 πλὴν

2210 825 2327 877 ἀλλ’
2379 825 2678 895 ἐπειδήπερ
2731 821 2887 878 οἶσθά
2921 842 3023 894 μου
3079 825 3397 894 τὺντρόπον
3461 825 3635 896 (ἄλλο
3683 825 3791 896 γὰρ

2211 909 2339 975 ἴσως
2385 912 2485 966 οὐκ
2515 911 2581 966 ἂν
2635 909 2788 966 εἶπον
2813 928 2829 946 ο
2863 909 2980 966 οῖδα
3019 913 3128 984 γάρ
3156 913 3385 976 πολλοὺς
3426 914 3494 967 ἑκ
3525 913 3640 967 τῶν
3666 912 3792 968 καθ’

2206 1001 2434 1066 ἑαυτοὺς
2465 1005 2556 1056 καὶ
2583 1005 2683 1068 τὰς
2725 1005 2850 1076 περὶ
2872 1004 2980 1058 τῶν
3017 1005 3192 1059 ἀλλων
3219 1005 3488 1077 φέροντας
3521 1005 3788 1075 ψήφους).

2207 1095 2368 1162 φημὶ,
2398 1095 2482 1148 ὅτι
2509 1096 2909 1167 ἀσμενέστερον
2940 1095 3051 1166 (51)
3098 1099 3303 1168 ἀρετὴν
3333 1098 3522 1152 ἀσκῶν
3554 1096 3792 1152 ἐνταῦθα

2205 1184 2399 1255 πάσχω
2448 1186 2652 1250 κακῶς,
2681 1186 2712 1258 ῆ
2762 1188 2963 1242 κακίαν
2996 1187 3196 1258 μετιὼν
3234 1187 3638 1259 στεφανοῦμαι.
3670 1190 3788 1242 Ἵνα

2203 1273 2311 1346 γὰρ
2339 1276 2495 1346 παρῶ
2516 1278 2605 1330 τὸν
2641 1277 2905 1348 στέφανον
2953 1280 3044 1333 τὸν
3066 1282 3132 1352 τῇ
3167 1281 3334 1352 ἀρετῇ
3380 1282 3561 1333 cateias
3592 1279 3790 1352 εὔτρε-

2201 1364 2479 1432 πισθέντα,
2514 1368 2608 1420 καὶ
2660 1367 2758 1440 τὴν
2807 1370 3030 1424 κόλασιν
3080 1369 3181 1441 τὴν
3229 1372 3298 1441 τῇ
3330 1370 3503 1442 κακίᾳ
3559 1371 3786 1440 ἑτοιμα-

2209 1454 2448 1521 σθιῖσαν,
2503 1457 2640 1528 αὑτὴ
2685 1460 2719 1529 ἡ
2768 1459 2937 1529 ἀρετὴ
2972 1461 3233 1528 στέφανος
3273 1454 3418 1512 εἷναί
3475 1475 3567 1529 μοι
3607 1458 3781 1522 δοκιτ,

2199 1547 2292 1598 καὶ
2320 1547 2354 1616 η
2386 1545 2553 1600 κακία
2607 1548 2848 1613 κόλασις.
2900 1551 3012 1604 Καὶ
3051 1550 3150 1604 οὐκ
3185 1551 3251 1603 ἀν
3297 1550 3548 1621 ἑλοίμην,
3586 1552 3637 1605 εί
3679 1552 3782 1622 τὴν

534 1639 635 1692 huc
685 1655 814 1694 vero
858 1642 1130 1710 amplecti.
1175 1642 1650 1698 verumenimvero
1696 1645 1833 1700 banc
1883 1646 2096 1715 quidem

2204 1635 2304 1702 μὲν
2337 1635 2539 1706 ἀρετὴν
2589 1635 2857 1708 ὑδρίζοιέν
2898 1655 3063 1706 τινες,
3110 1640 3210 1711 τὴν
3244 1639 3300 1692 δὲ
3330 1640 3534 1694 κακίαν
3577 1657 3782 1712 στεφα-

533 1727 723 1794 iujuria
753 1729 876 1784 licet
905 1731 1151 1785 atiectam
1170 1731 1467 1800 amplector
1491 1745 1546 1786 et
1580 1748 1721 1800 amo,
1741 1733 1926 1788 vitium
1946 1749 2094 1803 vero,

534 1819 748 1874 tametsi
778 1829 1118 1887 coronatum,
1151 1837 1406 1877 exsecror
1427 1835 1587 1893 atque
1610 1824 1715 1878 odi.

633 2015 908 2073 CCXX".
948 2047 1018 2060 —-
1059 2019 1364 2075 HYPATIO
1403 2020 1983 2081 liEMPUBUBLlCAM

1027 2089 1594 2147 ADMINleﬂANTI.

2202 1726 2363 1791 νοίιν,
2390 1727 2490 1797 τῆς
2532 1726 2632 1797 μὲν
2673 1728 3062 1800 ἀποφοιτῆσαι,
3109 1729 3208 1800 τῆς
3239 1730 3296 1785 δὶ
3344 1729 3738 1785 ἀντιλαϐέσθαι
3765 1747 3782 1762 ·

2198 1813 2335 1868 ἀλλά
2361 1815 2461 1885 τὴν
2493 1817 2592 1885 μὲν
2619 1817 2712 1871 καὶ
2746 1818 3104 1891 ὑϐριζομένην
3132 1821 3450 1891 ἀσπάζομαι
3483 1823 3577 1876 καὶ
3613 1822 3779 1891 φιλῶ,

2199 1905 2298 1977 τὴν
2327 1905 2384 1959 δὲ
2414 1907 2507 1959 καὶ
2552 1910 2995 1982 στεφανουμένην
3026 1911 3382 1984 βδελύττομαι
3413 1913 3507 1966 καὶ
3549 1913 3723 1984 μισῶ.

2407 2016 2574 2070 ΣΚΔν.
2606 2047 2677 2057 -
2703 2017 2962 2091 THAqu
2989 2019 3551 2094 ΠΟΛΙΤΕΥΟΜΕΝῼ.

1318 2206 1608 2259 Avaritiam
1645 2204 1968 2274 fugiendam.
2003 2208 2240 2282 (Confer.
2278 2213 2425 2282 epist.
2463 2214 2518 2276 8.
2566 2216 2655 2280 55,
2684 2216 2775 2283 67,
2823 2218 2968 2288 ιη.)

594 2330 1034 2404 Quandoquidem
1081 2337 1315 2400 dimcile,
1377 2340 1479 2394 hoc
1531 2348 1635 2404 est,
1680 2339 1963 2395 molestum
1995 2341 2083 2405 sit,

522 2422 610 2490 qui
644 2423 953 2480 divitiarum
984 2439 1173 2496 captus
1202 2445 1387 2484 amore
1423 2441 1528 2496 est,
1575 2432 1893 2500 resipiscere
1925 2431 2085 2503 (aegre

519 2518 664 2572 enim
711 2519 990 2573 emendari
1039 2529 1235 2589 potest,
1273 2536 1339 2576 ne
1387 2522 1587 2590 dicam,
1637 2523 2080 2580 inemendabilem

519 2604 817 2672 huiusmodi
863 2607 1028 2677 esse),
1059 2609 1191 2663 nihil
1225 2625 1330 2664 uon
1368 2611 1662 2680 agendum,
1709 2627 1776 2668 ne
1817 2615 1917 2669 hoc
1940 2615 2084 2670 malo

516 2697 770 2764 capiaris.
805 2696 1038 2752 Facilius
1063 2701 1206 2752 enim
1261 2710 1344 2754 eet
1389 2718 1495 2756 non
1540 2704 1678 2773 capi,
1710 2718 1869 2773 quam
1915 2705 2084 2762 semel

514 2795 729 2855 captum
761 2786 826 2841 ab
855 2802 919 2842 eo
949 2789 1136 2843 inorbo
1158 2789 1397 2845 liberari.

757 2914 1008 2971 CCXXV.
1045 2945 1114 2957 —
1141 2916 1478 2974 PALLADIO
1507 2919 1825 2975 DIACONO.

2272 2336 2498 2412 Ἐπειδὴ
2529 2343 2786 2413 χαλεπὸν,
2819 2346 3061 2400 τουτέστι
3091 2347 3367 2413 δύσκολον,
3397 2349 3492 2402 τὸν
3524 2351 3606 2415 είς
3633 2352 3772 2424 ιρω-

2192 2448 2262 2485 τα
2310 2431 2610 2503 χρημάτων
2654 2434 2966 2504 ἐμπεσόντα
3018 2436 3310 2492 ἀνανεῦσαι
3355 2437 3772 2513 (δυσδιόρθωτος

2190 2523 2321 2595 γὰρ,
2356 2525 2443 2579 ἵνα
2473 2525 2556 2596 μὴ
2581 2523 2722 2579 είπω
2745 2527 3099 2595 ἀδιόρθωτος,
3134 2531 3162 2584 ὀ
3190 2530 3430 2594 τοιοῦτος
3475 2531 3692 2601 γίνεται
3712 2535 3759 2605 ),

2188 2613 2368 2666 πάντα
2410 2614 2514 2685 χρὴ
2563 2615 2858 2684 πράττειν,
2920 2618 3060 2674 ὥστε
3087 2619 3187 2690 μὴ
3218 2619 3422 2674 ἁλῶναι
3474 2622 3556 2692 τῷ
3581 2623 3762 2694 δεινῷ.

2190 2702 2568 2775 Εὐκολώτερον
2588 2704 2696 2776 γὰρ
2725 2705 2800 2778 μὴ
2823 2707 3046 2773 ἀλῶναι,
3073 2709 3321 2780 ἢάλόντα
3347 2713 3765 2785 ἀνακτήσασθαι

2189 2791 2404 2850 ἑαυτόν.

2465 2926 2634 2980 Σκευ.
2665 2957 2735 2969 --
2767 2930 3110 3004 ΠΔΛΛΔΔΙῼ
3152 2933 3473 3007 ΔιΑκυΝᾳ.

515 3027 614 3093 Qui
639 3027 760 3080 bene
787 3030 1037 3096 paruerit,
1070 3031 1114 3084 is
1142 3039 1277 3084 recte
1320 3032 1612 3100 imperabit.
1653 3032 1826 3125 (ξιιᾳέ
1875 3032 2181 3125 Alristotuet
2210 3036 2312 3120 alii
2326 3055 2361 3125 ;-
2397 3040 2557 3125 iolla
2586 3043 2737 3112 epist.
2769 3044 2896 3114 455,
2922 3057 2970 3101 et
3005 3048 3078 3115 ibi
3127 3061 3307 3106 notam
3357 3054 3506 3125 σχολ,
3555 3054 3761 3116 ,ςίηιῑιίε

1694 3103 1816 3197 huic
1860 3103 1928 3156 ad
1966 3105 2201 3158 eumdem
2232 3108 2379 3175 epist.
2411 3108 2561 3180 275.)

582 3224 637 3278 Si
683 3225 934 3294 legibus,
995 3228 1190 3296 quibus
1244 3230 1550 3298 respublica
1612 3209 2104 3299 administratur,‘

2245 3236 2306 3289 Ei
2336 3237 2466 3299 τοὺς
2489 3239 2763 3312 ὑπηκόους
2787 3243 2897 3297 τῶν
2933 3245 3136 3315 νόμων,
3168 3250 3292 3302 καθ’
3321 3243 3401 3305 ὧν
3428 3253 3748 3314 πολιτεύον-

507 3315 674 3387 628
706 3318 974 3384 subjectos
1002 3319 1226 3376 minime
1266 3323 1522 3376 convenit
1557 3323 1906 3380 refractarios
1931 3339 2074 3390 esse,

508 3407 676 3461 multo
739 3409 915 3464 minus
964 3410 1054 3478 qui
1109 3411 1398 3479 imperant.
1475 3416 1588 3481 Qua
1657 3416 1800 3470 enim
1865 3417 2080 3472 ratione

507 3495 737 3550 subditis
786 3497 930 3566 leges
985 3511 1306 3568 proponent,
1368 3503 1448 3557 vel
1501 3503 1709 3570 justum
1759 3506 1827 3560 ab
1875 3505 2076 3575 injusto

506 3587 837 3651 discernent,
888 3591 978 3656 qui
1014 3590 1282 3659 imperare
1314 3593 1596 3648 nesciant?
1645 3594 1847 3650 Horum
1897 3597 2075 3666 itaque

504 3677 666 3732 rudes
697 3688 749 3732 et
797 3679 991 3746 ignari,
1021 3683 1220 3750 quique
1251 3685 1380 3737 nihil
1435 3693 1577 3740 recte
1611 3688 1876 3755 imperare
1911 3689 2072 3756 («land

504 3781 633 3820 sane
664 3783 855 3822 munus
900 3785 1006 3825 non
1051 3783 1133 3826 est
1161 3774 1433 3844 exiguum)
1467 3777 1770 3842 didicerint,
1821 3779 2074 3834 mandare

505 3856 552 3907 si
589 3857 996 3923 aggrediantur,
1028 3859 1167 3914 idem
1199 3861 1304 3916 illis
1337 3865 1761 3934 usuvenit,quod
1788 3868 2070 3936 aurigandi

503 3944 792 4015 imperitis,
820 3963 1009 4003 currus
1042 3954 1405 4006 conscendere
1427 3955 1597 4016 ausis,
1629 3957 1722 4024 qui
1748 3972 1804 4011 se
1825 3967 1876 4012 et
1906 3973 2074 4026 equos

501 4038 770 4104 perditum
800 4047 924 4092 cant
955 4057 968 4093 :
1000 4041 1081 4093 vel
1129 4043 1414 4112 navigandi
1464 4045 1692 4100 rudibus
1757 4047 1810 4100 in
1867 4059 2069 4103 tantam

499 4128 902 4192 erumpentibus
966 4131 1288 4186 dementiam
1323 4173 1336 4196 ,
1397 4143 1466 4188 -ut
1527 4136 1797 4206 ingentem
1880 4154 2067 4194 navem

499 4218 857 4284 gubernaculo
903 4236 1092 4291 regere
1144 4223 1269 4277 dum
1328 4233 1574 4287 tentant.
1636 4228 1689 4281 in
1747 4229 2066 4297 profundum

499 4307 671 4374 pelagi
705 4309 863 4362 simul
901 4310 1302 4379 demerganlur.
1350 4313 1604 4384 Quisquis
1629 4319 1808 4388 itaque
1836 4321 2068 4376 salutem

501 4407 646 4448 amat
680 4413 854 4462 suam,
886 4402 1060 4469 primo
1086 4417 1146 4458 se
1180 4405 1467 4460 multorum
1487 4408 1821 4464 subditorum
1845 4427 2070 4468 numero

499 4498 774 4558 aggreget.
811 4489 962 4555 Quod
1004 4493 1047 4547 si
1094 4495 1290 4550 nimius
1332 4497 1506 4564 ipsum
1563 4501 1858 4571 imperandi
1918 4519 2069 4558 amor

500 4575 775 4641 invaserit,
825 4579 971 4632 illum
1001 4597 1028 4634 a
1065 4596 1124 4637 se
1164 4585 1428 4652 repellat:
1465 4597 1555 4639 aut
1588 4588 1870 4657 imperium
1915 4599 2062 4647 recte

499 4665 721 4720 ferendo
775 4684 938 4738 posse
995 4681 1142 4727 recte
1204 4673 1472 4743 imperare
1525 4679 1730 4746 discat;
1779 4691 1832 4733 et
1883 4698 1947 4736 ne
1999 4698 2058 4738 se

500 4758 711 4826 negotio
759 4760 985 4826 ingerat.
1025 4762 1118 4816 Sin
1148 4766 1310 4832 adid
1347 4776 1566 4824 vocatus
1604 4769 1783 4836 fuerit,
1823 4785 2056 4836 reenset,

499 4847 542 4903 si
569 4847 680 4900 iieri
705 4851 892 4918 possit,
926 4854 1092 4908 satius
1115 4857 1254 4909 enim
1279 4874 1292 4923 ;
1317 4858 1399 4911 sin
1417 4874 1541 4915 vero
1579 4862 1680 4917 etsi
1713 4865 1811 4918 sub
1834 4866 2056 4936 legibus,

498 4935 764 5006 imperans
794 4939 1025 4997 obcdiet.

2178 3344 2304 3391 ται,
2349 3329 2608 3396 ἀνηκόους
2652 3327 2788 3386 εἶναι
2839 3334 2900 3386 οὐ
2958 3337 3084 3406 χρὴ,
3138 3338 3318 3409 πολλῷ
3373 3343 3580 3410 μᾶλλον
3626 3348 3754 3413 τοὺς

2180 3419 2370 3489 ἄρχειν
2401 3421 2697 3491 λαχόντας·
2739 3424 2856 3488 πῶς
2894 3426 3002 3497 γὰρ
3031 3426 3098 3480 ἂν
3138 3432 3252 3494 τοῖς
3279 3433 3609 3504 ἀρχομένοις
3640 3438 3758 3493 δια-ι

2179 3509 2440 3580 λεχθεῖεν.
2469 3512 2584 3581 ῆτὸ
2621 3513 2832 3568 δίκαιον
2855 3517 2920 3569 ἐκ
2953 3516 3046 3571 τοῦ
3093 3518 3278 3574 ἀδίκου
3309 3523 3671 3596 διακρίνοιεν,
3703 3532 3750 3584 oi

2181 3599 2316 3669 μηδὲ
2375 3600 2524 3663 ὅπως
2576 3601 2681 3672 χρὴ
2738 3603 2927 3674 ἄρχειν
2975 3607 3370 3678 ὲπιστάμενοις
3441 3615 3599 3670 Ὅσοι
3661 3615 3756 3673 οὖν

2178 3689 2384 3743 τούτων
2428 3690 2645 3760 ἄπειροι
2701 3693 2886 3758 ὄντες,
2933 3697 3026 3748 καὶ
3074 3698 3196 3752 οὐδὲ
3247 3702 3428 3768 καλῶς
3486 3706 3754 3778 ἄρχεσθαι

2181 3779 2588 3849 μεμαθηκότες’“
2618 3782 2732 3852 (καὶ
2782 3785 2940 3839 τοῦτο
2987 3787 3095 3859 γὰρ
3140 3791 3202 3843 οὐ
3259 3795 3496 3865 μικρὸν),
3564 3799 3755 3872 ἀρχειν

2177 3871 2561 3940 ἐπεχείρησαν,
2608 3874 2803 3928 ταυτὸν
2842 3877 3142 3932 πεπόνθασι
3185 3885 3300 3945 τοῖς
3351 3871 3614 3957 ἀπείροις
3654 3890 3752 3961 μέν

2175 3977 2278 4015 που
2312 3963 2518 4033 (52-55)
2543 3965 2795 4035 ἠνιοχεῖν,
2821 3966 3073 4038 ἑπιὸῆναι
3102 3972 3158 4024 δὲ
3181 3975 3294 4036 τοϊς
3320 3974 3530 4047 δίφροις
3550 3981 3751 4053 τολμή-

2175 4069 2321 4116 σασι,
2355 4053 2448 4106 καὶ
2470 4054 2696 4118 ἑαυτοὺς
2727 4058 2817 4110 καὶ
2839 4059 2964 4121 τοὺς
2989 4059 3189 4126 ἵππους
3223 4068 3710 4132 προσαπολέσασιν
3732 4091 3744 4104 ·

2171 4141 2336 4214 ἧτοῖς
2362 4146 2842 4216 ἀπειροθαλάττοις
2873 4150 2993 4219 μὲν,
3019 4154 3099 4216 είς
3145 4157 3414 4226 τοσαύτην
3457 4157 3514 4211 δὲ
3549 4163 3746 4230 μανίαν

2171 4232 2526 4302 ἑξοκείλασιν,
2571 4239 2646 4301 ὡς
2697 4240 2791 4291 καὶ
2844 4244 3195 4311 μυριαγωγὸν
3242 4246 3444 4301 ὁλκάδα
3499 4252 3745 4307 οίακίσαι

2170 4325 2538 4397 ἐπιχειρῆσαι,
2604 4330 2723 4400 μεθ’
2769 4327 2837 4402 ἦς
2867 4333 2946 4395 εἰς
2977 4333 3070 4385 τὸν
3116 4333 3276 4404 βυθὸν
3323 4339 3424 4407 τῆς
3474 4339 3744 4417 Θαλάττης

2171 4416 2472 4486 ἐχώρησαν.
2512 4419 2569 4472 '0
2588 4419 2766 4472 τοίνυν
2788 4421 2886 4489 τῆς
2920 4424 3192 4492 σωτηρίας
3213 4426 3404 4480 ἑαυτοῦ
3434 4416 3745 4488 ἀντιποιοῦ-

2100 4555 2142 4608 D
2174 4522 2353 4574 μενος,
2391 4508 2622 4577 μάλιστα
2661 4510 2760 4580 μὲν
2794 4513 2872 4574 είς
2910 4513 3007 4582 τὴν
3051 4513 3159 4568 τῶν
3198 4516 3519 4587 ἀρχομένων
3553 4523 3744 4576 ἑαυτὸν

2170 4596 2551 4650 καταταττέτω
2577 4598 2784 4668 πληθύν
2807 4615 2820 4629 °
2854 4601 2902 4651 εί
2919 4600 2974 4653 δὲ
2998 4601 3196 4666 ἄτοπος
3224 4605 3400 4674 ἀρχῆς
3429 4607 3572 4675 Epeo;
3599 4610 3744 4682 αὑτῷ

2169 4686 2450 4756 ὲπιπταίη,
2484 4687 2817 4751 ἐξελαυνέτω
2846 4689 3035 4743 τοῦτον
3073 4695 3167 4760 ἀφ’
3201 4694 3415 4757 ἑαυτοῦ,
3452 4698 3486 4769 ἦ
3518 4698 3609 4754 διὰ
3647 4702 3737 4754 τοῦ

2169 4774 2346 4838 καλῶς
2376 4777 2638 4846 ἄρχεσθαι
2669 4779 2730 4830 τὸ
2771 4778 3027 4834 δύνασθαι
3069 4782 3249 4846 καλῶς
3273 4786 3434 4856 ἄρξαι
3487 4790 3737 4846 παιδευέο

2171 4865 2314 4918 σθωο
2371 4870 2463 4921 καὶ
2515 4870 2588 4939 μὴ
2642 4871 3012 4942 ὲπιῤῥιπτέτω
3076 4874 3174 4943 μὲν
3215 4877 3407 4930 ἑαυτὸν
3467 4881 3550 4950 τῷ
3598 4885 3735 4954 πρά-

2171 4974 2375 5027 γματι’
2439 4963 2485 5013 εί
2540 4961 2597 5014 δὲ
2650 4963 2895 5033 κληθείη,
2955 4967 3342 5036 παραιτείσθω,
3393 4973 3440 5024 εί
3481 4966 3596 5027 οἷόν
3643 4991 3733 5028 τε·

2167 5048 2386 5117 ἄμεινον
2415 5051 2552 5122 γάρ·
2609 5053 2656 5105 εί
2683 5053 2738 5106 δὲ
2775 5053 2869 5125 μὴ,
2899 5055 3001 5109 κᾶν
3035 5057 3139 5110 ὑπὸ
3190 5059 3294 5113 τῶν
3347 5061 3550 5132 νόμων,
3579 5064 3733 5136 βασι-

2167 5138 2221 5189 λε
2231 5139 2288 5190 υό
2296 5158 2450 5208 μενος
2478 5143 2706 5211 ἀρχέτω.

1585 5309 1812 5364 VAlilAi
1857 5312 2239 5369 LECTIONES
2279 5315 2364 5368 ΕΤ
2400 5316 2632 5374 NOTAE.

576 5467 684 5555 (5i)
748 5473 1174 5555 Ἀσμενέστερον
1219 5479 1374 5535 iidem
1412 5495 1616 5540 rutilant
1645 5487 1695 5540 in
1725 5489 2054 5555 ἁσμενέστα-

497 5553 583 5601 τα,
615 5552 666 5591 ct
692 5555 829 5595 vers.
858 5563 966 5612 seq.
992 5566 1084 5615 pm
1110 5551 1298 5619 πάσχω
1323 5555 1561 5612 scribunt
1579 5551 1818 5628 πάσχων.
1854 5557 2062 5617 Possm.

2176 5565 2190 5618 Ι
2238 5493 2445 5564 (52-53)
2484 5495 2587 5553 Pro
2616 5496 2718 5550 ποῦ
2734 5497 2930 5556 habent
2963 5500 3054 5555 τοῦ
3078 5505 3232 5558 codd.
3261 5503 3377 5559 Vat.
3409 5507 3514 5562 65!)
3539 5521 3594 5565 et
3619 5513 3724 5571 Αιι.

2196 5580 2249 5618 υ.

2196 5580 2249 5619 υ.
