3992 6432
209 321 332 388 1477

1158 319 1691 382 EPISTULARUM
1735 317 1879 378 LIB.
1924 320 1996 379 Υ.
2037 343 2107 353 -
2145 319 2389 379 EPIST.
2432 318 2675 382 CCXLI.

3343 310 3478 376 1478

207 433 504 505 γέγραφας,
535 434 644 489 οὐκ
680 434 762 498 είς
803 435 1121 508 ἀποτροπὴν
1148 433 1352 506 ἀρετῆς
1394 431 1650 503 εἰρῆσθαι
1697 448 1782 484 νο·
1817 435 1829 490 1

1900 431 2023 498 pati,
2062 448 2080 481 ι
2127 445 2235 485 non
2281 431 2347 485 ad
2409 431 2751 486 avocandum
2801 443 2829 484 a
2877 429 3096 492 virtute,
3144 436 3204 481 ut
3233 427 3460 488 scribis.

209 525 416 596 μιπέον
440 541 458 558 ·
489 525 555 578 οὐ
589 526 705 597 γὰρ
729 525 817 578 ἵνα
846 527 927 588 είς
959 527 1162 580 κακίαν
1196 525 1487 597 βαδίσοιεν,
1523 521 1599 586 ώς
1626 520 1785 590 ἔφης,

206 617 249 669 ol
291 615 678 686 ἀκροώμενοι·
712 615 830 669 ἀλλ’
879 616 967 669 ἵνα
1017 617 1100 679 είς
1154 614 1472 684 φιλοσοφίαν
1512 613 1789 682 ἒναχθεῖεν

207 707 432 778 ιῐρηται.
471 708 550 759 Οὐ
580 708 695 780 γὰρ
719 708 910 777 ἐπειδὴ
936 707 1152 770 πάντως
1179 705 1558 777 λοιδορηθῆναι
1597 706 1790 758 δεῖκαὶ

209 803 286 848 τον
316 791 372 849 εὖ
411 795 665 865 βιοῦντα,
696 797 797 868 τὴν
829 797 1024 869 ἡδονὴν
1054 796 1299 867 αἱρετέον
1321 813 1336 826 ο
1376 795 1492 848 ἀλλ’
1529 796 1610 849 ὅτι
1652 795 1790 848 πάν-

210 893 300 951 τῶς
323 887 428 941 ὑπὸ
467 888 584 942 τῶν
625 889 883 960 πονηρῶν
906 889 1034 951 τοὺς
1066 887 1323 957 ἀρίστους
1355 885 1790 956 κακηγορεῖσθαι

209 976 506 1045 συμϐαίνει,
566 977 983 1048 φιλοσοφητέον.
1039 975 1267 1047 Ἐρρέθη
1301 975 1411 1047 γάρ
1447 977 1547 1028 οὐκ
1598 975 1676 1038 είς
1728 975 1790 1028 τὸ

217 1069 397 1134 φυγεῖν
425 1068 663 1138 ἀρετὴν,
690 1068 826 1122 ἀλλά
860 1068 996 1138 πρὸς
1024 1067 1085 1120 τὸ
1111 1068 1237 1130 τοὺς
1267 1065 1569 1128 ἀσκοῦντας
1597 1065 1788 1133 αὐτὴν,

209 1155 605 1225 κακιζομένους
646 1158 989 1226 φιλοσοφεῖν
1021 1157 1049 1208 ὁ
1083 1156 1192 1226 γὰρ
1241 1156 1436 1224 φθόνος
1483 1155 1666 1216 αὐτοῖς
1698 1155 1792 1206 ἀν-

206 1246 699 1317 τιστρατευόμενος
733 1246 1118 1317 κωμῳδεῖσθαι
1147 1247 1345 1309 αὐτοὺς
1381 1245 1640 1308 πολλάκις
1686 1246 1788 1300 πά-

208 1335 552 1404 ρασκευάζει.
597 1339 858 1408 Ι’Δμεινον
887 1332 1002 1402 οὗν,
1057 1337 1106 1389 εί
1141 1336 1358 1398 πάντως
1411 1333 1788 1405 λοιδορηθῆναι

205 1427 296 1494 δεῖ,
325 1428 534 1492 ἀδίκως
578 1420 729 1481 τοῦθ’
763 1430 1088 1499 ὑπομεῖναι·
1123 1429 1183 1481 τὸ
1226 1428 1335 1496 γὰρ
1371 1427 1619 1491 δικαίως,
1675 1429 1789 1489 τοῖς

206 1521 456 1589 πονηροῖς
487 1520 782 1590 πρόσεστι.

761 1624 927 1678 me.
968 1653 1036 1666 —
1064 1625 1312 1696 ΠΕΤΡῼ.

1896 534 2216 593 usurpatum
2256 538 2383 579 esse
2406 522 2833 578 existimandum
2868 529 2954 577 est
2987 538 3000 573 :
3036 534 3212 588 neque
3240 527 3300 574 ut
3347 518 3478 572 illud

1895 613 2205 677 audientes,
2248 615 2326 670 uti
2348 615 2560 678 aiebas,
2587 612 2810 667 malitia:
2834 626 2958 666 sese
2985 612 3203 676 dedant,
3246 609 3339 665 sed
3384 628 3480 677 pn-

1895 703 2000 758 tius
2033 713 2093 758 ut
2120 706 2187 758 ad
2220 704 2650 774 philosophicam
2682 717 2742 757 se
2789 702 3077 756 conferant
3107 701 3303 765 vitam,
3355 700 3479 754 ideo

1893 795 2120 849 dictum.
2169 793 2288 850 Non
2348 796 2494 850 enim
2541 793 2668 863 quia
2709 792 2932 846 omnino
2984 789 3245 845 conviciis
3283 788 3477 858 impoti

1899 893 2114 954 oportet
2163 893 2317 939 recte
2358 884 2626 948 viventes,
2670 882 2920 952 voluptas
2962 891 3046 936 est
3080 879 3475 948 amplectenda,

1896 975 1989 1029 sed
2017 974 2148 1042 quia
2178 973 2247 1028 ab
2270 972 2533 1043 improbis
2557 971 2795 1042 optimos
2820 970 3060 1026 accusati
3096 970 3317 1024 omnino
3350 983 3480 1022 cou-

1901 1064 2083 1132 tingit,
2115 1062 2614 1134 philosophandum
2644 1071 2748 1116 est.
2789 1062 3001 1116 Dictum
3041 1059 3187 1115 enim
3229 1070 3332 1124 est,
3372 1073 3478 1111 non

1907 1166 1966 1207 ut
1997 1156 2170 1209 virtus
2199 1153 2459 1224 fugiatur,
2495 1153 2589 1208 sed
2623 1163 2682 1208 ut
2708 1167 2829 1207 eam
2854 1159 3177 1207 exercentes
3208 1149 3346 1205 male
3373 1164 3484 1204 ac-

1891 1248 2035 1314 ccpti
2067 1244 2795 1317 philosophentur.,lnvidia
2840 1245 2984 1298 enim
3023 1257 3120 1298 eos
3161 1256 3484 1311 oppuguans

1893 1337 2024 1392 facit
2051 1354 2161 1394 non
2205 1354 2354 1403 raro,
2387 1347 2446 1392 ut
2479 1335 2977 1406 reprehendantur.
3025 1333 3254 1388 Praestat
3294 1335 3481 1400 itaque

1890 1431 2237 1485 si-conviciis
2266 1429 2490 1486 omnino
2530 1427 2753 1484 obnoxii
2785 1441 2996 1491 sumus,
3026 1425 3229 1493 injuste
3275 1425 3326 1477 id
3358 1439 3483 1492 per-

1893 1521 2023 1584 peti.
2087 1519 2246 1575 Juste
2288 1521 2435 1576 enim
2487 1517 2836 1588 reprehendi,
2886 1517 3144 1572 convenit
3197 1515 3481 1586 improbis.

2319 1623 2657 1682 CCXXXIX.
2690 1653 2761 1664 ——
2801 1621 3053 1677 PETRO.

1017 1715 1255 1769 Hau-eses
1283 1723 1377 1768 aut
1405 1731 1469 1768 ex
1490 1714 1792 1773 ambitione,
1829 1725 1918 1769 aut
1939 1731 2003 1771 ea:
2021 1717 2312 1785 pertinacia
2343 1729 2651 1772 nascuntur.

274 1824 344 1878 Ἢ
390 1824 459 1876 ὲκ
509 1824 830 1895 φιλαρχίας,
866 1818 1039 1893 οἶμαι,
1089 1824 1122 1894 ἢ
1178 1824 1242 1875 ὲκ
1295 1793 1640 1893 προλήψεως,
1697 1822 1829 1883 δύο]

1967 1827 2044 1880 Ex
2079 1827 2396 1882 dominandi
2451 1827 2698 1896 libidine,
2741 1836 2794 1883 et
2838 1836 3169 1896 praesumpta
3202 1825 3483 1895 opinione,

205 1915 726 1983 δυσκαταγωνίστων
748 1914 958 1981 παθῶν,
989 1915 1087 1977 τάς
1113 1915 1356 1985 αἱρέσεις
1377 1913 1628 1983 τετέχθαι
1653 1914 1792 1986 (65)·

207 2007 265 2058 Oi
301 2007 397 2075 μὲν
427 2005 544 2077 γὰρ
589 2007 650 2058 ὲν
678 2008 792 2067 τοῖς
821 2005 1082 2075 ὑπηκόοις
1114 2005 1188 2074 μὴ
1233 2003 1564 2069 ἀξιώσαντες
1609 2001 1752 2059 εἶναι
1774 2044 1792 2073 ,

206 2095 252 2148 oi
276 2095 330 2147 δὲ
363 2095 506 2164 μετά
550 2095 614 2148 τὸ
656 2096 1057 2166 προληφθῆναι,
1091 2095 1402 2166 διδαχθῆναι
1452 2095 1526 2166 μὴ
1561 2096 1792 2149 καταδε-

208 2183 448 2255 ξάμενοι,
506 2184 783 2256 νεωτέρας
829 2185 1178 2248 διδασκαλίας
1233 2185 1527 2256 σπέρματα
1564 2186 1792 2240 καταϐε-

208 2275 453 2345 ϐλήκασι,
482 2279 604 2340 τοῖς
629 2275 1023 2348 καθεστηκόσιν
1053 2278 1313 2348 ἐμμεῖναι
1339 2277 1414 2349 μὴ
1436 2277 1784 2344 ἀξιώσαντες.

485 2472 626 2532 nr.
655 2507 726 2517 -
753 2477 966 2548 ΝΕῘΛῼ
1004 2478 1464 2550 ΣΧΟΛΑΣΤΙΚῼ.

1897 1915 2109 1971 duabus
2135 1931 2277 1987 zegre
2307 1918 2559 1987 superari
2589 1918 2769 1972 solitis
2794 1915 3196 1983 aﬂ‘ectionibus,
3238 1917 3482 1971 haereses

1896 2017 2042 2062 natae
2069 2018 2216 2064 sunt.
2272 2007 2553 2079 Siquidem
2593 2009 2795 2078 partim
2847 2008 3079 2076 subjecti
3131 2023 3254 2062 esse
3302 2009 3487 2062 detre-

1896 2108 2134 2163 ctantes,
2185 2099 2385 2168 partim
2438 2114 2572 2154 vero
2625 2107 2747 2169 post
2789 2108 3224 2167 praeoccupatam
3264 2097 3483 2167 opinio-

1898 2202 2022 2242 nem
2058 2188 2479 2242 instructionem
2514 2198 2859 2258 respuentes,
2898 2203 3054 2243 novre
3090 2189 3356 2244 doctrinae
3399 2203 3488 2243 se-

1911 2279 2055 2332 mina
2103 2277 2336 2344 jaciunt,
2383 2290 2705 2336 recusantes
2745 2280 2916 2335 semel
2962 2289 3111 2336 recte
3161 2280 3478 2336 constitutis

1895 2370 2166 2426 inhaerere
2196 2372 2558 2442 dogmatibus.

2172 2481 2375 2538 CCXL.
2403 2511 2475 2521 —
2505 2481 2665 2537 ΝΠιο
2697 2480 3196 2538 SCHOLASTICO.

853 2567 1109 2622 Virtutem
1132 2568 1754 2638 doctrina'jungmdam.
1787 2567 1951 2624 Fides
1981 2579 2028 2623 et
2069 2587 2246 2639 opem.
2285 2571 2470 2642 (Supr.
2501 2575 2653 2639 epist.
2698 2571 2843 2642 162.)

273 2676 494 2748 Τυφλδς
531 2677 633 2747 μὲν
663 2679 692 2732 ό
721 2678 828 2730 τῶν
862 2677 1072 2746 ἀρετῶν
1100 2678 1281 2748 χορὸς,
1325 2677 1488 2748 ὀρθοῦ
1535 2680 1610 2748 μὴ
1655 2679 1786 2734 καθ-

211 2771 521 2840 ηγουμένου
557 2769 862 2840 δόγματος*
902 2770 1072 2840 ἀργὸν
1116 2769 1173 2823 δὲ
1217 2769 1313 2822 καὶ
1356 2769 1416 2822 τὸ
1445 2769 1604 2842 ὀρθὸν
1647 2770 1786 2824 καθ-

214 2861 345 2929 ηγού
354 2878 522 2930 μενον
539 2861 737 2932 δόγμα,
758 2863 806 2914 εί
828 2863 855 2913 ὁ
871 2861 978 2914 τῶν
996 2861 1206 2931 ἀρετῶν
1227 2860 1388 2933 χορὸς
1412 2861 1790 2932 ἀπολειφθείη·

213 2952 260 3004 ιι
283 2951 338 3004 δὲ
375 2954 436 3005 τὸ
476 2953 578 3022 μὲν
605 2955 900 3024 κορυφαῖον
929 2951 1269 3023 ταξιαρχοίη,
1320 2954 1376 3006 al
1403 2953 1459 3006 δὲ
1488 2953 1788 3024 χορεύοιεν,

213 3046 370 3097 παντὶ
400 3045 595 3115 τρόπῳ
646 3046 675 3098 ό
706 3044 868 3116 χορὸς
898 3045 1283 3116 στεφθήσεται,
1314 3045 1388 3109 ώς
1426 3046 1674 3114 νομίμως
1699 3047 1789 3099 τὸν

212 3133 393 3203 ἀγῶνα
422 3134 652 3199 διαθείς.

706 3243 885 3298 ΣΜΑο.
925 3272 988 3286 --
1030 3244 1116 3314 To
1155 3244 1357 3316 ΛΥΤῼ.

1965 2676 2159 2733 (ἔπαιε
2184 2680 2403 2747 quidem
2433 2691 2514 2734 est
2539 2683 2802 2737 virtutum
2847 2684 3048 2738 chorus
3078 2697 3182 2738 non
3213 2692 3360 2738 recta
3387 2683 3487 2739 do-

1897 2769 2075 2822 ctrina
2117 2770 2347 2825 imbuto.
2402 2769 2594 2827 Otiosa
2636 2774 2876 2828 vicissim
2927 2782 3078 2828 recta
3129 2775 3380 2829 doctrina
3419 2790 3486 2830 ea

1900 2859 2174 2924 instituto,
2216 2859 2318 2914 nisi
2357 2860 2621 2915 virtutum
2658 2862 2886 2917 chorum
2915 2862 3227 2917 comitetur.
3256 2863 3312 2918 Si
3346 2878 3480 2918 vero

1901 2951 2147 3006 doctrina
2183 2953 2414 3007 chorum
2453 2954 2620 3008 veluti
2673 2954 2872 3019 ducat,
2910 2952 3253 3024 virtutesque
3291 2954 3486 3009 subse-

1899 3055 2160 3112 quantur,
2193 3047 2387 3113 quavis
2421 3047 2633 3101 ratione
2662 3048 2866 3102 chorus
2896 3047 3274 3113 coronabitur,
3305 3057 3361 3102 ut
3400 3045 3480 3104 le-

1821 3117 1868 3179 C
1899 3137 2087 3205 gitime
2116 3145 2336 3206 peracto
2358 3138 2680 3191 certamine.

2390 3245 2617 3301 CCXLI.
2656 3277 2726 3286 ——
2758 3246 2997 3302 EIDEM.

599 3358 761 3412 Deum
789 3373 889 3410 non
920 3358 1073 3410 modo
1101 3357 1443 3424 adulterium,
1477 3359 1568 3412 sed
1598 3357 2016 3426 fornicationem,
2055 3370 2103 3414 et
2136 3377 2286 3414 omne
2317 3361 2639 3430 impuritatis
2662 3377 2824 3429 genus
2854 3362 3093 3416 vetuisse.

280 3484 344 3538 El
385 3485 483 3538 καὶ
518 3483 682 3546 αὐτὸς
707 3483 879 3554 αἰτιᾷ,
911 3481 1027 3535 ἀλλ’
1055 3482 1165 3550 ἐγὼ
1212 3483 1317 3536 κάν
1367 3483 1542 3555 τούτῳ
1593 3485 1789 3555 κομιδῇ

211 3572 422 3645 ἄγαμαι
442 3574 539 3628 τοῦ
567 3573 862 3643 νομοθέτου
890 3573 989 3643 τὴν
1022 3573 1233 3641 σοφίαν,
1269 3574 1351 3626 ὅτι
1383 3576 1448 3626 ὲκ
1477 3573 1673 3627 πολλοῦ
1697 3573 1790 3626 τοῦ

215 3665 495 3734 περιόντος
562 3662 663 3724 τὰς
730 3661 1019 3728 ἀσελγείας
1079 3659 1485 3730 ὲξοστρακίσαι,
1540 3662 1635 3714 καὶ
1693 3663 1792 3725 τὰς

214 3755 546 3834 ἀκολάστους
595 3751 823 3821 γνώμας
875 3751 1175 3821 χαλινῶσαι
1226 3751 1525 3822 προῄρητο.
1573 3753 1631 3804 '0
1682 3751 1791 3822 γὰρ

215 3846 308 3916 τὴν
347 3845 608 3899 ἀκούσιον
648 3843 895 3912 ἔκκρισιν
932 3841 1180 3912 μολύνειν
1217 3843 1653 3913 ἀποφηνάμενος,
1687 3843 1787 3913 τὴν

215 3936 459 3988 ἑκούσιον
491 3932 690 4003 πρᾶξιν
720 3932 900 4000 πολλῳ
938 3931 1139 4001 μᾶλλον
1160 3934 1528 4003 ἀπηγόρευσε.
1563 3931 1650 4002 Τ
1681 3933 1786 4003 γὰρ

214 4026 305 4096 τὴν
330 4025 632 4094 ἀϐούλητον
661 4024 836 4094 ῥύσιν,
863 4023 958 4091 τὴν
993 4025 1128 4093 μήτε
1154 4024 1458 4094 ἁμάρτημα
1489 4024 1788 4092 τυγχάνου-

217 4133 332 4182 σαν,
371 4119 512 4187 μήτε
564 4116 668 4168 ὑπὸ
706 4117 974 4185 τιμωρίαν
1015 4116 1277 4183 ἄγουσαν,
1327 4117 1599 4187 μολυσμὸν
1645 4112 1787 4169 εἶναι

215 4209 406 4278 φῆσαι,
435 4208 530 4260 καὶ
586 4206 901 4277 καθαρσίων
934 4208 1183 4273 ἀξιῶσαι,
1217 4209 1278 4261 τὸ
1327 4209 1571 4262 ἑκούσιον
1600 4209 1779 4278 πλημ-

219 4300 436 4368 μέλημα
474 4297 675 4368 μᾶλλον
715 4299 1041 4355 ἀνέστειλεν.
1085 4299 1301 4371 Ἐπειδὴ
1321 4301 1379 4353 δὲ
1406 4302 1504 4371 τὴν
1542 4300 1785 4370 μοιχείαν

1970 3486 2086 3540 Etsi
2119 3488 2234 3556 ipse
2277 3486 2669 3555 reprehendas,
2699 3502 2798 3558 ego
2835 3503 2966 3543 vero
3004 3489 3168 3544 etiam
3198 3479 3477 3562 legislatu-

1897 3579 1973 3632 ris
1999 3579 2090 3632 Dei
2117 3580 2444 3647 sapientiam
2479 3579 2839 3635 vehementer
2864 3583 3131 3647 admiror,
3159 3586 3307 3652 quod
3339 3600 3366 3637 ιι
3397 3586 3482 3640 vi-

1897 3669 2035 3722 vidis
2077 3670 2389 3723 hominibus
2454 3670 2746 3739 proﬂigare
2804 3672 3061 3728 libidines
3131 3684 3185 3728 et
3243 3674 3482 3732 lascivas

1898 3769 2109 3813 mentes
2137 3759 2291 3814 l'reno
2319 3772 2576 3813 coercere
2599 3761 2874 3815 maluerit.
2916 3761 3284 3820 Pronuntians
3313 3770 3479 3822 etiam

1899 3851 2320 3905 involuntariam
2371 3854 2805 3906 exsecrationem
2861 3855 3200 3924 inquinare,
3258 3861 3486 3916 damnat

1897 3942 2071 3997 multo
2108 3944 2278 4012 magis
2315 3944 2683 3997 voluntariam
2720 3946 3017 4000 actionem.
3056 3947 3188 4001 Cum
3220 3951 3365 4005 enim
3398 3953 3480 4005 in-

1899 4034 2269 4088 voluntarium
2301 4035 2530 4101 ﬂuxum,
2562 4036 2655 4104 qui
2689 4046 2743 4089 et
2771 4038 2890 4092 sine
2921 4053 3146 4108 peccato
3189 4042 3268 4107 lit,
3304 4059 3479 4114 neque

1900 4128 1971 4182 sit
1997 4142 2170 4195 paenae
2205 4127 2500 4192 obnoxius,
2551 4128 2904 4196 pollutionem
2954 4145 3076 4185 esse
3117 4133 3277 4201 dixit,
3315 4149 3478 4203 opus-

1895 4231 2001 4287 que
2036 4217 2357 4288 purgatione
2386 4217 2619 4282 censuit,
2662 4219 2821 4285 longe
2859 4219 3062 4287 justius
3111 4222 3476 4279 voluntarium

1898 4307 2100 4376 repulit
2148 4307 2430 4360 delictum.
2477 4307 2931 4376 Quandoquidem
2973 4325 3100 4366 vero
3148 4314 3476 4372 adulterium

218 4392 380 4460 μόνην
420 4391 678 4459 ἐνόμισας
723 4391 884 4443 αὐτὸν
911 4391 1370 4460 ἁπηγορευκέναι,
1401 4391 1574 4455 δοκεῖς
1630 4409 1719 4461 μοι
1752 4391 1786 4463 ἢ
1820 4409 1829 4467 ]

1900 4402 2161 4454 duntaxat
2194 4398 2365 4454 Deum
2398 4401 2667 4454 damnare
2691 4401 2997 4468 existimas,
3029 4406 3231 4460 videris
3258 4418 3349 4462 aut
3372 4424 3477 4463 non

219 4484 288 4554 μὴ
320 4485 688 4551 ἀνεγνωκέναι
719 4481 777 4534 τὸ
807 4484 1242 4553 Δευτερονόμιον,
1275 4484 1306 4552 ἢ
1346 4485 1421 4555 μὴ
1449 4486 1784 4555 νενοηκέναι,

219 4577 390 4628 καίτοι
460 4575 648 4643 σαφῶς
697 4574 981 4642 κείμενον·
1059 4594 1076 4625 ι
1129 4576 1240 4628 Οὐκ
1290 4575 1440 4628 ἔσται
1484 4576 1612 4646 γὰρ,
1657 4577 1784 4645 ἔφη,

218 4665 409 4736 πόρνος
450 4666 559 4717 ἀπὸ
599 4663 730 4717 υἱῶν
775 4663 1011 4734 Ἰσραὴλ,
1042 4665 1135 4718 καὶ
1168 4665 1268 4717 οὐκ
1298 4664 1450 4718 ἔσται
1484 4666 1657 4736 πόρνη
1681 4665 1789 4718 ἀπὸ

216 4754 530 4827 θυγατέρων
572 4755 806 4826 Ἰσραήλ.
836 4774 852 4806 ι
884 4758 946 4808 El
977 4757 1081 4826 γὰρ
1104 4758 1200 4811 καὶ
1226 4757 1583 4827 χαλεπωτέρα
1611 4758 1789 4828 πολλῷ

214 4848 245 4915 ἡ
271 4848 487 4916 μοιχεία
503 4848 600 4915 τῆς
620 4847 896 4916 πορνείας,
922 4847 1015 4901 καὶ
1038 4847 1367 4918 συγγνώμης
1402 4849 1621 4918 μείζων,
1656 4850 1791 4901 ἀλλὰ

219 4939 305 4990 καὶ
326 4941 358 5008 ἡ
384 4939 613 5007 πορνεία
635 4939 914 5008 τιμωριῶν
937 4940 1078 5007 ἀξία,
1102 4941 1150 4992 εί
1176 4940 1442 4993 καὶτοῦτο
1463 4943 1576 5003 τοῖς
1595 4941 1793 5004 ἔξωθεν

217 5029 555 5098 νομοθέταις,
587 5030 687 5082 οὐκ
712 5026 804 5083 οἷδ’
832 5032 999 5094 ὅπως,
1034 5032 1482 5102 παραλέλειπται.
1519 5033 1643 5092 Τοῖς
1687 5035 1792 5102 γὰρ

219 5119 389 5190 ὀρθῶς
422 5119 600 5189 βιοῦσι
629 5121 994 5192 καθαρευτέον
1021 5125 1114 5176 καὶ
1133 5124 1240 5176 ἀπὸ
1261 5125 1490 5194 ταύτηςο
1519 5143 1536 5175 ι
1561 5124 1791 5195 Πορνεία

219 5211 342 5283 γὰρ,
377 5209 537 5283 φησὶν
553 5213 929 5281 ὀἈπόστολος,
953 5216 1046 5269 καὶ
1073 5217 1381 5285 ἀκαθαρσία
1417 5216 1550 5286 μηδὲ
1591 5217 1793 5284 ὀνομα-

219 5298 390 5366 ζέσθω
435 5305 492 5356 ὲν
541 5305 688 5375 ὑμῖν,
721 5306 900 5371 καθὼς
937 5307 1134 5379 πρέπει
1177 5308 1372 5377 ἁγίοις.
1417 5326 1434 5356 ι
1479 5308 1591 5360 Καὶ
1629 5307 1790 5359 πάλιν

277 5482 324 5517 ⁸⁸
351 5483 510 5538 Deut.
543 5496 705 5545 uin,
740 5481 819 5535 ΓΙ.

1894 4492 2091 4560 legisse
2142 4492 2624 4556 Deuterouomim,
2677 4501 2774 4546 aut
2831 4508 2934 4546 non
2989 4495 3310 4568 iutellixisse
3368 4509 3475 4552 tum

1896 4583 2042 4637 clare
2072 4583 2174 4637 hoc
2208 4582 2640 4651 pronuntiatum.
2665 4583 2826 4654 633
2860 4603 2877 4635 ι
2922 4586 3041 4639 Νοιι
3073 4588 3178 4640 erit
3210 4594 3472 4644 meretrix

1898 4676 1964 4730 de
1994 4675 2208 4730 ﬁliabus
2239 4676 2427 4740 Israel,
2455 4686 2548 4729 aut
2593 4686 2868 4730 scortator
2899 4678 2967 4732 de
2996 4679 3122 4732 [iliis
3145 4678 3314 4734 Israel
3346 4681 3410 4733 ⁸⁸.
3455 4703 3474 4732 ι

1898 4767 2013 4823 Etsi
2064 4771 2208 4822 enim
2263 4771 2436 4838 majus
2484 4768 2747 4838 ﬂagitium
2787 4780 2874 4824 est
2908 4771 3261 4838 adulterium,
3313 4791 3478 4843 quam

1900 4860 2216 4924 fornicatio,
2246 4872 2299 4914 et
2344 4862 2499 4914 venia
2528 4861 2748 4929 gravius
2781 4861 2872 4923 sit,
2927 4861 3041 4915 haec
3082 4873 3262 4915 tamen
3315 4880 3477 4932 pcena

1894 4967 2113 5021 quoque
2167 4952 2334 5020 digna
2392 4962 2498 5018 est,
2532 4953 2779 5019 quamvis
2837 4966 3052 5022 poenam
3102 4955 3289 5010 nescio
3342 4971 3478 5024 quo-

1899 5047 2058 5097 modo
2084 5044 2132 5096 ei
2187 5059 2290 5097 non
2325 5045 2764 5113 prmscripserint
2803 5045 3042 5113 gentium
3106 5044 3475 5115 lcgislatores.

1898 5132 2068 5187 Recte
2099 5138 2242 5187 enim
2279 5135 2524 5188 viventes
2556 5136 2622 5187 ab
2649 5135 2750 5187 hac
2776 5150 2941 5202 puros
2969 5150 3027 5189 se
3059 5135 3298 5204 praebere
3327 5150 3480 5204 opor-

1904 5232 1975 5274 tet
2012 5239 2024 5275 :
2065 5240 2082 5272 ι
2130 5222 2462 5286 Fornicatio,
2497 5223 2672 5292 inquit
2702 5224 3014 5293 Apostolus,
3048 5234 3102 5278 et
3146 5226 3323 5279 omnis
3373 5227 3477 5278 im-

1900 5313 2157 5368 munditia
2196 5330 2262 5368 ne
2288 5313 2604 5370 nominetur
2637 5317 2858 5385 quidmn
2894 5319 2944 5371 in
2989 5317 3138 5372 vobis
3165 5357 3180 5381 ,
3212 5317 3351 5373 sicut
3384 5317 3486 5372 de-

1313 5571 1547 5627 VARIZE
1589 5574 1976 5631 LECTIONES
2017 5576 2103 5630 ET
2139 5577 2369 5633 ΝΟΤᾸΞ.

295 5708 394 5782 (65)
439 5711 545 5768 Pro
589 5716 835 5788 τετέχθαι
888 5720 1064 5785 legunt
1113 5721 1326 5777 codices
1377 5720 1535 5774 iidem
1579 5721 1829 5790 τετάχθαι

1900 5720 2092 5777 ‘ossm.
