3992 6466
557 480 693 543 1483

1746 469 1805 527 S.
1846 464 2136 527 ISIDOHI
2174 465 2608 528 PELUSIOT/E

3655 470 3797 536 1484

551 590 681 645 dcnt
720 606 731 641 :
772 586 863 657 qui
904 589 1066 642 verbo
1122 594 1170 640 et
1239 582 1608 638 admonitione
1667 580 1914 644 suadent,
1976 585 2035 630 ut
2087 591 2116 630 a

2224 593 2400 629 κασιν·
2432 579 2481 630 οἱ
2529 577 2673 647 λόγῳ
2720 577 2811 630 καὶ
2851 580 3167 650 παραινέσει
3208 580 3537 653 πειρώμενοι
3584 579 3797 634 πείθειν

550 678 698 733 vitiis
749 676 869 747 quis
923 676 1211 738 abstineat,
1259 673 1383 729 idne.
1435 670 1832 743 persuadeam?
1879 668 1967 724 Vel
2011 682 2114 721 non

550 767 931 839 persuadentes
972 767 1025 820 in
1061 766 1265 821 crimen
1297 762 1604 833 ,vocentur?
1635 770 1689 817 et
1717 759 2025 832 quomodo?
2056 759 2113 815 Si

548 874 676 915 vero
741 858 1190 929 patrocinandum
1246 854 1649 927 legislatoribus
1710 862 1816 917 est,
1867 851 2114 922 equidem

549 965 798 1007 censeam
849 949 1233 1019 suppliciorum
1279 948 1602 1018 gravitatem
1650 959 1742 1001 eos
1794 956 2113 1013 proponere,

550 1057 654 1099 non
682 1042 834 1112 quasi
868 1041 1160 1096 humanum
1208 1053 1379 1107 genus
1424 1037 1652 1093 invisum
1707 1036 1986 1100 ducentes,
2019 1037 2115 1090 sed

552 1148 805 1209 tanquam
832 1136 950 1207 ejus
996 1151 1186 1193 curam
1232 1136 1507 1190 habentes.
1546 1132 1601 1188 ld
1645 1132 1788 1187 enim
1814 1131 1918 1186 illis
1949 1130 2116 1200 potis-

547 1231 744 1288 simum
796 1228 973 1285 studio
1030 1235 1136 1293 est,
1188 1225 1530 1297 persuadere,
1574 1238 1642 1279 ne
1691 1223 1932 1293 improbe
1986 1222 2113 1292 quid

546 1328 758 1389 agatur.
786 1316 948 1373 Poena
992 1330 1119 1371 vero
1160 1313 1538 1371 secundarium
1575 1312 1702 1380 quid
1754 1320 1857 1375 est,
1906 1319 1960 1364 et
2007 1325 2111 1365 nou

546 1407 918 1466 obedientibus
949 1406 1267 1477 praestituta.
1294 1402 1482 1474 Neque
1518 1403 1660 1457 enim
1715 1398 1817 1454 illis
1871 1398 2115 1468 proposi-

549 1511 684 1565 tum,
716 1510 776 1554 ut
804 1498 955 1553 multi
995 1498 1105 1554 sint
1139 1510 1369 1565 nequam
1422 1503 1475 1548 et
1525 1492 1780 1562 improbi,
1817 1492 1907 1559 qui
1937 1488 2112 1559 puniri

544 1595 775 1649 debeant
817 1610 833 1647 :
881 1592 989 1645 imo
1041 1598 1231 1645 contra
1275 1586 1414 1653 frugi
1459 1599 1647 1639 omnes
1685 1596 1806 1638 esse
1840 1583 2115 1651 bonosque

544 1688 747 1753 volunt,
793 1685 1045 1755 nullaque
1094 1697 1226 1753 opus
1267 1695 1387 1736 esse
1442 1678 1630 1733 tnulta.
1664 1676 1755 1731 Sic
1796 1674 1872 1729 illi
1901 1673 2113 1743 legisla-

546 1788 690 1834 tores
722 1776 934 1846 quidem
986 1782 1187 1829 terrent
1214 1790 1227 1826 :
1258 1769 1485 1840 im’probi
1521 1783 1649 1823 vero
1694 1766 1965 1836 peccando
1993 1779 2110 1819 eam

544 1864 762 1929 laedunt,
807 1877 980 1933 neque
1029 1872 1237 1929 tempus
1294 1859 1459 1913 ullum
1511 1872 1539 1911 a
1591 1855 1805 1925 ﬂagitiis
1864 1868 2109 1918 vacuum,

2218 668 2414 732 κακίας
2446 668 2765 739 ἀπέχεσθαι,
2812 670 3028 735 πάντως
3057 672 3371 738 πείσουσιν;
3403 670 3435 743 ἢ
3466 671 3540 741 μὴ
3568 670 3796 729 πείσαν-

2214 776 2302 823 τες
2336 759 2795 832 ὲγκληθήσονταις
2833 761 2927 815 καὶ
2956 761 3071 826 πῶς
3108 761 3217 834 (68)
3248 762 3348 817 οὐκ
3377 760 3606 833 εὖηθες;
3641 760 3705 815 Ei
3731 761 3795 815 δὲ

2216 852 2321 925 χρὴ
2350 853 2445 906 καὶ
2477 852 2657 906 αὐτῶν
2686 852 2792 906 τῶν
2820 854 3126 925 νομοθετῶν
3160 852 3754 927 ὑπεραπολογήσασθαι
3773 894 3789 919 ,

2216 944 2382 1013 φαίην
2405 943 2470 997 ἂν
2489 984 2505 1009 ,
2533 943 2611 996 ὄτι
2636 944 2703 995 τά
2739 943 2940 1014 μεγέθη
2973 944 3080 999 τῶν
3103 943 3382 1017 τιμωριῶν
3406 942 3794 997 τετυπὼκασιν

2214 1035 2313 1105 οὐχ
2340 1033 2415 1097 ὡς
2444 1033 2847 1106 μισάνθρωποι,
2878 1036 2994 1089 ἀλλ’
3026 1035 3101 1100 ὡς
3132 1037 3428 1109 κηδεμόνες
3453 1034 3546 1090 τοῦ
3575 1037 3793 1104 γένους.

2216 1124 2363 1195 Αὕτη
2390 1125 2499 1196 γάρ
2531 1125 2778 1196 αύτοῖςή
2830 1126 3032 1197 σπουδὴ
3059 1167 3073 1189 ,
3122 1129 3308 1181 πεῖσαι
3366 1128 3441 1197 μὴ
3494 1126 3799 1197 πονηρεύεο

2217 1216 2374 1270 σθαι·
2409 1216 2471 1270 τό
2500 1217 2558 1271 δὲ
2596 1217 2696 1287 τῆς
2736 1219 3036 1290 τιμωρίας,
3065 1217 3316 1290 δεύτερόν
3357 1235 3410 1273 τι
3449 1219 3542 1272 καὶ
3582 1221 3694 1281 τοῖς
3726 1219 3796 1273 οὗ

2216 1309 2556 1381 πειθομένοις
2602 1309 2941 1382 ὁριζόμενον
2985 1312 3045 1365 ού
3089 1312 3198 1384 7&9
3237 1310 3381 1365 τοῦτ’
3424 1311 3793 1373 ἐσπούδασαν,

2214 1398 2349 1456 εἷναί
2385 1419 2443 1455 τε
2467 1401 2692 1466 πολλοὺς
2722 1404 3009 1473 πονηροὺς,
3038 1407 3132 1457 καὶ
3158 1401 3503 1469 κολάζεσθαι·
3540 1404 3602 1457 τὸ
3632 1406 3797 1459 ἐναν-

2212 1494 2325 1547 τίον
2352 1494 2428 1559 δὲ,
2467 1494 2675 1558 πάντας
2706 1491 2843 1548 εἶναι
2872 1496 3141 1567 χρηστοὺς
3171 1495 3267 1549 καὶ
3299 1495 3565 1567 μηδεμιᾶς
3598 1494 3797 1565 χρείαν

2213 1581 2351 1641 εἶναι
2382 1586 2604 1657 ζημίας.
2663 1586 2801 1639 Ἀλλ’
2834 1589 2881 1641 οἱ
2936 1588 3033 1658 μὲν
3063 1587 3339 1655 φοϐοῦσιν,
3382 1590 3429 1641 oi
3470 1586 3526 1639 δὲ
3561 1588 3798 1657 πονηροὶ

2215 1678 2595 1749 κακουργοῦσι.
2624 1678 2827 1748 Χρόνος
2851 1678 2906 1732 δὲ
2929 1679 3101 1741 οὐδεὶς
3125 1678 3362 1750 καθαρὸς
3392 1676 3587 1741 κακίας
3612 1720 3625 1742 ,
3652 1677 3797 1730 ἀλλὰ

2213 1767 2380 1823 πολλὰ
2413 1770 2506 1823 καὶ
2543 1769 2856 1823 παντοδαπὰ
2891 1768 3210 1833 ἐπιπολάζει
3243 1770 3524 1840 νοσήματα
3548 1808 3563 1833 ,
3592 1768 3659 1820 δι’
3710 1760 3797 1820 ὧν

2211 1857 2511 1911 δεικνύουσι
2543 1860 2618 1929 μὴ
2646 1858 2927 1913 πείθεσθαι
2957 1859 3068 1930 (69)
3102 1862 3213 1922 τοῖς
3241 1859 3448 1929 νόμοις.
3479 1856 3652 1913 Ὅταν
3677 1859 3795 1929 γάρ

541 1955 636 2012 sed
663 1953 827 2009 multa
862 1953 1118 2020 variaque
1147 1952 1199 2004 in
1230 1950 1347 2005 dies
1374 1956 1659 2017 emergunt
1687 1945 1843 2008 mala,
1877 1960 1997 2015 quae
2024 1958 2111 1999 res

2212 1965 2295 2011 τις
2328 1948 2481 2020 δίκην
2513 1950 2621 2020 δῷ,
2663 1950 2797 2021 όμοῦ
2844 1967 2903 2003 τε
2936 1950 3292 2013 κεκόλασται,
3344 1949 3440 2003 καὶ
3485 1950 3543 2003 τὸ
3580 1950 3654 2021 μὴ
3688 1966 3797 2003 πε-

536 2045 719 2117 arguit
757 2044 963 2111 legibus
996 2057 1101 2098 non
1134 2041 1360 2096 obediri.
1397 2038 1528 2093 Cum
1562 2037 1683 2107 quis
1714 2038 1894 2107 itaque
1926 2049 2111 2106 poenas

542 2138 654 2203 dat,
685 2136 844 2192 simul
888 2134 1202 2206 castigatur,
1230 2142 1284 2187 et
1313 2146 1372 2188 se
1400 2130 1695 2202 legislatori
1737 2145 1840 2185 non
1866 2130 2111 2200 paruisse

539 2226 801 2283 ostendit.
840 2224 1091 2293 Quinimo
1144 2223 1242 2293 ipsi
1297 2222 1631 2293 lcgislatores
1679 2235 1783 2275 non
1838 2220 2107 2288 ignorant,

542 2332 649 2373 non
686 2317 1010 2388 persuadere
1039 2329 1095 2371 se
1118 2314 1388 2378 omnibus,
1413 2322 1470 2367 ut
1500 2312 1608 2368 sint
1656 2312 1801 2367 boni.
1834 2310 2108 2381 Supplicia

543 2410 739 2464 etenim
772 2409 1184 2480 praescribentes
1224 2416 1422 2462 norunt
1453 2407 1618 2476 probe
1650 2420 1757 2460 non
1789 2419 1975 2461 omnes
2010 2406 2105 2460 ba-

546 2501 753 2555 bitnros
782 2498 927 2554 dicto
962 2498 1241 2553 audientes
1268 2512 1329 2552 ac
1347 2497 1541 2568 justos.
1576 2495 1786 2551 Suntne
1826 2495 2011 2565 itaque
2040 2496 2103 2550 il-

544 2591 717 2645 lorum
768 2588 982 2645 hostes?
1011 2587 1226 2643 Minime
1248 2602 1400 2655 vero,
1433 2589 1527 2643 sed
1554 2586 1915 2642 meminerunt
1943 2588 2105 2658 legis-

542 2678 742 2733 latores
795 2693 855 2733 se
898 2691 1021 2732 esse
1060 2686 1113 2731 ct
1150 2676 1425 2747 praedicari
1474 2693 1487 2729 :
1538 2675 1766 2744 improbi
1815 2689 1941 2730 vero
1972 2676 2107 2731 male

540 2769 838 2824 multantur
870 2782 935 2824 ac
974 2766 1301 2838 plectuntur.
1341 2767 1539 2823 Eadem
1595 2777 1678 2823 est
1718 2767 1861 2822 ratio
1918 2768 2105 2824 admo-

544 2859 803 2926 nentium,
844 2859 1057 2930 quando
1108 2859 1212 2913 illis
1256 2874 1360 2914 non
1405 2870 1642 2929 paretur.
1692 2858 1806 2913 Non
1860 2860 2003 2914 enim
2043 2875 2107 2914 eo

543 2951 685 3020 quod
718 2950 979 3006 Eusebius
1006 2958 1060 3004 et
1102 2948 1479 3016 Martinianus,
1524 2949 1772 3005 Zosimus
1817 2957 1870 3004 et
1924 2948 2108 3005 Maron

548 3042 736 3096 morbo
796 3040 1175 3097 immedicabili
1242 3041 1510 3106 laborant,
1574 3040 1719 3095 dicto
1785 3050 1963 3095 tamen
2014 3057 2113 3096 au-

546 3131 758 3186 dientes
821 3146 929 3187 non
988 3140 1136 3197 sunt,
1189 3146 1363 3201 neque
1408 3130 1611 3186 iaciunt
1647 3130 1790 3201 quod
1832 3130 2112 3201 jubentur,

2216 2040 2435 2094 πεῖσθαι
2465 2044 2575 2105 τοῖς
2602 2041 2921 2113 νομοθέταις
2947 2041 3207 2095 δείκνυσι.
3238 2040 3452 2095 Μᾶλλον
3473 2042 3530 2095 δὲ
3555 2042 3710 2095 αὐτοὶ
3735 2043 3794 2094 οἱ

2214 2131 2500 2201 νομοθέται
2552 2134 2627 2197 ὡς
2676 2134 2737 2186 οὐ
2786 2134 3033 2186 πείσουσι
3085 2132 3291 2197 πάντας
3340 2127 3481 2186 εἶναι
3514 2131 3792 2200 ἀγαθοὺς,

2216 2223 2412 2278 ἴσασιν·
2446 2228 2497 2280 οἱ
2548 2226 2655 2297 γὰρ
2690 2225 2963 2297 ὁρίζοντες
2994 2225 3091 2289 τὰς
3120 2226 3385 2298 τιμωρίας
3409 2268 3423 2291 ,
3453 2226 3527 2288 ὠς
3554 2226 3615 2278 ού
3649 2226 3793 2280 καθ-

2214 2314 2394 2381 έξουσι
2426 2319 2552 2380 τοὺς
2594 2318 2862 2388 πονηροὺς
2884 2358 2898 2383 ,
2925 2316 3073 2387 δῆλοί
3114 2318 3249 2370 εἰσιν
3279 2317 3495 2382 εἰδότες.
3524 2312 3648 2389 Ἆρ’
3691 2312 3795 2371 οὖν

2210 2407 2440 2463 ἐναντίοι
2472 2409 2644 2474 είσίν;
2679 2410 2753 2463 Οὐ
2785 2410 2977 2479 δήπου.
3025 2408 3163 2462 Ἀλλ’
3203 2410 3309 2462 οὐδ’
3338 2408 3635 2463 ἀπόλλυται
3682 2410 3793 2463 αύο

2209 2502 2320 2563 τοῖς
2354 2498 2415 2553 τὸ
2447 2500 2740 2569 νομοθέτας
2784 2496 2939 2555 εἷναι.
2993 2498 3131 2553 Ἀλλ’
3160 2501 3356 2553 ἐκεῖνοι
3392 2498 3492 2570 μὲν
3529 2497 3748 2570 ᾅδονται
3772 2540 3790 2564 ,

2211 2593 2259 2645 οἱ
2306 2591 2363 2645 δὲ
2411 2590 2843 2661 κακουργοῦντες
2895 2590 3231 2654 κακίζονται.
3289 2589 3349 2643 Ὀ
3398 2588 3562 2651 αὐτὸς
3606 2588 3796 2643 τοίνυν

2212 2682 2367 2753 λόγος
2388 2681 2526 2737 ἔστω
2556 2684 2648 2736 καὶ
2671 2684 2798 2754 περὶ
2824 2682 2933 2736 τῶν
2956 2681 3381 2755 παραινούντων,
3414 2680 3487 2752 μὴ
3513 2681 3796 2735 ἀνυόντων

2208 2774 2285 2830 δέ’
2317 2776 2379 2829 οὐ
2407 2774 2516 2846 γὰρ
2544 2776 2593 2828 εἰ
2623 2774 2879 2838 Εὐσέὸιός
2900 2791 2959 2827 τε
2993 2774 3086 2827 καὶ
3116 2772 3500 2844 Μαρτινιανὸς,
3535 2769 3794 2840 Ζὼσιμός

2209 2883 2271 2920 τε
2310 2866 2406 2920 καὶ
2440 2866 2646 2937 Μάρων
2698 2865 2984 2936 κρείττονα
3027 2864 3321 2936 θεραπείας
3356 2862 3569 2917 νοσοῦσι
3605 2862 3792 2927 νόσον,

2213 2957 2316 3029 ήδη
2348 2960 2459 3022 τοῖς
2496 2957 2853 3030 παραινέσασι
2878 2958 2994 3028 μὲν,
3028 2955 3101 3028 μὴ
3128 2956 3356 3011 άνύσασι
3382 2954 3438 3009 δὲ
3468 2953 3789 3025 ὲγκλητέον-

2215 3048 2351 3101 ἀλλὰ
2400 3048 2620 3112 τούτους
2671 3049 2770 3120 μὲν
2809 3048 3154 3112 ἀποδεκτέον,
3196 3047 3436 3111 ἐκείνους
3487 3046 3544 3101 δὲ
3581 3048 3661 3111 είς
3690 3046 3751 3100 τὸ
3774 3051 3795 3070 ⁸

2219 3138 2354 3210 μηδὲ
2384 3139 2677 3209 θεραπείαν
2708 3137 3062 3209 προϊεμένους
3091 3136 3312 3191 ὠστέον.

542 3224 830 3281 accusandi
884 3225 1134 3281 videntur
1174 3224 1272 3291 illi,
1323 3226 1416 3297 qui
1458 3224 1825 3281 admonitione
1890 3240 1994 3281 non
2052 3232 2461 3297 persuaserint;
2521 3232 2762 3303 quinimo
2807 3231 3059 3289 laudandi
3105 3242 3232 3289 sunt
3307 3232 3437 3289 isti:
3497 3230 3572 3288 illi
3627 3246 3766 3287 vero

538 3317 633 3388 qui
666 3316 985 3373 medicinam
1021 3330 1125 3373 non
1149 3317 1484 3381 admiserint,
1510 3314 1756 3371 feriendi.

1056 3426 1227 3483 CCLl.
1252 3456 1322 3467 —
1351 3424 1581 3482 EIDEM.

2676 3428 2846 3484 ENA'.
2880 3459 2951 3469 —
2982 3428 3069 3501 Tn
3103 3428 3309 3500 arm.

1067 3517 1199 3575 Cum
1223 3518 1505 3573 humilibus
1532 3526 1583 3574 et
1615 3519 1850 3588 superbia
1882 3534 1985 3573 non
2013 3519 2189 3575 eodem
2217 3521 2473 3592 agendum
2509 3524 2681 3577 modo.
2711 3521 2887 3592 (Cani.
2918 3522 3071 3590 epist.
3095 3520 3243 3594 127.)

608 3633 744 3687 Cum
788 3628 944 3686 bonis
985 3627 1201 3699 quidem
1249 3627 1475 3682 remisse
1521 3635 1607 3681 est
1646 3625 1933 3697 agendum,
1982 3640 2105 3681 cum

541 3721 839 3777 audacibus
873 3720 1137 3775 severius.
1163 3716 1295 3773 Nam
1330 3716 1716 3788 benignitatem
1746 3716 1820 3771 illi
1855 3717 2103 3772 virtutem

542 3820 815 3883 reputant,
846 3813 1137 3881 mitemque
1165 3824 1325 3875 esse;
1366 3819 1553 3865 contra
1598 3809 1651 3864 bi
1680 3809 1958 3865 audaciam
1992 3808 2103 3863 for-

542 3904 823 3960 titudinem
874 3903 1160 3958 aestimant.
1216 3901 1371 3971 Apud
1425 3899 1546 3956 illos
1599 3901 1782 3970 itaque
1833 3900 2096 3955 modestia

539 3994 877 4061 adhibenda;
930 3995 985 4049 in
1044 3994 1130 4048 bis
1174 3991 1503 4062 pradidentia
1556 3991 1940 4060 exstinguenda
1993 4000 2097 4055 est,

540 4093 595 4139 et
622 4082 804 4154 opinio
834 4097 899 4137 ex
926 4081 1148 4136 audacia
1198 4088 1359 4136 orta:
1401 4088 1459 4133 ut
1490 4078 1599 4134 illis
1642 4079 1857 4154 quidem
1907 4079 2097 4148 prosit,

542 4148 815 4231 hos-vero
857 4172 1122 4244 deprimat
1157 4170 1461 4240 prudentia.
1505 4168 1691 4239 Neque
1721 4148 1864 4224 enim
1904 4169 2095 4225 iisdem

540 4281 731 4323 omnes
758 4265 1063 4332 capiuntur,
1091 4276 1263 4332 neque
1296 4262 1487 4318 iisdem
1520 4260 1697 4316 cuncti
1733 4259 1988 4315 remediis
2011 4275 2101 4316 cu-

541 4368 752 4421 rantur,
769 4355 872 4412 sed
902 4363 1058 4425 prout
1096 4362 1180 4409 est
1204 4349 1545 4408 affectionum
1567 4347 1877 4416 multitudo,
1908 4346 1988 4405 sic
2014 4356 2099 4405 est

537 4460 591 4506 et
621 4448 974 4504 medelarum.

613 4556 779 4629 633
808 4553 1005 4611 CCL“.
1038 4583 1106 4594 —
1135 4550 1501 4610 DOBOTHEO
1546 4547 2020 4605 PRESBYTERO.

2283 3628 2427 3701 Πρὸς
2459 3629 2559 3699 μὲν
2592 3629 2860 3700 χρηστοὺς
2899 3626 3154 3681 ταπεινὸν
3192 3622 3331 3681 εἶναι
3367 3625 3472 3699 χρὴ
3497 3668 3512 3692 ,
3552 3629 3690 3699 πρὸς
3722 3629 3789 3683 δὲ

2212 3720 2431 3792 θρασεῖς
2480 3720 2699 3792 ὑψηλόν.
2758 3719 2974 3790 Ἐπειδὴ
3020 3719 3128 3789 γὰρ
3158 3718 3208 3771 οἱ
3260 3719 3357 3788 μὲν
3389 3719 3591 3791 ἀρετὴν
3639 3717 3789 3776 εἶναι

2209 3811 2465 3882 ἡγοῦνται
2500 3812 2597 3883 τὴν
2633 3811 2955 3877 ἐπιείκειαν,
2991 3811 3040 3862 oi
3085 3809 3143 3862 δὲ
3177 3809 3400 3881 ἀνδρίαν
3433 3810 3531 3881 τὴν
3569 3811 3785 3883 θρασύ-

2206 3920 2346 3973 τητα
2371 3942 2386 3966 ,
2416 3903 2640 3962 ἐκείνοις
2676 3902 2771 3971 μὲν
2800 3902 2898 3973 τὴν
2922 3901 3423 3973 ταπεινοφροσύνην
3453 3902 3555 3973 χρὴ
3604 3919 3784 3975 προσ-

2207 3993 2413 4063 φέρειν,
2451 3994 2655 4055 τούτοις
2682 3992 2738 4045 δὲ
2771 3990 2867 4061 τὴν
2917 3989 3137 4061 ἀνδρίαν
3158 4030 3174 4054 ,
3208 3991 3565 4046 σϐεννύουσαν
3594 3992 3783 4047 αὐτῶν

2202 4084 2301 4155 τὴν
2332 4084 2439 4138 ἀπὸ
2464 4084 2561 4155 τῆς
2606 4083 2941 4155 θρασύτητος
2982 4081 3158 4146 δόξαν·
3198 4082 3284 4136 ἵνα
3330 4083 3455 4146 τοὺς
3497 4082 3598 4153 μὲν
3630 4084 3783 4154 ὠφε-

2203 4174 2360 4246 λήσῃ,
2386 4176 2510 4237 τοὺς
2537 4174 2594 4227 δὲ
2619 4172 2928 4244 ταπεινώσῃ
2950 4172 3011 4226 τὸ
3038 4172 3311 4244 φρόνημα.
3338 4174 3411 4226 Ού
3438 4174 3545 4244 γὰρ
3572 4175 3783 4241 πάντες

2201 4265 2314 4327 τοῖς
2340 4262 2519 4326 αὐτοῖς
2545 4262 2843 4333 χαίρουσιν,
2879 4261 3001 4314 οὐδὲ
3034 4261 3235 4325 πάντες
3264 4264 3379 4326 τοῖς
3411 4262 3590 4326 αὐτοῖς
3611 4262 3781 4337 θεραι

2202 4353 2459 4407 πεύονται
2487 4351 2845 4423 βοηθήμασιν·
2878 4350 2991 4406 ἀλλ’
3024 4350 3145 4415 ὅσος
3172 4350 3280 4405 τῶν
3317 4351 3503 4406 παθῶν
3526 4356 3554 4407 ό
3581 4354 3777 4425 ἑσμὸς,

2201 4442 2451 4507 τοσοῦτος
2486 4442 2579 4496 καὶ
2600 4445 2629 4496 ό
2657 4440 2765 4495 τῶν
2792 4440 3115 4512 θεραπειῶν.

2450 4549 2614 4603 mea
2637 4577 2708 4589 -
2730 4549 3031 4621 Δοροθεᾳ
3056 4528 3521 4623 ΠΡΕΣΒΥΤΕΡᾳζ

1332 4639 1498 4695 Fama
1526 4640 1871 4708 memoriaque
1903 4639 2156 4692 bonorum
2185 4642 2442 4709 perennis.
2475 4638 2607 4710 (qu.
2642 4641 2793 4707 epist.
2830 4639 2975 4709 5l8.)

609 4752 721 4809 Etsi
753 4751 910 4806 amici
959 4764 1126 4820 nuper
1170 4751 1276 4805 vita
1330 4746 1500 4803 functi
1552 4747 1811 4803 memoria
1862 4749 1999 4817 apud
2048 4758 2098 4804 te

2281 4749 2342 4802 El
2372 4748 2463 4802 καὶ
2502 4748 2645 4801 ἔοικε
2675 4748 2753 4819 τῷ
2778 4746 3032 4802 τεθνεῶτι
3059 4748 3198 4821 φίλῳ
3224 4751 3374 4823 παρὰ
3412 4754 3547 4823 σοὶή
3579 4771 3778 4830 μνημη

540 4860 647 4901 una
674 4842 1016 4898 intercidisse
1044 4841 1311 4906 videatur,
1340 4840 1479 4911 apud
1503 4852 1589 4894 me
1618 4848 1796 4894 tamen
1820 4838 2095 4895 intermori

545 4937 627 4991 illa
668 4949 773 4989 non
804 4940 981 5004 potest
1013 4950 1026 4987 :
1057 4934 1127 4987 ita
1158 4940 1217 4987 nt
1242 4932 1328 4986 hic
1358 4932 1573 5001 quidem
1629 4946 1735 4985 non
1789 4932 2097 5000 exstingua-

542 5039 646 5090 tur.
674 5027 725 5081 in
757 5027 922 5079 altera
953 5038 1080 5079 vero
1114 5024 1220 5078 vita
1255 5024 1422 5093 magis
1453 5023 1743 5078 elucescat.

756 5131 969 5189 CCLlll.
1002 5162 1069 5172 —
1104 5131 1352 5187 ALYPIO
1387 5130 1871 5187 SCHOLASTICO.

2207 4838 2654 4907 συντεθνηκὲναι,
2694 4840 2822 4909 παρ’
2860 4838 2983 4908 ὲμοί
3021 4839 3168 4893 ἐστιν
3204 4840 3505 4907 ἀθάνατος·
3538 4845 3781 4901 ἔνταῦθα

2209 4930 2306 4997 μὲν
2343 4929 2416 4999 μὴ
2446 4929 2863 4999 ἁποθνήσκουσα
2886 4969 2900 4995 ,
2935 4930 3114 4983 ὲκεῖσε
3152 4932 3246 4985 καὶ
3280 4920 3779 5011 μᾶλλονῖωοποιη-

2205 5020 2495 5093 θησομένη.

2446 5128 2613 5181 ΣΝΓν.
2651 5155 2716 5169 -
2765 5127 3022 5199 ΑΛΥΠῙῼ
3062 5129 3517 5203 ΣΧΟΛΔΣΤΙΚῼ.

1262 5222 1339 5278 De
1373 5225 1504 5277 bona
1533 5222 1847 5293 uirginitatis
1878 5221 2121 5291 conjugio
2147 5221 2461 5288 praestantia.
2498 5217 2677 5290 (Cani.
2704 5220 2854 5287 epist.
2882 5219 3033 5290 2l8.)

611 5337 798 5391 Divina
839 5352 926 5391 res
950 5336 1232 5406 virginitas
1261 5349 1364 5400 est,
1409 5341 1761 5401 naturamque
1808 5332 2091 5386 excedens.

544 5425 925 5481 llonorandum
964 5440 1093 5479 vero
1136 5425 1431 5496 legitimum
1464 5435 1547 5479 est
1573 5423 1897 5493 coniugium.
1934 5421 2094 5475 Scor-

2283 5327 2347 5380 'ﬂ
2392 5329 2489 5397 μὲν
2524 5327 2790 5398 παρθενία
2841 5328 3087 5399 θειοτάτη
3139 5329 3257 5383 ἐστὶ
3302 5330 3395 5384 καὶ
3446 5330 3773 5406 ὑπερφυὴς,

2200 5420 2227 5472 ό
2256 5419 2311 5473 δὲ
2342 5418 2565 5489 νόμιμος
2595 5419 2769 5487 γάμος
2792 5418 2990 5488 τίμιος,
3024 5420 3056 5490 ἡ
3083 5419 3138 5472 δὲ
3170 5421 3393 5491 πορνεία
3424 5426 3771 5495 παράνομος,

541 5516 671 5571 tatio
692 5530 825 5571 vero
838 5525 1023 5570 contra
1052 5516 1191 5585 leges
1207 5524 1308 5571 est.
1340 5515 1705 5581 Quamobrem
1732 5513 1819 5568 illa
1846 5512 1982 5567 ccclo
2005 5520 2087 5567 est

2212 5511 2284 5564 ito
2305 5512 2399 5564 καὶ
2427 5513 2459 5579 ἡ
2492 5512 2588 5580 μὲν
2614 5510 2723 5565 τῶν
2748 5511 2992 5581 ούρανῶν
3017 5514 3164 5566 ἐστιν
3193 5514 3336 5579 ἀξία,
3364 5515 3392 5567 ό
3417 5514 3472 5568 δὲ
3507 5518 3604 5591 τῆς
3635 5519 3768 5590 γῆς,

1620 5685 1851 5741 ΥΑΒΙᾸΞ
1893 5682 2270 5739 LECTIONES
2311 5684 2396 5739 ET
2438 5683 2669 5741 NOTAE.

604 5846 722 5914 (68)
758 5846 921 5903 Ambo
946 5845 1100 5899 codd.
1131 5843 1246 5908 πῶς
1278 5850 1486 5899 mutant
1513 5841 1567 5897 in
1602 5840 1723 5896 ποῦ.
1758 5842 1969 5896 Possm.

2271 5839 2379 5913 (69)
2409 5839 2601 5906 Iidem,
2645 5840 2945 5895 πεπεῖσθαι.
2982 5839 3053 5894 In.
