3992 6482
195 493 304 561 MSS

1052 481 1591 546 EPISTOLARUM
1635 477 1776 538 LIB.
1819 474 2232 537 V.-—EPIST.
2271 470 2536 533 CCLVII.

3298 470 3432 537 Μδῦ

188 610 216 680 ἡ
238 606 289 662 δὲ
314 606 398 661 τοῦ
596 607 661 677 τῇ
697 601 794 675 μὲν
823 600 929 672 γὰρ
962 599 1225 664 στέφανος
1251 596 1631 668 χρεωστεῖται,
1657 592 1735 663 τῷ

1880 591 2020 660 igua,
2059 589 2288 642 alterum
2317 596 2458 640 terra
2496 603 2512 639 :
2543 592 2597 638 at
2636 581 2923 639 [οτιιίοοὶίο
2962 583 3167 640 inferis.
3202 583 3294 641 llla
3342 604 3436 643 cu-

189 698 234 750 δὲ
276 695 565 768 σύμμετρον
620 692 913 764 ἐγκώμιον,
962 692 1027 761 τῇ
1079 688 1135 741 δὲ
1185 686 1448 758 τιμωρία.
1500 682 1733 754 Μοιχεία

1846 693 2034 734 ronam
2063 676 2419 745 adipiscitur;
2453 675 2556 730 hoc
2593 673 2835 728 modeste
2863 684 2920 727 ut
2945 673 3228 730 laudetur:
3267 676 3434 732 lorui-

188 766 438 859 γιρςκαι
480 766 636 856 ιρόνος
676 786 814 853 (το).
861 781 956 835 και
997 780 1066 833 τα
1104 779 1238 834 ἄλλα
1272 777 1624 847 πταίσματα,
1659 771 1735 828 ὧν

1878 772 1990 826 atio
2046 785 2175 826 vero
2237 767 2502 838 supplicio
2552 769 2734 838 digna.
2775 766 3116 823 Adulterium
3159 781 3342 825 autem
3383 781 3436 824 et

188 879 292 933 οὐδὲ
327 879 625 949 μνησθῆναι
661 877 855 947 Θέμις,
888 872 1129 942 τοσούτῳ
1161 871 1278 924 ἐστὶ
1318 871 1413 924 καὶ
1456 869 1558 940 τῆς
1599 884 1733 938 πορ-

188 971 314 1036 νείας
348 971 642 1043 βαρύτερα,
693 970 806 1038 ὅσῳ
837 966 944 1019 τῶν
985 964 1128 1020 κατὰ
1167 963 1330 1032 φύσιν
1377 960 1740 1030 πταισμάτων

187 1062 244 1115 τὰ
270 1063 405 1135 παρὰ
435 1063 594 1132 φύσιν
628 1059 965 1132 μιαρώτερα.
1023 1054 1184 1110 Ἀλλὰ
1227 1054 1406 1108 ταῦτα
1457 1052 1635 1106 πάντα
1669 1049 1739 1104 τὰ

187 1154 310 1207 κακὰ
369 1153 622 1223 μετάνοια
673 1149 976 1221 εἰλικρινὴς
1036 1145 1364 1219 θεραπεύειν
1421 1143 1734 1208 ἐπίσταται,

188 1243 313 1310 παρᾶ
339 1243 426 1297 τοῦ
469 1241 654 1314 κριτοῦ
717 1241 816 1313 τὴν
858 1239 1166 1310 ἐπιστήμην
1203 1236 1407 1308 ταύτην
1432 1237 1741 1305 ἐγκεχειρι-

196 1336 362 1407 σμένη.

387 1447 548 1502 sum.
578 1476 644 1488 —
675 1442 981 1512 ΤΙΜΟΘΕῼ
1019 1437 1481 1508 ΣΧΟΛΑΣΤΙΚῼ.

1842 864 2038 924 caedes.
2061 861 2276 932 aliaque
2299 859 2522 932 ﬂagitia,
2549 874 2673 930 quae
2697 861 2778 913 vel
2803 860 3088 915 nominare
3109 861 3181 916 sit
3209 861 3429 922 nefas”.

1848 963 1999 1010 tanto
2044 951 2407 1008 fornicatione
2431 953 2703 1021 graviora,
2729 959 2935 1019 quanto
2969 951 3314 1007 naturalibus
3342 953 3435 1007 de-

1848 1047 1992 1104 lictis
2013 1047 2193 1116 pejora
2228 1054 2373 1111 sunt,
2410 1059 2530 1114 que
2563 1052 2752 1099 contra
2788 1053 3040 1099 naturam
3083 1047 3440 1100 committun-

1849 1149 1956 1196 tur.
1982 1139 2186 1195 Verum
2221 1137 2338 1194 haec
2363 1137 2546 1192 omnia
2579 1135 2770 1191 delicta
2849 1137 3068 1192 sincera
3121 1138 3440 1206 ptenitentia

1849 1232 2074 1304 expiare
2104 1232 2274 1297 novit,
2322 1245 2388 1285 ex
2438 1230 2665 1286 scientia
2730 1244 2893 1300 quam
2950 1245 3198 1286 summus
3250 1231 3446 1287 indidit

1847 1322 2045 1380 ludes.

2026 1429 2250 1488 CCLIV.
2274 1460 2344 1470 —
2375 1426 2727 1485 TIMOTHEO
2762 1425 3260 1485 SCllOLASTICO.

1244 1531 1480 1585 Adversa
1507 1529 1617 1599 pati
1645 1527 1844 1599 injuste
1882 1528 1937 1580 in
1966 1525 2073 1580 vita
2100 1521 2342 1592 perutile.

253 1647 450 1717 Ἐπειδὴ
477 1647 541 1700 τὸ
568 1645 733 1718 μηδὲν
755 1644 948 1699 παθεῖν
973 1645 1030 1695 ἐν
1057 1641 1135 1713 τῷ
1167 1641 1399 1713 παρόντι
1430 1640 1529 1711 βίῳ
1562 1641 1743 1710 κρεῖτο

182 1741 311 1810 τονῆ
349 1740 484 1793 κατὰ
512 1738 816 1810 ἄνθρωπον,
868 1737 1088 1807 ἄμεινον
1122 1735 1182 1787 τὸ
1223 1734 1429 1796 ἀδίκως
1461 1751 1513 1786 τι
1546 1731 1741 1786 παθεῖν

1922 1635 2055 1690 Cum
2094 1635 2144 1688 in
2171 1633 2273 1689 hac
2297 1632 2405 1687 vita
2436 1631 2573 1687 nihil
2601 1632 2813 1688 adversi
2855 1632 3066 1703 perpeti
3101 1647 3267 1703 supra
3296 1647 3445 1689 mor-

1853 1728 2041 1782 talium
2070 1727 2142 1781 sit
2166 1736 2395 1789 sortem,
2430 1727 2504 1779 ita
2532 1725 2727 1780 melius
2764 1723 2962 1792 injuste
2992 1725 3121 1794 quid
3151 1726 3258 1794 pati
3285 1741 3447 1794 quam

186 1833 432 1902 ηδικαίως
458 1831 595 1902 (7|).
649 1830 720 1882 Τὸ
756 1829 854 1898 μὲν
895 1828 1003 1898 γὰρ
1051 1825 1360 1894 φιλοσόφων
1401 1824 1539 1887 ἐστὶ,
1589 1823 1649 1876 τὸ
1685 1822 1744 1876 δὲ

1875 1828 2014 1874 uste.
2049 1817 2160 1872 lloc
2190 1816 2336 1872 enim
2372 1825 2456 1871 est
2487 1815 2919 1886 pbilosophicum
2979 1831 3044 1872 ac
3095 1817 3280 1886 pium;
3319 1817 3448 1871 illud

183 1925 499 1994 κακούργων·
530 1924 592 1977 τὸ
617 1923 716 1993 μὲν
744 1920 1069 1990 εὐδοκίμων,
1095 1919 1159 1973 τὸ
1191 1919 1246 1972 δὲ
1276 1916 1592 1988 ἐργολάϐων
1613 1933 1624 1944 ·
1654 1919 1748 1969 καὶ

1874 1924 1983 1964 tero
2016 1909 2392 1977 improborum
2427 1909 2726 1978 proprium.
2764 1907 2877 1963 lloc
2906 1910 3205 1978 proborum
3236 1924 3299 1964 ac
3332 1909 3451 1964 lau-
3536 1929 3538 1932 ν

184 2015 232 2067 τὸ
260 2017 349 2084 μέν
383 2018 497 2068 ἐστι
529 2014 812 2082 στεφάνων
838 2011 1115 2074 ὑπόθεσις,
1154 2009 1215 2063 τὸ
1237 2010 1294 2062 δὲ
1328 2007 1742 2078 ἁμαρτημάτων

183 2106 435 2171 ἀντίδοσις·
465 2108 524 2161 τὸ
553 2107 652 2177 μὲν
676 2104 956 2174 ὀφειλέτην
980 2102 1269 2174 καθίστησι
1291 2101 1380 2154 τὸν
1409 2100 1564 2165 Θεὸν,
1598 2099 1659 2152 τὸ
1681 2099 1736 2151 δὲ

184 2198 485 2270 ὀφλημάτων
513 2200 633 2252 ἐστὶ
659 2197 924 2261 διάλυσις.

433 2399 604 2452 ΣΝΕἏ
635 2426 704 2437 -
729 2393 1087 2466 ΛΔΜΠΕΤΙῼ
1129 2392 1452 2463 ΔΙΑΚΟΝῼ.

1851 2001 2152 2056 dandorum
2180 2008 2298 2064 est;
2342 1998 2471 2054 illud
2514 1999 2972 2068 sycophantarum
2998 2013 3094 2054 seu
3118 1999 3451 2070 quadrupla-

1851 2103 2052 2147 toruut.
2079 2091 2144 2144 Et
2166 2090 2268 2145 hoc
2291 2090 2509 2160 quidem
2542 2103 2800 2144 coronam
2855 2100 3129 2158 meretur;
3164 2090 3291 2144 illud
3325 2106 3452 2160 pec-

1850 2195 2099 2239 calorum
2145 2193 2227 2238 est
2272 2197 2482 2238 merces
2528 2195 2542 2235 :
2584 2181 2851 2252 hujusque
2902 2183 3115 2239 debitor
3145 2183 3286 2241 Deus
3328 2193 3448 2248 est;

1851 2277 1979 2332 illud
2010 2291 2137 2332 vero
2171 2275 2476 2332 debitorum
2504 2275 2809 2332 dissolutio.

2013 2405 2027 2441 ι
2124 2383 2327 2441 CCLV.
2359 2415 2424 2426 —
2459 2383 2813 2442 LAMPETIO
2847 2385 3166 2444 DIACONO.

611 2487 770 2558 Regis
794 2501 837 2543 et
873 2489 1083 2558 tyranni
1111 2486 1415 2540 discrimen.
1443 2482 1641 2539 Contra
1679 2483 1876 2552 factum
1905 2480 2255 2550 quorumdam
2284 2479 2444 2548 episc.
2478 2477 2640 2547 (Vide
2666 2481 2817 2548 epitt.
2853 2481 2999 2551 126.)

239 2593 363 2647 Λίαν
397 2591 687 2665 θαυμάζω,
731 2595 848 2658 πῶς
883 2594 1030 2657 τινὲς
1075 2594 1174 2666 μὲν
1210 2594 1324 2648 τῶν
1358 2593 1606 2667 ἀρχαίων
1651 2591 1748 2654 τὰς

180 2683 474 2753 τυραννίδας
502 2686 586 2747 είς
625 2685 896 2755 πατρικὴν
941 2683 1270 2754 κηδεμονίαν
1305 2681 1567 2752 ἔτρεψαν
1601 2678 1750 2740 τινὲς

179 2771 228 2824 δὲ
255 2774 357 2827 τῶν
385 2775 505 2828 νυνὶ
542 2772 1000 2845 νεωτεριζόντων,
1045 2772 1141 2826 καὶ
1166 2774 1265 2844 τὴν
1297 2770 1624 2841 ποιμενικὴν
1660 2787 1750 2837 φι-

181 2865 480 2937 λοστοργίαν
531 2868 616 2930 είς
664 2865 995 2939 τυραννικὴν
1046 2864 1376 2934 αὐτονομίαν
1430 2861 1746 2934 μετέϐαλονο

182 2955 266 3025 οὐχ
291 2956 589 3010 ὑπεύθυνον
619 2956 793 3028 ἀρχὴν
821 2955 1292 3028 ὲμπεπιστεῧθαι,
1325 2955 1440 3007 ἀλλ’
1477 2955 1751 3024 αὐτοκρα-

182 3049 389 3119 τορικὴν
427 3048 680 3117 ἐξουσίαν
706 3048 1088 3121 κεκληρῶσθαι
1123 3049 1467 3119 νομίσαντες.

472 3251 655 3320 SNq'.
683 3282 756 3293 —
793 3252 976 3324 Krro
1022 3250 1451 3306 MONAZONTI.

1930 2591 2186 2645 Admiror
2222 2589 2474 2662 equidem
2505 2599 2562 2643 ut
2589 2589 2891 2660 antiquitus
2919 2590 3167 2646 nonnulli
3202 2596 3452 2663 tyranni-

1854 2683 1976 2738 dem
2009 2697 2132 2737 cutn
2161 2681 2340 2750 patrio
2391 2678 2992 2748 permutaruntollicio.
3039 2680 3267 2747 Quidam
3321 2697 3455 2737 vero

1861 2789 2008 2830 nunc
2045 2774 2210 2827 rebus
2240 2771 2396 2826 novis
2420 2772 2724 2837 studentes,
2762 2786 2825 2826 ac
2856 2773 3185 2840 pastoralem
3209 2789 3455 2830 amorem

1860 2880 1984 2937 erga
2020 2879 2239 2936 gregem
2270 2863 2370 2918 sibi
2395 2863 2748 2918 commissum
2770 2863 2824 2917 in
2860 2865 3205 2934 tyrannidem
3235 2875 3455 2921 verten-

1864 2969 1945 3014 tes
1985 2971 2090 3012 non
2139 2964 2419 3021 texerunt,
2457 2954 2610 3023 quasi
2657 2955 2922 3008 creditum
2957 2955 3060 3010 sibi
3108 2965 3254 3010 esset
3291 2956 3460 3027 impe-

1862 3051 2026 3113 rium,
2059 3049 2153 3104 sed
2190 3046 2341 3102 velut
2362 3046 2661 3118 imperandi
2690 3055 3017 3116 potestatem
3046 3056 3192 3105 sorte
3219 3047 3455 3105 oblatam

1863 3140 1970 3194 sint
2009 3139 2177 3194 nacti.

2191 3244 2416 3302 CCLV].
2449 3274 2520 3286 -—-
2544 3242 2733 3300 CYRO
2767 3242 3122 3301 MONACHO.

1554 3341 1630 3396 De
1656 3341 1793 3395 man
1838 3341 2072 3397 incidite.

243 3453 303 3507 Ol
337 3453 427 3509 νοῦ
465 3454 565 3507 καὶ
597 3452 911 3526 φρονήσεως
941 3450 1318 3524 ἁμοιροῢντες,
1361 3448 1600 3513 ἐκείνους
1644 3449 1758 3502 δια·

182 3544 382 3598 τελοῦσι
435 3543 760 3617 μισοῦντες,
813 3542 906 3604 οὓς
957 3545 1024 3596 ἂν
1075 3539 1464 3594 ὑποπτεύσωςι
1517 3539 1760 3609 βελτίους

181 3637 377 3691 ἑαυτῶν
424 3638 608 3701 ὄντας·
652 3637 746 3690 καὶ
777 3636 838 3690 τὺ
887 3638 1042 3707 μῖσος
1085 3632 1381 3704 τρέφουσιν
1429 3631 1530 3685 οὐκ
1557 3632 1649 3700 ἀφ’
1684 3625 1759 3685 ὧν

181 3727 512 3799 ἠδικήθησαν
557 3723 740 3800 (ἦττον
766 3729 874 3800 γὰρ
905 3728 970 3782 ἂν
1002 3722 1069 3798 ἧν
1103 3725 1234 3789 (om;
1263 3724 1484 3792 κακὸν),
1523 3723 1634 3776 ἀλλ’
1667 3723 1758 3790 ἀφ’

177 3810 246 3871 ὧν
268 3817 364 3891 τῆς
388 3818 509 3874 κατ’
548 3818 747 3888 ἀρετὴν
778 3817 1027 3879 εὐκλείας
1050 3816 1540 3886 ἀπολιμπάνονται.

435 3927 605 3984 ΣΝΖ’.
635 3957 703 3968 -
738 3929 988 3998 ΖΩΣΙΜῼ
1026 3926 1500 3996 ΙΙΡΕΣΒΥΤΕΡῼ.

1940 3448 2043 3518 Qui
2092 3458 2276 3506 mente
2325 3450 2724 3521 prudentiaque
2775 3463 2989 3517 carent,
3043 3452 3229 3510 odisse
3284 3453 3463 3509 solent

1869 3555 2127 3616 perpetuo
2185 3559 2322 3614 quos
2371 3559 2494 3600 sese
2558 3545 2812 3600 meliores
2887 3560 3008 3600 esse
3089 3548 3458 3615 suspicantur,

1867 3638 2128 3706 aluntque
2147 3639 2330 3693 odium
2366 3653 2493 3710 erga
2546 3653 2663 3705 eos,
2697 3653 2801 3695 non
2831 3654 2860 3693 a
2888 3639 3084 3710 quibus
3114 3639 3292 3696 allecti
3326 3642 3466 3710 inju-

1872 3731 1950 3785 ria
1980 3739 2106 3785 sunt
2132 3730 2335 3801 (minus
2369 3731 2512 3785 enim
2547 3730 2600 3786 id
2634 3731 2836 3785 malum
2875 3732 3107 3788 fortasse
3151 3731 3336 3798 foret),
3366 3736 3464 3790 sed

1807 3839 1810 3842 ’
1873 3835 1902 3874 a
1945 3823 2146 3892 quibus
2178 3823 2396 3877 virtutis
2438 3823 2605 3891 gloria
2642 3833 2994 3890 superantur.

2084 3929 2334 3985 CCLV".
2363 3961 2432 3971 —
2467 3925 2723 3986 ZOSIMO
2762 3931 3246 3992 PRESBYTEBO.

622 4021 703 4072 Ad
732 4022 921 4073 bonum
960 4022 1149 4074 inuitat
1182 4020 1406 4090 frugem,
1440 4020 1876 4090 acquiescemlum
1903 4024 2141 4077 consiliis
2169 4025 2444 4077 bonorum.
2481 4020 2671 4092 (Supr.
2697 4025 2847 4092 epist.
2874 4026 3025 4096 105.)

241 4130 331 4199 Μὴ
363 4129 464 4200 τὴν
500 4130 567 4181 ὲκ
600 4128 696 4197 τῆς
726 4127 932 4191 οἰκείας
971 4128 1246 4200 ῥᾳθυμίας
1290 4127 1493 4199 ψῆφον,
1533 4129 1631 4200 τὴν
1661 4130 1768 4183 ὑπὸ

174 4221 276 4276 τῶν
307 4221 379 4275 τὰ
413 4222 560 4275 αὑτά
589 4237 672 4274 σοι
705 4219 954 4292 δρώντων
990 4220 1355 4294 κυρουμένην,
1387 4222 1488 4290 τῆς
1515 4222 1770 4293 ἀληθείας

175 4310 309 4371 εἶναι
344 4315 582 4388 νομίσῃς
621 4314 1071 4385 ἀξιοπιστοτέραν
1121 4316 1193 4384 (εί
1227 4315 1337 4386 γὰρ
1371 4317 1467 4370 καὶ
1496 4317 1528 4386 ἡ
1572 4332 1770 4386 χειρωο

175 4409 383 4481 σαμένη
437 4425 498 4461 σε
538 4407 638 4478 τῆς
682 4408 880 4473 κακίας
929 4411 1082 4470 νότος
1114 4409 1291 4463 ταῦτά
1331 4425 1414 4462 σοι
1445 4408 1766 4479 νομοθετεῖ,

1941 4132 2021 4188 Ne
2057 4133 2290 4204 propriae
2334 4133 2566 4204 ignavia:
2593 4135 2918 4191 sententiam
2952 4138 3020 4193 ab
3046 4137 3137 4204 iis,
3171 4138 3336 4211 637
3371 4143 3462 4211 qui

1873 4227 1925 4281 in
1964 4226 2154 4283 eadem
2211 4235 2388 4281 tecum
2436 4226 2590 4296 culpa
2636 4237 2786 4290 sunt,
2818 4210 3204 4286 confirmatam
3230 4210 3462 4286 veritate.

1875 4317 1978 4374 llde
2006 4319 2308 4389 digniorem
2339 4333 2460 4374 esse
2500 4329 2678 4388 putes.
2717 4318 2773 4374 Si
2809 4319 2956 4375 enim
2985 4330 3038 4376 et
3067 4320 3288 4377 malitiae
3315 4339 3464 4379 tuor-

1873 4412 1996 4475 bus,
2035 4426 2143 4480 quo
2198 4409 2430 4480 raperis,
2464 4410 2581 4466 haec
2633 4411 2728 4466 tibi
2784 4413 3108 4482 praescribit,
3152 4415 3468 4486 habeasque

174 4502 263 4553 καὶ
287 4501 420 4564 τοὺς
451 4499 518 4553 τὰ
551 4499 690 4552 αὑτά
716 4515 797 4552 σοι
830 4499 1118 4563 νοσοῦντας
1136 4500 1430 4564 ἐπαινέτας
1459 4499 1617 4571 ἔχεθ’
1651 4499 1756 4552 tm

1874 4503 2178 4557 laudatores
2231 4503 2329 4565 tui,
2376 4503 2467 4571 qui
2511 4503 2700 4556 eodem
2754 4512 2930 4556 tecum
2974 4504 3164 4559 morbo
3192 4504 3464 4570 laborant,

170 4589 300 4664 εἴγε
328 4593 408 4664 μὴ
440 4593 521 4656 εἰς
552 4591 848 4662 ἀνήκεστον
879 4588 1042 4664 ἦλθες
1072 4592 1368 4663 ρᾳθυμίαν,
1402 4593 1502 4646 οὐκ
1525 4593 1634 4646 ἀπὸ
1662 4594 1768 4646 τῶν

172 4683 475 4738 νοσούντων
535 4684 744 4746 δίκαιος
798 4682 864 4736 ἂν
914 4684 1030 4754 εἴης
1079 4683 1265 4737 λαϐεῖν
1324 4684 1426 4749 τὰς
1479 4685 1608 4755 περὶ
1663 4685 1772 4737 τῶν

173 4776 521 4848 πραγμάτων
583 4775 794 4846 ψήφους
857 4776 948 4846 (εί
1001 4776 1112 4847 γὰρ
1160 4775 1372 4835 τούτοις
1427 4777 1612 4846 ἕψοιο,
1683 4777 1775 4829 καὶ

174 4867 432 4939 ἰατρικῆς
487 4867 582 4920 καὶ
643 4867 960 4938 φιλοσοφίας
1009 4867 1447 4939 καταψηφίση),
1497 4867 1613 4922 ἀλλ’
1662 4868 1770 4920 ἀπὸ

171 4955 277 5008 τῶν
323 4955 704 5024 ὑγιαινόντων.
757 4957 820 5010 El
853 4957 895 5010 δ’
947 4957 1120 5020 οὐδείς
1173 4975 1253 5011 σοι
1297 4959 1562 5025 ὑγιαίνειν
1599 4958 1767 5021 δοκεῖ,

174 5048 413 5118 μάλιστα
468 5048 566 5119 μὲν
623 5051 796 5113 νοσεῖς
858 5051 1042 5119 (72)·
1098 5052 1145 5103 εί
1198 5051 1256 5104 δὲ
1310 5052 1600 5114 ἀπιστεῖς,
1653 5054 1770 5114 ταῖς

172 5137 346 5204 θείαις
383 5140 629 5211 Γραφαῖς
658 5139 920 5210 ἐντυχὼν,
960 5142 1079 5213 εἴσῃ
1103 5145 1196 5195 καὶ
1225 5143 1319 5196 τοῦ
1343 5145 1648 5214 νοσήματος
1672 5143 1770 5214 τὴν

171 5232 402 5295 κακίαν,
431 5230 532 5284 καὶ
568 5231 663 5301 τῆς
693 5231 893 5296 κακίας
925 5232 1024 5302 τὴν
1055 5233 1402 5305 ἀπαλλαγήν.

239 5389 286 5422 ⁸³
325 5390 533 5460 Ephes.
569 5404 622 5456 ιν,
659 5390 723 5455 5;
751 5389 961 5446 Coloss.
992 5405 1077 5459 ιιι,
1114 5392 1145 5444 5

1873 4593 1996 4666 (nisi
2043 4594 2094 4648 iu
2147 4592 2500 4649 ineurabilem
2553 4591 2695 4648 forte
2746 4594 2994 4649 morbum
3049 4595 3466 4665 iucidisti),n0n

1873 4688 1947 4742 sit
1975 4701 2188 4756 aequum
2232 4688 2298 4742 ab
2347 4686 2506 4756 aegris
2536 4688 2786 4756 accipere
2831 4701 3013 4740 rerum
3059 4697 3274 4741 tuarum
3323 4688 3470 4756 judi-

1878 4777 2023 4832 cium
2055 4779 2205 4846 (nam
2254 4777 2298 4832 si
2351 4790 2446 4832 eos
2476 4777 2744 4844 sequaris,
2779 4776 3232 4831 condemnaberis
3271 4777 3470 4832 merito

1879 4882 1908 4921 a
1937 4869 2164 4922 medicis
2191 4881 2256 4921 ac
2283 4867 2643 4937 philosophis)
2685 4867 2779 4920 sed
2821 4880 2851 4920 a
2901 4876 3049 4920 recte
3078 4866 3382 4924 valentibus
3407 4883 3470 4921 ac

1878 4957 2046 5014 sanis.
2084 4956 2240 5024 Quod
2283 4957 2328 5012 sl
2365 4972 2525 5012 nemo
2555 4955 2742 5011 valens
2773 4955 2866 5010 tibi
2915 4955 3167 5012 videatur
3212 4959 3469 5029 (aegrotas

1879 5051 2024 5105 enim
2057 5050 2316 5120 valdc)ac
2347 5049 2390 5105 si
2431 5064 2538 5103 non
2578 5048 2757 5104 credis
2790 5055 2935 5103 recta
2964 5049 3239 5115 suadenti,
3277 5053 3345 5105 ad
3384 5066 3473 5106 sa-

1880 5157 2032 5197 cram
2083 5142 2425 5210 Scripturam
2468 5149 2520 5196 te
2570 5141 2821 5209 recipito,
2865 5147 2926 5193 ut
2971 5139 3146 5197 morbi
3171 5155 3473 5213 cognoscas

1883 5233 1989 5288 vim
2021 5241 2074 5289 et
2103 5234 2324 5289 malitia:
2356 5234 2577 5289 haurias
2605 5234 3024 5290 correctionem.

1297 5507 1524 5563 VAllle
1573 5508 1966 5566 LECTIONES
2006 5509 2093 5564 ET
2133 5507 2367 5565 NOTA'J.

240 5641 363 5712 (70)
395 5641 570 5698 Codd.
607 5639 731 5696 Vat.
764 5640 869 5695 650
898 5641 1112 5712 etAlt.,
1138 5641 1350 5712 ςοθὸνος·
1387 5641 1566 5711 placet
1591 5649 1769 5694 tamen

172 5709 305 5767 mihi
342 5709 556 5781 quidem
587 5712 759 5776 magis
782 5713 909 5766 editi
947 5711 1125 5766 lectio.
1161 5709 1371 5765 Possm.

241 5779 372 5853 (7i)
398 5781 540 5853 Edit.
576 5781 775 5853 Paris,
805 5781 1028 5850 ἄμεινον
1051 5782 1120 5853 τὸ
1152 5782 1353 5843 ἀδίκως
1380 5797 1392 5812 ο
1428 5781 1488 5834 τὸ
1533 5781 1630 5850 μὲν
1663 5779 1771 5848 γὰρ

215 5850 487 5922 ιλοσόφων
525 5850 666 5904 ἔστί.
701 5850 875 5908 Locus
910 5851 1188 5923 suppletur
1219 5868 1283 5906 ex
1339 5854 1459 5907 cod.
1490 5853 1596 5905 Alt.
1629 5853 1771 5920 apud

215 5923 488 5976 ‘ossiuum.
514 5921 675 5976 Εοιτ.

218 5938 488 5980 ossmutn.
515 5935 675 5976 I‘.Dl'l'.

1954 5643 2196 5716 (72)_Ed.
2219 5642 2414 5709 Paris.,
2442 5644 2568 5697 εἰσί.
2601 5643 3067 5716 Legendumiesse
3083 5652 3259 5713 νοσεῖς
3289 5664 3354 5703 ex
3384 5666 3469 5705 se-

1882 5713 2173 5788 quentibus
2206 5723 2457 5788 apparet,
2477 5724 2532 5782 et
2559 5713 2708 5788 supr;
2733 5731 2819 5788 e_p_.
2844 5715 2943 5769 159
2963 5756 2976 5779 ,
3002 5732 3125 5788 pag.
3147 5718 3232 5781 79,
3256 5736 3394 5774 vers.
3415 5722 3471 5784 5,

1881 5785 1991 5852 ὅσῳ
2038 5778 2132 5836 οὖν
2437 5785 2465 5836 ὁ
2627 5778 2969 5860 ζαίσθρμενος
3003 5778 3165 5851 ’τέως
3214 5778 3313 5860 τῆς
3384 5778 3472 5843 νόέ

1886 5871 2000 5918 σου,
2035 5864 2140 5909 etc.
2177 5853 2313 5907 V’idc
2340 5865 2390 5908 et
2425 5853 2581 5923 epist.
2623 5855 2655 5908 8
2680 5866 2730 5910 et
2761 5855 2885 5909 269.
2920 5855 3162 5913 Scnor-r.
