3992 6430
223 357 342 427 ιιθδ

1071 363 1604 425 EPISTOLARUM
1636 364 1781 428 LIB.
1825 367 1890 426 ν.
1932 391 1992 400 -·-
2037 366 2274 427 EPIST-
2311 369 2606 430 CCLXXI.

3333 355 3468 418 HM

221 496 317 552 ρων
339 478 611 550 προγόνων
638 481 854 552 ἔχουσα.
891 478 1088 549 [iptqu
1121 478 1222 549 μὲν
1282 481 1389 550 γάρ
1421 478 1775 548 εὐαγγελικὸν
1809 516 1815 540 ι

1902 497 1986 534 nm
2033 483 2182 551 prius
2239 485 2514 536 memorizc
2567 484 2831 553 majorum
2894 493 3013 534 sese
3065 480 3281 547 gerunt.
3323 470 3468 525 Olim

223 571 307 624 καὶ
328 571 682 625 άποστολικὺν
720 569 1157 640 πολιτευομένων
1195 568 1311 639 βίον
1337 568 1443 621 τῶν
1479 570 1576 639 τὴν
1619 571 1779 639 lepu-

221 660 369 733 σύνην
388 663 763 734 ὲστεμμένων,
810 660 1091 730 είκότωςὴ
1124 660 1394 732 ἱερωσύνη
1426 662 1491 731 τῇ
1529 660 1777 732 βασιλείᾳ

220 744 278 818 ἧν
305 749 524 823 φοϐερά·
560 751 658 804 νῦν
697 751 754 805 δὲ
781 753 815 822 ὴ
852 749 1097 821 βασιλεία.
1131 752 1197 819 τῇ
1240 749 1538 821 ἱερωσύνῃ·
1576 750 1778 820 μᾶλλον

219 838 268 890 δὲ
305 838 400 892 οὐκ
434 839 593 912 αὐτῇ,
624 841 758 894 ἀλλὰ
785 843 898 904 τοῖς
932 839 1180 912 ἱερᾶσθαι
1211 840 1310 912 μὲν
1335 840 1572 903 δοκοῦσι,
1601 840 1668 894 δι’
1701 835 1778 895 ὧν

219 929 268 981 δὲ
299 930 624 1000 πράττουσιν
653 931 824 1001 αὐτὴν
859 929 1162 1002 ὑϐρίζουσι.
1206 930 1296 984 Διό
1321 947 1411 1002 μοι
1431 930 1578 984 δοκεῖ
1615 932 1708 985 καὶ
1741 933 1774 1004 ἠ

224 1019 448 1088 βασιλεία
470 1023 694 1086 clx/mo;
723 1025 928 1076 ποιεῖν·
956 1023 1017 1076 οὐ
1047 1021 1154 1094 γὰρ
1172 1023 1272 1092 τὴν
1297 1022 1598 1093 ἱερωσύνην
1624 1022 1780 1094 ὑϐρί-

224 1127 300 1165 σαι
325 1113 703 1185 προῃρημένη,
732 1116 798 1185 ἢν
830 1113 1125 1178 ἐκθειάζει,
1154 1114 1271 1168 ἀλλ’
1296 1114 1580 1185 ἐκδικῆσαι
1620 1115 1779 1187 ὑδρι-

222 1199 457 1274 ζομένην,
505 1205 637 1269 τοὺς
663 1206 723 1259 ού
768 1206 994 1270 δεόντως
1031 1206 1167 1276 αὐτῇ
1203 1205 1521 1277 χρωμένους
1561 1223 1774 1278 σωφρο·

222 1293 359 1356 νίζει.

589 1496 747 1550 Σεθν.
785 1527 854 1537 -
888 1496 1055 1568 nam.
1083 1495 1397 1571 ΔΙΑΚΟΝῼ.

1884 571 2029 625 enim
2090 587 2213 626 cum
2266 573 2636 642 evangelicatn
2698 581 2751 626 et
2792 568 3150 639 apostolicam
3208 564 3472 619 ducerent

1884 661 2049 715 vitam
2099 663 2188 732 qui
2233 664 2406 717 sacris
2458 664 2562 719 rite
2611 663 3006 732 operabantur,
3038 659 3237 714 merito
3302 653 3468 726 regia:

1887 750 2134 820 dignitati
2197 761 2358 805 erant
2406 753 2650 806 terrori:
2689 764 2836 805 nunc
2883 763 3014 804 vero
3067 756 3262 802 contra
3310 745 3462 813 regia

1885 840 2144 910 majestas
2170 841 2462 896 sacerdoti.
2502 841 2594 896 Vel
2624 841 2806 912 potius
2845 856 2952 896 non
2992 839 3118 910 ipsi,
3148 839 3243 893 sed
3272 837 3358 901 iis,
3379 835 3473 904 qui

1885 933 2200 989 sacerdotes
2249 933 2469 1003 quidem
2527 933 2800 997 videnlur,
2850 931 3009 987 iactis
3064 938 3246 984 autem
3301 925 3471 982 statui

1886 1035 2013 1082 sunt
2036 1026 2238 1094 injurii.
2263 1025 2432 1081 Recte
2451 1027 2636 1095 itaque
2661 1025 2955 1082 consulunt
2985 1030 3262 1093 aguntque
3289 1031 3472 1088 reges.

1887 1116 2004 1172 Non
2035 1118 2178 1172 enim
2226 1116 2592 1172 sacerdotium
2644 1117 2842 1171 hedere
2900 1115 3240 1186 propositum
3265 1121 3348 1168 est
3381 1110 3472 1173 iis,

1889 1211 2029 1280 quod
2064 1211 2314 1282 religiose
2337 1211 2436 1280 ipsi
2469 1217 2848 1276 revereantur,
2867 1209 2960 1264 sed
2985 1207 3265 1262 vindicare
3290 1203 3476 1258 laesam

1889 1302 2210 1371 dignitatem
2262 1303 2329 1356 ab
2381 1301 2468 1370 iis,
2518 1302 2613 1372 qui
2673 1315 2783 1356 non
2835 1299 3016 1356 debite
3067 1295 3483 1358 administrant,

1890 1402 2160 1465 satagunt.

2193 1502 2469 1558 CCLXIX.
2497 1502 2805 1559 ---HEL|£
2863 1496 3178 1557 DIACONO.

222 1583 330 1638 Pati
367 1587 612 1655 adversa,
650 1590 887 1643 salutare
913 1591 1120 1659 corpori
1171 1593 1482 1661 animmque.
1515 1589 1750 1713 ((ἲοέιίεὲ.
1779 1595 1932 1661 epist.
1969 1595 2073 1650 234
2111 1607 2159 1648 et
2187 1596 2339 1666 260.)
2382 1615 2401 1648 ι
2427 1599 2468 1651 Α
2507 1595 2732 1652 Domino
2762 1595 3104 1665 corripimur,
3142 1607 3205 1646 rte
3234 1605 3350 1644 cum
3377 1590 3475 1644 hoc

1472 1676 1667 1713 mutuo
1740 1678 2014 1713 amnemnr
2043 1667 2112 1713 ".
2155 1685 2174 1713 ι

1472 1667 1667 1713 mundo
1703 1667 2014 1718 damnentur
2043 1667 2112 1719 “.
2155 1685 2174 1718 ι

283 1766 352 1819 Οὐ
379 1766 504 1832 τοὺς
547 1767 866 1833 πταίοντας,
904 1762 949 1823 ὦ
993 1769 1113 1836 τᾶν,
1142 1769 1236 1822 καὶ
1284 1767 1679 1839 κολαζομένους
1708 1770 1796 1822 ὲν-

1969 1773 2382 1844 Delinquentes,
2416 1775 2549 1830 heus
2591 1775 2688 1828 tul
2731 1782 2787 1829 et
2817 1773 2870 1828 in
2920 1773 3022 1827 hac
3060 1771 3170 1825 vita
3208 1767 3459 1840 castigati

221 1857 376 1912 ταῦθα
406 1858 633 1931 θρηνεῖν
661 1860 790 1932 χρὴ,
819 1860 956 1914 ἀλλά
982 1862 1109 1922 τοὺς
1131 1861 1443 1932 ἀτιμωρητὶ
1465 1860 1780 1923 πταίοντας.

1882 1865 2196 1936 deplorandi
2231 1881 2339 1922 non
2383 1874 2534 1932 sunt,
2558 1866 2653 1922 sed
2698 1866 2792 1936 qui
2839 1862 3094 1934 impuniti
3133 1863 3360 1918 abeunt.
3403 1858 3478 1916 Ut

224 1951 416 2021 Ὥσπερ
446 1951 558 2022 γὰρ
595 1953 657 2006 οὐ
703 1953 765 2006 τὸ
804 1956 978 2020 νοσεῖν
1024 1952 1216 2017 δεινὸν,
1250 1952 1388 2007 ἀλλὰ
1433 1953 1494 2005 τὸ
1524 1952 1786 2006 νοσοῦντα

1900 1958 2028 2013 inim
2059 1973 2162 2014 non
2191 1967 2300 2014 tam
2325 1958 2612 2014 molestum
2637 1966 2721 2012 est
2751 1967 3044 2028 aegrotare,
3077 1968 3244 2025 quam
3289 1954 3484 2008 morbo

221 2039 498 2111 θεραπείαν
551 2044 631 2114 μὴ
669 2044 1025 2115 προσίεσθαι·
1075 2045 1288 2099 οὐδὲτὸ
1329 2045 1473 2116 ἔχειν
1515 2045 1784 2115 σηπεδόνα

221 2129 415 2201 θρήνων
451 2132 630 2200 ἄξιον,
661 2133 797 2188 ἀλλὰ
834 2135 895 2188 τὸ
927 2135 1121 2206 ἔχοντα
1152 2136 1228 2206 μὴ
1267 2115 1557 2189 ἀπολαύειν
1613 2138 1788 2207 ἰατρι-

219 2221 311 2291 κῆς
344 2223 540 2295 τέχνης
600 2223 652 2295 (ό
695 2223 802 2297 γὰρ
817 2225 1164 2296 ’τεμνόμενος
1197 2227 1292 2279 καὶ
1338 2227 1627 2297 καιόμενος
1655 2225 1789 2296 πρὸς

221 2309 504 2382 θεραπείαν
541 2313 740 2380 ὁδεύει,
771 2315 869 2387 τὴν
897 2317 1003 2369 ἀπὸ
1038 2317 1136 2387 τῆς
1171 2316 1466 2388 ἀλγηδόνος
1496 2315 1792 2388 θεραπείαν

221 2405 673 2477 καρπωσάμενος)
693 2421 706 2435 ·
727 2405 870 2461 οὕτω
895 2409 988 2462 καὶ
1017 2409 1111 2461 ἐπὶ
1134 2409 1242 2462 τῶν
1272 2410 1464 2480 ψυχῶν
1489 2409 1792 2463 διακεῖσθαι

221 2497 335 2566 χρή.
365 2498 428 2550 Δί
459 2498 564 2569 μὲν
606 2500 716 2571 γὰρ
746 2499 1106 2572 κολαζόμεναι
1140 2502 1399 2567 ἐνταῦθα,
1423 2503 1572 2576 πρὸς
1604 2502 1793 2570 ὑγείαν

219 2585 484 2642 ἕλκονταιο
531 2591 592 2644 αἱ
632 2591 688 2644 δὲ
726 2593 1036 2665 ἀτιμωρητὶ
1068 2594 1378 2663 πταίουσαι,
1433 2596 1510 2658 είς
1552 2595 1793 2666 ἀναλγη-

223 2678 329 2732 σίαν
356 2679 659 2738 ὁδεύουσιν.

558 2791 681 2849 xo'.
718 2823 791 2834 —
827 2795 1090 2868 EPMtNo
1128 2797 1421 2852 KOMHTI.

1893 2050 2158 2106 medelam
2187 2066 2294 2106 non
2317 2050 2540 2116 aﬂ‘erri;
2590 2049 2754 2122 641
2809 2063 2873 2103 ac
2927 2061 3103 2118 neque
3158 2055 3488 2117 putrescenti

1896 2143 2050 2198 ulcus
2075 2143 2331 2198 lamentis
2364 2143 2706 2210 sitdignum,
2742 2139 2836 2196 sed
2887 2141 3070 2211 potius
3123 2136 3429 2193 remedium
3454 2151 3484 2187 ιι

1898 2237 2110 2291 medico
2139 2250 2245 2290 non
2277 2235 2526 2290 adhiberi
2570 2254 2583 2290 :
2618 2232 2713 2305 qui
2740 2231 2888 2288 enim
2933 2238 3154 2287 secatur
3212 2228 3484 2296 uriturva,

1900 2327 1968 2381 ad
1995 2327 2334 2381 curationem
2370 2332 2649 2394 properat,
2674 2322 2922 2378 dolorum
2976 2327 3336 2391 percepturus
3369 2330 3486 2372 me—

1901 2417 2078 2472 delam
2111 2435 2124 2472 :
2155 2417 2297 2472 idem
2337 2415 2536 2470 animis
2561 2414 2854 2470 usuvenire
2906 2411 3336 2467 existimandum
3378 2415 3484 2462 est.

1900 2508 2032 2576 Quae
2082 2509 2228 2564 enim
2269 2509 2357 2565 hic
2403 2520 2578 2578 poenae
2631 2504 3005 2576 suppliciaque
3052 2502 3377 2568 tolerantur,
3418 2500 3488 2555 ad

1896 2601 2125 2656 salutem
2161 2602 2483 2668 traducunt;
2536 2611 2593 2654 at
2637 2600 2861 2670 impune
2902 2596 2994 2668 qui
3051 2595 3249 2659 ierunt,
3283 2594 3318 2649 ii
3373 2592 3490 2648 fere

1899 2692 2027 2746 mali
2057 2693 2138 2748 sui
2164 2707 2385 2747 sensum
2425 2692 2703 2747 amittunt.

2181 2795 2438 2851 CCLXX.
2489 2825 2561 2839 —
2599 2791 2912 2849 HERMINO
2950 2791 3200 2848 COMITI.

635 2883 970 2942 Tentationes
1002 2887 1237 2955 exemplo
1269 2887 1369 2943 Job
1397 2888 1560 2943 saluti
1588 2905 1718 2944 esse.
1763 2888 2001 2958 (Confer.
2033 2889 2184 2956 epist.
2210 2887 2305 2953 59,
2340 2887 2432 2952 68,
2466 2886 2554 2953 71,
2581 2886 2672 2952 87,
2710 2884 2777 2939 96
2807 2895 2856 2938 et
2881 2881 3032 2952 2:26.)

282 2996 354 3049 υύ
379 2996 605 3059 πάντως
633 2996 702 3050 τά
727 2997 868 3050 αὐτὰ
890 2997 1038 3067 πάθη
1059 2999 1158 3061 τὰς
1179 2999 1352 3062 αὑτὰς
1373 2997 1530 3068 ῥίζας
1554 2998 1787 3069 ἔχουσιν,

217 3086 326 3141 οὐδὲ
364 3090 538 3143 πᾶσαι
569 3089 626 3143 αἱ
656 3088 910 3153 κολάσει-ς
956 3090 1192 3144 ἐνταῦθα
1212 3093 1276 3144 ὲκ
1300 3090 1792 3162 πλημμελημάτων

218 3176 306 3241 τὰς
334 3179 626 3242 ὑποθέσεις
671 3178 914 3249 ἔχουσιν·
944 3179 1059 3233 ἀλλ’
1093 3181 1143 3232 οἱ
1187 3181 1286 3248 μὲν
1320 3181 1388 3234 δι’
1416 3181 1796 3252 ἁμαρτήματα

222 3265 560 3333 κολάζονται,
612 3269 663 3322 oi.
708 3268 766 3322 δὲ
813 3267 899 3321 διά
945 3269 1006 3321 τὸ
1032 3269 1432 3340 δοκιμασθῆναι
1468 3270 1792 3340 πάσχουσιν,

219 3357 278 3411 ἵν’
324 3360 367 3411 οι
439 3360 544 3430 μὲν
583 3359 762 3425 δίκας,
795 3360 843 3413 οἱ
892 3360 950 3413 δὲ
993 3361 1214 3431 δοκίμια
1252 3359 1353 3430 τῆς
1397 3362 1603 3433 ἀρετῆς
1633 3361 1791 3416 δοῖεν.

219 3448 476 3522 Καθάπερ
515 3449 628 3521 γὰρ
677 3451 710 3518 ἡ
761 3449 1036 3520 βασανίτις
1078 3451 1228 3516 λίθος
1273 3453 1365 3506 τὸν
1419 3453 1619 3524 χρυσὸν
1653 3454 1797 3507 δοκι-

222 3539 396 3610 μάζει,
429 3541 491 3607 ὲξ
537 3536 607 3613 ἦς
640 3541 790 3595 λίθου
826 3536 982 3614 οἶμαι
1016 3543 1113 3597 καὶ
1142 3544 1202 3597 τὸ
1235 3544 1622 3614 βασανίζεσθαι
1658 3546 1793 3600 ὠνο-

221 3632 722 3702 ματοπεποιῆσθαι·
781 3633 924 3686 οὕτω
972 3635 1066 3687 καὶ
1117 3634 1167 3687 οἱ
1214 3635 1514 3706 πειρασμοὶ
1552 3637 1679 3698 τοὺς
1720 3635 1798 3687 δι-

219 3723 398 3789 καίους
443 3725 785 3794 ἐλέγχουσιν,
829 3724 903 3786 ὼς
939 3724 1032 3778 καὶ
1059 3725 1135 3795 τῷ
1190 3724 1310 3779 ’1ὼὸ
1356 3725 1580 3797 ἐρῤέθη’
1624 3747 1640 3777 ι
1680 3725 1797 3779 Οἴει

221 3831 281 3884 με
318 3816 495 3879 άλλως
537 3831 620 3868 σοι
648 3816 1136 3886 κεχρηματικέναι,
1170 3817 1202 3886 ἢ
1235 3816 1324 3870 ἵνα
1353 3817 1692 3888 ἀναφανείης
1717 3817 1798 3870 δί-

1970 2998 2302 3056 Aﬂ‘ectiones
2334 2998 2536 3056 eaedem
2591 2997 2810 3052 radices
2856 2995 3061 3050 habent
3114 3008 3222 3049 non
3268 2990 3490 3047 omnino

1900 3091 2141 3157 easdem,
2175 3100 2232 3146 ut
2282 3104 2459 3162 neque
2485 3104 2662 3160 preme
2693 3087 2782 3143 hic
2811 3101 2999 3142 omnes
3031 3101 3098 3139 ex
3129 3093 3372 3155 peccatis
3399 3083 3492 3139 ba-

1897 3184 2030 3238 bent
2061 3181 2370 3252 originem:
2406 3182 2501 3237 sed
2538 3180 2629 3234 alii
2661 3180 2732 3235 ob
2763 3177 2996 3234 crimina
3039 3177 3358 3246 puniuntur,
3398 3175 3488 3231 alii

1900 3289 2052 3339 vero,
2089 3282 2148 3328 ut
2188 3274 2488 3344 probentur
2540 3272 3024 3341 explorentnrque,
3068 3269 3191 3325 ideo
3216 3269 3490 3338 castigan-

1900 3374 2006 3418 tur.
2040 3363 2115 3418 llli
2141 3364 2358 3434 quidem
2401 3371 2456 3418 ut
2482 3376 2673 3432 pcnnas
2711 3362 2859 3425 dent,
2890 3360 2942 3414 hi
2998 3375 3128 3416 vero
3179 3367 3237 3414 ut
3275 3359 3495 3415 virtutis

1900 3455 2029 3507 dent
2058 3454 2354 3522 specimen.
2390 3452 2859 3520 Quemadmodum
2920 3451 3054 3520 lapis
3097 3451 3242 3505 enim
3291 3448 3495 3519 Lydius

1901 3541 2217 3614 βασανίτης,
2249 3543 2568 3610 eprorator,
2589 3542 2787 3604 dictus,
2817 3539 2960 3610 quod
2983 3552 3170 3592 aurum
3196 3538 3442 3605 exploret
3475 3556 3492 3591 :

1902 3635 2045 3688 unde
2092 3643 2149 3688 et
2173 3632 2422 3688 Graecum
2451 3633 2675 3688 verbum
2729 3629 3119 3702 βασανίζεσθαι
3151 3643 3247 3700 pro
3289 3628 3493 3682 exami-

1903 3741 2032 3779 nare
2067 3732 2117 3779 et
2152 3725 2428 3794 explorare
2458 3723 2763 3777 derivatum
2796 3739 2808 3776 :
2859 3724 2940 3779 sic
2974 3733 3030 3778 et
3067 3724 3198 3792 ipsa:
3230 3719 3480 3775 tentatio-

1901 3831 1998 3872 nes
2044 3816 2222 3886 justos
2273 3817 2572 3871 ostendunt
2632 3830 2698 3870 ac
2759 3815 3010 3883 probant,
3070 3824 3130 3867 ut
3176 3811 3275 3867 Job
3308 3810 3490 3866 dixit:

219 3924 398 3973 καιοςς
444 3927 462 3960 ι
522 3910 587 3960 υἱ
635 3907 695 3961 δὲ
746 3907 961 3977 ἀνόητοι
1009 3909 1118 3961 ἀπὸ
1166 3907 1274 3961 τῶν
1332 3911 1657 3979 πειρασμῶν
1706 3911 1800 3963 καὶ

1909 3925 1928 3959 ι
1971 3907 2137 3962 Putas
2159 3922 2244 3962 me
2271 3907 2433 3961 aliter
2454 3905 2804 3973 respondisse
2829 3905 2924 3960 tibi
2957 3919 3116 3975 quam
3143 3913 3200 3957 ιιι
3230 3915 3493 3972 apparens

219 4000 337 4062 τοὺς
387 3998 543 4068 βίους
591 3997 700 4050 τῶν
736 3997 1145 4068 πειραζομένων
1179 3999 1578 4056 διαϐάλλουσιν.
1621 4003 1798 4076 Ὅπερ

1897 3998 2078 4068 justus
2107 3998 2188 4051 “i
2225 4016 2244 4050 ι
2287 3996 2612 4068 insipientes
2665 4011 2795 4052 vero
2849 3993 2920 4050 ob
2960 3995 3288 4050 tentationes
3328 3992 3493 4047 vitam

221 4091 308 4142 καὶ
337 4092 384 4143 οι
408 4090 506 4142 τοῦ
556 4089 676 4141 Ἰὼϐ
711 4088 874 4156 φίλοι,
917 4090 1012 4143 καὶ
1044 4092 1071 4142 ὁ
1092 4091 1308 4160 Σεμεεὶ,
1339 4093 1430 4145 καὶ
1457 4093 1506 4145 οἱ
1534 4092 1799 4165 βάρϐαροι

1903 4090 2116 4144 illorum
2147 4089 2238 4159 qui
2271 4100 2550 4146 tentantur
2571 4089 2953 4152 criminantur,
2977 4098 3037 4141 ut
3065 4095 3116 4142 et
3142 4086 3302 4140 amici
3326 4086 3496 4155 ipsius

221 4180 575 4235 πεπόνθασιν.
628 4181 689 4233 Οἱ
735 4179 833 4249 μὲν
868 4179 976 4250 γὰρ
1014 4179 1200 4249 ἔλεγον
1233 4181 1309 4250 τῷ
1342 4181 1572 4252 ἁοιδίμῳ
1604 4199 1801 4250 στεφα-

1902 4183 2024 4251 Job,
2048 4193 2104 4239 et
2134 4183 2337 4249 Semei,
2389 4198 2452 4237 ac
2492 4181 2708 4236 barbari
2746 4180 3018 4234 fecerunt.
3059 4176 3138 4232 llli
3182 4177 3325 4232 enim
3371 4175 3494 4230 illu—

219 4272 332 4347 νξτῃ
369 4273 454 4344 τῷ
509 4274 691 4325 πᾶσαν
733 4270 826 4324 τοῦ
879 4271 1126 4326 διαϐόλου
1183 4274 1520 4343 συγκόψαντι
1567 4275 1666 4346 τὴν
1712 4275 1801 4328 δύ-

1903 4276 2002 4330 stri
2051 4275 2292 4342 athletae,
2329 4275 2419 4345 qui
2462 4290 2679 4330 omnem
2726 4272 2988 4329 daemonis
3021 4272 3183 4342 fregit
3214 4272 3494 4338 impetum,

220 4382 396 4435 ναμιν·
441 4382 462 4415 ι
514 4364 628 4416 Οὐκ
665 4360 788 4426 ἄξια
815 4355 888 4415 ὧν
919 4364 1247 4435 ἡμάρτηκας
1282 4366 1730 4436 μεμαστίγωσαι;
1774 4388 1791 4420 ι

1905 4367 2160 4422 dixerunt
2203 4387 2216 4422 :
2270 4387 2288 4420 ι
2360 4366 2553 4423 Nonne
2612 4367 2773 4436 digne
2826 4366 2897 4422 ob
2937 4373 3158 4435 peccata
3198 4362 3497 4432 ﬂagellatus

231 4457 284 4510 Ὀ
328 4457 384 4510 δὲ
437 4456 765 4524 ἀνδροφόνον
813 4455 999 4509 ἐκάλει
1031 4456 1120 4508 τὸν
1168 4458 1494 4525 πραότατον,
1541 4459 1650 4511 ἀπὸ
1697 4460 1796 4530 τῆς

1910 4473 1970 4514 cs
2005 4459 2098 4513 ‘7?
2141 4479 2158 4511 ι
2197 4460 2377 4516 Semei
2407 4475 2534 4513 vero
2561 4458 2910 4514 mitissimum
2947 4455 3202 4510 Davidem
3238 4455 3498 4508 inclamat

224 4550 510 4620 συμφορᾶς
544 4546 751 4617 ταύτην
781 4546 961 4616 φέρων
993 4546 1124 4617 περὶ
1159 4547 1325 4600 αὑτοῦ
1368 4548 1466 4619 τὴν
1495 4548 1694 4620 ψῆφον.
1736 4553 1798 4604 Oi

1913 4562 1969 4604 ut
2028 4552 2378 4615 lunnicidam,
2430 4549 2756 4606 calamitatis
2810 4549 2914 4604 hoc
2972 4546 3156 4601 ferens
3204 4543 3494 4610 judicium.

223 4640 274 4693 δὲ
322 4639 519 4710 ἐπειδὴ
554 4640 582 4690 ό
617 4639 730 4709 ἔχις
772 4636 883 4709 (75)
932 4637 1031 4707 τῆς
1075 4638 1257 4708 χειρὸς
1308 4639 1485 4710 εἴχετο
1536 4641 1637 4709 τῆς
1670 4644 1804 4695 ἀπορ

1907 4643 2131 4698 Barbari
2163 4660 2292 4699 vero
2350 4645 2425 4712 (in
2462 4643 2638 4698 Melita
2675 4640 2894 4712 insula),
2929 4654 3052 4695 cum
3101 4638 3292 4708 anguis
3343 4635 3496 4690 Pauli

226 4732 500 4801 στολικῆς,
539 4728 779 4797 ἔφασκον
800 4745 814 4759 ο
854 4747 871 4780 ι
908 4729 1134 4792 Πάντως
1166 4733 1356 4796 φονεύς
1387 4732 1801 4792 ὲστινόάνθοω-

1909 4749 2127 4788 manum
2169 4734 2638 4804 apprehendisset,
2666 4733 2983 4803 jactarunt:
3029 4747 3047 4780 ι
3085 4728 3281 4798 Utique
3315 4726 3495 4782 homi-

226 4838 320 4886 πος
357 4817 539 4887 ὦτος,
576 4822 634 4874 ὃν
666 4819 1001 4875 διασωθέντα
1047 4819 1111 4873 ὲκ
1143 4821 1241 4892 τῆς
1293 4821 1565 4894 θαλάττης
1595 4826 1627 4893 ὴ
1681 4824 1802 4895 δίκη

1909 4825 2029 4879 cida
2064 4834 2148 4880 est
2172 4827 2257 4881 hic
2284 4826 2444 4880 homo
2475 4844 2488 4880 :
2547 4826 2638 4894 qui
2670 4841 2793 4880 cum
2819 4821 3053 4878 evaserit
3095 4835 3126 4876 e
3172 4817 3332 4885 mari,
3365 4816 3499 4872 ultio

227 4915 322 4986 ζῇν
353 4916 458 4968 οὐκ
488 4914 689 4968 εἴασεν.
732 4931 750 4963 ι

1913 4933 2016 4971 ιιοιι
2053 4919 2182 4973 sinit
2212 4933 2333 4973 eum
2368 4920 2548 4974 vivere
2579 4919 2641 4972 ⁸⁸.
2688 4937 2705 4970 ι

641 5005 804 5058 Συλο.
971 5005 1390 5077 ΘΕΟΓΝΩΣΤῼ.

2268 5009 2543 5065 CCLXXI.
2564 5040 2632 5052 -ο
2657 5005 3122 5064 THEOGNOSTO

228 5099 454 5164 Dicitiw,
489 5099 672 5163 Itonor,
698 5108 746 5152 et
785 5101 1067 5166 prudentia
1101 5100 1354 5164 lttmtmta,
1382 5101 1756 5221 (adut-afﬁni,
1793 5100 2254 5224 ideoqtthp’tgrsmt
2290 5103 2394 5157 Deo
2432 5104 2713 5172 conﬁdere.
2749 5100 2928 5170 (Cotti.
2957 5101 3108 5169 epist.
3154 5101 3210 5164 ’5,
3235 5098 3303 5154 50
3326 5109 3370 5152 et
3406 5097 3496 5164 58,

1527 5179 1572 5221 et
1621 5186 1636 5222 t
1679 5211 1691 5222 .
1728 5186 1787 5222 ιιι
1825 5174 1976 5224 enisi.
2010 5195 2075 5224 ..ο
2117 5184 2156 5224 .ι

1527 5179 1572 5221 et
1600 5174 1691 5222 lib.
1728 5186 1787 5222 ιιι
1825 5174 1976 5239 epist.
2005 5174 2156 5242 9.50.)

294 5283 486 5344 οὐδὲν,
521 5273 566 5332 ὦ
609 5279 902 5349 Θαυμάσιε,
947 5280 975 5330 ό
1013 5277 1265 5342 πλοῦτος,
1301 5277 1403 5330 κᾶν
1450 5277 1612 5341 πολὺς
1714 5279 1806 5332 καὶ

227 5373 493 5428 πάντοθεν
521 5371 787 5442 ἐπιρρέῃ·
831 5370 978 5423 οὐδὲν
1020 5370 1080 5424 τὸ
1123 5368 1362 5440 ἀξίωμα,
1392 5369 1493 5422 κᾶν
1527 5369 1803 5440 βασιλικὸν

1989 5281 2218 5344 Divitiae,
2258 5282 2339 5335 vir
2376 5282 2714 5347 admirando,
2768 5281 2867 5336 etsi
2922 5279 3127 5344 multat,
3160 5285 3213 5332 et
3257 5277 3498 5347 undique

1915 5369 2213 5436 aﬂiucntcs,
2254 5373 2384 5426 nihil
2419 5384 2560 5438 sunt,
2600 5388 2771 5442 neque
2805 5372 3060 5440 dignitas,
3095 5386 3161 5427 ne
3208 5370 3354 5441 regia
3384 5369 3505 5442 qui-

301 5529 344 5559 ⁶⁸
374 5527 542 5583 lCor.
582 5537 656 5588 ιιι,
690 5521 779 5576 32.
871 5522 913 5551 ⁸⁵
942 5519 1042 5576 Job
1079 5535 1273 5586 uxrn,
1302 5521 1388 5576 32.
1469 5523 1511 5553 ⁵⁷
1546 5523 1674 5577 ibid.
1753 5525 1795 5554 ³⁸

1902 5535 1939 5580 ι.
1983 5541 2172 5588 xxvm.
2210 5529 2260 5582 4.

1332 5639 1567 5694 VARLE
1609 5641 1990 5697 LECTIONEQ
2033 5644 2116 5697 ΕΤ
2165 5645 2395 5700 ΝΗΤᾹῙ.

302 5777 413 5851 (75)
447 5777 549 5835 l‘ro
574 5777 600 5830 δ
630 5775 741 5847 ἔχις
773 5775 926 5832 ambo
951 5774 1105 5832 codd.
1135 5775 1330 5832 habent
1368 5777 1396 5847 ἡ
1427 5776 1556 5840 5",";
1597 5777 1801 5835 νοτ-ἢκ.
