3992 6464
553 380 683 448 1499

1755 379 1813 439 S.
1854 377 2145 440 ISIDORI
2182 374 2616 437 PELUSIOTB

3636 364 3774 430 13-00

549 495 618 551 sb
640 493 883 549 omnibus
913 495 1079 547 honos
1106 489 1476 546 sacerdotibus
1507 487 1745 554 habitus,
1770 487 1936 560 644
1972 502 2110 544 nunc

2219 488 2494 558 προγόνων
2523 484 2820 556 εἰλικρινὴς
2845 480 2978 556 τιμὴ
3015 481 3164 553 παρὰ
3195 480 3410 535 πάντων
3438 477 3548 540 τοῖς
3576 478 3773 546 ἐστεμ-

548 597 677 640 vero
699 581 975 653 prudentia
999 581 1138 651 pleni
1163 580 1407 634 homines
1437 589 1618 649 aperte
1654 594 1747 636 eos
1809 580 2101 648 reprehen-

550 675 698 730 dant.
729 672 837 726 Alii
881 687 1063 727 coram
1103 670 1316 740 quidem
1364 677 1698 734 reverentur,
1738 669 1949 724 occulte
1978 682 2103 724 vero

550 763 926 817 criminantur.
958 762 1026 816 Et
1053 761 1140 815 alii
1180 761 1394 830 quidem
1427 758 1661 827 fugiunt,
1694 759 1782 814 alii
1824 773 1950 814 vero
1976 759 2104 828 ipsis

547 850 964 916 adblandientes,
1011 865 1116 919 quo
1147 849 1321 903 moliri
1363 849 1465 903 illis
1493 850 1714 904 insidias
1763 860 1980 919 queant,
2012 849 2107 904 ob-

549 950 798 995 treCtant.
825 940 1019 997 Verum
1045 940 1095 994 id
1120 955 1217 1010 ego
1241 939 1372 993 nihil
1397 939 1582 998 miror.
1600 940 1732 994 Cum
1754 941 1895 994 enim
1918 939 2103 995 eadem

547 1045 668 1085 cum
707 1031 836 1099 ipsis
869 1045 973 1084 non
1014 1039 1196 1100 agant,
1225 1043 1323 1083 nec
1354 1029 1537 1082 eadem
1572 1028 1731 1083 etiam
1763 1043 2106 1098 consequun-

550 1129 639 1174 tur
667 1139 681 1175 :
708 1121 800 1174 sed
829 1119 935 1174 illis
971 1121 1244 1175 contraria
1299 1119 1598 1185 molientes,
1637 1119 1910 1174 contraria
1946 1134 2106 1189 expe-

551 1211 780 1263 riuntur.
816 1209 1012 1264 Contra
1047 1210 1188 1263 enim
1214 1209 1587 1263 admirandum
1624 1216 1788 1271 esset.
1826 1208 1869 1262 si
1899 1209 1987 1277 qui
2023 1208 2106 1262 ni-

549 1301 626 1354 hil
656 1315 751 1369 par
782 1301 1070 1368 majoribus
1100 1310 1280 1370 agant,
1315 1314 1496 1369 parem
1534 1315 1658 1354 cum
1711 1300 1817 1355 illis
1843 1300 2104 1354 honorem

550 1399 1029 1459 consequerentur.
1055 1389 1135 1444 Ab
1169 1390 1273 1444 illis
1305 1390 1595 1458 majoribus
1618 1391 1780 1444 etiam
1823 1399 2106 1458 peccantes

549 1489 700 1544 reges
720 1476 1149 1546 castigabantur,
1184 1479 1250 1530 ab
1278 1478 1360 1531 his
1384 1491 1449 1530 ne
1476 1479 1667 1547 privati
1724 1479 1937 1547 quidem
1974 1494 2107 1548 opu-

549 1563 803 1621 lentiores
846 1585 860 1621 :
901 1567 1142 1634 quinimo
1201 1567 1246 1622 si
1296 1567 1379 1622 vel
1428 1582 1714 1635 pauperem
1760 1569 1994 1637 aliquem
2041 1569 2108 1623 ad

550 1653 756 1724 frugem
812 1657 1088 1712 meliorem
1139 1672 1394 1714 revocare
1425 1660 1776 1725 contendant,
1822 1659 2109 1713 exsibilan-

551 1753 660 1810 tur,
709 1754 762 1800 ut
799 1748 889 1816 qui
931 1747 1120 1802 iisdem
1170 1762 1313 1817 saepe
1373 1749 1517 1803 vitiis
1562 1750 1699 1816 capti
1733 1759 2000 1812 tenentur,
2039 1751 2107 1803 ob

2207 580 2390 650 μένοις
2437 579 2539 648 τὴν
2595 577 2891 648 ἱερωσύνην
2969 575 3292 643 ἁπενέμετο,
3354 571 3448 624 νῦν
3491 567 3548 621 δὲ
3584 568 3634 620 οἱ
3673 568 3773 637 μὲν

2205 670 2547 740 φρονήματος
2596 668 2998 739 ἐμπλησθέντες
3059 664 3307 735 φανερῶς
3359 663 3556 724 αὐτοὺς
3617 677 3776 730 κωμ-

2204 758 2456 830 ῳδοῦσιν·
2485 760 2532 812 oi
2562 758 2618 812 δέ
2656 758 2796 811 κατὰ
2846 757 3131 830 πρόσωπον
3164 753 3460 818 αἰδοῦνται,
3497 752 3670 822 λάθρα
3714 750 3775 804 δὲ

2207 849 2508 914 κακίζουσι.
2551 848 2662 903 Καὶ
2689 849 2737 902 oi
2774 848 2870 918 μὲν
2900 847 3210 916 φεύγουσιν,
3241 849 3288 900 οἱ
3311 845 3367 898 δὲ
3390 845 3568 897 καίτοι
3607 842 3773 895 κολα-

2206 937 2455 999 κεύοντες
2486 936 2701 997 αὐτοὺς,
2749 934 2837 987 διὰ
2866 933 2926 986 τὸ
2953 934 3048 986 καὶ
3076 931 3449 986 ἐπιϐουλεύειν
3486 928 3772 991 δύνασθαι,

2205 1024 2567 1095 διασύρουσιν.
2633 1022 2772 1090 Ἐγὼ
2817 1022 2872 1076 δὲ
2917 1023 2978 1075 οὐ
3020 1021 3176 1074 τοῦτο
3230 1018 3515 1090 θαυμάζω.
3553 1017 3627 1070 Οὺ
3661 1017 3774 1086 γὰρ

2205 1114 2273 1167 τὰ
2302 1114 2441 1166 αὐτὰ
2477 1111 2705 1174 ἐκείνοις
2743 1112 3071 1183 πράττοντες
3113 1110 3222 1163 τῶν
3259 1110 3437 1162 αὐτῶν
3471 1110 3532 1160 οὐ
3570 1105 3777 1175 τυγχά-

2207 1221 2406 1268 νουσιν,
2438 1203 2576 1257 ἀλλὰ
2619 1203 2879 1259 τάναντία
2924 1202 3151 1265 ἐκείνοις
3203 1199 3634 1270 ἐπιτηδεύοντες,
3659 1197 3776 1250 τῶν

2207 1296 2461 1348 ἐναντίων
2498 1294 2817 1363 πειρῶνται.
2867 1293 3188 1346 Τοὺναντίον
3213 1293 3318 1362 γὰρ
3352 1291 3416 1344 ἂν
3470 1287 3537 1360 ἦν
3564 1291 3778 1358 θαυμα-

2209 1389 2350 1452 στὸν,
2376 1389 2423 1440 εί
2450 1387 2614 1457 μηδὲν
2636 1386 2912 1449 ποιοῦντες
2929 1385 3037 1438 τῶν
3055 1386 3329 1455 προγόνων
3354 1385 3488 1447 ἴσον,
3510 1383 3600 1436 καὶ
3626 1380 3775 1453 [τῆς]

2207 1480 2376 1549 αὐτῆς
2401 1477 2567 1547 τιμῆς
2595 1477 2821 1549 ἐκείνοις
2842 1475 3158 1545 ἐτύγχανον.
3203 1474 3328 1528 Ἐπὶ
3361 1473 3460 1543 μὲν
3485 1472 3593 1543 γὰρ
3619 1473 3775 1525 ἐκεί-

2207 1585 2311 1622 νων
2351 1569 2444 1622 κα)⁵
2488 1567 2737 1640 ,βασιλεῖς
2791 1564 3074 1627 πταίοντες
3120 1564 3566 1634 ἐσωφρονίζοντο,
3601 1564 3695 1614 ἐπὶ
3718 1560 3780 1613 δὲ

2205 1658 2409 1711 τούτων
2452 1658 2571 1710 οὐδέ
2607 1655 2811 1709 ἰδιῶται
2860 1654 3106 1708 πλούσιοι
3135 1671 3149 1685 °
3200 1655 3304 1707 xiv
3339 1651 3672 1724 σωφρονίσαι
3719 1651 3779 1704 δέ

2209 1768 2332 1804 τινα
2368 1751 2580 1818 πένητα
2630 1749 3070 1819 ἐπιχειρήσωσιν,
3124 1746 3492 1811 ὀνειδίζονται,
3556 1744 3630 1806 ὡς
3683 1743 3785 1796 ἐπὶ

549 1851 667 1906 qua
693 1837 826 1892 alios
871 1840 1068 1891 audent
1115 1839 1530 1905 reprehendere.
1581 1839 1938 1905 Quamobrem
1977 1839 2104 1894 olim

2219 1846 2324 1904 τοῖς
2400 1841 2582 1903 αὐτοῖς
2639 1839 2854 1901 ἁλόντες
2905 1837 3189 1901 πολλάκις,
3252 1839 3336 1905 ἐφ’
3391 1833 3472 1900 οἷς
3534 1835 3784 1896 ἐκείνους

549 1927 801 2007 sacerdos
827 1928 1018 1997 populo
1040 1940 1155 1984 erat
1180 1929 1573 1995 formidabilis;
1615 1945 1754 1984 nunc
1794 1941 1977 1987 contra
2012 1947 2108 2000 po-

552 2016 704 2087 pulus
739 2020 932 2073 terrori
967 2030 1049 2073 est
1079 2021 1368 2074 sacerdoti.

732 2141 1050 2198 CCLXXIX.
1077 2173 1148 2184 -
1180 2144 1544 2199 HERACLIDI
1575 2145 1921 2203 EPISCOPO.

2219 1931 2545 2001 σωφρονίσαι
2584 1929 2969 2000 τετολμήκασι.
3011 1929 3210 2000 Διόπερ
3264 1927 3454 1998 πρώην
3505 1928 3602 1997 μὲν
3653 1921 3727 1996 ἦν
3754 1926 3787 1978 ὁ

2219 2020 2396 2092 ἱερεὺς
2427 2020 2501 2089 τῷ
2534 2017 2647 2082 λαῷ
2681 2017 2930 2090 φοόερὸς,
2969 2018 3063 2072 νῦν
3089 2019 3144 2072 δὲ
3176 2020 3204 2072 ὁ
3248 2018 3375 2080 λαὸς
3400 2017 3476 2086 τῷ
3515 2019 3670 2088 ίερεί.

2451 2147 2613 2201 208'.
2650 2177 2722 2187 —
2749 2146 3150 2218 ΗΡΑΚΛΕῙΔῌ
3176 2144 3547 2214 ΕΠΙΣΚΟΠῼ.

1353 2237 1608 2291 Blandius
1635 2240 1912 2308 agendum,
1941 2256 2082 2294 more
2120 2241 2328 2306 medici,
2353 2241 2408 2293 in
2441 2238 2647 2294 delictis
2680 2238 2974 2306 puniendis.

622 2339 868 2409 Magnum
903 2342 1142 2410 profecto
1191 2343 1446 2399 delictum
1487 2355 1589 2411 est,
1633 2348 1792 2400 venia
1826 2358 2002 2402 tamen
2033 2347 2111 2401 di-

554 2444 737 2497 gnum.
767 2430 1090 2502 Castiganda
1143 2433 1322 2502 itaque
1356 2435 1601 2497 audacia,
1645 2436 1918 2506 animique
1942 2437 2111 2491 conli-

553 2521 751 2584 dentia,
781 2523 952 2576 danda
993 2522 1338 2577 nihilominus
1362 2525 1534 2579 venia.
1561 2523 1808 2580 Fortasse
1857 2528 1999 2580 enim
2045 2527 2110 2580 ad

553 2612 976 2666 emendationem
1003 2613 1371 2681 medelamque
1408 2615 1576 2669 tendit
1618 2617 1855 2671 morbus.
1887 2615 2113 2683 Quando

554 2711 610 2755 et
663 2703 1092 2770 praestantissimi
1149 2704 1507 2769 medici,cum
1564 2705 1729 2760 multa
1773 2707 1851 2762 eis
1893 2709 2113 2764 vulnera

557 2792 1011 2862 a‘gritudiuesque
1041 2808 1160 2848 sese
1190 2794 1442 2860 offerunt,
1485 2811 1590 2850 non
1635 2806 1836 2850 tantam
1867 2798 2118 2853 adhibent

557 2897 763 2946 curam,
787 2894 1042 2950 quantum
1071 2899 1279 2939 summa
1311 2900 1398 2939 ars
1421 2888 1684 2955 exposcit,
1721 2887 1814 2942 sed
1855 2898 2116 2956 quantum

560 2972 737 3029 ferunt
763 2975 1055 3030 laborantis
1087 2978 1247 3042 vires,
1290 2991 1356 3031 ne
1401 2979 1524 3031 dum
1562 2979 1780 3032 vulnera
1809 2993 2003 3034 curare
2037 2980 2117 3034 ni-

559 3074 763 3132 tuutur,
797 3075 1143 3136 aegrotantem
1187 3082 1216 3120 e
1248 3069 1422 3121 nteilio
1448 3068 1654 3121 tollant.

995 3174 1291 3230 CCLXXX.
1325 3207 1390 3215 —
1422 3176 1668 3233 PETRO.

2285 2347 2447 2415 Μέγα
2495 2345 2594 2419 μὲν
2645 2345 2809 2409 ὅντως
2860 2345 2922 2398 τὸ
2975 2346 3242 2416 πταῖσμα,
3289 2345 3404 2400 ἀλλ’
3441 2343 3502 2397 ού
3535 2340 3792 2410 συγγνὼο

2221 2456 2326 2509 μης
2348 2437 2530 2506 μεῖζον
2548 2453 2561 2467 ·
2587 2435 2664 2490 διὸ
2687 2437 2792 2507 χρὴ
2840 2435 3065 2490 κολάσαι
3096 2435 3194 2506 μὲν
3222 2435 3319 2506 τὴν
3347 2434 3614 2503 ἐτοιμίαν,
3652 2449 3794 2500 συγ-

2216 2529 2439 2600 γνώμην
2467 2527 2524 2582 δέ
2559 2529 2759 2597 νεῖμαι.
2799 2527 2952 2598 Τάχα
2985 2543 3102 2590 πως
3124 2526 3216 2578 ἐπὶ⁹
3245 2524 3540 2597 θεραπείαν
3572 2522 3793 2576 ὁδεύσει

2216 2620 2276 2675 τὸ
2301 2619 2472 2684 πάθος
2492 2635 2506 2651 ο
2534 2619 2657 2672 ἐπεὶ
2686 2619 2780 2672 καὶ
2825 2619 2874 2671 oi
2906 2617 3014 2672 τῶν
3044 2617 3244 2686 ἰατρῶν
3275 2615 3508 2685 ἄριστοι,
3553 2614 3680 2666 ὅταν
3703 2629 3796 2674 τις

2213 2711 2384 2765 πολλὰ
2415 2709 2740 2780 περικέηται
2771 2707 3085 2777 τραύματα,
3123 2706 3184 2759 οὐ
3209 2704 3479 2776 τοσαύτην
3521 2703 3794 2771 ἐπάγουσι

2214 2802 2534 2873 θεραπείαν,
2574 2801 2705 2871 ὅσην
2760 2800 2982 2852 ἀπαιτεῖ
3025 2797 3124 2868 τῆς
3176 2797 3372 2868 τέχνης
3425 2799 3458 2866 ἠ
3505 2794 3794 2864 ἀκρίϐεια,

2213 2894 2325 2948 ἀλλ’
2357 2894 2486 2961 ὅσην
2515 2890 2668 2960 φέρει
2691 2889 2785 2944 τοῦ
2821 2888 3121 2960 κάμνοντος
3153 2889 3186 2958 ἡ
3215 2887 3462 2956 δύναμις,
3497 2886 3582 2938 ἵνα
3623 2883 3698 2955 μὴ
3718 2885 3797 2938 τὰ

2213 2984 2502 3055 τραύματα
2545 2981 2998 3051 θεραπεύσαντες,
3062 2981 3152 3034 τὸν
3222 2981 3499 3050 κάμνοντα
3552 2977 3795 3047 διαφθεί-

2224 3091 2405 3146 ρωσιν.

2751 3181 2874 3234 Σαν.
2904 3210 2969 3223 .-
2993 3181 3239 3251 IIETPQ.

556 3265 760 3320 Bonum
808 3283 900 3334 pro
932 3267 1068 3321 malo
1113 3268 1434 3338 rependendo
1467 3270 1638 3338 gratia
1685 3271 1876 3336 initur;
1908 3271 2028 3396 «Ssic
2052 3274 2460 3415 carboneseigrais
2487 3290 2728 3344 congeres
2767 3290 2924 3342 supra
2955 3283 3106 3341 caput
3133 3271 3265 3341 ejus.
3291 3290 3308 3324 ι
3341 3269 3516 3342 (Rom.
3565 3285 3664 3336 stt,
3697 3269 3790 3328 ΞΟ.

1961 3357 2074 3410 upr.
2111 3357 2262 3412 epist.
2382 3386 2394 3399 .

1961 3357 2074 3410 upr.
2111 3357 2262 3412 epist.
2305 3357 2394 3399 2’0.

626 3443 736 3501 Etsi
767 3455 950 3500 notum
974 3445 1222 3501 omnibus
1245 3445 1458 3501 exsistit
1491 3447 1743 3502 amentiae
1785 3453 1936 3503 reum
1962 3458 2124 3517 atque

552 3536 674 3590 odio
701 3537 906 3590 ebrium
937 3537 1305 3591 adversarium
1335 3551 1458 3592 esse
1482 3547 1654 3604 tuum,
1684 3539 1771 3593 illa
1800 3548 1976 3593 tamen
1992 3539 2124 3593 ἐπυ-

557 3625 621 3678 tit
651 3639 771 3693 quae
802 3627 845 3680 si
881 3634 1072 3694 potens
1108 3636 1249 3680 esset
1295 3637 1702 3695 exsequeretur.
1744 3627 1936 3682 Verum
1969 3644 2037 3684 ne
2071 3629 2121 3682 id

555 3723 606 3769 te
641 3718 837 3782 turbet,
870 3732 1042 3786 neque
1075 3717 1272 3771 bellum
1297 3718 1559 3787 suscipito
1592 3718 1966 3786 implacabile;
1994 3720 2118 3787 quin

553 3808 729 3875 potius
767 3811 900 3865 bene
934 3810 1188 3865 merendo
1231 3812 1405 3880 ipsum
1453 3795 1744 3866 invertere.
1766 3813 1942 3866 stude.
2004 3813 2112 3866 Etsi

552 3903 694 3956 enim
741 3901 851 3955 fera
883 3911 1022 3955 esset
1049 3901 1303 3970 omnique
1331 3901 1516 3956 durior
1545 3913 1716 3972 petra,
1749 3912 1921 3959 tamen
1957 3905 2118 3960 benc-

557 3994 675 4049 licio
708 3994 879 4049 victus
917 4003 1027 4059 tuo,
1053 3995 1236 4048 odium
1264 4003 1444 4064 ponet.

798 4183 1120 4241 CCLXXXI.
1155 4217 1223 4226 —
1258 4185 1481 4242 PETRO
1513 4185 1860 4243 MONACIIO.

2293 3454 2354 3506 Ei
2403 3453 2499 3507 καὶ
2551 3455 2684 3507 πᾶσι
2739 3452 2894 3521 δῆλόν
2943 3453 3111 3516 ἐστιν,
3163 3452 3244 3505 ὅτι
3302 3450 3488 3504 ἄνοιαν
3521 3450 3795 3519 ὀφλισκά·

2221 3561 2325 3597 νων
2347 3544 2479 3614 (79),
2509 3544 2602 3596 καὶ
2632 3544 2737 3597 ὑπὸ
2767 3544 2865 3612 τῆς
2889 3541 3334 3613 ἔχθρας-μεθύων
3367 3543 3394 3594 6
3419 3540 3508 3602 ob;
3531 3539 3797 3605 διάδικος,

2217 3636 2364 3704 ὅμως
2415 3634 2633 3688 ἐκλαλεῖ
2660 3633 2851 3699 ταῦτα,
2900 3632 2935 3686 ἃ.
2962 3632 3210 3701 δυνηθεὶς
3250 3631 3466 3697 πράξει.
3529 3630 3691 3684 Ἀλλά
3731 3648 3798 3684 σε

2215 3724 2375 3777 τοῦτο
2413 3725 2484 3796 μὴ
2514 3726 2855 3794 ταραττέτω,
2891 3725 3024 3794 μηδέ
3051 3725 3131 3786 είς
3170 3723 3230 3775 τὸ
3256 3723 3609 3776 ἀδιάλλακτον
3641 3730 3792 3795 χειρ-

2220 3814 2524 3882 αγωγείτω,
2567 3814 2700 3866 ἀλλὰ
2727 3814 2817 3866 καὶ
2844 3815 2924 3877 εἰς
2967 3813 3026 3866 τὸ
3055 3809 3113 3868 εὖ
3151 3816 3323 3866 ποιεῖν
3352 3813 3514 3866 αὑτὸν
3561 3830 3800 3884 προτρε-

2223 3905 2426 3959 πέσθω.
2476 3906 2536 3958 El
2570 3904 2676 3976 γὰρ
2723 3905 2907 3976 θηρίον
2949 3904 3057 3976 εἴη.
3094 3905 3189 3957 καὶ
3235 3905 3434 3968 παντὸς
3461 3903 3610 3957 λίθου
3641 3906 3802 3958 ἀναι-

2215 3997 2554 4066 σθητότερος,
2601 3994 2715 4048 ἀλλ’
2772 3996 2920 4065 ὅμως
2965 3993 3232 4058 αἰδεσθεὶς
3282 3993 3378 4065 τὴν
3434 3995 3794 4062 εὐεργεσίαν,

2213 4087 2501 4140 κατάθοιτο
2531 4086 2629 4152 τὴν
2657 4085 2748 4156 ἐχθ
2758 4104 2877 4157 ραν.

2417 4196 2587 4249 ΣΠΑ’.
2621 4225 2690 4234 -
2733 4193 2958 4264 ΠΕΤΡῼ
2983 4194 3093 4263 (80)
3133 4195 3563 4249 ΜΟΝΑΖΟΝἹῚ.

555 4291 843 4362 Scriptura:
875 4294 1044 4347 oratio
1096 4291 1329 4358 Ιηηπὶιὶε,
1361 4293 1449 4372 834
1501 4310 1654 4372 magis
1684 4295 1942 4372 profunda
1980 4313 1997 4350 :
2041 4298 2269 4372 humana
2319 4313 2493 4356 autem
2531 4303 2786 4372 sapientia
2825 4303 2967 4355 culta
2999 4303 3181 4366 verbis,
3218 4318 3370 4360 sensu
3405 4321 3582 4359 cassa.
3617 4308 3800 4372 Quare

1422 4362 1552 4415 hanc
1577 4363 1672 4430 illi,
1698 4373 1749 4415 ut
1771 4366 2014 4420 ancillam
2038 4367 2290 4436 dominre,
2319 4373 2566 4427 inservire
2587 4362 2790 4440 lt'quum
2810 4383 2905 4428 est.

625 4488 826 4543 Divinas
853 4489 1208 4560 philosophiae
1246 4493 1420 4547 oratio
1465 4493 1518 4546 in
1547 4494 1718 4547 sacris
1752 4493 1977 4550 Litteris
2013 4497 2111 4550 hu-

2288 4501 2396 4572 Τῆς
2427 4501 2575 4565 θείας
2607 4503 2855 4573 σοφίας-ἡ
2899 4505 2995 4573 μὲν
3043 4504 3187 4569 λέξις
3227 4504 3390 4574 πεζὴ,
3436 4506 3468 4575 ἡ
3524 4504 3700 4558 ἔννοια
3736 4505 3800 4559 δὲ

557 4579 697 4634 milis
751 4580 964 4648 quidem
988 4590 1092 4647 est,
1130 4595 1322 4636 sensus
1359 4595 1487 4635 vero
1524 4585 1794 4650 sublimis,
1846 4587 2111 4656 planeque

554 4668 818 4725 cmlestis.
860 4669 1220 4724 Externorum
1282 4685 1414 4725 sane
1469 4674 1794 4741 scriptorum
1845 4676 2119 4746 splendida

554 4770 637 4816 est
662 4761 857 4826 oratio,
901 4775 984 4815 res
1012 4775 1139 4816 vero
1177 4762 1320 4815 humi
1357 4763 1509 4830 repit.
1553 4765 1606 4818 Si
1639 4765 1756 4834 quis
1791 4767 1952 4835 igitur
1981 4769 2121 4823 illius

555 4850 730 4910 valeat
757 4854 1014 4922 consequi
1039 4868 1254 4916 sensus,
1294 4853 1453 4923 hujus
1501 4869 1625 4908 vero
1667 4857 1874 4912 dicendi
1903 4858 2116 4928 elegan-

557 4944 811 5010 tiam,n:e
856 4944 945 4998 ille
991 4943 1420 5013 sapientissimus
1464 4946 1746 5002 habeatur.
1797 4949 2120 5018 Eloquentia

556 5035 696 5089 enim
730 5037 1140 5090 instrumentum
1172 5050 1289 5089 esse
1313 5045 1477 5103 queat
1505 5038 1740 5092 caelestis
1765 5041 2030 5102 scicntim,
2063 5043 2106 5095 si

557 5127 606 5181 ei
638 5129 907 5182 utanima:
949 5141 1142 5193 corpus
1177 5125 1525 5196 subjiciatur,
1557 5135 1609 5180 et
1639 5139 1696 5181 ut
1745 5128 1854 5199 lyra
1900 5131 2116 5203 lyrislm,

556 5215 718 5288 645
749 5218 879 5272 nihil
935 5219 1149 5286 quidem
1189 5218 1435 5287 privatim
1500 5217 1780 5285 innovatis,
1816 5224 1907 5276 sed
1959 5224 2121 5276 inter-

2217 4591 2600 4662 οὐρανομήκης
2625 4608 2638 4623 ·
2676 4591 2775 4662 τῆς
2804 4592 2860 4644 δὲ
2883 4592 3080 4658 ἔξωθεν
3099 4594 3326 4664 λαμπρὰ
3352 4594 3450 4663 μὲν
3494 4595 3524 4665 ἡ
3563 4594 3797 4664 φράσις.

2217 4682 2555 4753 χαμαιπετὴς
2589 4683 2699 4753 δέή
2733 4683 2951 4753 πρᾶξις.
2997 4682 3056 4735 El
3079 4683 3135 4736 δέ
3159 4701 3241 4747 τις
3275 4683 3533 4754 δυνηθείη
3559 4684 3659 4753 τῆς
3692 4684 3799 4754 μὲν
3897 4730 3904 4734 .

2219 4773 2359 4842 ἔχειν
2387 4774 2484 4843 τὴν
2517 4773 2744 4837 ἔννοιαν,
2768 4773 2864 4842 τῆς
2889 4774 2944 4824 δὲ
2982 4773 3091 4844 τὴν,
3112 4776 3332 4846 φράσιν,
3382 4773 3690 4843 σοφώτατος
3728 4774 3799 4827 ἂν

2219 4862 2440 4923 δικαίως
2500 4860 2747 4932 κριθείη’
2799 4860 3020 4914 δύναται
3065 4861 3172 4929 γὰρ
3229 4862 3460 4933 ὄργανον
3503 4857 3641 4913 εἶναι
3692 4861 3801 4931 τῆς

2224 4953 2592 5022 ὑπερκοσμίου
2631 4951 2877 5021 σοφίαςή
2911 4952 3233 5018 εὐγλωττία,
3270 4955 3317 5005 εί
3342 4951 3594 5020 καθάπερ
3635 4949 3802 5020 σῶμα

2222 5046 2364 5115 ψυχῇ
2408 5045 2707 5110 ύποκέοιτο,
2740 5044 2773 5114 ἢ
2809 5043 2995 5113 ὥσπερ
3028 5043 3166 5114 λύρα
3198 5043 3439 5115 λυρῳδῷ,
3497 5042 3662 5112 μηδὲν
3696 5042 3801 5113 μιν

2223 5121 2429 5184 οἴκοθεν
2457 5131 2853 5203 καινοτομοῦσα
2893 5131 3176 5203 νεώτερον,
3223 5132 3605 5204 ἐρμηνεύουσα
3634 5130 3693 5184 δὲ
3727 5133 3799 5186 τὰ

2227 5225 2570 5295 οὐρανομήκη
2609 5224 2826 5294 ἐκείνης
2857 5226 3126 5294 νοήματα·
3158 5228 3205 5279 εί
3228 5227 3273 5279 δ’
3319 5225 3666 5295 ἀντιστρέφοι
3696 5223 3799 5296 τὴν

1692 5375 1920 5430 νΑιιιίΕ
1961 5375 2336 5430 LECTIONES
2379 5376 2463 5431 ET
2507 5375 2734 5432 NOTIE.

629 5524 740 5601 (79}
775 5525 1236 5601 Dgtiiostheuicuut
1275 5541 1375 5587 est.
1412 5535 1708 5600 παράνοιαν
1747 5534 2106 5601 ὀφλισκάνειν,

561 5605 695 5672 orat.
730 5597 780 5672 in
816 5595 1170 5672 Tinmcvatetu
1206 5617 1216 5651 :
1260 5602 1370 5672 ’E'p:
1412 5595 1639 5656 ἑκάστου
1674 5595 1874 5656 τούτων
1923 5605 2113 5672 ἡλίκην

563 5663 628 5744 ᾷν
651 5663 958 5744 ὠφληκότες
1004 5670 1304 5744 παράνοιαν
1332 5663 1460 5740 ’ἦτεο
1501 5673 1731 5744 Quantae
1785 5663 2006 5726 insanin:
2053 5663 2113 5724 ab

562 5732 849 5789 hominibus
882 5732 1282 5806 (Iuniani-emitti,
1323 5732 1437 5794 rum
1477 5732 1704 5808 dasiperc
1735 5761 1819 5796 ros
1850 5744 2114 5809 judicare.

2223 5537 2321 5588 rint
2347 5537 2576 5590 homines
2602 5538 2653 5589 iu
2689 5552 2988 5604 unoquoque
3019 5537 3240 5590 horum?
3269 5537 3504 5592 Stzuo'r'r.

2283 5607 2393 5676 (80)
2424 5607 2536 5678 Non
2565 5607 2776 5678 ﬂeam)
2823 5609 2912 5661 sed
2950 5607 3139 5678 [Ιρίμῳ
3182 5609 3317 5662 hanc
3365 5605 3608 5661 inscribit
3647 5608 3796 5667 cod.

2221 5674 2384 5730 Vatia.
2413 5676 2533 5732 650.
2564 5675 2766 5732 Possm.
