3992 6450
195 367 318 437 1501
1039 373 1581 436 EPISTOLARUM
1620 374 1770 436 LIB.
1811 377 1881 438 V.
1917 401 1986 411 —
2013 375 2255 440 EPIST.
2292 375 2664 437 CCLXXXV.
2973 393 2976 399 '
3339 368 3476 440 1502

181 483 345 552 τάξιν,
379 483 476 536 καὶ
512 482 806 539 δουλεύειν
833 482 1146 554 ὀφείλουσα,
1178 485 1457 556 ἡγεῖσθαι,
1490 485 1692 556 μᾶλλον
1717 486 1757 539 δί

1898 495 2106 543 iretans
2129 485 2273 542 illius
2297 486 2684 541 meditationes
2745 503 2758 538 :
2796 483 2879 539 sin
2926 484 3173 541 ordinem
3216 485 3360 540 hunc
3387 488 3474 541 in-

179 575 453 646 τυραννεῖν
475 577 574 630 οἶα
607 594 675 631 τε
715 572 857 631 εἶναι
892 577 1120 648 νομίζοι,
1188 575 1676 647 ἐξοστρακισθῆναι
1707 576 1755 630 ἂι

1898 587 2080 645 vertat,
2120 589 2174 633 et
2214 593 2336 634 cum
2381 578 2578 633 debeat
2627 575 2856 644 servire,
2910 591 3103 647 regere
3158 586 3250 632 aut
3292 579 3474 646 potius

177 665 252 737 εἵη
285 667 493 724 δικαία.

1882 671 2152 741 imperare
2194 669 2330 735 vult,
2386 683 2601 739 aequum
2637 677 2721 723 est
2757 679 2816 723 ut
2848 668 3172 739 expellatur.

527 792 708 847 sim.
739 821 814 833 —
843 795 1068 867 ΒΟΗΘῼ
1100 797 1414 870 ΜΟΝΑΧῼ.

2130 794 2483 854 CCLXXXII.
2517 828 2588 838 ——
2626 793 2852 852 BOETO
2887 792 3241 850 MONACHO.

749 910 853 965 Dei
889 912 1154 968 voluntate
1175 915 1309 984 justi
1334 917 1387 971 in
1423 918 1620 972 mundo
1642 934 1779 987 stupe
1805 916 2128 988 aﬂliguntur.
2156 910 2396 985 (Confer.
2433 915 2586 984 epist.
2627 913 2660 967 6
2689 921 2738 968 et
2769 912 2880 984 86.)

235 1037 321 1109 Μὴ
354 1036 679 1108 θορυϐείτω
706 1059 766 1094 σε
791 1041 856 1094 τὸ
879 1043 1111 1109 πολλοὺς
1133 1044 1244 1098 τῶν
1266 1046 1575 1116 φιλαρέτων
1599 1049 1771 1120 μυρία

1949 1045 2094 1102 Cave
2117 1045 2405 1101 conturbet
2436 1053 2490 1100 te
2519 1044 2664 1115 quod
2706 1043 2860 1098 multi
2899 1041 3053 1114 probi
3089 1041 3229 1096 mala
3261 1040 3468 1097 inﬁnita

171 1128 395 1183 ινταῦθα
453 1132 706 1203 πάσχειν
760 1134 932 1202 δεινὰ,
992 1135 1110 1189 ἀλλ’
1161 1138 1242 1202 είς
1283 1137 1492 1192 ἔννοιαν
1546 1138 1728 1210 ἀγέτω

1892 1139 2186 1204 ιοιίεηιυι·;
2223 1137 2318 1193 sed
2360 1136 2415 1192 in
2452 1146 2692 1192 mentem
2726 1150 2918 1191 revoca
2941 1175 2956 1201 ,
2989 1135 3133 1189 idem
3175 1135 3339 1188 etiam
3379 1149 3468 1189 re-

169 1221 241 1275 δτι
267 1222 360 1276 καὶ
389 1225 439 1276 οί
493 1224 618 1278 τῶν
657 1227 750 1280 ἐπὶ
786 1227 893 1298 γῆς
944 1228 1210 1299 βασιλέων
1256 1229 1419 1299 φίλοι,
1470 1223 1619 1286 οὗτοι
1661 1233 1745 1304 μάι

1890 1243 2000 1299 gum
2032 1229 2225 1283 amicis
2255 1227 2566 1284 usuvenire.
2605 1225 2672 1280 lli
2702 1226 2846 1280 enim
2878 1226 2930 1280 in
2954 1225 3095 1280 bello
3118 1223 3466 1296 p0tissimum

169 1311 313 1366 λιστα
365 1317 942 1386 παρακινδυνεύουσιν
988 1321 1046 1373 ὲν
1105 1319 1387 1391 πολέμοις,
1448 1322 1542 1374 καὶ¹
1593 1321 1745 1394 τραύι

1892 1319 2293 1385 iericlitantur,
2334 1319 2720 1389 accipiuntque
2766 1317 3023 1380 vulnera,
3082 1316 3282 1386 quibus
3332 1313 3468 1384 erigi

170 1419 307 1474 ματα
329 1405 543 1478 ἔχουσι,
583 1410 658 1463 δι’
679 1403 754 1464 ὧν
781 1411 850 1464 τά
877 1411 1114 1483 τρόπαια
1161 1412 1423 1484 ἔστησαν,
1455 1414 1746 1484 ἀποδημίας

1889 1409 2048 1464 ςοιεηι
2082 1418 2303 1478 tropaea,
2331 1418 2385 1464 et
2415 1409 2466 1464 in
2499 1407 2827 1477 longinquas
2849 1404 3465 1476 ableganturregianes.

170 1509 224 1546 τε
246 1496 467 1566 μακρὰς
512 1500 858 1555 στέλλονται.
905 1500 968 1555 Et
991 1501 1046 1555 δὲ
1070 1503 1131 1555 οὑ
1162 1504 1457 1576 καταδὲχῃ,
1485 1505 1656 1558 ἐννόει
1685 1507 1744 1559 ὅτ

1890 1500 2020 1567 Quod
2050 1499 2098 1555 si
2141 1515 2247 1554 non
2283 1499 2458 1569 capis,
2491 1498 2668 1567 cogita
2702 1505 2758 1552 et
2789 1510 2911 1552 esse
2955 1495 3230 1563 justorum
3265 1493 3466 1547 multos

168 1582 264 1636 εἰσί
291 1601 439 1651 τινες
468 1589 573 1642 καὶ
611 1591 722 1644 τῶν
747 1591 976 1645 δικαίων
1015 1593 1300 1648 κάνταῦθα
1337 1595 1743 1667 εὐημεροῦντες

1892 1590 2108 1646 ,ετδειιθ
2142 1591 2230 1646 hic
2263 1597 2487 1660 agentes
2516 1603 2579 1644 ac
2619 1587 2824 1658 quiete.
2883 1586 3072 1656 Itaque
3107 1586 3152 1640 si
3185 1584 3468 1640 otl‘eudant

167 1671 321 1728 Ὠστε
370 1679 422 1732 εἰ
465 1679 902 1746 σκανδαλίζουσί
938 1700 1020 1750 σε,
1056 1684 1150 1739 ἆτε
1181 1686 1578 1758 ἀσθενέστερον
1607 1687 1737 1740 ὄντα

1891 1681 2010 1736 ἐιυι
2038 1680 2454 1737 imbecilliorem
2487 1679 2577 1749 qui
2614 1678 2671 1733 in
2709 1678 3106 1733 tentationilms
3173 1686 3322 1741 sunt,
3355 1676 3467 1730 eri-

165 1763 209 1816 οί
254 1764 312 1817 ὲν
352 1773 726 1840 πειρασμοῖς,
761 1772 1220 1843 οίκοδομείτωσάν
1253 1792 1311 1828 σε
1343 1777 1393 1829 οἱ
1447 1777 1506 1830 ὲν
1555 1776 1738 1830 ἀνέσει

1900 1783 1993 1830 ant
2021 1774 2298 1844 tranquilli
2329 1792 2342 1830 :
2378 1779 2433 1828 et
2458 1774 2503 1828 si
2562 1770 2839 1828 oﬁ'endant
2886 1771 2977 1841 qui
3016 1769 3072 1824 in
3108 1767 3370 1823 vitiorum
3402 1767 3470 1822 li-

166 1852 268 1908 Καὶ
295 1857 343 1909 εί
386 1859 821 1926 σκανδαλίζουσί
852 1880 912 1916 σε
937 1865 986 1916 οἱ
1024 1866 1082 1917 ὲν
1120 1865 1304 1918 ἀνέσει
1336 1864 1447 1918 τῶν
1482 1865 1737 1937 πονηρῶν

1891 1866 2044 1921 :entia
2076 1875 2390 1932 versantur,
2416 1865 2710 1921 emendem
2743 1874 2794 1919 te
2822 1864 2915 1934 qui
2959 1862 3137 1934 poenis
3171 1871 3225 1915 et
3251 1858 3467 1930 suppli-

165 1943 506 2018 ὀρθούτωσάν
550 1967 617 2006 σε
647 1955 698 2006 oi
743 1954 802 2009 ὲν
829 1955 1051 2010 κολάσει
1087 1957 1182 2011 καὶ
1215 1958 1531 2030 τιμωρίαις.

759 1960 802 2009 ιν
829 1955 1051 2010 κολάσει
1087 1957 1182 2011 καὶ
1215 1958 1531 2030 τιμωρίαις.
1871 1956 1972 2011 ciis
2009 1952 2335 2010 afﬁciuntur.

362 2081 537 2136 ΣΠΡ.
589 2113 665 2123 -
693 2084 1024 2158 ΘΕΟΔΟΣΙῼ
1056 2088 1516 2163 ΣΧΟΛΑΣΤΙΚῼ.

1942 2083 2325 2142 CCLXXXIII.
2362 2115 2430 2128 —-
2460 2082 2856 2141 THEODOSIO
2890 2080 3390 2140 SCHOLASTICO.

995 2198 1282 2269 Virtutum,
1311 2204 1666 2275 vitiorumque
1697 2202 1910 2258 nomina
1946 2217 1978 2254 a
2009 2199 2191 2254 multis
2215 2197 2640 2265 confunduntur.

227 2325 359 2380 Δίαν
399 2326 684 2399 θαυμάζω
745 2329 856 2384 τῶν
920 2333 1014 2386 καὶ
1061 2333 1131 2386 τὰ
1179 2335 1485 2407 πράγματα
1540 2336 1637 2390 καὶ
1692 2334 1766 2390 τά

1938 2331 2108 2388 Valde
2143 2330 2395 2402 equidem
2439 2344 2532 2385 eos
2562 2330 2834 2396 admiror,
2883 2329 2980 2399 qui
3013 2336 3069 2384 et
3124 2342 3213 2383 res
3271 2338 3326 2383 et
3369 2343 3465 2387 no-

164 2415 396 2488 ὀνὸματα
427 2420 806 2490 συγχεόντων.
842 2423 935 2487 Ei;
954 2423 1209 2479 τοσοῦτον
1241 2427 1346 2498 γὰρ
1376 2428 1571 2498 σοφίας
1594 2427 1740 2498 ἧκουι

1880 2423 2011 2477 nina
2037 2421 2400 2477 contundunt.
2441 2419 2521 2476 Eo
2554 2421 2700 2475 enim
2733 2419 2978 2476 scientiae
3008 2428 3228 2475 ventum
3257 2428 3361 2485 est,
3396 2430 3456 2476 ut

171 2523 272 2572 σιν,
297 2509 372 2574 ὡς
397 2510 504 2584 τὴν
538 2513 644 2583 μὲν
672 2515 991 2587 παρρησίαν
1017 2516 1406 2590 ἀναισχυντίαν
1423 2519 1629 2588 καλεῖν,
1665 2520 1747 2592 rip

1886 2512 2078 2567 licendi
2113 2511 2421 2566 libertatem
2445 2509 2833 2580 impudentiam
2851 2509 3175 2575 nominent;
3206 2519 3462 2565 elcontra

163 2597 634 2673 δὶάναισχυντίαν
661 2606 1002 2677 παρρησίαν,
1047 2610 1169 2663 κατ’
1205 2609 1374 2680 ἄμφω
1418 2611 1739 2682 ἁμαρτάνον

1890 2601 2258 2672 inpudentiam
2290 2601 2545 2671 loquendi
2584 2609 2777 2656 vocent
2802 2600 3148 2668 libertatem,
3204 2600 3463 2670 utrinque

162 2705 263 2752 τις.
295 2692 472 2746 Τοῦτο
507 2694 626 2766 γὰρ
677 2696 902 2768 δρῶσιν,
932 2699 966 2770 ἥ
1017 2699 1104 2754 ίνα
1158 2700 1258 2772 τὴν
1290 2703 1602 2775 παρρησίαν
1636 2705 1738 2758 ἔπιε

1882 2702 2120 2749 errantes
2149 2713 2163 2748 :
2203 2693 2365 2762 idque
2400 2691 2610 2748 faciunt
2640 2703 2698 2747 ut
2727 2693 2811 2748 vel
2848 2692 3103 2762 loquendi
3145 2691 3458 2747 libertatein

164 2781 512 2853 στομίσωσιν,
535 2786 568 2858 ἢ
588 2786 676 2841 ἵνα
689 2787 788 2860 τὴν
807 2790 1197 2860 ἀναισχυντίαν
1215 2794 1294 2856 είς
1317 2793 1540 2864 μείζονα
1561 2794 1740 2849 κακίαι

1886 2799 1954 2840 »τε
1976 2786 2169 2840 clauso
2201 2795 2258 2839 et
2287 2787 2541 2840 obturato
2583 2784 2862 2840 refrenent
2885 2828 2898 2851 ,
2935 2785 3020 2840 vel
3066 2793 3124 2839 ut
3174 2785 3462 2855 impuden-

160 2874 682 2950 παιδοτρισήσωσιν,
715 2881 817 2934 οὐκ
860 2881 1144 2956 είδότες,ἢ
1179 2883 1382 2949 εἰδότες
1415 2885 1538 2958 μὲν,
1580 2905 1736 2960 παρα

1887 2879 1992 2933 iam
2023 2877 2088 2932 ad
2122 2877 2385 2948 majorem
2411 2879 2715 2947 nequitiam
2744 2877 2928 2946 pueris
2964 2877 3264 2945 instillent;
3299 2877 3460 2948 idque

162 2963 497 3040 λογιζόμενοι
539 2970 596 3023 δὲ
622 2972 871 3037 ἑαυτοὺς,
909 2974 990 3029 ὅτι
1022 2977 1380 3046 ἀναισχυντία
1413 2977 1512 3049 μέν
1535 2979 1686 3033 ἐστιν
1726 2984 1738 3033 1‘

1879 2973 2166 3027 nescientes
2183 2970 2266 3025 vel
2296 2971 2533 3026 scientes
2554 2971 2794 3041 quidem,
2817 2970 2912 3024 sed
2940 2970 3150 3042 seipsos
3171 2968 3455 3027 fallentes:

161 3057 248 3110 ἐπὶ
273 3062 384 3124 τοῖς
424 3062 743 3132 αίσχίστοις
783 3064 1014 3119 πάθεσιν
1053 3067 1277 3138 ἀναιδὴς
1309 3068 1570 3140 φλυαρία,
1615 3074 1737 3144 παρη

1881 3062 2004 3132 μιοά
2037 3062 2371 3129 impudentia
2403 3062 2621 3132 quidem
2647 3061 2720 3116 sit
2746 3063 2810 3115 de
2845 3061 3092 3131 turpibus
3112 3060 3457 3130 passionibus

165 3147 318 3219 ῥησία
354 3151 413 3204 δὲ
454 3153 491 3223 ὴ
525 3153 620 3204 ἐπὶ
648 3155 765 3216 τοῖς
811 3153 1120 3220 καλλίστοις
1155 3155 1419 3228 εὖτολμος
1462 3159 1741 3228 ἀπολογία

1881 3153 2224 3208 nverecunda
2263 3154 2509 3224 nugatio,
2548 3153 2777 3209 libertas
2819 3169 2947 3208 vero
2986 3154 3202 3210 dicendi
3261 3171 3452 3210 rerum

163 3238 277 3312 Χρὴ
311 3239 406 3298 οὖν
440 3220 525 3315 μὴ
557 3246 683 3308 ταῖς
716 3244 826 3298 τῶν
860 3246 1275 3319 διεφθαρμένων
1321 3220 1573 3319 γνώμαις
1626 3220 1739 3305 im.

1882 3243 2191 3314 iptimarum
2237 3220 2415 3297 audax
2456 3241 2727 3298 defensio.
2793 3242 2912 3299 Non
2962 3244 3144 3315 itaque
3185 3249 3458 3316 corruptis

165 3329 313 3401 σθαι,
342 3334 486 3390 ἀλλὰ
517 3339 586 3407 τῇ
630 3336 740 3390 τῶν
798 3340 1143 3409 πραγμάτων
1182 3339 1435 3413 ἀληθείᾳ.
1475 3342 1610 3396 Οὐδὲ
1645 3344 1741 3416 γὰρ

1880 3335 2273 3390 issentiendum
2321 3334 2706 3404 opinionibus,
2757 3336 2852 3392 sed
2901 3352 3082 3392 rerum
3136 3339 3317 3408 potius
3367 3339 3456 3394 in-

163 3427 294 3489 κατά
342 3427 663 3500 ἀνθρώπων
723 3431 888 3502 μόνον
926 3431 1238 3496 ὁπλίζουσιν
1293 3435 1343 3487 οί
1381 3433 1616 3488 τοιοῦτοι
1653 3435 1739 3500 τὰς

1880 3426 2160 3482 sistendum
2190 3425 2428 3481 veritati.
2493 3425 2609 3482 Non
2642 3428 2786 3484 enim
2831 3428 2887 3483 lii
2941 3430 2996 3484 in
3039 3429 3292 3487 homines
3315 3431 3456 3488 dun-

163 3515 418 3586 γλώττας,
442 3520 588 3576 ἀλλά
612 3523 708 3575 καὶ
731 3522 874 3580 κατὰ
894 3524 994 3595 τῆς
1017 3523 1165 3587 θείας
1182 3525 1487 3596 δυνάμεως.
1511 3527 1624 3598 Τὴν
1643 3527 1739 3598 γάε

1875 3526 2012 3572 .axat
2068 3518 2280 3588 linguas
2338 3529 2563 3586 acuunt,
2615 3519 2711 3575 sed
2756 3529 2810 3575 et
2861 3519 2915 3574 in
2949 3520 3189 3576 divinum
3220 3521 3451 3580 Numen.

166 3610 550 3684 μακροθυμίαν
568 3614 742 3685 αὐτῆς
789 3615 1050 3686 ἀμέλειαν
1099 3617 1610 3690 προσαγορεύοντες
1646 3620 1742 3673 οὐκ

1877 3608 2355 3679 ῥοηεοηὶιιιὶιοιεηι
2383 3609 2530 3664 enim
2555 3608 2651 3664 Dei
2689 3609 3073 3681 negligentiam
3105 3610 3453 3683 interpretari

163 3702 512 3776 ἐρυθριῶσιν.
548 3706 716 3760 υὺδὲν
738 3702 832 3760 οὖν
866 3707 1201 3778 θαυμαστὸν,
1241 3712 1288 3762 εί
1318 3710 1561 3780 ὀνόματα
1590 3711 1739 3780 ἀμεί-

1877 3716 1962 3755 ιοη
1993 3701 2346 3755 erubescunt.
2394 3700 2532 3767 Quid
2578 3704 2776 3758 mirum
2809 3705 2974 3776 igitur
3013 3706 3058 3760 si
3091 3706 3311 3762 nomina
3364 3709 3453 3763 isti

164 3792 339 3849 ὁουσιν
368 3799 419 3851 οἱ
454 3798 781 3870 πάντολμοι,
824 3800 984 3853 ὁπότε
1012 3801 1105 3854 καὶ
1139 3803 1218 3865 εἰς
1240 3801 1471 3873 οὐρανὸν
1500 3801 1569 3855 τὰ
1617 3802 1740 3873 βέλη

1880 3793 2458 3864 .udaculipermutant,
2487 3809 2610 3850 cum
2647 3805 2702 3852 et
2747 3797 2799 3851 in
2829 3797 3029 3852 coelum
3053 3799 3264 3868 jaciant
3310 3801 3456 3857 tela?

165 3882 459 3958 πέμπουσι.

434 4000 604 4053 ΣΠΔ’.
651 4030 724 4041 -
770 4001 989 4072 ΠΡΙΜῼ
1039 4003 1464 4058 ΜΟΝΑΖΟΝΤΙ.

2087 3997 2474 4054 CCLXXXIV.
2510 4027 2582 4040 —-
2621 3998 2837 4056 PRIMO
2868 4000 3227 4059 MONACHO‘

263 4113 452 4170 Virtus
481 4132 573 4185 spe
607 4118 813 4186 prtemii
834 4117 1142 4185 sustinetur,
1179 4119 1268 4174 sed
1305 4130 1351 4173 et
1383 4119 1494 4188 ipsa
1535 4120 1699 4175 virtus
1738 4115 1838 4174 sibi
1870 4113 2146 4184 praemium
2182 4130 2244 4168 ac
2277 4129 2493 4170 merces.
2525 4114 2706 4187 (Conf.
2737 4117 2889 4186 epist.
2921 4116 3011 4186 65,
3045 4118 3168 4186 150,
3194 4118 3347 4193 225.)

231 4243 289 4298 Ὀ
315 4246 591 4316 στέφανον
622 4247 1096 4319 ἐπαγγελλόμενος
1120 4248 1216 4321 τὴν
1236 4249 1440 4321 ἀρετὴν
1463 4249 1746 4312 ἀσκοῦντι,

1928 4242 2030 4311 Qui
2059 4258 2318 4300 coronam
2356 4245 2627 4316 promittit
2657 4247 2915 4302 virtutem
2949 4250 3218 4317 aperanti,
3253 4251 3448 4320 duplex

160 4334 243 4390 δύο
273 4339 569 4410 χαρίζεται
611 4339 822 4409 δωρεάς
857 4355 870 4367 ·
905 4341 1032 4410 μίαν
1076 4341 1178 4410 μὲν
1221 4341 1321 4413 τὴν
1371 4342 1591 4413 πρᾶξιν,
1628 4344 1736 4396 ἑτέ-

1874 4345 2077 4393 irmstat
2113 4337 2393 4406 praemium
2414 4378 2429 4403 ,
2457 4339 2686 4394 alterum
2717 4342 2898 4410 operis
2940 4343 3109 4412 ipsius
3142 4343 3320 4414 (cujus
3353 4361 3450 4414 per

161 4443 252 4497 ραν
284 4431 340 4485 δὲ
363 4433 470 4502 τὴν
500 4432 758 4502 ἁμοιόἠν.
805 4433 960 4502 Ἐμοὶ
988 4435 1096 4503 γάρ
1127 4435 1220 4488 καὶ
1249 4437 1276 4488 ὁ
1303 4431 1467 4498 ἆθλος
1493 4422 1676 4500 αὐτὸξ,
1699 4437 1737 4488 εἰ

1864 4429 2276 4500 promissionem
2321 4445 2485 4486 causa
2519 4432 2659 4502 est),
2694 4432 2926 4488 alterum
2964 4437 3440 4492 remunerationis.

159 4521 242 4574 καὶ
286 4523 554 4586 ὲπίπονός
607 4525 746 4589 ἐστι,
794 4523 888 4576 τοῦ
943 4523 1182 4577 ἐπάθλου
1211 4525 1308 4594 οὐχ
1347 4520 1512 4597 ἦττον
1565 4523 1735 4593 δωρεό

1869 4522 2036 4592 Ἲειιιιε
2113 4521 2257 4577 enim
2321 4538 2458 4592 opus
2512 4523 2686 4594 ipsum
2743 4526 2858 4580 sive
2905 4525 3120 4582 virtutis
3173 4538 3445 4585 certamen

158 4605 285 4667 εἶναι
338 4615 514 4678 δοκεῖ,
562 4616 679 4683 εἴγε
727 4616 760 4685 ἡ
812 4616 906 4687 μὲν
962 4616 1134 4687 ἀρετὴ
1184 4616 1440 4680 ὑπόθεσίς
1497 4619 1614 4670 ἐστι
1641 4616 1734 4670 τοῦ

1971 4611 2064 4667 etsi
2086 4611 2415 4668 laboriosum
2451 4612 2542 4677 sit,
2567 4612 2746 4667 minus
2768 4615 3050 4683 praemium
3076 4616 3293 4672 videtur
3322 4632 3446 4674 esse
3545 4673 3547 4677 ,

160 4705 444 4776 στεφάνου,
467 4708 495 4759 ό
526 4705 582 4759 δὲ
611 4706 874 4777 στέφανος
897 4709 956 4762 οὐ
987 4708 1190 4764 δίδοται
1218 4709 1346 4763 ἄνευ
1381 4709 1608 4782 ἀρετῆς.

1869 4703 2037 4758 iravio
2065 4703 2204 4773 ipso,
2239 4717 2360 4758 cum
2401 4712 2454 4756 et
2481 4704 2652 4758 virtus
2688 4705 2801 4773 ipsa
2831 4707 3038 4776 prtemii
3074 4722 3241 4763 causa
3271 4709 3344 4765 sit
3389 4720 3445 4767 ct

1851 4809 2086 4860 coronae,
2125 4809 2301 4865 neque
2333 4798 2448 4851 bzec
2482 4796 2599 4851 sine
2635 4798 2834 4853 virtute
2864 4798 3201 4856 conferatur.

429 4903 600 4959 τηεν.
638 4934 709 4946 -
741 4908 974 4964 optum
1002 4908 1430 4966 MONAZONTI.
1954 4905 2122 4979 646
2167 4905 2521 4963 CCLxxxv.
2558 4939 2628 4952 -.
2665 4907 2902 4967 ORIONI
2948 4900 3306 4972 MONACHO.

891 5018 1114 5076 Prwstat
1146 5040 1247 5078 non
1279 5024 1496 5091 bellare,
1528 5040 1686 5094 quam
1719 5025 1970 5079 subsidiis
2002 5024 2120 5079 niti.
2153 5023 2335 5095 (Canf.
2368 5025 2522 5094 epist.
2550 5024 2700 5095 484.)

218 5151 359 5205 Πολὺ
402 5149 810 5222 ἀσφαλέστερόν
862 5149 979 5204 ἐστι
1022 5150 1082 5205 τὸ
1137 5152 1212 5224 μὴ
1245 5154 1601 5224 πολεμεῖσθαι
1640 5154 1736 5208 τοῦ

1924 5154 2089 5211 Multo
2113 5155 2362 5211 securius
2397 5162 2479 5210 est
2522 5154 2664 5210 bello
2698 5170 2805 5210 non
2861 5157 3031 5227 premi
3060 5200 3075 5226 ,
3109 5175 3268 5230 quam
3308 5178 3439 5235 sup-

161 5241 589 5316 συμμαχεῖσθαιο
656 5243 719 5296 τὸ
775 5243 873 5314 μὲν
938 5244 1049 5315 γάρ
1114 5247 1346 5316 ἡσυχίαν
1400 5248 1735 5319 ἀπράγμονα

1863 5249 2024 5318 actias
2067 5249 2136 5304 ab
2167 5249 2291 5304 aliis
2330 5250 2622 5318 accipere:
2691 5249 2825 5306 illud
2867 5251 3012 5307 enim
3060 5254 3259 5323 quietis
3295 5265 3439 5315 tran-

159 5332 279 5404 ἔχει,
310 5335 372 5389 τὸ
403 5335 459 5388 δὲ
499 5333 802 5403 ἀναγκάζει
836 5337 1212 5407 συμπολεμεῖν
1260 5340 1373 5400 τοῖς
1405 5337 1734 5409 βοηθήσασι,

1860 5339 2238 5409 juillitatisqne
2282 5341 2498 5408 plenum
2526 5349 2610 5396 est
2636 5382 2650 5405 ,
2702 5341 2804 5397 hoc
2828 5357 2956 5398 vero
2988 5359 3093 5399 una
3127 5361 3248 5401 cum
3281 5349 3436 5405 auxi-

159 5427 245 5482 καὶ
267 5431 314 5484 εί
342 5428 548 5491 ἀδίκως
592 5425 902 5496 πολεμοῖεν.
958 5427 1226 5492 Πολλάκις
1249 5428 1357 5500 γὰρ
1379 5430 1730 5501 ἀδικούμενοί

1866 5431 2102 5486 iantibus
2133 5446 2374 5502 pugnare
2395 5432 2558 5502 cogit,
2583 5434 2685 5488 etsi
2722 5445 2962 5505 pugnent
2993 5437 3212 5508 injuste.
3254 5439 3437 5512 Saepe-

159 5533 286 5582 τινες
324 5518 653 5590 συμμαχίαν
709 5518 1132 5573 ἐπεκαλέσαντοο
1184 5515 1250 5592 ἧς
1305 5521 1398 5573 καὶ
1457 5522 1732 5591 τυχόντες,

1860 5538 2068 5579 numero
2098 5524 2244 5579 enim
2280 5523 2473 5592 injuria
2506 5524 2680 5580 affecti
2713 5527 2933 5596 quidam
2969 5531 3241 5586 sociorum
3277 5550 3432 5604 Opem

163 5611 262 5672 τοῖς
326 5608 731 5680 συμμαχήσασι
823 5607 1046 5672 δικαίως
1124 5610 1572 5680 πολεμουμένοις,
1675 5612 1733 5664 οὐ

1855 5615 2208 5681 idvocarunt,
2245 5629 2406 5685 quam
2456 5617 2641 5680 nacti,
2689 5617 2850 5671 etiam
2899 5621 3261 5677 auxiliaribus
3317 5625 3431 5680 suis

160 5699 359 5767 δικαίως
393 5705 690 5775 ἀμύνουσι,
727 5702 885 5769 γάτιιν
924 5703 1104 5758 ἄδικον
1144 5703 1264 5758 ἀντὶ
1310 5704 1523 5768 δικαίας
1562 5708 1732 5759 ἐκτιν-

1858 5705 1975 5761 tollo
2003 5706 2150 5776 justo
2191 5707 2408 5776 petitis,
2447 5723 2552 5761 non
2595 5709 2742 5778 juste
2775 5725 3095 5767 succurrunt
3120 5755 3134 5779 ,
3173 5714 3428 5785 injustam

160 5796 341 5861 νλιτες,
1839 5814 1934 5868 ιιι-ο
1970 5798 2112 5868 jusla
2149 5799 2378 5863 gratiam
2418 5801 2794 5870 repeirientes.
