3992 6422
193 359 316 426 1505

1087 351 1629 415 EPISTOLARUM
1664 351 1818 413 LIB.
1855 353 1925 414 V.
1967 377 2033 388 -
2065 351 2308 414 EPIST.
2344 354 2582 418 CCXCI.

3317 359 3455 423 13.06

192 464 378 537 σμούς’
416 463 468 518 τί
501 464 616 537 γὰρ
657 464 764 537 ἔφη
794 467 822 520 ό
860 464 989 528 Θεὸς
1017 462 1095 535 τῷ
1134 461 1436 532 malum;
1475 480 1494 513 ι
1555 462 1664 515 Καὶ
1699 462 1760 514 σὺ

1870 462 1914 516 si
1957 462 2166 516 hazreas
2201 462 2514 533 ambigens,
2548 462 2728 518 divina
2757 464 2998 522 recitabo
3033 466 3270 524 oracula.
3313 469 3457 538 Quid

192 558 274 610 ἐὰν
296 555 568 628 διαστείλῃ
607 557 692 628 τῷ
719 557 928 626 ἀνόμῳ,
955 555 1046 608 καὶ
1081 554 1154 625 μὴ
1175 553 1497 627 ἀποστρέψῃ
1519 554 1630 607 ἀπὸ
1659 553 1762 624 τῆς

191 645 401 717 ἀνομίας
426 648 596 700 αὐτοῦ
624 648 655 698 ὁ
691 646 909 716 ἄνομος,
935 647 993 698 ὲν
1021 648 1089 715 τῇ
1121 645 1323 714 ἀνομίᾳ
1350 644 1519 698 αὑτοῦ
1559 644 1764 698 ἀποθα-

189 738 363 789 νεῖται·
383 737 447 789 σὺ
474 737 532 789 δὲ
559 736 669 806 τὴν
695 735 872 806 ψυχήν
892 751 984 787 σου
1011 733 1174 807 ῥύσῃ.
1195 753 1214 785 ι
1250 733 1480 787 Σιωπῶν
1506 733 1603 804 μὲν
1629 735 1760 803 γὰρ,

191 830 272 882 καὶ
303 827 375 898 μὴ
411 827 932 897 παρρησιαζόμενος
962 864 977 888 ,
1019 827 1299 888 κοινωνεῖς
1337 824 1551 894 ἐκείνῳ,
1603 824 1760 893 φησι,

189 917 273 986 τῆς
297 917 590 985 τιμωρίας.
623 916 934 985 Προείρηκα
958 916 1116 984 γᾶρΛ
1140 914 1266 966 Ἐὰν
1294 911 1368 984 μὴ
1387 912 1685 985 διαστείλῃ.
1703 913 1765 966 τὸ

190 999 482 1076 αἷμααύτοῦ
509 1007 576 1057 ἐκ
595 1003 700 1073 τῆς
716 1003 896 1075 χειρός
920 1020 1012 1056 σου
1030 1001 1336 1072 ὲκζητὴσω.
1365 1020 1384 1053 ι
1411 1001 1455 1053 Τ
1459 1001 1492 1053 ἀ
1509 1003 1636 1072 περὶ
1650 999 1762 1070 (84)

194 1096 372 1149 σαυτθῦ
401 1095 458 1148 δὲ
495 1096 774 1166 εἰσφέρων
824 1093 1142 1165 ἀπαλλάττῃ
1180 1094 1278 1164 τῆς
1323 1092 1641 1162 καταδίκης.
1673 1091 1765 1164 Τῷ

193 1186 280 1256 μιν
329 1189 436 1257 γὰρ
482 1185 588 1238 καὶ
637 1184 1031 1255 ἀργαλεωτέρα
1082 1183 1373 1254 γενήσεται
1419 1183 1454 1253 ὴ
1504 1183 1759 1248 κόλασις,

193 1279 314 1348 μηδὲ
354 1280 454 1349 τὴν
491 1279 598 1348 σὴν
644 1277 1071 1348 παραδεξαμένῳ
1118 1276 1463 1343 παραίνεσιν.
1497 1275 1571 1328 Σὺ
1617 1274 1674 1328 δὲ
1703 1275 1765 1329 τὸ

191 1373 460 1426 κελευσθὲν
491 1371 963 1442 διαπραξάμενος,
988 1370 1280 1432 ἀνεύθυνος
1303 1369 1426 1442 ἔσῃ.
1459 1369 1625 1422 Οὐδὲν
1651 1369 1764 1440 γὰρ

187 1464 270 1518 τοῦ
297 1464 627 1521 διδασκάλου
653 1464 826 1528 ἐστὶν,
858 1462 891 1533 ἢ
913 1463 1156 1532 ἄληπτον
1185 1462 1499 1532 παρέχοντα
1524 1460 1617 1515 τὸν
1646 1461 1762 1532 βίον

188 1555 466 1615 παιδεύειν,
519 1555 796 1627 μηδαμῶς
828 1554 1145 1624 αἰδούμενον
1192 1552 1301 1606 τῶν
1334 1554 1760 1623 ἁμαρτανόντων

187 1647 274 1718 τὴν
300 1645 671 1712 ἀξιοπιστίαν.
705 1644 779 1698 Τὸ
809 1643 866 1698 δὲ
900 1645 1160 1716 πράττειν
1191 1642 1224 1713 ἦ
1254 1643 1327 1714 μὴ
1353 1682 1369 1706 ,
1398 1644 1496 1712 τῆς
1526 1643 1634 1695 τῶν
1660 1660 1765 1714 μα-

188 1735 557 1807 θητευομένων
586 1738 824 1809 ἤρτηται
845 1733 1072 1805 γνώμης
1093 1774 1108 1798 ,
1135 1734 1296 1788 παντί
1332 1751 1394 1788 τι
1424 1734 1517 1788 καὶ
1554 1750 1762 1788 παντα-

1866 552 2012 606 enim
2057 552 2134 604 ait
2188 551 2333 606 Deus
2383 552 2706 608 Ezechieli:
2770 573 2788 608 t
2819 553 2899 609 Tu
2947 557 2992 610 si
3043 557 3454 616 annuntiaveris

1869 640 2052 708 impio,
2086 639 2148 696 et‘
2170 641 2260 695 ille
2287 656 2391 696 non
2425 641 2588 697 fuerit
2613 657 2909 699 conversus
2933 645 3001 699 ab
3030 646 3310 714 impietate
3332 663 3453 714 sua,

1868 729 2068 800 impius
2117 730 2170 785 in
2227 731 2510 799 iniquitate
2543 747 2639 784 sua
2672 733 2933 786 morietur
2961 751 2975 788 :
3031 745 3088 790 tu
3125 746 3306 790 autem
3330 737 3453 790 aui-

1867 839 2010 877 mam
2046 834 2194 879 tuam
2234 823 2473 877 liberaui
2505 825 2573 882 τ’.
2603 842 2625 877 ι
2669 822 2882 880 Taeens
2912 829 3057 880 cnim
3083 868 3098 890 ,
3145 843 3245 882 nec
3283 830 3456 884 libera

1866 914 2270 980 reprehendens
2300 914 2606 984 particeps,
2647 915 2754 978 ait,
2812 915 2876 969 fis
2904 917 3024 986 ejus
3055 931 3247 984 pinum.
3291 917 3458 973 Paulo

1866 991 2009 1059 enim
2047 1014 2174 1057 ante
2208 1003 2319 1073 jam
2348 1004 2559 1058 dixerat
2590 1022 2605 1057 :
2670 1022 2690 1056 ι
2729 1003 2786 1059 Si
2815 1015 2868 1059 tu
2911 1023 3015 1060 non
3044 1008 3467 1065 aunnntiaveris

1865 1096 1938 1161 ei,
1961 1097 2279 1166 sanguinem
2302 1097 2421 1165 ejus
2437 1097 2504 1151 de
2525 1112 2684 1152 manu
2709 1109 2799 1151 tua
2829 1100 3101 1168 requiram
3121 1101 3190 1151 ".
3212 1120 3229 1151 ι
3254 1101 3308 1152 Si
3328 1115 3458 1154 vero

1865 1202 1934 1243 ex
1961 1199 2011 1243 te
2031 1187 2208 1243 oliicio
2233 1187 2567 1243 satisfeceris
2599 1197 2712 1251 tuo,
2745 1205 2850 1242 non
2877 1191 2985 1244 eris
3019 1206 3162 1244 rens.
3205 1190 3282 1244 Illi
3307 1193 3454 1246 enim

1868 1294 2026 1350 paena
2064 1282 2284 1349 gravior
2312 1278 2670 1348 irrogabitnr,
2700 1281 2793 1350 qni
2844 1292 2988 1334 ιιιςιιιι
3030 1297 3136 1334 non
3171 1283 3457 1337 admiserit

1865 1371 2312 1426 admonitionem.
2355 1370 2434 1424 Tu
2458 1386 2590 1427 vero
2617 1373 2709 1442 qui
2734 1374 3045 1426 mandatum
3071 1377 3322 1437 servasti,
3353 1389 3454 1429 ex-

1866 1474 1987 1515 sors
2014 1462 2126 1516 eris
2153 1461 2418 1516 criminis.
2463 1462 2719 1518 Ducentis
2749 1467 2951 1518 etenim
2989 1462 3222 1518 ofﬁcium
3251 1475 3333 1519 est
3367 1467 3455 1519 in-

1865 1553 2189 1621 culpabileln
2217 1554 2425 1623 agendo
2453 1556 2620 1608 vitam
2641 1595 2657 1621 ,
2697 1555 2977 1611 instituere
3012 1557 3166 1620 alios,
3198 1557 3331 1610 nihil
3367 1569 3458 1610 ve-

1868 1647 2038 1699 rendo
2067 1647 2843 1715 peccantiumauctoritatem.
2888 1647 2958 1702 Ut
2991 1663 3078 1702 res
3101 1647 3327 1706 Cutiliat.
3361 1657 3453 1701 aut

1865 1750 1993 1801 non,
2027 1737 2079 1790 id
2100 1751 2170 1791 ex
2199 1750 2358 1792 sensu
2392 1737 2588 1809 pendet
2623 1739 2960 1803 auditorum,
2990 1740 3057 1792 ab
3088 1740 3367 1802 omnibus,
3405 1743 3459 1791 et

188 1826 272 1899 χοῦ
296 1829 388 1882 τοῦ
411 1827 769 1896 αὑτεξουσίου
805 1825 1228 1896 φυλαττομένου.
1259 1825 1392 1879 Ειδὲ
1427 1825 1614 1896 φαίηςο
1644 1824 1760 1889 [lqu

1877 1827 2078 1896 ubique
2098 1840 2310 1883 servata
2337 1830 2624 1883 sententiae
2654 1828 2922 1884 libertate.
2958 1828 3110 1895 Quod
3137 1829 3182 1882 si
3209 1827 3456 1898 olijici:=s,

187 1917 269 1975 οὖν
294 1923 321 1975 ό
347 1922 565 1986 Παῦλος
601 1921 696 1974 τὸν
746 1919 1162 1989 πεπορνευκότα
1205 1915 1432 1990 ἀπεῖρξε
1459 1933 1474 1982 ;
1511 1916 1696 1986 μεῖξον
1728 1915 1761 1987 ἢ

191 2013 292 2080 ἐγὼ
332 2012 606 2083 βούλομαι
645 2010 823 2078 λέγεις
846 2025 860 2039 ·
888 2008 947 2062 οὐ
980 2008 1090 2078 γὰρ
1113 2007 1415 2076 ὲτύπτησεν
1441 2008 1476 2080 ἢ
1513 2005 1759 2078 ὕϐρισεν,

190 2103 292 2157 ἀλλ’
318 2103 554 2175 ἐχώρισε
576 2103 677 2174 τῆς
708 2101 934 2172 ἀγέλης.
977 2100 1066 2154 ἵνα
1112 2099 1188 2171 μὴ
1234 2101 1329 2153 καὶ
1375 2101 1458 2163 είς
1492 2103 1562 2152 τὰ
1600 2100 1764 2157 λοιπὰ

190 2195 422 2266 πρόὸατα
451 2195 514 2248 τὸ
543 2192 816 2264 λοιμῶδες
855 2192 1072 2262 διαδοθῇ
1113 2195 1351 2262 νόσημα.
1383 2191 1454 2244 Ei-
1491 2190 1552 2244 δὲ
1598 2192 1764 2246 πάλιν

191 2287 371 2357 φαίης·
405 2286 535 2348 Πῶς
568 2280 663 2339 οὖν
689 2284 719 2336 ό
763 2283 912 2336 Ἠλεὶ
943 2281 1292 2353 νουθετήσας,
1330 2283 1423 2336 καὶ
1448 2281 1524 2353 μὴ
1559 2282 1761 2347 ἀνύσας

191 2373 374 2428 δέδωκε
421 2375 624 2444 δίκηνς
665 2373 936 2443 φήσαιμι,
970 2372 1052 2424 ὅτι
1101 2371 1267 2424 παντὶ
1307 2370 1406 2440 μὲν
1453 2369 1630 2424 σθένει
1671 2371 1764 2424 ἐπὶ

194 2465 384 2519 παίδων
429 2464 529 2518 καὶ
583 2464 778 2536 ἱερέων
798 2461 904 2534 χρὴ
928 2463 1020 2516 καὶ
1050 2463 1330 2527 ἐπεξιέναι
1355 2501 1370 2525 ,
1404 2461 1500 2515 καὶ
1529 2461 1762 2518 κωλύειν

191 2555 279 2622 τῆς
319 2555 638 2623 ἁγιστείας,
666 2558 762 2608 καὶ
803 2556 864 2618 ἐξ
894 2554 1068 2624 ὅψεως
1104 2556 1434 2618 ποιεῖν,’καὶ
1472 2555 1762 2627 ἀποχειρο-

192 2651 376 2700 τονεῖν·
422 2650 520 2700 καὶ
557 2649 796 2717 μάλιστα
830 2647 959 2700 ὅταν
982 2648 1064 2711 εἰς
1116 2647 1178 2699 τὸ
1207 2646 1361 2699 Θεῐον
1404 2646 1621 2718 ήῦὅρις
1657 2648 1767 2701 διαο

192 2739 356 2813 ϐαίνῃ.
397 2741 492 2793 Διὸ
522 2740 621 2793 καὶ
663 2738 1092 2810 προσέκρουσεν·
1133 2739 1302 2810 ἐχρῆν
1340 2740 1450 2808 γάρ
1487 2740 1652 2793 αὐτὸν
1686 2738 1763 2810 μὴ

193 2833 322 2902 πέρα
349 2833 442 2886 τοῦ
474 2833 690 2895 δέοντος
731 2829 869 2885 εἶναι
916 2832 1231 2900 φιλόπαιδα,
1275 2831 1414 2884 ἀλλὰ
1442 2834 1554 2895 τοῖς
1597 2832 1763 2898 θείοις

185 2924 358 2993 ’νόμοις
401 2923 689 2995 ἐπαμῦναι
732 2923 1129 2994 ὑδριζομένοις.
1181 2923 1318 2976 Ποτὲ
1351 2923 1409 2976 δέ
1437 2940 1523 2988 τις
1561 2924 1763 2978 ἀπολο·

191 3013 451 3083 γήσασθαι
493 3015 637 3084 ὑπὲρ
669 3013 835 3066 αὑτοῦ
886 3012 1170 3084 βουληθεὶς
1195 3013 1323 3084 ἔφη,
1386 3013 1469 3068 ὅτι
1513 3015 1764 3085 φαίνεται

191 3104 280 3156 οὐκ
307 3103 370 3156 ἂν
417 3105 586 3166 αὐτὸς
624 3104 780 3173 δίκην
806 3104 927 3166 δοὺς
961 3105 1233 3168 τοσοῦτον,
1267 3108 1390 3158 ὅσον
1442 3109 1491 3158 οι
1530 3109 1720 3170 παῖδες
1742 3123 1757 3137 ·

191 3191 371 3244 ἐκεῖνοι
409 3193 514 3257 μὲν
561 3192 672 3261 γὰρ
713 3192 886 3262 ὀργῆς
939 3193 1348 3264 ἐπιπολασὰσης
1388 3195 1559 3260 θείας,
1623 3198 1756 3256 ,αισ-

192 3281 324 3352 χρῶς
355 3285 449 3336 καὶ.
472 3282 726 3346 ἐλεεινῶς
787 3285 846 3336 ὲν
881 3282 958 3351 τῷ
1003 3282 1225 3355 πολέμῳ
1273 3285 1566 3348 ἀπέθανον,
1609 3281 1763 3350 οὗτος

191 3371 241 3425 δὲ
279 3374 414 3443 μετά
459 3374 641 3445 γῆρας
690 3371 827 3444 βαθὺ
863 3375 920 3426 ἐν
962 3375 1029 3444 τῇ
1072 3373 1227 3430 πόλει
1256 3392 1268 3404 ·
1323 3376 1418 3428 καὶ
1463 3377 1601 3447 αὑτὴ
1639 3377 1696 3430 δὲ
1728 3379 1762 3449 ἡ

192 3463 476 3531 ἁπόρασις,
517 3467 566 3516 εί
599 3464 696 3526 τὰς
729 3462 878 3527 θείας
907 3481 991 3526 τις
1020 3463 1286 3526 συλλαϐὰς
1319 3469 1760 3537 περιεργάσοιτο,

193 3565 426 3620 φαίνεται
459 3558 523 3610 οὐ
569 3557 693 3610 κατ’
733 3555 919 3621 αὐτοῦ,
963 3556 1098 3610 ἀλλὰ
1138 3558 1279 3611 κατὰ
1317 3559 1412 3612 τοῦ
1446 3561 1597 3613 οἴκου
1642 3564 1762 3632 όρι-

199 3645 412 3702 σθεῖσα·
474 3667 496 3701 ι
535 3649 752 3718 ’Ὤμοσα
803 3648 932 3720 γὰρ,
977 3651 1131 3717 φησι,
1171 3648 1250 3720 τῷ
1295 3652 1428 3719 οἴκῳ
1491 3651 1660 3716 Ἠλεὶ,
1713 3655 1762 3706 εἰ

191 3737 483 3804 ἐξιλάσεται
521 3740 764 3810 ἁμαρτία
796 3740 945 3793 οἴκου
985 3741 1131 3792 Ἠλεὶ
1156 3780 1171 3803 ,
1209 3742 1242 3812 ἢ
1293 3742 1351 3793 ἐν
1386 3741 1753 3811 θυμιάμασιν,

191 3823 220 3894 ἢ
254 3831 307 3879 ἐν
335 3828 572 3891 θυσίαις,
604 3828 708 3890 ἕως
739 3829 952 3891 αἰῶνος.
986 3831 1100 3882 υὺκ
1131 3826 1276 3895 εἶπε,
1309 3832 1499 3900 φησιν,
1540 3833 1758 3902 Ὤμοσα

193 3915 262 3986 τῷ
311 3919 493 3972 Ἠλεί·
541 3918 672 3984 οὐδ’,
705 3919 785 3973 δτι
831 3921 946 3973 Οὐκ
981 3920 1286 3988 ὲξιλάσεται
1326 3923 1570 3994 ἁμαρτία
1612 3924 1762 3977 Ἠλεὶ

196 4007 406 4076 (ἤρκεσε
452 4010 566 4080 γὰρ
596 4011 745 4081 αὐτῷ
785 4010 914 4075 ἴσως
965 4012 1100 4084 πρὸς
1147 4016 1527 4085 σωφρονισμὸν
1557 4015 1764 4088 ταύτης

195 4100 346 4170 μόνης
387 4102 488 4170 τῆς
537 4103 796 4172 ἀμελείας
821 4119 835 4133 ⁶
871 4104 939 4158 τὰ
973 4104 1079 4174 γὰρ
1125 4090 1274 4158 ἄλλα
1302 4101 1370 4176 ἦν
1405 4106 1719 4177 θαυμαστός
1744 4125 1757 4139 °

190 4190 248 4242 si
265 4191 382 4260 τῇδε
395 4191 551 4262 αὐτῷ
574 4193 957 4264 συμσεσηκότα
974 4196 1192 4266 ἀνιαρὰ)
1209 4196 1348 4250 ἀλλὰ
1373 4197 1547 4263 Ὀῑκῳ
1575 4199 1758 4254 Ἠλεί’

191 4279 300 4334 ἀντὶ
327 4283 446 4345 τοῦ,
481 4285 699 4348 πάντως
725 4286 851 4349 τοὺς
875 4279 1270 4359 ἡμαρτηκότας
1306 4290 1605 4344 ἀπολέσθαι
1627 4293 1755 4363 χρή.

192 4369 246 4422 El
267 4371 340 4437 δὲ,
367 4373 562 4444 ἐπειδὴ
601 4376 934 4446 μετέστησεν
969 4379 1050 4442 είς
1079 4381 1277 4452 ἑτέραν
1308 4381 1632 4450 συγγένειαν
1660 4383 1761 4455 τὴν

1866 1921 2136 1988 quomodo
2154 1934 2286 1990 ergo
2319 1907 2734 1975 heatusPanlus
2773 1922 3025 1990 prohibet
3061 1931 3320 1990 arcetque
3349 1922 3458 1973 l'or-

1867 2014 2135 2070 nicarium
2170 2027 2199 2067 a
2233 2023 2382 2069 ctetu
2419 2014 2659 2068 ﬁdelium
2687 2013 2782 2068 υτ
2819 2013 2995 2083 majus
3033 2013 3164 2082 quid
3195 2013 3456 2080 opinione

1867 2119 1990 2160 mea
2027 2104 2242 2172 objicis.
2296 2106 2370 2159 At
2420 2119 2527 2159 non
2571 2105 2920 2170 verberavit,
2969 2104 3239 2173 iujuriave
3279 2100 3478 2177 aﬂecit,

1864 2196 2180 2267 Apusmlus,
2211 2196 2306 2252 sed
2337 2212 2366 2249 a
2402 2211 2564 2267 grege
2594 2194 2831 2250 ﬁdelium
2859 2196 3165 2262 separavit,
3193 2209 3261 2248 ne
3291 2193 3458 2263 pesti-

1865 2287 1950 2346 fer
1989 2291 2054 2344 ad
2091 2288 2326 2359 reliquas
2357 2300 2487 2342 oves
2519 2290 2738 2342 morlms
2761 2293 2963 2354 serpat.
3004 2287 3059 2340 Si
3092 2287 3289 2339 iterum
3324 2284 3458 2338 sub-

1859 2381 2061 2453 jiclas:
2109 2382 2397 2448 Quomodo
2429 2379 2596 2451 igitur
2627 2378 2742 2433 lieli
2777 2379 3077 2432 admonens
3117 2375 3254 2430 ﬁlios
3284 2373 3448 2428 oﬂlcii

1864 2486 1917 2529 et
1948 2473 2080 2528 nihil
2109 2473 2348 2528 elliciens
2379 2486 2568 2542 ptenas
2596 2471 2746 2526 dedit
2771 2468 2862 2522 7'?
2890 2469 3191 2540 respondeo
3228 2485 3242 2521 :
3275 2464 3452 2536 Opor-

1867 2574 1942 2621 tet
1970 2568 2094 2622 totis
2112 2567 2318 2622 viribus
2348 2565 2401 2619 in
2436 2565 2669 2618 filiorum
2699 2562 2862 2618 etiam
2891 2563 3229 2640 sacerdotum
3261 2557 3453 2627 nequi-

1868 2659 1984 2712 tias-
2013 2658 2471 2719 animadvertere,
2497 2669 2701 2725 eosque
2742 2669 2771 2707 a
2799 2654 2970 2710 sacris
2999 2666 3206 2715 arcere,
3239 2652 3348 2704 imo
3383 2663 3451 2704 ex

1864 2747 2038 2804 oculis
2067 2748 2266 2817 pellere
2286 2761 2353 2804 ac
2384 2747 2552 2817 gradu
2588 2747 2888 2810 dimovere,
2916 2743 3151 2798 maxime
3169 2757 3299 2796 vero
3325 2756 3449 2795 cum

1867 2842 1918 2895 iu
1953 2841 2120 2895 Deum
2161 2841 2430 2894 redundet
2477 2839 2696 2907 injuria.
2738 2837 2945 2891 Idcirco
2981 2835 3143 2890 etiam
3183 2849 3305 2888 reus
3337 2832 3454 2902 ipse

1865 2930 2060 2985 evasit.
2101 2929 2400 2995 Oportebat
2427 2929 2572 2982 enim
2607 2926 2723 2982 Heli
2763 2928 2836 2981 ita
2867 2927 3069 2982 liberos
3096 2927 3324 2993 diligere
3345 2964 3358 2984 .
3391 2933 3451 2978 ιιι

1868 3031 2051 3074 tamen
2085 3018 2260 3074 ofﬁcio
2280 3034 2384 3073 non
2414 3019 2626 3074 deesset
2655 3034 2772 3080 suo,
2804 3017 2897 3090 sed
2925 3018 3230 3071 divinarum
3268 3015 3445 3085 legum
3488 3055 3493 3062 .

1865 3111 2214 3165 violationem
2247 3110 2544 3165 vindicare.
2587 3108 2825 3164 Rursum
2864 3109 2909 3164 si
2953 3110 3075 3177 quis
3106 3123 3231 3163 eum
3258 3108 3450 3162 volens

1866 3202 2153 3257 defendere
2180 3203 2410 3269 dixerit,
2434 3201 2607 3257 videri
2636 3217 2742 3256 non
2767 3211 2876 3255 tam
2908 3199 3083 3270 ipsum
3114 3214 3275 3266 quam
3307 3197 3450 3255 lilius

1861 3299 2042 3347 tantas
2062 3295 2370 3362 persolvere
2399 3307 2587 3361 paruas
2646 3292 2899 3347 debuisse
2937 3291 3036 3361 (illi
3070 3291 3211 3345 enim
3251 3289 3329 3344 ira
3358 3290 3451 3344 Dei

1863 3381 2252 3438 effervescente
2271 3384 2412 3438 ftede
2428 3399 2492 3439 ac
2511 3382 2898 3437 miserabiliter
2914 3385 2964 3435 iu
2985 3383 3123 3437 bello
3140 3383 3450 3452 perierunt:

1864 3473 1982 3529 Heli
2015 3491 2141 3529 vero
2176 3475 2358 3545 gravis
2409 3475 2523 3545 jam
2559 3477 2719 3530 anuis
2753 3490 2817 3530 ac
2862 3489 3028 3531 senex
3063 3477 3115 3530 in
3167 3476 3300 3530 urbe
3339 3473 3454 3531 Silo

1867 3566 2156 3632 mortuus),
2187 3579 2241 3619 et
2264 3566 2388 3620 huic
2421 3568 2640 3634 quidem
2678 3569 2961 3636 qna‘stioni
3005 3582 3322 3636 responsum
3357 3567 3450 3633 sit,

1865 3659 1908 3712 si
1936 3657 2028 3712 Dei
2057 3658 2331 3728 expendas
2356 3656 2545 3723 verba,
2582 3672 2687 3713 non
2722 3669 2830 3713 tam
2860 3660 2912 3712 in
2940 3659 3112 3728 ipsum
3137 3657 3254 3713 Heli
3284 3672 3450 3729 «gnam

1864 3749 1919 3802 in
1951 3748 2070 3816 ejus
2098 3751 2314 3801 domum
2364 3748 2692 3803 sententiain
2724 3764 2847 3805 esse
2893 3750 3324 3820 pronuntiatam.
3359 3749 3454 3805 Ait

1863 3838 2007 3894 enim
2035 3852 2050 3892 :
2098 3857 2116 3889 ι
2150 3836 2335 3892 iuravi
2367 3840 2547 3893 domui
2581 3839 2694 3893 Ileli
2719 3881 2735 3905 ,
2763 3843 2807 3896 si
2831 3842 3136 3911 expiabitur
3166 3853 3451 3911 peccaturo

1865 3929 2062 3984 dooms
2115 3927 2230 3982 Heli
2287 3929 2370 3984 vel
2417 3930 2652 3985 victimis
2701 3932 2789 3986 vel
2844 3931 3129 3986 sacrificiis
3186 3933 3236 3985 in
3289 3942 3448 3986 acter-

1865 4019 2124 4073 num".r
2166 4018 2280 4074 Non
2311 4020 2488 4074 dixit:
2538 4019 2729 4075 lui-avi
2765 4019 2916 4087 Heli,
2959 4037 3134 4091 neque
3157 4022 3235 4077 sic
3274 4040 3288 4077 :
3327 4021 3452 4077 Non

1863 4109 2162 4177 eapiabitur
2198 4111 2450 4163 delictum
2499 4108 2624 4164 Heli
2674 4112 2762 4181 (id
2795 4113 2939 4166 enim
2987 4112 3291 4168 suﬂ‘ecissel
3341 4113 3448 4183 ipsi

1865 4199 2099 4256 fortasse
2143 4200 2208 4255 ad
2256 4200 2593 4270 negligentia:
2631 4202 2791 4272 hujus
2831 4218 3046 4273 paruam
3076 4245 3091 4270 ,
3138 4215 3257 4258 erat
3303 4205 3449 4258 enim

1866 4294 2108 4363 alioquin
2150 4294 2502 4349 admirandus
2547 4293 2708 4348 Heli:
2753 4310 2876 4366 quae
2910 4311 3041 4351 vero
3090 4297 3177 4351 hic
3209 4297 3454 4368 contige-

1867 4394 1989 4436 rant
2017 4385 2352 4438 exsecranda
2391 4395 2518 4439 sunt
2551 4383 2743 4456 visa);
2783 4387 2877 4441 sed
2910 4387 3026 4442 ait:
3071 4387 3266 4441 Domni
3303 4387 3451 4453 Heli,

194 4460 410 4532 ltptuau'v
424 4481 505 4535 qv,
535 4464 683 4534 λέγοι
711 4483 796 4530 τις
819 4485 833 4499 ·
875 4465 1040 4521 Εἶπεν
1075 4471 1106 4522 ό
1128 4472 1268 4542 ὑπὲρ
1297 4472 1462 4526 αὐτοῦ
1493 4474 1592 4545 τὴν
1630 4476 1760 4529 ἀπο-

1868 4473 2025 4540 quasi
2051 4474 2261 4542 penitus
2289 4476 2564 4546 exstingui
2595 4486 2908 4546 peccatores
2932 4491 3123 4532 omnes
3147 4489 3449 4548 oporteret.

191 4549 360 4623 λογίαν
393 4556 820 4628 ἀναδεξάμενος,
863 4560 946 4613 ὅτι
969 4561 1217 4625 εἰκότως.
1248 4564 1386 4628 Τοὺς
1414 4567 1523 4635 γάρ
1549 4567 1612 4618 ὲκ
1649 4566 1759 4621 τῶν

191 4643 308 4697 υἱῶν
326 4645 498 4700 αὐτοῦ
523 4647 630 4700 τῶν
657 4649 1081 4720 ἡμαρτηκότων,
1108 4652 1202 4704 καὶ
1235 4653 1328 4706 τοῦ
1363 4653 1520 4720 Θεοῦ,
1545 4657 1640 4708 καὶ
1661 4654 1757 4708 τοῦ

192 4739 501 4809 γεννήτορος
531 4742 1098 4813 καταπεφρονηκότων
1146 4744 1439 4816 τεχθέντας
1465 4785 1482 4813 ,
1530 4748 1633 4802 οὐκ
1671 4746 1752 4802 ἔτι

193 4822 346 4894 ἐχρῆν
378 4826 655 4896 ἱερᾶσθαι.

571 5118 730 5187 seu.
755 5150 824 5162 —
845 5121 1012 5194 tum
1047 5121 1370 5193 ΔΙΔΚΟΝῼ.

1865 4563 2035 4634 648
2076 4562 2135 4620 Si
2164 4580 2292 4620 vero
2326 4577 2612 4638 postquam
2651 4568 2763 4639 jam
2796 4569 3161 4624 sacerdotium
3196 4573 3262 4622 ad
3292 4571 3453 4626 aliam

1868 4655 2146 4712 transtulit
2204 4655 2465 4712 familiam
2520 4659 2571 4714 id
2619 4660 2757 4714 dixit
2797 4661 3023 4731 (dixerit
3077 4660 3220 4715 forte
3255 4662 3455 4733 aliquis

1867 4746 2012 4802 illius
2065 4751 2249 4803 tuendi
2286 4751 2587 4819 suscipiens
2631 4753 2858 4823 partes),
2891 4754 2940 4808 id
2979 4754 3175 4808 merito
3204 4752 3451 4808 factum:

1868 4838 2311 4906 quandoquidem
2347 4840 2440 4894 lilii
2469 4841 2587 4908 ejus
2621 4842 2674 4895 in
2705 4842 2871 4896 Deum
2915 4852 3307 4912 parentemque
3335 4858 3456 4914 pec-

1867 4938 2167 4995 caverant;
2205 4945 2434 4998 QUO")!!!
2471 4934 2708 5002 posteris
2756 4943 2816 4988 ιιι
2847 4943 3322 5004 contemptorum,
3359 4949 3450 4991 ιιι-

1868 5016 1978 5073 cria
2008 5021 2242 5090 amplius
2271 5025 2488 5092 aperari
2525 5023 2679 5080 nefas
2713 5033 2849 5079 erat.

2195 5132 2418 5190 CCXCI.
2446 5166 2513 5177 —
2549 5134 2779 5190 HELIE
2815 5133 3131 5194 DIACONO.

700 5226 1033 5300 Fugiendnm
1067 5248 1177 5286 esse
1203 5231 1542 5287 libidinosum
1586 5233 1906 5301 feminarum
1943 5251 2232 5309 aspectant.
2266 5242 2449 5313 (Cani.
2476 5247 2625 5314 epist.
2660 5245 2753 5311 95,
2789 5244 2939 5315 1⁵75.)

254 5315 360 5389 Τὴν
389 5317 694 5373 ἀκόλαστον
722 5319 867 5389 δψιν,
896 5319 997 5391 τὴν
1025 5321 1138 5384 τοῖς
1163 5320 1466 5393 ἀλλοτρίοις
1497 5321 1754 5376 κάλλεσιν

1936 5325 2205 5385 Servator
2238 5340 2423 5387 noster
2447 5332 2711 5388 lascivum
2750 5341 3030 5404 aspectum
3055 5372 3069 5394 .
3103 5335 3194 5404 qui
3230 5335 3456 5393 alterius

256 5471 297 5502 "
326 5470 530 5528 Ezech.
561 5488 643 5540 ιιι,
678 5474 772 5529 19.
842 5476 885 5506 τί
925 5474 1056 5532 ihld.
1090 5471 1180 5529 18.
1256 5476 1304 5507 "'
1335 5475 1352 5529 1
1391 5462 1520 5532 Cor.
1557 5492 1608 5543 ν,
1641 5478 1731 5532 Η.

1890 5481 2062 5554 Illeg.
2092 5501 2158 5552 ιι,
2181 5485 2254 5540 22
2277 5501 2458 5557 seqq.;
2494 5502 2567 5554 tv,
2595 5489 2616 5542 l
2649 5506 2804 5562 seqq.
2881 5491 2973 5546 "l
3003 5489 3134 5563 Reg.
3162 5506 3243 5556 tn,
3295 5492 3380 5550 li.

1286 5608 1524 5666 VARUE
1560 5608 1948 5671 LECTIONES
1984 5616 2074 5672 ET
2112 5617 2346 5675 NOTAE.

259 5735 366 5807 (84)
396 5736 533 5807 Περὶ
577 5747 786 5794 mutant
834 5739 907 5795 inn
935 5742 1085 5812 παρὰ
1120 5741 1277 5797 iidem
1341 5742 1499 5800 cedd.
1546 5736 1759 5798 Possis.
