3992 6468
531 469 663 533 1507
1684 453 1746 513 S.
1783 450 1882 512 ISI
1892 447 2072 511 DORI
2111 442 2546 506 PELUSIOTXE
3635 428 3772 494 1503

526 593 586 633 se
628 575 803 647 pascit
851 568 1248 643 pulchritudine
1275 610 1290 634 ,
1323 564 1519 622 merito
1552 562 1887 635 puniendum
1933 561 2101 615 inter—

2208 554 2472 608 έστιῶσαν
2533 551 2753 622 ἑαυτὴν,
2813 549 3062 604 κολάσειν
3117 547 3338 610 εἰκότως
3387 544 3692 616 ἠπείλησεν
3737 547 3768 598 ὀ

537 638 774 720 minatur
797 638 867 728 ",
897 662 963 716 ab
1005 663 1120 730 ipso
1154 674 1253 714 nos
1296 656 1440 712 malo
1471 654 1748 724 animique
1783 649 2098 719 impotentia

2206 644 2424 714 Σωτὴρ,
2458 642 2800 715 πραγμάτων
2827 643 2971 714 ἡμᾶς
3019 639 3378 694 ἀπαλλάττων
3421 638 3516 691 καὶ
3553 638 3773 709 ἀμηχα-

528 754 796 809 abducens
817 727 853 818 ,ί
878 765 944 806 ne
983 727 1083 820 per
1112 748 1297 804 oculos
1327 743 1666 816 pulchritudo
1699 741 1921 796 illabens
1951 751 2099 790 men-

2200 733 2318 796 νίας
2359 732 2558 801 πολλῆς
2583 749 2594 761 ·
2641 733 2727 785 ἵνα
2759 732 2832 802 μὴ
2865 731 2924 783 τὸ
2969 730 3165 792 κάλλος
3205 729 3292 782 διὰ
3341 727 3447 781 τῶν
3479 727 3775 798 ὀφθαλμῶν

531 854 640 900 tem
676 842 885 911 redigat
915 842 970 897 in
989 818 1313 903 servitutem
1336 877 1350 901 ,
1383 834 1646 889 etanima:
1673 828 2100 902 opportunitates

2202 823 2415 895 είσρυὲν
2451 823 2542 876 τὸν
2564 822 2686 876 νοῦν
2714 819 3185 892 καταδουλώσηται
3204 837 3217 850 ⁶
3253 820 3345 873 καὶ
3366 819 3431 872 τὰ
3465 818 3654 890 καίρια
3674 819 3778 889 τῆς

537 910 921 1002 praeoccupans
945 969 961 996 ,
987 930 1249 983 rationem
1287 926 1477 980 doceat
1504 922 1712 978 all‘ectui
1749 919 1962 980 cedere,
1995 927 2100 983 quo

2203 916 2379 986 ψυχῆς
2406 915 2844 983 προκαταλαὸὸν,
2878 913 2969 966 τὸν
3009 912 3268 983 λογισμὸν
3295 913 3458 983 πείσῃ
3504 911 3582 982 τῷ
3611 910 3779 966 πάθει

529 1001 897 1078 invalescente
945 1027 1130 1073 curatu
1176 1015 1426 1081 dillicile,
1480 1028 1547 1068 ne
1588 1012 1762 1066 dicam
1801 1005 2098 1062 insanabile

2204 1006 2632 1077 παραχωρῆσαι·
2685 1001 2746 1060 οὗ
2785 1003 3179 1074 κρατηθέντος,
3236 1003 3510 1065 δυσίατον,
3563 1003 3649 1055 ἵνα
3700 1001 3780 1073 μὴ

529 1110 621 1164 ﬁat
657 1109 879 1164 malum.
942 1107 1083 1162 Cave
1117 1107 1281 1176 igitur
1322 1118 1391 1158 ne
1429 1102 1702 1156 violentus
1745 1095 1968 1150 allectus
2002 1107 2096 1146 voo

2203 1099 2343 1168 λέγω
2386 1099 2625 1163 ἀνίατον,
2660 1098 2865 1166 γίνεται
2915 1096 2974 1149 τὸ
3015 1096 3206 1150 κακόν.
3243 1094 3517 1148 Φυλάττου
3571 1095 3779 1156 τοίνυν,

531 1201 752 1268 luptatis
788 1195 1032 1254 animum
1067 1211 1358 1268 aggressus
1406 1208 1510 1247 non
1558 1188 1942 1260 impossibilem
1975 1185 2095 1254 qui-

2199 1191 2341 1254 ὄπως
2380 1190 2452 1259 μὴ
2484 1191 2542 1242 τὸ
2570 1189 2884 1260 τυραννικὸν
2919 1189 3090 1252 πάθος
3145 1187 3242 1258 τῆς
3277 1187 3468 1258 ἡδονῆς
3501 1185 3775 1257 χειρωσά-

529 1291 648 1346 dem
671 1328 686 1354 ,
717 1291 810 1344 sed
856 1287 1216 1360 perdiliiellem
1248 1285 1312 1340 ad
1347 1281 1646 1338 curandum
1679 1278 1925 1334 morbum
1962 1290 2095 1330 con-

2200 1299 2359 1352 μενον
2390 1281 2486 1351 τὴν
2534 1280 2732 1352 ψυχὴν,
2770 1282 3024 1334 ἀδύνατον
3058 1280 3156 1350 μὲν
3204 1279 3474 1349 οὐδαμῶς,
3515 1277 3776 1332 δύσκολον

532 1381 687 1436 citet.
2202 1373 2259 1424 δὲ
2283 1372 2450 1441 αὐτῆς
2481 1373 2868 1443 κατασκευάσῃ
2887 1371 2985 1441 τὴν
3007 1369 3325 1440 θεραπείαν.

1010 1482 1256 1542 CCXCII.
1291 1513 1362 1526 —-
1397 1480 1628 1537 EIDEM.

2688 1477 2845 1542 2w.
2880 1506 2944 1517 —
2976 1475 3063 1544 τῃ
3093 1475 3294 1546 nm.

1490 1594 1508 1626 ι
1552 1573 1764 1645 Diligite
1805 1571 2045 1626 inimicos
2081 1578 2294 1625 vestros.
2329 1587 2347 1620 ι
2376 1568 2590 1638 (Matrh.
2642 1585 2694 1632 v,
2723 1567 2833 1639 44.)

602 1709 717 1765 Etsi
775 1709 948 1764 solent
997 1707 1245 1762 homines
1303 1706 1356 1759 in
1419 1703 1734 1775 gravissima
1788 1701 2099 1756 calamitate

2278 1696 2338 1748 El
2373 1694 2428 1747 δὲ
2482 1694 2592 1765 (85)
2642 1695 2842 1758 πάντες
2890 1693 3144 1747 είώθασιν
3201 1693 3258 1746 ὲν
3311 1693 3431 1754 ταῖς
3487 1689 3779 1754 άσπόνὸοις

534 1799 659 1855 illud
698 1800 906 1854 cunctis
963 1796 1268 1860 anteferre,
1321 1798 1364 1850 si
1410 1795 1548 1864 quod
1583 1794 1798 1857 volunt,
1843 1792 2096 1859 consequi

2208 1789 2512 1856 συμφοραῖς
2558 1788 2952 1858 προτιμὼερον
3001 1785 3154 1853 ἄγειν
3197 1785 3257 1837 τὸ
3291 1787 3468 1854 τυχεῖν
3518 1775 3593 1836 ὧν
3624 1782 3784 1836 αὐτοὶ

532 1891 775 1960 possint;
813 1891 996 1944 hostes
1031 1903 1157 1942 vero
1190 1896 1313 1941 voto
1346 1884 1676 1940 frustrentur
1705 1889 1804 1939 suo
1836 1901 1848 1936 :
1878 1884 1968 1937 sed
2011 1881 2101 1950 qui

2216 1850 2486 1946 Bodl-evasit
2514 1919 2528 1941 ,
2567 1850 2613 1948 ἥ¹
2653 1850 2874 1940 τὸΙτοὺς
2925 1850 3214 1946 πολεμίους
3256 1869 3329 1928 ὧν
3359 1850 3659 1946 νόρέγονται
3709 1875 3792 1928 δι-

533 1978 736 2034 Christi
767 1993 863 2033 nos
891 1992 1007 2032 esse
1040 1976 1328 2045 discipulos
1361 1975 1677 2045 gloriamur,
1713 1989 1820 2028 non
1853 1982 2095 2026 nostrum

2214 1972 2492 2040 ιμαρτεῖν·
2536 1969 2651 2023 ἀλλ’
2699 1971 2855 2040 ἡμεῖς
2893 1970 2941 2022 οί
2985 1970 3079 2022 τοῦ
3126 1966 3361 2038 Χριστοῦ
3399 1967 3790 2038 σεμνυνόμενοι

540 2071 698 2124 modo
727 2069 1070 2124 commodum
1097 2108 1110 2130 ,
1163 2069 1252 2122 sed
1299 2077 1557 2122 eteorum
1591 2080 1618 2118 a
1650 2065 1844 2134 quibus
1883 2063 2109 2119 disside-

2217 2057 2355 2116 εἶναι
2389 2061 2627 2131 μαθηταὶ
2647 2103 2660 2126 ,
2703 2062 2774 2132 μὴ
2802 2063 2862 2114 τὸ
2892 2061 3099 2115 ἑαυτῶν
3131 2059 3406 2131 συμφέρον
3435 2059 3613 2128 μόνον,
3651 2057 3793 2111 ἀλλὰ

539 2175 663 2214 mus
697 2175 1001 2229 quaeramus
1036 2159 1255 2214 bonum.
1310 2157 1409 2223 Qui
1441 2156 1582 2211 enim
1618 2155 1861 2225 proximo
1887 2155 2109 2224 prodest

2217 2155 2299 2206 καὶ
2333 2153 2443 2223 (86)
2477 2153 2583 2208 τῶν
2615 2154 2749 2224 πρὸς
2777 2155 2924 2224 ἡμᾶς
2945 2152 3353 2224 διαφερομένων
3376 2150 3648 2222 ζητῶμεν.
3701 2151 3793 2203 Ἐν

538 2251 658 2319 (etsi
707 2249 1020 2305 incredibile
1068 2249 1120 2303 id
1154 2246 1424 2317 videatur)
1477 2249 1577 2302 sibi
1631 2247 1834 2316 pariter
1861 2248 2103 2315 prodest.

2220 2245 2314 2316 γάρ
2337 2246 2414 2316 τῷ
2445 2246 2774 2318 συμφέροντι
2801 2245 2907 2298 τῶν
2933 2246 3101 2309 πέλας
3147 2245 3232 2314 (εί
3262 2245 3358 2297 καὶ
3393 2243 3696 2314 παράδοξον
3731 2243 3796 2296 τδ

2205 2337 2634 2410 λεχθησόμενον)
2687 2339 2780 2391 καὶ
2833 2338 2895 2390 τδ
2925 2339 3190 2408 ἡμέτερον
3231 2335 3680 2409 συμπεριέχεται.

794 2446 1064 2503 CCXCllI.
1105 2477 1174 2487 —-
1212 2443 1485 2501 lSlDORO
1519 2443 1834 2500 DlACONO.

2541 2448 2700 2514 ΣιιΓί.
2732 2478 2800 2488 -
2831 2448 3094 2518 msera
3127 2447 3447 2516 ΔιΛΚΟΝῼ.

982 2557 1176 2614 Sancta
1208 2556 1483 2625 Scriptura
1522 2555 1590 2609 ad
1626 2573 1804 2611 sensus
1834 2558 2038 2626 quidem
2083 2561 2252 2616 uarios
2292 2565 2521 2634 torqueri
2562 2576 2746 2633 potest,
2784 2565 2975 2619 veritas
3007 2575 3176 2619 tamen
3205 2581 3329 2619 una.

609 2686 844 2743 Tametsi
889 2685 1141 2752 plurima,
1186 2694 1245 2738 ut
1273 2683 1486 2749 scribis,
1517 2685 1677 2739 verba
1719 2695 1922 2740 sanctae
1961 2685 2112 2740 Scri-

2288 2697 2350 2749 ΕΞ
2385 2696 2480 2750 καὶ
2508 2696 2698 2760 πολλὰ,
2720 2697 2795 2760 ὡς
2834 2697 2989 2769 ἔφης,
3023 2698 3241 2768 ῥήματα
3269 2696 3378 2749 τῶν
3407 2695 3570 2765 ἱερῶν
3592 2694 3797 2763 λογίων

539 2788 710 2848 pturae
722 2775 789 2829 ad
815 2775 958 2829 illum
978 2789 1134 2843 quem
1158 2775 1279 2843 quis
1301 2773 1440 2829 volet
1457 2788 1670 2829 sensum
1698 2776 1834 2829 trahi
1864 2783 2109 2844 possunt,

2221 2788 2355 2859 πρὸς
2384 2789 2519 2857 ὅπερ
2550 2789 2614 2841 ἄν
2654 2805 2736 2850 τις
2775 2789 2904 2858 θέλῃ
2938 2787 3420 2858 παρακρουόμενος
3441 2826 3455 2850 ,
3479 2785 3658 2839 ἓλκειν
3689 2787 3792 2840 καὶ

543 2881 716 2937 eaque
744 2867 1069 2934 detorquere
1104 2867 1174 2920 sit
1213 2863 1393 2932 facile,
1427 2871 1630 2921 veritas
1663 2875 1839 2920 tamen
1862 2906 1876 2931 ,
1906 2880 2002 2921 eos
2025 2866 2115 2935 qui

2219 2877 2503 2947 βιάζεσθαι
2535 2877 2716 2947 ῥᾴδιόν
2746 2880 2925 2930 ἐστιν·
2953 2876 3066 2930 ἀλλ’
3102 2879 3135 2947 ἡ
3169 2876 3396 2947 ἀλήθεια
3427 2876 3643 2930 πάντων
3677 2875 3792 2930 τῶν

547 2959 817 3013 malitiose
849 2958 962 3011 haec
982 2956 1064 3011 vel
1089 2970 1456 3025 corrumpere,
1488 2955 1574 3011 vel
1601 2957 1741 3010 male
1772 2955 2118 3025 interpretari

2219 2968 2538 3040 κακούργως
2582 2970 2722 3022 αὐτὰ
2754 2969 2786 3039 ἢ
2816 2968 3192 3040 παραποιῆσαι
3218 3009 3232 3034 ,
3261 2969 3295 3039 ἢ
3340 2967 3795 3039 παρερμηνεῦσαι

550 3048 746 3103 θυάθηι
766 3086 784 3114 9
817 3046 984 3102 νίηοίι
1021 3061 1086 3101 ac
1121 3055 1358 3114 suPeri“-
2219 3062 2616 3133 τολμησάντων
2650 3064 2744 3115 καὶ
2775 3062 3097 3132 περιγέγονε
3124 3100 3139 3126 ,
3184 3063 3279 3114 καὶ
3308 3061 3671 3130 περιγίνεται,
3691 3062 3797 3113 καὶ

2142 3172 2183 3230 c
2217 3155 2519 3226 περιέσται.

787 3261 1056 3320 CCXCIV.
1094 3292 1165 3303 -—
1207 3259 1504 3317 EUTONlO
1541 3257 1858 3316 DIACONO.

2532 3264 2684 3330 Σιιιν.
2719 3293 2787 3302 -
2818 3263 3112 3334 armum
3143 3261 3465 3334 ΔΙΑΚΟΝῼ.

1840 3346 2034 3404 Gloria:
2064 3349 2262 3407 inuidia
2292 3370 2483 3408 comes.

616 3458 865 3529 lgnorare
908 3458 1037 3513 mihi
1074 3458 1272 3514 videris
1305 3457 1686 3514 excellentibus
1744 3458 1905 3512 rebus
1957 3458 2122 3527 gestis

2305 3464 2561 3532 Ἀγνοεῖς,
2603 3463 2677 3527 ὡς
2707 3463 2902 3526 ἔοικεν,
2932 3465 3014 3517 ὅτι
3046 3467 3164 3529 ταῖς
3190 3465 3484 3536 ὑπεροχαῖς
3512 3464 3620 3518 τῶν
3649 3464 3796 3535 πρά-

545 3550 802 3605 obvenire
842 3549 1096 3602 invidiam
1124 3550 1332 3615 solere,
1361 3565 1522 3618 quam
1556 3551 1646 3617 qui
1683 3547 1819 3602 clari
1861 3558 1983 3602 sunt
2017 3564 2116 3604 no-

2222 3558 2357 3624 ξεων
2413 3555 2828 3627 ὲπισυμϐαίνειν
2872 3556 3063 3609 εἴωθεν
3111 3560 3139 3610 ὁ
3191 3557 3421 3625 φθόνος·
3465 3557 3558 3610 καὶ
3599 3557 3796 3612 τοῦτον

553 3640 715 3694 minis
747 3639 981 3710 effugere
1009 3649 1303 3708 nequeunt,
1330 3640 1679 3708 quamobrem
1714 3639 2023 3694 conturbari
2050 3641 2124 3694 vi-

2220 3651 2318 3703 οὐκ
2357 3649 2504 3702 ἐστιν
2549 3651 2808 3717 ἐκφυγεῖν
2862 3649 2986 3712 τοὺς
3037 3649 3307 3721 λαμπρῶς
3343 3650 3791 3720 ἀνακηρυττομέ-

551 3733 716 3786 deris.
773 3732 993 3785 Diseeus
1024 3732 1186 3801 igitur
1217 3732 1352 3794 hoc,
1387 3730 1590 3784 turbari
1632 3730 1836 3784 desine.
1883 3729 2109 3784 Praestat

2222 3757 2354 3805 νους,
2393 3742 2486 3795 καὶ
2522 3740 2609 3793 διὰ
2641 3738 2797 3793 τοῦτο
2827 3740 3008 3804 ἔοικας
3059 3734 3470 3811 τεθορυὁῆσθαι.
3498 3740 3666 3794 Τοῦτο
3699 3739 3798 3795 οὖν

548 3822 690 3876 enim
724 3821 922 3874 virtute
952 3821 1202 3890 prmditos
1225 3820 1543 3890 reprehendi
1589 3821 1656 3875 ab
1678 3821 1743 3874 iis
1765 3822 1853 3890 qui
1885 3821 2112 3890 probum

2224 3831 2430 3902 μαθὼν,
2456 3831 2800 3902 ἀπαλλάγηθι
2819 3831 2909 3885 τοῦ
2937 3831 3190 3903 θορύϐουο
3214 3833 3435 3903 ἄμεινον
3463 3833 3571 3904 γὰρ
3591 3834 3799 3905 ἀρετὴν

549 3928 670 3968 esse
715 3913 980 3967 nemiuem
1030 3913 1289 3982 cupiunt,
1342 3927 1503 3981 quam
1555 3913 1952 3982 improbitatem
1998 3927 2113 3964 am-

2225 3925 2508 3994 μετιόντας
2566 3924 2994 3994 κακηγορεϊσθαι
3036 3924 3187 3996 παρὰ
3238 3925 3345 3977 τῶν
3398 3926 3602 3995 μηδένα
3653 3923 3796 3981 εἶναι

551 4005 860 4077 plexantes,
906 4003 1149 4072 plausum
1188 4005 1381 4058 mereri
1422 4003 1562 4074 apud
1593 4018 1687 4060 eos
1715 4004 1807 4074 qui
1844 4012 1994 4058 recto
2020 4017 2112 4057 ca-

2224 4015 2566 4086 βουλομένων
2594 4015 2897 4086 εὐδόκιμον,
2923 4015 2955 4087 ἢ
2989 4016 3187 4070 κακίαν
3222 4017 3634 4087 ἀσπαζομένους
3663 4035 3796 4088 κρο-

547 4107 668 4153 l'eut
694 4098 757 4152 de
792 4095 946 4150 rebus
975 4094 1182 4164 judicio
1199 4139 1212 4157 .

2222 4107 2431 4161 τεῖσθαι
2457 4107 2609 4178 παρὰ
2637 4108 2745 4160 τῶν
2775 4109 2873 4179 τὴν
2903 4107 3068 4179 ὀρθὴν
3101 4109 3207 4162 τῶν
3230 4109 3573 4180 πραγμάτων
3605 4113 3796 4182 κρίσιν

2228 4197 2303 4266 μὴ
2337 4196 2706 4266 κεκτημένων.

876 4325 1043 4397 649
1080 4325 1327 4384 CCXCV.
1350 4361 1420 4370 —
1438 4324 1856 4385 ISCHYBIONI.

1767 4324 1856 4382 Nl.
2662 4302 2820 4370 EHE'.
2857 4333 2928 4344 -—-
2965 4305 3342 4359 ιΣΧΥΡιΩΝι·

1177 4420 1255 4476 De
1284 4421 1500 4477 lectione
1530 4431 1728 4478 sanctae
1758 4421 2049 4491 Scriptum
2072 4436 2091 4474 :
2117 4432 2220 4471 non
2243 4411 2400 4478 hujus
2422 4411 2545 4464 vitio
2577 4409 2836 4476 improbos
2871 4408 2987 4478 ﬁeri
3019 4407 3152 4480 (87).

625 4532 681 4586 Si
711 4530 928 4600 quidem
951 4546 1141 4588 omnes
1165 4533 1253 4600 qui
1274 4547 1482 4588 sacram
1509 4544 1745 4589 tractant
1778 4533 2111 4606 Scripturam
2145 4538 2189 4592 D

2291 4545 2353 4596 El
2391 4543 2487 4612 μὲν
2521 4541 2720 4603 πάντες
2748 4539 2797 4593 οἱ
2831 4543 2948 4606 ταῖς
2985 4542 3232 4612 Γραφαῖς
3260 4543 3624 4614 ὡμιληκότες,
3656 4547 3795 4617 πρὸς

556 4620 622 4675 ad
644 4619 759 4689 ejus
785 4635 1028 4675 normam
1074 4621 1420 4678 instituerent
1461 4624 1648 4690 vitam,
1694 4635 1782 4679 tua
1822 4626 2110 4694 quamdam

2219 4634 2316 4704 τὴν
2349 4634 2389 4684 ε’
2422 4632 2572 4684 ,ίνων
2626 4631 2913 4701 εἰσήγησιν
2947 4633 3352 4702 κατεστήσαντο
3375 4635 3466 4687 τὸν
3495 4636 3632 4705 βίον,
3676 4632 3795 4706 εἶχέ

558 4710 818 4765 rationem
845 4710 1070 4765 haberet
1113 4713 1312 4766 oratio.
1351 4712 1410 4767 Si
1442 4728 1572 4768 vero
1605 4715 1780 4780 multi,
1829 4730 1964 4784 quos
1993 4730 2114 4786 ego,

2229 4722 2324 4776 σού
2366 4739 2484 4776 τινα
2525 4721 2680 4788 λόγον
2703 4722 2730 4773 ὁ
2767 4721 2924 4788 λόγος
2945 4737 2958 4751 ·
2991 4724 3038 4774 el
3065 4723 3120 4776 δὲ
3152 4723 3333 4776 πολλοὶ
3363 4723 3454 4787 οὒς
3492 4722 3610 4779 οῖδα
3639 4727 3750 4795 ἐγὼ
3777 4767 3793 4791 ,

557 4806 612 4853 ιιι
642 4812 854 4867 quoque
885 4797 1117 4855 fortasse
1137 4803 1402 4865 novimus,
1434 4804 1877 4859 communitiones
1903 4804 2121 4859 laudant

2221 4813 2350 4875 ἴσως
2370 4813 2425 4866 δὲ
2453 4811 2549 4864 καὶ
2576 4811 2760 4874 αὐτὸς,
2791 4811 2888 4873 τὰς
2908 4811 3260 4880 παραινέσεις
3289 4814 3525 4885 ᾄδοντες,
3551 4817 3609 4868 ὲν
3639 4815 3796 4888 μέσῳ

557 4887 697 4941 inter
719 4888 938 4952 multos,
965 4891 1224 4960 religione
1258 4892 1424 4957 ducti,
1450 4894 1718 4948 contraria
1735 4909 1960 4966 quaeque
1981 4895 2114 4951 clam

2221 4903 2626 4967 ὲκθειάζοντες,
2670 4903 2777 4956 πᾶν
2816 4903 3121 4957 τούναντίον
3175 4905 3350 4976 λάθρα
3381 4905 3674 4976 τολμῶσιν,
3729 4887 3796 4961 οὗ

557 4978 752 5034 audent
795 4981 1030 5051 aggredi,
1060 4996 1162 5036 non
1211 4995 1496 5053 propterea
1525 4999 1710 5040 sacras
1741 4988 2117 5044 accusabimus

2222 4993 2304 5046 διὰ
2350 4993 2506 5045 τοῦτο
2540 4992 2636 5053 τὰς
2666 4991 2888 5061 Γραφὰς
2919 4993 3262 5063 γραφόμεθα.
3292 4995 3536 5063 Ἔφησαν
3567 4996 3641 5067 μὴ
3682 4998 3798 5052 ἀδι-

558 5066 809 5124 Litteras.
844 5069 1004 5126 lubet
1043 5072 1186 5127 enim
1234 5083 1419 5130 saneta
1458 5077 1741 5145 Scriptura
1786 5077 1902 5132 laedi
1948 5080 2116 5134 uerni-

2222 5087 2338 5136 κεῖν
2365 5123 2380 5148 ,
2423 5084 2518 5137 καὶ
2566 5083 2747 5136 πολλοὶ
2789 5083 3054 5138 άδικοῦσι.
3106 5085 3169 5137 Τί
3207 5085 3366 5140 τοῦτο
3396 5087 3531 5158 πρδς
3576 5089 3792 5156 αὑτάς;

629 5241 674 5272 ⁷⁸
707 5240 895 5298 Matth.
935 5259 985 5308 ν,
1027 5243 1120 5300 τε.

1645 5375 1875 5430 γΑῐὶΙᾸΞ
1919 5377 2293 5436 LEC'I‘IONES
2334 5381 2419 5436 ET
2451 5383 2676 5440 NOT/E.

651 5528 741 5613 8E1)
768 5528 872 5584 Pro
903 5531 951 5582 ει
977 5529 1034 5583 δὲ
1078 5531 1232 5585 codd.
1284 5529 1401 5584 Vat.
1448 5529 1551 5584 650
1603 5540 1660 5585 et
1707 5531 1814 5584 Alt.
1859 5532 2127 5587 habentel
2235 5539 2423 5613 inquit,
2465 5541 2673 5613 virtutis
2712 5552 2785 5613 est
2829 5558 3247 5613 armamentum;
3293 5560 3339 5603 et
3391 5552 3652 5605 sceleratis
3696 5573 3794 5611 ηε-

632 5529 741 5650 $85)
768 5529 872 5584 Pro
903 5531 951 5582 ει
977 5529 1034 5583 δὲ
1078 5531 1232 5585 codd.
1284 5529 1401 5584 Vat.
1448 5529 1551 5584 650
1603 5540 1660 5585 et
1707 5531 1814 5584 Alt.
1859 5532 2127 5587 habentel
2235 5539 2423 5606 inquit,
2465 5541 2673 5593 virtutis
2712 5552 2785 5596 est
2829 5558 3247 5613 armamentum;
3293 5560 3339 5603 et
3391 5552 3652 5605 sceleratis
3696 5573 3794 5611 ue-

563 5598 906 5684 xalago'sstu.
1006 5667 1019 5684 ‘
1091 5678 1104 5684 Α
1181 5668 1207 5680 _
1475 5669 1484 5678 _
1537 5683 1544 5684 ί
1696 5677 1708 5684 Δ
1785 5668 1799 5684 ’
1851 5668 1864 5684 Ι
2231 5610 2409 5684 ouilia:
2442 5611 2703 5684 “inultus.
2751 5611 2912 5684 Plura
2965 5615 3154 5671 Junius
3202 5627 3343 5674 cent.
3380 5635 3432 5673 tv
3480 5622 3688 5684 adagio,
3740 5639 3795 5679 et.

769 5667 1032 5757 ξξξθζικςξξ
1056 5678 1110 5757 (ξ
1469 5669 1710 5757 ξῒηεςςξιηξ
1739 5668 1820 5757 1'3;
1850 5668 1923 5757 lit.
2062 5741 2072 5753 .
2223 5677 2545 5757 emblemate
2590 5681 2659 5732 51';
2695 5697 2708 5733 :
2751 5681 3018 5751 Scriptura
3071 5689 3238 5754 pravis
3298 5691 3431 5755 sica,
3478 5691 3536 5757 ﬁt
3580 5665 3791 5745 :cu'tnnl

631 5736 739 5804 t8?)
772 5736 873 5808 Sic?
890 5746 942 5789 et
972 5739 1037 5808 de
1068 5736 1133 5808 S.
1159 5737 1434 5808 Scriptura
1467 5737 1523 5788 Β.
1569 5738 1727 5808 Greg.
1777 5739 2027 5793 Nazianz.
2062 5741 2114 5795 in
2224 5745 2641 5803 bouis.St:nuTT.

560 5814 696 5861 orat.
726 5822 738 5860 l
770 5805 1093 5862 Stcliteutica
1124 5807 1176 5861 iu
1217 5805 1484 5862 lulianum
1527 5807 1866 5878 παραϐάτην,
1907 5809 2111 5876 Probir,
