3992 6426
136 74 139 81 ι
288 74 295 75 κ
348 80 349 83 η
385 57 420 86 ,θ’

159 161 164 164 ·
204 144 309 199 ,A-j‘tz
320 156 388 200 ‘3',-

206 210 211 217 .
248 200 315 219 παι-³
338 202 359 215 λι
395 215 400 218 .

201 231 217 249 ἶ
245 259 286 278 ,ιιι
331 229 372 254 δ”
391 231 396 236 ἢ

153 408 271 475 1509

152 519 517 588 Ἐγρα-ᾇαέγὼ
535 518 781 588 Ζωσίμῳ
805 515 1102 583 ἀποστῆναι
1124 511 1221 580 τῆς
1245 503 1549 573 ἀσελγείας·
1574 502 1734 566 αὑτδς
1769 545 1776 564 ι

1846 518 1991 566 nem,
2065 505 2221 558 multi
2277 515 2457 560 tamen
2515 506 2734 563 laedunt.
2781 507 2920 575 Quid
2984 511 3086 567 ltoc
3139 516 3206 568 ad
3261 515 3428 569 eam?

149 612 196 665 δὶ
240 611 398 664 πλέον
429 611 844 680 ὲγκαλινδεῖται
876 607 951 676 τῷ
988 604 1235 676 βορϐόρῳ
1257 617 1271 632 ο
1302 598 1355 651 τί
1404 597 1562 649 τοῦτο
1596 594 1734 664 πρδς

149 702 266 771 litt;
293 701 458 756 Οὐδὲν
490 701 644 772 πλὴν
683 702 730 753 εί
774 699 848 770 μὴ
879 697 975 766 τὴν
1002 692 1240 762 ἀθυμίαν
1264 689 1407 742 εῐποι
1435 703 1517 748 τις
1541 685 1624 738 ἀν.

449 973 638 1042 Sacr.
659 1001 731 1014 —
754 971 956 1041 ΑΛΦΙῼ
1000 967 1373 1037 ΕιΙΙΣΚΟΠῼ.

1053 393 1588 462 EPISTOLARUM
1630 392 1775 452 LIB.
1805 392 1872 452 V.
1914 391 2239 452 -EPIST.
2276 393 2592 455 CCXCVII.

3290 400 3427 466 1510

1844 593 2050 664 Scripsi
2093 595 2311 649 Zosimo
2366 598 2433 651 ab
2487 597 2712 667 impuris
2755 601 3055 656 abstineret
3087 601 3424 668 libidinibus.

1842 685 1957 755 ipse
1985 700 2112 741 vero
2139 686 2188 739 in
2229 687 2338 740 luto
2377 688 2551 756 magis
2587 688 2874 744 volutatur.
2897 691 3038 758 Quid
3065 695 3166 748 boc
3194 694 3261 747 ad
3301 696 3424 747 me?

1843 775 1982 830 Nihil
2015 774 2281 846 profecto,
2316 778 2419 833 nisi
2452 778 2497 834 si
2538 779 2923 836 demissionem
2954 782 3124 836 animi
3153 782 3424 854 quispiam

1838 865 2060 922 dixerit.

2090 957 2366 1015 CCXCVL
2424 990 2492 1001 -
2527 961 2783 1019 ALPHlO
2814 964 3166 1021 EPISCOPO.

263 1066 334 1122 De
361 1067 532 1120 variis
586 1064 860 1120 hominum
907 1063 1150 1133 ingeniis.
1182 1058 1362 1130 (Conf.
1410 1045 2084 1187 εμὶδιήἑὲαεῗὸὲὲξῖ,ίτῖιηι
2124 1048 2280 1104 Notis
2316 1048 2375 1105 C.
2423 1050 2636 1108 Ritters.
2685 1069 2731 1108 et
2764 1072 2912 1124 supr.
2961 1059 3114 1125 epist.
3165 1056 3294 1112 288.

211 1229 336 1282 Δίαν
360 1227 663 1298 θαυμάζω,
691 1227 840 1290 ὅπως
861 1226 920 1280 οὐ
951 1227 1062 1288 τοῖς
1095 1223 1279 1286 αὐτοῖς
1311 1219 1559 1291 χαίρουσι
1592 1215 1733 1268 πάιν-⁴

149 1337 226 1379 re;
260 1317 543 1390 ἂνθρωποι
564 1334 578 1346 ·
631 1316 746 1371 ἀλλ’
776 1319 824 1368 ot
855 1316 951 1386 μὲν
987 1311 1494 1381 συγγινωσκόμενοι
1529 1309 1615 1375 ἐφ’
1655 1300 1734 1368 οἷς

151 1411 442 1470 πταίουσιν,
498 1409 589 1472 εἰς
639 1407 865 1477 ἀρετὴν,
913 1409 961 1459 οἱ
1013 1406 1071 1458 δὲ
1112 1407 1191 1467 εἰς
1223 1402 1423 1456 κακίαν
1455 1400 1737 1468 παιδοτρι-

151 1501 374 1556 δοῦνταγ
400 1502 498 1554 καί
527 1503 644 1563 τοῖς
674 1500 822 1569 μὲνὴ
855 1497 1160 1570 χρηστότης
1187 1503 1455 1565 σωτήριον
1481 1491 1736 1559 εὑρίσκε-

150 1610 230 1646 ται
265 1591 545 1664 βοήθημα,
585 1593 699 1654 τοῖς
723 1590 778 1643 δὲ
804 1589 1047 1661 ὀλέθριον
1075 1589 1402 1659 δηλητήριον
1430 1603 1442 1616 ·
1467 1584 1594 1648 τοὺς
1629 1583 1728 1652 μὲν

152 1686 249 1753 γὰρ
275 1685 532 1752 ῥώννυσι,
560 1684 690 1745 τοὺς
723 1681 777 1734 δὲ
807 1680 1009 1734 ὲκλύει·
1038 1683 1165 1743 τοὺς
1192 1681 1290 1749 μὲν
1322 1677 1583 1738 δυσωπεῖ,
1621 1674 1729 1728 τῶν

152 1777 200 1829 δὲ
241 1776 330 1828 καὶ
366 1776 428 1829 τὸ
482 1774 756 1845 ὲρυθριᾷν
793 1775 1273 1843 προσαφαιρεῖται.
1317 1769 1457 1822 Ἀλλ’
1502 1769 1622 1821 οὐδὲ
1651 1767 1730 1836 τῷ

155 1867 462 1936 παραπόδας
495 1863 856 1918 ἀπαιτεῖσθαι
884 1863 1038 1926 δίκας
1066 1902 1080 1926 ,
1114 1862 1318 1924 πάντες
1354 1858 1557 1929 ὁμοίως
1589 1859 1734 1927 ὠφε-

153 1955 376 2008 λοῦνται.
417 1957 482 2008 Οἱ
527 1955 630 2023 μὲν
667 1953 775 2024 γὰρ
808 1952 882 2012 ὡς
918 1953 1286 2022 ἀπάνθρωπον
1323 1949 1483 2002 τοῦτο
1512 1947 1733 2002 αἰτιῶν-

153 2063 252 2101 ταιο
292 2048 340 2098 οἱ
378 2047 436 2100 δὲ
473 2045 632 2115 φόϐῳ
666 2045 764 2115 μὲν
788 2086 800 2108 ,
836 2045 895 2097 ού
933 2043 1083 2113 πόθῳ
1113 2043 1192 2105 δὲ,
1235 2041 1342 2094 τῶν
1389 2039 1574 2093 κακῶν
1630 2040 1736 2092 ἀπ-

154 2137 368 2206 έχονται.
408 2138 524 2190 Καὶ
573 2137 624 2188 οἱ
677 2135 775 2206 μὲν
827 2132 1258 2203 φιλονεικοῦντες
1306 2135 1372 2202 τῇ
1407 2131 1564 2202 δίκῃ,
1617 2131 1734 2184 ἀδι-

153 2233 257 2281 κεῖν
286 2229 598 2299 πειρῶνται
623 2243 636 2255 ’
675 2229 721 2280 οί
755 2225 809 2280 δὲ
841 2226 1036 2279 παθεῖν
1068 2226 1361 2295 φεύγοντες
1383 2264 1398 2288 ,
1440 2225 1502 2275 οὺ
1532 2222 1735 2292 δρῶσιν

153 2319 185 2373 ἃ
203 2319 326 2392 δρᾷν
353 2321 651 2373 ἐθέλωσιν·
684 2317 941 2387 ἀμείνους
973 2318 1070 2388 μὲν
1099 2319 1251 2380 ὅντες
1285 2317 1394 2369 τῶν
1421 2316 1556 2386 μηδὲ
1585 2315 1736 2386 φόϐῳ

155 2409 674 2480 σωφρονιζομένων,
719 2408 1135 2478 καταδεέστεροι
1172 2406 1230 2459 δὲ
1259 2405 1367 2460 τῶν
1400 2407 1549 2476 πόθῳ
1586 2405 1735 2458 εὐδο-

155 2497 478 2566 κιμούντων.
527 2496 759 2567 πλέονῆ
799 2497 924 2550 ὅσον
972 2496 1127 2550 αὐτοὶ
1169 2495 1428 2565 ἀμείνους
1473 2496 1582 2548 εἰσὶ
1620 2494 1734 2548 τῶν

158 2588 280 2658 μηδὲ
307 2590 404 2660 τὴν
428 2589 592 2658 δίκην
619 2588 950 2642 δεδοικότων.
969 2589 1032 2640 Οἱ
1063 2588 1160 2657 μὲν
1181 2588 1288 2660 γὰρ
1315 2589 1412 2657 τὴν
1443 2586 1733 2658 τιμωρίαν,

152 2681 195 2731 oi
211 2680 260 2731 δὲ
281 2680 376 2750 τὴν
403 2681 688 2752 σωτηρίαν
710 2679 988 2751 φεύγουσι’
1007 2680 1157 2733 καὶοί
1185 2681 1283 2749 μὲν
1299 2681 1358 2732 τὸ
1380 2679 1453 2750 μὴ
1472 2678 1655 2732 δοῦναι
1669 2677 1738 2730 δί-

155 2784 267 2838 κην,
283 2769 401 2822 οἱδὲ
417 2770 480 2823 τὸ
493 2769 680 2822 δοῦναι
699 2767 1006 2823 διώκουσιν.
1026 2769 1182 2822 Ἐπεὶ
1202 2770 1380 2821 τοίνυν
1406 2769 1458 2820 τί
1483 2769 1736 2838 ποιητέον

155 2860 277 2930 ἔφης
289 2861 344 2912 ὲν
357 2859 604 2932 τοσαύτῃ
621 2858 899 2930 συγχύσει,
920 2859 1163 2929 ἀκριδῶς
1184 2861 1281 2930 μὲν
1298 2861 1398 2912 οὐκ
1415 2859 1522 2928 ἔχω
1535 2859 1733 2926 λέγειν.

165 2951 217 3005 ’0
243 2955 350 3023 γὰρ
372 2953 473 3016 τὰς
497 2953 727 3023 καρδίας
751 2952 1072 3023 ἐμϐατεύων
1100 2948 1209 3006 οἶδε
1231 2967 1244 2980 ⁸
1271 2952 1411 3022 πλὴν
1441 2951 1538 3016 ὡς,
1561 2951 1736 3020 ἔγωγε

155 3041 331 3117 οἶμαι,
367 3047 481 3118 χρὴ
527 3048 620 3100 ἐπὶ
664 3045 764 3116 μὲν
805 3048 918 3110 τοῖς
973 3047 1190 3117 μικροῖς
1240 3044 1654 3115 ἁμαρτήμασιν,
1687 3043 1735 3094 εί

1912 1210 2080 1266 Valde
2104 1215 2356 1282 equidem
2395 1219 2584 1283 miror,
2616 1219 2708 1289 qui
2745 1219 2834 1272 [lat
2880 1222 3024 1285 quod
3074 1235 3179 1276 non
3237 1238 3429 1279 omnes

1837 1299 2028 1354 iisdem
2059 1303 2398 1360 delectentur
2455 1308 2638 1371 rebus,
2679 1310 2771 1362 sed
2823 1311 3044 1380 quidam
3087 1304 3303 1367 veniam
3333 1315 3430 1369 dc-

1838 1394 2091 1450 lictorum
2139 1397 2320 1463 adepti
2385 1398 2572 1453 virtuti
2630 1400 2759 1454 dant
2811 1415 3055 1470 otieram,
3092 1401 3180 1456 alii
3231 1415 3420 1459 contra

1845 1486 1898 1538 in
1947 1488 2095 1542 vitiis
2142 1498 2521 1558 perseverant.
2591 1490 2703 1547 Illis
2749 1493 2969 1562 quidem
3023 1494 3334 1566 benignitas
3362 1496 3430 1550 ad

1840 1575 2074 1630 salutem
2111 1581 2552 1648 consequendam
2587 1582 2789 1636 auxilio
2827 1591 2930 1646 est,
2967 1582 3086 1637 aliis
3129 1593 3319 1639 contra
3347 1594 3434 1640 est

1839 1670 2024 1725 exitio.
2060 1671 2183 1726 lllos
2220 1673 2461 1735 roborat.
2490 1674 2588 1728 bos
2621 1687 2850 1729 enervat
2886 1694 2898 1729 :
2939 1676 3060 1732 illos
3086 1679 3294 1746 pudore
3335 1695 3426 1733 or-

1842 1770 1956 1824 nat,
1983 1759 2107 1814 aliis
2140 1777 2269 1816 vero
2325 1764 2580 1817 ruborem
2615 1765 2812 1817 aul'crt.
2861 1765 3058 1819 Verum
3113 1781 3222 1820 non
3287 1769 3432 1837 quod

1836 1855 2020 1906 statim
2046 1869 2216 1923 paena:
2242 1856 2550 1926 exigantur,
2576 1856 2779 1910 idcirco
2802 1872 2991 1912 omnes
3014 1859 3274 1915 similiter
3300 1875 3426 1916 cor-

1839 1945 2107 2015 riguntur.
2167 1947 2346 2016 Aliqui
2422 1949 2564 2001 enim
2622 1956 2681 2001 ut
2733 1949 3090 2004 inliumanmn
3142 1953 3270 2021 quid
3324 1953 3427 2007 boc

1837 2046 2115 2091 accusant.
2142 2038 2246 2092 Alii
2276 2053 2401 2093 vero
2422 2049 2566 2093 metu
2587 2038 2829 2108 quidem,
2853 2055 2960 2095 non
2993 2055 3199 2107 amore,
3227 2058 3256 2096 a
3283 2043 3430 2097 vitiis

1838 2130 2136 2196 abstinent,
2207 2139 2262 2184 et
2322 2130 2408 2185 isti
2445 2131 2662 2198 quidem
2709 2132 2933 2199 justitia:
2978 2133 3306 2190 reluctantes
3355 2136 3433 2188 in-

1831 2219 1974 2290 juria
1997 2222 2133 2274 alios
2161 2229 2430 2275 conantur
2459 2219 2698 2275 allicere.
2737 2221 2841 2276 Alii
2887 2222 2996 2293 pati
3052 2223 3280 2292 injurias
3334 2240 3424 2279 re-

1837 2323 2090 2367 cusantes
2143 2327 2249 2368 non
2292 2311 2500 2367 iaciunt
2550 2328 2671 2383 quae
2711 2313 2895 2369 facere
2925 2315 3146 2383 vellent,
3179 2316 3429 2372 meliores

1836 2406 2054 2474 quidem
2097 2406 2179 2460 his
2208 2405 2542 2461 exsistentes
2575 2406 2664 2475 qui
2695 2422 2765 2461 ne
2801 2416 2946 2461 metu
2994 2408 3214 2476 quidem
3244 2409 3420 2463 adacti

1839 2505 2207 2567 temperantes
2263 2497 2402 2551 ﬁunt
2458 2511 2522 2552 ac
2562 2499 2928 2562 continentes.
2967 2505 3116 2553 tanto
3173 2498 3258 2553 bis
3299 2498 3432 2554 infe-

1841 2590 2014 2644 riores
2073 2589 2163 2659 qui
2223 2589 2493 2644 desiderio
2525 2590 2742 2645 virtutis
2807 2591 2930 2645 boni
2985 2592 3173 2646 haberi
3221 2591 3427 2656 volunt,

1837 2691 2044 2751 quanto
2096 2680 2351 2736 meliores
2396 2681 2463 2736 iis
2504 2681 2596 2750 qui
2656 2695 2723 2735 ne
2768 2682 3034 2752 supplicia
3059 2681 3280 2751 quidem
3317 2699 3433 2739 me—

1841 2779 2018 2827 tuunt.
2072 2769 2152 2824 illi
2211 2771 2357 2825 enim
2414 2771 2764 2840 supplicium,
2809 2772 2861 2824 lii
2911 2786 3040 2826 vero
3085 2772 3316 2826 salutem
3347 2767 3433 2825 fu-

1838 2862 2014 2931 giunt.
2069 2861 2134 2914 Et
2169 2861 2242 2914 illi
2294 2862 2510 2930 quidem
2555 2876 2621 2914 ne
2653 2861 2781 2915 dent
2815 2876 3026 2929 punias,
3064 2863 3116 2916 bi
3151 2875 3283 2916 vero
3321 2863 3428 2930 pati

1839 2964 2122 3027 exoptant.
2156 2953 2386 3022 Quando
2427 2953 2593 3022 igitur
2631 2953 2759 3022 quid
2795 2954 2935 3008 iacto
2959 2953 3032 3008 sit
3056 2969 3192 3023 opus
3233 2953 3286 3007 in
3324 2953 3426 3008 hoc

1841 3064 2029 3105 rerum
2053 3057 2197 3102 statu
2222 3047 2447 3116 quaeris,
2487 3060 2597 3099 non
2627 3059 2846 3113 possum
2900 3045 3153 3114 equidem
3177 3053 3433 3100 accurate

159 3139 248 3207 μὲν
295 3139 661 3201 λανθάνοντες
712 3136 1090 3207 βελτιοῦνται,
1140 3136 1276 3207 μηδὲ
1330 3135 1530 3190 ειδέναι
1572 3152 1736 3206 προσ·
1761 3172 1776 3227 γ

1846 3145 2045 3198 dicere.
2083 3137 2240 3193 Novit
2276 3136 2363 3190 ille
2388 3136 2476 3204 qui
2510 3135 2674 3190 corda
2699 3141 2978 3189 scrutatur
3015 3135 3155 3188 Deus
3196 3155 3208 3190 :
3245 3144 3424 3188 tamen

159 3231 448 3284 ποιεῖσθαι·
488 3231 540 3282 εί
588 3230 644 3282 δὲ
674 3231 753 3292 εἰς
793 3229 854 3282 τὸ
889 3231 1070 3299 χεῖρον
1111 3229 1440 3297 τρέπονται,
1475 3226 1614 3297 μετὰ
1643 3227 1735 3281 τὸν

159 3318 364 3391 ἔλεγχον
393 3321 497 3374 καὶ⁵
529 3320 627 3396 τὴν
659 3318 886 3390 μετρίαν
915 3317 1259 3388 ἐπιτίμησιν,
1287 3318 1622 3388 συγγνώμην
1651 3318 1737 3371 νέ-

163 3427 296 3479 μειν,
347 3412 445 3464 ἐπὶ
487 3410 546 3463 δὲ
591 3412 702 3472 τοῖς
765 3409 1026 3478 μεγάλοις
1085 3407 1291 3477 ταύτην
1339 3407 1735 3476 ταμιεύεσθαι,

162 3502 246 3555 καὶ
281 3502 643 3574 σωφρονίζειν
682 3502 807 3564 τοὺς
836 3500 1128 3564 πταίοντας
1159 3540 1174 3566 ,
1213 3501 1307 3554 καὶ
1337 3501 1604 3570 χωρισμῴ
1643 3503 1738 3554 καὶ

161 3596 440 3667 ἐπιτιμία,
481 3595 588 3658 ἕως
655 3594 720 3648 ἂν
775 3594 1180 3664 μετανοήσωσι,
1249 3593 1343 3646 καὶ
1411 3593 1530 3645 τότε
1585 3609 1746 3663 προσ·

165 3686 347 3743 ίεσθαι.

436 3872 595 3940 Σικῑι.
627 3903 694 3913 -
732 3873 933 3926 mmo
973 3871 1446 3943 ΙΙΡΕΣΒΥΤΕΡῼ.

1839 3247 1896 3292 ιιι
1928 3233 2181 3304 equidem
2221 3229 2478 3292 arbitror,
2519 3241 2685 3295 parva
2715 3226 2872 3292 vitia,
2910 3226 2954 3282 si
2986 3225 3204 3280 occulte
3238 3240 3425 3282 emen-

1840 3331 2058 3390 dentur,
2093 3324 2258 3380 etiam
2290 3335 2415 3375 sunt
2456 3318 2872 3374 dissimulanda.
2910 3319 2966 3374 Si
2997 3334 3128 3375 vero
3177 3319 3232 3372 in
3270 3321 3428 3374 dete-

1849 3421 1962 3474 rius
1989 3416 2119 3472 vitia
2155 3423 2379 3483 vergant
2401 3422 2524 3480 post
2556 3412 2957 3481 correptionem
2993 3421 3049 3467 et
3090 3411 3432 3466 moderatam

1847 3509 2213 3580 punitionem,
2275 3504 2431 3556 venia
2468 3511 2554 3558 est
2620 3501 2818 3557 danda.
2873 3501 2929 3556 lu
2971 3503 3186 3573 magnis
3243 3513 3425 3557 autem

1838 3600 2077 3668 peccatis
2114 3596 2254 3648 lianc
2284 3607 2568 3646 reservare
2591 3601 2646 3646 et
2683 3603 2971 3661 peccantes
3013 3601 3230 3659 oportet
3258 3594 3426 3645 corri-

1837 3706 1985 3758 gere,
2029 3688 2225 3758 partim
2289 3685 2410 3740 illos
2455 3685 2828 3754 segreganda,
2880 3686 3078 3755 partim
3151 3682 3428 3754 puniendo

1837 3781 2012 3836 donec
2039 3778 2383 3844 resipiscam,
2412 3791 2474 3828 ac
2516 3786 2643 3830 tunc
2672 3777 2991 3846 recipiendi.

2008 3867 2301 3924 CCXCVII.
2336 3897 2404 3906 —
2429 3865 2734 3924 JOSEPHO
2769 3865 3251 3924 PRESBYTERO.

1347 3964 1656 4020 Sacerdotio
1681 3983 1784 4022 non
1813 3963 2240 4036 superbiendum.

225 4059 285 4111 Εἰ
313 4059 416 4129 μὲν
440 4058 502 4112 τι
530 4058 638 4112 τῶν
662 4057 835 4112 ἄλλων
863 4059 962 4110 οὐκ
994 4054 1088 4120 οἷδ’
1128 4058 1276 4120 ὅπως
1316 4057 1738 4128 προκεκρίσθαι,

164 4149 251 4200 καὶ
294 4151 373 4211 εἰς
427 4147 732 4218 ἱερωσύνην
763 4145 1201 4216 κατατετάχθαι,
1239 4145 1481 4218 ὲφύσησέ
1520 4165 1614 4214 σε,
1647 4149 1742 4202 καὶ

167 4239 299 4307 μέγα
338 4242 562 4311 φρονεῖν
604 4238 1040 4308 παρεσκεύασεν,
1084 4240 1159 4302 ὡς
1203 4239 1337 4310 μηδὲ
1370 4241 1494 4302 τοὺς
1535 4242 1592 4293 ὲν
1631 4244 1744 4305 τοῖς

169 4329 425 4399 ὑπηκόοις
457 4327 750 4391 τελοῦντας
792 4328 911 4397 μὲν,
959 4328 1384 4396 εὐδοκιμοῦντας
1427 4328 1482 4381 δὲ
1516 4329 1736 4399 ζηλοῦν,

1919 4056 1976 4109 Si
2030 4063 2317 4123 propterea
2378 4052 2520 4120 quod
2591 4050 2715 4107 aliis
2785 4051 2973 4107 nescio
3027 4051 3300 4122 quomodo
3357 4055 3436 4108 eis

1841 4145 2120 4217 pra-latus,
2159 4152 2215 4197 et
2260 4143 2312 4196 in
2345 4143 2638 4198 sacerdotii
2685 4145 2932 4198 ordinem
2965 4152 3299 4212 assumptus,
3353 4145 3433 4198 id-

1840 4242 1988 4295 circo
2022 4237 2324 4307 superbias,
2367 4235 2648 4306 altumque
2701 4236 2903 4305 sapias,
2956 4234 3124 4306 65o
3165 4246 3221 4290 ut
3255 4251 3431 4304 neque

1839 4346 1932 4388 cos
1959 4330 2050 4399 qui
2078 4330 2224 4383 inter
2256 4327 2534 4396 subjectos
2566 4328 2792 4398 quidem
2825 4330 3050 4398 imperio
3098 4341 3310 4398 parent,
3340 4333 3434 4384 sed

166 4419 291 4473 ἐλεῶ
320 4438 380 4474 σε
422 4421 522 4490 τῆς
557 4419 764 4482 ἀνοίας.
793 4420 854 4472 Et
884 4419 939 4472 δὲ
973 4420 1076 4473 οὐκ
1107 4419 1276 4484 ἀξιοῖς
1312 4421 1446 4489 πρὸς
1480 4421 1740 4486 ἐλάττους

1847 4422 1999 4493 probi
2026 4422 2156 4486 sint,
2185 4429 2239 4474 et
2265 4420 2438 4489 gloria
2478 4419 2637 4485 clari,
2677 4421 2928 4486 imiteris,
2970 4421 3044 4474 tui
3093 4434 3179 4475 me
3206 4421 3433 4475 demen-

165 4515 306 4585 όρᾷν,
355 4513 644 4569 καὶτοῦτο
678 4513 810 4566 αὐτὸ
849 4513 1183 4566 δεινότατον·
1229 4516 1276 4566 εί
1316 4513 1424 4565 τῶν
1461 4513 1739 4579 τοσοῦτον,

165 4604 233 4668 ὡς
262 4609 389 4669 οἴει,
419 4606 762 4675 λειπομένων
795 4609 867 4677 τῇ
911 4605 1037 4676 ἀξίᾳ
1064 4605 1262 4675 χείρων
1308 4605 1365 4656 ὲν
1398 4606 1509 4669 τοῖς
1559 4605 1742 4676 ἔργοις

167 4696 422 4764 φανείης·
482 4695 578 4748 καὶ
631 4688 706 4748 ὧν
752 4698 994 4766 κρατεῖν-
1037 4697 1189 4750 οὐδὲν
1235 4696 1344 4765 ἡγῇ
1401 4693 1738 4762 θαυμαστὸν,

165 4787 361 4840 τούτων
392 4785 663 4856 ἡττᾶσθαι
693 4785 884 4850 δόξεις.
919 4787 1029 4840 Καὶ
1063 4788 1168 4858 μὴν
1191 4789 1238 4841 εί
1279 4789 1548 4842 κάκείνων
1575 4787 1738 4859 ρᾳθυ-

174 4877 293 4944 μίας
333 4879 491 4932 ἔπνει
533 4880 560 4931 ό
589 4878 722 4947 βίος,
757 4877 815 4930 σὲ
847 4877 945 4931 οὐκ
978 4878 1087 4931 ἔδει
1122 4879 1222 4948 τὴν
1255 4881 1382 4951 περὶ
1409 4881 1508 4952 τὴν
1540 4882 1742 4953 ἀρετὴν

170 4965 478 5036 ιπιμέὶειιν
501 4966 783 5037 προέσθαι.
810 4968 883 5020 Τὸ
908 4968 1016 5038 γὰρ
1045 4968 1210 5039 μέσον
1238 4971 1373 5041 πρὸς
1391 4971 1635 5035 ἐκείνους
1661 4990 1741 5026 σοι

168 5057 259 5108 οὑκ
284 5059 469 5127 ὀλίγον
501 5058 760 5136 ὑπάρχον
788 5057 1053 5129 ἀφῃρεῖτο
1087 5061 1186 5130 τὴν
1217 5061 1574 5133 συγγνώμην.
1604 5065 1666 5117 Εἰ
1687 5065 1743 5118 δὲ

171 5148 357 5204 ἐκεῖνοι
408 5151 510 5218 μὲν
549 5150 921 5221 λαμπρότεροι
974 5153 1071 5205 καὶ
1121 5153 1544 5227 εύδοκιμὼτεροί
1580 5157 1740 5220 εἰσιν,

173 5244 338 5296 καίτοι
389 5244 481 5295 τὸν
531 5243 870 5314 ἡγησόμενον
918 5243 1020 5296 οὑκ
1074 5242 1330 5314 ἔχοντες,
1369 5250 1432 5299 σὺ
1486 5247 1542 5300 δὲ
1587 5248 1744 5312 (ἀλλ’

173 5332 313 5387 οὐδὲν
361 5333 626 5403 βούλομαι
665 5333 926 5406 δυσχερὲς
964 5335 1183 5406 εἰπεῖν)
1217 5335 1312 5392 θέα
1346 5332 1400 5390 οἶ
1434 5338 1661 5409 τελευτᾷ
1689 5339 1749 5392 τὸ

177 5426 352 5477 κακόν.

476 5603 644 5670 Tur.
678 5633 745 5642 —
775 5603 1076 5676 ΕΥΤΟΝΙῼ
1108 5607 1430 5677 ΔΙΑΚΟΝῼ.

1849 4517 1917 4569 tis
1952 4514 2195 4567 miseret.
2252 4510 2306 4564 Si
2365 4527 2498 4566 vero
2531 4529 2596 4568 ne
2629 4515 2868 4582 digneris
2895 4513 3113 4582 quidem
3149 4511 3436 4567 inferiores

1845 4616 1897 4662 te
1933 4611 2224 4676 respicere,
2277 4617 2441 4678 atque
2484 4607 2714 4674 idipsum
2761 4606 2918 4673 longe
2953 4604 3358 4673 gravissimum,
3388 4606 3432 4660 si

1844 4699 1908 4753 iis
1932 4700 2023 4770 qui
2064 4711 2370 4768 tantopere,
2405 4709 2462 4752 ut
2493 4708 2671 4767 putas,
2701 4698 2796 4751 tibi
2837 4697 3106 4767 dignitate
3137 4695 3427 4750 inferiores

1844 4803 1989 4852 sunt.
2029 4795 2080 4846 in
2106 4795 2362 4863 operibus
2395 4792 2638 4846 deterior
2662 4805 2948 4860 appar-eas,
2988 4799 3043 4843 et
3086 4790 3285 4858 quibus
3331 4789 3434 4842 im-

1845 4896 2037 4948 perare
2061 4882 2194 4936 nihil
2227 4883 2420 4936 mirum
2471 4881 2645 4945 ducis,
2695 4881 2763 4934 ab
2802 4881 2870 4934 iis
2892 4879 3138 4954 superari
3171 4879 3435 4933 videaris.

1853 4969 1963 5024 Etsi
1991 4970 2132 5023 enim
2160 4971 2268 5024 vita
2300 4969 2514 5024 illorum
2552 4969 2775 5039 ignavia:
2794 4969 2949 5038 plena
2971 4977 3138 5033 esset,
3174 4979 3224 5024 te
3257 4978 3436 5024 tamen

1857 5076 1960 5115 non
1987 5062 2278 5131 oportebat
2317 5062 2542 5117 virtutis
2576 5061 2816 5115 studium
2863 5061 3245 5116 intermittere.
3303 5057 3437 5113 Nam

1853 5153 2197 5208 intervallum
2229 5153 2372 5223 quod
2431 5154 2571 5206 inter
2624 5162 2674 5207 te.
2733 5162 2788 5207 et
2828 5151 2950 5206 illos
2984 5153 3273 5206 intercedit
3329 5168 3435 5206 non

1846 5246 2123 5313 exiguum,
2158 5246 2367 5301 veniam
2399 5246 2490 5300 tibi
2520 5247 2770 5313 denegat.
2828 5243 2883 5299 Si
2917 5260 3046 5300 vero
3077 5244 3150 5299 illi
3179 5243 3441 5299 clariores

1848 5334 2300 5405 probatioresque
2354 5335 2465 5389 sint
2514 5349 2579 5391 ac
2635 5338 2774 5390 duce
2820 5344 3104 5400 carentes,
3145 5347 3200 5390 tu
3251 5344 3429 5390 tamen

1851 5427 1999 5494 (nolo
2021 5428 2166 5482 enim
2196 5427 2323 5498 quid
2352 5429 2570 5498 gravius
2593 5426 2796 5498 dicere)
2826 5427 3112 5483 considera
3143 5441 3437 5498 quemnam

1857 5515 2018 5570 linem
2049 5515 2248 5570 malum
2294 5515 2394 5570 hoc
2431 5517 2686 5584 reperiet.

2066 5607 2385 5664 CCXCVIII.
2426 5638 2497 5647 —
2548 5607 2854 5665 EUTONIO
2904 5605 3226 5664 DIACONO.

1021 5697 1194 5754 Virtus
1227 5700 1505 5754 calumnitr
1537 5701 1785 5755 obnoxia.
1825 5701 2000 5772 (Cani.
2031 5702 2184 5770 epist.
2209 5701 2315 5756 294
2345 5709 2393 5755 et
2429 5700 2581 5771 3H.)

239 5793 324 5864 Μὴ
355 5795 544 5864 νόμιζε
588 5793 663 5864 τῷ
715 5795 906 5848 ἀσκεῖν
933 5793 1153 5865 ἀρετὴν,
1196 5794 1295 5858 τὰς
1323 5794 1574 5860 διαϐολὰς
1610 5796 1724 5850 δια-

1907 5797 2053 5853 Cave
2091 5797 2369 5852 existimes
2389 5799 2647 5853 virtutem
2679 5797 2988 5854 exercendo
3019 5805 3070 5852 te
3102 5795 3433 5854 calumniam
