3992 6482
529 423 664 491 1515

1752 423 1811 483 S.
1852 419 2144 482 lSIDORl
2181 418 2617 482 PELUSIOT/E

3643 412 3783 479 1516

528 537 1039 600 utimachinauone,
1076 543 1134 590 u‘t
1165 535 1425 589 munitam
1460 535 1953 593 administrationis
1985 548 2086 592 tute

2216 536 2310 608 ὴν,
2342 535 2560 600 ἐννοῶν,
2587 535 2670 588 ὅτι
2702 533 2802 587 οὐκ
2833 532 2898 595 ἂν
2929 533 3096 607 ταύτῃ
3148 537 3413 608 χρήσαιτο
3441 536 3505 606 τῇ
3552 536 3778 607 μηχανῇ

530 631 792 686 rationem
847 637 1084 694 evertat,
1132 627 1234 683 nisi
1285 628 1710 686 existimationis
1773 640 1877 686 tua:
1924 629 2091 701 gloria

530 735 866 790 summopere
891 735 1012 775 eum
1045 723 1346 778 incesserit.

920 919 1156 976 CCCVII.
1198 952 1267 963 —
1307 919 1693 977 EVANGELO.

2201 629 2338 700 πρὸς
2355 627 2416 683 τὸ
2438 626 2769 682 καταϐαλεῖν
2787 642 2878 680 σου
2895 626 2995 697 τὴν
3016 644 3282 699 πεπυργω
3289 629 3458 698 μένην
3477 625 3776 689 πολιτείαν,

2201 721 2251 772 εί
2277 719 2353 789 μὴ
2381 719 2565 789 ἄκρως
2588 717 2753 772 αὐτοῦ
2778 716 3086 788 καθάψαιτο
3105 719 3203 788 τῆς
3241 719 3338 787 σῆς
3374 718 3781 788 εὐδοκιμήσεως

2199 812 2257 866 τὸ
2299 809 2469 875 κλέος.

2671 920 2791 977 TZ'.
2826 950 2896 962 —
2919 919 3300 992 ΕΥΑΓΓΕΛῼ.

1540 1009 1636 1064 Dei
1673 1007 1738 1064 0.
1772 1007 1850 1062 Μ.
1892 1024 2012 1078 erga
2045 1011 2396 1080 delinquentes
2443 1008 2750 1077 benignitas.

606 1121 716 1178 Etsi
755 1123 966 1177 difficile
988 1133 1070 1178 est
1100 1121 1393 1191 neglectam
1443 1133 1702 1176 revocare
1747 1133 2091 1176 occasionem

530 1216 731 1284 (subito
752 1216 896 1269 enim
933 1215 1134 1284 impetu
1167 1229 1258 1268 usa
1291 1229 1394 1268 non
1432 1213 1562 1268 sinit
1595 1213 1778 1282 lapsos
1810 1226 2093 1267 recurrere

532 1306 599 1359 ad
627 1305 1056 1358 emendationem
1089 1303 1477 1373 peccatorum),
1499 1302 1678 1362 divina
1725 1309 1902 1356 tamen
1942 1301 2094 1355 beni-

533 1394 708 1462 gnitas
731 1392 923 1445 rationi
945 1431 958 1451 .
1005 1390 1107 1459 legi
1152 1405 1217 1446 ac
1255 1393 1584 1460 temporibus
1615 1399 1876 1458 praestans
1906 1390 2094 1458 resipi-

535 1491 748 1536 scentes
793 1481 1005 1549 recipit,
1037 1479 1361 1550 illorumque
1401 1478 1689 1535 sedulitate
1735 1493 1799 1533 ac
1819 1478 2092 1547 diligentia

532 1573 803 1641 propriam
851 1571 968 1639 ejus
1011 1571 1305 1625 bonitatem
1338 1571 1767 1633 comitiiscendo,
1814 1572 2098 1638 temporis-

533 1671 638 1726 que
669 1658 986 1726 compendio
1017 1657 1344 1726 poenitentiae
1397 1656 1558 1712 robur
1588 1657 1748 1712 veluti
1793 1668 2098 1725 temperans

533 1755 695 1817 atque
726 1749 1077 1812 concinnans,
1111 1749 1348 1814 peccatis
1368 1750 1570 1815 przcbet
1600 1749 1950 1802 medicinam.

779 1948 1045 2006 CCCVI".
1087 1977 1150 1988 —-
1190 1945 1462 2003 ISIDORO
1489 1947 1843 2004 EPISCOPO.

2277 1122 2338 1174 El
2365 1121 2462 1177 καὶ
2484 1124 2546 1176 οὐ
2577 1119 2759 1194 ῥᾴδιον
2805 1119 3171 1192 περιοφθέντι
3204 1117 3394 1190 καιρὸν
3429 1118 3776 1174 ἀνακαλέσα-

2207 1213 2331 1266 σθαι
2371 1213 2625 1286 (ὀξυτάτῃ
2660 1213 2769 1284 γὰρ
2802 1215 2946 1285 φορᾷ
2973 1212 3258 1283 χρώμενος
3301 1212 3402 1265 οὐκ
3435 1212 3497 1281 ἐᾷ
3537 1210 3778 1281 ἀναδρα-

2205 1302 2328 1369 μεῖν
2355 1299 2484 1362 τοὺς
2522 1300 2860 1363 πταίσαντας
2913 1301 3006 1354 ἐπὶ
3045 1301 3141 1370 τὴν
3192 1299 3300 1353 τῶν
3351 1296 3783 1370 ἁμαρτηθέντων

2201 1387 2597 1460 ἐπανόρθωσιν)
2618 1404 2632 1418 °
2664 1389 2802 1444 ἀλλά
2830 1406 2894 1457 γε
2929 1392 2961 1459 ἡ
2993 1389 3112 1443 θεία
3143 1388 3520 1457 φιλανθρωπία
3550 1389 3648 1445 καὶ
3685 1388 3778 1442 λόο

2203 1495 2318 1548 γων
2364 1480 2460 1532 καὶ
2505 1479 2686 1550 νόμων
2730 1479 2826 1534 καὶ
2871 1480 3080 1550 χρόνων
3127 1481 3392 1551 κρείττων
3433 1481 3777 1551 τυγχάνουσα

2204 1571 2330 1633 τοὺς
2380 1569 2888 1640 μεταγινώσκοντας
2942 1571 3262 1644 προσίεται,
3310 1571 3404 1625 καὶ
3443 1575 3509 1642 τῇ
3553 1572 3785 1626 ἐκείνων

2208 1663 2488 1732 προθυμίᾳ
2516 1662 2610 1734 τὴν
2645 1664 2850 1717 οἰκείαν
2879 1663 3195 1734 ἀγαθότητα
3215 1663 3656 1732 ἐγκαταμίξασα,
3685 1663 3788 1718 καὶ

2205 1753 2281 1822 τῷ
2314 1752 2508 1823 βραχεῖ
2523 1753 2699 1824 χρόνῳ
2722 1753 2783 1806 τὸ
2803 1753 3019 1808 εὔτονον
3040 1754 3142 1824 τῆς
3167 1754 3454 1825 μετανοίας
3468 1753 3784 1826 κεράσασα,

2133 1856 2174 1910 Β
2205 1842 2502 1912 θεραπείαν
2526 1842 2712 1912 ὀρέγει
2746 1845 2860 1906 τοῖς
2890 1844 3203 1898 πταίσασιν.

2535 1951 2662 2005 TH'.
2695 1982 2762 1994 ——
2782 1951 3044 2022 ΙΣΙΔΩΡῼ
3070 1951 3439 2022 ΕΠΙΣΚΟΠῼ.

907 2039 1121 2096 Sincere
1148 2041 1357 2096 verbum
1388 2041 1480 2096 Dei
1515 2040 1901 2101 proferendum,
1933 2051 2113 2094 contra
2149 2041 2393 2105 falsarios
2425 2050 2620 2096 sancta:
2659 2041 2858 2112 Script.
2890 2041 3052 2109 (Vide
3083 2043 3229 2112 epist.
3257 2041 3406 2109 295.)

604 2149 704 2217 Qui
739 2147 826 2203 Dei
861 2149 1077 2203 oracula
1101 2149 1180 2202 vel
1204 2150 1510 2202 adulterare
1537 2147 1619 2202 vel
1658 2147 1792 2200 falso
1826 2144 2098 2214 interpre-

2281 2147 2343 2200 0i
2373 2149 2502 2211 τοὺς
2545 2148 2724 2212 θείους
2752 2148 2783 2220 ἢ
2815 2147 3219 2218 παραποιῆσαι,
3251 2149 3283 2220 ἢ
3329 2148 3792 2220 παρερμηνεύσαι

537 2241 635 2294 tari
691 2247 816 2294 sunt
848 2236 997 2302 ausi,
1050 2237 1224 2306 majus
1273 2236 1417 2292 omni
1468 2236 1780 2290 defensione
1822 2243 1875 2289 et
1932 2234 2088 2288 venia

2216 2239 2486 2308 (ρησμοὺς
2508 2238 2903 2308 τολμήσαντες,
2959 2239 3142 2310 πάσης
3176 2239 3476 2308 ἀπολογίας
3516 2240 3612 2293 καὶ
3644 2257 3785 2309 συγ-

536 2332 786 2388 delictum
811 2328 1219 2388 commiserunt.
1269 2326 1404 2382 Nam
1448 2327 1809 2383 existimando
1862 2339 1924 2382 se
1970 2325 2096 2397 quid

2216 2327 2430 2398 γνώμης
2455 2329 2720 2383 ἔπταισαν
2747 2329 3000 2400 μείζοναο
3031 2329 3110 2400 τῷ
3133 2330 3243 2401 γὰρ
3273 2331 3514 2400 νομίζειν
3545 2331 3792 2401 σοφώτε-

537 2423 828 2492 sapientius
877 2421 1235 2492 excogitasse,
1279 2428 1335 2476 et
1378 2420 1620 2488 seipsos,
1658 2428 1711 2472 et
1767 2434 1860 2475 eos
1897 2417 2092 2488 quibus

536 2523 925 2588 persuaserunt
963 2513 1015 2568 in
1050 2511 1269 2584 pelagus
1301 2511 1527 2566 inscitiae
1559 2511 1923 2581 proiecerunt.
1966 2508 2103 2564 Mul-

535 2614 618 2660 tas
640 2606 781 2660 enim
831 2619 1106 2659 sacrorum
1149 2603 1481 2673 eloquiornm
1545 2601 1840 2655 sententias
1880 2614 2070 2667 perver

535 2706 731 2760 tentes,
769 2696 1044 2749 auditores
1067 2708 1172 2765 quo
1207 2693 1393 2747 volunt
1425 2693 1704 2748 trahentes
1737 2702 1790 2744 et
1819 2698 2098 2759 cogentes,

537 2803 565 2842 a
618 2785 898 2842 voluntate
945 2783 1272 2854 legislatoris
1303 2785 1649 2846 aberrarunt,
1692 2795 1797 2836 non
1845 2796 1965 2849 qua:
2024 2779 2100 2833 illi

535 2878 732 2947 placita
768 2877 1005 2942 inerunt,
1039 2887 1280 2946 agentes,
1313 2876 1404 2930 sed
1436 2874 1740 2928 voluntates
1771 2885 1902 2927 suas
1927 2870 2096 2924 stabi-

541 2967 754 3022 lientes.

676 3071 838 3147 353
865 3069 1086 3129 ccc1x.
1123 3101 1191 3111 —
1223 3068 1571 3124 ARABIANO
1613 3066 1961 3123 EPISCOPO.

2203 2421 2294 2490 ρόν
2315 2437 2367 2474 τι
2394 2423 2804 2492 ἐπινενοηκέναι
2825 2423 2920 2476 καὶ
2938 2422 3164 2487 ἑαυτοὺς
3189 2423 3283 2475 καὶ
3309 2425 3435 2488 τοὺς
3461 2424 3792 2490 πεισθέντας

2203 2517 2282 2577 είς
2317 2514 2374 2566 τὸ
2422 2515 2519 2584 τῆς
2553 2513 2793 2584 ἀμαθίας
2843 2513 3075 2584 ἔρριψαν
3123 2513 3377 2582 πέλαγος.
3431 2516 3640 2579 Πολλὰς
3674 2518 3790 2588 γὰρ

2208 2605 2397 2673 ῥήσεις
2449 2603 2557 2655 τῶν
2615 2603 2772 2672 ἱερῶν
2830 2602 3025 2670 λογίων
3091 2604 3603 2675 παρακρουόμενοι,
3655 2607 3788 2671 τοὺς

2206 2691 2502 2756 ἀκούοντας
2530 2691 2858 2754 ἑλκύσαντες
2887 2691 3021 2762 πρὸς
3054 2692 3191 2762 ὅπερ
3224 2693 3516 2764 ἠθέλησαν,
3541 2697 3635 2748 καὶ
3669 2696 3791 2766 βια-

2203 2787 2456 2855 σάμενοι,
2491 2784 2584 2837 τοῦ
2617 2784 2956 2855 βουλήματος
2985 2781 3077 2834 τοῦ
3119 2783 3412 2854 νομοθέτου
3435 2787 3748 2860 διήμαρτον
3772 2806 3788 2820 ’

2205 2873 2270 2924 οὐ
2300 2873 2366 2925 τὰ
2409 2874 2602 2943 ἐκείνῳ
2643 2874 2870 2940 δόξαντα
2906 2872 3233 2943 φράσαντες,
3268 2874 3400 2930 ἀλλὰ
3426 2879 3525 2941 τὰς
3570 2878 3790 2932 ἑαυτῶν

2206 2961 2486 3035 βουλήσεις
2518 2964 2887 3035 κυρώσαντες.

2477 3072 2600 3124 τοι.
2640 3102 2706 3112 -
2735 3071 3086 3145 ΑΡΑΒΙΑΝῼ
3125 3074 3493 3147 ΕΠΙΣΚΟΠῼ.

1131 3163 1527 3219 Ad/wrtationes
1554 3177 1654 3230 quo
1677 3160 1931 3214 orationis
1957 3176 2139 3231 genere
2166 3163 2468 3218 scribendw.
2501 3163 2652 3234 (Sup.
2691 3166 2842 3233 epist.
2875 3165 2996 3231 H5,
3032 3165 3182 3235 2H.)

608 3276 1050 3333 Adhortationem
1109 3272 1432 3328 scribentem
1483 3270 1638 3321 decet
1693 3267 1849 3337 quasi
1903 3266 2101 3320 clarum

2283 3270 2403 3340 Χρὴ
2455 3271 2544 3324 τὸν
2611 3271 2935 3342 παραίνεσιν
2988 3272 3295 3343 γράφοντα,
3360 3273 3454 3327 ἅτε
3523 3273 3791 3348 λαμπρᾶς

540 3377 856 3426 tractantem
890 3371 1263 3437 argumentum
1294 3358 1452 3430 (nihil
1481 3360 1624 3414 enim
1657 3357 1922 3411 illustrius
1945 3371 2104 3425 quam

541 3460 880 3515 aberrantem
937 3463 1170 3510 mentem
1223 3452 1274 3506 in
1322 3449 1568 3505 veritatis
1625 3463 1880 3503 revocare
1936 3445 2104 3515 viam)

540 3563 788 3605 sermone
820 3548 1033 3618 quidem
1065 3545 1222 3615 pleno
1254 3542 1345 3597 ubi
1384 3539 1598 3609 expedit
1644 3539 1932 3603 inhaerere,
1969 3537 2108 3592 indi-

540 3655 667 3695 care
707 3655 836 3695 vero
879 3640 1138 3692 duntaxat
1194 3635 1281 3690 ubi
1315 3633 1478 3688 fuerit
1505 3642 1889 3700 opportunum,
1945 3639 1997 3684 et
2021 3629 2104 3683 via

543 3732 756 3802 quidem
805 3746 868 3785 ac
899 3729 1107 3784 ratione
1139 3726 1392 3780 utendqu
1427 3723 1516 3778 ubi
1561 3731 1645 3777 est
1673 3735 1806 3789 opus
1847 3734 2105 3789 compen-

543 3823 650 3878 dio.
692 3823 892 3890 Aperte
921 3831 1051 3872 vero
1079 3816 1263 3871 dicere
1304 3826 1657 3882 quaecumque
1687 3810 1834 3865 clare
1868 3809 2110 3879 proferre

545 3913 781 3966 maxime
826 3911 1032 3965 deceat.
1065 3906 1223 3961 Hisce
1265 3906 1409 3961 enim
1443 3917 1572 3958 usus
1606 3901 1869 3956 orationis
1899 3901 2110 3955 virtuti-

545 4005 644 4058 bus
676 4003 762 4056 vix
794 4001 970 4056 adhuc
1012 4006 1172 4068 queat
1214 3997 1454 4050 animum
1502 3993 1842 4063 passionibus
1886 3994 2106 4047 immer-

545 4109 663 4150 sum
698 4094 999 4149 extrahere.

945 4203 1146 4260 CCCX.
1180 4231 1251 4243 —
1282 4194 1702 4255 SYMMACHIO.

2215 3362 2517 3431 ἀπτόμενον
2560 3363 2869 3427 ὑποθέσεως
2908 3362 3082 3434 (οὐδὲν
3128 3363 3236 3436 γὰρ
3268 3363 3645 3438 λαμπρότερον
3687 3368 3791 3423 τοῦ

2213 3454 2390 3526 ψυχὴν
2438 3454 2862 3525 πεπλανημένην
2896 3458 3263 3524 ἐπαναγαγεῖν
3289 3459 3369 3521 είς
3389 3458 3489 3528 τὴν
3525 3459 3623 3530 τῆς
3649 3460 3793 3531 ἀλη-

2215 3544 2364 3608 θείας
2401 3544 2551 3614 όδὸν)
2585 3544 2895 3609 πλεονάζειν
2927 3545 3024 3615 μὲν
3067 3546 3144 3616 τῷ
3178 3544 3344 3616 λόγῳ,
3391 3548 3524 3600 ὅπου
3566 3548 3786 3620 διατρί-

2214 3635 2328 3688 ϐειν
2358 3633 2654 3704 συμφέρει·
2710 3632 3055 3705 παραδηλοῦν
3101 3634 3156 3687 δέ
3201 3635 3385 3706 μόνον,
3421 3633 3547 3690 ἔνθα
3590 3637 3791 3692 τούτου

2214 3726 2297 3794 εἴη
2326 3725 2516 3796 καιρός
2535 3744 2547 3757 ·
2576 3724 2668 3778 καὶ
2694 3723 3001 3795 μεθοδεύειν
3042 3725 3162 3796 μὲν,
3181 3726 3314 3779 ὅπου
3343 3728 3791 3798 μεταχειρήσεως

2214 3818 2406 3887 χρεία·
2453 3815 2752 3887 διαρρήδην
2796 3814 2854 3868 δέ
2903 3814 3100 3884 λέγειν,
3147 3817 3246 3870 ὅσα
3305 3817 3493 3886 σαφῶς
3551 3818 3794 3889 ῥηθῆναι

2214 3905 2691 3978 πρεπωδέστατον.
2718 3903 2888 3968 Μόλις
2922 3905 3031 3976 γὰρ
3057 3905 3279 3971 ταύταις
3306 3909 3422 3968 ταῖς
3452 3909 3669 3976 ἀρεταῖς
3687 3909 3794 3964 τοῦ

2209 3997 2368 4065 λόγου
2407 3994 2685 4069 χρώμενος
2708 3994 2960 4067 δυνηθείη
2986 3995 3162 4067 ψυχὴν
3196 3997 3300 4050 ὑπὸ
3323 3997 3428 4051 τῶν
3464 3998 3651 4056 παθῶν
3686 4000 3791 4072 βεο

2211 4088 2592 4160 ϐαπτισμένην
2624 4086 3016 4158 ἀνιμήσασθαι.

2687 4193 2790 4251 Tl'.
2821 4225 2891 4235 —
2921 4197 3307 4268 ΣΥΜΜΑΧΙῼ.

1543 4343 1546 4346 ,
1651 4285 1888 4340 Caelestia
1921 4287 2103 4342 spretis
2137 4286 2346 4340 caducis
2371 4286 2673 4354 quaerenda.

617 4400 811 4457 Omnia
847 4401 897 4454 in
939 4401 1118 4462 terris,
1163 4406 1223 4452 ut
1267 4395 1482 4458 scribis,
1530 4394 1813 4446 mutationi
1847 4403 1972 4447 sunt
2011 4395 2110 4448 ob-

2301 4395 2390 4456 Ὠς
2421 4393 2544 4463 φὴς,
2565 4396 2612 4445 εί
2641 4393 2748 4445 τῶν
2773 4393 2870 4464 μὲν
2898 4393 3023 4446 καθ’
3059 4397 3205 4466 ἡμᾶς
3237 4399 3270 4469 ή
3311 4401 3577 4473 μεταϐολὴ
3599 4407 3790 4476 κυρία,

549 4493 733 4558 noxia;
783 4491 1020 4546 ecelestia
1071 4503 1196 4544 vero
1249 4501 1352 4542 non
1416 4486 1563 4539 item.
1620 4483 1787 4550 Quam
1840 4485 2000 4554 igitur
2044 4486 2101 4540 ot

2218 4485 2284 4538 τὰ
2329 4484 2384 4537 δέ
2423 4485 2650 4554 οὐράνια
2698 4483 3000 4555 μεταϐολῆς
3041 4488 3299 4556 τυγχάνει
3343 4498 3665 4560 κρείττοναο
3717 4493 3794 4548 δι’

546 4595 788 4644 causam,
835 4580 916 4632 vir
968 4577 1201 4646 sapiens,
1249 4591 1351 4630 non
1399 4573 1699 4626 contemnis
1752 4580 1985 4636 terrena,
2025 4572 2112 4625 illa

2217 4578 2283 4646 ἢν
2319 4575 2519 4637 αἰτίαν,
2565 4568 2610 4627 ὦ
2639 4573 2932 4642 σοφώτατεῐ
2985 4575 3058 4647 μὴ
3094 4576 3200 4630 τῶν
3254 4578 3351 4648 μὲν
3397 4587 3791 4653 καταφρονεῖς,

549 4683 674 4723 vero
703 4677 898 4722 aeterna
930 4667 1110 4719 animo
1150 4662 1525 4732 complecteris
1552 4669 1605 4710 et
1635 4660 1885 4726 operibus
1932 4659 2101 4715 firmas

2217 4666 2324 4721 τῶν
2353 4666 2409 4719 δὲ
2443 4665 2703 4735 ἐκθύμως
2750 4667 3002 4740 περιέχῃ,
3039 4668 3131 4722 καὶ
3179 4667 3418 4738 βεϐαιοῖς
3455 4675 3568 4736 τοῖς
3599 4673 3794 4746 ἔργοις

544 4773 820 4813 sermones
836 4759 859 4810 ?

547 4847 768 4904 CCCXL
819 4879 886 4888 --
935 4843 1401 4904 MARTINlANO,
1460 4838 1746 4901 ZOSIMU,
1812 4840 2108 4912 MARONI,

1124 4913 1532 4971 EUSTATHIU.

2215 4759 2339 4820 τοὺς
2361 4757 2548 4825 λόγους
2571 4776 2584 4824 ;

2320 4847 2468 4901 TlA'.
2511 4877 2577 4890 —
2602 4849 3357 4924 materiamategoztme,
3386 4855 3676 4924 meum,

2831 4918 3180 4988 ΕΥΣτΑθιῼ.

1487 5012 1565 5062 Ad
1597 5012 1781 5065 bonam
1815 5011 2017 5080 frugem
2049 5011 2581 5077 existimationemque
2623 5010 2828 5066 invitat.

620 5118 800 5174 Nostis
837 5120 1006 5173 virum
1043 5118 1222 5171 virtuti
1257 5120 1307 5170 in
1337 5117 1524 5184 primis
1555 5116 1815 5181 deditum,
1846 5132 1874 5170 a
1904 5131 2110 5171 summa

555 5212 900 5266 maledicendi
944 5209 1168 5265 audacia
1205 5207 1361 5276 longe
1393 5205 1644 5273 alienum,
1680 5209 1833 5276 cujus
1869 5207 2112 5262 testimo-

554 5304 700 5357 nium
731 5303 1042 5372 exceptione
1079 5301 1270 5369 majus,
1306 5314 1399 5353 vos
1432 5313 1602 5368 nuper
1629 5307 1684 5350 ut
1726 5297 1995 5368 improbos
2030 5312 2115 5350 re-

554 5394 906 5463 prehendisse
953 5393 1035 5448 his
1076 5391 1186 5448 fere
1231 5390 1453 5446 verbis:
1490 5388 1613 5444 Illos
1657 5391 1873 5460 quidem
1911 5391 2115 5459 peperit

2292 5116 2461 5183 Ἰσθε,
2497 5117 2572 5180 ὡς
2603 5116 2891 5189 ἅνθρωπος
2915 5117 3174 5190 ἀλήθειαν
3199 5121 3298 5194 μὲν
3330 5123 3414 5178 ἀεὶ
3439 5126 3790 5197 πρεσϐεύων,

2222 5209 2566 5279 κακηγορίαν
2601 5208 2658 5261 δὲ
2703 5209 3202 5280 ἀποστρεφόμενος,
3237 5213 3295 5266 ιο
3328 5213 3450 5268 οὐδὲ
3494 5223 3788 5293 παραγρά.

2218 5299 2425 5368 ψασθαί
2473 5318 2560 5364 τις
2613 5299 2888 5370 δυνηθείη,
2926 5301 3021 5371 τὴν
3059 5304 3329 5375 ὑμετέραν
3357 5306 3549 5379 πρώην
3587 5310 3797 5377 ἐξεκω.

2224 5388 2386 5460 μῴδει
2419 5388 2530 5458 (90)
2577 5388 2905 5458 φαυλότητα,
2944 5389 3151 5459 λέγων’
3203 5394 3285 5446 ὅτι
3333 5395 3574 5460 ἐκείνους
3619 5402 3798 5457 κακία

557 5487 889 5553 improbitas,
935 5486 1240 5541 enutrivere
1273 5496 1400 5537 vero
1443 5480 1656 5536 scelesti
1695 5479 2101 5548 exsecrandiqnt

2229 5481 2325 5550 μὲν
2364 5479 2539 5546 ὢδινε,
2592 5480 2820 5551 πονηροὶ
2851 5481 2907 5534 δέ
2959 5483 3054 5536 καὶ
3086 5482 3367 5540 ἀτίθασσοι
3403 5486 3800 5561 ἐτιθηνήσαντο

1666 5637 1901 5694 VARIIE
1947 5636 2327 5694 LECTIONES
2370 5637 2455 5692 ET
2496 5636 2728 5691 NOTAE.

631 5794 742 5865 (ου)
774 5795 885 5854 Duo
915 5814 1054 5871 saepe
1090 5800 1288 5857 laudati
1321 5801 1476 5858 codd.
1507 5802 1896 5874 ἑξεκωμῲδηαε
1933 5800 2101 5867 lt-gnnt

2216 5796 2615 5866 )ὲξεκωμῴδει.
2646 5795 2854 5852 Possm.
