3992 6442
223 435 340 510 I517

1049 439 1583 504 EPISTULARUM
1624 438 1770 498 LIB.
1809 437 1876 498 ι’.
1918 461 1985 473 ’-
2012 436 2249 496 EPIST.
2290 436 2576 497 CCCXIV.

3305 434 3444 502 1518

211 553 456 626 ααίμονες.
490 557 633 612 Πᾶσι
691 560 803 633 γάρ
837 560 1059 629 ἀγαθοῖς
1105 559 1504 630 ἀπεχθάνονται
1549 560 1642 612 καὶ
1671 558 1763 610 ἀν-

1867 555 2160 622 daatnones,
2185 555 2438 612 omnibus
2481 570 2611 612 vero
2643 553 2801 612 invisi
2839 563 2968 610 sunt
3012 554 3170 611 bonis
3199 562 3308 610 tam
3347 555 3446 612 ho-

213 643 426 716 θρώποις
449 650 543 703 καὶ
577 653 894 724 πράγμασι.
910 651 1166 722 Λυπηρδν
1183 651 1241 705 δὲ
1261 651 1405 705 ἀπαν
1431 648 1762 721 νομίζουσιν,

212 737 384 791 ἐπύσον
411 739 617 811 ἀρετῆς
643 741 804 810 δόξαν
853 743 1138 812 ἠνέγκατο.
1169 742 1326 796 Κατά
1376 743 1476 814 μὲν
1508 741 1614 814 γὰρ
1656 740 1766 795 τῶν

213 827 427 881 εὐσεϐῶν
500 833 912 900 νεανιεύονται,
969 835 1110 890 κατά
1184 835 1240 889 δὲ
1287 834 1395 888 τῶν
1456 833 1764 889 σπουδαίων

213 920 571 989 κωμάζουσιν,
642 924 898 998 ὑϐρισταὶ
952 925 1103 990 ὄντες
1165 927 1258 980 καὶ
1283 925 1618 991 ἀτάσθαλοι,
1668 926 1768 979 καὶ

213 1010 356 1079 κόρον
378 1011 484 1066 τῶν
513 1015 706 1070 κακῶν
734 1017 836 1071 οὐκ
877 1016 1097 1081 ειδότες.
1137 1016 1278 1085 Ἐγὼ
1299 1015 1355 1069 δὲ
1375 1017 1609 1081 ἀκούων,
1640 1013 1764 1070 οὔτε

209 1101 540 1172 ἐπιστομίσαι
589 1105 757 1162 αὐτὸν
779 1107 1065 1179 ἠδυνάμην
1090 1108 1315 1179 (πάντες
1353 1108 1462 1179 γὰρ
1485 1109 1533 1161 οῖ
1565 1107 1768 1180 παρόνθ’

210 1207 288 1252 τες
316 1192 386 1256 ὡς
418 1195 599 1268 ἀληθῆ
651 1197 816 1251 αὐτὸν
862 1199 1164 1272 ἐκρότουν),
1195 1197 1318 1254 οὔτε
1367 1197 1608 1270 παντελῆ
1644 1215 1766 1254 σιω·

214 1281 308 1352 τεὴν
326 1283 562 1355 ἧσκησα.
614 1287 758 1343 Ἀλλ’
793 1289 964 1345 είπὼν
993 1291 1160 1362 αὐτῷ,
1194 1290 1437 1344 πιστεύω
1460 1291 1554 1344 καὶ
1583 1279 1776 1344 παλινέ

210 1373 352 1442 ῳδίας
383 1375 533 1448 ᾅσειν
582 1379 728 1450 (91)·
755 1381 816 1434 ού
846 1381 954 1452 γάρ
976 1381 1149 1445 οὕτως
1186 1382 1323 1435 εἰσιν
1347 1382 1658 1454 ἀνάλγητοι,
1688 1383 1765 1448 ὠς

209 1463 400 1520 ἑλέσθαι
440 1471 725 1534 τοσούτοις
771 1473 1088 1544 ἐμπαρῆναι
1132 1473 1297 1544 μέχρι
1340 1474 1528 1538 τέλους
1558 1477 1763 1540 ,κακοῖς

211 1554 288 1606 ἐπὶ
314 1555 370 1607 τὸ
394 1558 637 1628 χαράξαι
658 1559 724 1613 τά
744 1560 1046 1632 γράμματα
1063 1561 1233 1617 ταῦτα
1258 1562 1555 1634 παρῆλθον.
1575 1563 1764 1634 Ὑμεῖς

207 1638 286 1697 οὖν
317 1645 379 1700 ἂν
418 1648 568 1720 εῐητε
625 1650 825 1704 δίκαιοι
865 1652 965 1722 ἥδη
1018 1652 1321 1724 σκέψασθαι
1375 1653 1503 1725 περ)⁸
1533 1653 1761 1719 ἑαυτῶν,

206 1735 353 1802 ὅπως,
384 1738 430 1791 si
463 1741 559 1793 καὶ
614 1740 719 1806 τῆς
762 1740 994 1813 κρίσεως
1046 1745 1172 1815 ὑμῖν
1219 1744 1377 1812 λόγος
1421 1744 1614 1811 οὐδεὶς,
1665 1742 1764 1815 τὴν

206 1827 438 1903 τοιαύτην
464 1831 688 1901 ἀδοξίαν
720 1833 1115 1907 ἀποτρίψησθε.

358 2142 502 2200 TlB'.
527 2173 602 2187 —
623 2143 1087 2218 erumnam
1118 2145 1584 2218 ΠΡΕΣΒΥΤΕΡῼ.

1869 647 2104 703 minibus
2139 662 2300 718 quam
2351 649 2532 704 rebus.
2573 645 2844 718 Quidquid
2895 647 3042 704 enim
3085 645 3306 706 virtutis
3352 663 3449 706 no-

1867 741 2013 798 mine
2042 739 2331 808 laudabile,
2375 740 2426 796 id
2453 755 2618 798 omne
2647 741 2802 796 triste
2830 738 3142 812 malumque
3164 753 3293 798 esse
3327 740 3446 811 opl-

1867 843 2090 890 nantur.
2130 833 2268 905 Erga
2301 832 2421 904 pios
2449 847 2581 890 vero
2605 831 2915 903 iuveniliter
2947 841 3140 904 agunt,
3159 831 3227 889 ad
3246 831 3450 888 virtute

1866 926 2123 998 praeditos
2150 925 2449 982 insolenter
2476 941 2538 983 se
2559 929 2755 994 gerunt
2781 942 2795 981 :
2820 924 3007 996 injusti
3038 925 3265 998 perinde
3285 932 3450 995 atque

1869 1016 2126 1086 improbi,
2157 1017 2248 1087 qui
2278 1019 2588 1074 exsaturarl
2621 1031 2894 1090 nunquam
2921 1017 3151 1088 possint.
3187 1015 3447 1087 Equidem

1866 1107 1921 1164 id
1965 1109 2213 1176 audiens,
2249 1123 2426 1180 neque
2468 1124 2532 1165 os
2580 1109 2831 1167 claudere
2875 1108 3024 1178 potui
3060 1107 3272 1177 (omnes
3303 1105 3448 1162 enim

1865 1199 1956 1269 qui
1992 1198 2242 1267 aderant,
2264 1208 2324 1257 ut
2355 1202 2597 1258 narranti
2627 1215 2753 1258 vera
2783 1196 3234 1272 applaudebant),
3271 1211 3448 1269 neque

1864 1292 2088 1348 omnino
2121 1291 2395 1349 silentium
2445 1293 2616 1362 tenui,
2665 1291 2758 1349 sed
2811 1291 2931 1347 viro
2970 1289 3046 1346 illi
3091 1289 3201 1345 dixi
3232 1307 3247 1345 :
3274 1286 3450 1344 Credo

1864 1385 2148 1454 equidem,
2196 1385 2290 1442 sed
2349 1384 2680 1457 palinodiam
2731 1383 2833 1455 ipsi
2875 1391 3107 1448 canent,
3155 1380 3451 1452 funemque

1866 1478 2156 1545 reducent;
2213 1493 2392 1550 neque
2453 1479 2598 1534 enim
2646 1478 2782 1534 adeo
2824 1486 2956 1534 sunt
3004 1474 3229 1548 stupidi,
3286 1481 3451 1543 atque

1865 1568 2109 1630 hebetes.
2145 1579 2204 1626 ut
2242 1571 2398 1626 malis
2446 1569 2754 1639 huiusmodi
2805 1569 2873 1624 ad
2918 1575 3230 1624 extremum
3275 1577 3448 1633 usque

1865 1661 2116 1731 spiritum
2162 1663 2425 1718 inhterere
2462 1663 2735 1718 studeant.
2769 1659 2940 1732 Igitur
2979 1657 3197 1714 tandem
3243 1654 3312 1710 ad
3352 1653 3452 1708 bas

1865 1751 1984 1819 ipse
2037 1753 2248 1810 litteras
2299 1755 2604 1810 exarandas
2648 1767 2769 1810 sum
2818 1751 3108 1809 adductus.
3140 1747 3252 1806 Vos
3287 1745 3453 1818 igitur

1865 1859 1974 1913 quo
1993 1845 2125 1913 justi
2165 1846 2304 1912 sitis,
2335 1861 2477 1902 nunc
2510 1845 2662 1903 vobis
2685 1844 2787 1917 ipsi
2828 1842 3118 1910 consulite,
3147 1850 3210 1898 ut
3245 1839 3291 1897 si
3321 1837 3452 1911 quid

1795 1911 1834 1968 Β
1859 1911 2051 2006 jttdicii
2102 1939 2256 1995 vobis
2286 1911 2373 1996 est
2413 1911 2724 2010 reliquum;
2755 1939 2896 1995 hanc
2925 1945 3166 1995 vestram
3212 1933 3449 2007 ignomi-

1870 2031 2015 2087 niam
2041 2031 2289 2088 deleatis.

1977 2137 2226 2198 CCCXII.
2269 2166 2338 2180 -
2371 2137 2821 2196 ERMISANDBO
2861 2136 3341 2197 PBESBYTEBO.

1273 2240 1348 2292 De
1372 2240 1498 2306 ﬁcta
1525 2250 1572 2292 et
1606 2237 1857 2292 simulata
1896 2232 2361 2290 commiseratione.

277 2338 326 2391 ’0
353 2341 645 2410 συναλγεῖν
671 2346 772 2411 μὲν
803 2343 975 2398 δοκων
1004 2348 1126 2409 ταῖς
1164 2346 1494 2416 συμφοραῖς,
1529 2344 1764 2416 δυνάμε-

200 2445 276 2494 νος
299 2429 353 2484 δὲ
383 2431 749 2503 ἐπανορθοῦν,
783 2435 877 2487 καὶ
901 2437 1359 2508 παραιτούμενος,
1393 2439 1620 2507 σημεῖον
1668 2439 1763 2507 μέ-

201 2536 364 2587 γιστον
392 2523 515 2576 καθ’
541 2523 742 2577 ἑαυτοῦ
770 2525 1013 2597 ἐκφέρει,
1047 2526 1142 2582 τοῦ
1176 2528 1250 2599 μὴ
1289 2528 1593 2597 συναλγεῖν,
1625 2528 1764 2582 ἀλλά

201 2614 526 2685 χρηστότητα
576 2616 972 2688 ὑποκρίνεσθαι
1001 2617 1080 2688 τῷ
1131 2619 1206 2691 μὴ
1241 2618 1655 2692 βεσοηθηκέναι.
1701 2621 1760 2672 Ei

197 2702 309 2772 γάρ,
337 2705 467 2775 φέρε
508 2707 709 2771 εἰπεῖν,
749 2705 935 2774 κύριος
963 2708 1040 2761 ὣν
1073 2708 1166 2763 τοῦ
1214 2709 1373 2763 λῦσαι
1412 2711 1504 2764 τὸν
1531 2711 1626 2764 τοῦ
1659 2711 1762 2764 πέ-

198 2805 340 2861 νητος
375 2794 560 2864 λιμὸν,
615 2795 736 2848 δέον
796 2794 952 2850 λῦσαι
1009 2798 1102 2850 καὶ
1153 2797 1459 2863 ἀπαλλάξαι
1511 2801 1764 2853 κάκεῖνον

199 2889 485 2955 συμφορᾶς,
524 2886 625 2940 καὶ
651 2887 844 2942 ἑαυτὸν
885 2888 1084 2962 λύπης,
1118 2889 1404 2959 συναλγεῖν
1448 2894 1765 2960 προσποιεῖ-

195 2987 310 3040 ται,
357 2977 417 3030 ού
488 2975 878 3051 φιλάνθρωπός
927 2983 1097 3047 ἐστιν,
1149 2981 1288 3035 ἀλλὰ
1350 2980 1763 3052 φιλανθρωπίαν

197 3063 554 3141 ὑποκρίνεται.

436 3177 584 3234 ΤΙΓ’.
626 3209 696 3220 -
737 3182 970 3235 ΙΕΡΑΚΙ
1011 3184 1501 3255 ΛΑΜΙΙΡΟΤΛΤῼ.

1941 2343 2042 2406 Qui
2083 2341 2319 2411 compati
2361 2354 2420 2395 se
2452 2337 2651 2394 dolenti
2697 2337 2869 2409 lingit,
2901 2351 3024 2393 cum
3053 2337 3243 2394 tollere
3286 2338 3443 2396 dolo-

1873 2449 1985 2489 rem
2017 2432 2186 2502 possit
2223 2440 2278 2485 et
2311 2440 2532 2502 rogatus
2563 2439 2666 2496 cst,
2716 2430 2929 2502 signum
2978 2429 3214 2485 maxime
3259 2437 3446 2486 contra

1869 2537 1929 2578 se
1964 2522 2204 2585 exhibet,
2255 2519 2397 2590 quod
2459 2535 2585 2576 vere
2639 2534 2744 2575 non
2797 2518 3101 2588 condoleat,
3149 2524 3244 2578 sed
3293 2521 3449 2592 quasi

1873 2613 2058 2667 ntilins
2086 2611 2292 2680 judicet
2331 2625 2486 2680 opem
2517 2626 2627 2666 non
2661 2607 2874 2667 afferre.
2904 2609 3072 2683 655.
3107 2611 3198 2667 Dic
3241 2611 3448 2682 itaque,

1868 2704 1912 2759 si
1948 2705 2117 2773 possit
2151 2702 2374 2774 pauperi
2421 2701 2658 2772 inopiam
2689 2700 2927 2769 auferre,
2967 2710 3020 2757 et
3049 2710 3322 2770 teneatur,
3363 2712 3448 2758 at-

1863 2807 1968 2861 que
2002 2791 2366 2847 calamitatem
2403 2791 2472 2846 ab
2514 2805 2580 2846 eo
2623 2798 2790 2861 queat
2836 2798 3109 2857 avertere,
3162 2790 3266 2847 sibi
3319 2806 3447 2848 vero

1864 2883 2102 2938 dolorem
2148 2883 2380 2954 eripere,
2418 2880 2640 2938 simulat
2693 2891 2873 2937 tamen
2921 2895 2981 2938 se
3019 2882 3280 2953 compati,
3335 2897 3440 2940 non

1865 2976 1952 3030 hie
1978 2976 2245 3030 humanus
2275 2985 2377 3041 est,
2412 2976 2506 3030 sed
2537 2973 2893 3031 humanitatis
2919 2972 3144 3032 eilictor.

2015 3179 2292 3238 CCCXIII.
2323 3206 2392 3220 -
2422 3175 2705 3233 HIERACI
2743 3175 3060 3235 CLARISS.
3105 3176 3284 3236 νιιιο.

811 3272 885 3328 De
919 3275 1083 3344 oﬁicio
1110 3274 1329 3344 judicia.
1363 3274 1540 3346 (Conf.
1570 3280 1723 3345 epist.
1755 3275 1883 3339 204,
1924 3284 1969 3328 et
2002 3271 2276 3328 Philonem
2300 3270 2464 3327 Hebr.
2493 3269 2560 3326 de
2585 3269 2813 3342 judice.)

216 3453 218 3458 _
251 3379 434 3434 Πολλοὶ
465 3382 583 3436 τῶν
614 3379 918 3453 ἀνθρώπων
949 3381 982 3452 ἢ
1033 3381 1122 3435 διὰ
1179 3381 1490 3453 βραδύτητα
1534 3382 1758 3454 γνώμης

188 3463 487 3539 ἀνιχνεῦσαι
522 3470 591 3524 τὸ
633 3470 843 3526 δίκαιον
870 3473 969 3544 οὐχ
1011 3466 1116 3526 οἷοί
1144 3473 1206 3526 τέ
1254 3475 1410 3538 εἰσιν,
1442 3475 1475 3546 ἣ
1512 3475 1757 3547 ἀνιχνεύ-

191 3575 366 3628 σαντες
392 3563 764 3636 προδιδόασιν.
803 3564 874 3618 Ἢ
913 3565 1022 3637 γὰρ
1071 3565 1353 3637 ἀνάνδρως
1401 3565 1750 3638 φοϐηθέντες.

189 3652 219 3722 ἢ
250 3652 332 3706 διὰ
361 3655 676 3726 καπηλείαν
699 3656 1065 3726 πεπρακότες,
1093 3656 1126 3727 ἢ
1157 3656 1244 3710 διὰ
1274 3657 1456 3726 φιλίαν
1485 3657 1754 3712 αἰδεσθέν-

189 3757 290 3808 τες,
311 3745 343 3814 ἢ
365 3745 460 3798 ὑπ’
484 3744 692 3815 ἔχθρας
716 3745 1106 3816 ἐρεθισθέντες,
1127 3745 1223 3818 τὴν
1242 3746 1412 3818 ὀρθὴν
1436 3747 1497 3800 οὐ
1526 3746 1750 3820 φέρουσι

187 3831 368 3901 ψῆφον.
406 3835 536 3907 Χρὴ
568 3830 662 3887 οὗν
706 3836 798 3888 τὸν
844 3835 1106 3906 μέλλοντα
1140 3836 1360 3891 δικάσαι
1393 3837 1610 3908 πρῶτον
1653 3840 1752 3910 μὲν

190 3925 388 3978 συνέσει
420 3927 624 3997 κομᾷν,
663 3927 752 3983 ἵνα
791 3927 866 3998 μὴ
904 3927 1131 4001 διαλάθῃ
1161 3928 1221 3983 τὺ
1256 3929 1518 4002 θήραμα·
1563 3928 1754 3984 ἔπειτα

186 4011 237 4064 δὲ
258 4015 346 4069 καὶ
376 4010 598 4087 ἀνδρίᾳ,
627 4015 723 4070 καὶ
762 4007 1117 4090 καθαρότητι,
1159 4020 1253 4074 καὶ
1289 4019 1624 4092 δικαιοσύνῃ,
1658 4021 1754 4076 καὶ

189 4103 566 4177 ἀμνησικακίᾳ
619 4108 1030 4179 κεκοσμῆσθαι,
1091 4109 1177 4164 ἶνα
1241 4112 1319 4183 μὴ
1379 4110 1441 4165 τὸ
1493 4110 1757 4183 θηρευθὲν

190 4199 403 4269 προδοθε
414 4199 430 4252 ί
434 4218 466 4271 η
477 4241 492 4255 .

478 4397 625 4451 'm'.
656 4428 726 4440 —
751 4397 956 4452 esum
987 4397 1442 4474 sxonmxo.

1934 3381 2182 3451 Plerique
2211 3381 2488 3436 hominum
2510 3379 2592 3434 vel
2621 3354 2690 3435 ob
2713 3377 2911 3434 mentis
2938 3379 3274 3444 tarditatem,
3298 3381 3442 3450 quod

1855 3475 2061 3540 justum
2103 3482 2159 3528 et
2214 3487 2428 3542 aequum
2479 3479 2586 3536 est,
2637 3471 2971 3543 investigare
3014 3481 3311 3540 nequeunt,
3359 3473 3445 3528 vel

1865 3561 2182 3632 inquisitum
2232 3560 2472 3632 produnt
2503 3577 2517 3615 :
2550 3559 2638 3615 alii
2679 3559 2826 3615 enim
2863 3558 3100 3615 molliter
3142 3568 3446 3617 metuentes

1856 3663 2141 3723 quaerunt,
2183 3662 2273 3706 aut
2322 3651 2649 3722 cauponarie
2694 3651 3002 3716 venditant,
3052 3651 3138 3708 vel
3185 3651 3441 3708 amicitia:

1859 3746 2029 3818 gratia
2053 3744 2143 3814 jus
2168 3743 2352 3799 dicere
2395 3744 2639 3809 reveriti,
2676 3754 2771 3800 aut
2799 3744 2910 3800 odii
2943 3752 2997 3801 et
3029 3744 3439 3802 inimicitiarum

1863 3850 2028 3890 causa
2057 3836 2471 3899 contendentes,
2509 3833 2777 3902 judicium
2814 3834 3015 3905 injuste
3040 3835 3245 3893 lerunt.
3281 3837 3442 3893 Decet

1865 3927 2049 3996 itaque
2076 3927 2166 3996 qui
2188 3924 2354 3996 judex
2381 3927 2709 3982 sententiam
2742 3923 2902 3993 feret,
2932 3926 3218 3997 prudentia
3241 3926 3295 3983 in
3323 3927 3442 3998 pri-

1861 4017 1966 4074 mis
1993 4004 2218 4088 pollere,
2261 4031 2330 4074 ne
2361 4015 2542 4089 praeda
2587 4017 2829 4087 eﬂugiat.
2858 4017 3080 4084 Deinde,
3125 4018 3442 4078 fortitudine

1859 4120 1944 4165 est
1976 4123 2134 4179 opus,
2168 4118 2222 4163 et
2262 4109 2498 4181 puritate
2534 4117 2697 4181 atque
2727 4109 2963 4180 justitia,
3004 4110 3438 4179 praeteritarum-

1859 4216 1963 4271 que
1995 4201 2267 4257 oblivione
2310 4203 2630 4273 injttriarum
2669 4202 2829 4258 debet
2870 4200 3144 4267 exornari,
3188 4215 3256 4258 ne
3295 4203 3438 4275 quod

1865 4304 2090 4347 venatus
2123 4303 2226 4358 est,
2267 4292 2571 4362 prodidisse
2598 4291 2867 4348 videatur.

2055 4401 2330 4459 CCCXIV.
2361 4432 2432 4445 --
2461 4401 2715 4459 THEONI
2759 4401 3253 4464 SCHOLASIICO.

778 4508 1108 4566 Tentationes
1141 4511 1402 4576 quomodo
1437 4525 1764 4582 superentur.
1794 4511 1973 4584 (σοιτί.
2006 4515 2158 4582 epist.
2194 4512 2286 4575 59,
2311 4511 2398 4578 68,
2423 4512 2512 4577 7i,
2538 4511 2668 4576 226,
2697 4511 2842 4572 270.)

242 4619 499 4681 Δυνατὸν,
533 4609 578 4671 ὦ
614 4617 880 4688 βέλτιστε,
922 4619 1204 4691 κρείττονα
1253 4619 1505 4690 γενέσθαι
1557 4637 1752 4692 πειρα-

1933 4623 2139 4686 Potest,
2175 4622 2258 4674 vir
2288 4623 2512 4688 optime,
2557 4624 2740 4677 vtrtuti
2773 4623 2986 4678 deditus
3028 4637 3291 4695 superare
3319 4633 3436 4680 ten-

184 4708 310 4776 suo?»
338 4709 430 4761 τὺν
466 4709 778 4781 φιλάρετον.
816 4710 1028 4763 Γίνεται
1062 4710 1118 4764 δὲ
1183 4711 1514 4784 ὑψηλότερος
1569 4731 1756 4784 πειρα·

183 4801 329 4866 σμοῦ.
369 4802 469 4854 καὶ
493 4801 612 4852 λύει
643 4801 824 4865 αὑτὸν,
853 4800 951 4853 οὑκ
978 4803 1035 4853 ὲν
1080 4799 1155 4870 τῷ
1195 4802 1426 4854 κωλύειν
1475 4804 1753 4868 παντελῶς

185 4889 310 4942 ίὲναι
352 4891 643 4953 (πολλάκις
674 4891 780 4961 γάρ
803 4893 830 4942 ό
861 4890 990 4954 Θεὸς
1014 4896 1292 4963 συγχωρεῖ
1313 4893 1752 4964 δοκιμασθῆναι),

180 4981 305 5035 ἀλλὰ
334 4985 393 5035 ἐν
434 4982 515 5052 τῷ
549 4982 811 5052 ἀνδρείως
845 4982 1030 5052 φέρειν
1061 4983 1130 5036 τὰ
1171 4983 1577 5051 συμπίπτοντα.
1632 4986 1754 5057 Χρὴ

179 5071 280 5140 γὰρ
310 5073 465 5126 λύειν
503 5073 595 5125 τὸν
629 5073 953 5142 πειρασμὸν,
996 5074 1044 5124 εἰ
1091 5074 1182 5124 καὶ
1239 5072 1431 5135 ἄλυτος
1487 5069 1624 5125 εἶναι
1666 5074 1749 5126 δο-

178 5163 314 5234 κοίη,
330 5165 423 5217 διά
453 5164 670 5232 σοφίας,
693 5163 786 5216 καὶ
802 5164 1026 5234 ἀρετῆς,
1051 5163 1110 5215 ού
1127 5163 1191 5215 δι’
1213 5163 1576 5230 ἀπογνώσεως
1609 5165 1748 5234 (92)'

178 5251 283 5306 λύει
310 5255 370 5308 δὲ
411 5255 481 5306 δι’
510 5252 715 5324 ἀρετῆς
741 5254 835 5307 καὶ
867 5252 1056 5321 σοφίας
1079 5253 1139 5305 ού
1169 5251 1248 5322 τῷ
1282 5254 1457 5322 πάντῃ
1499 5251 1750 5313 κωλύειν,

177 5344 304 5399 ἀλλά
339 5339 422 5418 τῷ
456 5344 761 5408 συνεθίζειν
792 5345 1057 5412 γενναίως
1098 5345 1283 5414 φέρειν
1318 5344 1382 5396 τὰ
1415 5345 1753 5413 συμπίπτον·

178 5450 256 5490 τα.
290 5439 354 5492 Ei
401 5437 511 5508 γὰρ
561 5438 656 5490 καὶ
715 5437 850 5506 βαρὺ
888 5436 947 5490 τὸ
998 5439 1260 5507 πρᾶγμα,
1301 5435 1414 5488 ἀλλ’
1465 5437 1606 5490 ἰᾶται
1656 5438 1754 5505 τὴν

1856 4716 2140 4768 tationem.
2179 4712 2311 4781 Ejus
2348 4715 2491 4767 enim
2527 4715 2586 4768 lit
2621 4714 2814 4782 victor,
2870 4729 2975 4771 non
3024 4715 3070 4770 si
3106 4725 3291 4771 arceat
3319 4731 3439 4770 om-

1857 4803 1984 4856 nino
2018 4801 2183 4872 (smpe
2221 4803 2365 4857 enim
2393 4802 2903 4873 permittit'probari
2940 4820 3070 4861 suos
3105 4806 3296 4872 Deus),
3339 4809 3434 4862 sed

1860 4894 2072 4947 fortiter
2099 4892 2322 4948 ferendo
2346 4909 2467 4964 quae
2490 4895 2738 4950 accidunt
2768 4897 3013 4953 adversa.
3046 4896 3268 4954 Solvere
3291 4900 3437 4954 enim

1858 4987 2209 5040 tontatinnent
2241 4995 2474 5056 oportet,
2510 4987 2614 5041 etsi
2670 4986 2889 5042 dissolvi
2928 5005 3032 5044 non
3063 5003 3220 5058 posse
3250 4991 3434 5044 videa-

1859 5084 1975 5140 tttr,
2045 5094 2168 5130 cum
2221 5078 2484 5145 sapientia
2545 5089 2654 5132 tum
2704 5075 3052 5143 fortitudine,
3102 5079 3439 5148 desperando

1864 5183 2013 5229 vero,
2053 5168 2290 5222 ntinitne.
2324 5168 2662 5226 Fortitudinc
2690 5171 2905 5240 quidem
2934 5186 2998 5226 ac
3019 5171 3303 5241 sapientia,
3331 5187 3436 5226 thn

1865 5259 2088 5309 omnino
2128 5255 2443 5325 t'ejicientlo,
2476 5258 2570 5313 sed
2605 5273 2865 5329 generose
2893 5259 3037 5315 I'errc
3067 5260 3296 5315 adversa
3322 5277 3440 5330 quin

1866 5348 2122 5400 accidunt
2181 5348 2612 5405 assttci‘aciendo.
2675 5351 2788 5405 Etsi
2844 5351 2988 5405 enim
3038 5351 3330 5407 molestum
3385 5353 3438 5408 id

1863 5438 2082 5490 exsistat
2129 5439 2424 5507 negotium,
2477 5454 2694 5496 omnem
2741 5439 3094 5497 nihilominus
3132 5440 3434 5498 molestiam

1263 5618 1495 5674 VARI/I3
1538 5618 1921 5674 LECTIONES
1962 5619 2048 5674 ET
2088 5619 2312 5676 ΝΟΤᾸΞ.

243 5779 354 5850 (9i)
395 5781 499 5835 Pro
529 5777 857 5850 παλινῳδίας
884 5778 1029 5850 ᾆσειν
1056 5778 1214 5833 iidem
1246 5775 1492 5831 scribunt
1514 5775 1744 5828 παλιναυ-

177 5844 286 5902 δίαν
328 5844 499 5920 ᾄσεις.
545 5844 760 5903 Possm“.

1935 5775 2043 5838 (9'23
2081 5774 2179 5826 I’t‘o
2209 5776 2276 5828 δι’
2307 5775 2666 5842 ἀπογνώσεως
2715 5775 2872 5831 codd.
2923 5774 3041 5833 Vat.
3084 5776 3188 5835 650
3224 5782 3281 5836 et
3323 5777 3436 5838 Ml».

1858 5848 2097 5898 scribunt
2133 5845 2217 5896 διε
2253 5846 2628 5914 προγνώσεως.
2665 5845 2869 5904 Possm.
