3992 6492
539 455 673 522 1519

1753 439 2111 504 S.ISIDORI
2143 436 2582 501 PELUSIOTAS

3611 432 3750 496 υἱοὶ

531 571 812 643 prudentia
839 567 991 632 tollit,
1014 579 1140 634 quin
1177 561 1355 618 tristia
1379 556 1913 631 qurequemoderate
1943 554 2083 609 ferre

2207 551 2464 624 ιαρύτητα
2493 551 2579 604 διά
2610 549 2708 620 τῆς
2742 550 3073 619 φρονήσεως,
3117 546 3349 617 μετρίως
3384 545 3568 618 φέρειν
3587 548 3747 602 δυνά-

531 663 696 718 novit.
731 659 988 714 Malorum
1029 654 1171 710 enim
1203 667 1321 724 qua:
1351 654 1401 706 in
1450 659 1632 706 nostra
1674 654 1937 719 potestate
1978 657 2080 698 non

529 761 675 816 sunt,
719 747 980 804 medicina
1015 753 1097 800 est
1134 759 1196 800 ea
1229 757 1346 814 quae
1379 742 1431 798 in
1475 749 1662 797 nostra
1695 749 1779 796 est
1820 743 2086 808 potestate

531 839 866 912 philosophia
897 856 911 892 :
939 850 1108 906 eaque
1155 833 1396 890 dissolvit
1442 834 1604 899 m'ala,
1636 845 1755 903 quae
1797 825 2083 885 indissolu-

528 933 656 988 bilia
695 931 1029 986 viderentur.
1061 924 1336 982 Fortitudo
1361 925 1414 980 in
1455 925 1708 994 gravibus
1741 919 2088 989 molestiaque

525 1027 737 1082 exsistit
773 1024 956 1088 rebus;
1013 1021 1065 1075 in
1101 1019 1351 1076 secundis
1375 1032 1506 1074 vero
1533 1017 1677 1088 (nam
1707 1023 1764 1071 et
1804 1013 1886 1070 bc
1914 1013 2086 1068 inter-

528 1121 652 1173 dum
690 1114 948 1186 probandi
993 1127 1156 1170 causa
1208 1107 1587 1179 immittuntur)
1626 1105 1790 1162 animi
1831 1112 1918 1160 est
1948 1115 2085 1173 opus

529 1207 912 1281 magnitudine.

1007 1308 1253 1368 CCCXV.
1285 1337 1353 1349 —
1377 1305 1605 1364 EIDEM.

2190 660 2349 715 μενος
2375 643 2442 697 τά
2470 643 2708 714 λυπηρά.
2738 641 2911 702 Ἴασις
2949 638 3055 710 γὰρ
3084 638 3189 692 τῶν
3213 637 3312 690 οὐκ
3337 637 3422 706 ἐφ’
3462 638 3591 707 ἡμῖν
3625 639 3660 709 ὴ
3689 642 3750 693 ἐν

2187 735 2317 806 ⁴ημῖν
2347 731 2653 803 φιλοσοφία.
2689 730 2797 784 Καὶ
2831 727 2982 793 λύσις
3030 729 3138 783 τῶν
3195 727 3526 796 ἀναγκαίων.
3555 731 3602 783 εἰ
3654 730 3751 784 καὶ

2189 822 2311 876 καθ’
2340 822 2510 876 ἑαυτά
2542 820 2712 876 ἀλυτά
2737 835 2879 871 τισιν
2907 817 3084 882 ἔδοξεν
3129 813 3288 884 εἶναι,
3319 820 3376 888 ή-
3395 820 3452 872 ὲν
3497 818 3595 888 μὲν
3634 822 3751 882 τοῖς

2187 913 2378 977 δεινοῖς
2409 913 2618 984 ἀνδρία,
2656 913 2713 964 ὲν
2764 909 2822 962 δὲ
2872 911 2987 972 τοῖς
3031 909 3223 974 δεξιοῖς
3274 909 3390 979 (καὶ
3437 902 3544 979 γὰρ
3574 908 3754 964 ταῦτα

2188 1003 2507 1073 δοκιμασίας
2529 1001 2712 1055 ἕνεκεν
2736 998 2990 1064 πολλάκις
3013 996 3238 1067 δίδοται)
3283 998 3676 1078 μεγαλοψυχία.

2677 1288 2823 1348 τιεο.
2852 1321 2922 1331 -
2942 1291 3029 1363 το
3055 1291 3253 1363 Am.

1138 1401 1381 1455 Divinum
1406 1400 1660 1455 auxilium
1689 1398 1946 1469 quomodo
1964 1386 2376 1463 implorandum.
2413 1383 2592 1458 (Conf.
2634 1389 2784 1455 epist.
2829 1383 2956 1450 327,
2983 1383 3130 1453 457.)

596 1515 700 1583 Qui
749 1514 896 1584 cupit
951 1511 1156 1570 auxilio
1205 1510 1555 1578 insuperabili
1601 1509 1740 1575 frui,
1790 1524 1856 1565 ea
1901 1507 2086 1578 exigat

2257 1497 2360 1551 Τὸν
2383 1495 2645 1568 μέλλοντα
2673 1496 3096 1568 ἀπολαύεινζτῆς
3117 1497 3384 1567 ἀηττήτου
3417 1494 3756 1566 συμμαχίας.

528 1615 740 1678 oportet
769 1620 887 1676 qua:
932 1605 1167 1675 postulat
1198 1604 1446 1674 aequitas,
1492 1611 1552 1657 ut
1580 1601 1855 1672 petitionis
1891 1607 2086 1655 natura

2207 1584 2412 1642 τοιαῦτα
2467 1587 2638 1639 αἰτεῖν
2684 1585 2813 1656 χρὴ,
2867 1585 2904 1640 ἀ
2961 1586 3059 1639 καὶ
3097 1585 3187 1640 τὸν
3225 1585 3319 1640 τοῦ
3353 1586 3562 1639 δικαίου
3598 1584 3760 1654 λόγον

533 1694 789 1751 auxilium
840 1695 1098 1749 attrahat.
1149 1693 1221 1748 iis
1270 1692 1413 1752 enim
1449 1691 1542 1762 qui
1594 1705 1689 1759 per
1729 1688 1956 1743 ironiam
1997 1695 2092 1742 aut

532 1786 813 1840 avaritiam
843 1784 971 1839 illud
999 1783 1311 1853 implorant,
1341 1796 1447 1837 non
1479 1779 1706 1843 accedit,
1746 1781 1839 1834 sed
1877 1777 1940 1832 iis
1973 1776 2093 1846 qui-

531 1878 630 1931 bus
665 1875 856 1945 injuria
894 1881 1084 1944 sponte
1111 1874 1255 1928 illata
1285 1881 1368 1928 est
1403 1871 1631 1927 accedit.

996 2049 1263 2107 CCCXV'I.
1297 2078 1368 2091 -
1393 2048 1624 2106 PRIMO.

2191 1676 2324 1747 εχει,
2356 1676 2443 1728 ῐνα
2468 1676 2534 1745 τῇ
2570 1673 2729 1742 φύσει
2759 1676 2860 1745 τῆς
2887 1677 3157 1747 αἰτήσεως
3186 1675 3286 1746 τὴν
3319 1675 3491 1746 ῥοπὴν
3519 1673 3762 1727 ἐπισπά-

2193 1765 2524 1834 σηται·τοϊς
2570 1761 2678 1834 γάρ
2745 1762 2803 1830 ἐξ
2842 1763 3126 1833 εἰρωνείας
3162 1763 3258 1818 καὶ
3306 1763 3394 1817 διά
3442 1762 3764 1828 πλεονεξίας

2193 1854 2451 1909 καλοῦσιν
2480 1854 2580 1906 οὐκ
2615 1853 2874 1926 ἐπιφοιτᾷ
2900 1856 2934 1926 ἡ
2965 1855 3314 1926 αὐτοκλήτως
3339 1857 3452 1919 τοῖς
3473 1855 3766 1925 ἀδικουμὲο

2187 1960 2303 2010 ¹νοις
2341 1946 2701 2015 ιπιφοιτῶσα.

2705 2038 2868 2105 Tiq.
2909 2068 2968 2083 -
3005 2039 3244 2110 arma.

1643 2141 1762 2196 Vita
1786 2142 1992 2204 piorum
2025 2131 2386 2208 amt'ctt'onibus
2416 2131 2659 2186 obnoxia.

602 2257 752 2325 Quod
799 2255 935 2310 dicis
973 2253 1290 2325 quaestionis
1320 2253 1583 2324 indigere,
1619 2254 1758 2308 idem
1801 2250 2088 2306 solutionis

2263 2241 2403 2294 Αὐτὸ
2440 2240 2619 2304 τοῦτο,
2669 2239 2698 2292 δ
2723 2239 2828 2311 φὴς
2858 2237 3029 2293 αἴτιον
3060 2233 3198 2292 εἶναι
3227 2238 3526 2310 ζητήσεως,
3554 2237 3766 2304 λύσεώς

533 2364 716 2410 causa,
768 2362 886 2402 mea
932 2347 1146 2417 quidem
1194 2345 1480 2407 sententia.
1524 2343 1757 2400 videtur.
1795 2341 1897 2410 Qui
1941 2339 2086 2406 enim

2207 2332 2308 2384 ιοτι
2331 2329 2464 2401 παρ’
2503 2329 2625 2401 ἐμοὶ
2659 2332 2820 2401 κριτῇ
2869 2327 3061 2385 αῐτιον.
3093 2329 3157 2383 Εἰ
3193 2328 3302 2400 γὰρ
3348 2329 3767 2400 ἀποταξάμενος

536 2438 736 2492 irnndo
783 2435 1184 2492 renuntiaverit
1228 2433 1360 2490 nihil
1407 2435 1624 2500 mirare,
1658 2431 1990 2488 tribulationi
2026 2444 2092 2485 ac

2207 2421 2270 2492 ιῷ
2300 2422 2510 2493 κόσμῳ,
2559 2420 2735 2491 θλίψει
2789 2421 3129 2493 περιεπάρης
3161 2421 3254 2475 καὶ
3299 2423 3648 2492 πειρασμοῖς,
3689 2422 3768 2493 μὴ

540 2529 928 2584 tentationibus
975 2527 1263 2583 obnoxium
1303 2541 1444 2583 esse.
1499 2526 1586 2580 Ait
1627 2525 1768 2580 enim
1799 2522 2093 2579 Christus:

2207 2513 2479 2584 θαυμάσῃς
2501 2530 2514 2543 ·
2545 2515 2573 2566 ό
2599 2513 2709 2582 γάρ
2742 2511 2977 2584 Χριστὸς
3005 2509 3178 2577 εἶπεν,
3215 2531 3234 2564 ι
3280 2512 3474 2582 Θλίψιν
3513 2512 3665 2580 ἕξετε
3705 2513 3769 2564 ὲν

531 2619 693 2693 655
729 2637 748 2671 ι
778 2617 1200 2673 Tribulationem
1229 2617 1281 2672 in
1318 2617 1420 2672 hoc
1454 2615 1652 2671 mundo
1685 2614 1950 2670 habebitis
1971 2612 2039 2669 ⁸9.
2070 2631 2090 2665 s

2207 2601 2273 2673 τῷ
2293 2602 2483 2672 κόσμῳ
2509 2600 2705 2672 τούτῳ.
2740 2620 2758 2653 ι
2806 2600 2931 2665 Πῶς
2978 2601 3155 2655 τοίνυν
3203 2600 3384 2673 ζητεῖς
3417 2601 3619 2667 ἄνεσιν,
3671 2601 3770 2655 τοῦ

533 2688 870 2777 ὗεῖἶὶῑιιοιιε
899 2705 1210 2761 certaminis
1241 2703 1494 2775 praefecto
1541 2704 1615 2758 ita
1665 2702 1916 2773 loquente
1940 2699 2095 2772 quie-

2207 2693 2530 2762 ιγωνοθέτου
2602 2691 2762 2747 τοῦτο
2811 2693 3054 2755 εἰπόντος
3066 2709 3093 2777 ς
3147 2691 3280 2777 Τότε
3333 2692 3443 2764 γάρ
3497 2693 3644 2757 εἰκὸς
3698 2688 3773 2764 ἦν

543 2810 647 2854 tem
693 2773 976 2868 postulas?
1017 2794 1168 2850 Tunc
1201 2773 1345 2851 enim
1380 2793 1580 2850 on‘endi
1627 2803 1747 2848 erat
1791 2807 2004 2862 equum
2051 2791 2098 2845 si

2207 2779 2672 2846 τκανδαλίζεσθαι,
2706 2779 2755 2833 εἰ
2775 2779 3035 2835 τάναντία
3056 2773 3131 2834 ὧν
3160 2775 3314 2834 εἶπεν
3351 2781 3577 2848 ἐγίνετο.
3617 2781 3685 2835 Εί
3707 2781 3769 2834 δὲ

545 2897 731 2944 contra
773 2896 933 2956 atque
956 2887 1113 2950 dixit,
1146 2885 1487 2956 contigisset.
1525 2885 1621 2940 Sin
1653 2899 1720 2940 ex
1746 2881 2098 2952 consequenti

2207 2872 2339 2928 ιιατά
2385 2869 2706 2925 ἀκολουθίαν
2771 2870 2947 2925 πάντα
3005 2869 3314 2942 προσαίνει,
3377 2870 3519 2935 τίνος
3577 2869 3772 2924 ῑνεκεν

541 2978 722 3035 omnia
747 2976 1024 3040 eveniunt,
1040 2989 1158 3041 cur,
1185 2987 1386 3045 quaso,
1417 2970 1828 3029 scandalizarisi
1848 2969 2098 3040 Quisquis

2207 2965 2558 3039 σκανδαλίζῃς
2600 2965 2661 3019 ὐ
2693 2965 2803 3035 γάρ
2832 2966 2890 3018 ἐν
2913 2964 2991 3035 τῷ
3026 2963 3204 3037 καιρῷ
3230 2965 3337 3019 τῶν
3371 2966 3774 3038 παλαισμάτων

536 3071 680 3127 enim
711 3067 1025 3124 certaminis
1053 3074 1291 3136 tempore
1318 3066 1486 3120 otium
1517 3062 1862 3134 quietemque
1885 3063 2096 3133 quaerit,

2207 3057 2385 3112 lvactv
2412 3056 2709 3127 επιζητῶν,
2738 3058 2832 3111 καὶ
2879 3058 3259 3127 ἀστεφάνωτος
3300 3059 3471 3129 μένει,
3509 3059 3602 3113 καί
3631 3075 3772 3127 συγ-

539 3175 734 3217 corona
753 3159 1057 3226 frandatur,
1079 3154 1608 3228 opportunitatesque
1637 3154 1853 3209 amittit.

2207 3149 2320 3221 χέει
2347 3151 2472 3214 τοὺς
2504 3151 2748 3232 καιρούς.

699 3261 995 3322 CCCXVII.
1024 3292 1093 3304 —-
1118 3260 1411 3320 OPHELIO
1445 3257 1918 3317 GRAMMATICO.

2463 3260 2607 3315 'nz'.
2648 3290 2718 3302 —
2748 3262 2988 3334 00mm
3019 3261 3497 3334 FPAMMATIKQ.

1125 3351 1409 3410 Puerorum
1442 3354 1509 3404 ad
1537 3353 1775 3406 virtutem
1807 3349 2269 3420 uerecundiqu
2296 3349 2625 3420 tnformatio.
2662 3351 2891 3422 (Confer.
2921 3355 3074 3424 epist.
3105 3355 3183 3425 9.)

613 3466 843 3523 Assidue
862 3505 879 3531 ,
908 3465 990 3518 vir
1013 3462 1380 3524 disertissime,
1413 3474 1608 3529 pueros
1635 3460 1726 3530 qui
1759 3469 1809 3514 te
1847 3458 2100 3528 frequen-

542 3567 659 3620 tant
689 3558 756 3614 de
778 3557 981 3612 virtute
1009 3571 1072 3610 ac
1089 3553 1420 3610 verecundia
1449 3567 1543 3608 seu
1587 3551 1851 3606 modestia
1898 3549 2102 3619 ample-

539 3650 737 3707 ctenda
781 3649 1026 3712 hortare,
1055 3655 1112 3702 et
1161 3646 1274 3700 hinc
1316 3642 1386 3700 de
1434 3643 1638 3713 scripto
1680 3643 1766 3697 his
1810 3640 1922 3697 fere
1971 3655 2104 3697 usus

541 3741 744 3806 verbis,
768 3739 888 3807 lege
921 3753 936 3792 :
970 3736 1378 3802 Adolescentes,
1405 3749 1511 3789 non
1543 3734 1612 3789 sit
1642 3731 1793 3789 vobis
1815 3746 1981 3804 grave
2021 3731 2104 3787 di-

545 3829 702 3888 cendi
749 3829 852 3884 arti
886 3825 1218 3893 incumbere,
1263 3824 1393 3894 quin
1426 3824 1601 3894 potius
1637 3831 1958 3892 orqamento
1990 3820 2104 3878 iure

547 3922 726 3978 ducite
767 3920 1009 3976 moribus
1038 3933 1200 3989 quam
1242 3917 1461 3987 optimis
1487 3916 1675 3972 imbui.
1702 3915 1928 3969 Animus
1957 3913 2102 3971 enim

537 4030 578 4069 τι
601 4012 746 4068 vitiis
777 4025 946 4082 purus
969 4009 1237 4066 sinceram
1267 4016 1422 4082 parat
1459 4007 1765 4064 scientiam.
1813 4006 1880 4061 Et
1904 4005 2101 4075 quibus

547 4101 870 4160 verecundia
891 4100 1065 4169 adest,
1084 4101 1138 4156 in
1153 4101 1236 4156 his
1247 4098 1570 4155 verecundia
1589 4097 1847 4152 virtutum
1867 4094 2103 4150 maxima

549 4193 819 4251 elucescit.
854 4189 1129 4262 Siquidem
1158 4197 1213 4245 et
1241 4187 1592 4259 temperantia
1621 4185 1769 4242 vitiis
1790 4194 1958 4250 caret,
1985 4199 2105 4256 qua

549 4284 716 4341 etiam
756 4281 878 4338 illos
907 4280 1000 4352 qui
1035 4281 1204 4352 ipsam
1244 4279 1637 4350 amplectuntur
1672 4281 1922 4337 castitate
1945 4293 2104 4335 exor-

551 4385 690 4431 nat:
723 4387 842 4444 quas
884 4371 1108 4442 reliquis
1164 4369 1435 4426 antecellit
1475 4369 1762 4426 virtutibus
1811 4369 2106 4438 pulchritu-

2272 3460 2515 3531 Συνεχῶς
2533 3501 2548 3528 ,
2583 3454 2627 3514 ὦ
2661 3461 3057 3533 ὲλλογιμώτατε
3077 3503 3092 3528 ,
3119 3465 3230 3527 τοῖς
3259 3464 3484 3533 φοιτῶσι
3517 3465 3672 3519 παισί
3700 3468 3776 3519 τὰ

2201 3552 2329 3623 περὶ
2367 3552 2567 3623 ἀρετῆς
2603 3553 2697 3606 καὶ
2737 3555 3088 3625 σωφροσύνης
3123 3555 3415 3626 παραίνει,
3444 3558 3538 3610 καὶ
3573 3559 3773 3626 ἀναγί-

2200 3659 2374 3696 νωσκε
2418 3643 2826 3714 συγγράμματα
2860 3643 3032 3713 λέγων
3058 3663 3071 3675 ·
3098 3639 3168 3698 *Ω
3207 3647 3424 3711 παῖδες,
3470 3646 3608 3700 ἔστω
3642 3646 3778 3718 ὑμῖν

2203 3733 2280 3806 μὴ
2319 3733 2477 3798 πόνος
2521 3733 2682 3803 μόνος
2725 3737 2752 3788 ό
2791 3736 2918 3807 περὶ
2947 3735 3172 3806 λόγους,
3211 3737 3346 3792 ἀλλά
3389 3738 3481 3793 καὶ
3515 3738 3722 3810 κόσμος
3746 3743 3776 3795 ὁ

2204 3824 2332 3896 περὶ
2357 3823 2590 3895 τρόπους
2622 3824 2686 3878 τὸ
2720 3827 3057 3896 σπούδασμα.
3094 3827 3255 3902 Ψυχὴ
3283 3829 3393 3901 γὰρ
3420 3829 3636 3903 καθαρὰ
3669 3849 3776 3887 κα-

2203 3914 2329 3978 κίας
2366 3914 2616 3968 παιδείαν
2645 3915 2911 3987 εἰλικρινῆ
2943 3919 3259 3989 προσίεται,
3294 3921 3388 3975 καὶ
3421 3922 3552 3993 παρ’
3593 3918 3676 3986 οἷς
3705 3924 3778 3977 ἂν

2205 4004 2241 4075 ἡ
2284 4006 2604 4078 σωφροσύνη
2638 4005 2832 4079 λάμπῃ
2859 4007 2920 4062 τὸ
2951 4008 3060 4062 τῶν
3095 4010 3304 4081 ἀρετῶν
3334 4011 3682 4083 τιμιώτατον.
3711 4013 3778 4068 Εἰ

2205 4098 2313 4171 γάρ
2332 4099 2426 4154 καί
2455 4099 2773 4171 σωφροσύνη
2817 4101 2928 4154 πᾶν
2953 4099 3017 4154 τὸ
3049 4101 3465 4174 ἀναμάρτητον,
3505 4102 3642 4157 ἀλλά
3687 4105 3780 4157 νέ-

2209 4206 2401 4261 μουσιν
2447 4190 2618 4261 αὐτῆς
2658 4189 2757 4262 τὴν
2801 4193 3170 4264 προσηγορίαν
3210 4188 3269 4247 εὗ
3305 4192 3584 4258 ποιοῦντές
3627 4211 3780 4260 τινες

2203 4281 2284 4351 τῷ
2322 4281 2423 4352 τῆς
2467 4281 2688 4350 ἀγνείας
2731 4283 3052 4354 πράγματι,
3093 4285 3456 4356 κοσμιωτάτφ
3495 4283 3639 4351 δντι,
3680 4292 3785 4340 καὶ

2207 4372 2524 4444 εξοχωτάτῳ
2551 4372 2660 4427 τῶν
2689 4373 2886 4428 ἀλλων.
2934 4373 3154 4439 Τούτοις
3197 4375 3291 4429 καὶ
3324 4377 3360 4447 η
3403 4375 3565 4446 σοφία
3598 4391 3785 4430 συνοι-

551 4467 697 4523 dine.
727 4463 860 4520 Cum
891 4464 977 4520 bis
1009 4463 1270 4535 sapientia
1311 4462 1540 4519 habitat.
1571 4460 1681 4518 Hac
1706 4462 1886 4530 itaque
1907 4461 2040 4516 duce
2063 4458 2098 4514 si

2213 4463 2371 4534 κήσει
2393 4480 2406 4493 ·
2439 4463 2506 4516 ἀν
2531 4463 2641 4536 γάρ
2674 4464 2902 4536 ἡγεμόνι
2931 4462 3166 4539 χρῆσθαι
3197 4464 3332 4537 πρὸς
3361 4466 3575 4521 ἃπαντα
3599 4467 3786 4541 ταύτῃ

553 4557 621 4611 ad
652 4557 834 4611 omnia
867 4555 943 4610 uti
972 4554 1268 4620 volueritis,
1299 4569 1395 4609 vos
1436 4553 1652 4624 quidem
1676 4553 1776 4607 viri
1801 4549 2105 4608 efﬁciemiui

555 4646 740 4717 optimi
770 4659 835 4701 ac
869 4643 1130 4700 fortunati
1157 4657 1172 4698 :
1204 4657 1304 4714 ego
1328 4657 1543 4713 quoque
1566 4658 1596 4697 a
1629 4652 1778 4699 recta
1811 4649 1989 4698 vestra
2019 4642 2108 4697 in-

2208 4555 2276 4625 τῇ
2327 4553 2494 4625 ἀρετῇ
2547 4552 2806 4626 θελήσητε
2833 4595 2848 4620 ,
2891 4555 3049 4626 ὑμεῖς
3093 4555 3194 4625 μὲν
3234 4554 3528 4628 γενήσεσθε
3581 4553 3784 4626 ἄνδρες

2209 4645 2404 4715 ἀγαθοὶ
2448 4645 2543 4701 καὶ
2582 4645 2844 4718 μακάριοι
2864 4685 2880 4710 ,
2913 4645 3025 4715 εγὼ
3050 4647 3106 4701 δε
3136 4647 3221 4715 ιγ’
3255 4647 3384 4718 ὑμτν
3424 4647 3485 4700 ού
3522 4648 3712 4718 μεῖον,
3746 4648 3783 4718 ἢ

552 4736 832 4793 stitutione
865 4751 971 4792 non
1020 4736 1200 4792 minus
1240 4747 1402 4806 quam
1444 4737 1535 4807 qui
1590 4749 1684 4792 vos
1720 4744 1974 4804 parentes
2019 4747 2098 4804 ge-

2208 4737 2366 4810 οῐπερ
2393 4737 2716 4808 εγεννησαν,
2748 4736 2956 4809 ἀμείνω
2971 4736 3129 4805 δόξαν
3157 4737 3540 4810 καρπώσομαι.

555 4835 806 4892 nuerunt,
843 4825 952 4880 imo
976 4825 1232 4896 majorem
1268 4825 1432 4882 etiam
1467 4825 1687 4896 gloriam
1718 4839 2038 4896 consequar.

775 4931 1090 4990 CCCXVIII.
1123 4962 1194 4973 —
1228 4931 1501 4990 ISIDORO
1538 4932 1885 4989 EPISCOPO.

2515 4930 2670 4985 τιιιν.
2712 4960 2777 4973 -
2809 4928 3067 5002 misera
3103 4932 3468 5005 enlzttonn.

1586 5023 1840 5081 Veritatis
1879 5025 2138 5092 laudatio,
2167 5025 2427 5080 mendacii
2463 5021 2752 5092 turpitudo.

626 5116 740 5172 Sibi
784 5125 966 5172 notam
1012 5115 1338 5186 ignominiaa,
1365 5131 1400 5172 0
1433 5117 1670 5187 sapiens,
1707 5117 1950 5187 inurunt,
1998 5126 2050 5176 et
2081 5135 2113 5177 a

556 5220 705 5266 recta
746 5209 996 5265 excidere
1024 5210 1234 5265 ratione
1263 5209 1534 5277 videntur,
1569 5210 1658 5279 qui
1701 5211 1958 5280 sapientis
1986 5226 2111 5269 esse

2306 5117 2586 5180 Ἐαυτοῖς,.
2628 5107 2676 5168 ὦ
2719 5115 2882 5185 σοφὲ,
2919 5116 3136 5181 ἀδοξίαν
3181 5116 3600 5189 προστρίσονται
3621 5157 3636 5182 ,
3687 5122 3792 5174 καὶ

2217 5207 2280 5262 τὸ
2319 5205 2668 5277 εξεστηκέναι
2704 5203 2816 5257 τῶν
2851 5204 3026 5276 ὀρθῶν
3053 5205 3328 5278 λογισμῶν
3360 5206 3751 5274 ὑποφαίνουσιν
3772 5251 3789 5274 ,

558 5299 793 5356 hominis
831 5300 1029 5354 ducunt
1075 5313 1376 5370 repugnare
1415 5299 1508 5365 iis,
1548 5315 1667 5370 quae
1702 5301 1841 5357 bene
1881 5316 2098 5373 vereqnt

2217 5301 2270 5354 οἰ
2319 5299 2501 5354 καὶτὸ
2545 5299 2657 5360 τοῖς
2684 5294 2860 5368 ὀρθῶς
2903 5296 3211 5368 λεγομένοις
3247 5297 3546 5380 ἀντιλέγειν
3593 5300 3793 5368 σοφίαν

557 5391 697 5446 dicta
746 5397 888 5444 sunt.
942 5390 1103 5460 Atqui
1162 5405 1370 5446 summa
1407 5391 1709 5460 sapientia,
1753 5392 1952 5457 veritas
1999 5402 2114 5462 est,

559 5479 877 5551 simpliciter
895 5478 1240 5552 breviterque
1276 5482 1506 5548 prolata.
1536 5480 1873 5538 Mendacium
1899 5493 2109 5552 contra,

627 5594 672 5627 "
697 5593 852 5650 Joan.
887 5608 1000 5661 xw,
1029 5594 1120 5653 33.

2221 5386 2359 5446 εἶναι
2403 5391 2672 5460 οἰόμενον
2717 5386 2880 5456 σοφὸν
2915 5388 3024 5460 γάρ
3066 5388 3332 5460 τάληθὲς,
3379 5389 3610 5460 μάλιστα
3657 5390 3793 5446 ὅταν

2217 5482 2423 5539 ἀπλοῦν
2527 5481 2620 5535 καὶ
2649 5479 2943 5552 σύντομον·
2979 5481 3152 5538 δεινὸν
3177 5482 3271 5538 καὶ
3300 5481 3412 5556 (93)
3447 5482 3509 5538 τὸ
3549 5480 3791 5550 ψεῦδος,

1650 5680 1882 5736 νΑιιιιιΕ
1923 5678 2298 5736 LECTIONES
2334 5679 2420 5735 ET
2459 5677 2687 5742 NOTE.

639 5798 753 5873 (93)
783 5801 888 5857 Pro
933 5803 1100 5858 δεινὸν
1145 5803 1235 5858 καί
1281 5803 1439 5856 iidem
1488 5804 1645 5856 co-hl.
1707 5800 1890 5869 iugum
1941 5801 2098 5870 μωρὸε

2213 5840 2226 5854 .
2265 5799 2469 5854 Possm.
