3992 6428
182 377 297 448 1521

178 501 273 558 κᾶν
293 499 569 575 δεινότητι·
585 503 680 559 καὶ
705 501 1024 575 καλλιεπείᾳ
1051 501 1180 574 δοκῇ
1213 500 1613 574 κεκοσμῆσθαι.

439 703 592 759 ΤῘΘ¹.
629 736 696 747 --
733 706 943 762 ΗΡΩΝΙ
979 704 1448 777 ΠΡΕΣΒΥΤΕΡῼ.

1030 382 1568 446 EPISTOLARUM
1605 382 1756 445 LIB.
1796 387 1961 446 V.-
1990 384 2232 446 EPIST.
2281 384 2637 446 CCCXXIII.

1771 519 1821 576 Α
1851 499 2054 556 malum
2086 498 2216 572 quid
2260 499 2578 566 admodum,
2621 496 2724 555 etsi
2763 494 3084 568 gravissima
3129 492 3424 554 disertissl‘

3289 379 3426 447 1522

1847 606 2040 663 maque
2082 601 2328 648 comatur
2353 592 2624 656 oratione,
2654 590 2885 647 exsistit.

2043 699 2315 757 CCCXIX.
2348 731 2422 741 —-
2451 699 2707 756 llERONl
2743 699 3221 760 PRESBYTERO.

862 799 1112 866 Aspectus
1157 799 1434 856 mulierum
1488 793 1835 865 periculosus.
1875 791 2056 864 (Conf.
2097 794 2252 862 epist.
2283 792 2373 858 65,
2419 791 2544 858 175,
2573 791 2726 864 291.)

239 904 395 958 Ἶσθω
441 920 540 958 σου
589 907 749 960 τοῦτο
779 909 813 976 ὴ
849 906 1144 978 φρόνησις,
1192 907 1241 959 εί
1283 905 1566 976 ἁγέρωχος
1607 901 1744 972 γυνὴ

177 993 612 1066 καλλωπιζομένη
659 997 852 1067 καλοίη
885 995 1022 1068 πρὸς
1058 996 1256 1066 ἑαυτὴν
1297 996 1424 1058 τοὺς
1468 993 1744 1065 ὁρῶντας,

175 1083 268 1137 κᾶν
310 1084 383 1154 μὴ
426 1083 524 1156 Ξλῃ
565 1085 668 1157 τὴν
700 1085 812 1158 (94)
858 1073 1219 1153 ἀπαντῶντα,
1261 1084 1417 1156 δίκην
1454 1085 1668 1138 δίδωσιν
1706 1084 1742 1155 ἡ

176 1173 374 1232 ἑλοῦσα.
408 1177 483 1229 Τὸ
520 1177 633 1247 γὰρ
679 1176 904 1232 κώνειον
935 1178 1306 1235 κατεσκεύασε
1327 1218 1343 1244 ,
1387 1177 1481 1231 καί⁵
1513 1177 1608 1230 τὴν
1648 1193 1747 1230 κν·-

178 1265 338 1320 ιιεῶνα
363 1267 603 1339 ἐκέρασε
623 1309 638 1336 ,
667 1271 764 1324 καὶ
798 1269 899 1341 τὴν
937 1269 1133 1325 κύλικα
1163 1269 1536 1340 προσήγαγεν,
1569 1269 1619 1322 εί
1648 1267 1744 1322 καὶ

177 1356 244 1424 μὴ
272 1356 461 1428 εὑρέθη
495 1359 531 1409 ὁ
566 1359 756 1415 πίνων.
799 1360 875 1414 Οὐ
917 1359 1029 1432 γὰρ
1058 1360 1168 1414 ἀπὸ
1211 1359 1321 1414 τῶν
1369 1358 1744 1429 ἀποτελεσμά-

173 1463 297 1510 των,
330 1447 443 1501 ἀλλ’
485 1449 600 1504 ἀπὸ
627 1449 734 1505 τῶν
759 1450 1204 1524 ἐπιχειρημάτων
1234 1450 1303 1504 τὰ
1334 1449 1638 1522 πράγματα
1667 1448 1744 1513 ὡς

175 1534 235 1587 τὰ
258 1536 427 1591 πολλὰ·
443 1537 719 1609 κρίνεται.
985 1544 990 1548 ’

468 1645 608 1700 TK".
640 1676 716 1688 —
757 1647 1059 1720 Erroth
1091 1648 1413 1720 AIAKONn.

1915 902 2031 959 Non
2074 904 2295 975 ignoras
2338 918 2436 974 qua
2493 918 2552 959 es
2583 905 2868 975 prudentia
2912 901 3197 974 praeditus,
3242 899 3432 957 forma

1843 995 2250 1068 pulchritudine
2286 1000 2583 1048 tumentem
2609 992 2890 1049 mulierem
2927 993 2972 1050 si
3002 999 3314 1062 spectantes
3352 987 3424 1045 ad

1844 1101 1905 1143 se
1937 1086 2160 1153 alliciat,
2201 1085 2422 1149 tametsi
2459 1099 2568 1142 non
2602 1084 2780 1156 capiat
2808 1083 3023 1150 obvios,
3057 1084 3307 1139 daturam
3343 1087 3428 1134 ta-

1844 1191 1968 1232 men
2015 1189 2208 1246 pmnas
2247 1175 2401 1244 quasi
2441 1174 2720 1245 cepisset:
2755 1189 3024 1231 venenum
3071 1173 3217 1229 enim
3249 1167 3432 1240 propi-

1843 1263 2018 1330 navit,
2075 1263 2404 1332 miscuitque
2455 1261 2733 1332 poculum,
2787 1259 3122 1330 calicemque
3183 1252 3429 1327 protulit,

1850 1356 1955 1412 etsi
2002 1370 2110 1412 non
2167 1353 2370 1424 reperit
2415 1353 2506 1424 qui
2563 1351 2796 1407 biberet.
2855 1351 2972 1406 Non
3021 1350 3165 1405 enim
3210 1343 3432 1415 impleta

1852 1446 2038 1512 modo,
2081 1445 2177 1502 sed
2217 1455 2274 1501 et
2302 1451 2509 1501 tentata
2548 1441 2756 1515 ﬂagitia
2803 1450 2864 1498 ut
2900 1441 3196 1514 plurimum
3226 1433 3434 1508 judicio

1850 1536 2249 1608 expenduntur.

2108 1639 2361 1703 CCCXX.
2389 1673 2465 1686 —
2491 1640 2796 1701 EUTONIO
2845 1636 3171 1697 DIACONO.

368 1733 716 1804 Delosima,
756 1740 1058 1809 caeterisque
1079 1742 1170 1812 qui
1198 1740 1292 1797 Dei
1325 1740 1726 1812 longanimitate
1764 1739 2141 1798 abutebantur.
2175 1737 2352 1810 Supra
2377 1753 2514 1808 sape
2543 1738 2608 1792 de
2638 1736 2836 1792 eisdem
2859 1734 2931 1789 ad
2953 1731 3215 1789 eumdem.

237 1836 356 1896 οἶδα
399 1843 483 1898 δτι
524 1847 860 1918 κρειττόνων
900 1850 934 1921 ἢ
966 1851 1088 1904 καθ’
1118 1852 1352 1916 ἑαυτοὺς
1383 1852 1747 1923 τετυχήκασιν

1923 1850 2051 1908 Scio
2067 1849 2357 1922 dignitates
2367 1862 2528 1920 supra
2546 1847 2798 1903 meritum
2809 1850 3134 1902 consecutos
3148 1846 3434 1912 pr0pterea

174 1930 520 2003 ἀξιωμάτων·
577 1936 667 1992 διὰ
703 1936 862 1992 τοῦτο
892 1939 1233 2010 πλημμελεῖν
1261 1941 1433 2004 ἀδεῶς
1474 1942 1744 2012 οίόμενοι,

169 2021 310 2076 οὐδὲν
337 2023 564 2097 ἓτερον,
601 2028 634 2096 ἢ
668 2026 765 2100 τὴν
796 2027 946 2084 Θείαν
978 2030 1388 2103 φιλανθρωπίαν
1412 2031 1509 2101 τὴν
1546 2033 1747 2097 παντὸς

175 2114 381 2168 ἐπαίνου
411 2117 737 2188 κρείττονα,
776 2119 1033 2176 ὑπόθεσιν
1077 2122 1182 2176 τῶν
1215 2123 1432 2178 οίκείων
1466 2123 1753 2194 πταισμάέι

176 2219 270 2256 των
291 2204 590 2274 ὁρίζονται,
621 2207 759 2278 ὅπερ
779 2209 898 2262 οὐδὲ
930 2211 1104 2266 είπεῖν
1135 2213 1316 2282 θέμις.
1363 2213 1502 2266 Ἀλλ’
1529 2214 1592 2266 οὐ
1619 2214 1744 2276 τοὺς

178 2290 563 2363 εύφρονοῠντας
590 2293 732 2349 οὕτω
763 2296 1064 2353 διακεῖσθαι
1095 2301 1220 2373 χρὴ,
1245 2301 1372 2355 οὐδὲ
1395 2302 1476 2365 είς
1503 2301 1603 2373 τὴν
1640 2301 1742 2355 αὗ·-

177 2380 263 2450 τὴν
311 2384 542 2449 ἐκείνοις
592 2386 839 2444 ἐλαύνειν
889 2391 1123 2461 μανίαν,
1162 2393 1299 2447 ἀλλὰ
1336 2394 1457 2446 τότε
1509 2393 1744 2463 μάλιστα

181 2474 488 2554 σπονδᾲζειν
504 2479 719 2550 τῇτιμῇ
746 2480 1108 2550 συμϐαίνοντα
1131 2482 1469 2554 παρέχεσθαι
1489 2483 1582 2537 τὸν
1605 2483 1742 2554 βίον,

179 2561 262 2617 καὶ
292 2551 364 2628 ώξ
387 2565 670 2636 ἐνδέχεται
699 2569 1111 2642 λαμπρύνεσθαι
1144 2551 1256 2638 τοίς
1279 2551 1463 2644 ἔργοις
1481 2589 1496 2604 ·
1532 2551 1618 2628 ἵνα
1650 2575 1745 2629 καὶ

178 2651 406 2717 γλῶτταν
438 2657 728 2730 εὔφημον,
772 2663 865 2715 καὶ
903 2662 1142 2717 διάνοιαν
1172 2665 1491 2736 εὐγνώμονα
1531 2665 1745 2735 ἔχοντες

179 2741 289 2805 τοὺς
325 2745 467 2799 κατὰ
496 2747 598 2818 τῆς
651 2747 805 2812 Θείας
853 2752 1237 2823 μακροθυμίας
1286 2754 1608 2819 ὁπλίζοντας
1647 2752 1746 2818 τὰς

178 2829 405 2900 γλώττας
432 2837 900 2910 ἐπιστομίζωμεν.

428 2941 609 2999 TKA'.
644 2975 716 2986 —-
746 2947 977 3004 ΙΕΡΑΚΙ
1012 2950 1480 3024 IIPEEBTTEPQ.

1852 1942 2172 2013 delinquere
2223 1939 2499 2007 audacter,
2550 1937 2696 2009 quod
2736 1936 3056 1993 existiment
3105 1931 3241 1988 nihil
3286 1929 3436 1986 aliud

1852 2050 2016 2106 quam
2071 2032 2308 2090 divinam
2365 2029 2798 2102 benignitatem,
2858 2041 2980 2099 quas
3030 2023 3240 2080 laudari
3301 2022 3435 2080 satis

1851 2139 1958 2179 non
2004 2123 2192 2194 possit,
2222 2120 2390 2192 656
2415 2126 2794 2192 argumentum
2846 2130 3070 2173 suorum
3123 2127 3248 2170 esse
3298 2109 3434 2168 deli-

1849 2222 2085 2276 ctorum,
2117 2210 2261 2281 quod
2294 2209 2446 2264 nefas
2492 2216 2575 2264 est
2620 2207 2823 2263 dicere.
2857 2207 2929 2260 Αι
2983 2218 3088 2260 non
3124 2204 3198 2258 ita
3227 2199 3432 2258 sentire

1850 2303 2004 2357 decet
2030 2299 2324 2370 sapientes,
2359 2313 2457 2354 nec
2492 2298 2547 2353 in
2571 2297 2817 2353 eamdem
2845 2310 2904 2354 se
2927 2295 3218 2350 immittere
3240 2304 3429 2347 amen-

1846 2394 2008 2458 tiam,
2053 2392 2146 2448 sed
2199 2401 2312 2446 tum
2353 2393 2591 2446 maxime
2633 2389 2768 2445 dare
2809 2402 3056 2458 operam,
3100 2394 3160 2441 ut
3207 2384 3432 2439 honeste

1850 2485 1959 2539 vita
1992 2483 2346 2553 transigatur,
2380 2491 2548 2551 utque
2587 2487 2736 2536 recte
2779 2480 2934 2537 lactis
2971 2493 3092 2536 eam
3135 2477 3430 2544 illustrent,

1849 2581 1910 2627 ut
1939 2581 1995 2628 et
2022 2571 2260 2640 linguam
2290 2570 2521 2640 benigne
2549 2568 2882 2638 loquentem,
2918 2576 3262 2636 mentemque
3285 2571 3432 2619 recte

1847 2662 2170 2719 sentientem
2215 2660 2500 2726 habentes,
2535 2673 2722 2714 eorum
2770 2673 2862 2716 ora
2913 2659 3186 2724 obturent,
3229 2655 3321 2727 qui
3374 2653 3429 2709 in

1849 2753 1944 2808 Dei
1976 2751 2437 2823 longanimitatem
2469 2751 2695 2820 linguas.
2715 2758 2995 2806 acuerunt.

2023 2948 2299 3006 CCCXXI.
2338 2980 2410 2991 —
2450 2947 2732 3006 IIIERACI
2770 2946 3248 3007 PRESBYTERO.

865 3041 1143 3097 Sacerdoti
1169 3045 1385 3098 uitanda
1412 3044 1692 3111 scandala,
1723 3053 1780 3100 ut
1812 3051 1862 3099 et
1895 3042 2046 3114 epist.
2069 3059 2178 3114 seq.
2209 3043 2302 3098 lib.
2333 3058 2394 3112 tt,
2427 3045 2583 3113 epist.
2622 3043 2737 3099 121.

240 3144 350 3199 οὐκ
382 3147 527 3220 ῐσην,
563 3142 610 3205 ὦ
643 3153 902 3225 μακάριε,
952 3154 1060 3226 πρὸ
1088 3154 1182 3210 τοῦ
1230 3157 1530 3231 ἱερωσύνης
1575 3157 1769 3230 ὴξιῶσ⁴

1913 3154 2031 3214 Non
2063 3172 2272 3228 parem,
2318 3172 2352 3213 ο
2380 3159 2541 3226 bone,
2573 3167 2697 3215 ante
2725 3167 2780 3213 et
2803 3165 2926 3228 post
2958 3157 3210 3228 adeptum
3242 3169 3429 3212 sacer-

179 3232 322 3301 σθαι,
355 3238 451 3292 καὶ
485 3239 626 3309 μετὰ
658 3242 719 3295 τὸ
750 3243 1082 3315 ἀξιωθῆναι,
1119 3247 1168 3299 εί
1199 3249 1552 3319 πταίσωμεν,
1585 3249 1740 3322 δίκην

177 3322 436 3396 δώσομεν,
482 3323 618 3384 ἀλλὰ
647 3331 826 3404 πολλῷ
860 3335 1212 3408 πικροτέραν.
1245 3340 1309 3392 Οί
1343 3339 1452 3412 γὰρ
1499 3340 1635 3413 μηδὲ
1661 3339 1742 3413 τῷ

177 3415 267 3485 τῆς
303 3421 472 3491 τιμῆς
516 3422 772 3494 τοιαύτης
816 3425 1080 3494 ἠξιῶσθαι
1125 3428 1524 3498 βελτιωθέντες,
1566 3433 1742 3504 ’ἀργα-

176 3503 424 3579 λεώτερον
474 3510 674 3567 δίκαιοι
717 3511 783 3568 ἂν
811 3510 920 3569 εἷεν
963 3516 1308 3583 κολάζεσθαι.
1354 3503 1742 3598 Γίγνεταιγὰρ

177 3599 386 3759 igitur;
439 3603 502 3658 τὸ
548 3605 646 3674 τῆς
681 3606 848 3677 τιμῆς
901 3607 1128 3678 μέγεθος
1178 3611 1425 3680 μείζονος
1473 3614 1744 3686 τιμωρίας

295 3709 392 3749 ιον.

179 3690 392 3749 ἑφόδιον.

632 3788 804 3843 TKB'.
840 3819 908 3834 —
935 3794 1024 3864 τᾳ
1056 3793 1263 3866 arm.

1848 3247 2056 3306 dotium
2089 3247 2136 3305 si
2164 3247 2557 3321 delinquamus,
2604 3263 2817 3320 ptenam
2859 3248 3090 3315 luemus,
3120 3247 3214 3304 sed
3263 3245 3432 3306 multo

1850 3341 2207 3397 acerbiorem.
2238 3341 2372 3397 Nam
2392 3343 2483 3412 qui
2517 3357 2587 3398 ne
2615 3338 2721 3398 ista
2751 3343 2967 3414 quidem
3006 3341 3230 3397 honoris
3259 3340 3438 3411 digni-

1850 3439 1962 3487 tate
1996 3432 2193 3488 redditi
2236 3441 2363 3488 sunt
2408 3433 2685 3501 meliores,
2721 3449 2933 3506 aequum
2976 3443 3062 3490 est
3090 3448 3184 3489 eos
3215 3433 3431 3504 gravius

1848 3522 2053 3595 puniri.
2107 3523 2205 3580 Est
2251 3526 2394 3580 enim
2443 3528 2637 3583 merito
2688 3529 2801 3599 ipsa
2853 3526 3079 3585 honoris
3119 3526 3431 3599 magnitudo

1850 3615 2102 3687 supplicii
2132 3618 2356 3691 majoris
2387 3620 2622 3676 occasio.

2307 3805 2606 3864 CCCXXII.
2644 3835 2716 3848 —
2742 3805 2970 3865 EIDEM.

1057 3883 1410 3939 Sacerdotum
1436 3887 1682 3955 graviora
1715 3905 1828 3947 esse
1853 3910 2012 3964 quam
2037 3894 2296 3951 laicorum
2319 3895 2533 3954 delicta.

237 3981 444 4058 Ὥσπερ
488 3987 547 4042 ὲν
584 3987 694 4061 νηῒ,
735 3988 862 4046 ὅταν
902 3991 1000 4063 μὲν
1044 3993 1247 4065 ναύτης
1289 3995 1554 4070 σφαλείη,
1605 3999 1740 4071 βρα-

173 4079 313 4146 χεῖαν
341 4083 440 4153 τὴν
480 4080 686 4154 βλάϐην
713 4086 823 4149 τοῖς
861 4085 1195 4157 συμπλέουσι
1236 4088 1391 4159 φέρει
1414 4128 1430 4156 ,
1463 4091 1590 4144 ὅταν
1623 4092 1679 4146 δὲ
1713 4097 1742 4148 ὁ

175 4169 538 4244 κυϐερνήτης,
578 4174 756 4228 κοινὸν
794 4175 1015 4249 ὄλεθρον
1045 4179 1474 4250 παρασκευάζει,
1505 4181 1645 4237 οὕτω
1673 4184 1757 4239 τὰ-

175 4260 263 4328 μὲν
289 4264 397 4316 τῶν
436 4266 694 4335 ὑπηκόων
724 4267 1062 4339 πταίσματα,
1089 4270 1188 4324 οὐκ
1215 4272 1295 4334 είς
1323 4271 1384 4324 τὸ
1409 4273 1588 4328 κοινὸν
1612 4292 1738 4329 τοσ-

172 4352 314 4407 οὖτον
335 4397 350 4421 ,
376 4357 505 4410 ὅσον
545 4358 623 4421 είς
652 4358 849 4424 αὐτοὺς
881 4360 1037 4432 φέρει
1058 4361 1156 4433 τὴν
1180 4362 1385 4434 βλάϐην
1408 4381 1421 4394 ·
1448 4365 1515 4420 τὰ
1544 4366 1601 4421 δὲ
1629 4367 1738 4422 τῶν

175 4442 481 4517 ἱερωμένων
511 4449 590 4513 είς
621 4450 830 4515 πάντας
862 4453 1189 4521 ἀφικνεῖται.

619 4557 790 4612 TKI".
833 4589 901 4601 -
944 4560 1032 4632 Tn
1075 4562 1280 4634 arm.

1928 4005 1996 4062 Ut
2064 4007 2117 4062 in
2161 4009 2379 4078 navigio
2410 4009 2454 4064 si
2484 4008 2605 4078 quis
2637 4018 2800 4064 nauta
2832 4005 3127 4078 delinquat,
3162 4007 3340 4063 minus
3373 4008 3424 4062 id

1849 4099 2226 4169 navigantibus
2256 4099 2415 4156 aﬂert
2448 4101 2878 4166 incommodum;
2923 4101 2967 4156 si
3003 4113 3132 4155 vero
3157 4099 3430 4170 guberna-

1850 4197 1954 4255 tor,
1997 4204 2337 4246 cnmmunem
2389 4201 2641 4260 procurat
2693 4191 3008 4259 interitum;
3058 4190 3126 4245 ad
3179 4191 3426 4245 eumdem

1848 4280 2065 4334 modum
2112 4282 2448 4339 subditorum
2483 4292 2704 4353 peccata
2745 4300 2852 4341 non
2905 4293 3015 4338 tam
3070 4283 3213 4347 aliis,
3263 4297 3424 4352 quam

1848 4383 1947 4424 suo
1986 4369 2085 4438 ipsi
2116 4373 2275 4440 capiti
2310 4373 2507 4427 malum
2534 4383 2841 4430 arcessunt.
2867 4375 2936 4428 At
2971 4373 3312 4429 sacerdotum
3342 4372 3422 4425 vi-

1772 4491 1816 4546 D
1850 4463 1920 4515 tia
1951 4461 2002 4516 in
2030 4465 2494 4527 onmcsexemnlo
2526 4466 2854 4521 redundant.

2289 4573 2609 4632 CCCXXIII.
2643 4605 2714 4616 ——
2743 4575 2972 4630 EIDEM.

836 4651 1181 4708 Sacer-dolum
1210 4666 1285 4712 est
1315 4657 1646 4718 subditorum
1676 4675 1934 4737 satagere.
1961 4667 2234 4737 Major-um
2256 4671 2448 4727 delicta
2476 4674 2741 4742 graviora.

229 4754 288 4810 Ei
343 4759 532 4829 μόλις,
590 4753 636 4812 ὧ
694 4761 898 4829 armos,
950 4764 1345 4832 κατορθοῦντες
1391 4768 1440 4820 οί
1479 4771 1578 4840 τὴν
1635 4773 1734 4844 τῆς

170 4847 456 4918 ἱερωσύνης
508 4852 831 4922 ἐστεμμένοι
865 4853 1208 4926 λειτουργίαν
1256 4854 1535 4929 ὠφελῆσαι
1575 4861 1734 4932 δυνη-

1915 4774 1971 4830 Si
2006 4775 2091 4831 vix
2125 4780 2358 4842 tandem,
2387 4779 2526 4834 boue
2553 4779 2653 4842 vir,
2681 4788 2825 4832 recte
2863 4777 2990 4847 quid
3025 4791 3090 4836 ac
3117 4793 3238 4831 cum
3268 4777 3422 4831 laude

1843 4875 2065 4937 agentes
2103 4868 2196 4937 qui
2236 4869 2410 4923 sacris
2459 4878 2585 4924 sunt
2635 4867 2828 4922 initiati
2895 4866 3154 4937 prodesse
3213 4875 3420 4936 queant

170 4938 296 4992 θεῖεν
338 4943 428 5031 (oi
454 4943 565 5011 γὰρ
597 4945 886 5015 ἀρχόμενοι
930 4946 998 4999 τὰ
1046 4946 1144 5016 μὲν
1184 4949 1587 5021 κατορθώματα
1633 4953 1734 5009 κᾶν

1848 4958 2064 5030 [subditi
2110 4959 2251 5013 enim
2300 4968 2446 5016 recte
2474 4960 2689 5031 quidem
2725 4965 2899 5031 gesta,
2933 4960 3181 5030 quamvis
3227 4974 3420 5029 magna

172 5031 369 5097 μεγάλα
405 5030 461 5106 ᾖ,
494 5031 753 5101 βραδέως,
795 5037 864 5088 τὰ
891 5035 946 5088 δὲ
977 5037 1296 5106 πταίσματα
1335 5039 1438 5092 κᾶν
1472 5043 1647 5114 μικρὰ
1675 5041 1732 5116 ᾖ,

1837 5048 1968 5114 sint,
2017 5063 2123 5103 non
2170 5059 2280 5104 tam
2329 5051 2470 5118 cito;
2507 5059 2726 5121 peccata
2766 5066 2896 5106 vero
2941 5051 3158 5108 tametsi
3195 5051 3417 5105 minima

171 5122 317 5187 ίξέως
369 5123 634 5194 ὁρῶσιν),
680 5128 729 5179 οἱ
777 5127 1037 5197 ῥᾳθύμως
1065 5128 1286 5194 ζῶντες,
1331 5131 1423 5183 καὶ
1465 5134 1735 5206 μηδεμίαν

1848 5139 2101 5194 :itissime
2146 5140 2632 5212 animadvertunt),
2662 5141 2997 5213 negligenter
3044 5143 3313 5210 viventes,
3365 5149 3420 5195 ct

167 5213 263 5264 τῶν
282 5215 539 5285 ὑπηκόων
567 5217 876 5287 ποιούμενοι
906 5220 1180 5291 πρόνοιαν,
1219 5220 1377 5275 ποίαν
1411 5223 1513 5276 οὑκ
1546 5227 1735 5282 ἐνστά-

170 5303 304 5364 Count
329 5307 440 5377 (95)
488 5307 688 5361 κακίαν
729 5313 841 5373 τοῖς
882 5310 1072 5382 ὥσπερ
1103 5310 1401 5379 ἀπολογίαν
1443 5314 1588 5386 ἔχειν
1624 5321 1732 5373 oio-

1832 5230 2034 5284 nullam
2065 5232 2404 5287 subditorum
2443 5247 2627 5289 curam
2657 5242 2934 5306 gerentes,
2968 5249 3132 5308 quam
3175 5249 3280 5288 non
3319 5233 3418 5288 iu-

1831 5323 2033 5377 stillant
2066 5325 2464 5394 improbitatem
2496 5328 2559 5382 iis
2585 5328 2676 5397 qui
2709 5329 3052 5398 propriorum
3087 5326 3411 5382 deﬂetorum

170 5394 335 5461 μένοις
376 5397 486 5450 τῶν
521 5397 739 5453 οἰκείων
785 5404 1139 5472 πταισμάτων
1187 5402 1253 5455 τὰ
1284 5402 1393 5456 τῶν
1442 5408 1726 5480 ἡγεμόνων

1848 5415 1980 5468 velut
2017 5415 2384 5473 defensionem
2431 5394 2630 5476 habere
2672 5394 2732 5476 se
2758 5394 2951 5490 putant
2985 5429 3205 5491 peccata
3251 5430 3418 5488 supe-

1251 5563 1483 5624 VAIHAE
1524 5565 1908 5624 LECTIONES
1953 5569 2037 5625 ET
2084 5573 2316 5630 NOTAE.

111 5756 114 5757 ,
233 5699 340 5847 (94;
365 5702 532 5759 Iidem
563 5705 661 5778 τὴν
691 5709 741 5796 in
773 5711 862 5766 τὸν
890 5727 1112 5770 mutant.
1150 5718 1362 5774 Possm.

231 5768 318 5840 {95
367 5774 478 5831 Pro
521 5778 839 5842 ινστάςονσι
877 5787 1034 5840 ambo
1084 5791 1235 5842 codd.
1292 5795 1354 5844 Im

231 5768 340 5844 {95)
367 5774 478 5831 Pro
521 5768 839 5842 ὶνστάζουσι
877 5787 1034 5840 ambo
1081 5768 1488 5844 cttdtlrwliuvlmnl

1536 5793 1869 5861 ὲνστάξονσι.
1912 5794 1983 5847 In.
