3992 6466
505 351 638 418 1523
1731 355 1790 416 S.
1837 354 2081 416 ISIDOE

2177 355 2605 418 PELUSIOT/E
3615 347 3753 416 1524

501 465 728 554 riorum,
759 471 810 518 et
841 460 1104 532 intrepide
1124 460 1176 516 in
1201 475 1360 518 omne
1384 459 1595 518 facinus
1619 461 1820 518 ruunt?
1842 460 2072 520 Maxime

2178 467 2546 538 ἁμαρτήματα
2566 506 2579 531 ,
2615 465 2707 518 καὶ
2737 463 2904 527 ἀδεῶς
2935 464 3026 517 ἐπὶ
3060 463 3238 518 πᾶσαν
3268 460 3611 534 παρανομίαν
3638 479 3754 531 χω-

501 553 696 627 itaque
724 553 880 612 decet
925 553 1238 610 sacerdotes
1283 562 1532 625 satagere
1577 563 1834 626 tanquam
1883 569 1980 625 pro
2015 570 2072 612 se

2181 555 2364 626 ροῦσι;
2414 555 2664 610 Μάλιστα
2698 555 2874 608 τοίνυν
2909 556 3037 620 τοὺς
3072 554 3402 627 ἰερωμένους
3443 553 3755 628 φροντίζειν

502 645 713 717 sibique
744 643 1002 715 subjectis
1034 645 1145 700 sint
1176 645 1444 701 rationem
1479 645 1741 703 reddituri
1764 647 1828 703 “.

2180 647 2303 718 χρὴ,
2348 646 2422 710 ὡς
2464 649 2558 701 καὶ
2589 647 2731 718 ὑπὲρ
2761 646 2998 712 ἑαυτῶν,
3042 646 3133 700 καὶ
3173 647 3311 718 ὑπὲρ
3357 644 3756 715 τῶψὺπηκόων

2179 737 2332 805 λόγον
2365 737 2762 801 ἀποδώσοντας.

663 848 984 909 CCCXXIV.
1026 879 1095 891 -
1126 847 1378 906 ZOSIMO
1419 849 1894 908 PRESBYTERO.

2426 847 2594 903 TKA'.
2639 876 2711 888 -
2751 846 2995 916 ΖΩΣΙΜῼ
3044 843 3507 915 ΠΡΕΣΒΥΤΕΡῼ.

1347 944 1581 1001 Extremi
1597 946 1795 1014 judieii
1827 956 2024 1002 terrore
2059 964 2092 1002 α
2127 946 2352 1016 peccatis
2393 959 2635 997 revocare
2665 954 2906 997 conatur.

576 1057 648 1116 De
691 1057 1041 1129 iniuriarum,
1093 1059 1265 1129 deque
1311 1057 1624 1130 Opinionum
1680 1060 2073 1131 magnitudine,

2249 1058 2470 1129 Κρίνειν
2516 1057 2584 1111 τά
2611 1073 2668 1110 τε
2715 1055 2824 1109 τῶν
2866 1052 3076 1125 ὖόρεων
3101 1091 3117 1117 ,
3147 1051 3218 1105 τά
3245 1067 3304 1105 τε
3343 1051 3452 1105 τῶν
3482 1049 3760 1105 κολάσεων

502 1165 572 1208 ex
614 1163 840 1208 numero
882 1163 1072 1207 eorum
1117 1150 1207 1221 qui
1245 1148 1450 1206 conscii
1483 1158 1609 1206 sunt
1654 1150 1931 1206 aestimare
1981 1166 2073 1205 so-

2183 1150 2386 1221 μεγέθη
2412 1150 2460 1203 οἰ
2490 1148 2770 1221 ἄνθρωποι
2798 1145 2877 1218 τῷ
2915 1144 3111 1217 πλήθει
3143 1143 3254 1198 τῶν
3288 1143 3600 1198 συνειδότων
3627 1141 3758 1197 εἰώ-

503 1240 631 1298 lent.
658 1238 890 1314 Iniurias
923 1241 1066 1299 enim
1095 1251 1149 1298 et
1180 1241 1566 1312 castigationes
1598 1242 1663 1298 de
1696 1242 1888 1312 quovis
1929 1257 2076 1296 sum-

2185 1244 2324 1298 θασι.
2355 1242 2466 1306 Τὰς
2495 1242 2603 1313 γὰρ
2631 1241 2805 1304 αὐτάς
2833 1238 3038 1310 ὕϐρεις,
3068 1237 3165 1292 καὶ
3189 1236 3290 1300 τὰς
3315 1234 3486 1300 αὑτάς
3508 1234 3761 1299 κολάσεις

505 1341 648 1404 ptas,
675 1348 782 1392 non
809 1334 1001 1392 eodem
1039 1336 1197 1392 modo
1228 1335 1576 1407 gravissimas
1603 1335 1893 1390 aestimant.
1924 1333 2078 1400 Quod

2189 1337 2260 1408 μὴ
2309 1337 2403 1390 ἐπὶ
2446 1335 2658 1389 πολλῶν
2690 1332 3001 1405 γινομένας.
3043 1329 3143 1402 οὐχ
3191 1329 3395 1402 ὁμοίως
3449 1327 3765 1400 βαρυτάτας

504 1438 625 1481 cum
665 1423 740 1480 ita
786 1423 880 1493 sit,
919 1425 1064 1494 vide,
1103 1440 1305 1498 quaeso,
1332 1428 1600 1498 quomodo
1642 1425 1821 1482 allecti
1845 1425 2071 1491 erimus,

2188 1427 2460 1500 ἡγοῦνται.
2510 1428 2571 1481 Et
2615 1427 2793 1482 τοίνυν
2837 1424 2991 1479 ταῦθ’
3024 1424 3198 1487 οὕτως
3227 1421 3363 1493 εχει,
3407 1419 3602 1474 σκόπει
3637 1417 3764 1484 πῶς

503 1515 595 1584 qui
622 1529 803 1571 coram
833 1524 944 1574 tota
975 1517 1310 1575 humanitate
1340 1527 1392 1575 et
1427 1516 1739 1590 angelorum
1771 1516 2077 1588 pulchritu-

2192 1518 2584 1599 Βιακεισόμεθα,
2619 1520 2712 1573 ἐπὶ
2742 1518 2925 1589 πάσης
2945 1517 3042 1588 τῆς
3073 1514 3513 1587 άνθρωπότητος,
3544 1512 3640 1566 καὶ
3667 1509 3768 1565 τοῦ

505 1607 630 1664 diue
661 1621 879 1667 causam
920 1607 1183 1678 dicemus,
1207 1607 1371 1682 657
1396 1623 1517 1666 cum
1560 1608 1859 1680 praesertim
1894 1607 2075 1663 omnis

2190 1613 2288 1669 τῶν
2339 1613 2587 1682 ἀγγέλων
2640 1613 2815 1684 δήμου
2878 1609 3164 1682 μέλλοντες
3231 1606 3462 1670 εὐθύνας
3521 1603 3766 1674 ὑφέξειν,

503 1698 670 1754 etiam
711 1698 765 1754 in
808 1699 1134 1758 verecundia
1179 1700 1356 1760 locum
1402 1714 1506 1756 non
1553 1700 1808 1774 reperiet,
1849 1699 2079 1768 peccati

2195 1706 2313 1761 5‘th
2372 1706 2607 1776 μάλιστα
2657 1707 2753 1760 καί¹
2809 1707 2962 1760 πᾶσα
3018 1699 3372 1772 ἀναισχυντία
3424 1699 3609 1771 χώραν
3665 1697 3771 1768 οὐχ

506 1806 629 1860 nos,
660 1791 806 1855 velut
834 1793 1023 1849 umbra
1057 1806 1252 1863 corpus
1277 1792 1436 1857 solet,
1472 1791 1942 1862 consequentibus.

2195 1797 2325 1864 ἰξει,
2363 1795 2474 1851 τῶν
2508 1796 2924 1870 ἁμαρτημάτων
2957 1797 3090 1866 ἡμῖν
3121 1794 3309 1865 ὥσπερ
3342 1791 3510 1846 σκιῶν
3538 1788 3771 1844 ἀκολου-

2187 1886 2442 1944 θούντων.

971 1991 1271 2051 CCCXXV.
1293 1990 1616 2049 —PAULO.

2669 1996 2845 2050 τιιεν.
2897 2026 2964 2037 --
3013 1993 3264 2064 anno.

1496 2083 1567 2138 De
1607 2083 1858 2138 bonorum
1889 2086 2104 2153 prwmio
2129 2099 2379 2157 panaque
2409 2087 2786 2157 improborum.

575 2192 834 2251 Homines
870 2200 930 2250 ut
962 2206 1123 2266 pmna
1152 2195 1443 2266 prmmiove
1479 2194 1787 2265 quempiam
1819 2193 2077 2260 alliciant,

2273 2197 2395 2250 Ἑπί
2444 2197 2544 2267 μὲν
2579 2195 2885 2268 ἀνθρώπων
2929 2195 2962 2265 ἢ
2994 2192 3371 2264 ἀμυνομένων,
3403 2190 3437 2262 ἢ
3472 2186 3779 2259 ἀμειϐομέ-

509 2301 618 2344 non
646 2300 861 2359 semper
912 2285 1174 2344 voluntati
1225 2294 1468 2359 potestas
1516 2287 1829 2358 respondet.
1855 2286 1925 2341 At
1981 2285 2079 2343 Dei

2200 2306 2318 2353 νων,
2348 2289 2408 2343 οὐ
2443 2289 2661 2353 πάντως
2689 2290 2722 2360 ἡ
2749 2286 2977 2358 δύναμις
3007 2287 3070 2357 τῇ
3113 2283 3365 2356 βουλήσει
3410 2281 3605 2334 ἕπεται
3626 2295 3641 2310 ⁸
3678 2279 3776 2333 ἐπὶ

509 2377 733 2446 iustitia,
757 2393 876 2451 qua
901 2387 958 2436 et
981 2392 1143 2451 poena
1189 2379 1402 2451 cogitur
1451 2377 1686 2443 allicere,
1708 2387 1766 2435 et
1813 2379 1963 2450 cupit
1993 2377 2077 2434 di-

2201 2378 2246 2433 δὲ
2274 2379 2373 2451 τῆς
2408 2379 2558 2445 θείας
2599 2381 2777 2451 δίκης,
2817 2380 2918 2450 τῆς
2965 2375 3272 2450 ἀμύνεσθαι
3310 2376 3409 2446 μὲν
3458 2372 3777 2467 ἀναγκαζο-

509 2487 646 2543 gnos
676 2471 964 2542 prtemiare
1017 2470 1497 2544 (quandoquidem
1532 2469 1769 2528 facultas
1805 2469 2083 2527 voluntate

2203 2473 2383 2545 μένης,
2423 2472 2750 2545 ἀμείϐεσθαι
2780 2471 2836 2525 δὲ
2865 2469 3193 2542 βουλομένης
3221 2484 3234 2498 ·
3282 2462 3577 2538 ἐπειδήπερ
3605 2465 3639 2534 ή
3683 2462 3779 2517 δύ-

509 2578 616 2619 non
667 2571 752 2619 est
802 2561 1096 2632 inferior),
1135 2572 1362 2634 utraque
1410 2577 1602 2634 reapse
1656 2563 1880 2620 omnino
1927 2579 2085 2620 exer—

2203 2584 2348 2638 ραμις
2371 2567 2470 2636 τῆς
2493 2565 2799 2639 βουλήσεως
2824 2565 2924 2619 οὐκ
2949 2563 3096 2618 ἔστιν
3120 2559 3482 2632 ἀσθενεστέρα
3510 2577 3521 2589 ·
3553 2556 3779 2621 πάντως

510 2661 724 2712 centur.
798 2653 907 2712 llos
970 2655 1114 2710 enim
1185 2655 1430 2726 praemio,
1496 2654 1616 2711 illos
1693 2670 1854 2726 poena
1937 2653 2081 2712 Deus

2205 2657 2471 2729 ἰμφότερα
2499 2658 2576 2722 εἰς
2615 2657 2778 2728 έργον
2816 2656 3134 2728 ἐκϐήσεται.
3182 2653 3324 2716 Τοὺς
3365 2651 3462 2721 μὲν
3493 2649 3602 2721 γὰρ
3631 2649 3781 2720 ἀμυ-

512 2744 695 2802 allicit.

2187 2751 2381 2813 νεῖται,
2420 2749 2548 2814 τοὺς
2569 2749 2624 2802 δὲ
2658 2748 2972 2819 ἀμείψεται.

512 2852 1361 2922 CCCXXVl.—MARTINIANO,
1395 2854 1649 2914 ZOSIMO
1681 2855 1771 2911 ET
1801 2855 2088 2911 MARONI.

2262 2858 2453 2926 Τκςο.
2491 2886 2560 2896 -
2596 2854 3048 2926 ΜΑΡΤΙΝῘΑΝῼ,
3084 2853 3366 2925 ΖΩΣΙΜῼ,
3409 2849 3699 2905 ΜΑΡΩΝΙ.

995 2944 1128 3002 Boni
1159 2947 1418 3002 neminem
1442 2944 1861 3001 calumniantur.
1891 2944 2024 3000 Mali
2049 2961 2081 2998 α
2107 2945 2375 3000 εαιιιηιιιὲη
2403 2963 2499 3000 cur
2539 2945 2704 2999 liberi.
2736 2942 2913 3015 (Conf.
2941 2943 3092 3006 epist.
3129 2941 3277 3002 541.)

580 3059 695 3116 Etsi
725 3057 1043 3114 incredibile
1071 3056 1226 3114 vobis
1247 3058 1421 3113 visum
1476 3058 1542 3114 iri
1567 3058 1711 3128 quod
1734 3058 1908 3115 dicam
1949 3058 2083 3124 scio,
2112 3043 2155 3102 C-

2260 3058 2325 3111 Εἰ
2371 3059 2462 3111 καὶ
2510 3056 2814 3129 παράδοξον
2855 3052 2996 3110 εἶναι
3035 3055 3164 3125 ὑμῖν
3199 3053 3341 3113 δόξει
3368 3054 3430 3108 τὸ
3465 3052 3779 3124 ῥηθησόμε-

512 3151 724 3207 dicetur
749 3161 957 3207 tamen.
989 3149 1179 3206 Sentio
1202 3150 1388 3221 itaque
1440 3157 1500 3204 nt
1542 3165 1720 3222 neque
1767 3151 1969 3206 bonum
2005 3150 2087 3202 vi-

2268 3169 2295 3210 ι,
2319 3149 2433 3203 ἀλλ’
2457 3150 2605 3222 ὅμως
2631 3149 2925 3215 λελέξεται.
2959 3148 3106 3218 Φημὶ
3134 3147 3310 3201 τοίνυν
3337 3147 3419 3200 ὅτι
3447 3145 3622 3209 οὐδεὶς
3648 3144 3785 3200 οὔτε
3837 3204 3844 3210 ,

514 3255 634 3296 rum
656 3239 972 3296 calumniari
1030 3252 1378 3310 quemquam,
1417 3238 1489 3294 ita
1555 3253 1730 3305 neque
1784 3236 2089 3308 improbum

2200 3242 2461 3298 Βιαϐόιλλει
2490 3241 2746 3315 χρηστὸς,
2794 3241 2918 3295 οὔτε
2947 3238 3294 3295 διαϐάλλεται
3329 3238 3583 3310 πονηρός.
3620 3239 3681 3291 El
3714 3237 3776 3293 δὲ

515 3332 784 3387 calumnia
818 3329 1021 3401 appeti.
1046 3328 1202 3397 Quod
1227 3330 1430 3385 dictum
1463 3329 1511 3386 si
1558 3330 1864 3399 aanigrnatis
1917 3327 2091 3382 instar

2205 3333 2419 3404 ιῐνιγμα
2449 3335 2594 3388 δοκεῖ
2625 3333 2689 3386 τὸ
2737 3332 2900 3405 ῥηθὲν
2923 3373 2938 3397 ,
2973 3332 3306 3403 σαφέστερον
3353 3331 3655 3401 εἰρήσεται.
3716 3330 3781 3384 '0

518 3425 784 3492 videatur,
821 3423 1117 3480 dilucidius
1145 3421 1444 3494 proferam.
1463 3422 1676 3478 Probus
1705 3425 1748 3476 si
1796 3421 1926 3492 quid
1948 3419 2094 3475 dicat

2205 3423 2419 3493 ὶγαθὸς,
2448 3423 2548 3478 κᾶν
2579 3425 2754 3478 εἰπεῖν
2790 3439 2844 3475 τι
2878 3423 2912 3493 ἢ
2957 3423 3064 3477 ὑπὸ
3099 3422 3515 3493 μισοπονηρίας,
3551 3421 3584 3492 ἢ
3635 3421 3781 3490 πρὸς

518 3515 600 3572 vel
630 3516 756 3572 odio
779 3516 1063 3580 vitiorum,
1084 3513 1172 3570 vel
1193 3515 1260 3570 ad
1281 3513 1662 3584 corrigendum
1721 3515 2090 3577 aberrantem,

2204 3512 2484 3586 διόρθωσιν
2510 3513 2836 3586 προαχθείη,
2863 3513 2923 3566 οὐ
2948 3511 3221 3566 διαϐάλλει
3241 3529 3254 3544 ·
3287 3516 3349 3566 οὐ
3379 3511 3486 3584 γάρ
3509 3511 3578 3564 τά
3601 3510 3780 3582 ψευδῆ

516 3606 746 3662 minime
793 3606 1175 3663 calumniatur.
1202 3605 1322 3662 Non
1369 3606 1515 3663 enim
1573 3606 1856 3661 mendacia
1910 3604 2089 3675 lingit,

2210 3607 2445 3670 πλάττει,
2475 3606 2610 3660 ἀλλὰ
2639 3603 2850 3677 τάληθῆ
2880 3606 3098 3677 φράζει.
3145 3606 3201 3660 Ὀ
3224 3607 3278 3659 δὲ
3305 3605 3537 3678 πονηρὸς
3565 3605 3626 3658 οὐ
3658 3604 3786 3659 δια-

518 3700 627 3755 imo
654 3712 779 3754 vera
805 3697 984 3768 potius
1006 3706 1215 3754 narrat.
1250 3695 1535 3768 Improbus
1590 3709 1781 3754 contra
1815 3697 2085 3752 conviciis

2207 3695 2475 3751 Βάλλεται·
2499 3697 2593 3750 καὶ
2621 3694 2731 3767 γὰρ
2758 3697 2806 3749 εἰ
2832 3695 2928 3749 καὶ
2950 3695 3218 3766 ήδιασολὴ
3248 3696 3469 3764 πλάσμα
3494 3697 3613 3750 έστὶ
3637 3695 3783 3766 ψευ-

520 3805 626 3848 non
681 3799 961 3847 oneratur.
1007 3790 1268 3856 Quamvis
1320 3790 1463 3846 enim
1504 3789 1774 3846 calumnia
1839 3788 1959 3843 falsi
2009 3800 2095 3844 est

1357 3790 1463 3846 nim
1504 3789 1774 3846 calumnia
1839 3788 1959 3843 falsi
2009 3800 2095 3844 est
2191 3787 2299 3850 δὲς,
2329 3786 2465 3841 ἀλλὰ
2493 3787 2698 3857 τάληθῆ
2725 3785 2933 3841 ἀκούει.

517 3880 766 3951 quaedam
794 3879 961 3945 llctio,
990 3879 1141 3936 audit
1169 3887 1348 3935 tamen
1375 3879 1463 3936 ille
1494 3895 1704 3936 verum.

960 3987 1306 4047 CCCXXV“.
1319 4020 1390 4032 —-
1402 3988 1659 4045 IISDEM.

2602 3988 2776 4044 TKZ'.
2807 4018 2879 4029 —
2907 3988 3064 4044 ΤΟΙΣ
3094 3989 3361 4045 ΑΥΤΟΙΣ.

1111 4077 1252 4135 Deus
1279 4079 1593 4149 facientibus
1622 4080 1762 4150 quod
1795 4087 1994 4150 oportet
2025 4081 2128 4152 fert
2159 4081 2440 4138 auxilium.
2469 4080 2632 4150 (Vide
2670 4082 2824 4149 epist.
2855 4081 2984 4149 3l5,
3027 4081 3176 4153 459.)

590 4191 842 4250 Mortales
864 4191 1182 4265 plerumque
1209 4193 1296 4249 bis
1332 4191 1672 4250 collaborare
1706 4201 1761 4248 et
1805 4193 2088 4266 cooperari

2269 4193 2476 4258 Πάντες
2529 4193 2808 4265 ἄνθρωποι
2851 4192 3063 4259 τούτοις
3107 4194 3203 4249 καὶ
3254 4195 3630 4266 συμπράττειν
3678 4197 3782 4252 καὶ

519 4289 756 4353 student,
790 4286 986 4359 quibus
1032 4287 1374 4344 sedulitatem
1423 4288 1867 4360 diligentiamque
1914 4291 2093 4348 inesse

2205 4286 2496 4355 συμπονεῖν
2545 4284 2855 4351 ἐθέλουσιν,
2886 4280 2968 4349 οἷς
2995 4285 3064 4340 ἂν
3106 4283 3273 4358 ὁρῶσι
3315 4285 3414 4357 τὴν
3462 4285 3781 4358 προθυμίαν

521 4380 702 4435 vident
724 4343 909 4434 eorum
941 4392 1064 4447 quae
1093 4378 1236 4434 facto
1257 4387 1342 4434 est
1367 4343 1620 4450 opuszt
1646 4343 2093 4453 socordes,igua-

2207 4343 2288 4430 ποθ
2327 4378 2586 4448 πράττειν
2615 4377 2652 4430 ἃ
2691 4377 2798 4449 χρὴ
2840 4343 3198 4448 άκμάζουσαν
3220 4392 3234 4407 ·
3267 4343 3393 4442 τοὺς
3433 4343 3542 4449 γὰρ
3578 4343 3783 4434 καθεύ-

521 4487 636 4532 νος.
666 4485 729 4525 ac
761 4469 993 4540 propriae
1030 4469 1220 4525 salutis
1275 4471 1721 4540 praevaricatores
1769 4471 1966 4526 merito
1998 4487 2094 4527 nc-

2206 4469 2301 4523 ῑειν
2347 4470 2439 4523 καὶ
2473 4468 2738 4542 ῥᾳθυμεῖν
2790 4468 3242 4541 προῃρημένους,
3291 4469 3386 4523 καὶ
3423 4469 3523 4540 τὴν
3567 4469 3782 4525 οἰκείαν

522 4564 746 4634 gligunt.
779 4559 931 4626 Quod
964 4575 1086 4617 cum
1151 4561 1222 4616 ita
1269 4562 1359 4627 sit,
1405 4564 1599 4616 merito
1651 4563 1813 4617 etiam
1863 4563 2084 4619 divinus

2199 4563 2465 4632 σωτηρίαν
2494 4562 2866 4634 προδιδόντας,
2895 4562 3018 4615 οὐδὲ
3055 4562 3214 4630 λόγου
3248 4563 3474 4625 εἰκότως
3503 4562 3775 4628 ἀξιοῦσιν.

523 4661 686 4707 nutus
714 4665 818 4706 non
844 4650 1097 4706 omnibus
1127 4650 1356 4706 accedit.
1385 4649 1490 4705 Sed
1530 4663 1627 4706 eos
1678 4650 1980 4720 dimittens,
1999 4653 2091 4722 qui

2204 4653 2254 4707 Ei
2294 4654 2471 4708 τοίνυν
2500 4653 2651 4708 ταῦθ’
2679 4652 2854 4716 οὕτως
2879 4653 3016 4724 ἔχει,
3044 4654 3266 4718 εἰκότως
3297 4655 3390 4707 καὶ
3420 4655 3452 4725 ἡ
3483 4653 3601 4707 θεία
3633 4657 3780 4728 ῥοπὴ

522 4757 671 4796 suam
707 4741 937 4798 salutem
973 4756 1069 4811 per
1100 4741 1480 4812 negligentiam
1508 4740 1837 4812 decoquunt,
1871 4743 1959 4809 iis,
1992 4745 2084 4812 qui

2203 4747 2250 4800 >6
2291 4747 2454 4800 πᾶσιν
2493 4748 2747 4817 ἐπιφοιτᾷ
2768 4761 2779 4774 ·
2826 4745 2942 4799 ἀλλ’
2981 4743 3225 4809 ἐκείνους
3254 4745 3482 4813 ἀφεῖσα,
3515 4746 3642 4809 τοὺς
3675 4746 3779 4816 τὴν

522 4850 607 4898 na,
640 4849 759 4904 qua:
808 4848 872 4890 ex
914 4847 1013 4888 usu
1071 4833 1421 4898 sunt,facere
1476 4844 1744 4889 conantur
1779 4833 1864 4891 vel
1892 4850 2088 4908 propo-

2206 4837 2404 4892 ὲαυτῶν
2447 4838 2722 4909 σωτηρίαν
2769 4837 2856 4892 διὰ
2905 4837 3180 4910 ρᾳθυμίαν
3222 4839 3584 4909 προτείνοντας
3609 4854 3624 4870 ο
3662 4842 3782 4903 τοῖς

523 4935 673 4994 nunt,
699 4934 1059 4996 opportunum
1088 4924 1346 4980 auxilium
1381 4925 1588 4982 tribuit.

2205 4931 2460 5003 πράττειν
2518 4929 2553 4985 δι
2603 4930 2708 5002 χρὴ
2758 4931 3163 5003 προῃρημένοις
3206 4930 3305 5002 τὴν
3356 4931 3564 4984 οἰκείαν
3618 4931 3781 5002 νέμει

2198 5042 2261 5081 συ
2271 5043 2308 5097 μ
2314 5025 2534 5096 μαχίαν.

748 5129 1112 5186 CCCXXVIII.
1127 5163 1193 5172 —
1213 5131 1489 5191 SERENO
1531 5133 1847 5191 DlACONO.

2498 5129 2679 5185 TKH'.
2720 5162 2788 5172 -
2827 5130 3100 5203 ΣΕΡΗΝῼ
3133 5129 3451 5201 ΔιΑιιοΝῼ.

1540 5228 1806 5289 Modestia
1836 5233 1954 5286 uitta
1997 5230 2365 5286 commendata
2398 5231 2452 5284 in
2479 5229 2746 5284 omnibus.

601 5324 796 5382 Virtuti
822 5329 1060 5386 deditum
1085 5347 1418 5403 supervacua
1483 5349 1731 5392 resecare
1761 5337 1931 5392 decet.
1967 5336 2086 5393 Non

2258 5337 2362 5391 Τὸν
2378 5335 2680 5410 ξριλάρετον
2704 5333 2881 5388 πάντα
2900 5334 2970 5389 τὰ
2992 5337 3223 5407 περιττὰ
3249 5337 3354 5408 χρὴ
3382 5335 3740 5408 περικόπτειν
3761 5359 3775 5372 ·

526 5419 664 5475 enim
698 5421 749 5475 in
786 5422 921 5477 cibis
952 5427 1130 5490 modo,
1172 5427 1265 5481 sed
1318 5436 1371 5482 et
1428 5428 1482 5483 in
1532 5428 1792 5495 vestibus,
1828 5430 2088 5498 aediliciis,

2202 5432 2248 5484 r3
2281 5430 2388 5500 γὰρ
2420 5431 2476 5482 ὲν
2507 5431 2679 5499 τροφῇ
2724 5428 2916 5500 μόνον,
2957 5427 3092 5481 ἀλλὰ
3139 5429 3231 5481 καὶ
3261 5431 3319 5482 ὲν
3359 5429 3645 5500 ἀμφιάσει,
3678 5433 3778 5486 καὶ

526 5528 588 5567 ac
648 5513 997 5583 supellectile,
1039 5518 1265 5590 aliisque
1332 5522 1495 5578 rebus
1563 5537 1693 5577 usus
1751 5523 2087 5591 potissimum

2201 5526 2247 5575 ὲν
2279 5523 2491 5592 οἰκήσει
2535 5521 2628 5573 καὶ
2661 5521 2720 5572 ὲν
2765 5520 3047 5584 ὲπίπλοις,
3099 5519 3194 5586 καὶ
3227 5521 3284 5572 ἐν
3323 5523 3433 5585 τοῖς
3463 5520 3642 5584 ἄλλοις
3671 5523 3777 5595 τὴν

528 5604 863 5669 spectandus,
902 5607 1196 5679 modusque
1244 5626 1347 5667 non
1377 5612 1744 5669 excedendus.
1777 5611 1914 5672 Ouid
1947 5615 2088 5669 enim

2197 5614 2380 5683 χρείαν
2411 5613 2514 5683 χρὴ
2549 5614 2731 5683 τιςιᾷν,
2767 5613 2859 5664 καὶ
2895 5611 2995 5683 τὴν
3029 5611 3361 5685 αὐτάρκειαν
3401 5612 3475 5684 μὴ
3503 5614 3773 5681 ὑϐρίζειν.

585 5756 601 5788 ¹
631 5755 793 5815 Hebr.
831 5775 950 5828 xm,
990 5761 1072 5816 l7.
