3992 6420
245 425 364 491 ibi.)

1093 417 1627 482 EPISTOLARUM
1662 416 1810 476 LIB.
1850 413 2006 474 V.—
2038 410 2276 472 EPIST.
2336 411 2734 473 CCCXXXVI.

3366 403 3505 471 1530

245 541 454 612 μηδενὸς
503 540 608 610 μὲν
647 539 955 611 δεομένους,
999 537 1086 592 διά
1128 538 1212 591 δὲ’
1240 533 1678 608 φιλοχρηματίαν
1723 532 1847 591 ἀεὶ.⁴

1934 529 2134 602 ιυίάειῐι
2177 526 2410 596 indiges.
2446 524 2625 591 Quare
2649 523 2886 580 habendi
2914 524 3215 596 cupiditate
3250 526 3504 594 accipere

244 633 335 703 μὲν
359 630 662 701 ὶαμϐάνειν
695 631 1092 695 σπουδάζοντας
1113 671 1128 695 ,
1176 625 1438 705 παρέχειν
1483 626 1539 680 δὲ
1585 626 1657 678 οὐ
1681 624 1810 694 βου-

237 721 505 793 λομένους.
551 721 695 785 Τοὺς
727 721 826 792 μὲν
869 719 977 791 γὰρ
1010 721 1067 772 ὲν
1093 718 1254 790 χρείᾳ
1280 717 1646 788 τυγχάνοντας
1665 757 1683 782 ,
1711 716 1812 769 οὐκ

245 813 427 867 ἀτοπον
472 813 640 884 χάριν
672 813 864 877 αἰτεῖν,
898 810 1025 874 τούς
1062 827 1124 864 τε
1171 809 1433 882 παρέχειν
1477 807 1812 879 δυναμένους

244 904 421 968 αἰτεῖν,
457 902 832 956 ἀτοπώτατον.
883 901 974 963 Δὶς
1005 898 1082 970 (5)
1135 897 1245 970 γὰρ
1284 898 1658 969 ἁμαρτάνουσι
1711 896 1814 966 μέ-

245 1013 394 1064 τιστα
411 1035 427 1060 .
459 994 521 1048 ἓν
547 994 669 1065 μὲν,
699 992 858 1047 αὐτοὶ
883 991 972 1046 διὰ
995 990 1159 1046 πόθον
1185 990 1482 1064 ἀκόρεστον
1510 988 1813 1052 αἰτοῦντες·
1842 1062 1855 1072 θ’

244 1085 414 1156 ἕτερον
453 1085 516 1139 δὲ
539 1124 557 1150 ,
610 1085 704 1137 καὶ
752 1085 864 1147 τοῖς
903 1082 1072 1148 ὅντως
1111 1082 1386 1154 δεομένοις
1431 1079 1815 1144 ἀποκλείοντες

244 1176 362 1237 τοὺς
397 1174 498 1244 τῆς
547 1172 963 1244 φιλανθρωπίας
1002 1171 1256 1242 λιμένας·
1313 1169 1664 1226 ἀναλίσκουσι
1703 1168 1818 1241 γὰρ

245 1263 415 1328 κακῶς
449 1263 521 1318 τά
545 1261 732 1327 καλῶς
758 1261 978 1333 δοθῆναι
1002 1261 1306 1332 ὀφείλοντα.

531 1434 790 1490 ΤΛΡ.-
813 1435 1156 1507 ΠΑΛΛΑΔΙῼ
1193 1435 1516 1508 ΔιΑκοΝᾳ.

1917 632 2136 694 semper
2162 620 2489 678 beneﬁcium
2527 629 2825 690 “satagunt,
2859 620 2990 674 dare
3045 630 3224 675 autem
3290 619 3500 674 nolunt.

1919 714 2021 783 Qui
2079 727 2207 770 vero
2250 713 2428 782 inopia
2487 712 2758 776 laborant,
2789 712 3046 767 beneﬁcia
3087 711 3364 781 postulare
3392 726 3501 765 non

1918 805 2214 862 absurdum
2239 808 2353 860 est.
2382 807 2451 858 At
2479 803 2570 872 qui
2607 803 2738 856 dare
2782 803 2906 858 aliis
2948 801 3506 876 possuntpostulare

1918 898 1987 954 ab
2018 897 2165 965 aliis,
2198 896 2250 952 id
2280 893 2758 950 absurdissimum.
2793 892 2882 950 Bis
2930 895 3076 950 enim
3124 904 3356 962 peccant
3379 906 3504 964 gra-

1918 989 2170 1054 vissime,
2209 986 2380 1044 semel
2406 986 2626 1058 quidem
2681 987 2960 1058 exigentes
2999 986 3324 1042 beneﬁcium
3357 985 3506 1041 insa-

1924 1078 2095 1135 tiabili
2123 1077 2447 1148 cupiditate,
2479 1077 2678 1133 deinde
2708 1079 2834 1148 quia
2884 1092 3073 1134 revera
3130 1078 3500 1148 indigentibus

1922 1167 2281 1224 humanitatis
2309 1167 2572 1223 claudunt
2593 1182 2660 1223 ac
2687 1167 3060 1223 beneﬁcentiae
3112 1177 3347 1237 portum.
3370 1165 3509 1222 Male

1920 1260 2063 1316 enim
2125 1269 2453 1326 consumunt
2509 1273 2631 1330 quze
2687 1261 2916 1316 honeste
2961 1260 3092 1316 dare
3139 1259 3275 1315 aliis
3337 1275 3506 1331 opor-

1922 1351 2094 1407 tebat.

2119 1441 2491 1500 CCCXXXIII.
2513 1444 2942 1502 —PALLAD|O
2989 1442 3308 1501 DIACONO.

651 1525 722 1581 In
752 1526 1013 1597 beneﬁciis
1037 1524 1228 1582 dandis
1261 1525 1533 1582 laudanda
1557 1537 1633 1582 est
1661 1527 1905 1586 voluntas
1925 1549 1947 1588 :
1971 1549 2038 1589 ex
2069 1533 2270 1601 animo,
2303 1551 2407 1590 non
2438 1552 2506 1592 ea:
2530 1546 2714 1593 euentu
2734 1535 3111 1608 judicandum.

309 1631 446 1696 Τοὺς
473 1631 775 1704 εὐεργέτας
795 1634 858 1688 οὐ
889 1633 1165 1705 μόνον,ἀφ’
1195 1629 1271 1690 ὧν
1297 1635 1663 1708 ἠδυνήθησαν,
1687 1635 1824 1692 ἀλλά

244 1726 332 1776 καὶ
378 1725 474 1794 ἀφ’
507 1717 588 1788 ὧν
621 1725 1001 1797 ἠϐουλήθησαν
1052 1726 1173 1796 μὲν,
1221 1727 1323 1781 οὐκ
1351 1727 1697 1799 ἠδυνήθησαν
1723 1727 1780 1782 δὲ
1804 1765 1821 1791 ,

2005 1643 2075 1701 Ut
2104 1645 2333 1702 beneﬁci
2362 1661 2467 1702 non
2522 1648 2684 1704 modo
2725 1648 2984 1704 laudandi
3038 1657 3166 1719 sunt
3206 1648 3259 1704 in
3295 1648 3362 1704 iis
3387 1663 3509 1720 quae

1926 1743 2352 1806 nonpotuerunt
2375 1738 2529 1806 dare,
2561 1740 2654 1795 sed
2685 1741 2850 1795 etiam
2886 1741 2940 1796 in
2966 1741 3036 1797 iis
3066 1746 3188 1811 qua:
3214 1741 3509 1796 voluerunt

242 1817 595 1886 ἀνυμνεϊσθαι
625 1818 731 1892 χρή
757 1859 772 1883 ,
821 1819 914 1874 καὶ
946 1819 1144 1873 ειδέναι
1185 1820 1282 1891 μὲν
1315 1821 1501 1883 αὐτοῖς
1531 1821 1694 1892 χάριν
1721 1820 1816 1891 ἀφ’

1934 1829 2128 1900 argiri,
2166 1843 2269 1885 nec
2291 1835 2609 1900 potuerunt,
2645 1831 3002 1904 habendaque
3027 1833 3095 1888 iis
3124 1834 3301 1905 gratia
3350 1833 3418 1889 de
3443 1832 3511 1888 iis

241 1901 310 1960 ὧν
330 1907 628 1978 ἠθέλησαν,
660 1910 721 1964 τὸ
761 1910 838 1981 μή
869 1911 1187 1983 δεδυνῆσθαι
1212 1911 1268 1966 ἀὲ
1303 1912 1376 1984 μὴ
1407 1913 1707 1968 αἰτιᾶσθαι.
1756 1913 1819 1969 '0

242 1997 342 2067 γὰρ
367 1998 441 2070 μὴ
467 1999 582 2053 ἀπὸ
605 2003 701 2071 τῆς
720 2003 1116 2072 προαιρέσεως,
1148 2003 1262 2057 ἀλλ’
1281 2004 1388 2058 ἀπὺ
1413 2006 1511 2074 τῆς
1536 2006 1821 2071 ἐκϐάσεως

241 2089 306 2143 τὰ
352 2091 662 2161 πράγματα
708 2094 930 2164 κρίνων,
981 2095 1306 2160 ἀπαίδευτός
1355 2098 1471 2150 ἐστι
1499 2135 1514 2162 ,
1569 2099 1663 2152 καὶ
1711 2100 1820 2154 τῶν

243 2182 577 2252 πραγμάτων
607 2184 668 2237 οὐ
698 2184 958 2253 γινώσκει
992 2187 1089 2258 τήν
1135 2188 1320 2256 φύσιν,
1363 2188 1464 2260 τὴν
1504 2189 1566 2243 οὐ
1601 2189 1821 2256 πάντως

242 2271 301 2338 τῇ
334 2267 590 2341 βουλήσει
623 2272 918 2344 ἑπομένην,
958 2274 1074 2329 ἀλλ’
1120 2273 1233 2329 ἔσθ’
1266 2276 1355 2330 ὅτε
1401 2277 1499 2330 καὶ
1546 2279 1820 2333 ἐναντιου-

245 2363 430 2432 μένην.

365 2470 530 2526 TAA'.
567 2502 637 2513 —
672 2472 1181 2532 ΑΓΑΘΟΔΔΙΜΟΝΙ
1211 2478 1252 2535 Γ
1253 2479 1690 2554 ΡΔΜΜΔΤΙΚῼ.

1921 1937 2041 1994 quae
2073 1933 2199 1978 sunt
2229 1924 2407 1980 conati
2442 1923 2629 1995 :quod
2660 1940 2793 1982 vero
2831 1940 2940 1981 non
2979 1925 3258 1995 potuerint
3281 1925 3508 1981 minime

1921 2015 2174 2085 culpandi
2199 2024 2348 2071 sunt.
2390 2014 2485 2070 Est
2513 2017 2661 2072 enim
2710 2017 2948 2076 hominis
2975 2017 3212 2087 imperiti
3241 2016 3310 2071 ab
3338 2030 3508 2071 even-

1923 2113 2003 2173 tu,
2036 2121 2144 2161 non
2201 2120 2232 2160 a
2281 2106 2514 2163 consilio
2579 2122 2669 2164 res
2706 2107 2976 2178 judicare,
3026 2124 3090 2165 ac
3137 2123 3205 2164 ne
3255 2117 3509 2164 naturam

1920 2196 2137 2267 quidem
2163 2198 2506 2268 negotiorum
2539 2198 2714 2264 novit,
2748 2214 2870 2270 qua:
2891 2200 2959 2254 ad
3009 2198 3344 2255 voluntatem
3404 2212 3511 2254 non

1921 2289 2146 2345 omnino
2174 2287 2388 2346 ﬂuunt:
2419 2290 2528 2347 imo
2555 2305 2699 2362 saepe
2726 2302 2915 2349 contra
2954 2292 3175 2349 cadunt.

1929 2488 2303 2546 CCCXXXW.
2322 2522 2393 2531 —
2408 2488 2814 2548 AGATIIODAE
2825 2488 2988 2546 MONl
3021 2487 3512 2546 GRAMMATICO.

595 2564 773 2622 Tarda
797 2569 958 2625 etiam
985 2570 1197 2641 ingenia
1220 2572 1469 2628 discendo
1497 2590 1797 2643 processum
1832 2578 2056 2649 faciunt.
2090 2581 2212 2638 Non
2256 2600 2320 2638 ex
2343 2585 2527 2655 quouis
2553 2585 2694 2656 ligno
2717 2586 2778 2654 ﬁt
2820 2585 3142 2640 Mercurius.

316 2672 378 2725 Ἡ
422 2673 709 2737 παίδευσις
753 2676 846 2730 τὸν
875 2677 972 2748 μὲν
1013 2677 1161 2745 ὀξὺν,
1202 2680 1369 2752 ἀκρον
1411 2686 1592 2737 ποιεῖ’
1624 2685 1715 2739 τὸν
1758 2687 1816 2741 δὲ

245 2759 440 2830 βραδὺν
498 2763 758 2833 ἀμείνονά
802 2783 918 2831 πως
965 2768 1162 2822 ἑαυτοῦ
1215 2771 1557 2842 καθίστησιν.
1610 2775 1822 2846 Ὥσπερ

243 2855 345 2925 γὰρ
367 2853 427 2907 οὐ
475 2856 678 2921 πάντες
706 2858 755 2911 oi
787 2858 846 2911 έν
875 2859 1262 2929 παιδοτρισὶοις
1294 2860 1368 2934 (4)
1416 2866 1824 2935 γυμνασθέντες

243 2945 470 3017 ἀθληταὶ
528 2948 950 3018 ἀποτελοῦνται,
1002 2951 1176 3017 οὕτως
1222 2953 1340 3008 οὐδὲ
1405 2955 1605 3020 πάντες
1655 2961 1703 3013 οί
1766 2960 1823 3013 ἐν

245 3038 521 3106 μουσείοις
564 3041 919 3112 φοιτήσαντες
966 3045 1223 3115 ρήτορες”
1269 3049 1392 3110 ταῖς
1422 3047 1531 3119 γὰρ
1571 3050 1822 3120 εὐφυΐαις

1993 2690 2223 2747 Acutum
2251 2695 2468 2764 quidem
2507 2695 2783 2765 ingenium
2837 2695 3104 2750 institutio
3137 2711 3200 2750 ac
3231 2692 3513 2764 disciplina

1922 2785 2194 2852 provehit,
2227 2789 2443 2841 tardum
2497 2803 2626 2842 vero
2653 2791 2832 2861 seipso
2861 2790 3034 2845 reddit
3072 2789 3374 2843 meliorem.
3412 2788 3511 2844 Ut-

1923 2890 2030 2945 que
2061 2890 2166 2930 non
2197 2891 2386 2933 omnes
2411 2879 2499 2947 qui
2530 2880 2582 2933 in
2623 2880 2922 2951 gymnasiis
2951 2889 3298 2942 exercentur,
3329 2879 3511 2934 athle-

1928 2975 1994 3020 tre
2028 2966 2265 3022 absoluti
2294 2965 2468 3034 ﬁunt;
2517 2968 2591 3022 ita
2629 2985 2729 3024 nec
2763 2985 2955 3025 omnes
3009 2968 3222 3024 scholas
3254 2968 3518 3038 frequen-

1926 3064 2105 3112 tantes
2134 3065 2382 3113 oratores
2404 3058 2666 3114 evadunt.
2693 3060 2924 3130 Optima:
2944 3068 3152 3114 natnrze
3172 3074 3236 3114 ac
3267 3058 3517 3114 facultati

244 3129 336 3183 καὶ
357 3134 480 3196 ταῖς
506 3131 798 3203 δυνάμεσιν
828 3137 882 3188 αί
911 3135 1130 3205 μελέται
1162 3137 1592 3208 προσομιλοῦσαι
1622 3142 1825 3213 ἄκρους

1934 3144 2116 3214 iuncta
2172 3148 2354 3204 studia
2404 3143 2648 3206 summos
2699 3129 3006 3217 perﬁciunt.
3041 3151 3098 3206 Si
3159 3165 3289 3206 vero
3344 3163 3522 3220 neque

245 3223 620 3280 ἀποτελοῦσιν.
655 3227 716 3280 Εί
740 3226 798 3280 δὲ
827 3229 966 3299 μήτε
992 3227 1183 3300 ἀλκὴν,
1223 3231 1360 3300 μήτε
1393 3229 1623 3298 εὐφυΐαν
1651 3230 1825 3304 εὕρω-

246 3331 344 3378 σιν,
380 3317 614 3372 ἀσκοῦσι
639 3318 740 3388 μὲν
762 3319 869 3372 τῶν
899 3319 998 3390 μὲν
1025 3320 1125 3384 τὰς
1153 3321 1332 3392 ψυχὰς
1356 3362 1371 3386 ,
1400 3321 1508 3375 τῶν
1530 3323 1586 3376 δὲ
1618 3323 1684 3378 τὰ
1719 3327 1827 3378 σώ-

247 3426 408 3476 ματα,
441 3412 506 3465 οὔ
545 3413 652 3484 μὴν
688 3412 966 3483 ἀοιδίμους
991 3415 1193 3479 αὐτοὺς
1224 3416 1677 3486 δημιουργοῦσιν.

545 3504 714 3558 ΤΛΕ’.
750 3534 820 3544 -
858 3504 1118 3578 ΙΣΙΔΩΡῼ
1152 3507 1519 3580 ΕΠΙΣΚΟΠῼ.

1933 3238 2119 3302 robur,
2151 3252 2330 3309 neque
2358 3251 2570 3295 natura:
2623 3243 2979 3311 aptitudinem
3037 3242 3520 3308 inveniant,exer-

1928 3339 2055 3384 ccnt
2109 3331 2329 3400 quidem
2391 3333 2604 3387 animos
2686 3335 3081 3403 quarumdam,
3139 3333 3367 3389 aliorum
3421 3348 3517 3389 ve-

1929 3437 1989 3477 ro
2018 3435 2238 3493 corpus,
2271 3423 2515 3478 celebres
2548 3433 2726 3477 tamen
2763 3425 2912 3492 ipsos
2936 3439 3039 3477 non
3071 3425 3320 3477 reddunt.

2139 3512 2489 3568 CCCXXXV.
2517 3543 2586 3555 --
2608 3512 2883 3570 lSlDORO
2944 3512 3301 3570 El’lSCOl'O.

495 3617 516 3651 ι
556 3597 740 3655 Ειεοιε
766 3601 1007 3671 perfecti,
1038 3601 1178 3656 sicut
1227 3600 1396 3657 Pater
1435 3614 1602 3659 vester
1645 3605 1847 3661 caelesti.

1934 3624 1944 3657 ι
1985 3605 2199 3676 (Matth.
2224 3624 2279 3674 γ,
2309 3608 2424 3679 48.)
2475 3606 2801 3663 lmitationis
2834 3609 2996 3672 ratio,
3026 3609 3270 3676 inferior.

324 3693 542 3764 Ἐπειδὴ
570 3695 797 3759 είκότως
821 3695 1059 3774 νομίζων
1081 3697 1181 3766 τήν
1217 3697 1366 3750 θείαν
1393 3699 1598 3769 ἀρετὴν
1633 3700 1825 3769 ἀνέφι-

245 3801 365 3838 κτον
414 3787 510 3839 καὶ
569 3785 868 3857 ἀμίμητον,
919 3788 1206 3860 γέγραφας
1257 3789 1576 3860 θαυμάζων,
1632 3791 1747 3855 πῶς
1799 3794 1828 3846 ό

245 3875 432 3946 Σωτὴρ
477 3876 690 3930 καὶτὸν
731 3876 950 3950 Πατέρα
985 3879 1079 3933 καὶ
1122 3881 1311 3935 ἑαυτὸν
1342 3882 1630 3953 μιμεῖσθαι
1676 3885 1827 3955 ἡμᾶς

247 3966 702 4038 παρακελεύεται.
732 3969 902 4038 Φημὶ,
929 3969 1011 4024 ὃτι
1039 3971 1265 4037 εἰκότως
1292 3973 1362 4026 τὰ
1386 3975 1690 4047 πράγματα
1718 3976 1826 4030 ἀπὸ

246 4059 348 4112 τῶν
382 4060 646 4129 μειζόνων
688 4060 956 4131 λαμϐάνει
1000 4063 1069 4118 τὰ
1100 4065 1518 4136 παραδείγματα
1541 4109 1556 4134 ,
1603 4068 1688 4122 ἵνα
1724 4067 1824 4122 κᾶν

246 4151 334 4205 τοῦ
363 4151 644 4215 ἐλάττονος
677 4153 1025 4225 ὲφικοίμεθα.
1065 4157 1127 4209 Εί
1172 4158 1283 4229 γὰρ
1329 4158 1422 4211 καὶ
1469 4159 1744 4230 ἀμίμητος
1791 4161 1824 4231 ἡ

246 4243 551 4315 Δεσποτικὴ
603 4245 774 4316 ἀρετὴ
801 4285 816 4311 ,
863 4246 980 4300 ἀλλ’
1018 4243 1113 4302 οὖν
1155 4266 1219 4319 γε
1258 4250 1384 4304 ὅταν
1417 4252 1560 4305 κατά
1598 4252 1826 4324 δύναμιν

249 4331 529 4401 μιμεῖσθαι
569 4333 742 4402 αὑτήν
795 4335 1205 4409 σπουδάζωμεν,
1247 4339 1346 4410 τῆς
1386 4343 1677 4412 μιμήσεως
1725 4343 1824 4396 οὐκ

2005 3699 2140 3755 Cum
2176 3702 2743 3771 incomprehensibilis
2771 3705 2843 3758 sit
2903 3705 3059 3769 Deus,
3087 3715 3247 3774 atque
3275 3704 3519 3759 inimita-

1933 3791 2079 3856 bilis,
2117 3792 2374 3847 admirari
2420 3802 2471 3848 te
2517 3794 2738 3857 scribis,
2764 3809 2863 3849 cur
2920 3795 3172 3851 Salvator
3216 3805 3270 3851 et
3301 3796 3516 3851 Patrem

1934 3883 2234 3949 cmlestem,
2270 3892 2326 3938 et
2363 3897 2483 3938 sese
2514 3885 2581 3938 ad
2613 3885 2936 3939 imitandum
2961 3887 3322 3956 proposuerit.
3353 3886 3517 3956 Equi-

1931 3975 2055 4030 dem
2125 3975 2429 4046 respondeo
2488 3991 2576 4032 res
2658 3977 2783 4046 jure
2854 3978 3060 4046 optimo
3115 3993 3145 4031 a
3221 3976 3520 4046 majoribus

1931 4063 2176 4136 exempla
2219 4079 2437 4137 capere,
2493 4075 2553 4121 ut
2605 4067 2796 4121 saltem
2855 4067 3032 4121 minus
3098 4081 3515 4135 consequamur.

1931 4155 2192 4222 Quamvis
2243 4157 2391 4212 enim
2444 4157 2785 4213 inimitabilis
2840 4157 2932 4213 Dei
2997 4157 3171 4212 virtus
3229 4167 3332 4222 est,
3369 4157 3517 4214 illam

1932 4256 2229 4319 lamenpro
2289 4251 2433 4305 virili
2497 4250 2706 4306 imitari
2772 4260 3056 4317 conantes,
3089 4252 3156 4306 ab
3215 4250 3520 4305 imitatione

1929 4355 2037 4396 non
2067 4341 2436 4396 discedemus.
2475 4341 2547 4396 Ut
2601 4342 2692 4412 qni
2750 4341 2995 4397 scribere
3041 4355 3237 4410 pueros
3295 4339 3514 4403 docent,

247 4422 783 4498 ἁπολειφθησόμεθα.
865 4429 1074 4500 Ὠσπερ
1126 4431 1234 4503 γὰρ
1299 4434 1349 4486 οἱ
1403 4438 1824 4506 γραμματισταὶ

1934 4441 2150 4501 arrepto
2180 4433 2323 4504 stylo
2349 4435 2536 4502 pueris
2561 4450 2728 4504 quam
2777 4434 3222 4503 elegantissimos
3270 4428 3517 4501 p'raascri-

247 4512 614 4585 λαμϐάνοντες
647 4516 746 4588 τήν
786 4519 1024 4590 γραφίδα
1048 4561 1064 4585 ,
1094 4524 1204 4584 τοῖς
1235 4525 1392 4577 παισὶ
1443 4524 1582 4595 μετά
1626 4525 1822 4581 πολλοῦ

1934 4522 2065 4577 bunt
2104 4524 2474 4586 characteres,
2506 4524 2610 4576 etsi
2639 4521 2933 4576 inferiores
2971 4521 3080 4574 sint
3132 4521 3184 4573 in
3214 4518 3518 4592 imitatione

247 4605 336 4658 τοῦ
365 4605 601 4670 κάλλους
619 4608 688 4663 τὰ
720 4614 959 4682 στοιχεῖα
987 4613 1311 4684 γράφουσιν,
1347 4615 1432 4669 ἴνα
1468 4619 1573 4671 κᾶν
1605 4618 1742 4687 πρὸς
1765 4619 1824 4672 τὸ

1934 4614 2099 4670 futuri
2134 4629 2148 4668 :
2186 4615 2260 4668 ita
2285 4623 2339 4670 et
2364 4613 2545 4668 divina
2575 4613 2749 4683 gratia
2803 4612 3027 4666 virtutis
3084 4610 3240 4665 nobis
3269 4607 3515 4674 exempla

250 4697 672 4770 καταδεέστερον
715 4700 908 4756 ἔλθωσι
945 4704 1048 4772 τῆς
1096 4707 1411 4776 μιμήσεως,
1458 4707 1601 4762 οὕτω
1649 4709 1744 4764 καὶ
1789 4715 1821 4783 ὴ

251 4783 361 4842 οέία
397 4791 562 4862 χάρις
591 4791 964 4864 ὑποδείγματα
992 4798 1123 4867 ἡμῖν
1155 4799 1356 4870 ἀρετῆς
1387 4800 1721 4872 προῦθηκεν,
1753 4802 1822 4856 ἶν’

250 4877 322 4939 ὡς
361 4880 582 4948 ἐφικτὸν
612 4885 1000 4956 μιμησώμεθα.
1051 4887 1142 4960 Μὴ
1188 4890 1369 4943 τοίνυν
1414 4892 1476 4945 τὸ
1521 4894 1597 4964 μὴ
1642 4893 1828 4967 ἄκρως

250 4967 509 5024 δύνασθαι
553 4975 870 5044 μιμεῖσθαι,
915 4977 1010 5031 τοῦ
1055 4980 1406 5051 ἐνδεχομένου
1449 4985 1600 5054 ἡμᾶς
1626 4986 1826 5038 ἀποσο-

252 5059 416 5114 δείτω
436 5102 451 5127 ,
483 5061 619 5117 ἀλλά
637 5064 796 5120 τοῦτο
839 5069 1076 5139 μάλιστα
1107 5072 1248 5142 μέγα
1272 5073 1404 5144 ἡμῖν
1441 5076 1732 5143 φαινέσθω.
1769 5077 1830 5129 τὸ

251 5150 518 5217 ἠξιῶσθαι
551 5155 792 5227 μερικῶς
833 5160 1120 5230 μιμήσεως
1147 5161 1297 5225 θείας
1320 5164 1527 5227 είκόνος
1554 5165 1706 5230 ἐντὸς
1735 5182 1831 5235 γε-

253 5239 457 5296 νέσθαι.

679 5319 882 5407 “Tac-2
916 5369 985 5381 -
1029 5341 1384 5415 ΓΕΝΝΑΔΙῼ.

1933 4706 2232 4779 proposuit,
2262 4716 2321 4762 ut
2380 4718 2637 4776 tanquam
2695 4708 2839 4776 quod
2898 4713 3063 4776 queat
3129 4699 3513 4770 comprehendi

1927 4800 2226 4856 imitemur.
2275 4800 2434 4870 661
2482 4798 2559 4853 Nc
2602 4799 2771 4870 igitur
2825 4799 2967 4869 quod
3018 4809 3231 4850 summa
3289 4803 3516 4860 qumque

1931 4892 2137 4947 imitari
2166 4907 2272 4947 non
2303 4893 2598 4962 possimus,
2632 4892 2685 4947 id
2722 4906 2821 4946 nos
2861 4893 3166 4944 absterreat
3190 4886 3257 4940 ab
3288 4884 3378 4947 iis,
3399 4896 3518 4951 qua:

1934 4986 2191 5055 consequi
2219 4986 2479 5053 valemus,
2515 4986 2624 5040 imo
2657 4999 2910 5049 magnum
2955 4982 3085 5036 illud
3139 4979 3299 5034 nobis
3330 4977 3518 5030 videa-

1926 5089 2037 5146 tur,
2064 5079 2209 5150 quod
2237 5080 2388 5151 digni
2421 5079 2595 5135 simus
2622 5078 2813 5146 habiti,
2842 5078 2924 5131 vel
2949 5091 3011 5131 ex
3072 5083 3225 5144 parte
3277 5070 3513 5125 divinant

1928 5170 2131 5227 imitari
2157 5169 2470 5244 imaginem.

2282 5353 2655 5411 CCCXXXVI.
2687 5383 2754 5394 —-
2786 5350 3161 5409 GENNADIO.

847 5431 925 5486 De
949 5432 1134 5504 gloria:
1167 5438 1475 5505 cupiditate,
1505 5439 1581 5494 vel
1613 5450 1932 5512 contemptu.
1973 5444 2132 5518 Vulgi
2151 5448 2418 5518 judicium
2449 5450 2909 5505 contemnendum.

322 5524 384 5579 Ei
423 5526 516 5581 uati.
545 5525 847 5599 παράδοξόν
876 5545 959 5584 σοι
983 5525 1121 5586 εἶναι
1155 5533 1296 5602 δόξει
1323 5534 1382 5588 τὸ
1406 5536 1823 5609 λεχθησόμενον,

2009 5541 2117 5599 Etsi
2159 5545 2304 5614 quod
2350 5547 2526 5602 dicam
2576 5546 2887 5616 parailoson
2924 5545 3017 5601 tibi
3064 5543 3238 5598 visunt
3272 5539 3336 5595 iri
3377 5535 3518 5594 satis

1349 5642 1586 5700 VARUE
1625 5644 2006 5707 LECTIONES
2047 5651 2135 5705 ET
2175 5652 2406 5710 ΝΟΤΛΞῚ.

325 5746 404 5817 (3)
435 5746 600 5802 iidem
630 5750 710 5813 δὶς
746 5760 955 5805 mutant
991 5755 1040 5806 in
1076 5753 1187 5810 δύο.
1217 5755 1426 5810 Possm.

325 5818 404 5887 (4)
436 5818 540 5872 Pro
587 5819 970 5892 παιδοτριείοις
1031 5823 1192 5880 iitlctn
1246 5825 1489 5885 setibuut
1548 5827 1915 5900 παιδοτρίεου,
1951 5831 2026 5882 lo.
