3992 6466
442 370 575 440 11131
1629 371 1689 431 S.
1726 369 2016 431 ISIDORI
2055 368 2492 430 PELUSIOTJZ
3550 358 3689 427 1532

441 484 577 552 scio,
602 480 881 538 dicendum
904 486 1099 535 tamen.
1119 478 1355 535 Gloriam
1375 477 1536 552 igitur
1560 479 1775 537 inanem
1798 493 1992 538 censeo
2020 487 2067 544 Α

2130 479 2206 534 λλ¹
2247 483 2396 553 ὅμως
2422 480 2729 552 εἰρήσεταιο
2763 479 2906 552 φημὶ
2948 478 3056 549 γάρ
3083 477 3165 532 δτι
3193 477 3226 546 ἡ
3260 473 3538 540 κενοδοξία
3566 475 3679 530 άπὸ

443 579 512 632 ab
547 575 725 631 animo
759 571 970 642 abjecto
1014 571 1208 638 vilique
1264 569 1554 640 proﬁcisci.
1587 569 2003 642 Despicientiam

2130 571 2284 644 θυκῆς
2308 573 2569 644 ταπεινῆς
2599 572 2695 626 καὶ
2718 569 2977 634 εὐτελοῦς
3011 569 3290 634 τίκτεται,
3335 567 3370 637 ἠ
3421 565 3478 620 δὲ
3517 566 3683 638 ὑπερ-

443 678 630 724 contra
685 664 962 733 laudisque
1021 673 1387 732 contemptum
1454 677 1519 718 ex
1567 663 2007 734 magnanimitate

2130 665 2238 736 νψία
2266 664 2377 717 τῶν
2404 662 2641 718 ἐπαίνων
2675 664 2771 716 καὶ
2796 665 2829 734 ἡ
2853 661 3258 730 καταφρόνησις
3305 658 3412 711 ἀπὸ
3445 657 3682 729 μεγαλοο

446 757 614 822 nasci,
673 755 751 811 vel
801 755 979 808 verius
1023 769 1053 808 a
1096 753 1302 810 caelesti
1351 764 1549 808 mente.
1600 753 1694 808 Illa
1742 752 2005 822 siquidem

2130 757 2309 826 ρυοῠς,
2341 755 2539 828 μᾶλλον
2571 753 2628 808 δὲ
2661 750 2999 826 ὑπερφυοῦς.
3040 753 3104 806 Ἡ
3128 751 3245 824 ξμὲν
3276 750 3383 822 γὰρ
3414 749 3685 819 θαυμάζει

452 849 657 901 laudem
699 845 998 899 admiratur
1027 845 1337 910 humanam,
1367 858 1486 914 quae
1515 843 1683 898 instar
1709 843 2008 899 arescentia

2130 848 2201 902 τὸν
2235 847 2427 920 χόρτου
2457 846 2614 918 δίκην
2643 845 3046 918 μαραινόμενον
3076 843 3185 898 τῶν
3209 841 3512 914 ἀνθρώπων
3533 842 3684 895 [παι-

451 947 532 1008 est
562 935 701 989 l‘eni:
729 934 843 988 haec
874 947 998 988 vero
1025 947 1139 988 eam
1169 941 1467 987 aversatur.
1493 929 1586 986 illa
1609 929 1827 986 maximi
1859 928 2011 986 ducit

2130 956 2220 1005 νον,
2256 940 2290 1011 η
2317 937 2373 992 δὲ
2407 936 2830 1007 ἀποστρέφεταιο
2855 938 2888 1006 ἡ
2926 935 3024 1008 μὲν
3052 935 3316 1005 μεγίστην
3343 934 3557 1003 ἡγεῖται
3586 931 3683 1002 τὴν

453 1027 790 1081 aberrantem
849 1024 1222 1092 labentemque
1273 1022 1415 1094 vulgi
1474 1022 1784 1092 opinionem
1819 1060 1835 1085 ,
1885 1020 2005 1076 haec

2130 1027 2533 1102 πεπλανημένην
2574 1029 2670 1082 καὶ
2709 1026 3061 1099 ἑσφαλμένην
3090 1025 3198 1080 τῶν
3228 1023 3441 1079 πολλῶν
3482 1024 3684 1095 ψῆφον,

448 1127 636 1173 contra
670 1115 800 1171 facit
848 1115 1075 1170 minimi.
1110 1113 1264 1181 Quod
1312 1129 1434 1169 cum
1483 1114 1558 1170 ita
1603 1115 1695 1182 sit,
1731 1113 2004 1170 sciscitari

2130 1125 2146 1194 ᾗ
2176 1123 2232 1176 δὲ
2259 1119 2671 1191 εὐτελεστάτην.
2702 1120 2826 1174 Ὀτι
2846 1118 2902 1172 δι
2920 1118 3075 1173 ταῦθ’
3096 1114 3270 1180 οὕτως
3293 1115 3429 1186 ἔχει,
3463 1113 3688 1188 ἔρεσθαί

445 1224 514 1264 ex
560 1219 614 1264 te
670 1207 821 1272 libet,
867 1205 995 1276 quid
1042 1206 1281 1261 aestimas
1330 1204 1521 1276 vulgus
1575 1205 1826 1260 virtutem
1857 1203 2009 1259 nihili

2130 1230 2176 1266 rs
2203 1212 2480 1284 βούλομαι.
2525 1211 2592 1265 Τί
2637 1211 2875 1282 νομίζεις
2919 1212 3044 1273 τοὺς
3091 1209 3318 1272 πολλοὺς
3343 1248 3359 1271 ,
3393 1203 3476 1272 οἷς
3513 1205 3687 1270 οὐδεὶς

449 1300 688 1363 ducens;
731 1295 870 1361 haud
919 1296 1077 1352 dubie
1133 1297 1284 1365 quasi
1342 1295 1538 1351 nullius
1585 1297 1741 1367 pretii
1791 1297 1896 1360 sit,
1948 1294 2012 1351 ac

2130 1303 2246 1374 περὶ
2274 1301 2476 1372 ἀρετῆς
2516 1299 2710 1369 λόγος;
2746 1298 2969 1370 εὔδηλον
2997 1300 3080 1353 ὅτι
3115 1299 3396 1370 ῥᾳθύμους
3417 1336 3433 1363 ,
3463 1297 3553 1352 καὶ
3591 1297 3689 1349 οὑ-

448 1389 744 1459 nrgligens.
773 1386 843 1444 Ut
867 1386 1009 1441 enim
1040 1384 1232 1454 vulgus
1256 1387 1322 1440 de
1361 1388 1580 1450 virtute,
1621 1386 1697 1442 ita
1723 1397 1775 1441 et
1807 1390 1872 1442 de
1899 1387 2013 1457 ipso

2130 1391 2262 1454 ςενὸς
2323 1389 2507 1458 ἀξίους
2559 1389 2739 1460 λόγου.
2804 1391 2984 1462 Ὅπερ
3031 1389 3140 1460 γὰρ
3197 1389 3354 1444 αὐτοὶ
3407 1387 3534 1458 περὶ
3585 1388 3689 1458 τῆς

2114 1482 2315 1554 ἀρετῆς
2380 1481 2749 1553 ψηφίζονται,
2803 1479 3142 1545 τοῦτοτοὺς
3210 1481 3412 1549 σοφοὺς
3478 1477 3691 1532 δίκαιον

2116 1575 2183 1629 ἀν
2213 1573 2300 1647 εῖη
2331 1575 2457 1645 περὶ
2487 1575 2666 1629 αὐτῶν
2709 1572 3063 1646 ψηφίζεσθαι.
3110 1573 3296 1626 Ἐλοιο
3323 1573 3529 1626 τοίνυν·
3567 1568 3698 1623 κατ’

448 1662 611 1734 igitur
663 1676 766 1716 non
817 1660 1101 1716 admodum
1155 1660 1436 1727 miserum.
1483 1662 1591 1717 imo
1630 1672 1683 1718 et
1732 1661 2012 1717 ridiculum

2130 1663 2358 1728 ἐκείνους
2402 1662 2653 1732 γενέσθαι
2708 1664 2810 1718 οὐκ
2847 1663 2914 1719 ἀν
2957 1679 3048 1733 μοι
3090 1663 3287 1726 δοκεῖς.
3325 1661 3448 1726 Πῶς
3488 1654 3584 1714 οὖν
3629 1659 3696 1714 οὗ

450 1753 614 1807 fuerit
677 1751 868 1807 horum
938 1751 1135 1806 sectari
1191 1751 1502 1821 opinionem
1553 1766 1783 1822 quorum
1842 1751 2014 1808 nolles
2050 1827 2067 1828 ί

2130 1755 2314 1828 κομιδῇ
2342 1753 2607 1825 σχέτλιον,
2639 1753 2842 1825 μᾶλλον
2879 1753 2936 1808 δὲ
2972 1752 3202 1823 γελοῖον,
3227 1751 3328 1824 τὴν
3357 1751 3563 1805 τούτων
3591 1747 3695 1819 θη-

450 1844 645 1900 similis
675 1843 900 1900 esselsi
934 1844 1136 1900 dixeris
1168 1843 1366 1900 multos
1391 1843 1446 1899 in
1475 1858 1582 1899 uno
1615 1844 2014 1900 consentientes
2047 1827 2086 1882 π

2130 1827 2315 1903 ιᾶσθαι
2348 1847 2530 1914 δόξαν,
2578 1840 2653 1903 ὧν
2680 1847 2783 1902 οὐκ
2829 1845 2894 1902 ἀν
2929 1845 3071 1900 ἕλοιο
3099 1845 3351 1915 γενέσθαι
3390 1841 3688 1915 παραπλή-

451 1935 559 1992 iide
595 1935 810 2005 dignam
870 1949 1035 2006 posse
1078 1943 1319 1992 statuere
1369 1935 1695 1992 sententiam
1726 1974 1741 2000 ,
1778 1935 2009 2006 idipsum

2130 1957 2273 2008 ειοςς
2303 1941 2352 1994 si
2382 1941 2441 1996 δι
2477 1937 2674 2012 φαίης,
2715 1938 2799 1993 ὃτι
2842 1938 2891 1993 oi
2923 1937 3109 1992 πολλοὶ
3146 1936 3290 1991 κατά
3341 1934 3533 1990 ταυτὸν
3581 1949 3704 1987 συν-

450 2026 656 2083 dixeris
698 2026 764 2082 de
816 2025 883 2082 iis
919 2027 988 2082 ob
1025 2040 1146 2096 qua:
1189 2041 1315 2081 vere
1354 2024 1691 2097 despiciendi
1739 2034 1881 2080 sunt.
1912 2023 2012 2093 Qui

2130 2032 2429 2102 ιστηκότις
2463 2031 2781 2102 ἀξιόπιστον
2807 2031 2988 2103 Ιχουσι
3013 2030 3112 2102 τὴν
3135 2029 3335 2100 ψῆφον·
3375 2026 3508 2081 αὐτὸ
3540 2023 3703 2079 τοῦτο

451 2117 595 2170 enim
642 2131 706 2170 ex
748 2129 807 2170 se
851 2116 950 2186 ipsi
979 2116 1333 2186 despicabiles
1378 2125 1526 2180 sunt,
1563 2116 1732 2171 multo
1769 2119 1938 2187 magis
1965 2118 2018 2170 id

2130 2121 2317 2186 λέξεις,
2348 2120 2415 2175 δι’
2441 2120 2470 2175 6
2507 2120 2962 2191 καταφρονεῖσθαι
2987 2117 3312 2188 ὀφείλουσιν.
3345 2117 3412 2170 Οἱ
3439 2115 3549 2186 γὰρ
3575 2111 3700 2166 καθ’

453 2218 596 2263 mter
649 2222 710 2264 se
766 2207 1039 2265 commissi
1109 2209 1400 2279 patientur.
1465 2207 1808 2279 Singulorum
1874 2210 2017 2264 enim

2130 2210 2350 2274 ιαυτοὺς
2391 2207 3060 2278 δντεςνιύκαταφρόνητοι,
3099 2203 3278 2276 πολλῷ
3323 2203 3524 2275 μᾶλλον
3566 2218 3709 2272 συγ-

453 2299 690 2354 amentia
753 2299 918 2355 simul
961 2299 1184 2354 collecta
1247 2299 1422 2370 major
1455 2298 1527 2354 llt'
1575 2315 1602 2354 a
1677 2299 2020 2356 multitudine

2130 2299 2479 2371 κρατηθέντες
2510 2299 2668 2354 τοῦτο
2695 2299 2992 2354 πείσονται.
3036 2297 3101 2351 Ἦ
3137 2295 3245 2366 γάρ
3284 2295 3514 2349 ἑκάστου
3545 2292 3706 2348 ἄνοια

447 1482 649 1536 sentire
694 1479 966 1550 sapientes
997 1492 1209 1548 aequum
1241 1479 1330 1533 sit.
1396 1476 1546 1548 Elige
1583 1478 1748 1550 igitur
1787 1497 1800 1534 :
1841 1478 2012 1533 haud-

447 1585 716 1642 quaquam
747 1585 776 1624 a
803 1569 940 1640 vulgi
976 1579 1127 1641 patle
1151 1580 1302 1624 stare
1323 1569 1452 1625 mihi
1489 1569 1707 1626 videris.
1738 1570 2014 1637 Quomodo

454 2391 700 2445 adaucta.
770 2389 1112 2461 Quapropter
1158 2400 1213 2446 et
1261 2392 1570 2462 singulatim
1620 2390 1852 2462 quisque
1898 2405 2017 2445 cor-

457 2480 703 2550 rigatur,
761 2481 807 2536 sl
868 2481 1086 2552 quando
1142 2481 1595 2550 deprehendatur.
1660 2479 1833 2537 Simul
1895 2495 2020 2536 vero

455 2571 775 2628 exsistentes
804 2573 1001 2644 corrigi
1059 2587 1168 2650 non
1194 2580 1442 2643 possunt,
1481 2588 1548 2629 eo
1588 2573 1731 2643 quod
1763 2573 1812 2627 in
1849 2571 2023 2641 majus

456 2663 744 2722 timentium
797 2663 1132 2735 provehant,
1177 2672 1232 2717 et
1281 2664 1479 2720 mutuis
1529 2663 1852 2734 applaudant
1910 2665 2025 2732 opi-

459 2753 731 2812 nionlhus.

2119 2386 2256 2460 όμοῦ
2285 2387 2635 2459 συναχθεῖσα,
2665 2387 2862 2458 μείζων
2891 2385 2997 2439 ὑπὸ
3021 2383 3115 2439 τοῦ
3147 2380 3383 2454 πλήθους
3406 2377 3706 2448 αὐξηθεῖσα

2121 2479 2349 2548 γίνεται.
2381 2479 2473 2532 Διὸ
2501 2481 2594 2533 καὶ
2619 2477 2741 2533 καθ’
2767 2479 2860 2532 ἕνα
2895 2478 2993 2549 μὲν
3022 2478 3086 2532 ἀν
3120 2492 3203 2540 τις
3224 2473 3405 2529 αὐτῶν
3432 2472 3526 2525 καὶ
3553 2469 3705 2541 διορο

2122 2570 2369 2636 θὼσειεν,
2393 2573 2442 2624 εἱ
2467 2569 2622 2625 λάϐοι
2655 2569 2785 2624 ποτέ
2812 2589 2823 2602 ’
2864 2568 3002 2639 ὁμοῦ
3023 2567 3080 2622 δὲ
3122 2566 3469 2638 ὑπάρχοντας
3511 2563 3613 2617 οὐκ
3636 2560 3705 2615 ἂν

2124 2659 2378 2730 δυνηθείη
2397 2700 2410 2721 ,
2447 2659 2536 2713 διὰ
2564 2658 2626 2712 τὸ
2659 2659 2758 2729 τὴν
2789 2659 2972 2712 ἄνοιαν
3002 2657 3094 2710 ἐπὶ
3118 2656 3177 2709 τὺ
3211 2654 3394 2726 μεῖζον
3422 2650 3702 2726 αἴρεσθαι.

2128 2754 2219 2805 καὶ
2241 2753 2361 2815 ταῖς
2390 2749 2520 2821 παρ’
2549 2750 2792 2822 ἀλλήλων
2820 2749 2996 2816 δόξαις
3029 2743 3463 2818 συγκροτεῖσθαι.

868 2860 1258 2919 CCCXXXVII.
1291 2892 1358 2902 —
1389 2860 1622 2921 EIDESI.

2606 2856 2772 2913 TAZ'.
2804 2887 2873 2899 -ρ
2897 2858 2984 2929 τᾳ
3030 2855 3231 2925 anu.

1254 2951 1532 3017 Φιλοδόξου
1572 2953 1667 3007 καὶ
1698 2950 1974 3017 κενοδόξου
2009 2948 2333 3019 (li/Terentia.
2369 2945 2535 3018 (Vide
2565 2947 2718 3016 epist.
2748 2946 2898 3016 ιιι.)

527 3059 725 3118 Gloria:
773 3061 1047 3118 studiosus
1104 3075 1209 3116 non
1267 3061 1406 3116 Idem
1463 3060 1638 3115 inanis
1703 3069 1787 3115 est
1843 3059 2024 3115 laudis

2199 3056 2324 3110 Οὐκ
2353 3053 2501 3109 ἔστιν
2519 3057 2548 3109 6
2571 3053 2844 3125 φιλόδοξος
2869 3051 3164 3117 κενόδοξοςο
3190 3054 3218 3107 6
3245 3051 3344 3122 μὲν
3372 3049 3481 3120 γὰρ
3506 3049 3716 3120 ἀρετὴν

459 3153 706 3222 cupidus.
728 3151 792 3206 Et
814 3152 900 3207 ille
923 3151 1138 3221 quidem
1161 3151 1414 3207 virtutem
1433 3165 1718 3216 exercens,
1741 3150 1828 3207 hic
1845 3159 2023 3207 autem
2051 3129 2092 3193 ο

2130 3143 2334 3210 ἀσκῶν,
2365 3145 2396 3199 6
2420 3142 2480 3197 δὲ
2511 3143 2585 3214 μὴ
2609 3143 2687 3215 (5)
2718 3142 2902 3195 ἀσκῶν
2931 3139 3089 3205 δόξαν
3122 3139 3356 3210 θηρᾶται
3377 3153 3392 3169 ’
3432 3135 3526 3190 καὶ
3553 3137 3582 3188 6
3610 3135 3716 3206 μὲν

462 3259 569 3299 non
631 3257 888 3298 exercens
947 3242 1171 3312 gloriam
1231 3253 1480 3297 venatur.
1535 3241 1604 3298 Et
1661 3242 1752 3298 ille
1809 3243 2028 3314 quidem

2130 3234 2232 3303 τῆς
2258 3233 2640 3306 προσηκούσης
2668 3272 2683 3298 ,
2712 3235 2741 3286 6
2772 3232 2828 3286 δὲ
2857 3231 2957 3302 τῆς
2992 3229 3304 3302 μηδαμόθεν
3355 3227 3503 3298 αὑτῷ
3542 3243 3712 3297 προσ-

461 3334 844 3399 convenienti,
903 3334 990 3389 hic
1063 3347 1191 3388 vero
1247 3333 1469 3389 minime
1517 3333 1619 3404 ipsi
1687 3333 2030 3390 convenienti

2130 3324 2374 3396 ηκοῦσης
2402 3323 2722 3393 ὑπολήψεως
2747 3321 2975 3392 ἐφίεταιο
3004 3323 3034 3375 6
3064 3321 3162 3390 μὲν
3191 3320 3377 3388 οίκείῳ
3407 3317 3594 3371 κάλλει
3629 3331 3722 3368 σε·

463 3425 673 3481 acccdit
696 3425 955 3496 opinioni.
982 3424 1206 3496 Propria
1238 3424 1325 3479 ille
1355 3425 1758 3506 pulchritudine
1782 3434 2031 3490 ematur,

2138 3415 2397 3488 μνύνεται
2418 3455 2433 3479 ,
2459 3415 2488 3467 6
2528 3413 2586 3467 δὲ
2613 3411 2875 3482 ἀλλοτρίῳ
2903 3409 3336 3475 καλλωπίζεσθαι
3373 3406 3623 3480 βούλεται
3646 3421 3659 3435 ·
3689 3408 3721 3458 6

464 3513 555 3569 hic
606 3528 733 3569 vero
793 3513 906 3568 vult
955 3514 1126 3570 aliena
1188 3513 1436 3569 decorari
1507 3511 1699 3570 forma.
1761 3514 1891 3571 Suis
1947 3514 2037 3570 ille

469 3605 740 3659 thesauris
769 3604 1087 3671 extollitur,
1149 3605 1235 3660 hic
1273 3605 1342 3660 iis
1381 3606 1471 3674 qui
1520 3606 1585 3660 ad
1643 3606 1815 3675 ipsum
1860 3607 2037 3661 minus

469 3695 795 3762 pertineant.
848 3694 945 3752 ille
994 3697 1208 3766 quidem
1258 3695 1406 3763 iuste
1438 3737 1454 3765 ,
1507 3696 1598 3753 hic
1643 3679 1783 3753 °vero
1840 3697 2038 3767 injuste

472 3785 723 3840 honorari
774 3795 1014 3857 exoptat.
1062 3786 1276 3842 Primus
1300 3788 1540 3857 quidem,
1577 3789 1792 3844 tametsi
1825 3803 1929 3843 non
1970 3789 2042 3844 sit

472 3874 748 3944 perfectus
780 3878 1105 3948 (exercenda
1149 3879 1293 3934 enim
1335 3879 1512 3935 virtus
1534 3887 1620 3936 est
1646 3887 1702 3936 et
1735 3895 1840 3936 non
1875 3895 2044 3950 expe-

477 3967 634 4021 tenda
667 3965 885 4038 gloria),
916 3968 1155 4024 secundo
1195 3978 1369 4024 tamen
1398 3968 1592 4025 melior
1625 3977 1730 4035 est,
1752 3979 1806 4025 et
1837 3977 2040 4040 tantum

476 4059 544 4112 ah
569 4071 634 4112 eo
667 4058 852 4126 distat,
885 4070 1144 4128 quantum
1177 4059 1292 4130 ipse
1329 4074 1359 4114 a
1393 4057 1632 4130 perfecto
1663 4058 1864 4116 deficit.
1903 4058 2042 4126 Quin

2139 3507 2239 3578 μὲν
2306 3508 2420 3569 τοῖς
2456 3504 3006 3574 οῖκείοιςθησαυροῖς
3051 3503 3193 3574 μέγα
3222 3503 3440 3572 φρονεῖ·
3469 3501 3498 3551 6
3525 3499 3579 3552 δὲ
3605 3499 3722 3561 τοῖς

2138 3593 2403 3667 μηδαμῶς
2425 3593 2574 3664 αὑτῷ
2601 3594 2986 3665 προσήκουσιν·
3013 3593 3042 3645 6
3065 3591 3164 3662 μὲν
3197 3589 3441 3653 δικαίως,
3474 3590 3502 3641 6
3520 3587 3576 3640 δὲ
3601 3585 3723 3640 ἀδί-

2137 3703 2251 3749 κως
2274 3683 2539 3756 τιμᾶσθαι
2564 3683 2832 3755 βούλεται·
2859 3686 2886 3738 6
2918 3682 3017 3754 μὲν
3051 3677 3144 3737 οὖν
3169 3681 3406 3754 πρῶτος,
3439 3681 3490 3733 εί
3520 3678 3616 3733 καὶ
3641 3676 3722 3749 μὴ

2136 3776 2340 3841 τέλειός
2369 3778 2486 3831 ἐστι
2518 3776 2656 3848 (χρὴ
2691 3777 2800 3846 γὰρ
2832 3779 2927 3830 καὶ⁷
2947 3775 3150 3847 ἀρετὴν
3183 3775 3396 3835 ἀσκεῖν,
3429 3769 3524 3825 καὶ
3561 3767 3726 3839 δόξης

2143 3869 2220 3943 μὴ
2248 3868 2603 3942 ὀρέγεσθαι),
2639 3869 2751 3922 ἀλλ’
2781 3865 2874 3924 οὖν
2917 3885 2978 3937 γε
3010 3867 3105 3921 τοῦ
3149 3867 3404 3937 δευτέρου
3455 3862 3727 3935 κρείττων

2143 3961 2259 4016 ἔστί
2283 3977 2295 3991 ·
2334 3962 2430 4015 καὶ
2467 3959 2720 4016 τοσοῦτον
2748 3960 2915 4015 αὐτοῦ
2969 3959 3128 4013 πλέον
3164 3959 3380 4029 ἀπέχει,
3409 3957 3442 4028 ἦ
3467 3958 3591 4010 ὅσον
3620 3951 3722 4006 τοῦ

2143 4053 2350 4107 τελείου
2406 4051 2567 4115 αὐτὸς
2617 4053 3008 4106 ἀπολείπεται*
3067 4050 3268 4122 μᾶλλον
3315 4048 3371 4102 δὲ
3421 4049 3471 4101 εί
3512 4045 3617 4118 χρὴ
3661 4044 3729 4099 τὸ

469 4146 652 4214 potius
685 4145 728 4200 si
763 4146 1066 4200 accuratius
1093 4161 1206 4200 rem
1231 4148 1412 4203 dicere
1437 4146 1686 4214 velimus,
1718 4161 1783 4201 ne
1803 4147 2043 4203 conferri

2145 4144 2372 4216 ἀκριϐὲς
2403 4145 2599 4208 εἰπεῖν,
2626 4144 2745 4197 οὐδὲ
2777 4142 3221 4215 παραϐάλλεσθαι
3249 4142 3386 4213 πρὸς
3419 4143 3624 4194 ἐκεῖνον
3659 4139 3730 4194 ἂν

478 4234 695 4302 quidem
729 4250 849 4288 cum
895 4234 986 4292 illo
1023 4236 1216 4306 dignus
1242 4245 1359 4303 est,
1397 4237 1486 4308 qui
1518 4237 1650 4292 nihil
1683 4238 1805 4292 boni
1849 4239 2042 4309 egerit,

2145 4236 2232 4308 ατη
2265 4238 2472 4301 δίκαιος
2493 4275 2511 4303 ,
2546 4237 2637 4290 τὸν
2679 4238 2844 4308 μηδὲν
2875 4235 2977 4304 μὶν
3010 4237 3295 4306 πράξαντα
3330 4233 3599 4306 χρηστὸν,
3627 4232 3731 4302 τῆς

481 4326 575 4378 sed
605 4323 828 4394 gloriam
862 4335 1037 4396 captet
1063 4327 1214 4396 quasi
1242 4328 1369 4397 quid
1397 4328 1586 4398 egerit,
1611 4327 1777 4400 662
1809 4332 1899 4383 sed
1923 4345 2043 4384 cum

2146 4330 2203 4384 δὲ
2230 4330 2323 4382 ἐπὶ
2354 4329 2434 4400 τῷ
2472 4329 2816 4398 πεπραχέναι
2848 4328 3338 4398 ἀντιποιησάμενον
3367 4325 3524 4396 δόξης
3543 4366 3558 4392 ,
3590 4323 3733 4379 ἀλλά

484 4413 576 4467 illo
603 4413 697 4482 qui
736 4424 790 4468 et
816 4414 1012 4482 aliquid
1058 4418 1310 4486 gesserit,
1342 4427 1395 4472 et
1422 4419 1644 4488 gloriam
1676 4435 1796 4488 qua:
1817 4435 1880 4475 ex
1907 4419 2046 4474 facto
2086 4487 2092 4489 _

2150 4418 2285 4489 πρὸς
2327 4420 2556 4482 ὶκεῖνον,
2589 4419 2682 4471 τὸν
2719 4417 2816 4470 καὶ
2847 4416 3167 4489 πεπραχότα
3190 4456 3205 4480 ,
3239 4414 3331 4470 καὶ
3365 4416 3465 4485 τῆς
3511 4415 3604 4468 ἐπὶ
3649 4412 3732 4485 τῷ

485 4506 729 4576 sequitur
769 4516 1098 4562 contemnat.
1428 4487 1444 4488 ﬁ
1698 4487 1704 4488 ί
2081 4487 2092 4539 l

2153 4487 2493 4579 πεπραχέναι
2525 4487 3014 4579 καταφρονήσαντα
3040 4487 3221 4577 δόξης.

876 4609 1290 4667 CCCXXXVIIL
1319 4641 1386 4652 --
1439 4611 1665 4666 EIDEM.

2624 4616 2798 4670 nun
2834 4647 2902 4656 --
2943 4618 3029 4688 τᾳ
3065 4615 3263 4684 arm.

1489 4703 1878 4775 Μεγαλοψυχία
1905 4715 1951 4760 et
1981 4707 2261 4778 φιλοτιμία
2284 4711 2408 4776 quid
2445 4709 2715 4775 ili/ferant.

563 4809 674 4867 Non
706 4822 810 4876 est,
846 4822 903 4864 ut
945 4811 1110 4873 ditis,
1160 4811 1380 4865 ambitio
1426 4812 1752 4881 honorisque
1787 4813 2055 4881 appetitus

2233 4813 2345 4866 Οὐκ
2388 4813 2499 4866 ἔστι
2539 4812 2910 4883 μεγαλοψυχία
2951 4816 2982 4883 ἡ
3022 4811 3328 4882 φιλοτιμία,
3371 4811 3445 4874 ὡς
3485 4808 3640 4880 ἔφης·
3698 4811 3734 4877 ἡ

493 4901 1183 4972 magnanimitasqumdam.
1215 4902 1334 4955 Ilaec
1358 4903 1498 4956 enim
1521 4902 1683 4955 ardua
1708 4901 2054 4971 diﬂiciliaque

2165 4903 2263 4972 μὲν
2292 4904 2400 4974 γὰρ
2432 4904 2609 4956 πάντα
2645 4903 2743 4974 μὲν
2771 4903 2838 4955 τὰ
2865 4903 3097 4974 δυσχερῆ
3133 4901 3396 4971 γενναίως
3415 4941 3430 4967 ,
3466 4899 3651 4954 πάντα
3679 4898 3739 4953 δὲ

497 5010 754 5067 generose
783 5034 797 5058 ,
869 5009 1092 5062 quaeque
1141 4994 1274 5046 alios
1322 4993 1503 5046 inﬂare
1555 4993 1730 5048 solent
1775 4993 2048 5048 moderate

2161 4993 2230 5048 τὰ
2269 4996 2396 5058 τοὺς
2433 4995 2626 5058 ἄλλους
2659 4995 2913 5062 φυσῶντα
2949 4995 3183 5065 μετρίως
3221 4993 3410 5061 φέρει·
3444 4992 3477 5062 ὴ
3508 4990 3565 5044 δὲ
3596 4989 3737 5062 πρὸς

501 5087 625 5142 l'ert.
671 5085 905 5138 Ambitio
932 5073 1157 5150 gloriam
1203 5085 1465 5139 duntaxat
1510 5087 1747 5153 reapicit.
1783 5085 2058 5156 Magnani-

2161 5084 2318 5149 δόξαν
2371 5087 2530 5155 μόνον
2574 5087 2696 5158 ὁρᾷ.
2751 5086 2861 5139 Καὶ
2918 5088 2950 5156 ὴ
2994 5086 3090 5155 μὲν
3135 5085 3385 5156 ἀρκεῖται
3431 5084 3598 5155 ἑαυτῇ
3638 5081 3738 5136 καὶ

502 5176 661 5229 mitas
692 5189 815 5228 vero
847 5165 947 5228 sibi
983 5172 1207 5240 snllicit,
1241 5175 1451 5227 tametsi
1487 5175 1728 5228 laudetur
1761 5191 1788 5228 a
1826 5177 2059 5231 nemine.

2165 5176 2392 5245 μηδενδς
2433 5178 2812 5240 ἐπαινοῦντος,
2851 5179 2881 5248 ἡ
2917 5177 2973 5229 δὲ
3015 5176 3109 5230 ἐὰν
3157 5178 3229 5248 μὴ
3265 5177 3364 5250 ἔχῃ
3396 5175 3521 5238 τοὺς
3555 5175 3738 5243 ἐγκω-

503 5264 595 5319 llla
625 5265 1064 5335 nisiJaudatorcs
1092 5267 1304 5331 haheat,
1333 5266 1403 5318 nil
1442 5266 1574 5320 recti
1599 5264 1748 5319 facit.
1774 5267 1894 5322 Haec
1923 5282 2063 5332 esse,

2166 5267 2487 5336 μιάζοντας,
2519 5269 2638 5322 οὐδὲ
2686 5270 2848 5324 καλόν
2895 5287 2944 5322 τι
2978 5270 3099 5340 δρᾷ.
3147 5269 3205 5323 ’11
3247 5270 3343 5339 μὲν
3392 5263 3566 5332 εἶναι,
3609 5267 3642 5336 ή
3677 5264 3736 5317 δὲ

504 5355 590 5409 illa
624 5369 751 5409 vero
779 5357 947 5410 videri
981 5357 1180 5426 optima
1216 5360 1382 5427 cupit.
1415 5357 1826 5428 Magnanimitas
1869 5360 2063 5412 bonum

2162 5360 2338 5412 δοκεῖν
2371 5361 2566 5433 ἀρίστη
2603 5361 2870 5432 βούλεται’
2906 5364 2938 5435 ἠ
2993 5363 3089 5429 μὲν
3137 5361 3204 5416 δι’
3239 5361 3372 5415 αὐτὸ
3410 5360 3472 5413 τὸ
3504 5357 3732 5428 ἀγαθὸν,

506 5445 678 5515 ipsum
706 5449 927 5515 expetit,
951 5448 1035 5501 illa
1066 5463 1193 5504 vero
1213 5449 1421 5503 lamlem
1445 5460 1650 5505 tantum
1671 5447 2061 5519 complectitur.

2166 5451 2198 5520 ὴ
2224 5450 2279 5504 δὲ
2309 5451 2396 5504 διὰ
2425 5453 2590 5524 τιμὴν
2616 5454 2937 5520 ἀσπάζεται·
2972 5457 3003 5501 ἦ
3035 5455 3131 5522 μὲν
3155 5453 3454 5526 εὐεργετεῖ,
3481 5451 3711 5522 μέγιστα

1592 5601 1823 5657 νΑΙῖΙίΕ
1861 5602 2242 5664 LECTIONES
2277 5607 2366 5665 ΕΤ
2415 5604 2645 5664 ΝΟΤᾸΕ.

587 5747 660 5821 (5)
689 5752 811 5803 Cliti.
844 5754 942 5805 .-\|l.
975 5754 1166 5805 mult'it
1205 5759 1294 5820 μία.
1329 5754 1541 5810 Γιὶςςικ.
