3992 6490
557 467 691 534 1535

1731 464 1792 524 S.
1833 461 2126 527 ISIDOPJ.
2162 462 2595 525 1’ELUSIOTJE

3627 464 3764 532 1536

552 580 903 650 quorumdam
961 577 1192 647 nequitia
1271 590 1389 630 eam
1445 573 1582 630 male
1641 575 1886 642 accipiat.
1967 572 2101 640 Quid

2207 570 2323 625 ἀλλ’
2351 572 2454 627 ὑπὸ
2481 573 2582 643 τῆς
2609 575 2764 627 ἐνίων
2792 574 3053 644 πονηρίας
3096 573 3264 646 αὐτὴν
3294 573 3528 640 κακίζει.
3562 577 3627 631 Τί
3653 580 3763 649 γάρ

554 674 694 722 enim
727 670 810 723 illa
843 669 1037 737 injuste
1065 670 1208 737 egit,
1239 669 1282 722 si
1315 667 1564 722 Zoslmus
1594 676 1641 720 et
1677 665 1882 730 Maron,
1918 677 1970 720 ut
2002 667 2102 730 ais,

555 772 714 830 atque
771 759 1088 814 Eustathius
1151 775 1255 814 non
1307 758 1549 813 audenda
1607 757 1890 822 audentes,
1949 763 2004 810 et
2045 769 2104 810 se

547 849 816 917 jactautcs
860 851 923 903 de
968 852 1052 912 iis,
1082 864 1305 919 quorum
1343 849 1544 917 pudere
1575 861 1671 916 par
1694 854 1859 906 esset.
1888 858 2104 900 omnes-

551 955 654 1008 que
685 939 898 1010 flagitiis
929 941 1236 993 nobilitatos
1263 939 1642 1000 obscurantes,
1669 944 1726 991 et
1749 935 1838 1004 qui
1871 948 1936 987 ne
1963 934 2103 987 inter

548 1029 716 1085 laicos
772 1032 983 1100 quidem
1041 1044 1160 1084 csse
1210 1028 1486 1091 deberent,
1521 1029 1573 1080 in
1607 1026 1749 1082 clero
1784 1022 2104 1078 videantur!

548 1120 655 1174 Cur
695 1136 798 1175 non
828 1121 896 1174 ob
927 1128 1073 1174 recte
1133 1118 1272 1174 facta
1319 1120 1520 1174 clerum
1561 1116 1851 1186 prmdicas,
1895 1119 1988 1170 sed
2031 1112 2102 1169 ob

549 1208 743 1263 delicta
787 1211 1063 1267 traducis?
1103 1211 1407 1279 viderisque
1453 1210 1747 1279 speciosam
1781 1215 2100 1262 consecutus

549 1299 809 1368 quietem,
836 1303 976 1371 quod
1007 1312 1228 1372 prepter
1259 1302 1378 1357 illos
1404 1302 1470 1355 ad
1505 1302 1894 1356 divinissimam
1923 1300 2098 1371 philo-

544 1390 784 1457 sophiam
815 1393 1138 1446 contendere
1167 1393 1438 1463 nequeas?
1462 1392 1516 1447 Si
1546 1407 1617 1447 ex-
1643 1393 1707 1446 iis
1723 1409 1842 1462 qnas
1872 1393 2098 1461 liquent,

543 1479 863 1533 sententiam
896 1479 1036 1535 ferre
1065 1494 1170 1534 non
1199 1480 1348 1546 libet,
1383 1483 1651 1550 negotium
1672 1497 1764 1551 per
1783 1497 1842 1536 se
1859 1482 2100 1552 expende

541 1576 706 1637 atque
735 1572 986 1640 explora,
1025 1573 1336 1642 videblsque
1373 1573 1527 1628 laude
1563 1574 1800 1642 dignum,
1850 1582 1905 1627 ut
1931 1583 1985 1628 et
2016 1573 2097 1627 di-

543 1658 828 1714 sertissimi
865 1671 1132 1725 oratores,
1177 1662 1243 1718 de
1272 1662 1360 1716 illo
1391 1662 1554 1717 verba
1587 1661 1782 1718 facturi
1815 1669 2101 1716 vereantur

539 1748 701 1802 etiam
732 1751 938 1805 laudem
973 1751 1088 1822 ejus
1117 1763 1425 1818 contexere,
1458 1769 1575 1825 quas
1607 1754 1774 1824 major
1803 1761 1904 1818 est.
1938 1767 2096 1821 (1³³³⁸⁸⁸

2203 664 2387 734 ἐκείνη
2425 664 2699 735 ἠδίκησεν,
2737 667 2786 718 εί
2815 665 3081 736 Ζὼσιμος,
3131 667 3223 719 καὶ
3269 665 3496 738 Μάρων,
3527 667 3602 730 ὡς
3629 669 3759 738 φὴς,

2207 754 2298 807 καὶ
2333 752 2629 819 Εὐστάθιος
2679 754 2960 824 ἀτόλμητα
2995 755 3325 826 τολμῶντες,
3375 756 3765 826 σεμνυνόμενοι

2202 858 2259 894 τε
2287 841 2372 911 ἐφ’
2395 838 2476 905 οἷς
2518 842 2944 912 ἐπαισχύνεσθαι
2993 842 3199 897 δίκαιον
3223 859 3237 872 ·
3273 844 3484 907 πάντας
3529 861 3587 897 τε
3618 845 3761 896 ἀπο-

2202 929 2508 1002 κρύψαντες
2563 935 2690 996 τοὺς
2724 932 2798 1002 (7)
2849 931 3016 1002 κακίᾳ
3066 932 3446 1004 βεσοημένους,
3499 933 3592 987 καὶ
3622 933 3764 1004 μηδὲ

2201 1018 2260 1072 ὲν
2289 1023 2399 1084 τοῖς
2419 1021 2625 1084 λαῖκοῖς
2666 1017 2803 1075 εἶναι
2856 1022 3157 1091 ὀφείλοντες
3183 1024 3264 1088 εἰς
3312 1023 3513 1094 κλῆρον
3540 1023 3762 1076 δοκοῦσί

2199 1127 2289 1175 τες
2344 1111 2443 1166 Διά
2498 1113 2550 1165 τί
2580 1112 2636 1165 δὲ
2670 1112 2744 1182 μὴ
2806 1112 2914 1165 ἀπὺ
2967 1113 3076 1166 τῶν
3121 1113 3527 1184 κατορθούντων
3587 1114 3763 1186 αὐτὴν

2200 1200 2613 1272 ἀνακηρύττεις.
2641 1200 2755 1254 ἀλλ’
2791 1202 2900 1256 ἀπὸ
2945 1203 3053 1256 τῶν
3095 1204 3396 1259 πταιόντων
3447 1204 3760 1277 διασύρειςς

2200 1290 2295 1345 καὶ
2318 1289 2494 1352 δοκεῖς
2537 1290 2890 1360 εὐπρόσωπον
2937 1291 3206 1364 ρᾳθυμίαν
3241 1294 3632 1365 τεθηρευκέναι
3661 1294 3762 1349 τοῦ

2204 1381 2280 1451 μὴ
2307 1380 2566 1435 δύνασθαι
2613 1382 2681 1435 δι’
2730 1383 2927 1446 αὐτοὺς
2995 1386 3061 1455 τῇ
3129 1385 3378 1459 θειοτάτῃ
3431 1385 3760 1457 προσελθεῖν

2200 1469 2485 1541 φιλοσοφίᾳ
2513 1486 2528 1536 ;
2569 1472 2619 1523 εἰ
2649 1471 2706 1524 δὲ
2742 1472 2803 1526 οὐ
2839 1471 3018 1542 βούλει
3051 1474 3159 1528 ἀπὸ
3206 1475 3314 1529 τῶν
3344 1475 3760 1546 διαλαμπόντων

2196 1559 2296 1629 τὴν
2319 1559 2497 1630 ψῆφον
2525 1563 2788 1632 ἐνεργεῖν,
2851 1563 2981 1618 αὐτὸ
3034 1565 3095 1618 τὸ
3149 1569 3380 1638 πρᾶγμα
3423 1567 3543 1622 καθ’
3595 1571 3763 1622 ἑαυτὸ

2199 1644 2486 1716 βασάνισον
2513 1663 2528 1679 ·
2563 1651 2658 1704 καὶ
2694 1652 2814 1722 ὕψει
2838 1653 2969 1707 αὐτὸ
2997 1655 3269 1711 τοσούτων
3291 1657 3527 1722 ἐπαίνων
3578 1657 3758 1725 ἀξιον,

2197 1738 2272 1803 ὡς
2300 1739 2395 1794 καί⁸
2420 1743 2546 1806 τοὺς
2575 1743 2694 1798 λίαν
2739 1748 3204 1818 ρητορικωτάτους
3252 1751 3625 1821 ἀπαγορεῦσαι
3645 1792 3661 1817 ,
3709 1753 3763 1805 εἰ

536 1845 597 1892 ut
635 1852 886 1896 sermone
923 1852 1082 1909 queat
1113 1837 1390 1912 explicari.
1444 1844 1598 1910 Quod
1627 1845 1671 1899 si
1702 1858 1876 1914 neque
1926 1842 2095 1910 ipsum

2195 1829 2432 1902 δεήσειεν
2459 1833 2620 1887 αὐτοῦ
2651 1836 2923 1907 ἐγκώμιον
2961 1838 3179 1908 ὑφῆναι.
3209 1839 3410 1903 Μεῖζον
3431 1841 3540 1912 γάρ
3586 1841 3760 1905 ἔστιν,

535 1927 736 1984 clerum
815 1945 1002 1987 censes
1066 1934 1452 2003 explorandum
1485 1974 1501 1998 ,
1577 1949 1750 2004 neque
1817 1935 1883 1988 de
1941 1933 2094 1988 bonis

2197 1921 2230 1993 ἢ
2258 1921 2334 1984 ὡς
2363 1924 2429 1976 ἂν
2452 1923 2592 1996 λόγῳ
2620 1903 2701 1988 τις
2731 1903 2892 1980 εἴποι.
2936 1903 3080 1981 EbG-ﬁ
3117 1929 3254 2000 μήτε
3279 1929 3409 1984 αὐτὸ
3561 1903 3763 1996 ὲξετάέ-

535 2022 861 2077 sententlam
913 2037 1012 2093 pro
1052 2024 1171 2094 ipso
1220 2025 1432 2090 tuleris,
1477 2025 1570 2081 sed
1610 2025 1678 2079 ob
1737 2024 2088 2093 quorumdam

531 2121 776 2178 peccata,
829 2113 1028 2169 audeas
1069 2115 1348 2180 damnare,
1383 2129 1488 2170 non
1529 2113 1676 2182 iuste
1727 2114 1943 2178 feceris,
1991 2127 2090 2168 nec

529 2197 743 2253 merito.
780 2200 836 2254 Si
868 2216 1005 2256 vero
1033 2201 1159 2256 illud
1191 2205 1479 2259 admittens
1523 2203 1818 2271 indigneris
1862 2202 1965 2255 illis
1992 2202 2084 2270 qui

528 2301 632 2341 non
680 2288 860 2344 debito
889 2294 1046 2346 modo
1095 2291 1189 2347 illo
1223 2302 1480 2358 utantur,
1531 2294 1794 2363 sapientis
1840 2307 1904 2346 ac
1959 2307 2088 2361 pru-

525 2378 699 2434 dentis
743 2381 845 2435 viri
903 2381 1113 2438 laudem
1144 2382 1388 2448 auferes,
1422 2384 1843 2455 delinquentium
1873 2397 2088 2438 errores

526 2469 592 2521 ad
627 2472 901 2540 negatium
946 2473 1208 2539 divinum,
1258 2486 1314 2529 et
1357 2475 1560 2545 justum
1593 2489 1700 2530 non
1734 2475 2014 2536 vertendo,
2042 2481 2096 2528 ct

527 2561 788 2616 ultionem
845 2566 1224 2633 consequendo
1268 2578 1489 2636 propter
1545 2566 1832 2622 amentiam
1882 2564 2092 2618 illorum

525 2651 616 2719 qui
653 2651 922 2722 illegitime
955 2655 1085 2709 illud
1131 2657 1531 2725 aggrediuntur.

624 2759 939 2818 CCCXLIH.
971 2795 1040 2805 —
1069 2764 1442 2821 THEODORO
1477 2762 1979 2845 SCHOLASTICO.

2195 2029 2370 2077 σειας,
2400 2017 2538 2086 μήτε
2572 2017 2637 2069 ὲκ
2661 2016 2770 2070 τῶν
2794 2018 3096 2090 εὐδοκίμων
3132 2022 3280 2092 αὐτῷ
3310 2022 3593 2093 ψηφίσαιο,
3642 2025 3762 2078 ἀλλ’

2193 2103 2259 2157 ὲκ
2289 2105 2396 2157 τῶν
2425 2105 2722 2160 πταιόντων
2754 2109 2977 2164 κακίσαι
3023 2112 3373 2183 τολμήσειας,
3411 2113 3534 2168 οὔτε
3567 2114 3762 2170 δίκαια

2193 2197 2498 2267 ποιήσειας,
2529 2195 2652 2250 οὔτε
2687 2199 2892 2254 εἰκότα.
2926 2201 2988 2254 El
3036 2202 3091 2255 δὲ
3124 2204 3297 2257 ἐκεῖνο
3337 2205 3758 2276 ἀποδεχόμενος,

2193 2286 2552 2358 άγανακτοίης
2584 2288 2864 2342 κατάιτῶν
2896 2292 2957 2345 ού
2987 2292 3211 2358 δεόντως
3255 2294 3403 2366 αύτῷ
3436 2296 3758 2366 χρωμένων,

2195 2378 2527 2450 εὐγνώμονος
2553 2381 2647 2444 καὶ
2673 2382 2933 2453 φρονίμου
2963 2385 3154 2456 ἀνδρὸς
3181 2386 3427 2450 ἀποίσεις
3457 2388 3637 2453 δόξαν,
3675 2389 3756 2461 τῷ

2197 2468 2272 2539 μὴ
2306 2471 2375 2522 τὰ
2401 2469 2510 2522 τῶν
2558 2471 2855 2524 πταιόντων
2902 2472 3348 2546 πλημμελήματα
3400 2479 3480 2541 είς
3518 2481 3758 2550 πρᾶγμα.

2192 2560 2416 2629 τρὲπειν
2449 2559 2591 2613 θεῖον
2637 2561 2731 2614 καὶ
2778 2561 3003 2630 δίκαιον,
3051 2567 3144 2619 καὶ⁵
3189 2567 3520 2639 ἐκδικήσεως
3570 2573 3760 2641 τυχεῖν

2190 2648 2279 2702 διά
2307 2649 2406 2721 τὴν
2435 2649 2543 2702 τῶν
2564 2651 2895 2722 παρανόμως
2919 2654 3049 2708 αὐτὸ
3075 2646 3368 2725 μετιόντων
3399 2662 3724 2731 παράνοιαν.

2423 2755 2601 2812 'I‘MI".
2631 2790 2698 2800 —
2727 2761 3028 2832 ΘΕΟΔΩΡῼ
3058 2764 3511 2837 ΣΧΟΛΑΣΤΙΚῼ.

1359 2860 1523 2914 Bonis
1547 2876 1685 2926 sape
1712 2876 1804 2913 cur
1838 2857 1974 2912 male
2002 2857 2070 2910 ait
2099 2867 2116 2906 :
2144 2852 2319 2920 major
2343 2859 2400 2904 ut
2439 2851 2610 2919 gloria
2641 2851 2901 2908 obveniat.

593 2943 833 3004 Virtutes
884 2965 1068 3007 eorum
1122 2953 1212 3022 qui
1268 2955 1320 3007 in
1375 2955 1713 3009 calamitates
1772 2955 2083 3008 inciderunt

521 3035 745 3092 aﬂ'ectus
769 3038 944 3094 solent
969 3042 1378 3110 conduplicare.
1422 3044 1644 3112 Indigna
1670 3043 1812 3096 enim
1865 3043 1934 3097 iis
1963 3058 2080 3112 quze

519 3146 638 3183 rum
655 3130 812 3184 laude
831 3142 1111 3200 gesserunt
1139 3131 1412 3201 patiendo,
1444 3134 1718 3188 audientes
1742 3144 2075 3202 comparant,

518 3229 579 3275 ut
629 3223 861 3276 maximo
908 3221 1094 3276 dolore
1149 3223 1492 3292 impleantur.
1541 3223 1678 3280 llinc
1718 3237 1772 3279 et
1810 3227 2086 3296 tragmdize

518 3313 1043 3367 commiserationem
1102 3313 1302 3381 eiulatu
1343 3316 1635 3379 concitant,
1685 3318 1808 3372 dum
1855 3318 2086 3388 optimos

521 3401 861 3458 intoleranda
910 3405 1171 3472 patientes
1225 3405 1503 3460 inducunt.
1564 3405 1668 3462 Sed
1718 3409 1815 3462 ista
1869 3410 2084 3477 quidem

518 3493 658 3562 apud
709 3494 827 3548 illos
855 3496 1215 3562 celebrentur,
1269 3497 1357 3566 qui
1409 3500 1670 3554 hactenus
1704 3500 1807 3556 hoc
1847 3503 2085 3566 modulo,

519 3583 748 3639 humana
783 3587 997 3654 negetia
1030 3587 1344 3641 metiuntur.
1379 3587 1631 3657 Ignorant
1658 3592 1801 3645 enim
1827 3593 1894 3646 ob
1917 3606 1978 3645 ea
2016 3606 2076 3647 se

518 3674 720 3740 dolere,
746 3685 964 3746 propter
990 3690 1109 3746 qua:
1139 3676 1309 3731 laetari
1335 3680 1538 3735 deceat.
1569 3679 1735 3755 665
1756 3679 1867 3740 Nos
1895 3690 2072 3738 autem

516 3763 606 3833 qui
640 3765 704 3819 ad
737 3765 878 3819 aliud
917 3767 1036 3824 vitae
1077 3767 1377 3827 institutum
1430 3774 1626 3829 mentis
1669 3775 1854 3831 oculos
1883 3777 2076 3832 merito

513 3854 815 3928 dirigimus,
875 3870 1023 3915 certo
1079 3862 1280 3918 scimus
1335 3865 1563 3932 probos,
1620 3867 1664 3920 si
1716 3866 1842 3935 quid
1915 3882 2078 3936 grave

516 3949 832 4016 patiantur,
950 3953 1365 4023 haudquaquam
1430 3955 1918 4020 commiseratione,
1983 3957 2079 4013 sed

515 4039 704 4095 faustis
735 4042 1002 4097 ominibus
1034 4059 1097 4098 ac
1137 4045 1401 4113 praeconio
1425 4045 1613 4114 dignos
1635 4061 1772 4102 esse.
1806 4046 2073 4104 Illustrio—

514 4142 602 4183 res
659 4129 800 4184 enim
890 4132 1019 4201 ipsis
1098 4135 1162 4187 ad
1215 4133 1464 4188 virtutem
1531 4145 1860 4205 apparentur
1922 4136 2074 4190 home

511 4218 922 4276 existimationis
944 4236 1172 4278 coronae.

705 4306 1021 4365 CCCXLW.
1045 4338 1114 4350 —
1146 4308 1478 4366 ASCLEPIO
1508 4310 1890 4368 SOPIIISTIE.

2259 2945 2323 2999 Al
2358 2943 2458 3014 μὲν
2477 2943 2584 2996 τῶν
2613 2947 3050 3014 περιπιπτόντων
3079 2951 3198 3012 ταῖς
3227 2953 3527 3021 συμφοραῖς
3557 2952 3753 3022 ἀρεταὶ

2188 3034 2257 3089 τά
2291 3034 2437 3105 πάθη
2487 3035 2856 3099 διπλασιάζειν
2907 3036 3148 3094 εἰώθασι.
3202 3041 3291 3111 Τῷ
3321 3042 3429 3112 γὰρ
3451 3042 3645 3108 ἀνάξια
3674 3039 3756 3098 ὧν

2189 3124 2557 3198 κατώρθωσαν
2602 3125 2928 3181 πεπονθέναι
2968 3129 3096 3193 τοὺς
3152 3130 3533 3202 ἀκροωμένους
3568 3151 3752 3204 παρα-

2189 3215 2505 3280 σκευάζουσι
2553 3218 2812 3287 μεγίστης
2868 3219 3249 3290 ἐμπλησθῆναι
3299 3223 3496 3294 λύπης.
3536 3224 3628 3277 Διδ
3652 3227 3750 3280 καὶ

2184 3305 2241 3358 at
2272 3305 2569 3377 τραγῳδίαι
2590 3307 2680 3361 τὸν
2703 3302 2884 3363 οἶκτον
2909 3309 3288 3382 διεγείρουσιν,
3316 3315 3441 3367 ὅταν
3469 3315 3750 3387 ἀνήκεστα

2184 3397 2521 3461 πεπονθότας
2548 3399 2675 3462 τοὺς
2705 3400 2958 3472 ἀρίστους
3011 3403 3337 3472 εἰσάγουσιν.
3388 3405 3546 3460 Ἀλλά
3573 3407 3754 3464 ταῦτα

2187 3482 2285 3552 μὲν
2324 3487 2453 3554 παρ’
2492 3486 2719 3550 ἐκείνοις
2784 3487 3134 3556 θρυλλείσθω,
3167 3495 3279 3555 τοῖς
3326 3494 3426 3556 ἕως
3456 3495 3566 3548 τῶν
3617 3498 3746 3570 τῇδε

2183 3575 2491 3645 νομίζουσιν
2515 3571 2651 3630 εἶναι
2681 3577 2750 3630 τά
2778 3579 3095 3650 ἀνθρώπινα
3126 3585 3442 3656 πράγματα.
3472 3589 3748 3661 Λελήοασι

2189 3665 2299 3740 γὰρ
2354 3668 2436 3737 ἐφ’
2496 3662 2578 3734 οἷς
2633 3669 2855 3742 ἥδεσθαι
2918 3674 3194 3745 προσῆκον
3239 3673 3327 3747 ἦν,
3385 3679 3477 3731 ἐπὶ
3534 3680 3748 3746 τούτοις

2181 3758 2493 3830 ἀχθόμενοι.
2542 3762 2733 3831 Ἡμεῖς
2785 3762 2842 3815 δὲ
2888 3764 2937 3816 οἰ
2970 3764 3104 3834 πρὸς
3133 3765 3296 3838 ἀλλην
3326 3767 3441 3838 βίου
3468 3771 3748 3827 κατάστα-

2185 3864 2270 3900 σιν
2308 3848 2370 3901 τὸ
2412 3848 2566 3919 δμμα
2615 3850 2716 3919 τῆς
2765 3851 2945 3922 ψυχῆς
2991 3855 3216 3920 εἰκότως
3255 3855 3541 3924 τείνοντες,
3585 3863 3749 3932 ἴσμεν

2181 3935 2442 4007 ἀκριϐῶς,
2469 3940 2551 3992 ὅτι
2583 3939 2643 3992 ού
2668 3941 2761 3994 τοῦ
2787 3943 3165 4007 ταλανίζεσθαι
3193 3949 3242 4000 οἰ
3273 3949 3552 4021 φιλάρετοι
3580 3950 3742 4024 ἄξιοι,

2179 4027 2306 4081 ὅταν
2352 4046 2402 4081 τι
2443 4029 2656 4084 πάθωσι
2701 4031 2891 4097 δεινὸν,
2919 4033 3055 4088 ἀλλά
3074 4035 3165 4089 τοῦ
3199 4040 3600 4109 μακαρίζεσθαι
3645 4049 3747 4102 καὶ

2178 4117 2663 4188 ἀνακηρύττεσθαι.
2681 4124 3071 4196 Λαμπρότεροι
3093 4127 3202 4199 γὰρ
3220 4129 3403 4196 αὐτοῖς
3422 4133 3513 4186 διὰ
3533 4136 3746 4192 τούτων

2179 4209 2675 4275 κατασκευάζονται
2702 4213 2751 4264 οἰ
2782 4213 2883 4283 τῆς
2903 4215 3308 4287 εὐδοκιμήσεως
3333 4221 3612 4290 στέφανοι.

2467 4303 2642 4356 ΤΜΔ’.
2672 4330 2742 4343 -—
2768 4305 3118 4379 ΑΣΚΛΗΠΙῼ
3139 4309 3443 4385 ΣΟΦιΣΤῌ.

1589 4405 1661 4461 De
1693 4406 1952 4470 Sophiste:
1977 4413 2215 4467 oratione
2252 4414 2410 4469 libere
2426 4416 2659 4481 judicat.
3223 4421 3267 4459 *-

580 4510 708 4589 Legi
735 4525 892 4582 quam
911 4512 976 4567 ad
1001 4526 1082 4568 me
1098 4514 1396 4569 oralionem
1428 4515 1646 4581 misisti,
1670 4526 1722 4571 et
1738 4519 2060 4588 elegantiam
2099 4509 2142 4563 Ι)

2255 4525 2589 4597 Ἀνεγνώσθη
2616 4545 2710 4580 σου
2743 4533 2772 4584 ό
2802 4529 2977 4600 λόγος,
3010 4532 3067 4586 ὄν
3123 4552 3210 4604 μοι
3249 4536 3586 4602 ἀπέστειλας.
3628 4543 3740 4596 Καὶ

515 4616 633 4656 sum
667 4602 981 4656 admiratus.
1014 4601 1128 4656 Non
1156 4602 1390 4658 fefellisti
1432 4619 1516 4660 me
1559 4605 1811 4661 adulandi
1842 4606 2073 4662 artiflcio

2189 4614 2505 4684 Ιαυμασθεὶς
2555 4620 2656 4687 τῆς
2692 4617 3014 4691 δεινότητος,
3043 4601 3142 4675 οὐκ
3189 4623 3380 4689 ἔλαθες
3437 4627 3644 4698 κλέψας
3677 4635 3739 4686 τδ

513 4692 824 4760 occultans,
867 4702 926 4748 ut
979 4695 1158 4762 specie
1204 4695 1414 4748 consilii
1464 4695 1744 4765 scripsisse
1792 4697 2070 4753 videreris.

2171 4703 2552 4760 κολακευτικὸν
2624 4708 2702 4776 τῷ
2771 4709 2949 4764 δοκεῖν
3003 4712 3314 4784 συμϐουλῆς
3380 4721 3737 4791 προσχήματι

512 4783 649 4839 Nam
716 4801 836 4839 cum
867 4785 1195 4845 adulationis
1241 4787 1545 4857 opinionem
1601 4787 1794 4842 habeat
1838 4787 2073 4844 laudatio

2189 4797 2632 4886 ιυγγεγραφέναι.
2687 4799 2904 4872 Ἐπειδὴ
2949 4801 3057 4870 γὰρ
3081 4803 3238 4870 δόξαν
3294 4783 3736 4886 κολακείας-’ἔχει

513 4874 834 4943 potentium,
903 4874 1043 4929 aliud
1081 4885 1454 4944 argumentum
1506 4875 1727 4944 finxisti,
1779 4877 1920 4931 aliud
1959 4887 2070 4932 tra-

510 4964 693 5024 ctasti.
726 4964 860 5019 Nam
891 4967 1041 5034 quasi
1064 4968 1345 5022 ostendere
1362 4967 1542 5023 volens
1569 4982 1786 5023 causam
1813 4971 1881 5024 ob
1907 4984 2063 5039 quam

512 5066 668 5126 aptus
711 5067 857 5114 esset
883 5060 949 5113 ad
971 5059 1357 5129 imperandum,
1390 5061 1462 5114 ita
1496 5060 1851 5116 laudationem
1886 5062 2064 5115 absol-

2166 4883 2227 4936 τὺ
2256 4885 2495 4939 ἐπαινεῖν
2525 4887 2650 4951 τοὺς
2688 4890 2897 4958 μεγάλα
2937 4892 3282 4962 δυναμένους,
3336 4898 3503 4968 ἀλλην
3538 4883 3738 4958 ὑπόθε-

2175 4992 2256 5029 σιν
2303 4977 2626 5048 πεποίηκας,
2657 4981 2748 5032 καὶ
2777 4980 2942 5052 ἄλλην
2991 4983 3253 5055 εἰργάσω.
3302 4987 3387 5052 Ὠς
3423 4990 3532 5063 γὰρ
3561 4995 3738 5060 δεῖξαι

2172 5064 2489 5135 βουλόμενος
2550 5069 2648 5140 τὴν
2707 5071 2904 5138 αἰτίαν,
2967 5072 3035 5126 δι’
3095 5074 3163 5148 ἢν
3218 5078 3520 5152 ἐπιτήδειός
3585 5088 3737 5142 ἐστιν

511 5150 659 5205 νῑειῑ.
691 5150 920 5207 Mentem
948 5152 1128 5221 itaque
1157 5166 1261 5206 non
1292 5152 1636 5207 admittentes
1663 5166 1836 5208 artem
1866 5168 2056 5206 sumus

2189 5156 2438 5228 jyei’oflat,
2489 5159 2628 5213 οὕτω
2674 5160 2736 5213 τὸ
2772 5162 3043 5234 ἐγκώμιον
3079 5150 3420 5239 ἐπλήρωσας.
3453 5172 3563 5244 Τὴν
3593 5178 3738 5245 γνὼ-

513 5240 961 5388 Μωπὲἓὲχιν.
995 5363 1061 5376 -
1107 5332 1374 5387 DANIELI
1420 5331 1893 5389 PRESBYTERO.

2171 5264 2276 5318 μην
2313 5245 2405 5302 οὖν
2436 5251 2536 5304 οὐκ
2564 5250 2950 5322 ἀποδεξάμενοι
2972 5255 3069 5326 τὴν
3098 5258 3293 5330 τέχνην
3319 5261 3732 5339 ἐθαυμάσαμεν.

2407 5341 2588 5394 TME'.
2617 5371 2688 5380 —
2715 5342 2974 5398 AANIHA
3018 5347 3486 5425 ΠΡΕΣΒΥΤΕΡῼ.

917 5421 1059 5489 Quid
1087 5425 1140 5477 in
1170 5421 1450 5494 Evangelia
1477 5425 1546 5478 sit
1580 5441 1794 5494 regnum
1825 5424 1918 5479 Dei
1940 5435 1986 5479 et
2014 5441 2223 5496 regnum
2257 5428 2522 5483 cceforurn.
2544 5429 2718 5502 (Conf.
2747 5433 2894 5502 epist.
2932 5435 3056 5501 206,
3090 5436 3184 5492 lib.
3218 5441 3325 5513 ιιι.)

575 5508 714 5583 Quia
761 5529 1081 5586 cognoscere
1131 5518 1325 5573 avebas
1380 5518 1506 5586 quid
1559 5517 1629 5572 sit
1672 5517 1725 5571 in
1774 5517 2062 5588 Evangelio

2249 5521 2462 5592 Ἐπειδὴ
2490 5519 2761 5594 ἐζήτησας
2789 5525 3002 5594 μαθεῖν,
3022 5527 3076 5581 τί
3105 5528 3223 5584 ἐστι
3242 5532 3532 5595 ,ϐασιλεία
3557 5540 3733 5608 Θεοῦ,

1564 5633 1796 5691 VAle
1835 5633 2213 5705 LECTIONES
2249 5637 2337 5693 ET
2375 5628 2604 5696 NOTAE.

514 5746 852 5873 hlf'fynter
898 5749 1022 5813 τοὺς
1065 5761 1118 5807 et
1165 5752 1330 5823 κακίᾳ
1391 5763 1612 5824 uterque
1661 5754 1828 5810 codex
1881 5755 2067 5810 inserit

550 5855 561 5870 .
609 5857 622 5873 .
697 5832 859 5873 ossm.

550 5832 598 5872 πι
609 5857 622 5873 .
655 5832 859 5874 νοεδιιι.

2245 5754 2319 5830 (8)
2360 5754 2502 5830 Inter
2530 5755 2660 5810 αὐτὸ
2698 5757 3098 5830 ει-ὲξετάσειας
3134 5763 3294 5817 iidem
3328 5763 3587 5821 infindunt
3612 5758 3733 5822 καθ’

2174 5825 2328 5878 ἑαυτὸ
2357 5835 2409 5881 et
2437 5825 2580 5882 'vers.
2608 5836 2728 5896 post
2753 5828 2805 5896 6,
2839 5829 3084 5894 ἀποίσεις
3111 5833 3354 5888 scribunt
3388 5834 3627 5892 ἀποίσει.
3653 5837 3730 5894 le.
