3992 6418
229 354 344 419 1537
1021 341 1558 409 EPISTOLARUM
1600 327 1745 398 LIB.
1787 335 1852 398 ν.
1887 359 1958 371 ·-
1987 334 2226 396 EPIST.
2293 332 2649 394 CCCXLIX.’
3349 325 3486 393 i538

225 466 309 522 καὶ
354 463 656 530 ,ϐασιλεία
705 460 997 532 οὐρανῶν,
1046 453 1492 518 ἀντιεπιστέλλω,
1531 452 1614 505 ὃτι
1655 449 1800 513 τινὲς

1912 463 2121 519 regnum
2165 447 2278 510 Dei,
2308 456 2362 502 et
2396 463 2610 517 regnum
2647 441 2917 511 calorum,
2972 442 3275 512 respondeo
3321 453 3490 511 quos-

226 556 314 627 μὲν
357 556 562 608 οἴονται
611 553 736 621 τὴν
763 553 870 608 τοῦ
899 550 1046 606 Θεοῦ
1087 546 1308 620 μείζονα
1336 541 1474 598 εἶναι
1509 541 1606 596 καὶ
1649 541 1792 594 θειο-

1912 541 2025 596 Liam
2055 539 2265 609 opinari
2301 539 2391 594 Dei
2425 554 2638 609 regnum
2667 535 2841 607 majus
2874 550 2995 591 esse
3023 544 3189 604 atque
3228 531 3488 596 divinius,

222 624 387 716 τέραν,
421 645 600 714 τὴνδὲ
627 644 750 699 τῶν
779 641 1052 713 οὐρανῶν
1096 639 1355 693 ἐλάττονα
1385 635 1480 692 καὶ
1533 633 1793 687 καταδεε-

1912 631 2154 706 rte/orum
2190 645 2340 692 vero,
2371 631 2548 684 minus
2576 638 2740 698 atque
2765 626 2992 682 inferius
3020 626 3135 681 ilio.
3173 624 3326 680 Alios
3354 637 3488 678 vero

222 738 419 808 στέραν.
460 739 630 802 Τινὲς
654 738 709 791 δέ
737 754 870 808 φασι
904 735 1032 806 μίαν
1063 730 1232 803 αὐτὴν
1259 725 1424 785 οὖσαν
1459 725 1583 782 καθ’
1613 724 1794 797 ὕπαρ-

1912 721 2182 778 aﬂirmare
2210 737 2378 778 unum
2413 736 2534 777 esse
2569 723 2820 790 idemque
2847 733 3094 791 regnum,
3125 720 3338 772 diverse
3363 717 3490 770 licet

221 829 312 898 ειν,
371 829 652 902 διαφόρως
695 824 1140 898 ἐκπεφωνῆσθαι,
1191 822 1320 876 ποτέ
1376 819 1476 892 μὶν
1531 817 1643 872 ἀπὸ
1699 815 1795 874 τοῦ

1913 814 2234 884 eﬂ‘erantur,
2283 817 2553 871 interdum
2585 829 2614 868 a
2649 815 2757 869 Deo
2791 820 3050 884 regnante
3090 811 3316 876 ibidem,
3355 823 3491 863 non-

222 901 590 992 βασιλεύοντος
620 920 778 987 Θεοῦ,
823 918 954 972 ποτὲ
981 916 1036 970 δι
1072 914 1181 969 ἀπὸ
1213 911 1321 966 τῶν
1358 908 1794 981 βασιλευομένων

1912 903 2179 976 nunquam
2218 907 2287 962 ab
2335 905 2560 984 angelis,
2611 903 2808 975 quibus
2838 903 3138 986 imperatur
3181 901 3271 956 illo
3299 913 3488 970 regno,

219 1013 452 1082 ἀγγέλων
478 1032 540 1068 τε
565 1014 666 1068 καὶ
688 1013 862 1081 ἁγίων
896 1009 1205 1082 κληθεῖσαν.

1912 1007 1957 1056 et
1987 1015 2016 1054 a
2039 998 2244 1056 sanctis
2269 997 2576 1068 hominibus
2599 997 2679 1052 sic
2713 995 3033 1066 nuncupari.

447 1121 658 1188 TMG”.
675 1148 748 1161 —
771 1118 1022 1188 ΖΩΣΙΜῼ
1068 1112 1538 1184 ΠΡΕΣΒΥΤΕΡῼ.

2072 1105 2394 1164 CCCXL“.
2420 1135 2483 1146 —
2515 1103 2772 1162 ZOSlMO
2825 1103 3311 1162 PRESBYTERO.

1284 1208 1367 1262 Ad
1396 1209 1584 1261 bonam
1608 1211 1832 1259 mentem
1854 1200 2070 1262 inuitat.
2104 1216 2138 1254 α
2167 1199 2410 1254 libidine.

280 1321 338 1375 Et
369 1322 463 1376 καὶ
517 1319 592 1374 τά
646 1321 732 1390 ἐφ’
775 1313 973 1388 οἷσπερ
1023 1317 1184 1381 ἁλοὺς
1237 1315 1431 1388 πρώην
1462 1313 1788 1385 ἐκολάσθης,

1973 1311 2039 1370 Et
2069 1314 2116 1369 si
2134 1325 2362 1384 quorum
2385 1314 2667 1369 convictus
2691 1312 2840 1368 fuisti
2859 1327 3049 1384 pmnas
3064 1327 3236 1381 nuper
3251 1310 3490 1375 dederis,

217 1409 374 1463 νοσῶν
396 1407 742 1480 ἀγριώτερον
765 1403 920 1472 αὖθις
950 1407 1244 1479 ἐφωράθης
1268 1423 1284 1438 ο
1319 1405 1456 1460 ἀλλά
1482 1422 1546 1475 γε
1574 1406 1623 1459 εί
1648 1403 1791 1458 παύὲ

1912 1406 2114 1477 gravius
2140 1412 2405 1476 aegrotare
2438 1419 2499 1460 es
2543 1407 2740 1467 iterum
2783 1405 3186 1474 deprehensus,
3219 1418 3408 1458 verum
3443 1404 3493 1460 si

220 1501 322 1554 σοίο
350 1501 450 1572 τῆς
485 1501 712 1571 μανίας,
761 1500 1062 1572 θεραπείας
1099 1498 1265 1571 τεύξῃ
1294 1515 1308 1529 ο
1345 1499 1394 1552 εί
1430 1499 1487 1552 δέ
1528 1497 1790 1570 δυσχερές

1917 1496 2140 1551 nsauire
2171 1495 2407 1560 desines,
2439 1493 2706 1550 medelam
2742 1495 3114 1565 consequeris.
3146 1491 3243 1548 Sin
3275 1493 3493 1548 ditiicile

219 1605 292 1640 σοι
316 1587 556 1642 δοκεῖτὸ
581 1588 950 1658 ἀποφοιτῆσαι
993 1587 1092 1656 τῆς
1141 1585 1366 1653 κακίας,
1409 1583 1790 1657 χαλεπώτερον

1912 1589 1989 1645 ibi
2026 1590 2273 1644 videatur
2325 1588 2394 1642 ab
2433 1585 2784 1659 improbitate
2839 1587 3159 1653 discedere,
3219 1583 3494 1641 difﬁcilius

218 1675 343 1732 εἶναι
383 1681 603 1746 δοξάτω
637 1681 699 1735 τὸ
748 1681 849 1751 τῆς
888 1676 1162 1740 κολάσεως
1216 1676 1462 1748 μέγεθος.
1503 1676 1567 1729 Ei
1609 1675 1656 1729 δ’
1691 1675 1793 1729 οὐκ

1912 1681 2035 1750 quid
2063 1695 2186 1736 esse
2215 1679 2532 1735 existimato
2581 1678 2830 1750 supplicii
2883 1680 3229 1750 gravitatem.
3255 1676 3412 1745 Quod
3444 1676 3494 1732 si

215 1772 307 1824 οίει
339 1770 696 1836 κολάζεσθαι,
723 1769 892 1826 ἐννόει
922 1770 1046 1832 τοὺς
1068 1769 1186 1822 ἐκεῖ
1207 1767 1789 1841 τιμωρηθησομένους.

1912 1789 2005 1828 non
2035 1782 2196 1842 putes
2249 1781 2303 1827 te
2333 1771 2666 1843 puniendum
2697 1786 2839 1837 esse,
2888 1771 3066 1840 cogita
3109 1771 3177 1826 de
3205 1767 3274 1826 iis
3301 1771 3391 1841 qui
3419 1769 3495 1826 ibi

218 1864 275 1917 ει
299 1864 342 1917 δ’
371 1866 635 1929 ἀπιστεῖς
656 1865 771 1928 τοῖς
808 1863 1010 1927 ἐκεῖσε,
1040 1860 1137 1915 θέα
1158 1863 1286 1925 τοὺς
1318 1859 1599 1916 κάνταῦθα
1628 1858 1795 1914 κολα-

1912 1871 2164 1919 aeternum
2231 1861 2641 1917 cruciabuntur.
2700 1858 2854 1927 Quod
2907 1860 2953 1915 si
3013 1873 3120 1914 non
3179 1859 3370 1914 credas
3421 1855 3496 1912 ibi

218 1953 456 2020 σθέντας,
513 1957 615 2010 καὶ
653 1953 1055 2026 κολαζομένους
1082 1969 1098 1984 ο
1131 1954 1228 2008 καὶ
1275 1953 1573 2022 ἀνένεγκον
1604 1953 1671 2006 ἐκ
1696 1949 1794 2006 τοῦ

1912 1955 2231 2012 cruciandos
2273 1954 2329 2009 in
2350 1953 2528 2008 altera
2557 1953 2706 2020 vita,
2736 1954 2861 2008 vide
2908 1953 2961 2007 in
3000 1961 3144 2008 terra
3195 1952 3415 2021 punitos
3442 1958 3500 2006 et

216 2044 367 2116 βυθοῦ
398 2049 500 2120 τῆς
535 2047 848 2116 ἀσελγείας.

1912 2048 2229 2118 puniendos,
2255 2056 2307 2102 et
2341 2049 2530 2117 pedem
2562 2044 2696 2103 effer
2719 2060 2784 2101 ex
2817 2046 3078 2102 barathro
3109 2043 3370 2100 libidinis.

512 2157 694 2210 TMZ'.
734 2183 804 2196 -ι-
831 2155 1091 2229 ΔΛΥΠΙῼ
1125 2155 1496 2227 ΕΠΙΣΚΟΠῼ.

2147 2154 2590 2214 CCCXLVIL—
2622 2155 2856 2213 ADIPIO
2894 2153 3252 2212 EPISCOPO.

1358 2247 1615 2302 ’Δπόνοια
1639 2246 1779 2302 unde
1801 2248 1944 2306 dicta
1966 2261 2014 2306 et
2042 2250 2340 2305 Νουθεσία.

289 2355 512 2430 Ἐπειδὴ
543 2359 641 2412 καὶ
673 2359 707 2431 η
741 2356 972 2412 ἀπόνοια
1008 2361 1110 2430 τῆς
1163 2357 1512 2432 συμμετρίας
1553 2357 1647 2412 καὶ
1702 2358 1798 2412 τοῦ

1974 2359 2427 2432 Quandoquidem
2453 2359 2704 2429 ἀπόνοια,
2737 2360 2791 2417 id
2815 2369 2898 2416 est
2926 2359 3179 2423 amentia,
3197 2373 3226 2413 a
3257 2357 3415 2414 modo
3441 2367 3497 2414 et

219 2451 420 2514 δέοντος
463 2451 806 2516 ἐκπεσοῦσα,
835 2452 928 2506 καὶ
977 2451 1106 2518 άπο,
1150 2449 1421 2518 τουτέστι,
1468 2451 1667 2520 πόρῤω
1695 2448 1803 2505 τοῦ

1912 2453 2087 2508 debito
2138 2453 2428 2516 excedens.
2472 2461 2528 2508 et
2552 2451 2662 2507 άπὸ
2689 2451 2785 2506 τοῦ
2820 2450 2946 2516 νοῦ,
2994 2451 3047 2506 id
3096 2451 3425 2519 est,procul
3460 2466 3495 2506 α

217 2541 322 2597 νοῦ
347 2543 664 2613 γινομένη,
688 2541 754 2595 δι’
788 2541 817 2594 δ
845 2543 936 2596 καὶ
963 2543 1193 2597 ἀπόνοια
1210 2542 1450 2612 λέγεται,
1476 2540 1801 2606 ’ἀλαζονείαν

1912 2554 2075 2600 mente
2115 2546 2408 2611 sxsistens,
2468 2545 2613 2602 unde
2665 2556 2722 2602 et
2766 2545 2996 2600 ἀπόνοια
3029 2542 3234 2600 Graecis
3295 2541 3497 2599 dicitur

221 2633 532 2707 ἐργάζεται,
551 2633 652 2705 τὴν
677 2633 958 2688 νουθεσίαν
985 2621 1396 2708 παραληπτέον,
1416 2635 1565 2706 ἥπερ
1583 2633 1803 2706 εἴρηται

1912 2636 2223 2708 superbiam
2276 2637 2436 2707 parit.
2531 2636 2847 2702 Νουθεσία,
2912 2637 2964 2692 id
3014 2646 3148 2701 est,
3204 2635 3496 2690 admonitio

222 2727 363 2797 παρὰ
395 2725 497 2798 τὴν
535 2725 634 2779 τοῦ
661 2724 754 2779 νοῦ
785 2725 958 2783 θέσιν.
1010 2726 1165 2798 Τάχα
1218 2743 1337 2792 πως
1387 2727 1722 2791 ἀκούσαντες
1749 2727 1800 2780 oi

1912 2727 2210 2782 adhibenda
2233 2737 2316 2783 est
2345 2741 2466 2798 quae
2489 2727 2654 2782 etiam
2674 2727 2814 2783 dicta
2830 2725 3037 2785 Gre-cis
3053 2743 3085 2782 a
3110 2727 3306 2782 mentis
3326 2737 3505 2796 statu.

217 2816 460 2884 τοιοῦτοι,
523 2816 747 2871 nemo:
826 2817 1076 2888 καρδίαν,
1133 2820 1213 2884 είς
1289 2817 1798 2891 ταπεινοφροσύνην

1912 2817 2073 2874 Forte
2102 2818 2194 2889 qui
2246 2818 2474 2873 audiunt
2523 2819 2682 2886 tales,
2721 2819 2849 2874 hinc
2894 2833 2987 2874 cur
3013 2819 3080 2873 ad
3130 2818 3494 2874 humilitatem

219 2907 460 2980 ἁσμένως
497 2908 813 2980 βαδίσωσιν.

1912 2921 2036 2962 seen
2047 2923 2103 2960 re
2124 2905 2441 2977 disponunt.

495 3018 688 3073 mnu
719 3049 792 3062 —
821 3019 1150 3093 ΔΡΠΟΚΡᾼ
1181 3020 1494 3093 meum.
1676 3069 1688 3074 -

1979 3016 2146 3092 685
2176 3014 2540 3075 CGCXLVIII.
2565 3047 2638 3062 -—
2662 3015 3061 3076 IIARPOCRE
3099 3015 3424 3075 RIIETORI.

976 3132 1054 3188 De
1085 3134 1323 3191 docentis
1353 3134 1540 3205 Micio.
1572 3132 1730 3207 (ευρ.
1762 3132 1913 3204 epist.
1943 3128 2078 3191 7213,
2106 3127 2236 3192 235,
2258 3128 2388 3190 265.
2418 3127 2547 3194 265,
2578 3127 2729 3202 290.)

285 3237 408 3305 Τοῖς
427 3241 705 3313 δυσηνίοις
741 3239 1011 3312 μαθηταίς
1037 3239 1138 3312 (9),
1161 3234 1208 3294 ὦ
1239 3242 1495 3312 σοφιστά,
1528 3241 1621 3296 τὸν
1644 3241 1797 3313 χαλιο

1976 3225 2273 3306 Discipulis
2334 3235 2718 3303 refractariis,
2763 3253 2796 3292 ο
2853 3239 3121 3307 sophista,
3163 3239 3307 3298 velut
3344 3243 3501 3312 equis

219 3331 302 3386 νὺν
326 3334 420 3386 τοῦ
458 3331 628 3404 φόϐου
667 3331 857 3404 ὥσπερ
881 3333 1084 3396 πώλοις
1117 3332 1356 3405 ἔμϐαλλε
1386 3351 1400 3365 ·
1440 3333 1536 3388 καὶ
1578 3333 1800 3387 ἐπιστόο

1912 3327 2188 3383 indomitis
2220 3328 2434 3383 frenum
2471 3328 2684 3384 timoris
2710 3327 2894 3398 iniice,
2927 3340 3092 3402 atque
3121 3348 3215 3389 eos
3240 3336 3499 3402 capistra.

223 3424 339 3494 μιζε
392 3425 619 3490 αὐτοὺς,
673 3424 896 3479 ἐπειδὰν
921 3424 1204 3497 άγέρωχόν
1238 3441 1293 3478 τι
1347 3424 1442 3478 καὶ⁸
1489 3423 1642 3497 παρὰ
1697 3425 1798 3497 τὴν

1912 3419 2001 3474 ubi
2039 3419 2168 3488 quid
2219 3419 2481 3485 insolens,
2535 3431 2590 3476 et
2631 3434 2829 3492 praeter
2885 3424 3127 3481 habenas
3180 3428 3412 3495 egerint,
3443 3435 3503 3484 ut

221 3513 369 3585 ἡνίαν
405 3515 727 3588 πράττοιεν,
759 3515 846 3568 ῐνα
875 3517 969 3570 καὶ
1013 3516 1062 3570 οἱ
1094 3516 1300 3588 εὐήνιοι
1355 3514 1518 3570 πλέον
1564 3515 1799 3570 ἐπιδοῐεν

220 3607 349 3680 πρὸς
378 3605 607 3680 ἀρετήν.
636 3607 711 3662 Τὸ
739 3606 848 3681 γὰρ
881 3607 992 3663 τῶν
1020 3607 1202 3663 αὐτῶν
1239 3606 1527 3673 ἀξιοῦσθαι
1556 3607 1685 3670 τοὺς
1722 3605 1799 3679 μὴ

220 3699 286 3753 τὰ
313 3699 454 3754 αὐτὰ
490 3701 853 3772 πράττοντας,
883 3698 1234 3754 ἀτοπώτατόν
1255 3701 1393 3761 ἐστι,
1422 3699 1517 3752 καὶ
1541 3701 1608 3770 τῇ
1629 3700 1798 3770 ἀρετῇ

221 3790 498 3864 ἐμπόδιον.
528 3789 623 3853 Et;
661 3788 903 3860 ἀθυμίαν
931 3789 1040 3862 γὰρ
1063 3788 1351 3860 ἐμϐάλλων
1382 3789 1511 3853 τοὺς
1537 3789 1799 3860 ἀρίστους

222 3880 425 3950 ναρπᾷν
454 3876 893 3949 παρασκευάζει.
927 3877 1159 3950 Τρόπων
1177 3872 1270 3930 οὖν
1299 3877 1523 3946 μᾶλλον,
1560 3876 1594 3948 ἢ
1625 3875 1798 3946 λόγων

223 3970 526 4041 ἡγούμενος
575 3966 720 4024 εῖναι
763 3967 961 4023 σαυτὸν
998 3968 1316 4041 παιδευτὴν,
1357 3953 1582 4022 δείκνυε
1612 3969 1800 4033 αὐτοῖς

180 4116 187 4122 ,
221 4060 526 4132 ἀρχέτυπόν
553 4077 678 4116 τινα
709 4061 1034 4132 χαρακτῆρα
1057 4059 1151 4114 τὸν
1186 4061 1384 4134 σαυτοῦ
1421 4060 1535 4131 βίον
1556 4078 1571 4093 ο
1593 4059 1654 4114 οὐ
1688 4062 1798 4133 γάρ

225 4154 252 4206 ὁ
277 4151 434 4223 λόγος
467 4152 746 4216 τοσοῦτον,
772 4148 897 4206 ὅσον
918 4154 947 4206 ὁ
974 4151 1087 4222 βίος
1114 4153 1195 4216 είς
1227 4151 1429 4224 ἀρετὴν
1454 4153 1658 4222 ἐνάγει.
1699 4219 1710 4223 Α,

681 4257 863 4314 me.
895 4258 1076 4330 -τᾳ
1123 4251 1394 4358 “rei.

1909 3508 2080 3565 frenis
2122 3511 2227 3570 rite
2277 3523 2553 3581 parentes,
2604 3513 2725 3583 plus
2758 3517 2825 3568 ad
2869 3517 3126 3571 virtutem
3187 3519 3497 3589 proﬁciant.

1906 3599 2042 3656 Nam
2072 3603 2260 3660 eadem
2289 3601 2530 3658 tribuere
2559 3606 2623 3659 iis
2646 3607 2739 3676 qui
2791 3621 2897 3661 non
2945 3609 3132 3663 eadem
3169 3620 3354 3680 agunt,
3405 3611 3504 3664 ati-

1905 3690 2285 3746 surdissituum
2303 3702 2405 3756 est,
2433 3694 2757 3763 virtutisque
2778 3696 3248 3764 impedimentum.
3270 3699 3502 3756 Animos

1905 3782 2048 3836 enim
2081 3784 2412 3852 optimorum
2448 3783 2709 3851 dejiciens
2741 3799 2806 3841 ac
2840 3801 3194 3856 prosternens
3223 3800 3499 3861 torporem

1908 3873 2132 3930 inducit.
2174 3873 2546 3932 lnstitutorem
2594 3876 2759 3948 igitur
2797 3889 2848 3934 te
2883 3883 3058 3948 potius
3091 3898 3300 3956 morum
3335 3900 3499 3955 quam

1905 3979 2222 4021 sermonum
2253 3981 2376 4023 esse
2404 3976 2573 4034 ratus,
2601 3978 2743 4024 tuam
2779 3971 2883 4026 illis
2917 3973 3082 4030 vitam
3123 3978 3369 4040 ostende,
3403 3991 3499 4033 νο·-
3609 3995 3618 4001 ·

1904 4045 1987 4111 lut
2016 4057 2372 4128 archetypum
2423 4059 2538 4115 sive
2569 4062 2867 4131 exemplar.
2923 4061 3043 4119 Non
3096 4067 3240 4121 enim
3289 4075 3498 4123 tantum

1905 4147 2108 4214 oratio,
2138 4159 2402 4220 quantum
2432 4154 2537 4205 vita
2563 4155 2627 4206 ad
2660 4155 2912 4210 virtutem
2942 4156 3110 4214 ducit.

2369 4260 2686 4320 CCCXLIX.
2711 4293 2785 4308 -
2814 4265 3044 4326 EIDEI.

1440 4365 1712 4426 Erubescit
1747 4369 2000 4428 laudatus
2040 4371 2277 4427 humilis.

291 4476 412 4532 ὀτι
495 4476 635 4548 πρὸς
713 4475 843 4541 τοὺς
905 4474 1160 4541 ἐπαίνους
1236 4476 1500 4550 ἐρυθριᾷν
1553 4478 1798 4547 πέφυκα,

227 4570 370 4643 μάλα
423 4535 672 4642 άκρίϐέις
716 4535 838 4623 οἵδέ
884 4585 978 4623 σου
1017 4569 1052 4640 ἡ
1081 4535 1387 4634 παίδευσιςῖ
1443 4535 1651 4624 ,Ἢνίκα
1691 4535 1804 4642 γᾶρ
1835 4535 1880 4592 D

227 4661 360 4733 μετὰ
390 4661 502 4716 τῶν
539 4660 653 4714 σῶν
701 4659 973 4730 φοιτητιῖΝ
1013 4662 1258 4732 ἐντυχεῖν
1287 4663 1321 4732 ἠ
1333 4664 1424 4731 μίν
1456 4661 1804 4732 κατηξίωσας

225 4752 316 4805 καὶ
347 4749 622 4826 ἐρωτῆσαί
652 4766 706 4803 τι
729 4749 841 4803 τῶν
868 4750 1028 4821 ιερῶν
1073 4749 1308 4823 Γραφῶν
1332 4751 1659 4825 ἠϐουλήθης,
1687 4752 1801 4823 ἐγὼ

223 4840 277 4895 δέ
305 4837 462 4897 εἷπον
485 4841 561 4906 ὡς
593 4834 781 4895 οἷόντε
806 4835 896 4912 ἦν·
925 4840 988 4894 τὸ
1017 4841 1318 4912 τηνικαῦτα
1348 4843 1476 4914 παρ’
1509 4842 1665 4914 ὑμῶν
1701 4843 1801 4915 μέν

225 4933 413 5002 κρότος
441 4931 555 5004 (10)
582 4931 898 5003 ἐξεφοίτησε
925 4931 1019 4985 καὶ
1051 4930 1277 4986 ἐπαίνου
1318 4931 1523 5004 ῥόθιον.
1564 4931 1709 5003 Ἐγὼ
1738 4932 1797 4988 δέ

224 5018 363 5074 οὕτω
407 5017 761 5091 κατεπλάγην
821 5017 918 5072 καὶ
972 5015 1325 5089 ἠρυθρίασα,
1385 5018 1462 5083 ὡς
1507 5020 1602 5073 ἐπὶ
1661 5020 1798 5075 πολὺ

226 5111 437 5184 ἀχανὴς
495 5111 696 5180 μεῖναι.
760 5108 827 5163 Τί
867 5107 1068 5181 δήποτε
1125 5107 1308 5163 τοίνυν
1368 5108 1628 5172 ἐπαίνους
1673 5125 1804 5164 συν-

225 5202 355 5269 θεὶς,
387 5200 570 5272 πολλῷ
609 5199 708 5272 τὴν
733 5201 1013 5273 ἡμετέραν
1045 5200 1446 5271 ὑπερϐαίνοντα
1473 5200 1633 5268 ἀξίαν
1669 5201 1804 5256 ἐπέ-

226 5296 438 5360 οτιιλας
455 5313 473 5365 ς

1978 4477 2059 4532 Ad
2087 4476 2275 4535 laudes
2298 4479 2624 4538 erubescere
2652 4497 2738 4538 me
2761 4494 2954 4540 natura
2978 4485 3176 4552 solere,
3203 4488 3371 4559 probo
3405 4499 3496 4546 tua

1911 4568 2063 4623 novit
2110 4570 2424 4641 prudentia.
2459 4570 2593 4627 Cum
2626 4574 2770 4630 enim
2820 4590 3113 4635 occurrere
3162 4581 3316 4636 nobis
3367 4598 3494 4638 cum

1914 4660 2022 4716 tuis
2073 4662 2415 4719 auditoribus
2458 4664 2707 4736 dignatus
2760 4682 2821 4723 es
2880 4678 2935 4724 et
2985 4671 3114 4740 quid
3158 4672 3500 4745 interrogare

1906 4767 1938 4806 e
1969 4754 2144 4808 sacris
2178 4753 2400 4812 Litteris
2430 4756 2669 4820 voluisti,
2701 4773 2802 4828 ego
2847 4775 2976 4816 vero
3012 4763 3121 4816 dixi
3169 4766 3344 4833 quoad
3378 4767 3500 4836 ejus

1907 4839 2023 4896 fieri
2055 4842 2250 4912 potuit,
2276 4852 2403 4899 tunc
2425 4842 2647 4914 plausus
2668 4865 2696 4899 a
2731 4847 2882 4902 vobis
2915 4852 3184 4919 processit
3212 4852 3498 4925 laudisque

1907 4933 2138 4991 sonitus.
2165 4933 2456 4991 Perculsus
2483 4946 2660 4991 tamen
2695 4942 2768 4992 ita
2802 4936 2874 4994 fui
2904 4941 3211 5012 ruboreque
3237 4943 3494 5012 suffusus.

1909 5034 1968 5078 ut
2006 5022 2095 5080 diu
2121 5025 2370 5096 stupidus
2401 5025 2678 5083 haeserint.
2739 5027 2848 5086 Cur
2898 5031 3064 5102 igitur
3099 5034 3283 5090 laudes
3333 5038 3496 5093 ador-

1911 5128 2073 5182 naus,
2112 5129 2236 5188 qua:
2260 5117 2458 5175 merita
2512 5129 2703 5178 nostra
2727 5121 2887 5194 longe
2934 5125 3224 5197 excedant,
3257 5128 3500 5188 misisti?

1315 5451 1553 5508 ὙΑῐὶΙΑΕ
1595 5453 1984 5516 LECTIONES
2019 5458 2108 5519 ET
2145 5459 2384 5530 ΝΟΤΕ,

295 5611 370 5683 (9)
394 5610 499 5666 Pro
533 5607 803 5681 μαθηταῖς
845 5610 1006 5668 iidem
1040 5609 1200 5666 codd.
1243 5613 1446 5671 habent
1491 5618 1800 5687 φοιτηταῖς.

223 5679 542 5826 Passim
568 5749 761 5822 κρότος
780 5752 934 5810 codd.
968 5751 1092 5809 Vat.
1117 5755 1221 5810 650
1249 5762 1303 5810 et
1324 5754 1426 5810 Alt.
1452 5754 1634 5824 legunt
1651 5757 1792 5827 πρό.

1907 5632 2252 5746 ἔριοιιέετε.
2283 5633 2462 5696 antep.
2509 5625 2670 5696 epist.
2705 5626 2962 5693 ἐπαίνους
3007 5638 3060 5685 et
3107 5631 3330 5688 ἐπαίνου
3369 5650 3487 5690 mu-

1982 5711 1994 5744 l
2027 5733 2040 5746 .
2140 5732 2152 5746 .
