3992 6448
257 399 374 472 ιδιι

1107 401 1647 465 EPISTOLARUM
1685 401 1832 462 LIB.
1876 399 2288 462 V.-'EPIST.
2332 396 2621 460 CCCLIX.

3375 385 3516 454 1512

257 514 644 590 μακροθυμίαν,
702 515 804 590 τὴν
857 514 1053 588 μικρὸν
1089 514 1340 587 ὕστερον,
1378 517 1428 568 εί
1482 513 1560 586 μὴ
1618 530 1855 584 γνωσι-.

1944 512 2037 568 ius
2085 510 2429 569 tolerantiam
2480 509 2849 575 admiremini,
2892 524 3011 578 qua:
3039 515 3162 580 post
3203 505 3365 579 paulo
3407 503 3513 558 nisi

257 608 541 678 μαχήσειε,
592 610 853 674 τοιαύτας
913 606 1074 662 αὑτδν
1135 607 1577 680 είσπραξομένην
1631 607 1810 674 δίκας,

1920 603 2011 661 ille
2040 603 2329 674 resipuerit
2380 612 2563 660 tantas
2608 601 2757 659 brevi
2799 615 2991 672 pmnas
3054 600 3259 670 exiget,
3313 604 3373 651 ut
3421 594 3512 667 qni

254 698 321 761 ὡς
348 698 469 764 τοὺς
533 701 633 756 νῦν
685 699 1093 765 καταϐοῶντας,
1145 698 1244 771 τὴν
1299 698 1598 754 ἀδέκαστον
1645 697 1818 771 αὐτῆς

1944 709 2070 751 tunc
2137 695 2463 762 acclamant,
2518 694 2894 766 incorruptum
2930 693 3074 763 ejus
3103 691 3211 748 sint
3246 687 3511 760 judicium

254 790 574 864 ἀνακηρύξαι
594 793 794 866 ψῆφον.

635 905 806 962 ΤΝΖ’.
827 938 897 951 -
929 903 1086 961 ΤΟΙΣ
1115 905 1390 960 ΔΥΤΟΙΣ.

1923 784 2289 855 ρταξιίὶειιιυτί.

2384 899 2670 960 CCCLVII.
2695 931 2768 942 —
2793 898 3051 957 IISDEM.

1327 1016 1452 1073 Non
1477 1024 1554 1070 est
1590 1016 1729 1071 idem
1755 1015 1966 1087 jubere,
2008 1027 2058 1074 et
2097 1019 2418 1087 permittere.

313 1131 419 1187 Οὐκ
445 1132 562 1188 ἐστι
592 1135 787 1190 ταυτὸν
815 1136 1111 1204 κελεύειν,
1141 1136 1237 1190 καὶ
1258 1133 1345 1206 μὴ
1385 1133 1640 1189 κωλύειν
1657 1147 1672 1165 ⁶
1694 1132 1816 1188 οὐδὲ

255 1225 588 1293 χειροτονεῖν,
623 1224 718 1278 καὶ
758 1226 1084 1297 συγχωρεῖν.
1136 1224 1209 1278 Τὸ
1256 1222 1354 1293 μὲν
1381 1222 1491 1293 γὰρ
1542 1221 1618 1286 ὡς
1671 1219 1813 1287 δέον.

253 1312 481 1381 γίνεσθαι
533 1317 932 1386 προστάττεται
952 1333 966 1348 ·
1002 1317 1063 1372 τὸ
1087 1317 1144 1371 δὲ
1167 1315 1256 1371 διὰ
1284 1315 1383 1388 τὴν
1415 1314 1510 1368 τοῦ
1550 1312 1814 1380 αὐτεξου-

254 1405 357 1462 σίου
386 1407 725 1481 προαίρεσιν,
757 1403 792 1482 ᾔ
818 1409 879 1462 τδ
907 1409 1245 1482 ἀνθρώπινον
1269 1405 1608 1480 κεκόσμηται
1636 1406 1815 1478 γένος,

253 1503 623 1576 συγχωρετται.
664 1501 758 1572 Μὴ
799 1502 979 1557 τοίνυν
1035 1502 1144 1557 τῶν
1174 1499 1553 1573 ἀγοραξὼτων
1600 1499 1700 1570 τὴν
1739 1501 1819 1554 ίε-

1995 1129 2259 1186 Dim-runt
2292 1147 2423 1188 sane
2443 1131 2634 1202 jubere
2658 1139 2713 1188 et
2733 1130 3053 1202 permittere,
3083 1138 3142 1184 ut
3167 1136 3224 1185 et
3257 1127 3516 1186 ordinare

1925 1237 2086 1277 manu
2140 1223 2418 1292 imposita,
2461 1230 2517 1280 et
2560 1222 2812 1279 tolerare.
2873 1221 3008 1278 illud
3051 1222 3195 1278 enim
3243 1229 3328 1277 est
3371 1220 3516 1290 quod

1921 1322 2134 1380 Oportet
2167 1314 2304 1382 ileri,
2335 1314 2551 1385 jubere;
2573 1314 2678 1371 hoc
2707 1318 2844 1370 vero
2857 1322 3080 1385 propter
3110 1309 3325 1369 arbitrii
3353 1312 3518 1385 liber-

1925 1411 2112 1473 tatem,
2145 1420 2252 1476 qua
2281 1407 2540 1477 praeditus
2585 1405 2749 1462 homo
2799 1414 2902 1474 est,
2956 1406 3290 1476 permittere.
3342 1403 3521 1462 Nolite

1927 1497 2099 1567 igitur
2135 1513 2252 1563 eos,
2277 1499 2368 1568 qui
2417 1498 2722 1555 sacerdotia
2771 1507 3087 1556 mercantur
3128 1498 3435 1562 absolvere,
3463 1505 3521 1553 et

254 1591 489 1663 ρωσὺνην
542 1593 830 1663 ἀφέμενοι,
866 1592 956 1646 τὸν
1001 1592 1392 1666 συγχωροῦντα
1447 1590 1714 1646 αἱτιᾶσθε.
1755 1591 1819 1646 Εί

1944 1601 2052 1642 tum
2084 1589 2175 1658 qui
2200 1590 2418 1644 eosdem
2480 1590 2694 1650 tolerat.
2736 1604 3022 1646 accusare.
3054 1588 3335 1660 Siquidem
3371 1587 3517 1643 enim

255 1679 344 1750 μὲν
372 1680 479 1753 γὰρ
510 1682 804 1746 ἀνεύθυνος
840 1678 908 1755 ἦν
952 1685 985 1754 ἡ
1016 1683 1180 1756 ἀρχὴ,
1220 1683 1446 1744 είκότως
1501 1679 1820 1754 ι’δυσχεραί-

1930 1679 2215 1735 reddendis
2243 1680 2546 1737 rationibus
2578 1681 2847 1745 obnoxius
2893 1696 2999 1735 non
3050 1691 3197 1736 esset
3227 1682 3519 1751 magistra-

252 1787 376 1826 νιτε.
406 1772 470 1826 Et
491 1772 550 1826 δὲ
581 1772 854 1844 τοσαύτην
873 1775 1186 1827 ἀπαιτεῖται
1213 1772 1314 1844 τὴν
1360 1771 1518 1842 δίκην
1550 1772 1578 1823 ὁ
1612 1770 1819 1842 ταύτην

1950 1787 2035 1837 us,
2067 1774 2262 1827 merito
2298 1771 2680 1845 indignemini.
2713 1772 2771 1830 Si
2810 1789 2942 1831 vero
2975 1783 3245 1830 tantarum
3285 1771 3523 1844 postule-

252 1860 455 1930 διέπων,
497 1865 625 1919 ὅσον
679 1866 777 1919 καὶ
827 1868 926 1938 τὴν
954 1864 1122 1937 τιμὴν
1163 1864 1310 1937 ἔσχε,
1355 1864 1819 1936 καταθρηνεῖσθαι
1853 1865 1855 1917 l

1946 1883 2010 1922 ur
2034 1881 2314 1936 pinnarum
2348 1867 2456 1932 ille,
2492 1867 2583 1936 qni
2625 1880 2719 1922 eas
2752 1866 3063 1942 dispensat,
3110 1877 3372 1938 quantum
3419 1865 3520 1920 Ita-

251 1952 310 2008 ἂν
337 1955 418 2026 είη
444 1955 678 2023 δίκαιος,
725 1958 808 2011 ὅτι
841 1960 910 2031 τῇ
953 1957 1075 2030 Osi;
1112 1955 1470 2031 μακροθυμίᾳ
1509 1957 1588 2022 είς
1620 1956 1820 2021 κακίας

1944 1959 2044 2014 ›υἰι
2084 1958 2370 2025 honorem,
2402 1959 2584 2029 potius
2614 1957 3006 2028 deplorandus.
3028 1957 3170 2030 quod
3217 1957 3400 2015 divina
3430 1959 3527 2015 bo-

253 2046 443 2114 ὲφόδιον
473 2050 685 2120 ὲπεχρή
694 2066 850 2104 σατο.

477 2160 663 2213 TNH’.
687 2190 759 2201 —
800 2161 1050 2234 zostMp
1089 2149 1566 2231 ΠΡΕΣΒΥΤΕΡῼ.

1929 2052 2098 2106 nitate
2122 2051 2189 2106 ad
2215 2051 2416 2106 malum
2450 2050 2521 2106 sit
2542 2052 2768 2108 abusus.

2103 2159 2416 2219 CCCLVIII.
2453 2192 2526 2204 —
2555 2157 2812 2218 ZOSIMO
2847 2158 3342 2217 PRESBYTERO.

398 2270 671 2327 Bonorum
698 2274 930 2329 uirorum
968 2275 1258 2328 acerbiores
1291 2273 1714 2341 reprehensiones
1747 2289 1852 2328 non
1893 2274 2074 2346 inique
2107 2274 2376 2345 [arandum
2405 2273 2646 2345 (Confer.
2679 2274 2836 2340 epist.
2883 2271 3009 2339 378,
3042 2272 3170 2338 448.,
3204 2271 3358 2338 466.)

315 2383 370 2436 El
425 2384 522 2438 καὶ
562 2383 709 2457 πέρα
733 2384 846 2455 (11)
903 2385 999 2439 τοῦ
1044 2384 1256 2450 δέοντος
1298 2385 1491 2457 πρώην
1534 2384 1694 2456 ὤφθη
1733 2403 1823 2440 σοι

251 2476 492 2547 φορτικὸς
523 2478 623 2531 καὶ
675 2477 922 2549 ὲπαχθης
949 2479 979 2532 ὁ
1016 2480 1216 2542 παντὸς
1266 2479 1490 2532 ἐπαίνου
1521 2480 1817 2550 κρείττων,

261 2567 586 2640 Ἑρμογένης
610 2572 637 2624 ὀ
663 2569 986 2634 ἐπίσκοπος,
1018 2572 1454 2644 πληκτικωτέρῳ
1479 2574 1826 2645 χρησάμενος

1991 2386 2073 2444 Ne
2111 2388 2412 2460 indigneris
2447 2388 2551 2444 etsi
2584 2386 2786 2459 praeter
2816 2389 2910 2456 jus
2957 2403 3023 2444 ac
3059 2389 3318 2443 decorum
3349 2401 3523 2458 nuper

1926 2480 2024 2536 tibi
2061 2481 2211 2536 visus
2252 2482 2436 2551 gravis
2490 2488 2576 2536 est
2617 2490 2784 2551 atque
2831 2495 3118 2546 onerosus,
3152 2481 3300 2535 omni
3351 2479 3528 2550 major

1927 2574 2086 2632 laude
2124 2572 2497 2643 Hermogenes
2545 2571 2855 2642 episcopus,
2888 2572 3054 2645 637
3106 2572 3343 2627 mordaci
3397 2587 3526 2630 usus

249 2657 396 2730 λόγῳ,
429 2661 526 2713 καὶ
559 2660 777 2742 μακράν
801 2661 941 2715 κατά
967 2665 1069 2733 τῆς
1098 2662 1198 2732 σῆς
1233 2663 1507 2735 ῥᾳθυμίας
1536 2662 1829 2727 ἀποτείνας

1944 2667 2204 2729 oratione,
2240 2665 2566 2732 longamque
2609 2662 2840 2734 ignavias
2872 2671 2979 2718 tua:
3004 2663 3270 2719 adhibens
3301 2679 3528 2720 accusa-

248 2752 338 2822 τὴν
364 2752 720 2824 κατηγορίαν,
779 2753 856 2823 μὴ
908 2753 1265 2827 δυσχεράνῃς.
1323 2755 1386 2808 El
1429 2754 1529 2826 μὲν
1557 2755 1666 2827 γὰρ
1697 2754 1828 2809 αὐτὸ

1953 2756 2157 2812 ionem.
2191 2756 2247 2813 Si
2282 2758 2425 2810 enim
2454 2754 2556 2811 hoc
2594 2754 2773 2824 ipsum
2825 2754 3044 2812 fecisset
3068 2766 3122 2810 nt
3151 2763 3204 2810 te
3227 2757 3528 2811 contrista-

251 2840 421 2908 τοῦτο,
452 2842 698 2913 λυπῆσαί
749 2859 808 2895 σε
852 2843 1213 2914 προελόμενος
1245 2844 1424 2913 μόνον,
1451 2845 1516 2899 τὰ
1548 2844 1619 2898 σὰ
1649 2861 1828 2914 γεγω-

1944 2859 2015 2904 ret
2046 2849 2242 2913 solum,
2275 2857 2327 2902 et
2377 2857 2465 2900 tua
2508 2846 2679 2915 magis
2729 2845 3111 2915 proscinderet
3140 2847 3292 2913 vitia,
3331 2848 3529 2902 merito

251 2931 456 3004 νότερον
497 2932 911 3004 ὲξετραγῴδησε
947 2935 1116 2996 κακά,
1152 2936 1381 3001 εἰκότως
1428 2938 1826 3009 ἐδυσχέραινες.

1934 2941 2319 3013 indignareris.
2359 2939 2416 2994 Si
2446 2953 2576 2993 vero
2602 2939 2668 2994 ad
2701 2947 2848 2994 tuam
2883 2939 3056 2994 soium
3095 2949 3350 3010 spectans
3381 2940 3530 3003 utili-

251 3022 307 3077 Εί
347 3023 398 3076 δὲ
427 3025 568 3096 πρὸς
613 3024 674 3077 τὸ
703 3024 981 3097 συμφέρον
1037 3042 1119 3078 σοι
1161 3027 1321 3096 μόνον
1374 3026 1609 3097 βλέπων,
1640 3028 1740 3100 τὴν
1769 3027 1830 3081 ὲν

1944 3041 2101 3090 tatem
2138 3033 2318 3089 verbis
2354 3031 2426 3086 sit
2473 3045 2606 3087 usus
2642 3030 3015 3103 asperioribus
3044 3042 3097 3087 et
3124 3032 3356 3102 gratiam
3387 3047 3528 3102 prte-

250 3118 350 3179 τοίς
377 3117 560 3185 λόγοις
590 3119 767 3187 ἄωρον
802 3117 897 3170 καὶ
927 3118 1200 3187 ὲπιὸλαδῆ
1229 3119 1391 3192 χάριν
1419 3121 1698 3188 παρεῖδεν,
1741 3121 1830 3175 ἵνα

1944 3126 2128 3181 stando
2162 3134 2211 3179 te
2235 3123 2462 3190 isaserit,
2493 3137 2601 3193 quo
2631 3138 2718 3178 res
2744 3133 2864 3178 tuas
2901 3124 3223 3193 corrigeret,
3258 3123 3530 3192 siquidem

251 3205 314 3259 τά
336 3207 644 3279 πράγματα
697 3207 1040 3279 διορθώσεως
1079 3209 1238 3282 τύχῃ,
1283 3213 1332 3263 εί
1389 3211 1482 3264 καὶ
1521 3211 1596 3281 μὴ
1639 3211 1830 3267 ἀποδέ-

252 3297 433 3362 ξασθαι
456 3297 640 3368 βούλει
672 3300 773 3368 τῆς
831 3299 1042 3362 εὐνοίας
1099 3301 1283 3365 αὑτὸν,
1337 3301 1472 3354 ἀλλά
1518 3303 1829 3370 συγγνῶναι

249 3392 341 3461 τῆς
372 3390 648 3461 τοσαύτης
683 3391 1068 3462 φιλοστοργίας
1094 3390 1300 3456 δίκαιος
1324 3393 1389 3445 ἂν
1416 3394 1550 3462 εἴης.
1582 3395 1692 3447 Καὶ
1720 3394 1831 3466 γὰρ

251 3481 448 3553 σφόδρα
469 3481 730 3548 δέδοικεν,
766 3479 841 3553 μὴ
886 3479 1040 3552 παρὰ
1075 3480 1188 3554 (12)
1230 3483 1330 3552 τῆς
1363 3481 1514 3546 θείας
1542 3481 1823 3553 προνοίας,

251 3570 494 3627 οὕτωδιὰ
538 3571 636 3644 τὴν
666 3571 766 3642 σὴν
811 3572 1086 3643 ρᾳθυμίαν
1141 3575 1235 3627 καὶ
1268 3573 1468 3627 κακίαν
1506 3573 1826 3644 δυσφημου-

254 3665 436 3736 μένης,
481 3665 642 3730 δίκας
714 3664 848 3719 αὐτὸ
909 3665 1267 3736 ἀπαιτηθείη,
1322 3666 1397 3728 ὼς
1449 3665 1585 3736 μηδὲ
1644 3666 1830 3737 φωνὴν

254 3756 404 3826 ῥῆξαι
444 3757 727 3828 τολμήσας
753 3755 1004 3810 τοιούτων
1025 3756 1630 3827 δραματουργουμένων
1656 3772 1829 3826 τραγ-

255 3849 443 3919 ῳδιῶν.
476 3850 549 3902 ’Ἦ
579 3845 673 3903 οὖν
725 3845 932 3902 παῦσαι
953 3846 1184 3901 τοιαῦτα
1215 3847 1378 3920 δρῶν,
1411 3847 1444 3920 ἢ
1484 3848 1558 3920 μὴ
1597 3847 1832 3902 ἐπαιτιῶ

251 3942 367 4009 τοὺς
388 3943 490 4015 τὴν
528 3941 626 4012 σὴν
651 3939 1130 4012 καταθρηνοῦντας
1161 3940 1379 4012 μανίαν.

529 4055 704 4112 ΤΝΘ’.
728 4085 798 4096 -
828 4055 1080 4128 ΙΑΚΩΒῼ
1108 4055 1546 4128 ΔΝΛΓΝΩΣΤῌ.

1937 3217 2371 3274 benevolentiam
2420 3214 2538 3280 eius
2577 3216 2868 3271 admittere
2899 3215 3057 3282 nolis,
3101 3218 3196 3270 sed
3246 3215 3534 3286 ignoscere

1937 3323 1990 3369 te
2014 3313 2134 3384 ejus
2173 3312 2343 3367 amori
2375 3325 2586 3381 aequum
2628 3318 2734 3366 est.
2776 3307 2989 3364 Etenim
3029 3308 3186 3364 valde
3220 3323 3432 3369 vereor.
3465 3322 3533 3363 ne

1937 3405 2118 3461 divina
2179 3404 2546 3474 providentia,
2615 3410 2838 3472 propter
2870 3401 3062 3472 ignave
3093 3411 3256 3471 atque
3289 3401 3533 3470 improbe

1938 3498 2240 3551 traductam
2276 3495 2442 3550 vitam
2491 3507 2679 3564 poenas
2710 3497 2827 3558 des,
2864 3504 2921 3547 ut
2969 3509 3038 3548 ne
3077 3507 3261 3546 vocem
3314 3493 3533 3561 quidem

1941 3601 2106 3642 ausus
2137 3589 2354 3643 mittere
2389 3587 2459 3643 ob
2506 3586 2642 3643 tales
2673 3585 2974 3640 concitatas
3015 3586 3203 3640 turbas
3239 3584 3533 3640 factiones-

1939 3696 2062 3751 que.
2103 3680 2468 3747 Quamobrem
2529 3690 2624 3736 aut
2652 3682 2770 3736 haec
2824 3692 3045 3749 patrare
3081 3680 3287 3746 desine,
3338 3688 3429 3733 aut
3467 3693 3537 3733 ne

1939 3787 2037 3829 eos
2067 3787 2291 3829 accuses
2321 3773 2411 3844 qui
2448 3781 2591 3827 tuam
2637 3773 2922 3843 deplorant
2964 3772 3280 3828 amentiam.

2242 4055 2513 4114 CCCLIX.
2542 4086 2613 4097 —
2635 4054 2895 4113 JACOBO
2923 4055 3245 4114 LECTORI.

1197 4173 1362 4224 Deum
1386 4187 1489 4224 non
1510 4172 1729 4237 mutari,
1761 4187 1789 4226 e
1826 4173 1997 4227 sacris
2030 4181 2296 4229 ostensum
2333 4172 2571 4229 Litteris.

329 4287 392 4342 Ἦ
424 4287 550 4343 θεία
583 4288 680 4343 καὶ
716 4288 993 4362 ἀκήρατος
1043 4289 1138 4343 καὶ
1166 4289 1437 4361 ἀήττητος
1473 4288 1624 4356 δεξιά
1669 4289 1834 4343 ἀναλ-

253 4381 470 4446 λοίωτός
501 4384 620 4436 ἐστι
650 4380 786 4454 (15),
818 4382 914 4436 καὶ
941 4383 1028 4437 ἀεὶ
1066 4382 1209 4436 κατὰ
1235 4381 1303 4436 τὰ
1325 4381 1488 4450 αὐτὰ,
1529 4383 1622 4436 καὶ
1655 4382 1836 4437 ὡσαύ-

2015 4288 2206 4344 Divina
2244 4299 2300 4344 et
2331 4289 2644 4360 incorrupta
2693 4288 3007 4359 invictaque
3055 4286 3149 4342 Dei
3180 4287 3400 4342 dextera
3431 4287 3539 4342 im-

1945 4381 2222 4436 mutabilis
2273 4390 2356 4437 est
2405 4381 2595 4436 eadem
2647 4395 2868 4448 semper
2916 4379 3216 4449 eodemque
3258 4382 3417 4434 modo
3451 4380 3541 4434 ita-

259 4491 361 4537 τως
407 4475 548 4547 ἔχει,
587 4473 712 4529 οὗτε
763 4475 1047 4548 προκοπὴν
1088 4475 1450 4548 ὲπιῦεχομένη
1503 4475 1602 4546 τὴν
1646 4476 1738 4530 ἐπὶ
1775 4475 1838 4530 τδ

1944 4473 2098 4536 bcns,
2133 4487 2306 4543 neque
2332 4474 2725 4529 incrementum
2770 4472 2990 4541 capiens
3021 4472 3071 4525 in
3101 4469 3273 4538 majus
3304 4471 3538 4541 (summa

258 4570 506 4637 κρεῖττον
534 4583 547 4597 °
589 4567 870 4640 ἀκροτάτη
909 4568 1017 4639 γάρ
1048 4570 1195 4622 ἐστιν
1239 4569 1406 4638 ἀρετή
1432 4584 1447 4600 ο
1483 4565 1605 4621 οὕτε
1682 4584 1850 4637 μετα-

257 4659 414 4730 ϐολήν
443 4659 547 4731 τὴν
589 4658 683 4712 ἐπὶ
709 4657 779 4712 τὰ
806 4658 975 4730 χείρω
1001 4675 1015 4688 '
1050 4659 1110 4714 οὐ
1145 4660 1254 4732 γὰρ
1287 4654 1398 4712 οἷόν
1423 4675 1503 4713 τε.
1548 4658 1842 4714 Μεταδάλ-

256 4749 334 4805 λιι
365 4752 423 4805 δὲ
461 4750 559 4804 καὶ
599 4751 808 4805 ἀλλοιοῖ
849 4752 919 4807 τὰ
968 4750 1304 4824 βελτιώσεως
1333 4751 1585 4821 δεόμενα.
1618 4751 1711 4804 Διὸ
1751 4750 1845 4804 καὶ

261 4842 487 4914 Ψαλμὺς
531 4842 938 4914 Ρπιγέγραπται
996 4862 1014 4895 ι
1070 4843 1178 4897 τῶν
1238 4841 1774 4914 ἀλλοιωθησομένωνο
1816 4861 1836 4895 ι

258 4935 505 5003 τουτέστι
531 4976 546 5002 ,
576 4933 687 4989 τῶν
731 4935 1011 5007 βελτίωσιν
1061 4934 1480 5006 ὲπιδεξομένων,
1522 4936 1618 4988 κα)⁵
1673 4936 1750 4999 είς
1783 4934 1844 4989 τὸ

262 5029 507 5098 κρεῖττον
566 5028 662 5082 καὶ
727 5027 953 5098 ἄμεινον
1006 5027 1509 5098 ἀναχθησομένων·
1559 5029 1610 5080 εί
1659 5029 1844 5080 τοίνυν

255 5116 410 5178 ταῦθ’
443 5116 618 5182 οὕτως
655 5117 769 5188 ἔχει
795 5157 810 5182 ,
860 5118 962 5172 οὐκ
1003 5118 1118 5171 ἐστι
1160 5117 1502 5188 περισκελὲς,
1549 5119 1685 5190 ὅπερ
1716 5119 1845 5191 ἠθέ-

260 5206 430 5281 λησας
474 5209 689 5280 μαθεῖν,
737 5229 756 5262 ι
801 5209 1014 5282 Αὖτηή
1066 5211 1354 5276 ἀλλοίωσις
1399 5214 1498 5276 τῆς
1541 5210 1722 5276 δεξιᾶς
1751 5211 1845 5266 τοῦ

347 5369 395 5403 ⁸³
428 5368 572 5424 Psal.
599 5382 746 5435 mv,
787 5367 839 5422 1.
900 5368 945 5402 ⁸⁸
987 5367 1129 5425 Psal.
1177 5385 1336 5425 Lxxw
1362 5409 1377 5435 ,
1408 5371 1495 5425 li.

1953 4567 2098 4621 enim
2138 4566 2214 4621 vis
2233 4563 2379 4620 Deus
2405 4564 2535 4636 est),
2572 4580 2635 4621 ac
2668 4579 2735 4620 ne
2766 4565 2818 4618 in
2847 4563 3086 4620 deterius
3116 4563 3352 4633 quidem,
3395 4566 3539 4632 quod

1947 4657 2062 4713 fieri
2087 4657 2292 4728 nequit,
2321 4666 2582 4712 mutatur.
2606 4657 2920 4712 Abscedunt
2940 4656 3086 4710 enim
3115 4667 3167 4710 et
3195 4667 3537 4710 commutan-

1948 4758 2033 4802 tur
2055 4763 2176 4818 qnaa
2206 4750 2506 4804 mutatione
2537 4749 2797 4818 indigent.
2828 4746 2964 4802 Hinc
3005 4748 3168 4802 etiam
3196 4749 3433 4816 psalmus
3461 4747 3543 4803 sic

1947 4842 2242 4912 inscriptus
2280 4860 2294 4898 :
2345 4860 2364 4895 ι
2405 4841 2510 4897 Pro
2539 4842 2604 4896 iis
2633 4841 2724 4910 qui
2773 4841 3094 4896 commutati
3123 4839 3339 4903 sunt”,
3383 4858 3400 4891 ι
3438 4839 3541 4894 hoc

1947 4945 2031 4991 est
2062 4935 2152 5005 qui
2180 4935 2431 4991 meliores
2453 4935 2671 5002 redditi,
2699 4949 2799 4990 nec
2818 4934 3012 4992 melius
3033 4933 3340 4988 deterinsve
3357 4947 3541 4987 susce-

1948 5035 2166 5096 perunt.
2201 5027 2332 5094 Quae
2374 5041 2496 5082 cum
2529 5028 2600 5082 ita
2635 5027 2764 5094 sint,
2818 5042 2926 5081 non
2971 5034 3057 5081 est
3093 5025 3258 5081 nimis
3306 5024 3540 5089 diiiicile,

1951 5119 2092 5188 quod
2120 5135 2450 5192 cognoscere
2483 5120 2712 5191 optabas
2770 5135 2786 5174 :
2829 5137 2848 5171 ι
2889 5118 3016 5174 Haec
3058 5118 3289 5173 mutatio
3338 5118 3545 5172 dextra:

1951 5211 2166 5278 Excelsi
2199 5213 2268 5269 ".
2319 5231 2338 5266 ›
2375 5212 2492 5270 Non
2520 5214 2665 5285 quod
2693 5221 2958 5282 mutetur,
2994 5212 3085 5284 qui
3115 5220 3199 5269 est
3230 5209 3546 5267 immutabi-

1363 5524 1599 5582 VARIAE
1642 5525 2024 5584 LECTIONES
2060 5527 2149 5584 ET
2197 5527 2430 5589 NOTIE.
2483 5577 2518 5604 ,κ

360 5680 448 5823 Ηζ
479 5678 585 5736 Pro
612 5679 760 5753 πέρα
793 5679 977 5752 legunt
1017 5680 1168 5753 παρά
1196 5684 1352 5738 codd.
1403 5683 1587 5738 iidem.
1626 5682 1842 5739 Possm.

361 5751 426 5806 12
480 5751 647 5823 lidem
663 5753 875 5823 ΔιοΙΙιιηι
907 5753 1055 5823 παρά
1072 5757 1213 5823 quod
1240 5755 1291 5807 in
1323 5754 1469 5808 edito
1496 5763 1574 5809 cst
1607 5753 1842 5823 positum

361 5751 448 5823 12)
480 5751 875 5825 lidem_toilunt
907 5753 1055 5825 παρά
1072 5751 1213 5823 quod
1240 5755 1291 5807 in
1323 5754 1469 5808 edito
1496 5763 1574 5809 cst
1607 5753 1845 5823 positum

271 5819 406 5877 inter
430 5819 515 5893 μὴ
546 5832 600 5877 et
627 5820 746 5892 τῆς.
781 5821 856 5877 ιο.

1955 5684 2141 5811 manli.)
2170 5686 2310 5744 Ante
2354 5686 2471 5742 ἐστὶ
2514 5687 2671 5786 θθδῘλ
2713 5687 2834 5745 Val-
2890 5687 2996 5746 650
3041 5697 3094 5747 et
3135 5689 3248 5746 Alt.
3300 5683 3550 5748 inserunt
