  <div class='ocr_page' id='page_1' title='image "/cluster/home/n/w/nwhite01/storage/ocr_20150623/78/ien.35556001661065/780.png"; bbox 0 0 3992 6420; ppageno 0'>
   <div class='ocr_carea' id='block_1_1' title="bbox 186 361 310 434">
    <p class='ocr_par' dir='ltr' id='par_1_1' title="bbox 186 361 310 434">
     <span class='ocr_line' id='line_1_1' title="bbox 186 361 310 434; baseline 0.032 -4"><span class='ocrx_word' id='word_1_1' title='bbox 186 361 310 434; x_wconf 69' lang='grc'><strong>1545</strong></span> 
     </span>
    </p>
   </div>
   <div class='ocr_carea' id='block_1_2' title="bbox 980 312 2607 435">
    <p class='ocr_par' dir='ltr' id='par_1_2' title="bbox 980 312 2607 435">
     <span class='ocr_line' id='line_1_2' title="bbox 980 312 2607 435; baseline -0.001 -5"><span class='ocrx_word' id='word_1_2' title='bbox 980 312 1520 435; x_wconf 60' lang='lat' dir='ltr'><strong>EPISTOLARDM</strong></span> <span class='ocrx_word' id='word_1_3' title='bbox 1551 365 1699 427; x_wconf 87' lang='lat' dir='ltr'><strong>LIB.</strong></span> <span class='ocrx_word' id='word_1_4' title='bbox 1740 366 1809 427; x_wconf 83' lang='lat' dir='ltr'><strong>V.</strong></span> <span class='ocrx_word' id='word_1_5' title='bbox 1850 390 1923 404; x_wconf 94' lang='grc'><strong>-</strong></span> <span class='ocrx_word' id='word_1_6' title='bbox 1958 366 2198 428; x_wconf 82' lang='lat' dir='ltr'><strong>EPIST.</strong></span> <span class='ocrx_word' id='word_1_7' title='bbox 2240 366 2607 430; x_wconf 81' lang='lat' dir='ltr'><strong>CCCLXVII.</strong></span> 
     </span>
    </p>
   </div>
   <div class='ocr_carea' id='block_1_3' title="bbox 3307 376 3444 445">
    <p class='ocr_par' dir='ltr' id='par_1_3' title="bbox 3307 376 3444 445">
     <span class='ocr_line' id='line_1_3' title="bbox 3307 376 3444 445; baseline 0.007 -5"><span class='ocrx_word' id='word_1_8' title='bbox 3307 376 3444 445; x_wconf 59' lang='lat'><strong>1556</strong></span> 
     </span>
    </p>
   </div>
   <div class='ocr_carea' id='block_1_4' title="bbox 184 474 1748 553">
    <p class='ocr_par' dir='ltr' id='par_1_4' title="bbox 184 474 1747 553">
     <span class='ocr_line' id='line_1_4' title="bbox 184 474 1747 553; baseline -0.003 -20"><span class='ocrx_word' id='word_1_9' title='bbox 184 495 310 553; x_wconf 83' lang='grc' dir='ltr'>ματα</span> <span class='ocrx_word' id='word_1_10' title='bbox 331 477 424 530; x_wconf 77' lang='grc' dir='ltr'>καὶ</span> <span class='ocrx_word' id='word_1_11' title='bbox 455 477 791 549; x_wconf 76' lang='grc' dir='ltr'>πράγματα,</span> <span class='ocrx_word' id='word_1_12' title='bbox 829 475 919 532; x_wconf 78' lang='grc' dir='ltr'>καὶ</span> <span class='ocrx_word' id='word_1_13' title='bbox 949 479 1315 548; x_wconf 70' lang='grc' dir='ltr'><strong>ἐνθυμήματα</strong></span> <span class='ocrx_word' id='word_1_14' title='bbox 1358 474 1747 547; x_wconf 75' lang='grc' dir='ltr'>βασανίζουσα,</span> 
     </span>
    </p>
   </div>
   <div class='ocr_carea' id='block_1_5' title="bbox 1834 474 3452 553">
    <p class='ocr_par' dir='ltr' id='par_1_5' title="bbox 1855 475 3452 552">
     <span class='ocr_line' id='line_1_5' title="bbox 1855 475 3452 552; baseline 0.011 -26"><span class='ocrx_word' id='word_1_15' title='bbox 1855 477 2022 530; x_wconf 87' lang='lat' dir='ltr'><strong>verba</strong></span> <span class='ocrx_word' id='word_1_16' title='bbox 2051 475 2207 543; x_wconf 78' lang='lat' dir='ltr'><strong>juxta</strong></span> <span class='ocrx_word' id='word_1_17' title='bbox 2232 491 2297 530; x_wconf 86' lang='lat' dir='ltr'><strong>ac</strong></span> <span class='ocrx_word' id='word_1_18' title='bbox 2328 491 2435 542; x_wconf 88' lang='lat' dir='ltr'><strong>res,</strong></span> <span class='ocrx_word' id='word_1_19' title='bbox 2481 479 2827 549; x_wconf 85' lang='lat' dir='ltr'><strong>cogitataque</strong></span> <span class='ocrx_word' id='word_1_20' title='bbox 2873 482 3205 552; x_wconf 79' lang='lat' dir='ltr'><strong>espendcns,</strong></span> <span class='ocrx_word' id='word_1_21' title='bbox 3254 487 3319 541; x_wconf 84' lang='lat' dir='ltr'><strong>ad</strong></span> <span class='ocrx_word' id='word_1_22' title='bbox 3363 491 3452 544; x_wconf 80' lang='lat' dir='ltr'><strong>in-</strong></span> 
     </span>
    </p>
   </div>
   <div class='ocr_carea' id='block_1_6' title="bbox 177 567 1754 641">
    <p class='ocr_par' dir='ltr' id='par_1_6' title="bbox 177 567 1754 641">
     <span class='ocr_line' id='line_1_6' title="bbox 177 567 1754 641; baseline -0.006 -15"><span class='ocrx_word' id='word_1_23' title='bbox 177 572 261 626; x_wconf 77' lang='lat' dir='ltr'><strong>ttai</strong></span> <span class='ocrx_word' id='word_1_24' title='bbox 286 570 388 634; x_wconf 70' lang='grc' dir='ltr'>ἕως</span> <span class='ocrx_word' id='word_1_25' title='bbox 427 569 646 624; x_wconf 80' lang='grc' dir='ltr'><strong>ἀδύτων</strong></span> <span class='ocrx_word' id='word_1_26' title='bbox 675 568 932 641; x_wconf 81' lang='grc' dir='ltr'>χωροῦσα</span> <span class='ocrx_word' id='word_1_27' title='bbox 953 608 970 633; x_wconf 92' lang='grc'><strong>,</strong></span> <span class='ocrx_word' id='word_1_28' title='bbox 1011 568 1104 622; x_wconf 80' lang='grc' dir='ltr'>καὶ</span> <span class='ocrx_word' id='word_1_29' title='bbox 1146 569 1234 622; x_wconf 80' lang='grc' dir='ltr'>διὰ</span> <span class='ocrx_word' id='word_1_30' title='bbox 1271 568 1493 621; x_wconf 80' lang='grc' dir='ltr'>πάντων</span> <span class='ocrx_word' id='word_1_31' title='bbox 1540 567 1754 632; x_wconf 74' lang='grc' dir='ltr'>ἄγουσα</span> 
     </span>
    </p>
   </div>
   <div class='ocr_carea' id='block_1_7' title="bbox 177 653 1754 731">
    <p class='ocr_par' dir='ltr' id='par_1_7' title="bbox 177 653 1754 731">
     <span class='ocr_line' id='line_1_7' title="bbox 177 653 1754 731; baseline -0.004 -18"><span class='ocrx_word' id='word_1_32' title='bbox 177 663 266 730; x_wconf 77' lang='grc' dir='ltr'>τὴν</span> <span class='ocrx_word' id='word_1_33' title='bbox 290 659 542 731; x_wconf 73' lang='grc' dir='ltr'>ἔρευναν.</span> <span class='ocrx_word' id='word_1_34' title='bbox 593 657 773 727; x_wconf 81' lang='grc' dir='ltr'><strong>Πολλὴ</strong></span> <span class='ocrx_word' id='word_1_35' title='bbox 827 657 882 711; x_wconf 75' lang='grc' dir='ltr'>δὲ</span> <span class='ocrx_word' id='word_1_36' title='bbox 917 658 1012 711; x_wconf 77' lang='grc' dir='ltr'>καὶ</span> <span class='ocrx_word' id='word_1_37' title='bbox 1059 656 1217 728; x_wconf 86' lang='grc' dir='ltr'>ήμῶν</span> <span class='ocrx_word' id='word_1_38' title='bbox 1260 659 1294 729; x_wconf 83' lang='grc' dir='ltr'><strong>ή</strong></span> <span class='ocrx_word' id='word_1_39' title='bbox 1343 656 1598 727; x_wconf 78' lang='grc' dir='ltr'>ἀμέλεια.</span> <span class='ocrx_word' id='word_1_40' title='bbox 1645 653 1754 707; x_wconf 81' lang='grc' dir='ltr'><strong>Καὶ</strong></span> 
     </span>
    </p>
   </div>
   <div class='ocr_carea' id='block_1_8' title="bbox 176 748 1755 820">
    <p class='ocr_par' dir='ltr' id='par_1_8' title="bbox 176 748 1755 820">
     <span class='ocr_line' id='line_1_8' title="bbox 176 748 1755 820; baseline -0.002 -16"><span class='ocrx_word' id='word_1_41' title='bbox 176 750 334 804; x_wconf 78' lang='grc' dir='ltr'>ταῦτα</span> <span class='ocrx_word' id='word_1_42' title='bbox 361 751 614 816; x_wconf 81' lang='grc' dir='ltr'>εἰδότων,</span> <span class='ocrx_word' id='word_1_43' title='bbox 653 750 738 803; x_wconf 82' lang='grc' dir='ltr'>ὄτι</span> <span class='ocrx_word' id='word_1_44' title='bbox 772 748 994 814; x_wconf 78' lang='grc' dir='ltr'>πάντως</span> <span class='ocrx_word' id='word_1_45' title='bbox 1035 749 1194 820; x_wconf 90' lang='grc' dir='ltr'>δίκην</span> <span class='ocrx_word' id='word_1_46' title='bbox 1239 749 1530 820; x_wconf 79' lang='grc' dir='ltr'>ὕφέξομεν,</span> <span class='ocrx_word' id='word_1_47' title='bbox 1565 749 1616 801; x_wconf 87' lang='grc' dir='ltr'><strong>εἰ</strong></span> <span class='ocrx_word' id='word_1_48' title='bbox 1656 748 1755 802; x_wconf 82' lang='grc' dir='ltr'>καὶ</span> 
     </span>
    </p>
   </div>
   <div class='ocr_carea' id='block_1_9' title="bbox 174 838 1751 923">
    <p class='ocr_par' dir='ltr' id='par_1_9' title="bbox 174 838 1751 923">
     <span class='ocr_line' id='line_1_9' title="bbox 174 838 1751 923; baseline -0.001 -31"><span class='ocrx_word' id='word_1_49' title='bbox 174 842 242 912; x_wconf 82' lang='grc' dir='ltr'>μὴ</span> <span class='ocrx_word' id='word_1_50' title='bbox 265 842 358 912; x_wconf 83' lang='grc' dir='ltr'>τὴν</span> <span class='ocrx_word' id='word_1_51' title='bbox 384 839 562 910; x_wconf 77' lang='grc' dir='ltr'>αὐτὴν</span> <span class='ocrx_word' id='word_1_52' title='bbox 596 838 861 904; x_wconf 77' lang='grc' dir='ltr'>ἅπαντες.</span> <span class='ocrx_word' id='word_1_53' title='bbox 895 841 970 894; x_wconf 80' lang='grc' dir='ltr'><strong>Οὐ</strong></span> <span class='ocrx_word' id='word_1_54' title='bbox 1004 838 1109 923; x_wconf 71' lang='grc' dir='ltr'>γὰρ</span> <span class='ocrx_word' id='word_1_55' title='bbox 1137 843 1187 894; x_wconf 89' lang='grc' dir='ltr'><strong>οἰ</strong></span> <span class='ocrx_word' id='word_1_56' title='bbox 1214 842 1328 904; x_wconf 86' lang='grc' dir='ltr'>τοῖς</span> <span class='ocrx_word' id='word_1_57' title='bbox 1351 840 1540 902; x_wconf 82' lang='grc' dir='ltr'>αὐτοῖς</span> <span class='ocrx_word' id='word_1_58' title='bbox 1567 839 1751 909; x_wconf 78' lang='grc' dir='ltr'>ἁμαρ-</span> 
     </span>
    </p>
   </div>
   <div class='ocr_carea' id='block_1_10' title="bbox 171 925 1750 999">
    <p class='ocr_par' dir='ltr' id='par_1_10' title="bbox 171 925 1750 999">
     <span class='ocr_line' id='line_1_10' title="bbox 171 925 1750 999; baseline -0.001 -18"><span class='ocrx_word' id='word_1_59' title='bbox 171 929 362 999; x_wconf 72' lang='grc' dir='ltr'>τήμασι</span> <span class='ocrx_word' id='word_1_60' title='bbox 403 929 837 999; x_wconf 74' lang='grc' dir='ltr'><strong>περιπεσόντες,</strong></span> <span class='ocrx_word' id='word_1_61' title='bbox 889 928 1108 990; x_wconf 85' lang='grc' dir='ltr'>πάντως</span> <span class='ocrx_word' id='word_1_62' title='bbox 1146 927 1247 999; x_wconf 79' lang='grc' dir='ltr'>τὴν</span> <span class='ocrx_word' id='word_1_63' title='bbox 1295 927 1468 997; x_wconf 82' lang='grc' dir='ltr'>αὐτὴν</span> <span class='ocrx_word' id='word_1_64' title='bbox 1519 925 1750 980; x_wconf 86' lang='grc' dir='ltr'>δώσουσι</span> 
     </span>
    </p>
   </div>
   <div class='ocr_carea' id='block_1_11' title="bbox 169 1017 1748 1091">
    <p class='ocr_par' dir='ltr' id='par_1_11' title="bbox 169 1017 1748 1091">
     <span class='ocr_line' id='line_1_11' title="bbox 169 1017 1748 1091; baseline -0.001 -17"><span class='ocrx_word' id='word_1_65' title='bbox 169 1019 331 1089; x_wconf 81' lang='grc' dir='ltr'>δίκην,</span> <span class='ocrx_word' id='word_1_66' title='bbox 365 1019 443 1088; x_wconf 81' lang='grc' dir='ltr'>τῷ</span> <span class='ocrx_word' id='word_1_67' title='bbox 476 1020 579 1072; x_wconf 79' lang='grc' dir='ltr'><strong>καὶ</strong></span> <span class='ocrx_word' id='word_1_68' title='bbox 628 1019 808 1082; x_wconf 82' lang='grc' dir='ltr'>αἰτίας</span> <span class='ocrx_word' id='word_1_69' title='bbox 847 1017 1220 1085; x_wconf 61' lang='grc' dir='ltr'>ἐξετάζεσθαι,</span> <span class='ocrx_word' id='word_1_70' title='bbox 1253 1018 1347 1074; x_wconf 76' lang='grc' dir='ltr'><strong>καὶ</strong></span> <span class='ocrx_word' id='word_1_71' title='bbox 1370 1017 1601 1091; x_wconf 82' lang='grc' dir='ltr'>καιροὺς</span> <span class='ocrx_word' id='word_1_72' title='bbox 1651 1017 1748 1072; x_wconf 79' lang='grc' dir='ltr'><strong>καὶ</strong></span> 
     </span>
    </p>
   </div>
   <div class='ocr_carea' id='block_1_12' title="bbox 168 1102 1745 1179">
    <p class='ocr_par' dir='ltr' id='par_1_12' title="bbox 168 1102 1745 1179">
     <span class='ocr_line' id='line_1_12' title="bbox 168 1102 1745 1179; baseline -0.001 -18"><span class='ocrx_word' id='word_1_73' title='bbox 168 1109 380 1172; x_wconf 64' lang='grc' dir='ltr'>νείκους·</span> <span class='ocrx_word' id='word_1_74' title='bbox 420 1102 540 1162; x_wconf 78' lang='grc' dir='ltr'>οἷόν</span> <span class='ocrx_word' id='word_1_75' title='bbox 586 1125 637 1162; x_wconf 93' lang='grc' dir='ltr'><strong>τι</strong></span> <span class='ocrx_word' id='word_1_76' title='bbox 666 1107 810 1177; x_wconf 73' lang='grc' dir='ltr'>λέγω</span> <span class='ocrx_word' id='word_1_77' title='bbox 829 1123 844 1138; x_wconf 72' lang='grc'><strong>⁸</strong></span> <span class='ocrx_word' id='word_1_78' title='bbox 878 1106 1078 1179; x_wconf 69' lang='grc' dir='ltr'>ἐναγὴς</span> <span class='ocrx_word' id='word_1_79' title='bbox 1108 1111 1138 1162; x_wconf 81' lang='grc' dir='ltr'><strong>ὁ</strong></span> <span class='ocrx_word' id='word_1_80' title='bbox 1182 1109 1362 1177; x_wconf 86' lang='grc' dir='ltr'>φόνος.</span> <span class='ocrx_word' id='word_1_81' title='bbox 1412 1108 1510 1172; x_wconf 89' lang='grc' dir='ltr'>Τίς</span> <span class='ocrx_word' id='word_1_82' title='bbox 1541 1107 1652 1177; x_wconf 84' lang='grc' dir='ltr'><strong>γὰρ</strong></span> <span class='ocrx_word' id='word_1_83' title='bbox 1683 1107 1745 1160; x_wconf 80' lang='grc' dir='ltr'>οὐ</span> 
     </span>
    </p>
   </div>
   <div class='ocr_carea' id='block_1_13' title="bbox 167 1198 1744 1270">
    <p class='ocr_par' dir='ltr' id='par_1_13' title="bbox 167 1198 1744 1270">
     <span class='ocr_line' id='line_1_13' title="bbox 167 1198 1744 1270; baseline 0.001 -20"><span class='ocrx_word' id='word_1_84' title='bbox 167 1199 347 1269; x_wconf 71' lang='grc' dir='ltr'>φήσεις</span> <span class='ocrx_word' id='word_1_85' title='bbox 408 1198 559 1252; x_wconf 69' lang='grc' dir='ltr'>Ἀλλ’</span> <span class='ocrx_word' id='word_1_86' title='bbox 602 1201 731 1252; x_wconf 83' lang='grc' dir='ltr'>ὅταν</span> <span class='ocrx_word' id='word_1_87' title='bbox 755 1200 851 1252; x_wconf 73' lang='grc' dir='ltr'>καὶ</span> <span class='ocrx_word' id='word_1_88' title='bbox 879 1201 938 1252; x_wconf 72' lang='grc' dir='ltr'>ὲν</span> <span class='ocrx_word' id='word_1_89' title='bbox 980 1200 1164 1269; x_wconf 81' lang='grc' dir='ltr'><strong>ἁγίαις</strong></span> <span class='ocrx_word' id='word_1_90' title='bbox 1211 1199 1448 1270; x_wconf 77' lang='grc' dir='ltr'>ήμέραις</span> <span class='ocrx_word' id='word_1_91' title='bbox 1477 1199 1744 1269; x_wconf 83' lang='grc' dir='ltr'>γένηται,</span> 
     </span>
    </p>
   </div>
   <div class='ocr_carea' id='block_1_14' title="bbox 167 1290 1746 1363">
    <p class='ocr_par' dir='ltr' id='par_1_14' title="bbox 167 1290 1746 1363">
     <span class='ocr_line' id='line_1_14' title="bbox 167 1290 1746 1363; baseline 0 -20"><span class='ocrx_word' id='word_1_92' title='bbox 167 1291 514 1360; x_wconf 81' lang='grc' dir='ltr'>ἰναγὲστερος</span> <span class='ocrx_word' id='word_1_93' title='bbox 555 1290 803 1358; x_wconf 87' lang='grc' dir='ltr'>γίνεται⁶</span> <span class='ocrx_word' id='word_1_94' title='bbox 836 1291 884 1345; x_wconf 84' lang='grc' dir='ltr'><strong>εἰ</strong></span> <span class='ocrx_word' id='word_1_95' title='bbox 923 1291 981 1345; x_wconf 69' lang='grc' dir='ltr'>δὲ</span> <span class='ocrx_word' id='word_1_96' title='bbox 1014 1291 1109 1346; x_wconf 79' lang='grc' dir='ltr'>καὶ</span> <span class='ocrx_word' id='word_1_97' title='bbox 1138 1293 1197 1344; x_wconf 76' lang='grc' dir='ltr'>ὲν</span> <span class='ocrx_word' id='word_1_98' title='bbox 1251 1291 1384 1363; x_wconf 87' lang='grc' dir='ltr'><strong>ἰερῷ</strong></span> <span class='ocrx_word' id='word_1_99' title='bbox 1422 1291 1609 1361; x_wconf 86' lang='grc' dir='ltr'>τόπῳ,</span> <span class='ocrx_word' id='word_1_100' title='bbox 1657 1292 1746 1344; x_wconf 79' lang='grc' dir='ltr'><strong>ἐν·</strong></span> 
     </span>
    </p>
   </div>
   <div class='ocr_carea' id='block_1_15' title="bbox 165 1380 1742 1453">
    <p class='ocr_par' dir='ltr' id='par_1_15' title="bbox 165 1380 1742 1453">
     <span class='ocr_line' id='line_1_15' title="bbox 165 1380 1742 1453; baseline 0 -19"><span class='ocrx_word' id='word_1_101' title='bbox 165 1382 474 1450; x_wconf 77' lang='grc' dir='ltr'>αγὲστατοςο</span> <span class='ocrx_word' id='word_1_102' title='bbox 498 1380 599 1434; x_wconf 73' lang='grc' dir='ltr'>τοῦ</span> <span class='ocrx_word' id='word_1_103' title='bbox 628 1380 802 1435; x_wconf 82' lang='grc' dir='ltr'>κακοῦ</span> <span class='ocrx_word' id='word_1_104' title='bbox 828 1382 922 1436; x_wconf 83' lang='grc' dir='ltr'><strong>καί</strong></span> <span class='ocrx_word' id='word_1_105' title='bbox 942 1381 1051 1436; x_wconf 76' lang='grc' dir='ltr'>ἀπὺ</span> <span class='ocrx_word' id='word_1_106' title='bbox 1063 1382 1158 1436; x_wconf 82' lang='grc' dir='ltr'>τοῦ</span> <span class='ocrx_word' id='word_1_107' title='bbox 1189 1383 1383 1453; x_wconf 80' lang='grc' dir='ltr'><strong>καιροῦ</strong></span> <span class='ocrx_word' id='word_1_108' title='bbox 1409 1383 1504 1436; x_wconf 78' lang='grc' dir='ltr'>καὶ</span> <span class='ocrx_word' id='word_1_109' title='bbox 1525 1381 1634 1436; x_wconf 81' lang='grc' dir='ltr'><strong>ἀπὸ</strong></span> <span class='ocrx_word' id='word_1_110' title='bbox 1650 1381 1742 1435; x_wconf 82' lang='grc' dir='ltr'>τοῦ</span> 
     </span>
    </p>
   </div>
   <div class='ocr_carea' id='block_1_16' title="bbox 163 1472 1742 1544">
    <p class='ocr_par' dir='ltr' id='par_1_16' title="bbox 163 1472 1742 1544">
     <span class='ocr_line' id='line_1_16' title="bbox 163 1472 1742 1544; baseline 0.001 -20"><span class='ocrx_word' id='word_1_111' title='bbox 163 1473 315 1525; x_wconf 75' lang='grc' dir='ltr'>τόπου</span> <span class='ocrx_word' id='word_1_112' title='bbox 360 1472 787 1542; x_wconf 77' lang='grc' dir='ltr'>αὐξανομένου,</span> <span class='ocrx_word' id='word_1_113' title='bbox 817 1473 913 1528; x_wconf 79' lang='grc' dir='ltr'>καὶ</span> <span class='ocrx_word' id='word_1_114' title='bbox 966 1472 1288 1544; x_wconf 81' lang='grc' dir='ltr'>προσθήκην</span> <span class='ocrx_word' id='word_1_115' title='bbox 1334 1474 1418 1537; x_wconf 92' lang='grc' dir='ltr'><strong>εἰς</strong></span> <span class='ocrx_word' id='word_1_116' title='bbox 1469 1472 1742 1544; x_wconf 80' lang='grc' dir='ltr'>τιμωρίαν</span> 
     </span>
    </p>
   </div>
   <div class='ocr_carea' id='block_1_17' title="bbox 160 1559 1744 1635">
    <p class='ocr_par' dir='ltr' id='par_1_17' title="bbox 160 1559 1744 1635">
     <span class='ocr_line' id='line_1_17' title="bbox 160 1559 1744 1635; baseline -0.001 -19"><span class='ocrx_word' id='word_1_117' title='bbox 160 1560 550 1633; x_wconf 76' lang='grc' dir='ltr'>λαμεὰνοντος,</span> <span class='ocrx_word' id='word_1_118' title='bbox 585 1563 678 1617; x_wconf 80' lang='grc' dir='ltr'>καὶ</span> <span class='ocrx_word' id='word_1_119' title='bbox 703 1564 737 1633; x_wconf 80' lang='grc' dir='ltr'><strong>ή</strong></span> <span class='ocrx_word' id='word_1_120' title='bbox 757 1562 1001 1634; x_wconf 69' lang='grc' dir='ltr'>πορνεία</span> <span class='ocrx_word' id='word_1_121' title='bbox 1039 1563 1139 1635; x_wconf 88' lang='grc' dir='ltr'><strong>μία</strong></span> <span class='ocrx_word' id='word_1_122' title='bbox 1174 1559 1317 1618; x_wconf 80' lang='grc' dir='ltr'>εἰναι</span> <span class='ocrx_word' id='word_1_123' title='bbox 1357 1562 1614 1626; x_wconf 82' lang='grc' dir='ltr'>δοκοῦσα,</span> <span class='ocrx_word' id='word_1_124' title='bbox 1646 1562 1744 1616; x_wconf 73' lang='grc' dir='ltr'>καὶ</span> 
     </span>
    </p>
   </div>
   <div class='ocr_carea' id='block_1_18' title="bbox 159 1652 1739 1726">
    <p class='ocr_par' dir='ltr' id='par_1_18' title="bbox 159 1652 1739 1726">
     <span class='ocr_line' id='line_1_18' title="bbox 159 1652 1739 1726; baseline 0.001 -22"><span class='ocrx_word' id='word_1_125' title='bbox 159 1652 257 1705; x_wconf 73' lang='grc' dir='ltr'><strong>ἀπὸ</strong></span> <span class='ocrx_word' id='word_1_126' title='bbox 291 1652 490 1724; x_wconf 75' lang='grc' dir='ltr'>καιροῦ</span> <span class='ocrx_word' id='word_1_127' title='bbox 515 1693 531 1717; x_wconf 91' lang='grc'><strong>,</strong></span> <span class='ocrx_word' id='word_1_128' title='bbox 574 1652 666 1706; x_wconf 83' lang='grc' dir='ltr'>καὶ</span> <span class='ocrx_word' id='word_1_129' title='bbox 706 1652 817 1706; x_wconf 77' lang='grc' dir='ltr'><strong>ἀπὸ</strong></span> <span class='ocrx_word' id='word_1_130' title='bbox 847 1652 1017 1708; x_wconf 85' lang='grc' dir='ltr'>τόπου</span> <span class='ocrx_word' id='word_1_131' title='bbox 1053 1652 1334 1726; x_wconf 66' lang='grc' dir='ltr'>βαρυτέρα</span> <span class='ocrx_word' id='word_1_132' title='bbox 1375 1654 1612 1722; x_wconf 85' lang='grc' dir='ltr'>γίνεται.</span> <span class='ocrx_word' id='word_1_133' title='bbox 1643 1654 1739 1706; x_wconf 84' lang='grc' dir='ltr'><strong>Ἐν</strong></span> 
     </span>
    </p>
   </div>
   <div class='ocr_carea' id='block_1_19' title="bbox 158 1740 1723 1822">
    <p class='ocr_par' dir='ltr' id='par_1_19' title="bbox 158 1740 1723 1822">
     <span class='ocr_line' id='line_1_19' title="bbox 158 1740 1723 1822; baseline 0.002 -29"><span class='ocrx_word' id='word_1_134' title='bbox 158 1743 323 1794; x_wconf 79' lang='grc' dir='ltr'>τοίνυν</span> <span class='ocrx_word' id='word_1_135' title='bbox 346 1743 654 1814; x_wconf 85' lang='grc' dir='ltr'>σκοπῶμεν</span> <span class='ocrx_word' id='word_1_136' title='bbox 680 1745 828 1808; x_wconf 82' lang='grc' dir='ltr'>ὅπως</span> <span class='ocrx_word' id='word_1_137' title='bbox 844 1744 914 1798; x_wconf 78' lang='grc' dir='ltr'>τὰ</span> <span class='ocrx_word' id='word_1_138' title='bbox 933 1743 1056 1798; x_wconf 82' lang='grc' dir='ltr'>καθ’</span> <span class='ocrx_word' id='word_1_139' title='bbox 1081 1745 1309 1822; x_wconf 69' lang='grc' dir='ltr'>ἑαμτοὺς</span> <span class='ocrx_word' id='word_1_140' title='bbox 1333 1740 1396 1799; x_wconf 83' lang='grc' dir='ltr'>εὖ</span> <span class='ocrx_word' id='word_1_141' title='bbox 1419 1743 1723 1813; x_wconf 79' lang='grc' dir='ltr'>διαθῶμεν·</span> 
     </span>
    </p>
   </div>
   <div class='ocr_carea' id='block_1_20' title="bbox 1859 569 3442 638">
    <p class='ocr_par' dir='ltr' id='par_1_20' title="bbox 1859 569 3442 638">
     <span class='ocr_line' id='line_1_20' title="bbox 1859 569 3442 638; baseline 0.008 -16"><span class='ocrx_word' id='word_1_142' title='bbox 1859 569 1988 622; x_wconf 85' lang='lat' dir='ltr'><strong>titua</strong></span> <span class='ocrx_word' id='word_1_143' title='bbox 2014 583 2184 638; x_wconf 86' lang='lat' dir='ltr'><strong>usque</strong></span> <span class='ocrx_word' id='word_1_144' title='bbox 2215 571 2550 637; x_wconf 89' lang='lat' dir='ltr'><strong>pettetrando</strong></span> <span class='ocrx_word' id='word_1_145' title='bbox 2584 584 2650 625; x_wconf 88' lang='lat' dir='ltr'><strong>ac</strong></span> <span class='ocrx_word' id='word_1_146' title='bbox 2676 574 2977 628; x_wconf 77' lang='lat' dir='ltr'><strong>scrutando</strong></span> <span class='ocrx_word' id='word_1_147' title='bbox 3004 585 3219 632; x_wconf 81' lang='lat' dir='ltr'><strong>cuncta.</strong></span> <span class='ocrx_word' id='word_1_148' title='bbox 3252 575 3322 634; x_wconf 79' lang='lat' dir='ltr'><strong>At</strong></span> <span class='ocrx_word' id='word_1_149' title='bbox 3358 579 3442 634; x_wconf 88' lang='lat' dir='ltr'><strong>in-</strong></span> 
     </span>
    </p>
   </div>
   <div class='ocr_carea' id='block_1_21' title="bbox 1854 660 3442 739">
    <p class='ocr_par' dir='ltr' id='par_1_21' title="bbox 1854 660 3442 739">
     <span class='ocr_line' id='line_1_21' title="bbox 1854 660 3442 739; baseline 0.008 -25"><span class='ocrx_word' id='word_1_150' title='bbox 1854 675 1988 730; x_wconf 73' lang='lat' dir='ltr'><strong>gens</strong></span> <span class='ocrx_word' id='word_1_151' title='bbox 2025 660 2182 714; x_wconf 91' lang='lat' dir='ltr'><strong>nobis</strong></span> <span class='ocrx_word' id='word_1_152' title='bbox 2247 660 2487 729; x_wconf 85' lang='lat' dir='ltr'><strong>ignavia,</strong></span> <span class='ocrx_word' id='word_1_153' title='bbox 2544 661 2650 716; x_wconf 84' lang='lat' dir='ltr'><strong>etsi</strong></span> <span class='ocrx_word' id='word_1_154' title='bbox 2698 678 2806 716; x_wconf 89' lang='lat' dir='ltr'><strong>non</strong></span> <span class='ocrx_word' id='word_1_155' title='bbox 2861 664 3033 735; x_wconf 81' lang='lat' dir='ltr'><strong>fugiat</strong></span> <span class='ocrx_word' id='word_1_156' title='bbox 3090 682 3191 725; x_wconf 89' lang='lat' dir='ltr'><strong>nos</strong></span> <span class='ocrx_word' id='word_1_157' title='bbox 3248 680 3442 739; x_wconf 77' lang='lat' dir='ltr'><strong>ptenas</strong></span> 
     </span>
    </p>
   </div>
   <div class='ocr_carea' id='block_1_22' title="bbox 1853 751 3435 825">
    <p class='ocr_par' dir='ltr' id='par_1_22' title="bbox 1853 751 3435 825">
     <span class='ocr_line' id='line_1_22' title="bbox 1853 751 3435 825; baseline 0.009 -22"><span class='ocrx_word' id='word_1_158' title='bbox 1853 751 2078 807; x_wconf 78' lang='lat' dir='ltr'><strong>omnino</strong></span> <span class='ocrx_word' id='word_1_159' title='bbox 2115 753 2520 821; x_wconf 82' lang='lat' dir='ltr'><strong>pet-soluturos,</strong></span> <span class='ocrx_word' id='word_1_160' title='bbox 2552 755 2806 825; x_wconf 80' lang='lat' dir='ltr'><strong>quamvis</strong></span> <span class='ocrx_word' id='word_1_161' title='bbox 2846 771 2953 811; x_wconf 92' lang='lat' dir='ltr'><strong>non</strong></span> <span class='ocrx_word' id='word_1_162' title='bbox 2977 759 3199 814; x_wconf 90' lang='lat' dir='ltr'><strong>easdem</strong></span> <span class='ocrx_word' id='word_1_163' title='bbox 3224 775 3435 819; x_wconf 88' lang='lat' dir='ltr'><strong>omnes.</strong></span> 
     </span>
    </p>
   </div>
   <div class='ocr_carea' id='block_1_23' title="bbox 1852 841 3438 920">
    <p class='ocr_par' dir='ltr' id='par_1_23' title="bbox 1852 841 3438 920">
     <span class='ocr_line' id='line_1_23' title="bbox 1852 841 3438 920; baseline 0.008 -24"><span class='ocrx_word' id='word_1_164' title='bbox 1852 841 2038 912; x_wconf 75' lang='lat' dir='ltr'><strong>Neque</strong></span> <span class='ocrx_word' id='word_1_165' title='bbox 2067 844 2212 898; x_wconf 90' lang='lat' dir='ltr'><strong>enim</strong></span> <span class='ocrx_word' id='word_1_166' title='bbox 2244 859 2455 912; x_wconf 89' lang='lat' dir='ltr'><strong>omnes,</strong></span> <span class='ocrx_word' id='word_1_167' title='bbox 2501 846 2693 902; x_wconf 87' lang='lat' dir='ltr'><strong>eadem</strong></span> <span class='ocrx_word' id='word_1_168' title='bbox 2743 848 3146 920; x_wconf 75' lang='lat' dir='ltr'><strong>delinquentes,</strong></span> <span class='ocrx_word' id='word_1_169' title='bbox 3189 854 3438 910; x_wconf 83' lang='lat' dir='ltr'><strong>eamdem</strong></span> 
     </span>
    </p>
   </div>
   <div class='ocr_carea' id='block_1_24' title="bbox 1851 933 3438 1014">
    <p class='ocr_par' dir='ltr' id='par_1_24' title="bbox 1851 933 3438 1014">
     <span class='ocr_line' id='line_1_24' title="bbox 1851 933 3438 1014; baseline 0.009 -28"><span class='ocrx_word' id='word_1_170' title='bbox 1851 933 2001 990; x_wconf 84' lang='lat' dir='ltr'><strong>luem</strong></span> <span class='ocrx_word' id='word_1_171' title='bbox 2050 948 2292 1003; x_wconf 76' lang='lat' dir='ltr'><strong>pmuam,</strong></span> <span class='ocrx_word' id='word_1_172' title='bbox 2323 935 2454 1005; x_wconf 84' lang='lat' dir='ltr'><strong>quia</strong></span> <span class='ocrx_word' id='word_1_173' title='bbox 2508 944 2564 992; x_wconf 88' lang='lat' dir='ltr'><strong>et</strong></span> <span class='ocrx_word' id='word_1_174' title='bbox 2599 952 2786 1005; x_wconf 87' lang='lat' dir='ltr'><strong>causa,</strong></span> <span class='ocrx_word' id='word_1_175' title='bbox 2822 949 2878 995; x_wconf 90' lang='lat' dir='ltr'><strong>et</strong></span> <span class='ocrx_word' id='word_1_176' title='bbox 2908 940 3047 1007; x_wconf 81' lang='lat' dir='ltr'><strong>locs,</strong></span> <span class='ocrx_word' id='word_1_177' title='bbox 3091 957 3157 998; x_wconf 86' lang='lat' dir='ltr'><strong>ac</strong></span> <span class='ocrx_word' id='word_1_178' title='bbox 3195 951 3438 1014; x_wconf 87' lang='lat' dir='ltr'><strong>tempora</strong></span> 
     </span>
    </p>
   </div>
   <div class='ocr_carea' id='block_1_25' title="bbox 1849 1024 3438 1097">
    <p class='ocr_par' dir='ltr' id='par_1_25' title="bbox 1849 1024 3438 1097">
     <span class='ocr_line' id='line_1_25' title="bbox 1849 1024 3438 1097; baseline 0.008 -19"><span class='ocrx_word' id='word_1_179' title='bbox 1849 1024 2326 1079; x_wconf 78' lang='lat' dir='ltr'><strong>examinabuutur.</strong></span> <span class='ocrx_word' id='word_1_180' title='bbox 2355 1025 2518 1082; x_wconf 73' lang='lat' dir='ltr'><strong>Verbi</strong></span> <span class='ocrx_word' id='word_1_181' title='bbox 2545 1029 2720 1097; x_wconf 78' lang='lat' dir='ltr'><strong>gratis</strong></span> <span class='ocrx_word' id='word_1_182' title='bbox 2753 1029 3108 1088; x_wconf 81' lang='lat' dir='ltr'><strong>homicidium</strong></span> <span class='ocrx_word' id='word_1_183' title='bbox 3143 1047 3438 1090; x_wconf 84' lang='lat' dir='ltr'><strong>exsecran-</strong></span> 
     </span>
    </p>
   </div>
   <div class='ocr_carea' id='block_1_26' title="bbox 1850 1111 3439 1194">
    <p class='ocr_par' dir='ltr' id='par_1_26' title="bbox 1850 1111 3439 1194">
     <span class='ocr_line' id='line_1_26' title="bbox 1850 1111 3439 1194; baseline 0.007 -27"><span class='ocrx_word' id='word_1_184' title='bbox 1850 1116 1977 1168; x_wconf 88' lang='lat' dir='ltr'><strong>dum</strong></span> <span class='ocrx_word' id='word_1_185' title='bbox 2013 1111 2274 1184; x_wconf 79' lang='lat' dir='ltr'><strong>ilagitium</strong></span> <span class='ocrx_word' id='word_1_186' title='bbox 2298 1124 2403 1182; x_wconf 86' lang='lat' dir='ltr'><strong>est,</strong></span> <span class='ocrx_word' id='word_1_187' title='bbox 2430 1115 2554 1185; x_wconf 85' lang='lat' dir='ltr'><strong>quis</strong></span> <span class='ocrx_word' id='word_1_188' title='bbox 2585 1118 2785 1187; x_wconf 75' lang='lat' dir='ltr'><strong>neget?</strong></span> <span class='ocrx_word' id='word_1_189' title='bbox 2815 1117 2967 1187; x_wconf 81' lang='lat' dir='ltr'><strong>Quod</strong></span> <span class='ocrx_word' id='word_1_190' title='bbox 2994 1122 3040 1177; x_wconf 81' lang='lat' dir='ltr'><strong>si</strong></span> <span class='ocrx_word' id='word_1_191' title='bbox 3071 1121 3224 1177; x_wconf 89' lang='lat' dir='ltr'><strong>festis</strong></span> <span class='ocrx_word' id='word_1_192' title='bbox 3255 1133 3439 1194; x_wconf 74' lang='lat' dir='ltr'><strong>patra~</strong></span> 
     </span>
    </p>
   </div>
   <div class='ocr_carea' id='block_1_27' title="bbox 1852 1205 3438 1277">
    <p class='ocr_par' dir='ltr' id='par_1_27' title="bbox 1852 1205 3438 1277">
     <span class='ocr_line' id='line_1_27' title="bbox 1852 1205 3438 1277; baseline 0.009 -19"><span class='ocrx_word' id='word_1_193' title='bbox 1852 1214 1963 1259; x_wconf 87' lang='lat' dir='ltr'><strong>tum</strong></span> <span class='ocrx_word' id='word_1_194' title='bbox 1991 1206 2064 1260; x_wconf 92' lang='lat' dir='ltr'><strong>sit</strong></span> <span class='ocrx_word' id='word_1_195' title='bbox 2093 1205 2285 1261; x_wconf 87' lang='lat' dir='ltr'><strong>diebus</strong></span> <span class='ocrx_word' id='word_1_196' title='bbox 2316 1209 2491 1277; x_wconf 85' lang='lat' dir='ltr'><strong>magis</strong></span> <span class='ocrx_word' id='word_1_197' title='bbox 2520 1218 2607 1265; x_wconf 86' lang='lat' dir='ltr'><strong>est</strong></span> <span class='ocrx_word' id='word_1_198' title='bbox 2655 1213 3076 1277; x_wconf 78' lang='lat' dir='ltr'><strong>exsecrandum.</strong></span> <span class='ocrx_word' id='word_1_199' title='bbox 3123 1216 3171 1270; x_wconf 88' lang='lat' dir='ltr'><strong>si</strong></span> <span class='ocrx_word' id='word_1_200' title='bbox 3224 1217 3278 1270; x_wconf 92' lang='lat' dir='ltr'><strong>in</strong></span> <span class='ocrx_word' id='word_1_201' title='bbox 3319 1216 3438 1272; x_wconf 90' lang='lat' dir='ltr'><strong>loco</strong></span> 
     </span>
    </p>
   </div>
   <div class='ocr_carea' id='block_1_28' title="bbox 1852 1299 3438 1378">
    <p class='ocr_par' dir='ltr' id='par_1_28' title="bbox 1852 1299 3438 1378">
     <span class='ocr_line' id='line_1_28' title="bbox 1852 1299 3438 1378; baseline 0.008 -26"><span class='ocrx_word' id='word_1_202' title='bbox 1852 1311 2012 1353; x_wconf 88' lang='lat' dir='ltr'><strong>sacro</strong></span> <span class='ocrx_word' id='word_1_203' title='bbox 2039 1299 2275 1354; x_wconf 79' lang='lat' dir='ltr'><strong>maxime</strong></span> <span class='ocrx_word' id='word_1_204' title='bbox 2302 1300 2541 1364; x_wconf 77' lang='lat' dir='ltr'><strong>exsistit,</strong></span> <span class='ocrx_word' id='word_1_205' title='bbox 2597 1299 3000 1369; x_wconf 80' lang='lat' dir='ltr'><strong>detestandum,</strong></span> <span class='ocrx_word' id='word_1_206' title='bbox 3042 1304 3250 1378; x_wconf 80' lang='lat' dir='ltr'><strong>ﬂagitio</strong></span> <span class='ocrx_word' id='word_1_207' title='bbox 3287 1323 3438 1364; x_wconf 84' lang='lat' dir='ltr'><strong>sum-</strong></span> 
     </span>
    </p>
   </div>
   <div class='ocr_carea' id='block_1_29' title="bbox 1846 1386 3434 1463">
    <p class='ocr_par' dir='ltr' id='par_1_29' title="bbox 1846 1386 3434 1463">
     <span class='ocr_line' id='line_1_29' title="bbox 1846 1386 3434 1463; baseline 0.007 -23"><span class='ocrx_word' id='word_1_208' title='bbox 1846 1400 2069 1456; x_wconf 85' lang='lat' dir='ltr'><strong>mopere</strong></span> <span class='ocrx_word' id='word_1_209' title='bbox 2091 1402 2120 1438; x_wconf 82' lang='lat' dir='ltr'><strong>a</strong></span> <span class='ocrx_word' id='word_1_210' title='bbox 2152 1386 2253 1440; x_wconf 89' lang='lat' dir='ltr'><strong>loci</strong></span> <span class='ocrx_word' id='word_1_211' title='bbox 2295 1388 2673 1459; x_wconf 86' lang='lat' dir='ltr'><strong>temporisque</strong></span> <span class='ocrx_word' id='word_1_212' title='bbox 2710 1391 3124 1448; x_wconf 83' lang='lat' dir='ltr'><strong>circumstantia</strong></span> <span class='ocrx_word' id='word_1_213' title='bbox 3179 1397 3434 1463; x_wconf 84' lang='lat' dir='ltr'><strong>adauctu,</strong></span> 
     </span>
    </p>
   </div>
   <div class='ocr_carea' id='block_1_30' title="bbox 1846 1477 3437 1547">
    <p class='ocr_par' dir='ltr' id='par_1_30' title="bbox 1846 1477 3437 1547">
     <span class='ocr_line' id='line_1_30' title="bbox 1846 1477 3437 1547; baseline 0.011 -18"><span class='ocrx_word' id='word_1_214' title='bbox 1846 1489 2006 1544; x_wconf 82' lang='lat' dir='ltr'><strong>poena</strong></span> <span class='ocrx_word' id='word_1_215' title='bbox 2029 1477 2196 1531; x_wconf 80' lang='lat' dir='ltr'><strong>etiam</strong></span> <span class='ocrx_word' id='word_1_216' title='bbox 2224 1488 2577 1547; x_wconf 77' lang='lat' dir='ltr'><strong>augmentum</strong></span> <span class='ocrx_word' id='word_1_217' title='bbox 2609 1479 2736 1534; x_wconf 88' lang='lat' dir='ltr'><strong>inde</strong></span> <span class='ocrx_word' id='word_1_218' title='bbox 2759 1493 3010 1538; x_wconf 88' lang='lat' dir='ltr'><strong>sumente</strong></span> <span class='ocrx_word' id='word_1_219' title='bbox 3043 1503 3056 1540; x_wconf 91' lang='lat'><strong>:</strong></span> <span class='ocrx_word' id='word_1_220' title='bbox 3090 1495 3144 1541; x_wconf 91' lang='lat' dir='ltr'><strong>et</strong></span> <span class='ocrx_word' id='word_1_221' title='bbox 3176 1489 3437 1547; x_wconf 84' lang='lat' dir='ltr'><strong>scortatio</strong></span> 
     </span>
    </p>
   </div>
   <div class='ocr_carea' id='block_1_31' title="bbox 1845 1566 3436 1651">
    <p class='ocr_par' dir='ltr' id='par_1_31' title="bbox 1845 1566 3436 1651">
     <span class='ocr_line' id='line_1_31' title="bbox 1845 1566 3436 1651; baseline 0.011 -31"><span class='ocrx_word' id='word_1_222' title='bbox 1845 1567 1972 1624; x_wconf 91' lang='lat' dir='ltr'><strong>licet</strong></span> <span class='ocrx_word' id='word_1_223' title='bbox 2017 1583 2124 1623; x_wconf 88' lang='lat' dir='ltr'><strong>una</strong></span> <span class='ocrx_word' id='word_1_224' title='bbox 2176 1566 2444 1634; x_wconf 85' lang='lat' dir='ltr'><strong>videatur,</strong></span> <span class='ocrx_word' id='word_1_225' title='bbox 2498 1571 2744 1626; x_wconf 85' lang='lat' dir='ltr'><strong>variatur</strong></span> <span class='ocrx_word' id='word_1_226' title='bbox 2780 1581 2963 1630; x_wconf 86' lang='lat' dir='ltr'><strong>tamen</strong></span> <span class='ocrx_word' id='word_1_227' title='bbox 3027 1577 3436 1651; x_wconf 72' lang='lat' dir='ltr'><strong>intenditurque</strong></span> 
     </span>
    </p>
   </div>
   <div class='ocr_carea' id='block_1_32' title="bbox 1847 1658 3436 1743">
    <p class='ocr_par' dir='ltr' id='par_1_32' title="bbox 1847 1658 3436 1743">
     <span class='ocr_line' id='line_1_32' title="bbox 1847 1658 3436 1743; baseline 0.009 -31"><span class='ocrx_word' id='word_1_228' title='bbox 1847 1658 2108 1726; x_wconf 88' lang='lat' dir='ltr'><strong>temporis</strong></span> <span class='ocrx_word' id='word_1_229' title='bbox 2136 1658 2354 1728; x_wconf 85' lang='lat' dir='ltr'><strong>locique</strong></span> <span class='ocrx_word' id='word_1_230' title='bbox 2393 1659 2684 1728; x_wconf 86' lang='lat' dir='ltr'><strong>adjunctis.</strong></span> <span class='ocrx_word' id='word_1_231' title='bbox 2719 1662 2990 1722; x_wconf 85' lang='lat' dir='ltr'><strong>Curemus</strong></span> <span class='ocrx_word' id='word_1_232' title='bbox 3031 1668 3216 1740; x_wconf 80' lang='lat' dir='ltr'><strong>itaque</strong></span> <span class='ocrx_word' id='word_1_233' title='bbox 3243 1672 3295 1724; x_wconf 91' lang='lat' dir='ltr'><strong>in</strong></span> <span class='ocrx_word' id='word_1_234' title='bbox 3321 1673 3436 1743; x_wconf 80' lang='lat' dir='ltr'><strong>pri-</strong></span> 
     </span>
    </p>
   </div>
   <div class='ocr_carea' id='block_1_33' title="bbox 1843 1749 3432 1830">
    <p class='ocr_par' dir='ltr' id='par_1_33' title="bbox 1843 1749 3432 1830">
     <span class='ocr_line' id='line_1_33' title="bbox 1843 1749 3432 1830; baseline 0.011 -27"><span class='ocrx_word' id='word_1_235' title='bbox 1843 1749 1968 1815; x_wconf 90' lang='lat' dir='ltr'><strong>mis,</strong></span> <span class='ocrx_word' id='word_1_236' title='bbox 2005 1757 2064 1805; x_wconf 89' lang='lat' dir='ltr'><strong>ut</strong></span> <span class='ocrx_word' id='word_1_237' title='bbox 2097 1761 2279 1806; x_wconf 89' lang='lat' dir='ltr'><strong>mores</strong></span> <span class='ocrx_word' id='word_1_238' title='bbox 2321 1765 2708 1820; x_wconf 81' lang='lat' dir='ltr'><strong>componamus</strong></span> <span class='ocrx_word' id='word_1_239' title='bbox 2730 1764 2954 1812; x_wconf 86' lang='lat' dir='ltr'><strong>nostros</strong></span> <span class='ocrx_word' id='word_1_240' title='bbox 3016 1776 3032 1814; x_wconf 90' lang='lat'><strong>:</strong></span> <span class='ocrx_word' id='word_1_241' title='bbox 3090 1761 3258 1830; x_wconf 88' lang='lat' dir='ltr'><strong>judici</strong></span> <span class='ocrx_word' id='word_1_242' title='bbox 3302 1777 3432 1820; x_wconf 89' lang='lat' dir='ltr'><strong>vero</strong></span> 
     </span>
    </p>
   </div>
   <div class='ocr_carea' id='block_1_34' title="bbox 156 1815 1748 1912">
    <p class='ocr_par' dir='ltr' id='par_1_34' title="bbox 156 1815 1739 1910">
     <span class='ocr_line' id='line_1_34' title="bbox 156 1815 1739 1910; baseline 0.001 -24"><span class='ocrx_word' id='word_1_243' title='bbox 156 1830 227 1902; x_wconf 81' lang='grc' dir='ltr'>τῷ</span> <span class='ocrx_word' id='word_1_244' title='bbox 247 1832 301 1886; x_wconf 80' lang='grc' dir='ltr'>δὲ</span> <span class='ocrx_word' id='word_1_245' title='bbox 325 1837 490 1906; x_wconf 76' lang='grc' dir='ltr'>κριτῇ</span> <span class='ocrx_word' id='word_1_246' title='bbox 523 1835 911 1908; x_wconf 68' lang='grc' dir='ltr'>ἐπιτετράφθω</span> <span class='ocrx_word' id='word_1_247' title='bbox 934 1838 967 1908; x_wconf 90' lang='grc' dir='ltr'><strong>ή</strong></span> <span class='ocrx_word' id='word_1_248' title='bbox 992 1815 1228 1910; x_wconf 68' lang='grc' dir='ltr'>ἀκριδὴς</span> <span class='ocrx_word' id='word_1_249' title='bbox 1249 1835 1504 1906; x_wconf 82' lang='grc' dir='ltr'>βάσανος.</span> <span class='ocrx_word' id='word_1_250' title='bbox 1527 1837 1604 1889; x_wconf 79' lang='grc' dir='ltr'><strong>Οὐ</strong></span> <span class='ocrx_word' id='word_1_251' title='bbox 1627 1835 1739 1904; x_wconf 82' lang='grc' dir='ltr'>γὰρ</span> 
     </span>
    </p>
   </div>
   <div class='ocr_carea' id='block_1_35' title="bbox 1834 1815 3434 1912">
    <p class='ocr_par' dir='ltr' id='par_1_35' title="bbox 1845 1841 3434 1912">
     <span class='ocr_line' id='line_1_35' title="bbox 1845 1841 3434 1912; baseline 0.009 -16"><span class='ocrx_word' id='word_1_252' title='bbox 1845 1841 1957 1896; x_wconf 86' lang='lat' dir='ltr'><strong>Deo</strong></span> <span class='ocrx_word' id='word_1_253' title='bbox 1980 1842 2188 1912; x_wconf 90' lang='lat' dir='ltr'><strong>optimo</strong></span> <span class='ocrx_word' id='word_1_254' title='bbox 2208 1843 2450 1898; x_wconf 79' lang='lat' dir='ltr'><strong>maximo</strong></span> <span class='ocrx_word' id='word_1_255' title='bbox 2477 1845 2661 1901; x_wconf 86' lang='lat' dir='ltr'><strong>relicta</strong></span> <span class='ocrx_word' id='word_1_256' title='bbox 2695 1848 2770 1902; x_wconf 87' lang='lat' dir='ltr'><strong>sit</strong></span> <span class='ocrx_word' id='word_1_257' title='bbox 2819 1861 3076 1906; x_wconf 86' lang='lat' dir='ltr'><strong>accurata</strong></span> <span class='ocrx_word' id='word_1_258' title='bbox 3134 1858 3309 1911; x_wconf 85' lang='lat' dir='ltr'><strong>nostri</strong></span> <span class='ocrx_word' id='word_1_259' title='bbox 3339 1872 3434 1912; x_wconf 87' lang='lat' dir='ltr'><strong>co-</strong></span> 
     </span>
    </p>
   </div>
   <div class='ocr_carea' id='block_1_36' title="bbox 157 1924 1734 1998">
    <p class='ocr_par' dir='ltr' id='par_1_36' title="bbox 157 1924 1734 1998">
     <span class='ocr_line' id='line_1_36' title="bbox 157 1924 1734 1998; baseline 0.002 -22"><span class='ocrx_word' id='word_1_260' title='bbox 157 1924 202 1976; x_wconf 88' lang='grc' dir='ltr'><strong>εἰ</strong></span> <span class='ocrx_word' id='word_1_261' title='bbox 239 1924 398 1995; x_wconf 85' lang='grc' dir='ltr'>ήμεῖς</span> <span class='ocrx_word' id='word_1_262' title='bbox 453 1925 557 1980; x_wconf 77' lang='grc' dir='ltr'><strong>νῦν</strong></span> <span class='ocrx_word' id='word_1_263' title='bbox 603 1927 886 1998; x_wconf 82' lang='grc' dir='ltr'>ὀριοῦμεν,</span> <span class='ocrx_word' id='word_1_264' title='bbox 920 1928 1084 1993; x_wconf 79' lang='grc' dir='ltr'>αὐτὸς</span> <span class='ocrx_word' id='word_1_265' title='bbox 1117 1927 1520 1998; x_wconf 68' lang='grc' dir='ltr'>ἐπιψηφιεῖται.</span> <span class='ocrx_word' id='word_1_266' title='bbox 1567 1926 1734 1980; x_wconf 78' lang='grc' dir='ltr'>Ἀλλὰ</span> 
     </span>
    </p>
   </div>
   <div class='ocr_carea' id='block_1_37' title="bbox 157 2011 1552 2088">
    <p class='ocr_par' dir='ltr' id='par_1_37' title="bbox 157 2011 1552 2088">
     <span class='ocr_line' id='line_1_37' title="bbox 157 2011 1552 2088; baseline 0.003 -22"><span class='ocrx_word' id='word_1_267' title='bbox 157 2011 356 2085; x_wconf 78' lang='grc' dir='ltr'>ἀνάγκη</span> <span class='ocrx_word' id='word_1_268' title='bbox 389 2015 549 2085; x_wconf 76' lang='grc' dir='ltr'>ἡμᾶς</span> <span class='ocrx_word' id='word_1_269' title='bbox 574 2015 674 2087; x_wconf 81' lang='grc' dir='ltr'><strong>τήν</strong></span> <span class='ocrx_word' id='word_1_270' title='bbox 697 2016 996 2072; x_wconf 76' lang='grc' dir='ltr'>ἀδέκαστον</span> <span class='ocrx_word' id='word_1_271' title='bbox 1025 2019 1319 2088; x_wconf 71' lang='grc' dir='ltr'>ἀναμένειν</span> <span class='ocrx_word' id='word_1_272' title='bbox 1348 2017 1552 2088; x_wconf 79' lang='grc' dir='ltr'>ψῆφον.</span> 
     </span>
    </p>
   </div>
   <div class='ocr_carea' id='block_1_38' title="bbox 646 2310 1228 2384">
    <p class='ocr_par' dir='ltr' id='par_1_38' title="bbox 646 2310 1228 2384">
     <span class='ocr_line' id='line_1_38' title="bbox 646 2310 1228 2384; baseline 0.009 -20"><span class='ocrx_word' id='word_1_273' title='bbox 646 2310 828 2381; x_wconf 62' lang='grc' dir='ltr'>τες.</span> <span class='ocrx_word' id='word_1_274' title='bbox 855 2342 922 2353; x_wconf 90' lang='grc'><strong><em>-</em></strong></span> <span class='ocrx_word' id='word_1_275' title='bbox 952 2313 1228 2384; x_wconf 65' lang='lat' dir='ltr'><strong>manu.</strong></span> 
     </span>
    </p>
   </div>
   <div class='ocr_carea' id='block_1_39' title="bbox 1841 1929 3432 2015">
    <p class='ocr_par' dir='ltr' id='par_1_39' title="bbox 1841 1929 3432 2015">
     <span class='ocr_line' id='line_1_39' title="bbox 1841 1929 3432 2015; baseline 0.011 -32"><span class='ocrx_word' id='word_1_276' title='bbox 1841 1929 2015 2001; x_wconf 81' lang='lat' dir='ltr'><strong>guitio</strong></span> <span class='ocrx_word' id='word_1_277' title='bbox 2061 1940 2118 1986; x_wconf 88' lang='lat' dir='ltr'><strong>et</strong></span> <span class='ocrx_word' id='word_1_278' title='bbox 2170 1932 2499 2000; x_wconf 86' lang='lat' dir='ltr'><strong>disquisitlo.</strong></span> <span class='ocrx_word' id='word_1_279' title='bbox 2537 1933 2656 1990; x_wconf 77' lang='lat' dir='ltr'><strong>Non</strong></span> <span class='ocrx_word' id='word_1_280' title='bbox 2711 1937 2857 1992; x_wconf 90' lang='lat' dir='ltr'><strong>enim</strong></span> <span class='ocrx_word' id='word_1_281' title='bbox 2891 1942 2935 1994; x_wconf 89' lang='lat' dir='ltr'><strong>si</strong></span> <span class='ocrx_word' id='word_1_282' title='bbox 2987 1942 3116 2010; x_wconf 85' lang='lat' dir='ltr'><strong>quid</strong></span> <span class='ocrx_word' id='word_1_283' title='bbox 3156 1959 3300 2000; x_wconf 90' lang='lat' dir='ltr'><strong>nunc</strong></span> <span class='ocrx_word' id='word_1_284' title='bbox 3331 1947 3432 2015; x_wconf 90' lang='lat' dir='ltr'><strong>ipsi</strong></span> 
     </span>
    </p>
   </div>
   <div class='ocr_carea' id='block_1_40' title="bbox 1839 2022 3434 2108">
    <p class='ocr_par' dir='ltr' id='par_1_40' title="bbox 1839 2022 3434 2108">
     <span class='ocr_line' id='line_1_40' title="bbox 1839 2022 3434 2108; baseline 0.013 -32"><span class='ocrx_word' id='word_1_285' title='bbox 1839 2022 2164 2088; x_wconf 88' lang='lat' dir='ltr'><strong>deiinimus,</strong></span> <span class='ocrx_word' id='word_1_286' title='bbox 2212 2023 2327 2093; x_wconf 89' lang='lat' dir='ltr'><strong>ipse</strong></span> <span class='ocrx_word' id='word_1_287' title='bbox 2357 2028 2686 2082; x_wconf 85' lang='lat' dir='ltr'><strong>sententiam</strong></span> <span class='ocrx_word' id='word_1_288' title='bbox 2721 2030 2800 2085; x_wconf 88' lang='lat' dir='ltr'><strong>sic</strong></span> <span class='ocrx_word' id='word_1_289' title='bbox 2829 2030 2987 2101; x_wconf 84' lang='lat' dir='ltr'><strong>feret,</strong></span> <span class='ocrx_word' id='word_1_290' title='bbox 3023 2035 3192 2108; x_wconf 75' lang='lat'><strong>669</strong></span> <span class='ocrx_word' id='word_1_291' title='bbox 3228 2041 3323 2096; x_wconf 90' lang='lat' dir='ltr'><strong>sed</strong></span> <span class='ocrx_word' id='word_1_292' title='bbox 3351 2041 3434 2097; x_wconf 89' lang='lat' dir='ltr'><strong>iu-</strong></span> 
     </span>
    </p>
   </div>
   <div class='ocr_carea' id='block_1_41' title="bbox 1841 2115 3431 2204">
    <p class='ocr_par' dir='ltr' id='par_1_41' title="bbox 1841 2115 3431 2204">
     <span class='ocr_line' id='line_1_41' title="bbox 1841 2115 3431 2204; baseline 0.013 -36"><span class='ocrx_word' id='word_1_293' title='bbox 1841 2125 2052 2185; x_wconf 89' lang='lat' dir='ltr'><strong>tegrum</strong></span> <span class='ocrx_word' id='word_1_294' title='bbox 2082 2115 2574 2190; x_wconf 85' lang='lat' dir='ltr'><strong>incorruptumque</strong></span> <span class='ocrx_word' id='word_1_295' title='bbox 2601 2119 2720 2191; x_wconf 86' lang='lat' dir='ltr'><strong>ejus</strong></span> <span class='ocrx_word' id='word_1_296' title='bbox 2743 2135 2968 2193; x_wconf 84' lang='lat' dir='ltr'><strong>oportet</strong></span> <span class='ocrx_word' id='word_1_297' title='bbox 2999 2141 3319 2198; x_wconf 76' lang='lat' dir='ltr'><strong>exspectare</strong></span> <span class='ocrx_word' id='word_1_298' title='bbox 3342 2133 3431 2204; x_wconf 81' lang='lat' dir='ltr'><strong>ju-</strong></span> 
     </span>
    </p>
   </div>
   <div class='ocr_carea' id='block_1_42' title="bbox 1835 2205 2056 2263">
    <p class='ocr_par' dir='ltr' id='par_1_42' title="bbox 1835 2205 2056 2263">
     <span class='ocr_line' id='line_1_42' title="bbox 1835 2205 2056 2263; baseline 0.009 -2"><span class='ocrx_word' id='word_1_299' title='bbox 1835 2205 2056 2263; x_wconf 87' lang='lat' dir='ltr'><strong>dicium.</strong></span> 
     </span>
    </p>
   </div>
   <div class='ocr_carea' id='block_1_43' title="bbox 2219 2313 3032 2380">
    <p class='ocr_par' dir='ltr' id='par_1_43' title="bbox 2219 2313 3032 2380">
     <span class='ocr_line' id='line_1_43' title="bbox 2219 2313 3032 2380; baseline 0.009 -8"><span class='ocrx_word' id='word_1_300' title='bbox 2219 2313 2540 2374; x_wconf 73' lang='lat' dir='ltr'><strong>CCCLXV].</strong></span> <span class='ocrx_word' id='word_1_301' title='bbox 2591 2349 2664 2361; x_wconf 85' lang='lat'><strong>-—</strong></span> <span class='ocrx_word' id='word_1_302' title='bbox 2704 2319 3032 2380; x_wconf 78' lang='lat' dir='ltr'><strong>IIYPATIO.</strong></span> 
     </span>
    </p>
   </div>
   <div class='ocr_carea' id='block_1_44' title="bbox 931 2407 2645 2499">
    <p class='ocr_par' dir='ltr' id='par_1_44' title="bbox 931 2407 2645 2499">
     <span class='ocr_line' id='line_1_44' title="bbox 931 2407 2645 2499; baseline 0.005 -38"><span class='ocrx_word' id='word_1_303' title='bbox 931 2407 1115 2462; x_wconf 81' lang='lat' dir='ltr'><strong>Virtus</strong></span> <span class='ocrx_word' id='word_1_304' title='bbox 1135 2419 1251 2477; x_wconf 82' lang='lat' dir='ltr'><strong>post</strong></span> <span class='ocrx_word' id='word_1_305' title='bbox 1291 2408 1511 2465; x_wconf 76' lang='lat' dir='ltr'><strong>sudores</strong></span> <span class='ocrx_word' id='word_1_306' title='bbox 1541 2409 1800 2479; x_wconf 77' lang='lat' dir='ltr'><strong>gaudium</strong></span> <span class='ocrx_word' id='word_1_307' title='bbox 1825 2419 1873 2464; x_wconf 81' lang='lat' dir='ltr'><strong>et</strong></span> <span class='ocrx_word' id='word_1_308' title='bbox 1904 2424 2156 2464; x_wconf 79' lang='lat' dir='ltr'><strong>coronam</strong></span> <span class='ocrx_word' id='word_1_309' title='bbox 2190 2412 2332 2480; x_wconf 81' lang='lat' dir='ltr'><strong>parit</strong></span> <span class='ocrx_word' id='word_1_310' title='bbox 2368 2413 2645 2499; x_wconf 69' lang='lat' dir='ltr'><strong>satiatem.</strong></span> 
     </span>
    </p>
   </div>
   <div class='ocr_carea' id='block_1_45' title="bbox 220 2512 1726 2588">
    <p class='ocr_par' dir='ltr' id='par_1_45' title="bbox 220 2512 1726 2588">
     <span class='ocr_line' id='line_1_45' title="bbox 220 2512 1726 2588; baseline 0.002 -22"><span class='ocrx_word' id='word_1_311' title='bbox 220 2512 368 2585; x_wconf 79' lang='grc' dir='ltr'>Ἔχει</span> <span class='ocrx_word' id='word_1_312' title='bbox 407 2513 513 2586; x_wconf 67' lang='grc' dir='ltr'>μὲν</span> <span class='ocrx_word' id='word_1_313' title='bbox 550 2513 585 2585; x_wconf 84' lang='grc' dir='ltr'><strong>ή</strong></span> <span class='ocrx_word' id='word_1_314' title='bbox 619 2515 794 2586; x_wconf 75' lang='grc' dir='ltr'>ἀρετὴ</span> <span class='ocrx_word' id='word_1_315' title='bbox 825 2514 1165 2587; x_wconf 80' lang='grc' dir='ltr'>εὐφροσύνην</span> <span class='ocrx_word' id='word_1_316' title='bbox 1205 2514 1475 2588; x_wconf 81' lang='grc' dir='ltr'>εἰλικρινῆ</span> <span class='ocrx_word' id='word_1_317' title='bbox 1505 2515 1602 2569; x_wconf 72' lang='grc' dir='ltr'>καὶ</span> <span class='ocrx_word' id='word_1_318' title='bbox 1639 2514 1726 2570; x_wconf 68' lang='grc' dir='ltr'><strong>εν-</strong></span> 
     </span>
    </p>
   </div>
   <div class='ocr_carea' id='block_1_46' title="bbox 153 2599 1723 2677">
    <p class='ocr_par' dir='ltr' id='par_1_46' title="bbox 153 2599 1723 2677">
     <span class='ocr_line' id='line_1_46' title="bbox 153 2599 1723 2677; baseline 0.003 -20"><span class='ocrx_word' id='word_1_319' title='bbox 153 2599 292 2669; x_wconf 75' lang='grc' dir='ltr'>δοξον</span> <span class='ocrx_word' id='word_1_320' title='bbox 339 2603 864 2677; x_wconf 64' lang='grc' dir='ltr'>καὶάτελεύτητον,</span> <span class='ocrx_word' id='word_1_321' title='bbox 898 2605 1004 2660; x_wconf 73' lang='grc' dir='ltr'>ὑπὸ</span> <span class='ocrx_word' id='word_1_322' title='bbox 1045 2608 1144 2676; x_wconf 79' lang='grc' dir='ltr'>μὲν</span> <span class='ocrx_word' id='word_1_323' title='bbox 1169 2606 1261 2660; x_wconf 82' lang='grc' dir='ltr'>τοῦ</span> <span class='ocrx_word' id='word_1_324' title='bbox 1303 2606 1512 2676; x_wconf 80' lang='grc' dir='ltr'>ἀγαθοῦ</span> <span class='ocrx_word' id='word_1_325' title='bbox 1542 2625 1723 2663; x_wconf 88' lang='grc' dir='ltr'>συνει-</span> 
     </span>
    </p>
   </div>
   <div class='ocr_carea' id='block_1_47' title="bbox 1907 2518 3424 2600">
    <p class='ocr_par' dir='ltr' id='par_1_47' title="bbox 1907 2518 3424 2600">
     <span class='ocr_line' id='line_1_47' title="bbox 1907 2518 3424 2600; baseline 0.009 -28"><span class='ocrx_word' id='word_1_326' title='bbox 1907 2518 2091 2576; x_wconf 81' lang='lat' dir='ltr'><strong>Virtus</strong></span> <span class='ocrx_word' id='word_1_327' title='bbox 2117 2534 2248 2575; x_wconf 84' lang='lat' dir='ltr'><strong>sane</strong></span> <span class='ocrx_word' id='word_1_328' title='bbox 2277 2520 2570 2586; x_wconf 87' lang='lat' dir='ltr'><strong>sinceram,</strong></span> <span class='ocrx_word' id='word_1_329' title='bbox 2608 2523 2924 2591; x_wconf 85' lang='lat' dir='ltr'><strong>gloriosam,</strong></span> <span class='ocrx_word' id='word_1_330' title='bbox 2979 2537 3143 2600; x_wconf 89' lang='lat' dir='ltr'><strong>atque</strong></span> <span class='ocrx_word' id='word_1_331' title='bbox 3195 2532 3424 2588; x_wconf 85' lang='lat' dir='ltr'><strong>immor-</strong></span> 
     </span>
    </p>
   </div>
   <div class='ocr_carea' id='block_1_48' title="bbox 1833 2595 3423 2696">
    <p class='ocr_par' dir='ltr' id='par_1_48' title="bbox 1833 2595 3423 2696">
     <span class='ocr_line' id='line_1_48' title="bbox 1833 2595 3423 2696; baseline 0.011 -30"><span class='ocrx_word' id='word_1_332' title='bbox 1833 2595 1991 2666; x_wconf 84' lang='lat' dir='ltr'><strong>taiem</strong></span> <span class='ocrx_word' id='word_1_333' title='bbox 2016 2612 2420 2684; x_wconf 84' lang='lat' dir='ltr'><strong>perfectamque</strong></span> <span class='ocrx_word' id='word_1_334' title='bbox 2448 2616 2687 2672; x_wconf 86' lang='lat' dir='ltr'><strong>continet</strong></span> <span class='ocrx_word' id='word_1_335' title='bbox 2711 2618 2974 2687; x_wconf 65' lang='lat' dir='ltr'><strong>lactitiam,</strong></span> <span class='ocrx_word' id='word_1_336' title='bbox 3007 2595 3203 2680; x_wconf 33' lang='lat' dir='ltr'><strong>sibona</strong></span> <span class='ocrx_word' id='word_1_337' title='bbox 3232 2629 3423 2696; x_wconf 67' lang='lat' dir='ltr'><strong>quavis</strong></span> 
     </span>
    </p>
   </div>
   <div class='ocr_carea' id='block_1_49' title="bbox 153 2693 1748 2801">
    <p class='ocr_par' dir='ltr' id='par_1_49' title="bbox 153 2693 1724 2769">
     <span class='ocr_line' id='line_1_49' title="bbox 153 2693 1724 2769; baseline 0.003 -21"><span class='ocrx_word' id='word_1_338' title='bbox 153 2693 289 2758; x_wconf 76' lang='grc' dir='ltr'>δότος</span> <span class='ocrx_word' id='word_1_339' title='bbox 316 2697 673 2768; x_wconf 79' lang='grc' dir='ltr'>τικτομένην,</span> <span class='ocrx_word' id='word_1_340' title='bbox 712 2695 817 2750; x_wconf 72' lang='grc' dir='ltr'><strong>ὑπὸ</strong></span> <span class='ocrx_word' id='word_1_341' title='bbox 853 2696 910 2750; x_wconf 84' lang='grc' dir='ltr'>δὲ</span> <span class='ocrx_word' id='word_1_342' title='bbox 955 2696 1064 2750; x_wconf 89' lang='grc' dir='ltr'><strong>τῶν</strong></span> <span class='ocrx_word' id='word_1_343' title='bbox 1098 2696 1487 2769; x_wconf 82' lang='grc' dir='ltr'>ὑπερκοσμίων</span> <span class='ocrx_word' id='word_1_344' title='bbox 1521 2699 1724 2768; x_wconf 81' lang='grc' dir='ltr'>στεφά-</span> 
     </span>
    </p>
   </div>
   <div class='ocr_carea' id='block_1_50' title="bbox 1834 2693 3422 2801">
    <p class='ocr_par' dir='ltr' id='par_1_50' title="bbox 1834 2693 3422 2801">
     <span class='ocr_line' id='line_1_50' title="bbox 1834 2693 3422 2801; baseline 0.012 -46"><span class='ocrx_word' id='word_1_345' title='bbox 1834 2702 2154 2757; x_wconf 71' lang='lat' dir='ltr'><strong>conscientis</strong></span> <span class='ocrx_word' id='word_1_346' title='bbox 2188 2705 2444 2772; x_wconf 79' lang='lat' dir='ltr'><strong>genitam,</strong></span> <span class='ocrx_word' id='word_1_347' title='bbox 2480 2709 2701 2763; x_wconf 85' lang='lat' dir='ltr'><strong>coronis</strong></span> <span class='ocrx_word' id='word_1_348' title='bbox 2742 2720 2932 2801; x_wconf 51' lang='lat' dir='ltr'><strong>auten:</strong></span> <span class='ocrx_word' id='word_1_349' title='bbox 2968 2693 3282 2772; x_wconf 72' lang='lat' dir='ltr'><strong>cmiestibus</strong></span> <span class='ocrx_word' id='word_1_350' title='bbox 3319 2734 3422 2774; x_wconf 86' lang='lat' dir='ltr'><strong>utt-</strong></span> 
     </span>
    </p>
   </div>
   <div class='ocr_carea' id='block_1_51' title="bbox 155 2786 1724 2860">
    <p class='ocr_par' dir='ltr' id='par_1_51' title="bbox 155 2786 1724 2860">
     <span class='ocr_line' id='line_1_51' title="bbox 155 2786 1724 2860; baseline 0.003 -20"><span class='ocrx_word' id='word_1_351' title='bbox 155 2802 248 2840; x_wconf 80' lang='grc' dir='ltr'><strong>νων</strong></span> <span class='ocrx_word' id='word_1_352' title='bbox 276 2786 679 2858; x_wconf 68' lang='grc' dir='ltr'>τιθηνουμένην</span> <span class='ocrx_word' id='word_1_353' title='bbox 728 2787 858 2860; x_wconf 77' lang='grc' dir='ltr'>(Μ),</span> <span class='ocrx_word' id='word_1_354' title='bbox 885 2788 979 2843; x_wconf 71' lang='grc' dir='ltr'>καὶ</span> <span class='ocrx_word' id='word_1_355' title='bbox 1010 2788 1115 2842; x_wconf 82' lang='grc' dir='ltr'><strong>ὑπὸ</strong></span> <span class='ocrx_word' id='word_1_356' title='bbox 1141 2790 1240 2858; x_wconf 83' lang='grc' dir='ltr'>τῆς</span> <span class='ocrx_word' id='word_1_357' title='bbox 1272 2789 1382 2843; x_wconf 89' lang='grc' dir='ltr'><strong>τῶν</strong></span> <span class='ocrx_word' id='word_1_358' title='bbox 1418 2790 1724 2860; x_wconf 70' lang='grc' dir='ltr'>μελλόντων</span> 
     </span>
    </p>
   </div>
   <div class='ocr_carea' id='block_1_52' title="bbox 153 2876 1724 2952">
    <p class='ocr_par' dir='ltr' id='par_1_52' title="bbox 153 2876 1724 2952">
     <span class='ocr_line' id='line_1_52' title="bbox 153 2876 1724 2952; baseline 0.004 -22"><span class='ocrx_word' id='word_1_359' title='bbox 153 2876 352 2942; x_wconf 63' lang='grc' dir='ltr'>ἐλπίδος</span> <span class='ocrx_word' id='word_1_360' title='bbox 396 2879 746 2951; x_wconf 78' lang='grc' dir='ltr'>τρεφομένην</span> <span class='ocrx_word' id='word_1_361' title='bbox 765 2896 778 2910; x_wconf 88' lang='grc'><strong>·</strong></span> <span class='ocrx_word' id='word_1_362' title='bbox 807 2879 920 2951; x_wconf 61' lang='grc' dir='ltr'>ἔχει</span> <span class='ocrx_word' id='word_1_363' title='bbox 947 2879 1004 2933; x_wconf 76' lang='grc' dir='ltr'>δὲ</span> <span class='ocrx_word' id='word_1_364' title='bbox 1035 2882 1127 2933; x_wconf 78' lang='grc' dir='ltr'>καὶ</span> <span class='ocrx_word' id='word_1_365' title='bbox 1155 2880 1376 2948; x_wconf 85' lang='grc' dir='ltr'>πόνους,</span> <span class='ocrx_word' id='word_1_366' title='bbox 1417 2881 1512 2935; x_wconf 77' lang='grc' dir='ltr'>καὶ</span> <span class='ocrx_word' id='word_1_367' title='bbox 1546 2883 1724 2952; x_wconf 83' lang='grc' dir='ltr'>ἀγρυ-</span> 
     </span>
    </p>
   </div>
   <div class='ocr_carea' id='block_1_53' title="bbox 1823 2791 3419 2866">
    <p class='ocr_par' dir='ltr' id='par_1_53' title="bbox 1823 2791 3419 2866">
     <span class='ocr_line' id='line_1_53' title="bbox 1823 2791 3419 2866; baseline 0.013 -21"><span class='ocrx_word' id='word_1_368' title='bbox 1823 2791 2005 2846; x_wconf 86' lang='lat' dir='ltr'><strong>tritam</strong></span> <span class='ocrx_word' id='word_1_369' title='bbox 2032 2793 2432 2864; x_wconf 85' lang='lat' dir='ltr'><strong>educatamque</strong></span> <span class='ocrx_word' id='word_1_370' title='bbox 2459 2811 2554 2866; x_wconf 86' lang='lat' dir='ltr'><strong>spe</strong></span> <span class='ocrx_word' id='word_1_371' title='bbox 2583 2795 2892 2855; x_wconf 84' lang='lat' dir='ltr'><strong>futurorum</strong></span> <span class='ocrx_word' id='word_1_372' title='bbox 2905 2791 3209 2864; x_wconf 43' lang='lat' dir='ltr'><strong>&#39;bouorum.</strong></span> <span class='ocrx_word' id='word_1_373' title='bbox 3243 2805 3419 2866; x_wconf 74' lang='lat' dir='ltr'><strong>liabet</strong></span> 
     </span>
    </p>
   </div>
   <div class='ocr_carea' id='block_1_54' title="bbox 1821 2882 3413 2965">
    <p class='ocr_par' dir='ltr' id='par_1_54' title="bbox 1821 2882 3413 2965">
     <span class='ocr_line' id='line_1_54' title="bbox 1821 2882 3413 2965; baseline 0.012 -29"><span class='ocrx_word' id='word_1_374' title='bbox 1821 2896 1951 2937; x_wconf 83' lang='lat' dir='ltr'><strong>vero</strong></span> <span class='ocrx_word' id='word_1_375' title='bbox 1995 2883 2162 2938; x_wconf 89' lang='lat' dir='ltr'><strong>etiam</strong></span> <span class='ocrx_word' id='word_1_376' title='bbox 2217 2882 2431 2940; x_wconf 78' lang='lat' dir='ltr'><strong>labores</strong></span> <span class='ocrx_word' id='word_1_377' title='bbox 2479 2886 2800 2959; x_wconf 75' lang='lat' dir='ltr'><strong>vigiliasque</strong></span> <span class='ocrx_word' id='word_1_378' title='bbox 2857 2902 2911 2947; x_wconf 88' lang='lat' dir='ltr'><strong>et</strong></span> <span class='ocrx_word' id='word_1_379' title='bbox 2964 2899 3413 2965; x_wconf 83' lang='lat' dir='ltr'><strong>exercitationes,</strong></span> 
     </span>
    </p>
   </div>
   <div class='ocr_carea' id='block_1_55' title="bbox 155 2963 1748 3050">
    <p class='ocr_par' dir='ltr' id='par_1_55' title="bbox 155 2963 1722 3045">
     <span class='ocr_line' id='line_1_55' title="bbox 155 2963 1722 3045; baseline 0.002 -24"><span class='ocrx_word' id='word_1_380' title='bbox 155 2967 321 3031; x_wconf 82' lang='grc' dir='ltr'>πνίας,</span> <span class='ocrx_word' id='word_1_381' title='bbox 357 2971 454 3023; x_wconf 66' lang='grc' dir='ltr'>καὶ</span> <span class='ocrx_word' id='word_1_382' title='bbox 482 2971 768 3038; x_wconf 80' lang='grc' dir='ltr'>ἀσκήσεις,</span> <span class='ocrx_word' id='word_1_383' title='bbox 806 2970 872 3023; x_wconf 87' lang='grc' dir='ltr'><strong>δι’</strong></span> <span class='ocrx_word' id='word_1_384' title='bbox 913 2963 988 3025; x_wconf 81' lang='grc' dir='ltr'>ὧν</span> <span class='ocrx_word' id='word_1_385' title='bbox 1027 2971 1408 3045; x_wconf 79' lang='grc' dir='ltr'>κατορθοῦται.</span> <span class='ocrx_word' id='word_1_386' title='bbox 1441 2973 1517 3026; x_wconf 81' lang='grc' dir='ltr'><strong>Οὐ</strong></span> <span class='ocrx_word' id='word_1_387' title='bbox 1553 2975 1662 3042; x_wconf 77' lang='grc' dir='ltr'>γὰρ</span> <span class='ocrx_word' id='word_1_388' title='bbox 1692 2972 1722 3025; x_wconf 86' lang='grc' dir='ltr'><strong>δ</strong></span> 
     </span>
    </p>
   </div>
   <div class='ocr_carea' id='block_1_56' title="bbox 1834 2963 3418 3050">
    <p class='ocr_par' dir='ltr' id='par_1_56' title="bbox 1834 2963 3418 3050">
     <span class='ocr_line' id='line_1_56' title="bbox 1834 2963 3418 3050; baseline 0.017 -27"><span class='ocrx_word' id='word_1_389' title='bbox 1834 2973 2019 3044; x_wconf 62' lang='lat' dir='ltr'><strong>litibus</strong></span> <span class='ocrx_word' id='word_1_390' title='bbox 2048 2975 2224 3030; x_wconf 89' lang='lat' dir='ltr'><strong>virtus</strong></span> <span class='ocrx_word' id='word_1_391' title='bbox 2272 2977 2570 3046; x_wconf 79' lang='lat' dir='ltr'><strong>perficitur.</strong></span> <span class='ocrx_word' id='word_1_392' title='bbox 2608 2979 2842 3048; x_wconf 81' lang='lat' dir='ltr'><strong>ignavos</strong></span> <span class='ocrx_word' id='word_1_393' title='bbox 2873 2986 3016 3041; x_wconf 91' lang='lat' dir='ltr'><strong>euim</strong></span> <span class='ocrx_word' id='word_1_394' title='bbox 3058 2997 3112 3044; x_wconf 86' lang='lat' dir='ltr'><strong>et</strong></span> <span class='ocrx_word' id='word_1_395' title='bbox 3139 2963 3418 3050; x_wconf 82' lang='lat' dir='ltr'><strong>dormiens</strong></span> 
     </span>
    </p>
   </div>
   <div class='ocr_carea' id='block_1_57' title="bbox 155 3054 1748 3152">
    <p class='ocr_par' dir='ltr' id='par_1_57' title="bbox 155 3054 1748 3152">
     <span class='ocr_line' id='line_1_57' title="bbox 155 3054 1748 3152; baseline 0.006 -45"><span class='ocrx_word' id='word_1_396' title='bbox 155 3054 402 3125; x_wconf 74' lang='grc' dir='ltr'>ῥᾳθυμῶν</span> <span class='ocrx_word' id='word_1_397' title='bbox 448 3057 550 3110; x_wconf 76' lang='grc' dir='ltr'>καὶ</span> <span class='ocrx_word' id='word_1_398' title='bbox 600 3056 879 3112; x_wconf 85' lang='grc' dir='ltr'>καθεύδων</span> <span class='ocrx_word' id='word_1_399' title='bbox 923 3059 1188 3132; x_wconf 84' lang='grc' dir='ltr'>τρόπαιον</span> <span class='ocrx_word' id='word_1_400' title='bbox 1245 3061 1459 3130; x_wconf 84' lang='grc' dir='ltr'>στήσει,</span> <span class='ocrx_word' id='word_1_401' title='bbox 1522 3061 1639 3115; x_wconf 77' lang='grc' dir='ltr'>ἀλλ’</span> <span class='ocrx_word' id='word_1_402' title='bbox 1670 3062 1748 3152; x_wconf 67' lang='grc' dir='ltr'>δε</span> 
     </span>
    </p>
   </div>
   <div class='ocr_carea' id='block_1_58' title="bbox 1834 3054 3416 3152">
    <p class='ocr_par' dir='ltr' id='par_1_58' title="bbox 1834 3069 3416 3152">
     <span class='ocr_line' id='line_1_58' title="bbox 1834 3069 3416 3152; baseline 0.013 -34"><span class='ocrx_word' id='word_1_403' title='bbox 1834 3074 2026 3133; x_wconf 68' lang='lat' dir='ltr'><strong>tropaea</strong></span> <span class='ocrx_word' id='word_1_404' title='bbox 2066 3079 2175 3119; x_wconf 89' lang='lat' dir='ltr'><strong>non</strong></span> <span class='ocrx_word' id='word_1_405' title='bbox 2215 3075 2439 3132; x_wconf 86' lang='lat' dir='ltr'><strong>statuet,</strong></span> <span class='ocrx_word' id='word_1_406' title='bbox 2479 3069 2574 3122; x_wconf 87' lang='lat' dir='ltr'><strong>sed</strong></span> <span class='ocrx_word' id='word_1_407' title='bbox 2609 3071 2702 3140; x_wconf 87' lang='lat' dir='ltr'><strong>qui</strong></span> <span class='ocrx_word' id='word_1_408' title='bbox 2741 3074 2914 3128; x_wconf 88' lang='lat' dir='ltr'><strong>valide</strong></span> <span class='ocrx_word' id='word_1_409' title='bbox 2956 3076 3008 3129; x_wconf 86' lang='lat' dir='ltr'><strong>in</strong></span> <span class='ocrx_word' id='word_1_410' title='bbox 3066 3078 3273 3135; x_wconf 83' lang='lat' dir='ltr'><strong>hostem</strong></span> <span class='ocrx_word' id='word_1_411' title='bbox 3317 3098 3416 3152; x_wconf 81' lang='lat' dir='ltr'><strong>pu-</strong></span> 
     </span>
    </p>
   </div>
   <div class='ocr_carea' id='block_1_59' title="bbox 153 3140 1720 3220">
    <p class='ocr_par' dir='ltr' id='par_1_59' title="bbox 153 3140 1720 3220">
     <span class='ocr_line' id='line_1_59' title="bbox 153 3140 1720 3220; baseline 0.005 -24"><span class='ocrx_word' id='word_1_412' title='bbox 153 3140 406 3215; x_wconf 84' lang='grc' dir='ltr'>λαμπρῶς</span> <span class='ocrx_word' id='word_1_413' title='bbox 439 3146 582 3217; x_wconf 80' lang='grc' dir='ltr'>πρὸς</span> <span class='ocrx_word' id='word_1_414' title='bbox 607 3147 736 3211; x_wconf 81' lang='grc' dir='ltr'>τοὺς</span> <span class='ocrx_word' id='word_1_415' title='bbox 777 3148 1058 3212; x_wconf 68' lang='grc' dir='ltr'>ἐναντίους</span> <span class='ocrx_word' id='word_1_416' title='bbox 1108 3149 1543 3220; x_wconf 74' lang='grc' dir='ltr'>ἀγωνισάμενος,</span> <span class='ocrx_word' id='word_1_417' title='bbox 1571 3153 1634 3204; x_wconf 88' lang='grc' dir='ltr'>Εί</span> <span class='ocrx_word' id='word_1_418' title='bbox 1663 3151 1720 3204; x_wconf 77' lang='grc' dir='ltr'>δὲ</span> 
     </span>
    </p>
   </div>
   <div class='ocr_carea' id='block_1_60' title="bbox 152 3233 1721 3309">
    <p class='ocr_par' dir='ltr' id='par_1_60' title="bbox 152 3233 1721 3309">
     <span class='ocr_line' id='line_1_60' title="bbox 152 3233 1721 3309; baseline 0.006 -23"><span class='ocrx_word' id='word_1_419' title='bbox 152 3235 306 3304; x_wconf 78' lang='grc' dir='ltr'>φαίης</span> <span class='ocrx_word' id='word_1_420' title='bbox 335 3234 525 3302; x_wconf 76' lang='grc' dir='ltr'>πάλιν,</span> <span class='ocrx_word' id='word_1_421' title='bbox 555 3234 746 3308; x_wconf 75' lang='grc' dir='ltr'>ὥσπερ</span> <span class='ocrx_word' id='word_1_422' title='bbox 772 3233 865 3292; x_wconf 83' lang='grc' dir='ltr'>οὖν</span> <span class='ocrx_word' id='word_1_423' title='bbox 895 3238 991 3293; x_wconf 71' lang='grc' dir='ltr'><strong>καὶ</strong></span> <span class='ocrx_word' id='word_1_424' title='bbox 1017 3238 1175 3309; x_wconf 75' lang='grc' dir='ltr'>ἔφης,</span> <span class='ocrx_word' id='word_1_425' title='bbox 1211 3233 1324 3293; x_wconf 73' lang='grc' dir='ltr'>οἷόν</span> <span class='ocrx_word' id='word_1_426' title='bbox 1349 3255 1411 3293; x_wconf 85' lang='grc' dir='ltr'><strong>τε</strong></span> <span class='ocrx_word' id='word_1_427' title='bbox 1460 3235 1599 3294; x_wconf 79' lang='grc' dir='ltr'>εἶναι</span> <span class='ocrx_word' id='word_1_428' title='bbox 1627 3242 1721 3296; x_wconf 80' lang='grc' dir='ltr'>τὸν</span> 
     </span>
    </p>
   </div>
   <div class='ocr_carea' id='block_1_61' title="bbox 150 3323 1716 3405">
    <p class='ocr_par' dir='ltr' id='par_1_61' title="bbox 150 3323 1716 3405">
     <span class='ocr_line' id='line_1_61' title="bbox 150 3323 1716 3405; baseline 0.006 -28"><span class='ocrx_word' id='word_1_429' title='bbox 150 3323 211 3378; x_wconf 77' lang='grc' dir='ltr'>τὰ</span> <span class='ocrx_word' id='word_1_430' title='bbox 236 3323 469 3395; x_wconf 74' lang='grc' dir='ltr'>βιωτικὰ</span> <span class='ocrx_word' id='word_1_431' title='bbox 506 3327 811 3399; x_wconf 82' lang='grc' dir='ltr'>πράγματα</span> <span class='ocrx_word' id='word_1_432' title='bbox 843 3331 1362 3403; x_wconf 74' lang='grc' dir='ltr'>μεταχειριζόμενον</span> <span class='ocrx_word' id='word_1_433' title='bbox 1395 3333 1716 3405; x_wconf 75' lang='grc' dir='ltr'>πεφθῆναι,</span> 
     </span>
    </p>
   </div>
   <div class='ocr_carea' id='block_1_62' title="bbox 151 3414 1721 3494">
    <p class='ocr_par' dir='ltr' id='par_1_62' title="bbox 151 3414 1721 3494">
     <span class='ocr_line' id='line_1_62' title="bbox 151 3414 1721 3494; baseline 0.006 -27"><span class='ocrx_word' id='word_1_434' title='bbox 151 3414 318 3470; x_wconf 72' lang='grc' dir='ltr'>πάντα</span> <span class='ocrx_word' id='word_1_435' title='bbox 344 3416 416 3470; x_wconf 84' lang='grc' dir='ltr'>τὰ</span> <span class='ocrx_word' id='word_1_436' title='bbox 441 3415 560 3488; x_wconf 71' lang='grc' dir='ltr'>εἴδη</span> <span class='ocrx_word' id='word_1_437' title='bbox 590 3420 692 3488; x_wconf 77' lang='grc' dir='ltr'>τῆς</span> <span class='ocrx_word' id='word_1_438' title='bbox 713 3419 918 3490; x_wconf 79' lang='grc' dir='ltr'>ἀρετῆς</span> <span class='ocrx_word' id='word_1_439' title='bbox 937 3421 1386 3494; x_wconf 80' lang='grc' dir='ltr'>κατορθώσαντα,</span> <span class='ocrx_word' id='word_1_440' title='bbox 1430 3424 1526 3476; x_wconf 73' lang='grc' dir='ltr'>καὶ</span> <span class='ocrx_word' id='word_1_441' title='bbox 1553 3440 1721 3476; x_wconf 85' lang='grc' dir='ltr'>σπου-</span> 
     </span>
    </p>
   </div>
   <div class='ocr_carea' id='block_1_63' title="bbox 150 3502 1718 3585">
    <p class='ocr_par' dir='ltr' id='par_1_63' title="bbox 150 3502 1718 3585">
     <span class='ocr_line' id='line_1_63' title="bbox 150 3502 1718 3585; baseline 0.011 -28"><span class='ocrx_word' id='word_1_442' title='bbox 150 3502 334 3584; x_wconf 65' lang='grc' dir='ltr'>δᾴζων,</span> <span class='ocrx_word' id='word_1_443' title='bbox 387 3506 530 3562; x_wconf 77' lang='grc' dir='ltr'>ἀλλὰ</span> <span class='ocrx_word' id='word_1_444' title='bbox 579 3507 656 3581; x_wconf 76' lang='grc' dir='ltr'>μὴ</span> <span class='ocrx_word' id='word_1_445' title='bbox 695 3510 908 3574; x_wconf 72' lang='grc' dir='ltr'>παίζων</span> <span class='ocrx_word' id='word_1_446' title='bbox 945 3512 1191 3584; x_wconf 79' lang='grc' dir='ltr'>ἀκριϐῶς</span> <span class='ocrx_word' id='word_1_447' title='bbox 1235 3513 1414 3568; x_wconf 84' lang='grc' dir='ltr'>ταῦτα</span> <span class='ocrx_word' id='word_1_448' title='bbox 1464 3514 1608 3585; x_wconf 79' lang='grc' dir='ltr'>φής’</span> <span class='ocrx_word' id='word_1_449' title='bbox 1643 3513 1718 3584; x_wconf 78' lang='grc' dir='ltr'>μὴ</span> 
     </span>
    </p>
   </div>
   <div class='ocr_carea' id='block_1_64' title="bbox 151 3591 1717 3672">
    <p class='ocr_par' dir='ltr' id='par_1_64' title="bbox 151 3591 1717 3672">
     <span class='ocr_line' id='line_1_64' title="bbox 151 3591 1717 3672; baseline 0.002 -21"><span class='ocrx_word' id='word_1_450' title='bbox 151 3591 412 3668; x_wconf 77' lang='grc' dir='ltr'>φθονήσῃς</span> <span class='ocrx_word' id='word_1_451' title='bbox 441 3595 653 3663; x_wconf 77' lang='grc' dir='ltr'>διδάξαι</span> <span class='ocrx_word' id='word_1_452' title='bbox 688 3615 757 3668; x_wconf 87' lang='grc' dir='ltr'><strong>με</strong></span> <span class='ocrx_word' id='word_1_453' title='bbox 787 3599 848 3652; x_wconf 83' lang='grc' dir='ltr'>τὸ</span> <span class='ocrx_word' id='word_1_454' title='bbox 904 3601 1209 3672; x_wconf 78' lang='grc' dir='ltr'>παράδοξον</span> <span class='ocrx_word' id='word_1_455' title='bbox 1238 3600 1398 3656; x_wconf 81' lang='grc' dir='ltr'>τοῦτο</span> <span class='ocrx_word' id='word_1_456' title='bbox 1436 3603 1532 3655; x_wconf 82' lang='grc' dir='ltr'>καὶ</span> <span class='ocrx_word' id='word_1_457' title='bbox 1579 3601 1717 3654; x_wconf 89' lang='grc' dir='ltr'>νεώ-</span> 
     </span>
    </p>
   </div>
   <div class='ocr_carea' id='block_1_65' title="bbox 149 3687 1712 3764">
    <p class='ocr_par' dir='ltr' id='par_1_65' title="bbox 149 3687 1712 3764">
     <span class='ocr_line' id='line_1_65' title="bbox 149 3687 1712 3764; baseline 0.005 -26"><span class='ocrx_word' id='word_1_458' title='bbox 149 3699 294 3756; x_wconf 79' lang='grc' dir='ltr'>τερον</span> <span class='ocrx_word' id='word_1_459' title='bbox 325 3687 578 3759; x_wconf 79' lang='grc' dir='ltr'>μάθημα.</span> <span class='ocrx_word' id='word_1_460' title='bbox 612 3690 750 3742; x_wconf 69' lang='grc' dir='ltr'>Οὐδὲ</span> <span class='ocrx_word' id='word_1_461' title='bbox 773 3691 880 3761; x_wconf 83' lang='grc' dir='ltr'>γὰρ</span> <span class='ocrx_word' id='word_1_462' title='bbox 909 3691 1100 3761; x_wconf 79' lang='grc' dir='ltr'>ῥᾳδίας</span> <span class='ocrx_word' id='word_1_463' title='bbox 1135 3693 1270 3764; x_wconf 76' lang='grc'><strong>(15).</strong></span> <span class='ocrx_word' id='word_1_464' title='bbox 1301 3693 1398 3746; x_wconf 80' lang='grc' dir='ltr'>καὶ</span> <span class='ocrx_word' id='word_1_465' title='bbox 1431 3691 1712 3758; x_wconf 78' lang='grc' dir='ltr'>πλατείας,</span> 
     </span>
    </p>
   </div>
   <div class='ocr_carea' id='block_1_66' title="bbox 150 3774 1716 3849">
    <p class='ocr_par' dir='ltr' id='par_1_66' title="bbox 150 3774 1716 3849">
     <span class='ocr_line' id='line_1_66' title="bbox 150 3774 1716 3849; baseline 0.004 -23"><span class='ocrx_word' id='word_1_466' title='bbox 150 3774 236 3827; x_wconf 79' lang='grc' dir='ltr'>καὶ</span> <span class='ocrx_word' id='word_1_467' title='bbox 263 3775 574 3846; x_wconf 83' lang='grc' dir='ltr'>ίππηλάτου</span> <span class='ocrx_word' id='word_1_468' title='bbox 605 3774 772 3848; x_wconf 76' lang='grc' dir='ltr'>οὔσης</span> <span class='ocrx_word' id='word_1_469' title='bbox 803 3778 905 3848; x_wconf 83' lang='grc' dir='ltr'>τῆς</span> <span class='ocrx_word' id='word_1_470' title='bbox 930 3779 1186 3849; x_wconf 81' lang='grc' dir='ltr'>τοιαύτης</span> <span class='ocrx_word' id='word_1_471' title='bbox 1220 3778 1364 3843; x_wconf 80' lang='grc' dir='ltr'>ὁδοῦ,</span> <span class='ocrx_word' id='word_1_472' title='bbox 1402 3778 1716 3848; x_wconf 76' lang='grc' dir='ltr'>πράγματα</span> 
     </span>
    </p>
   </div>
   <div class='ocr_carea' id='block_1_67' title="bbox 155 3861 1712 3938">
    <p class='ocr_par' dir='ltr' id='par_1_67' title="bbox 155 3861 1712 3938">
     <span class='ocr_line' id='line_1_67' title="bbox 155 3861 1712 3938; baseline 0.003 -22"><span class='ocrx_word' id='word_1_473' title='bbox 155 3861 404 3935; x_wconf 82' lang='grc' dir='ltr'>βούλομαι</span> <span class='ocrx_word' id='word_1_474' title='bbox 437 3866 604 3930; x_wconf 84' lang='grc' dir='ltr'>αὐτός</span> <span class='ocrx_word' id='word_1_475' title='bbox 628 3883 690 3920; x_wconf 86' lang='grc' dir='ltr'><strong>τε</strong></span> <span class='ocrx_word' id='word_1_476' title='bbox 724 3867 889 3936; x_wconf 68' lang='grc' dir='ltr'>ἔχειν,</span> <span class='ocrx_word' id='word_1_477' title='bbox 921 3868 1019 3921; x_wconf 78' lang='grc' dir='ltr'>καὶ</span> <span class='ocrx_word' id='word_1_478' title='bbox 1062 3871 1176 3931; x_wconf 86' lang='grc' dir='ltr'>τοῖς</span> <span class='ocrx_word' id='word_1_479' title='bbox 1215 3867 1397 3930; x_wconf 76' lang='grc' dir='ltr'>ἄλλοις</span> <span class='ocrx_word' id='word_1_480' title='bbox 1428 3869 1712 3938; x_wconf 82' lang='grc' dir='ltr'>παρέχειν,</span> 
     </span>
    </p>
   </div>
   <div class='ocr_carea' id='block_1_68' title="bbox 148 3951 1714 4026">
    <p class='ocr_par' dir='ltr' id='par_1_68' title="bbox 148 3951 1714 4026">
     <span class='ocr_line' id='line_1_68' title="bbox 148 3951 1714 4026; baseline 0.001 -18"><span class='ocrx_word' id='word_1_481' title='bbox 148 3951 307 4022; x_wconf 71' lang='grc' dir='ltr'>λέγων</span> <span class='ocrx_word' id='word_1_482' title='bbox 338 3957 400 4010; x_wconf 77' lang='grc' dir='ltr'><strong>τὸ</strong></span> <span class='ocrx_word' id='word_1_483' title='bbox 450 3956 810 4011; x_wconf 80' lang='grc' dir='ltr'>ἀποστολικδν</span> <span class='ocrx_word' id='word_1_484' title='bbox 834 3998 850 4024; x_wconf 91' lang='grc'><strong>,</strong></span> <span class='ocrx_word' id='word_1_485' title='bbox 891 3959 973 4012; x_wconf 86' lang='grc' dir='ltr'>ὅτι</span> <span class='ocrx_word' id='word_1_486' title='bbox 1015 3977 1033 4010; x_wconf 83' lang='grc' dir='ltr'><strong>ι</strong></span> <span class='ocrx_word' id='word_1_487' title='bbox 1073 3959 1171 4012; x_wconf 86' lang='grc' dir='ltr'><strong>Διὰ</strong></span> <span class='ocrx_word' id='word_1_488' title='bbox 1217 3958 1432 4011; x_wconf 78' lang='grc' dir='ltr'>πολλῶν</span> <span class='ocrx_word' id='word_1_489' title='bbox 1480 3957 1714 4026; x_wconf 80' lang='grc' dir='ltr'>θλίψεων</span> 
     </span>
    </p>
   </div>
   <div class='ocr_carea' id='block_1_69' title="bbox 146 4040 1708 4120">
    <p class='ocr_par' dir='ltr' id='par_1_69' title="bbox 146 4040 1708 4120">
     <span class='ocr_line' id='line_1_69' title="bbox 146 4040 1708 4120; baseline 0.004 -26"><span class='ocrx_word' id='word_1_490' title='bbox 146 4040 219 4095; x_wconf 83' lang='grc' dir='ltr'><strong>δεῖ</strong></span> <span class='ocrx_word' id='word_1_491' title='bbox 244 4044 388 4114; x_wconf 72' lang='grc' dir='ltr'>ἡμᾶς</span> <span class='ocrx_word' id='word_1_492' title='bbox 418 4045 682 4100; x_wconf 73' lang='grc' dir='ltr'>εἰσελθεῖν</span> <span class='ocrx_word' id='word_1_493' title='bbox 706 4048 784 4111; x_wconf 92' lang='grc' dir='ltr'><strong>εἰς</strong></span> <span class='ocrx_word' id='word_1_494' title='bbox 811 4047 910 4119; x_wconf 83' lang='grc' dir='ltr'><strong>τὴν</strong></span> <span class='ocrx_word' id='word_1_495' title='bbox 933 4048 1210 4110; x_wconf 83' lang='grc' dir='ltr'>βασιλείαν</span> <span class='ocrx_word' id='word_1_496' title='bbox 1242 4049 1352 4102; x_wconf 83' lang='grc' dir='ltr'><strong>τῶν</strong></span> <span class='ocrx_word' id='word_1_497' title='bbox 1384 4047 1653 4120; x_wconf 81' lang='grc' dir='ltr'>οὐρανῶν.</span> <span class='ocrx_word' id='word_1_498' title='bbox 1689 4066 1708 4100; x_wconf 82' lang='lat' dir='ltr'><strong>s</strong></span> 
     </span>
    </p>
   </div>
   <div class='ocr_carea' id='block_1_70' title="bbox 156 4128 1712 4210">
    <p class='ocr_par' dir='ltr' id='par_1_70' title="bbox 156 4128 1712 4210">
     <span class='ocr_line' id='line_1_70' title="bbox 156 4128 1712 4210; baseline 0.003 -24"><span class='ocrx_word' id='word_1_499' title='bbox 156 4131 212 4185; x_wconf 85' lang='lat'><strong>&#39;0</strong></span> <span class='ocrx_word' id='word_1_500' title='bbox 239 4133 344 4207; x_wconf 81' lang='grc' dir='ltr'><strong>γὰρ</strong></span> <span class='ocrx_word' id='word_1_501' title='bbox 379 4138 661 4206; x_wconf 80' lang='grc' dir='ltr'>Δεσπότης</span> <span class='ocrx_word' id='word_1_502' title='bbox 703 4138 936 4208; x_wconf 82' lang='grc' dir='ltr'>Χριστὸς</span> <span class='ocrx_word' id='word_1_503' title='bbox 972 4128 1314 4210; x_wconf 67' lang='grc' dir='ltr'>ἀπεφήνατο,</span> <span class='ocrx_word' id='word_1_504' title='bbox 1347 4137 1538 4210; x_wconf 82' lang='grc' dir='ltr'>στενὴν</span> <span class='ocrx_word' id='word_1_505' title='bbox 1573 4134 1712 4192; x_wconf 81' lang='grc' dir='ltr'>εἶναι</span> 
     </span>
    </p>
   </div>
   <div class='ocr_carea' id='block_1_71' title="bbox 147 4224 1712 4301">
    <p class='ocr_par' dir='ltr' id='par_1_71' title="bbox 147 4224 1712 4301">
     <span class='ocr_line' id='line_1_71' title="bbox 147 4224 1712 4301; baseline 0.001 -22"><span class='ocrx_word' id='word_1_506' title='bbox 147 4224 235 4292; x_wconf 75' lang='grc' dir='ltr'>τὴν</span> <span class='ocrx_word' id='word_1_507' title='bbox 258 4225 463 4298; x_wconf 82' lang='grc' dir='ltr'>πύλην,</span> <span class='ocrx_word' id='word_1_508' title='bbox 497 4227 594 4280; x_wconf 81' lang='grc' dir='ltr'>καὶ</span> <span class='ocrx_word' id='word_1_509' title='bbox 628 4227 998 4300; x_wconf 82' lang='grc' dir='ltr'>τεθλιμμένην</span> <span class='ocrx_word' id='word_1_510' title='bbox 1025 4230 1123 4301; x_wconf 83' lang='grc' dir='ltr'>τὴν</span> <span class='ocrx_word' id='word_1_511' title='bbox 1162 4229 1302 4294; x_wconf 81' lang='grc' dir='ltr'>ὁδὸν,</span> <span class='ocrx_word' id='word_1_512' title='bbox 1335 4229 1432 4301; x_wconf 78' lang='grc' dir='ltr'><strong>τήν</strong></span> <span class='ocrx_word' id='word_1_513' title='bbox 1463 4228 1712 4297; x_wconf 82' lang='grc' dir='ltr'>ἀπάγου-</span> 
     </span>
    </p>
   </div>
   <div class='ocr_carea' id='block_1_72' title="bbox 1822 3150 3491 3238">
    <p class='ocr_par' dir='ltr' id='par_1_72' title="bbox 1822 3150 3491 3238">
     <span class='ocr_line' id='line_1_72' title="bbox 1822 3150 3491 3238; baseline 0.015 -36"><span class='ocrx_word' id='word_1_514' title='bbox 1822 3151 2089 3221; x_wconf 87' lang='lat' dir='ltr'><strong>guavcrit.</strong></span> <span class='ocrx_word' id='word_1_515' title='bbox 2125 3150 2181 3206; x_wconf 88' lang='lat' dir='ltr'><strong>Si</strong></span> <span class='ocrx_word' id='word_1_516' title='bbox 2216 3153 2412 3208; x_wconf 86' lang='lat' dir='ltr'><strong>iterum</strong></span> <span class='ocrx_word' id='word_1_517' title='bbox 2457 3155 2710 3223; x_wconf 87' lang='lat' dir='ltr'><strong>ohjicias,</strong></span> <span class='ocrx_word' id='word_1_518' title='bbox 2748 3163 2889 3228; x_wconf 88' lang='lat' dir='ltr'><strong>quod</strong></span> <span class='ocrx_word' id='word_1_519' title='bbox 2916 3163 3078 3228; x_wconf 86' lang='lat' dir='ltr'><strong>facis,</strong></span> <span class='ocrx_word' id='word_1_520' title='bbox 3111 3150 3413 3238; x_wconf 74' lang='lat' dir='ltr'><strong>fieriposse</strong></span> <span class='ocrx_word' id='word_1_521' title='bbox 3489 3195 3491 3197; x_wconf 58' lang='grc' dir='ltr'><strong>ί</strong></span> 
     </span>
    </p>
   </div>
   <div class='ocr_carea' id='block_1_73' title="bbox 1823 3241 3414 3322">
    <p class='ocr_par' dir='ltr' id='par_1_73' title="bbox 1823 3241 3414 3322">
     <span class='ocr_line' id='line_1_73' title="bbox 1823 3241 3414 3322; baseline 0.014 -29"><span class='ocrx_word' id='word_1_522' title='bbox 1823 3251 1880 3294; x_wconf 91' lang='lat' dir='ltr'><strong>ut</strong></span> <span class='ocrx_word' id='word_1_523' title='bbox 1911 3241 2002 3312; x_wconf 88' lang='lat' dir='ltr'><strong>qui</strong></span> <span class='ocrx_word' id='word_1_524' title='bbox 2037 3241 2102 3294; x_wconf 89' lang='lat' dir='ltr'><strong>ad</strong></span> <span class='ocrx_word' id='word_1_525' title='bbox 2137 3242 2428 3302; x_wconf 80' lang='lat' dir='ltr'><strong>humanam</strong></span> <span class='ocrx_word' id='word_1_526' title='bbox 2465 3247 2629 3300; x_wconf 86' lang='lat' dir='ltr'><strong>vitam</strong></span> <span class='ocrx_word' id='word_1_527' title='bbox 2669 3251 2881 3320; x_wconf 78' lang='lat' dir='ltr'><strong>negotia</strong></span> <span class='ocrx_word' id='word_1_528' title='bbox 2920 3255 3243 3322; x_wconf 86' lang='lat' dir='ltr'><strong>pertinentia</strong></span> <span class='ocrx_word' id='word_1_529' title='bbox 3303 3270 3414 3314; x_wconf 83' lang='lat' dir='ltr'><strong>tra-</strong></span> 
     </span>
    </p>
   </div>
   <div class='ocr_carea' id='block_1_74' title="bbox 1822 3335 3414 3419">
    <p class='ocr_par' dir='ltr' id='par_1_74' title="bbox 1822 3335 3414 3419">
     <span class='ocr_line' id='line_1_74' title="bbox 1822 3335 3414 3419; baseline 0.015 -35"><span class='ocrx_word' id='word_1_530' title='bbox 1822 3339 1952 3395; x_wconf 86' lang='lat' dir='ltr'><strong>ctet,</strong></span> <span class='ocrx_word' id='word_1_531' title='bbox 1996 3341 2294 3414; x_wconf 81' lang='lat' dir='ltr'><strong>coronetur</strong></span> <span class='ocrx_word' id='word_1_532' title='bbox 2325 3335 2474 3390; x_wconf 91' lang='lat' dir='ltr'><strong>omni</strong></span> <span class='ocrx_word' id='word_1_533' title='bbox 2518 3338 2778 3394; x_wconf 89' lang='lat' dir='ltr'><strong>virtutum</strong></span> <span class='ocrx_word' id='word_1_534' title='bbox 2822 3355 3052 3402; x_wconf 88' lang='lat' dir='ltr'><strong>ornatus</strong></span> <span class='ocrx_word' id='word_1_535' title='bbox 3095 3363 3310 3419; x_wconf 88' lang='lat' dir='ltr'><strong>genere.</strong></span> <span class='ocrx_word' id='word_1_536' title='bbox 3347 3350 3414 3408; x_wconf 87' lang='lat' dir='ltr'><strong>Et</strong></span> 
     </span>
    </p>
   </div>
   <div class='ocr_carea' id='block_1_75' title="bbox 1821 3411 3412 3506">
    <p class='ocr_par' dir='ltr' id='par_1_75' title="bbox 1821 3411 3412 3506">
     <span class='ocr_line' id='line_1_75' title="bbox 1821 3411 3412 3506; baseline 0.015 -33"><span class='ocrx_word' id='word_1_537' title='bbox 1821 3421 1965 3474; x_wconf 88' lang='lat' dir='ltr'><strong>serio</strong></span> <span class='ocrx_word' id='word_1_538' title='bbox 2017 3411 2130 3478; x_wconf 57' lang='lat' dir='ltr'><strong>haec</strong></span> <span class='ocrx_word' id='word_1_539' title='bbox 2177 3423 2418 3491; x_wconf 85' lang='lat' dir='ltr'><strong>quidem,</strong></span> <span class='ocrx_word' id='word_1_540' title='bbox 2457 3438 2820 3500; x_wconf 80' lang='lat' dir='ltr'><strong>accurateque</strong></span> <span class='ocrx_word' id='word_1_541' title='bbox 2864 3450 2969 3489; x_wconf 87' lang='lat' dir='ltr'><strong>non</strong></span> <span class='ocrx_word' id='word_1_542' title='bbox 3016 3411 3253 3506; x_wconf 54' lang='lat' dir='ltr'><strong>jac-aude</strong></span> <span class='ocrx_word' id='word_1_543' title='bbox 3297 3441 3412 3497; x_wconf 60' lang='lat' dir='ltr'><strong>haec</strong></span> 
     </span>
    </p>
   </div>
   <div class='ocr_carea' id='block_1_76' title="bbox 1819 3508 3409 3586">
    <p class='ocr_par' dir='ltr' id='par_1_76' title="bbox 1819 3508 3409 3586">
     <span class='ocr_line' id='line_1_76' title="bbox 1819 3508 3409 3586; baseline 0.016 -25"><span class='ocrx_word' id='word_1_544' title='bbox 1819 3508 2054 3578; x_wconf 78' lang='lat' dir='ltr'><strong>profers,</strong></span> <span class='ocrx_word' id='word_1_545' title='bbox 2089 3528 2193 3565; x_wconf 90' lang='lat' dir='ltr'><strong>non</strong></span> <span class='ocrx_word' id='word_1_546' title='bbox 2231 3513 2454 3571; x_wconf 79' lang='lat' dir='ltr'><strong>moleste</strong></span> <span class='ocrx_word' id='word_1_547' title='bbox 2482 3525 2660 3574; x_wconf 89' lang='lat' dir='ltr'><strong>tamen</strong></span> <span class='ocrx_word' id='word_1_548' title='bbox 2695 3520 2836 3576; x_wconf 87' lang='lat' dir='ltr'><strong>feres</strong></span> <span class='ocrx_word' id='word_1_549' title='bbox 2864 3524 3059 3581; x_wconf 83' lang='lat' dir='ltr'><strong>docere</strong></span> <span class='ocrx_word' id='word_1_550' title='bbox 3091 3544 3175 3584; x_wconf 89' lang='lat' dir='ltr'><strong>me</strong></span> <span class='ocrx_word' id='word_1_551' title='bbox 3211 3544 3409 3586; x_wconf 88' lang='lat' dir='ltr'><strong>novum</strong></span> 
     </span>
    </p>
   </div>
   <div class='ocr_carea' id='block_1_77' title="bbox 1821 3602 3411 3690">
    <p class='ocr_par' dir='ltr' id='par_1_77' title="bbox 1821 3602 3411 3690">
     <span class='ocr_line' id='line_1_77' title="bbox 1821 3602 3411 3690; baseline 0.015 -36"><span class='ocrx_word' id='word_1_552' title='bbox 1821 3602 1923 3656; x_wconf 89' lang='lat' dir='ltr'><strong>hoc</strong></span> <span class='ocrx_word' id='word_1_553' title='bbox 1971 3611 2024 3657; x_wconf 86' lang='lat' dir='ltr'><strong>et</strong></span> <span class='ocrx_word' id='word_1_554' title='bbox 2081 3603 2396 3658; x_wconf 82' lang='lat' dir='ltr'><strong>inusitatum</strong></span> <span class='ocrx_word' id='word_1_555' title='bbox 2447 3618 2542 3662; x_wconf 91' lang='lat' dir='ltr'><strong>aut</strong></span> <span class='ocrx_word' id='word_1_556' title='bbox 2597 3609 2917 3669; x_wconf 87' lang='lat' dir='ltr'><strong>incredibile</strong></span> <span class='ocrx_word' id='word_1_557' title='bbox 2970 3616 3187 3687; x_wconf 86' lang='lat' dir='ltr'><strong>dogma.</strong></span> <span class='ocrx_word' id='word_1_558' title='bbox 3225 3619 3411 3690; x_wconf 82' lang='lat' dir='ltr'><strong>Neque</strong></span> 
     </span>
    </p>
   </div>
   <div class='ocr_carea' id='block_1_78' title="bbox 1819 3693 3410 3775">
    <p class='ocr_par' dir='ltr' id='par_1_78' title="bbox 1819 3693 3410 3775">
     <span class='ocr_line' id='line_1_78' title="bbox 1819 3693 3410 3775; baseline 0.016 -35"><span class='ocrx_word' id='word_1_559' title='bbox 1819 3703 2073 3758; x_wconf 80' lang='lat' dir='ltr'><strong>veroego</strong></span> <span class='ocrx_word' id='word_1_560' title='bbox 2101 3694 2316 3748; x_wconf 84' lang='lat' dir='ltr'><strong>tametsi</strong></span> <span class='ocrx_word' id='word_1_561' title='bbox 2352 3693 2550 3762; x_wconf 83' lang='lat' dir='ltr'><strong>facilis,</strong></span> <span class='ocrx_word' id='word_1_562' title='bbox 2601 3699 2731 3767; x_wconf 89' lang='lat' dir='ltr'><strong>lata,</strong></span> <span class='ocrx_word' id='word_1_563' title='bbox 2776 3711 2829 3756; x_wconf 88' lang='lat' dir='ltr'><strong>et</strong></span> <span class='ocrx_word' id='word_1_564' title='bbox 2877 3719 3065 3775; x_wconf 86' lang='lat' dir='ltr'><strong>prope,</strong></span> <span class='ocrx_word' id='word_1_565' title='bbox 3098 3717 3158 3762; x_wconf 90' lang='lat' dir='ltr'><strong>ut</strong></span> <span class='ocrx_word' id='word_1_566' title='bbox 3205 3711 3276 3764; x_wconf 82' lang='lat' dir='ltr'><strong>ita</strong></span> <span class='ocrx_word' id='word_1_567' title='bbox 3327 3712 3410 3765; x_wconf 88' lang='lat' dir='ltr'><strong>di-</strong></span> 
     </span>
    </p>
   </div>
   <div class='ocr_carea' id='block_1_79' title="bbox 1818 3783 3406 3863">
    <p class='ocr_par' dir='ltr' id='par_1_79' title="bbox 1818 3783 3406 3863">
     <span class='ocr_line' id='line_1_79' title="bbox 1818 3783 3406 3863; baseline 0.015 -30"><span class='ocrx_word' id='word_1_568' title='bbox 1818 3794 1960 3846; x_wconf 88' lang='lat' dir='ltr'><strong>cam,</strong></span> <span class='ocrx_word' id='word_1_569' title='bbox 1985 3783 2190 3838; x_wconf 86' lang='lat' dir='ltr'><strong>curulis</strong></span> <span class='ocrx_word' id='word_1_570' title='bbox 2221 3795 2366 3840; x_wconf 89' lang='lat' dir='ltr'><strong>esset</strong></span> <span class='ocrx_word' id='word_1_571' title='bbox 2406 3788 2511 3854; x_wconf 86' lang='lat' dir='ltr'><strong>via,</strong></span> <span class='ocrx_word' id='word_1_572' title='bbox 2549 3804 2669 3857; x_wconf 74' lang='lat' dir='ltr'><strong>qure</strong></span> <span class='ocrx_word' id='word_1_573' title='bbox 2699 3794 2768 3846; x_wconf 90' lang='lat' dir='ltr'><strong>ad</strong></span> <span class='ocrx_word' id='word_1_574' title='bbox 2807 3796 3004 3849; x_wconf 75' lang='lat' dir='ltr'><strong>cmlum</strong></span> <span class='ocrx_word' id='word_1_575' title='bbox 3055 3797 3223 3863; x_wconf 90' lang='lat' dir='ltr'><strong>ducit,</strong></span> <span class='ocrx_word' id='word_1_576' title='bbox 3273 3802 3406 3857; x_wconf 88' lang='lat' dir='ltr'><strong>mihi</strong></span> 
     </span>
    </p>
   </div>
   <div class='ocr_carea' id='block_1_80' title="bbox 1821 3871 3408 3951">
    <p class='ocr_par' dir='ltr' id='par_1_80' title="bbox 1821 3871 3408 3951">
     <span class='ocr_line' id='line_1_80' title="bbox 1821 3871 3408 3951; baseline 0.014 -28"><span class='ocrx_word' id='word_1_577' title='bbox 1821 3878 1998 3923; x_wconf 87' lang='lat' dir='ltr'><strong>tamen</strong></span> <span class='ocrx_word' id='word_1_578' title='bbox 2048 3871 2236 3927; x_wconf 87' lang='lat' dir='ltr'><strong>aliisve</strong></span> <span class='ocrx_word' id='word_1_579' title='bbox 2265 3889 2383 3928; x_wconf 90' lang='lat' dir='ltr'><strong>eam</strong></span> <span class='ocrx_word' id='word_1_580' title='bbox 2418 3875 2688 3933; x_wconf 69' lang='lat' dir='ltr'><strong>difﬁcilem</strong></span> <span class='ocrx_word' id='word_1_581' title='bbox 2727 3885 2952 3939; x_wconf 87' lang='lat' dir='ltr'><strong>reddere</strong></span> <span class='ocrx_word' id='word_1_582' title='bbox 2987 3886 3170 3951; x_wconf 87' lang='lat' dir='ltr'><strong>velim,</strong></span> <span class='ocrx_word' id='word_1_583' title='bbox 3200 3905 3408 3947; x_wconf 84' lang='lat' dir='ltr'><strong>memor</strong></span> 
     </span>
    </p>
   </div>
   <div class='ocr_carea' id='block_1_81' title="bbox 1816 3959 3407 4038">
    <p class='ocr_par' dir='ltr' id='par_1_81' title="bbox 1816 3959 3407 4038">
     <span class='ocr_line' id='line_1_81' title="bbox 1816 3959 3407 4038; baseline 0.016 -27"><span class='ocrx_word' id='word_1_584' title='bbox 1816 3959 1932 4026; x_wconf 87' lang='lat' dir='ltr'><strong>ejus</strong></span> <span class='ocrx_word' id='word_1_585' title='bbox 1984 3963 2265 4031; x_wconf 88' lang='lat' dir='ltr'><strong>apostolici</strong></span> <span class='ocrx_word' id='word_1_586' title='bbox 2319 3966 2500 4022; x_wconf 89' lang='lat' dir='ltr'><strong>dicti:</strong></span> <span class='ocrx_word' id='word_1_587' title='bbox 2543 3987 2563 4022; x_wconf 83' lang='lat' dir='ltr'><strong>t</strong></span> <span class='ocrx_word' id='word_1_588' title='bbox 2630 3971 2734 4027; x_wconf 87' lang='lat' dir='ltr'><strong>Per</strong></span> <span class='ocrx_word' id='word_1_589' title='bbox 2779 3975 2975 4030; x_wconf 86' lang='lat' dir='ltr'><strong>multas</strong></span> <span class='ocrx_word' id='word_1_590' title='bbox 3029 3979 3407 4038; x_wconf 82' lang='lat' dir='ltr'><strong>tribulationes</strong></span> 
     </span>
    </p>
   </div>
   <div class='ocr_carea' id='block_1_82' title="bbox 1815 4055 3406 4132">
    <p class='ocr_par' dir='ltr' id='par_1_82' title="bbox 1815 4055 3406 4132">
     <span class='ocr_line' id='line_1_82' title="bbox 1815 4055 3406 4132; baseline 0.016 -28"><span class='ocrx_word' id='word_1_591' title='bbox 1815 4061 2029 4119; x_wconf 86' lang='lat' dir='ltr'><strong>Oportet</strong></span> <span class='ocrx_word' id='word_1_592' title='bbox 2063 4067 2164 4108; x_wconf 88' lang='lat' dir='ltr'><strong>nos</strong></span> <span class='ocrx_word' id='word_1_593' title='bbox 2213 4055 2420 4112; x_wconf 85' lang='lat' dir='ltr'><strong>intrare</strong></span> <span class='ocrx_word' id='word_1_594' title='bbox 2461 4059 2516 4112; x_wconf 90' lang='lat' dir='ltr'><strong>in</strong></span> <span class='ocrx_word' id='word_1_595' title='bbox 2569 4075 2792 4132; x_wconf 86' lang='lat' dir='ltr'><strong>regnum</strong></span> <span class='ocrx_word' id='word_1_596' title='bbox 2845 4066 2934 4120; x_wconf 82' lang='lat' dir='ltr'><strong>Dei</strong></span> <span class='ocrx_word' id='word_1_597' title='bbox 2964 4069 3034 4124; x_wconf 79' lang='lat'><strong>&quot;.</strong></span> <span class='ocrx_word' id='word_1_598' title='bbox 3079 4088 3098 4121; x_wconf 73' lang='grc' dir='ltr'><strong>ι</strong></span> <span class='ocrx_word' id='word_1_599' title='bbox 3155 4069 3406 4130; x_wconf 79' lang='lat' dir='ltr'><strong>Christus</strong></span> 
     </span>
    </p>
   </div>
   <div class='ocr_carea' id='block_1_83' title="bbox 1813 4142 3400 4231">
    <p class='ocr_par' dir='ltr' id='par_1_83' title="bbox 1813 4142 3400 4231">
     <span class='ocr_line' id='line_1_83' title="bbox 1813 4142 3400 4231; baseline 0.014 -34"><span class='ocrx_word' id='word_1_600' title='bbox 1813 4157 1945 4197; x_wconf 84' lang='lat' dir='ltr'><strong>vero</strong></span> <span class='ocrx_word' id='word_1_601' title='bbox 1997 4142 2258 4201; x_wconf 89' lang='lat' dir='ltr'><strong>Dominus</strong></span> <span class='ocrx_word' id='word_1_602' title='bbox 2326 4150 2570 4206; x_wconf 88' lang='lat' dir='ltr'><strong>ostendit</strong></span> <span class='ocrx_word' id='word_1_603' title='bbox 2651 4167 2933 4225; x_wconf 85' lang='lat' dir='ltr'><strong>angustam</strong></span> <span class='ocrx_word' id='word_1_604' title='bbox 2992 4175 3118 4216; x_wconf 88' lang='lat' dir='ltr'><strong>esse</strong></span> <span class='ocrx_word' id='word_1_605' title='bbox 3168 4173 3400 4231; x_wconf 86' lang='lat' dir='ltr'><strong>portam,</strong></span> 
     </span>
    </p>
   </div>
   <div class='ocr_carea' id='block_1_84' title="bbox 1817 4233 3405 4325">
    <p class='ocr_par' dir='ltr' id='par_1_84' title="bbox 1817 4233 3405 4325">
     <span class='ocr_line' id='line_1_84' title="bbox 1817 4233 3405 4325; baseline 0.016 -41"><span class='ocrx_word' id='word_1_606' title='bbox 1817 4233 2068 4302; x_wconf 80' lang='lat' dir='ltr'><strong>viamque</strong></span> <span class='ocrx_word' id='word_1_607' title='bbox 2124 4235 2473 4305; x_wconf 89' lang='lat' dir='ltr'><strong>laboriosam,</strong></span> <span class='ocrx_word' id='word_1_608' title='bbox 2517 4256 2636 4310; x_wconf 70' lang='lat' dir='ltr'><strong>qua:</strong></span> <span class='ocrx_word' id='word_1_609' title='bbox 2667 4246 2734 4299; x_wconf 91' lang='lat' dir='ltr'><strong>ad</strong></span> <span class='ocrx_word' id='word_1_610' title='bbox 2769 4247 2932 4302; x_wconf 84' lang='lat' dir='ltr'><strong>vitam</strong></span> <span class='ocrx_word' id='word_1_611' title='bbox 2992 4251 3153 4306; x_wconf 86' lang='lat' dir='ltr'><strong>ducat</strong></span> <span class='ocrx_word' id='word_1_612' title='bbox 3203 4256 3405 4325; x_wconf 86' lang='lat' dir='ltr'><strong>sempi-</strong></span> 
     </span>
    </p>
   </div>
   <div class='ocr_carea' id='block_1_85' title="bbox 147 4315 1748 4412">
    <p class='ocr_par' dir='ltr' id='par_1_85' title="bbox 147 4315 1748 4411">
     <span class='ocr_line' id='line_1_85' title="bbox 147 4315 1748 4411; baseline 0.006 -45"><span class='ocrx_word' id='word_1_613' title='bbox 147 4329 236 4367; x_wconf 85' lang='grc' dir='ltr'><strong>σαν</strong></span> <span class='ocrx_word' id='word_1_614' title='bbox 261 4317 337 4379; x_wconf 84' lang='grc' dir='ltr'><strong>εἰς</strong></span> <span class='ocrx_word' id='word_1_615' title='bbox 371 4316 474 4387; x_wconf 81' lang='grc' dir='ltr'><strong>τήν</strong></span> <span class='ocrx_word' id='word_1_616' title='bbox 501 4315 668 4388; x_wconf 75' lang='grc' dir='ltr'>ζωὴν,</span> <span class='ocrx_word' id='word_1_617' title='bbox 702 4319 797 4372; x_wconf 81' lang='grc' dir='ltr'>καὶ</span> <span class='ocrx_word' id='word_1_618' title='bbox 829 4320 1045 4390; x_wconf 82' lang='grc' dir='ltr'>ὀλίγους</span> <span class='ocrx_word' id='word_1_619' title='bbox 1094 4318 1235 4377; x_wconf 82' lang='grc' dir='ltr'>εἰναι</span> <span class='ocrx_word' id='word_1_620' title='bbox 1262 4324 1389 4386; x_wconf 85' lang='grc' dir='ltr'>τοὺς</span> <span class='ocrx_word' id='word_1_621' title='bbox 1424 4323 1710 4394; x_wconf 78' lang='grc' dir='ltr'>εὑρίσκον·</span> <span class='ocrx_word' id='word_1_622' title='bbox 1741 4386 1748 4411; x_wconf 29' lang='grc' dir='ltr'>Ἰ</span> 
     </span>
    </p>
   </div>
   <div class='ocr_carea' id='block_1_86' title="bbox 1834 4315 3399 4412">
    <p class='ocr_par' dir='ltr' id='par_1_86' title="bbox 1834 4331 3399 4412">
     <span class='ocr_line' id='line_1_86' title="bbox 1834 4331 3399 4412; baseline 0.015 -35"><span class='ocrx_word' id='word_1_623' title='bbox 1834 4340 2048 4390; x_wconf 78' lang='lat' dir='ltr'><strong>eruam,</strong></span> <span class='ocrx_word' id='word_1_624' title='bbox 2078 4341 2385 4399; x_wconf 87' lang='lat' dir='ltr'><strong>paucosque</strong></span> <span class='ocrx_word' id='word_1_625' title='bbox 2436 4331 2572 4386; x_wconf 87' lang='lat' dir='ltr'><strong>adeo</strong></span> <span class='ocrx_word' id='word_1_626' title='bbox 2614 4348 2759 4401; x_wconf 89' lang='lat' dir='ltr'><strong>esse,</strong></span> <span class='ocrx_word' id='word_1_627' title='bbox 2807 4338 2899 4407; x_wconf 88' lang='lat' dir='ltr'><strong>qui</strong></span> <span class='ocrx_word' id='word_1_628' title='bbox 2934 4354 3055 4394; x_wconf 90' lang='lat' dir='ltr'><strong>eam</strong></span> <span class='ocrx_word' id='word_1_629' title='bbox 3107 4345 3399 4412; x_wconf 87' lang='lat' dir='ltr'><strong>reperiant.</strong></span> 
     </span>
    </p>
   </div>
   <div class='ocr_carea' id='block_1_87' title="bbox 145 4385 1748 4492">
    <p class='ocr_par' dir='ltr' id='par_1_87' title="bbox 145 4385 1748 4487">
     <span class='ocr_line' id='line_1_87' title="bbox 145 4385 1748 4487; baseline 0.007 -29"><span class='ocrx_word' id='word_1_630' title='bbox 145 4419 232 4468; x_wconf 79' lang='grc' dir='ltr'><strong>τας</strong></span> <span class='ocrx_word' id='word_1_631' title='bbox 257 4385 446 4479; x_wconf 76' lang='grc' dir='ltr'>αὑτήν.</span> <span class='ocrx_word' id='word_1_632' title='bbox 485 4385 649 4462; x_wconf 79' lang='grc' dir='ltr'>Ἀλλὰ</span> <span class='ocrx_word' id='word_1_633' title='bbox 681 4411 790 4482; x_wconf 78' lang='grc' dir='ltr'>γὰρ</span> <span class='ocrx_word' id='word_1_634' title='bbox 841 4385 1002 4467; x_wconf 70' lang='grc' dir='ltr'>τούτο·</span> <span class='ocrx_word' id='word_1_635' title='bbox 1032 4415 1094 4466; x_wconf 83' lang='grc' dir='ltr'>οὐ</span> <span class='ocrx_word' id='word_1_636' title='bbox 1128 4415 1363 4487; x_wconf 83' lang='grc' dir='ltr'>δύναμαι</span> <span class='ocrx_word' id='word_1_637' title='bbox 1400 4385 1616 4485; x_wconf 81' lang='grc' dir='ltr'>μαθεῖν,</span> <span class='ocrx_word' id='word_1_638' title='bbox 1648 4415 1711 4469; x_wconf 87' lang='grc' dir='ltr'><strong>ού</strong></span> <span class='ocrx_word' id='word_1_639' title='bbox 1741 4386 1748 4442; x_wconf 53' lang='grc' dir='ltr'>Ῑ</span> 
     </span>
    </p>
   </div>
   <div class='ocr_carea' id='block_1_88' title="bbox 1834 4385 3400 4492">
    <p class='ocr_par' dir='ltr' id='par_1_88' title="bbox 1834 4385 3400 4492">
     <span class='ocr_line' id='line_1_88' title="bbox 2036 4385 3399 4412; baseline 0.006 -22"><span class='ocrx_word' id='word_1_640' title='bbox 2036 4385 2094 4395; x_wconf 85' lang='grc'>.,</span> <span class='ocrx_word' id='word_1_641' title='bbox 2299 4385 2309 4399; x_wconf 90' lang='grc'><strong>,</strong></span> <span class='ocrx_word' id='word_1_642' title='bbox 2552 4385 2561 4386; x_wconf 36' lang='grc' dir='ltr'><em>κ</em></span> <span class='ocrx_word' id='word_1_643' title='bbox 2623 4385 2759 4401; x_wconf 63' lang='grc' dir='ltr'><strong>---η</strong></span> <span class='ocrx_word' id='word_1_644' title='bbox 2810 4385 2899 4407; x_wconf 63' lang='grc' dir='ltr'><strong>τ-.</strong></span> <span class='ocrx_word' id='word_1_645' title='bbox 3107 4385 3399 4412; x_wconf 55' lang='grc' dir='ltr'><strong>.ν,,υ........</strong></span> 
     </span>
     <span class='ocr_line' id='line_1_89' title="bbox 1834 4416 3400 4492; baseline 0.013 -22"><span class='ocrx_word' id='word_1_646' title='bbox 1834 4416 1926 4470; x_wconf 78' lang='lat' dir='ltr'><strong>Sed</strong></span> <span class='ocrx_word' id='word_1_647' title='bbox 1981 4416 2082 4471; x_wconf 90' lang='lat' dir='ltr'><strong>hoc</strong></span> <span class='ocrx_word' id='word_1_648' title='bbox 2126 4418 2376 4487; x_wconf 84' lang='lat' dir='ltr'><strong>equidem</strong></span> <span class='ocrx_word' id='word_1_649' title='bbox 2409 4435 2517 4475; x_wconf 91' lang='lat' dir='ltr'><strong>nou</strong></span> <span class='ocrx_word' id='word_1_650' title='bbox 2555 4438 2775 4492; x_wconf 87' lang='lat' dir='ltr'><strong>possum</strong></span> <span class='ocrx_word' id='word_1_651' title='bbox 2811 4429 3019 4484; x_wconf 90' lang='lat' dir='ltr'><strong>discere</strong></span> <span class='ocrx_word' id='word_1_652' title='bbox 3053 4449 3068 4485; x_wconf 90' lang='lat'><strong>:</strong></span> <span class='ocrx_word' id='word_1_653' title='bbox 3108 4448 3214 4487; x_wconf 86' lang='lat' dir='ltr'><strong>non</strong></span> <span class='ocrx_word' id='word_1_654' title='bbox 3253 4436 3400 4491; x_wconf 88' lang='lat' dir='ltr'><strong>enim</strong></span> 
     </span>
    </p>
   </div>
   <div class='ocr_carea' id='block_1_89' title="bbox 145 4496 1707 4578">
    <p class='ocr_par' dir='ltr' id='par_1_89' title="bbox 145 4496 1707 4578">
     <span class='ocr_line' id='line_1_90' title="bbox 145 4496 1707 4578; baseline 0.006 -27"><span class='ocrx_word' id='word_1_655' title='bbox 145 4496 240 4568; x_wconf 79' lang='grc' dir='ltr'><strong>γὰρ</strong></span> <span class='ocrx_word' id='word_1_656' title='bbox 289 4499 383 4570; x_wconf 49' lang='lat' dir='ltr'><strong>id;</strong></span> <span class='ocrx_word' id='word_1_657' title='bbox 415 4500 482 4552; x_wconf 86' lang='grc' dir='ltr'>σὺ</span> <span class='ocrx_word' id='word_1_658' title='bbox 517 4501 612 4554; x_wconf 71' lang='grc' dir='ltr'>καὶ</span> <span class='ocrx_word' id='word_1_659' title='bbox 646 4501 714 4555; x_wconf 83' lang='grc' dir='ltr'><strong>δι’</strong></span> <span class='ocrx_word' id='word_1_660' title='bbox 740 4496 814 4556; x_wconf 84' lang='grc' dir='ltr'>ὧν</span> <span class='ocrx_word' id='word_1_661' title='bbox 845 4504 1046 4574; x_wconf 79' lang='grc' dir='ltr'>λέγεις,</span> <span class='ocrx_word' id='word_1_662' title='bbox 1077 4508 1174 4560; x_wconf 69' lang='grc' dir='ltr'>καὶ</span> <span class='ocrx_word' id='word_1_663' title='bbox 1204 4507 1270 4562; x_wconf 81' lang='grc' dir='ltr'><strong>δι’</strong></span> <span class='ocrx_word' id='word_1_664' title='bbox 1321 4500 1396 4562; x_wconf 84' lang='grc' dir='ltr'>ὧν</span> <span class='ocrx_word' id='word_1_665' title='bbox 1425 4509 1707 4578; x_wconf 83' lang='grc' dir='ltr'>πράττεις,</span> 
     </span>
    </p>
   </div>
   <div class='ocr_carea' id='block_1_90' title="bbox 144 4585 1709 4668">
    <p class='ocr_par' dir='ltr' id='par_1_90' title="bbox 144 4585 1709 4668">
     <span class='ocr_line' id='line_1_91' title="bbox 144 4585 1709 4668; baseline 0.009 -29"><span class='ocrx_word' id='word_1_666' title='bbox 144 4585 628 4660; x_wconf 76' lang='grc' dir='ltr'>ἀντιφθεγγόμενος</span> <span class='ocrx_word' id='word_1_667' title='bbox 660 4591 833 4668; x_wconf 81' lang='grc' dir='ltr'>ταύτῃ</span> <span class='ocrx_word' id='word_1_668' title='bbox 861 4612 920 4648; x_wconf 87' lang='grc' dir='ltr'><strong>τε</strong></span> <span class='ocrx_word' id='word_1_669' title='bbox 947 4598 1016 4667; x_wconf 77' lang='grc' dir='ltr'>τῇ</span> <span class='ocrx_word' id='word_1_670' title='bbox 1045 4597 1210 4668; x_wconf 82' lang='grc' dir='ltr'>ψήφῳ</span> <span class='ocrx_word' id='word_1_671' title='bbox 1230 4637 1244 4662; x_wconf 96' lang='grc'><strong>,</strong></span> <span class='ocrx_word' id='word_1_672' title='bbox 1272 4597 1368 4652; x_wconf 86' lang='grc' dir='ltr'>καὶ</span> <span class='ocrx_word' id='word_1_673' title='bbox 1394 4600 1507 4663; x_wconf 87' lang='grc' dir='ltr'>τοῖς</span> <span class='ocrx_word' id='word_1_674' title='bbox 1540 4598 1709 4664; x_wconf 86' lang='grc' dir='ltr'>θείοις</span> 
     </span>
    </p>
   </div>
   <div class='ocr_carea' id='block_1_91' title="bbox 143 4683 1171 4750">
    <p class='ocr_par' dir='ltr' id='par_1_91' title="bbox 143 4683 1171 4750">
     <span class='ocr_line' id='line_1_92' title="bbox 143 4683 1171 4750; baseline 0.011 -19"><span class='ocrx_word' id='word_1_675' title='bbox 143 4684 418 4750; x_wconf 79' lang='grc' dir='ltr'>χρησμοῖς,</span> <span class='ocrx_word' id='word_1_676' title='bbox 457 4683 553 4736; x_wconf 76' lang='grc' dir='ltr'>καὶ</span> <span class='ocrx_word' id='word_1_677' title='bbox 585 4684 848 4738; x_wconf 77' lang='grc' dir='ltr'>τάναντία</span> <span class='ocrx_word' id='word_1_678' title='bbox 878 4687 1171 4744; x_wconf 84' lang='grc' dir='ltr'>παιδεύων.</span> 
     </span>
    </p>
   </div>
   <div class='ocr_carea' id='block_1_92' title="bbox 317 4786 1535 4868">
    <p class='ocr_par' dir='ltr' id='par_1_92' title="bbox 317 4786 1535 4868">
     <span class='ocr_line' id='line_1_93' title="bbox 317 4786 1535 4868; baseline 0.008 -28"><span class='ocrx_word' id='word_1_679' title='bbox 317 4786 482 4844; x_wconf 79' lang='lat' dir='ltr'><strong>TEZ&#39;.</strong></span> <span class='ocrx_word' id='word_1_680' title='bbox 523 4818 596 4833; x_wconf 87' lang='lat'><strong>—</strong></span> <span class='ocrx_word' id='word_1_681' title='bbox 633 4789 1031 4864; x_wconf 81' lang='grc' dir='ltr'><strong>ΘΕΟΓΝΩΣΤῼ</strong></span> <span class='ocrx_word' id='word_1_682' title='bbox 1068 4795 1535 4868; x_wconf 84' lang='grc' dir='ltr'><strong>ΠΡΕΣΒΥΤΕΡῼ.</strong></span> 
     </span>
    </p>
   </div>
   <div class='ocr_carea' id='block_1_93' title="bbox 1816 4505 3403 4591">
    <p class='ocr_par' dir='ltr' id='par_1_93' title="bbox 1816 4505 3403 4591">
     <span class='ocr_line' id='line_1_94' title="bbox 1816 4505 3403 4591; baseline 0.014 -32"><span class='ocrx_word' id='word_1_683' title='bbox 1816 4505 2021 4560; x_wconf 86' lang='lat' dir='ltr'><strong>desinis</strong></span> <span class='ocrx_word' id='word_1_684' title='bbox 2055 4515 2110 4559; x_wconf 88' lang='lat' dir='ltr'><strong>tu</strong></span> <span class='ocrx_word' id='word_1_685' title='bbox 2143 4523 2239 4577; x_wconf 86' lang='lat' dir='ltr'><strong>per</strong></span> <span class='ocrx_word' id='word_1_686' title='bbox 2281 4522 2343 4562; x_wconf 89' lang='lat' dir='ltr'><strong>ea</strong></span> <span class='ocrx_word' id='word_1_687' title='bbox 2373 4524 2496 4579; x_wconf 68' lang='lat' dir='ltr'><strong>quae</strong></span> <span class='ocrx_word' id='word_1_688' title='bbox 2530 4511 2709 4581; x_wconf 82' lang='lat' dir='ltr'><strong>jactas</strong></span> <span class='ocrx_word' id='word_1_689' title='bbox 2738 4517 2962 4588; x_wconf 67' lang='lat' dir='ltr'><strong>agisque</strong></span> <span class='ocrx_word' id='word_1_690' title='bbox 2991 4524 3234 4591; x_wconf 88' lang='lat' dir='ltr'><strong>quotidie</strong></span> <span class='ocrx_word' id='word_1_691' title='bbox 3272 4527 3403 4582; x_wconf 87' lang='lat' dir='ltr'><strong>huic</strong></span> 
     </span>
    </p>
   </div>
   <div class='ocr_carea' id='block_1_94' title="bbox 1814 4598 3396 4684">
    <p class='ocr_par' dir='ltr' id='par_1_94' title="bbox 1814 4598 3396 4684">
     <span class='ocr_line' id='line_1_95' title="bbox 1814 4598 3396 4684; baseline 0.013 -33"><span class='ocrx_word' id='word_1_692' title='bbox 1814 4598 2101 4653; x_wconf 66' lang='lat' dir='ltr'><strong>sententiae</strong></span> <span class='ocrx_word' id='word_1_693' title='bbox 2137 4599 2456 4668; x_wconf 86' lang='lat' dir='ltr'><strong>reclamare,</strong></span> <span class='ocrx_word' id='word_1_694' title='bbox 2505 4613 2668 4675; x_wconf 89' lang='lat' dir='ltr'><strong>atque</strong></span> <span class='ocrx_word' id='word_1_695' title='bbox 2718 4608 2916 4666; x_wconf 87' lang='lat' dir='ltr'><strong>divinis</strong></span> <span class='ocrx_word' id='word_1_696' title='bbox 2936 4617 3171 4672; x_wconf 89' lang='lat' dir='ltr'><strong>oraculis</strong></span> <span class='ocrx_word' id='word_1_697' title='bbox 3200 4618 3396 4684; x_wconf 88' lang='lat' dir='ltr'><strong>obniti,</strong></span> 
     </span>
    </p>
   </div>
   <div class='ocr_carea' id='block_1_95' title="bbox 1815 4689 2896 4765">
    <p class='ocr_par' dir='ltr' id='par_1_95' title="bbox 1815 4689 2896 4765">
     <span class='ocr_line' id='line_1_96' title="bbox 1815 4689 2896 4765; baseline 0.015 -24"><span class='ocrx_word' id='word_1_698' title='bbox 1815 4689 1925 4744; x_wconf 88' lang='lat' dir='ltr'><strong>imo</strong></span> <span class='ocrx_word' id='word_1_699' title='bbox 1945 4693 2218 4746; x_wconf 85' lang='lat' dir='ltr'><strong>contraria</strong></span> <span class='ocrx_word' id='word_1_700' title='bbox 2246 4694 2409 4748; x_wconf 87' lang='lat' dir='ltr'><strong>etiam</strong></span> <span class='ocrx_word' id='word_1_701' title='bbox 2453 4698 2652 4765; x_wconf 88' lang='lat' dir='ltr'><strong>passim</strong></span> <span class='ocrx_word' id='word_1_702' title='bbox 2684 4699 2896 4758; x_wconf 75' lang='lat' dir='ltr'><strong>docere.</strong></span> 
     </span>
    </p>
   </div>
   <div class='ocr_carea' id='block_1_96' title="bbox 1812 4794 3395 4874">
    <p class='ocr_par' dir='ltr' id='par_1_96' title="bbox 1812 4794 3395 4874">
     <span class='ocr_line' id='line_1_97' title="bbox 1812 4794 3395 4874; baseline 0.014 -24"><span class='ocrx_word' id='word_1_703' title='bbox 1812 4794 2157 4850; x_wconf 80' lang='lat' dir='ltr'><strong>CCCLXV&quot;.</strong></span> <span class='ocrx_word' id='word_1_704' title='bbox 2210 4825 2280 4838; x_wconf 91' lang='lat'><strong><em>—</em></strong></span> <span class='ocrx_word' id='word_1_705' title='bbox 2338 4799 2829 4860; x_wconf 69' lang='lat' dir='ltr'><strong>TllEOG-NOS&#39;I‘AS</strong></span> <span class='ocrx_word' id='word_1_706' title='bbox 2915 4807 3395 4874; x_wconf 79' lang='lat' dir='ltr'><strong>PRESBYTERO.</strong></span> 
     </span>
    </p>
   </div>
   <div class='ocr_carea' id='block_1_97' title="bbox 610 4883 2912 4967">
    <p class='ocr_par' dir='ltr' id='par_1_97' title="bbox 610 4883 2912 4967">
     <span class='ocr_line' id='line_1_98' title="bbox 610 4883 2912 4967; baseline 0.008 -30"><span class='ocrx_word' id='word_1_707' title='bbox 610 4883 687 4938; x_wconf 78' lang='lat' dir='ltr'><strong>De</strong></span> <span class='ocrx_word' id='word_1_708' title='bbox 714 4888 909 4941; x_wconf 74' lang='lat' dir='ltr'><strong>uitiatae</strong></span> <span class='ocrx_word' id='word_1_709' title='bbox 928 4889 1107 4943; x_wconf 79' lang='lat' dir='ltr'><strong>divina</strong></span> <span class='ocrx_word' id='word_1_710' title='bbox 1141 4891 1197 4942; x_wconf 83' lang='lat' dir='ltr'><strong>in</strong></span> <span class='ocrx_word' id='word_1_711' title='bbox 1228 4890 1345 4945; x_wconf 85' lang='lat' dir='ltr'><strong>illos</strong></span> <span class='ocrx_word' id='word_1_712' title='bbox 1370 4894 1460 4955; x_wconf 86' lang='lat' dir='ltr'><strong>qui</strong></span> <span class='ocrx_word' id='word_1_713' title='bbox 1489 4891 1697 4946; x_wconf 78' lang='lat' dir='ltr'><strong>nomine</strong></span> <span class='ocrx_word' id='word_1_714' title='bbox 1725 4899 1772 4943; x_wconf 82' lang='lat' dir='ltr'><strong>et</strong></span> <span class='ocrx_word' id='word_1_715' title='bbox 1810 4899 2009 4953; x_wconf 67' lang='lat' dir='ltr'><strong>tropea</strong></span> <span class='ocrx_word' id='word_1_716' title='bbox 2039 4892 2212 4946; x_wconf 79' lang='lat' dir='ltr'><strong>crucis</strong></span> <span class='ocrx_word' id='word_1_717' title='bbox 2237 4893 2434 4967; x_wconf 67' lang='lat' dir='ltr'><strong>signati</strong></span> <span class='ocrx_word' id='word_1_718' title='bbox 2471 4896 2687 4966; x_wconf 82' lang='lat' dir='ltr'><strong>indigne</strong></span> <span class='ocrx_word' id='word_1_719' title='bbox 2713 4901 2912 4957; x_wconf 81' lang='lat' dir='ltr'><strong>vivunt.</strong></span> 
     </span>
    </p>
   </div>
   <div class='ocr_carea' id='block_1_98' title="bbox 204 4990 1703 5072">
    <p class='ocr_par' dir='ltr' id='par_1_98' title="bbox 204 4990 1703 5072">
     <span class='ocr_line' id='line_1_99' title="bbox 204 4990 1703 5072; baseline 0.005 -26"><span class='ocrx_word' id='word_1_720' title='bbox 204 4990 498 5048; x_wconf 74' lang='grc' dir='ltr'>Πέπτωκεν</span> <span class='ocrx_word' id='word_1_721' title='bbox 543 4993 573 5046; x_wconf 83' lang='grc' dir='ltr'>ὁ</span> <span class='ocrx_word' id='word_1_722' title='bbox 612 4993 876 5060; x_wconf 73' lang='grc' dir='ltr'>διάϐολος,</span> <span class='ocrx_word' id='word_1_723' title='bbox 921 4998 969 5049; x_wconf 93' lang='grc' dir='ltr'><strong>εἰ</strong></span> <span class='ocrx_word' id='word_1_724' title='bbox 999 4997 1093 5050; x_wconf 58' lang='grc' dir='ltr'><strong>καὶ⁴</strong></span> <span class='ocrx_word' id='word_1_725' title='bbox 1121 4997 1544 5068; x_wconf 81' lang='grc' dir='ltr'>ἀπερισκέπτως</span> <span class='ocrx_word' id='word_1_726' title='bbox 1574 4999 1703 5072; x_wconf 72' lang='grc' dir='ltr'>θραο</span> 
     </span>
    </p>
   </div>
   <div class='ocr_carea' id='block_1_99' title="bbox 142 5078 1704 5161">
    <p class='ocr_par' dir='ltr' id='par_1_99' title="bbox 142 5078 1704 5161">
     <span class='ocr_line' id='line_1_100' title="bbox 142 5078 1704 5161; baseline 0.006 -28"><span class='ocrx_word' id='word_1_727' title='bbox 142 5078 365 5138; x_wconf 83' lang='grc' dir='ltr'>σύνεται.</span> <span class='ocrx_word' id='word_1_728' title='bbox 412 5082 755 5153; x_wconf 80' lang='grc' dir='ltr'>Θρασύνεταί</span> <span class='ocrx_word' id='word_1_729' title='bbox 800 5086 894 5153; x_wconf 75' lang='grc' dir='ltr'>δὲ,</span> <span class='ocrx_word' id='word_1_730' title='bbox 935 5086 1035 5158; x_wconf 79' lang='grc' dir='ltr'>τὴν</span> <span class='ocrx_word' id='word_1_731' title='bbox 1091 5089 1369 5161; x_wconf 85' lang='grc' dir='ltr'>ήμετέραν</span> <span class='ocrx_word' id='word_1_732' title='bbox 1422 5089 1704 5161; x_wconf 70' lang='grc' dir='ltr'>ρᾳθυμίαν</span> 
     </span>
    </p>
   </div>
   <div class='ocr_carea' id='block_1_100' title="bbox 141 5168 1702 5252">
    <p class='ocr_par' dir='ltr' id='par_1_100' title="bbox 141 5168 1702 5252">
     <span class='ocr_line' id='line_1_101' title="bbox 141 5168 1702 5252; baseline 0.01 -33"><span class='ocrx_word' id='word_1_733' title='bbox 141 5168 336 5238; x_wconf 67' lang='grc' dir='ltr'>ἑφόδιον</span> <span class='ocrx_word' id='word_1_734' title='bbox 375 5173 479 5244; x_wconf 80' lang='grc' dir='ltr'>τῆς</span> <span class='ocrx_word' id='word_1_735' title='bbox 520 5173 728 5238; x_wconf 82' lang='grc' dir='ltr'>οἰκείας</span> <span class='ocrx_word' id='word_1_736' title='bbox 760 5176 1036 5247; x_wconf 6' lang='grc' dir='ltr'>,ἀπονοίας</span> <span class='ocrx_word' id='word_1_737' title='bbox 1075 5180 1417 5247; x_wconf 86' lang='grc' dir='ltr'>ποιούμενος.</span> <span class='ocrx_word' id='word_1_738' title='bbox 1470 5181 1544 5234; x_wconf 81' lang='grc' dir='ltr'>Τὸ</span> <span class='ocrx_word' id='word_1_739' title='bbox 1591 5181 1702 5252; x_wconf 82' lang='grc' dir='ltr'><strong>γὰρ</strong></span> 
     </span>
    </p>
   </div>
   <div class='ocr_carea' id='block_1_101' title="bbox 145 5263 1700 5345">
    <p class='ocr_par' dir='ltr' id='par_1_101' title="bbox 145 5263 1700 5345">
     <span class='ocr_line' id='line_1_102' title="bbox 145 5263 1700 5345; baseline 0.008 -32"><span class='ocrx_word' id='word_1_740' title='bbox 145 5274 384 5329; x_wconf 71' lang='grc' dir='ltr'>μεγιστου</span> <span class='ocrx_word' id='word_1_741' title='bbox 416 5265 513 5318; x_wconf 77' lang='grc' dir='ltr'>καὶ</span> <span class='ocrx_word' id='word_1_742' title='bbox 552 5263 695 5317; x_wconf 85' lang='grc' dir='ltr'>θεῖον</span> <span class='ocrx_word' id='word_1_743' title='bbox 736 5268 1020 5336; x_wconf 77' lang='grc' dir='ltr'>τρόπαιον,</span> <span class='ocrx_word' id='word_1_744' title='bbox 1072 5271 1210 5342; x_wconf 81' lang='grc' dir='ltr'>ὅπερ</span> <span class='ocrx_word' id='word_1_745' title='bbox 1240 5274 1269 5324; x_wconf 75' lang='grc' dir='ltr'><strong>δ</strong></span> <span class='ocrx_word' id='word_1_746' title='bbox 1317 5271 1508 5345; x_wconf 74' lang='grc' dir='ltr'>Σωτὴρ</span> <span class='ocrx_word' id='word_1_747' title='bbox 1538 5273 1700 5344; x_wconf 83' lang='grc' dir='ltr'>δεῦρο</span> 
     </span>
    </p>
   </div>
   <div class='ocr_carea' id='block_1_102' title="bbox 180 5439 644 5511">
    <p class='ocr_par' dir='ltr' id='par_1_102' title="bbox 180 5439 644 5511">
     <span class='ocr_line' id='line_1_103' title="bbox 180 5439 644 5511; baseline 0.011 -16"><span class='ocrx_word' id='word_1_748' title='bbox 180 5439 220 5470; x_wconf 74' lang='grc'>’³</span> <span class='ocrx_word' id='word_1_749' title='bbox 246 5443 364 5500; x_wconf 82' lang='lat' dir='ltr'><strong>Act.</strong></span> <span class='ocrx_word' id='word_1_750' title='bbox 407 5460 521 5511; x_wconf 67' lang='grc' dir='ltr'>ειν,</span> <span class='ocrx_word' id='word_1_751' title='bbox 551 5445 644 5500; x_wconf 69' lang='lat'><strong>2|.</strong></span> 
     </span>
    </p>
   </div>
   <div class='ocr_carea' id='block_1_103' title="bbox 1886 4999 3394 5078">
    <p class='ocr_par' dir='ltr' id='par_1_103' title="bbox 1886 4999 3394 5078">
     <span class='ocr_line' id='line_1_104' title="bbox 1886 4999 3394 5078; baseline 0.017 -25"><span class='ocrx_word' id='word_1_752' title='bbox 1886 4999 2140 5056; x_wconf 87' lang='lat' dir='ltr'><strong>Diabolus</strong></span> <span class='ocrx_word' id='word_1_753' title='bbox 2180 5004 2318 5058; x_wconf 72' lang='lat' dir='ltr'><strong>cmlo</strong></span> <span class='ocrx_word' id='word_1_754' title='bbox 2349 5005 2570 5073; x_wconf 81' lang='lat' dir='ltr'><strong>decidit,</strong></span> <span class='ocrx_word' id='word_1_755' title='bbox 2600 5016 2838 5066; x_wconf 88' lang='lat' dir='ltr'><strong>attamen</strong></span> <span class='ocrx_word' id='word_1_756' title='bbox 2895 5011 3024 5069; x_wconf 82' lang='lat' dir='ltr'><strong>ferit</strong></span> <span class='ocrx_word' id='word_1_757' title='bbox 3088 5030 3152 5071; x_wconf 87' lang='lat' dir='ltr'><strong>ac</strong></span> <span class='ocrx_word' id='word_1_758' title='bbox 3203 5017 3394 5078; x_wconf 81' lang='lat' dir='ltr'><strong>ferocit</strong></span> 
     </span>
    </p>
   </div>
   <div class='ocr_carea' id='block_1_104' title="bbox 1813 5093 3394 5172">
    <p class='ocr_par' dir='ltr' id='par_1_104' title="bbox 1813 5093 3394 5172">
     <span class='ocr_line' id='line_1_105' title="bbox 1813 5093 3394 5172; baseline 0.016 -27"><span class='ocrx_word' id='word_1_759' title='bbox 1813 5093 2156 5148; x_wconf 88' lang='lat' dir='ltr'><strong>temerarius.</strong></span> <span class='ocrx_word' id='word_1_760' title='bbox 2191 5094 2408 5152; x_wconf 86' lang='lat' dir='ltr'><strong>Ferocit</strong></span> <span class='ocrx_word' id='word_1_761' title='bbox 2439 5099 2583 5154; x_wconf 91' lang='lat' dir='ltr'><strong>enim</strong></span> <span class='ocrx_word' id='word_1_762' title='bbox 2626 5103 2898 5172; x_wconf 89' lang='lat' dir='ltr'><strong>audetque</strong></span> <span class='ocrx_word' id='word_1_763' title='bbox 2925 5109 3172 5165; x_wconf 84' lang='lat' dir='ltr'><strong>socordia</strong></span> <span class='ocrx_word' id='word_1_764' title='bbox 3208 5125 3394 5170; x_wconf 87' lang='lat' dir='ltr'><strong>nostra</strong></span> 
     </span>
    </p>
   </div>
   <div class='ocr_carea' id='block_1_105' title="bbox 1811 5183 3392 5266">
    <p class='ocr_par' dir='ltr' id='par_1_105' title="bbox 1811 5183 3392 5266">
     <span class='ocr_line' id='line_1_106' title="bbox 1811 5183 3392 5266; baseline 0.013 -29"><span class='ocrx_word' id='word_1_765' title='bbox 1811 5183 2114 5238; x_wconf 88' lang='lat' dir='ltr'><strong>subsidium</strong></span> <span class='ocrx_word' id='word_1_766' title='bbox 2135 5185 2238 5240; x_wconf 88' lang='lat' dir='ltr'><strong>sibi</strong></span> <span class='ocrx_word' id='word_1_767' title='bbox 2271 5189 2503 5259; x_wconf 75' lang='lat' dir='ltr'><strong>propria:</strong></span> <span class='ocrx_word' id='word_1_768' title='bbox 2524 5205 2720 5260; x_wconf 87' lang='lat' dir='ltr'><strong>parare</strong></span> <span class='ocrx_word' id='word_1_769' title='bbox 2753 5196 3024 5252; x_wconf 69' lang='lat' dir='ltr'><strong>amentiae.</strong></span> <span class='ocrx_word' id='word_1_770' title='bbox 3058 5197 3210 5266; x_wconf 87' lang='lat' dir='ltr'><strong>Quod</strong></span> <span class='ocrx_word' id='word_1_771' title='bbox 3249 5204 3392 5260; x_wconf 86' lang='lat' dir='ltr'><strong>enim</strong></span> 
     </span>
    </p>
   </div>
   <div class='ocr_carea' id='block_1_106' title="bbox 1812 5275 3390 5355">
    <p class='ocr_par' dir='ltr' id='par_1_106' title="bbox 1812 5275 3390 5355">
     <span class='ocr_line' id='line_1_107' title="bbox 1812 5275 3390 5355; baseline 0.015 -26"><span class='ocrx_word' id='word_1_772' title='bbox 1812 5275 2109 5330; x_wconf 80' lang='lat' dir='ltr'><strong>maximum</strong></span> <span class='ocrx_word' id='word_1_773' title='bbox 2139 5291 2204 5333; x_wconf 89' lang='lat' dir='ltr'><strong>ac</strong></span> <span class='ocrx_word' id='word_1_774' title='bbox 2232 5278 2476 5337; x_wconf 86' lang='lat' dir='ltr'><strong>divinum</strong></span> <span class='ocrx_word' id='word_1_775' title='bbox 2512 5289 2772 5355; x_wconf 72' lang='lat' dir='ltr'><strong>tropaeum</strong></span> <span class='ocrx_word' id='word_1_776' title='bbox 2804 5288 2986 5345; x_wconf 90' lang='lat' dir='ltr'><strong>crucis</strong></span> <span class='ocrx_word' id='word_1_777' title='bbox 3015 5293 3081 5346; x_wconf 89' lang='lat' dir='ltr'><strong>ad</strong></span> <span class='ocrx_word' id='word_1_778' title='bbox 3119 5307 3216 5350; x_wconf 87' lang='lat' dir='ltr'><strong>nos</strong></span> <span class='ocrx_word' id='word_1_779' title='bbox 3251 5294 3390 5353; x_wconf 86' lang='lat' dir='ltr'><strong>Deus</strong></span> 
     </span>
    </p>
   </div>
   <div class='ocr_carea' id='block_1_107' title="bbox 1234 5568 2289 5636">
    <p class='ocr_par' dir='ltr' id='par_1_107' title="bbox 1234 5568 2289 5636">
     <span class='ocr_line' id='line_1_108' title="bbox 1234 5568 2289 5636; baseline 0.015 -15"><span class='ocrx_word' id='word_1_780' title='bbox 1234 5568 1469 5625; x_wconf 71' lang='lat' dir='ltr'><strong>VARUE</strong></span> <span class='ocrx_word' id='word_1_781' title='bbox 1508 5569 1892 5630; x_wconf 77' lang='lat' dir='ltr'><strong>LECTIONES</strong></span> <span class='ocrx_word' id='word_1_782' title='bbox 1932 5573 2020 5631; x_wconf 83' lang='lat' dir='ltr'><strong>ET</strong></span> <span class='ocrx_word' id='word_1_783' title='bbox 2057 5577 2289 5636; x_wconf 71' lang='lat' dir='ltr'><strong>NO&#39;NE.</strong></span> 
     </span>
    </p>
   </div>
   <div class='ocr_carea' id='block_1_108' title="bbox 196 5711 1687 5788">
    <p class='ocr_par' dir='ltr' id='par_1_108' title="bbox 196 5711 1687 5788">
     <span class='ocr_line' id='line_1_109' title="bbox 196 5711 1687 5788; baseline 0.012 -24"><span class='ocrx_word' id='word_1_784' title='bbox 196 5711 300 5782; x_wconf 77' lang='grc' dir='ltr'><strong>(Η)</strong></span> <span class='ocrx_word' id='word_1_785' title='bbox 333 5714 408 5769; x_wconf 79' lang='lat' dir='ltr'><strong>Es</strong></span> <span class='ocrx_word' id='word_1_786' title='bbox 453 5714 842 5788; x_wconf 77' lang='grc' dir='ltr'>τιθυνουμὲνην</span> <span class='ocrx_word' id='word_1_787' title='bbox 872 5720 992 5774; x_wconf 90' lang='lat' dir='ltr'><strong>cod.</strong></span> <span class='ocrx_word' id='word_1_788' title='bbox 1037 5721 1142 5776; x_wconf 81' lang='lat' dir='ltr'><strong>Alt.</strong></span> <span class='ocrx_word' id='word_1_789' title='bbox 1183 5723 1318 5780; x_wconf 89' lang='lat' dir='ltr'><strong>tollit</strong></span> <span class='ocrx_word' id='word_1_790' title='bbox 1363 5743 1432 5780; x_wconf 85' lang='grc' dir='ltr'>τι.</span> <span class='ocrx_word' id='word_1_791' title='bbox 1480 5723 1687 5783; x_wconf 78' lang='lat' dir='ltr'><strong>Possm.</strong></span> 
     </span>
    </p>
   </div>
   <div class='ocr_carea' id='block_1_109' title="bbox 356 5809 1138 5878">
    <p class='ocr_par' dir='ltr' id='par_1_109' title="bbox 356 5809 1138 5878">
     <span class='ocr_line' id='line_1_110' title="bbox 356 5809 1138 5878; baseline 0.01 -8"><span class='ocrx_word' id='word_1_792' title='bbox 356 5809 626 5873; x_wconf 76' lang='grc' dir='ltr'>Ρηιιοι.</span> <span class='ocrx_word' id='word_1_793' title='bbox 661 5813 774 5876; x_wconf 81' lang='lat' dir='ltr'><strong>Gtt.</strong></span> <span class='ocrx_word' id='word_1_794' title='bbox 819 5816 1138 5878; x_wconf 79' lang='lat' dir='ltr'><strong>LXXVIII.</strong></span> 
     </span>
    </p>
   </div>
   <div class='ocr_carea' id='block_1_110' title="bbox 1873 5730 3173 5817">
    <p class='ocr_par' dir='ltr' id='par_1_110' title="bbox 1873 5730 3173 5817">
     <span class='ocr_line' id='line_1_111' title="bbox 1873 5730 3173 5817; baseline 0.014 -33"><span class='ocrx_word' id='word_1_795' title='bbox 1873 5730 1986 5802; x_wconf 60' lang='lat' dir='ltr'><strong>(ist</strong></span> <span class='ocrx_word' id='word_1_796' title='bbox 2039 5731 2252 5807; x_wconf 74' lang='grc' dir='ltr'>Ῥᾳδίας</span> <span class='ocrx_word' id='word_1_797' title='bbox 2283 5737 2402 5796; x_wconf 89' lang='lat' dir='ltr'><strong>cod.</strong></span> <span class='ocrx_word' id='word_1_798' title='bbox 2428 5739 2536 5796; x_wconf 80' lang='lat' dir='ltr'><strong>Alt.</strong></span> <span class='ocrx_word' id='word_1_799' title='bbox 2567 5751 2738 5800; x_wconf 82' lang='lat' dir='ltr'><strong>mutat</strong></span> <span class='ocrx_word' id='word_1_800' title='bbox 2762 5737 2814 5800; x_wconf 88' lang='lat' dir='ltr'><strong>in</strong></span> <span class='ocrx_word' id='word_1_801' title='bbox 2847 5744 3070 5817; x_wconf 66' lang='grc' dir='ltr'>ῥᾳδίως.</span> <span class='ocrx_word' id='word_1_802' title='bbox 3099 5747 3173 5804; x_wconf 87' lang='lat' dir='ltr'><strong>lo.</strong></span> 
     </span>
    </p>
   </div>
   <div class='ocr_carea' id='block_1_111' title="bbox 2899 5836 2975 5902">
    <p class='ocr_par' dir='ltr' id='par_1_111' title="bbox 2899 5836 2975 5902">
     <span class='ocr_line' id='line_1_112' title="bbox 2899 5836 2975 5902; baseline -0.013 0"><span class='ocrx_word' id='word_1_803' title='bbox 2899 5836 2975 5902; x_wconf 72' lang='grc' dir='ltr'>ις</span> 
     </span>
    </p>
   </div>
  </div>
