3992 6500
514 465 645 533 1'57?!
1693 469 1750 528 S.
1799 467 2066 528 ISIDORJ

2171 468 2245 527 ΕΙ
2251 468 2558 530 ιῐΙΞΙΟΤλΕ
3607 477 3668 542 15
3683 481 3743 540 lS

512 585 729 634 τυιιιειιε
786 578 971 630 statuit
1031 575 1094 630 de
1137 575 1368 638 diabolo,
1416 575 1708 630 verendum
1747 591 1874 631 sane
1900 585 2066 630 estne

2180 577 2536 647 ὲπιφοιτήσας
2586 578 2703 631 κατ’
2736 579 2900 632 αὐτοῦ
2945 580 3158 652 ἔστησε.
3209 584 3505 638 κινδυνεύει
3547 588 3611 639 ἐκ
3644 590 3744 662 τῆς

511 683 693 726 nostra
745 669 1082 736 improbitate
1127 669 1462 729 obscuretur,
1497 683 1601 722 non
1634 669 1828 722 amissa
1860 668 2066 735 quidem

2172 667 2449 736 ἡμετέρας
2480 668 2675 731 κακίας
2701 668 3095 739 ἀμαυρωθῆναι
3116 688 3128 701 ·
3158 672 3218 722 οὐ
3249 672 3344 742 τὴν
3374 675 3579 728 οἰκείαν
3609 678 3742 731 ἀπο-

509 779 601 817 soa
636 763 703 824 vi,
733 762 824 814 sed
851 768 1034 814 nostro
1065 768 1281 828 torpore
1326 774 1389 813 ac
1437 759 1691 813 dmmonis
1728 760 1922 812 malitia
1977 772 2066 810 nos

2173 755 2335 810 λέσαν
2363 758 2610 828 δύναμιν,
2641 760 2753 812 ἀλλ’
2782 759 2884 813 ὑπὸ
2915 764 3013 831 τῆς
3041 762 3255 824 ἀτονίας
3281 764 3375 816 καὶ
3404 765 3605 828 κακίας
3632 770 3743 820 τῶν

509 851 897 906 circumeuntis
936 851 1210 918 injuriose.
1252 848 1350 915 Qui
1384 851 1525 903 enim
1562 850 1699 918 regis
1732 850 2069 917 triumphan-

512 946 578 998 tis
607 945 803 998 milites
827 958 884 997 se
909 957 1027 997 esse
1062 941 1380 1010 gloriantes,
1415 940 1763 1007 divinumque
1811 939 1927 1006 ejus
1977 951 2069 990 no-

506 1051 626 1090 men
653 1051 748 1103 pro
774 1050 978 1088 summa
1017 1032 1295 1101 dignitate,
1331 1040 1387 1084 ut
1436 1046 1616 1086 revera
1649 1039 1751 1094 est,
1787 1030 2072 1083 circumfe-

508 1133 683 1178 rentes
713 1121 1029 1185 Christiani,
1067 1121 1275 1175 deliciis
1308 1133 1370 1172 ac
1409 1117 1632 1187 qumstui
1658 1115 1768 1185 jam
1820 1124 1945 1168 sunt
1978 1116 2071 1168 de-

387 1201 392 1207 .
507 1218 628 1278 diti,
667 1231 785 1269 cum
818 1213 916 1283 ipsi
951 1213 1094 1282 digni
1118 1213 1230 1265 sint
1253 1211 1341 1278 qui
1368 1211 1667 1270 vincantur,
1692 1216 1907 1276 propter
1930 1206 2070 1273 regis

508 1318 683 1361 tamen
713 1306 960 1375 gloriam,
999 1317 1299 1369 nomenque
1345 1305 1600 1368 superant
1642 1318 1659 1353 :
1705 1305 1908 1352 tantum
1961 1311 2068 1351 non

502 1398 645 1450 enim
679 1397 778 1448 hoc
805 1394 957 1446 modo
986 1393 1089 1446 illis
1113 1391 1309 1446 accinlt
1333 1405 1346 1443 :
1377 1407 1399 1440 ι
1439 1387 1554 1442 Non
1586 1403 1684 1458 ego
1711 1388 1875 1443 vestri
1904 1401 2066 1442 causa

504 1501 622 1555 ago,
651 1487 741 1540 sed
773 1493 988 1553 propter
1026 1496 1217 1536 nomen
1247 1495 1445 1544 meum,
1478 1494 1543 1532 ue
1575 1478 1700 1532 illud
1738 1479 2067 1546 profanetur,

504 1587 663 1640 atque
710 1573 1040 1641 inquinetur.
1091 1589 1109 1621 ι
1143 1569 1252 1624 Nisi
1304 1570 1448 1623 enim
1495 1568 1764 1637 propriam
1803 1567 1917 1636 ipse
1947 1582 2068 1620 cum

503 1651 689 1734 plausu
724 1670 1068 1729 componeret
1098 1660 1434 1730 religionem,
1459 1667 1513 1711 et
1537 1657 1713 1711 omnia
1747 1658 1846 1710 sibi
1881 1656 2068 1725 subju-

502 1765 673 1822 garet,
706 1755 869 1825 67o
901 1763 1019 1824 post
1051 1749 1336 1819 aliquando
1370 1751 1805 1817 vilipcnderetur,
1855 1747 2066 1817 ignavia

504 1861 607 1900 non
640 1848 818 1900 debite
846 1860 965 1900 eam
998 1841 1493 1897 administrantium
1533 1856 1546 1893 :
1579 1838 1672 1893 sed
1704 1839 1918 1907 quando
1952 1852 2069 1907 pro-

2174 851 2577 920 περιφερόντων
2608 852 2738 904 αὐτὸ
2759 851 3241 923 καθυϐριζόμενον.
3279 855 3341 906 Οἱ
3367 856 3473 925 γὰρ
3495 857 3587 909 τοῦ
3617 858 3746 910 καὶ·

2171 937 2376 992 λινίκου
2426 942 2688 1011 βασιλέως
2735 943 3027 1013 αὐχοῦντες
3060 939 3202 997 εἶναι
3253 947 3606 1017 στρατιῶται,
3644 952 3738 1000 καὶ

2171 1031 2231 1084 τὸ
2262 1030 2404 1085 θεῖον
2453 1034 2616 1087 αὑτοῦ
2653 1036 2821 1105 ὄνομα
2852 1035 3040 1106 ὥσπερ
3097 1037 3312 1107 ἀξίωμα
3348 1039 3511 1108 μέγα,
3547 1039 3737 1110 ὥσπερ

2170 1111 2263 1170 οὖν
2309 1120 2400 1170 καὶ
2433 1118 2571 1184 ἐστι,
2620 1122 3003 1192 περιφέροντες
3034 1164 3046 1187 ,
3077 1127 3255 1194 τρυφῇ
3307 1125 3416 1193 (l6)
3459 1127 3552 1179 καὶ
3600 1145 3733 1199 χρη-

2174 1211 2459 1277 ματισμοῖς
2511 1211 2736 1275 ἑαυτοὺς
2773 1212 3068 1277 ἐκδιδόντες
3093 1253 3106 1278 ,
3139 1216 3233 1267 καὶ
3269 1215 3333 1267 δι’
3373 1217 3601 1280 ἑαυτοὺς
3641 1222 3740 1289 ήτ-

2169 1298 2400 1368 τήθῆναι
2431 1299 2630 1354 δίκαιοι
2667 1303 2841 1367 ὄντες,
2879 1303 2968 1356 διὰ
3013 1305 3112 1375 τὴν
3140 1304 3234 1358 τοῦ
3271 1305 3535 1376 βασιλέως
3579 1307 3740 1375 δόξαν

2171 1390 2561 1458 περιγίνονταιο
2597 1396 2880 1465 μονονουχὶ
2902 1396 3011 1466 γὰρ
3051 1397 3144 1450 καὶ
3175 1381 3270 1449 νῦν
3299 1399 3486 1461 αὐτοῖς
3520 1401 3738 1469 ἐπιφω-

2169 1482 2250 1530 νεί
2273 1495 2286 1508 ’
2320 1498 2337 1530 ι
2374 1481 2444 1533 Οὐ
2466 1481 2534 1534 δι’
2563 1483 2706 1551 ὑμᾶς
2731 1484 2840 1553 ἐγὼ
2870 1487 3026 1549 ποιῶ,
3054 1487 3191 1540 ἀλλά
3213 1488 3298 1541 διὰ
3329 1489 3389 1541 τὸ
3416 1489 3584 1558 δνομά
3608 1509 3736 1561 μου,

2171 1568 2255 1620 ἵνα
2291 1569 2362 1640 μὴ
2396 1569 2697 1642 βεϐηλωθῇ.
2731 1591 2748 1624 ι
2779 1575 2840 1626 EI
2873 1575 2947 1646 μὴ
2983 1577 3085 1646 γὰρ
3112 1576 3272 1639 αὐτὸς
3298 1573 3365 1648 ἦν
3392 1582 3418 1630 ό
3452 1580 3568 1631 νυνὶ
3601 1597 3738 1647 συγ-

2171 1660 2378 1729 κροτῶν
2409 1662 2507 1732 τὴν
2534 1663 2740 1717 οίκείαν
2771 1664 3066 1735 θρησκείαν
3106 1668 3198 1719 καὶ
3220 1667 3399 1719 πάντα
3430 1670 3563 1740 αὐτῇ
3596 1670 3737 1722 ὑπο-

2170 1751 2349 1823 χείρια
2381 1756 2831 1826 παρασκευάζων,
2875 1757 3041 1810 πάλαι
3083 1758 3148 1810 ἂν
3181 1758 3267 1810 διά
3300 1759 3397 1828 τὴν
3426 1759 3531 1812 τῶν
3567 1777 3735 1829 μετα-

2170 1841 2556 1923 χειριζομένων
2613 1846 2784 1916 αὐτὴν
2856 1849 2914 1901 οὐ
2974 1849 3200 1911 δεόντως
3249 1849 3521 1921 ρᾳθυμίαν
3572 1850 3741 1920 ὠλιγ-

502 1938 674 2007 priam
703 1937 802 1991 sibi
850 1935 1083 1990 vindicat
1117 1933 1362 2004 gloriam,
1400 1932 1542 1986 hunc
1572 1929 1784 2000 quidem
1817 1931 1868 1983 in
1904 1931 2065 1983 altum

2169 1932 2354 2002 ωρήθη
2377 1949 2390 1963 ·
2426 1933 2539 1986 ἀλλ’
2580 1935 2766 2006 ἐπειδή
2793 1937 2891 2006 τῆς
2922 1938 3127 2001 οἰκείας
3161 1939 3515 1993 ἀντιποιεῖται
3551 1940 3735 2009 δόξης,

503 2028 768 2090 attollens,
809 2025 874 2082 ab
911 2026 1028 2080 aliis
1081 2039 1206 2079 vero
1264 2031 1382 2092 post
1431 2020 1588 2091 paulo
1636 2019 1860 2075 acerbas
1901 2021 2068 2089 exigit

504 2135 710 2188 pmuas.
735 2117 842 2173 Nec
870 2118 1010 2172 enim
1045 2115 1378 2186 patiturbmc
1400 2114 1614 2180 impune
1655 2125 1843 2165 ausum
1874 2108 2064 2175 fuisse,

505 2223 676 2280 neque
703 2208 938 2262 divinum
974 2217 1165 2267 nomen
1202 2203 1342 2270 ipsos
1377 2200 1809 2269 blaspliemantes
1836 2198 2068 2264 impuni-

506 2312 584 2354 los
613 2298 860 2360 dimittet,
891 2298 995 2350 imo
1036 2302 1089 2350 et
1123 2293 1322 2360 majora
1357 2291 1533 2359 exiget
1567 2289 1823 2358 supplicia
1873 2288 1940 2341 ab
2001 2287 2067 2340 iis

502 2390 591 2457 qui
655 2388 924 2459 peccando
989 2385 1335 2455 dignitatibus
1397 2395 1461 2436 ac
1526 2379 1856 2450 prwl'ecturis
1913 2377 2064 2446 potiti

503 2493 646 2545 sunt,
689 2495 751 2534 ac
791 2495 857 2534 ne
890 2477 970 2532 sic
1014 2475 1225 2544 quidem
1280 2473 1551 2526 moderate
1593 2473 1843 2540 agebant,
1880 2482 2065 2522 verum

505 2572 732 2640 propria:
764 2570 1079 2639 compendio
1103 2567 1360 2622 socordia:
1385 2562 1476 2618 Dei
1505 2561 1908 2632 longanimitate
1939 2570 2065 2615 sunt

503 2663 679 2727 abusi,
702 2677 762 2714 ac
784 2676 880 2730 pro
907 2659 1099 2728 quibus
1127 2657 1388 2728 paenitere
1407 2655 1706 2724 oportebat,
1731 2667 1825 2722 per
1857 2653 1970 2708 haec
1997 2653 2062 2706 ad

505 2749 703 2805 malum
737 2751 906 2822 magis
936 2759 1062 2806 sunt
1091 2745 1316 2803 incitati.

919 3039 1277 3097 CCCLXVIII.
1307 3069 1375 3080 —
1402 3035 1643 3095 ESAIAL.

2163 2018 2252 2070 τὸν
2284 2019 2394 2090 (I7)
2433 2021 2532 2090 μὲν
2561 2024 2640 2085 είς
2667 2022 2799 2092 ὒψος
2833 2023 3007 2096 αῐρει,
3039 2027 3164 2090 τοὺς
3190 2026 3247 2079 δὲ
3287 2028 3441 2092 δίκας
3471 2030 3738 2098 πικροτά·

2163 2126 2260 2173 τας
2291 2111 2484 2180 μικρὸν
2519 2110 2746 2183 ὕστερον
2771 2116 3145 2187 εἰσπράξεται.
3181 2118 3318 2172 Οὐδὲ
3348 2120 3455 2189 γὰρ
3487 2118 3737 2183 ἀνέξεται

2163 2200 2335 2253 ταῦτα
2364 2202 2664 2273 τολμᾶσθαι
2694 2205 3026 2277 ἀτιμωρητὶ,
3065 2209 3184 2262 οὐδὲ
3217 2211 3341 2273 τοὺς
3364 2212 3425 2263 τὸ
3458 2209 3599 2263 θεῖον
3637 2213 3737 2265 αύ-

2161 2292 2254 2344 τοῦ
2284 2293 2456 2362 ὄνομα
2486 2296 2609 2364 τόγε
2644 2299 2722 2358 είς
2752 2298 2948 2363 αὐτοὺς
2973 2294 3109 2371 ἧκον
3141 2299 3600 2374 βλασφημηθῆναι
3628 2321 3737 2357 πα-

2166 2385 2638 2452 ρασκευάσαντας,
2664 2389 3044 2461 ἀτιμωρήτους
3070 2393 3272 2464 ἀφήσει
3294 2407 3310 2422 ·
3343 2395 3478 2448 ἀλλὰ
3511 2396 3604 2449 καὶ
3630 2398 3734 2466 ἀρ-

2165 2475 2510 2549 γαλεωτέρας
2544 2480 2836 2551 ἀπαιτήσει
2870 2481 3024 2546 δίκας
3053 2485 3178 2543 τοὺς
3220 2484 3314 2536 καὶ
3346 2486 3404 2538 ὲν
3432 2484 3509 2555 τῷ
3543 2485 3732 2556 πλημ-
3811 2514 3816 2521 -

2168 2565 2347 2637 μελείε)
2409 2571 2744 2639 προστασίας
2798 2573 3065 2644 τοσαύτης
3117 2574 3566 2639 ἀπολαύσαντας,
3634 2578 3734 2630 καὶ

2166 2658 2298 2727 μηδὲ
2321 2657 2460 2710 οὕτω
2492 2661 2978 2728 σωφρονισθέντας,
3013 2664 3125 2716 ἀλλ’
3147 2665 3356 2732 ἐφόδιον
3387 2665 3484 2734 τῆς
3523 2667 3732 2731 οἰκείας

2162 2748 2434 2819 ῥᾳθυμίας
2461 2751 2559 2819 τὴν
2592 2751 2743 2806 θείαν
2776 2754 3154 2824 μακροθυμίαν
3179 2758 3600 2825 ποιησαμένους,
3633 2759 3732 2811 καὶ

2159 2835 2226 2889 δι’
2251 2830 2326 2890 ὧν
2354 2843 2718 2910 γνωσιμαχεῖν
2747 2841 2937 2912 ἐχρῆν,
2979 2841 3066 2896 διὰ
3089 2841 3291 2896 τούτων
3325 2845 3416 2897 ἐπὶ
3450 2845 3511 2897 τὸ
3546 2847 3732 2914 χεῖρον

2162 2925 2458 2991 ἐλάσαντας
2469 2968 2480 2980 .

2679 3039 2846 3092 Τειιν.
2884 3069 2952 3078 -
2983 3041 3209 3110 ΗΣΑΙᾼ.

969 3150 999 3185 ·ι
1031 3133 1246 3187 Declina
1269 3148 1299 3186 a
1325 3130 1463 3184 malo
1503 3141 1549 3184 et
1571 3132 1655 3200 [ac
1683 3131 1892 3194 bonum,
1927 3148 1946 3181 ι
1983 3130 2106 3195 quia
2144 3129 2285 3182 Deus
2313 3130 2486 3182 omnia
2519 3130 2700 3182 cernit.
2726 3127 2894 3197 (Psal.
2925 3145 3110 3193 xxxvr,
3133 3132 3247 3201 27.)

572 3242 761 3315 lugens
810 3255 863 3297 et
906 3249 1062 3295 acute
1095 3253 1324 3294 cernens
1355 3253 1419 3294 ac
1447 3238 1675 3309 vigilans
1715 3237 1933 3308 iustitia:
1971 3238 2060 3291 Dei

2234 3235 2457 3302 Μέγας,
2515 3234 2610 3288 καὶ
2670 3235 3003 3308 ὀξυδερκὴς,
3053 3238 3146 3291 καὶ
3195 3239 3493 3310 ἀκοίμητος
3543 3242 3575 3294 δ
3626 3243 3730 3315 τῆς

503 3345 587 3392 est
616 3334 822 3398 oculos,
852 3345 1021 3400 neque
1044 3329 1215 3384 solum
1241 3343 1357 3398 qua:
1383 3328 1593 3398 publice
1612 3339 1768 3398 gesta
1802 3330 2058 3391 intuetur,

504 3428 597 3484 sed
630 3436 684 3481 et
718 3439 833 3494 qum
863 3425 914 3478 in
955 3424 1146 3493 abysso
1171 3422 1289 3493 quis
1319 3421 1399 3476 vel
1425 3420 1741 3475 abscondito
1771 3428 1852 3474 est
1877 3435 2063 3485 ausus,

505 3518 789 3585 cordisque
823 3515 956 3567 adeo
984 3513 1194 3567 abditos
1234 3525 1476 3565 recessus
1507 3518 1780 3564 scrutatur
1824 3525 1886 3563 ac
1914 3524 2063 3562 com-

507 3605 804 3675 prehendit.
834 3602 1018 3658 Talem
1051 3602 1230 3668 itaque
1260 3614 1381 3653 cum
1406 3599 1743 3668 hicjudicem
1777 3599 2065 3651 habeamus

508 3702 757 3752 virtutem
795 3693 1249 3764 complectamur;
1289 3691 1653 3746 abstineamus
1701 3705 1827 3744 vero
1869 3705 1900 3743 a
1952 3705 2065 3743 ma—

506 3788 644 3843 Iitia.
676 3785 821 3841 Illam
853 3784 996 3838 enim
1049 3781 1475 3837 remunerabitur
1528 3780 1703 3846 Deus;
1755 3781 1892 3836 hanc
1944 3794 2068 3835 vero

499 3876 647 3946 justo
674 3875 875 3946 judicio
907 3875 1106 3942 puniet.

713 3970 1030 4040 CCCLXIX.
1067 4011 1135 4024 —
1171 3976 1504 4035 PALLADIO
1537 3977 1851 4035 macono.

2162 3323 2312 3386 θείας
2345 3325 2455 3394 (I8)
2503 3324 2659 3394 δίκης
2701 3328 2850 3379 ἐστὶν
2883 3326 3187 3398 ὀφθαλμός·
3242 3331 3334 3382 καὶ
3362 3331 3423 3383 οὐ
3466 3331 3628 3403 μόνον
3658 3333 3731 3388 τά

2163 3415 2219 3465 ὲν
2251 3415 2468 3485 φανερῷ
2511 3414 2761 3486 δρώμενα
2799 3418 2989 3488 ἐφορᾷ,
3033 3417 3168 3473 ἀλλά
3217 3421 3307 3472 καὶ
3350 3420 3418 3473 τὰ
3464 3423 3522 3474 ὲν
3548 3439 3732 3493 παρα-

2165 3504 2349 3576 ϐύστῳ
2396 3505 2718 3576 τολμώμενα
2767 3509 3037 3577 ἀνιχνεύει
3064 3550 3079 3575 ,
3112 3510 3205 3562 καὶ
3249 3511 3316 3564 τά
3355 3510 3456 3580 τῆς
3503 3513 3733 3582 καρδίας

2167 3596 2442 3666 κινήματα
2462 3596 2888 3668 καταλαμϐάνει.
2915 3597 3166 3653 Τοιοῦτον
3195 3601 3486 3672 τοιγαροῦν
3515 3602 3734 3673 ἔχοντες

2169 3687 2380 3755 κριτὴν,
2440 3686 2792 3757 ἀντεχώμεθα
2849 3688 2948 3758 μὲν
3002 3689 3242 3761 ἀρετῆς,
3296 3691 3629 3763 ἀπεχώμεθα
3675 3693 3734 3748 δὲ

2169 3778 2385 3842 κακίας.
2441 3779 2570 3849 ΙΤὴν
2635 3780 2736 3849 μὲν
2785 3781 2895 3852 γὰρ
2947 3765 3288 3852 ἀμείψεται,
3343 3785 3443 3854 τήν
3492 3784 3548 3838 δὲ
3598 3785 3738 3856 ἀμυ-

2168 3872 2358 3924 νεῖται.

2435 3979 2600 4034 τεθο.
2649 4011 2718 4022 -
2746 3981 3090 4054 nmmum
3139 3984 3459 4056 ΔιΑκοΝᾳ.

1453 4070 1601 4125 Nihil
1635 4073 1790 4126 nimis
1821 4071 2188 4142 differendum.
2216 4069 2421 4125 Diaboli
2449 4083 2584 4128 arm
2615 4075 2790 4131 molat.

579 4187 695 4243 Non
736 4194 812 4241 est
846 4183 1372 4254 procrastinandum,
1402 4181 1882 4252 diﬂ’erendumque,
1923 4181 2065 4236 bone

507 4283 609 4346 vir,
633 4280 725 4334 sed
769 4281 971 4347 optima
1003 4289 1224 4344 quaeque
1255 4277 1477 4342 agenda.
1515 4271 1696 4342 Neque
1745 4273 1885 4326 enim
1944 4271 2066 4326 linis

507 4384 714 4441 tempus
765 4371 1028 4433 novimus,
1075 4381 1140 4420 ac
1197 4381 1262 4420 ne
1309 4364 1567 4418 daemonis
1625 4363 1838 4431 quidem
1896 4364 2065 4418 malas

507 4475 649 4517 artes
683 4461 1075 4527 versutiasque.
1109 4457 1306 4526 quibus
1349 4472 1443 4510 uos
1487 4463 1776 4523 oppugnat,
1807 4454 1895 4523 qui
1924 4468 2062 4522 prac-

510 4555 747 4608 sentibus
777 4566 874 4604 nos
909 4549 1208 4610 cxeutieus,
1241 4547 1539 4600 futurorum
1575 4544 1850 4613 promissis
1876 4543 2060 4598 eludit.

513 4644 613 4699 Ubi
660 4643 801 4697 enim
839 4641 984 4695 novit
1012 4639 1258 4693 homines
1307 4639 1358 4690 in
1409 4635 1549 4690 diem
1597 4635 1797 4701 vivere,
1830 4635 2064 4689 futurum

510 4750 638 4786 veru
695 4732 763 4785 sit
823 4729 1106 4789 incertum,
1161 4733 1430 4795 oppugnat
1486 4723 1622 4785 illos,
1671 4737 1733 4776 ac
1780 4725 2066 4792 praesentia

507 4824 721 4892 quidem
759 4819 967 4884 fallens,
992 4818 1165 4886 deque
1210 4814 1407 4869 futuris
1433 4814 1573 4868 inani
1603 4829 1697 4882 spe
1729 4814 1948 4876 laetans,
1976 4813 2065 4882 qui

510 4914 821 4969 hodiernum
865 4910 1005 4963 diem
1040 4921 1255 4975 semper
1294 4916 1609 4974 praesentem
1655 4904 2004 4966 arbitrantur,
2035 4919 2063 4957 a

510 5019 568 5058 se
605 5013 888 5070 persuasos
924 4996 1242 5067 praecipitat.
1269 4995 1604 5064 Quapropter
1629 5004 1682 5048 et
1715 4996 1787 5048 rei
1822 4994 2067 5062 gerenda:

509 5090 848 5145 occasionem
873 5088 924 5140 in
949 5084 1082 5140 nihil
1103 5085 1310 5155 agendo
1328 5094 1728 5149 consumentes,
1753 5086 2069 5154 opportuni-

514 5190 672 5232 tatem
732 5187 1042 5246 tempusque
1096 5174 1388 5244 negliguut.
1437 5172 1669 5243 Tempus
1717 5177 1857 5228 enim
1903 5173 2073 5230 ﬂuens

512 5267 844 5336 aequabiliter
894 5274 1168 5335 nunquam
1224 5263 1457 5326 sistitur,
1512 5263 1607 5317 sed
1665 5277 1798 5332 quas
1865 5263 2072 5318 interea

2242 4183 2315 4236 Οὐ
2351 4183 2584 4254 μέλλειν,
2627 4178 2676 4241 ὦ
2707 4185 2836 4255 σοφὲ
2856 4223 2874 4250 ,
2921 4185 3058 4240 ἀλλά
3089 4187 3346 4260 πράττειν
3373 4188 3476 4260 χρὴ
3508 4190 3574 4244 τά
3613 4191 3738 4261 βέλ-

2166 4291 2327 4328 τιστα
2353 4291 2365 4305 ·
2403 4273 2526 4326 οὔτε
2565 4273 2675 4345 γὰρ
2714 4275 2807 4327 τὸν
2857 4275 2956 4345 τῆς
3004 4274 3262 4346 τελευτῆς
3309 4277 3470 4347 ίσμεν
3521 4280 3737 4351 καιρὸν,

2167 4362 2290 4415 οὔτε
2338 4363 2436 4433 τὴν
2475 4367 2570 4416 τοῦ
2613 4363 2862 4417 διαϐόλου
2916 4366 3271 4436 κακουργίαν,
3304 4367 3370 4438 ἢν
3419 4367 3541 4421 καθ’
3574 4369 3739 4439 ήμῶν

2172 4455 2496 4523 μηχανᾶται,
2539 4454 2816 4526 ἐκκρούων
2860 4455 2959 4526 μὲν
3007 4455 3095 4508 ἀεὶ
3121 4455 3215 4511 τοῦ
3260 4458 3545 4528 παρόντος,
3583 4459 3645 4513 τὸ
3677 4460 3737 4514 δὲ

2174 4546 2362 4616 μέλλον
2412 4547 2772 4617 ὀνειροπολεῖν
2831 4547 3284 4618 παρασκευάζων.
3352 4551 3566 4622 Ἐπειδὴ
3624 4553 3738 4623 γὰρ

2170 4633 2326 4702 οἶδεν,
2356 4638 2436 4690 ὅτι
2466 4637 2609 4690 κατά
2654 4637 2714 4690 τὸ
2742 4637 2914 4707 παρὸν
2955 4636 3136 4708 ζῶμεν
3181 4640 3228 4692 οἱ
3254 4637 3553 4710 ἄνθρωποι,
3579 4639 3640 4693 τὸ
3678 4642 3737 4696 δὲ

2176 4726 2366 4798 μέλλον
2391 4727 2714 4796 ἀμφίϐολον,
2757 4731 3198 4800 καταστρατηγεῖ
3219 4746 3233 4761 ·
3269 4730 3362 4783 καὶ⁵
3403 4729 3465 4783 τὸ
3498 4731 3595 4800 μὲν
3626 4749 3738 4784 πα-

2176 4815 2266 4887 ρὸν
2295 4817 2538 4881 ἀπατῶν,
2567 4817 2626 4869 τὸ
2651 4816 2704 4868 δὲ
2736 4816 2928 4885 μέλλον
2967 4818 3372 4888 ὑποτιθέμενος,
3412 4821 3740 4891 ἐκτραχηλί-

2175 4903 2256 4968 ζει
2301 4907 2423 4969 τοὺς
2465 4892 2817 4977 πειθομένους
2845 4945 2861 4972 ,
2892 4908 2951 4960 τὸ
2988 4911 3225 4978 σήμερον
3271 4910 3359 4962 ἀεὶ
3391 4911 3561 4981 παρὸν
3590 4912 3741 4981 λογι-

2175 4997 2454 5068 ζομένους.
2487 4999 2579 5052 Διὸ
2619 5001 2715 5052 καὶ
2749 4999 2840 5052 τὸν
2879 4999 2973 5052 τοῦ
3024 5001 3284 5072 πράττειν
3331 5004 3525 5074 καιρὸν
3570 5008 3648 5068 είς
3677 5005 3739 5058 τὸ

2177 5090 2340 5159 μηδὲν
2390 5089 2901 5160 παρασκευάζεσθαι
2953 5091 3366 5156 ἀναλίσκοντες,
3426 5094 3740 5166 διαμαρτά-

2175 5196 2323 5232 νουσι
2355 5181 2454 5250 τῆς
2488 5181 2790 5252 εὐκαιρίας.
2841 5181 2900 5233 '0
2946 5181 3054 5254 γὰρ
3103 5183 3295 5254 χρόνος
3341 5185 3403 5237 τὸ
3436 5184 3632 5256 βράδος
3672 5188 3739 5240 οὐ

2177 5269 2462 5341 περιμένει
2486 5287 2500 5300 ·
2535 5271 2670 5325 ἀλλὰ
2714 5272 2807 5326 καὶ
2842 5272 2906 5337 ἃς
2949 5274 3005 5328 ὲν
3045 5273 3122 5344 τῷ
3164 5273 3368 5345 μεταξὺ
3403 5276 3578 5346 χρόνῳ
3601 5276 3740 5342 ὔλας

1601 5435 1834 5494 ἾΑΒΙΑΕ
1872 5437 2251 5497 LECTIONES
2291 5441 2378 5496 ΕΤ
2417 5440 2648 5499 NOTAE.

586 5589 696 5660 (16)
747 5593 937 5664 Τρυφῇ
986 5593 1125 5649 idem
1167 5601 1326 5663 auget
1384 5593 1436 5648 in
1481 5592 1716 5664 τρυφῆς.
1771 5607 1890 5664 pag.
1949 5592 2071 5649 670.

516 5660 830 5797 Poggii-0
859 5731 950 5784 τὸν
982 5732 1138 5786 ambo
1175 5733 1330 5788 codd.
1361 5742 1567 5802 ponunt
1596 5733 1715 5802 τήν.
1750 5730 1825 5786 In.

590 5802 699 5868 (I8)
727 5802 853 5857 Cod.
885 5814 1107 5873 uterque
1128 5804 1327 5859 omittit
1359 5801 1525 5865 θείας.
1553 5801 1702 5858 Vera.
1737 5803 1770 5858 5
1802 5803 1945 5856 inter
1969 5817 2069 5854 κα-

2170 5597 2502 5674 ταλαμϐάνει
2529 5608 2583 5653 et
2614 5598 2851 5674 τοιοῦτον
2874 5601 3031 5674 ambo
3060 5602 3302 5659 inserunt
3327 5607 3480 5674 πρός.
3515 5603 3569 5658 1η
3598 5606 3739 5660 duo-

2169 5667 2270 5722 bus
2305 5669 2501 5742 ultimis
2534 5672 2776 5725 versibus
2808 5672 3064 5745 voeabuja
3092 5674 3251 5728 iidetn
3279 5667 3735 5745 aliterordinant,

2171 5740 2463 5793 mutatione
2497 5754 2683 5807 parum
2719 5741 2964 5796 notabili.
2998 5741 3203 5797 Possis.
