3992 6418
185 397 305 460 1553

694 505 856 558 TOZ'.
889 535 959 544 —
995 503 1243 573 IIAI‘AQ.

1020 388 1551 450 EPIS’l‘OLARUM
1596 387 1742 447 LIB.
1783 387 1847 445 V.
1876 410 1942 420 -
1983 383 2219 444 EPIST.
2262 380 2622 443 CCCLXXX.

3317 371 3338 433 1
3349 364 3455 436 5'5"

2275 492 2669 551 CCCLXXVII.
2687 519 2758 531 —
2781 487 3028 545 l‘AULO.

812 638 831 669 ι
870 617 975 683 Qui
1006 619 1172 683 potuit
1203 617 1501 684 transgredi
1531 627 1577 668 et
1610 631 1709 666 non
1735 624 1808 667 est
1839 622 2218 679 transgressus.
2253 627 2271 659 ι
2305 605 2497 678 (Eccli.
2530 619 2680 666 χιιι,
2716 600 2827 668 i0.)

246 711 355 780 Οὐχ
387 711 415 763 ό
445 710 634 777 πάσης
677 707 929 777 ἀφορμῆς
983 706 1117 775 πρὸς
1166 705 1380 758 ἀδικίαν
1423 704 1626 774 ἔρημος
1655 701 1752 764 ὢν,

181 798 378 863 δίκαιος
417 797 724 868 κεκλῆσθαι
754 797 983 860 δίκαιος,
1015 797 1130 850 ἀλλ’
1176 798 1323 859 ὅστις
1359 795 1458 865 τὴν
1513 794 1758 858 ἐξουσίαν

179 889 268 942 τοῦ
302 890 643 959 πράγματος
683 890 846 958 ἔχων,
879 888 1094 950 ἀδικίας
1136 887 1232 956 οὐχ
1264 888 1494 940 ἅπτεται
1517 901 1530 916 ο
1558 886 1620 938 οὐ
1651 884 1758 954 μὴν

178 981 294 1033 οὐδὲ
316 983 345 1032 ό
376 979 602 1051 ἀνάγκη
625 977 921 1049 σωφρονῶν
953 977 1188 1049 σώφρων
1217 977 1444 1040 εἰκότως
1489 976 1756 1046 κεκλήσε-

177 1086 281 1132 ται,
314 1067 435 1120 ἀλλ’
467 1069 626 1132 ὅστις
654 1069 753 1137 τὴν
784 1068 1031 1133 ἐξουσίαν
1056 1067 1166 1120 τῶν
1197 1067 1412 1136 ἡδονῶν·
1433 1066 1572 1136 ἔχων
1599 1065 1758 1119 ἑκού-

181 1175 286 1212 σιον
316 1158 686 1228 σωφροσύνην
718 1158 1042 1222 ἀσπάζεται.
1085 1157 1148 1209 Oi
1185 1156 1284 1227 μὲν
1311 1157 1420 1226 γὰρ
1456 1155 1533 1225 τῷ
1564 1155 1638 1226 μὴ
1669 1155 1758 1208 δύο

180 1247 368 1302 νασθαι
403 1249 548 1321 δρᾷν
582 1248 619 1304 ἃ
648 1249 952 1320 βούλονται,
977 1249 1281 1301 ἐπιείκειαν
1310 1247 1570 1309 πολλάκις
1594 1246 1759 1300 πλάτ-

178 1356 351 1392 τονται
380 1357 393 1370 ·
429 1341 493 1392 ὲν
526 1339 751 1411 ἂξουσίᾳ
778 1339 834 1393 δὲ
887 1338 1193 1409 γενόμενοι,
1222 1338 1556 1407 ἐλέγχονται.
1598 1338 1662 1390 Οἱ
1701 1336 1759 1390 δὲ

179 1428 383 1498 ἄριστοι
430 1428 563 1481 τότε
602 1428 841 1498 μάλιστα
895 1425 1246 1498 καρτεροῦσι,
1289 1426 1504 1481 καὶτοῦ
1549 1427 1758 1480 δικαίου

179 1517 408 1587 Ιχονται,
441 1519 542 1572 ὅτε
575 1519 611 1589 η
635 1517 854 1585 ἐξουσία
891 1517 989 1587 τὴν
1021 1517 1236 1572 ἀδικίαν
1269 1518 1461 1572 τίκτει.

381 1625 573 1683 ’I'OH'.
598 1655 666 1666 —
695 1623 1036 1680 MAPKIONI
1075 1625 1544 1697 ΠΡΕΣΒΥἸἘΡῼ.

1936 699 2050 753 Non
2096 697 2185 765 qui
2217 697 2363 750 omni
2394 703 2548 749 caret
2597 695 2664 746 ad
2714 691 3122 759 improbitatem
3159 687 3450 742 occasione

1859 791 2038 860 justus
2077 791 2237 844 debet
2263 786 2544 859 appellari,
2591 785 2685 839 sed
2728 783 2908 852 potius
2956 783 3073 852 qui,
3106 795 3228 837 cum
3278 781 3449 849 possit

1867 897 2098 952 nequam
2138 895 2280 944 esse,
2308 879 2535 933 minime
2575 876 2710 930 vult.
2754 874 2938 944 Neque
2981 875 3072 942 qni
3121 873 3447 928 necessitate

1864 981 1948 1026 est
1983 980 2290 1037 temperans
2315 983 2381 1024 ac
2420 969 2749 1028 moderatus,
2784 973 3092 1033 temperans
3121 963 3315 1017 merito
3355 976 3448 1014 vo-

1865 1073 2040 1126 cetur,
2072 1061 2166 1116 scd
2213 1061 2305 1129 qni
2348 1057 2608 1127 voluptati
2641 1056 2922 1126 indulgere
2950 1072 3072 1111 cum
3107 1055 3278 1123 possit
3307 1062 3448 1108 tem-

1866 1153 2165 1222 perantiam
2195 1152 2373 1206 libens
2392 1159 2446 1204 et
2479 1151 2668 1205 volens
2708 1149 3112 1212 complectitur.
3152 1145 3254 1212 Qui
3303 1145 3448 1199 enim

1864 1261 1985 1317 quae
2013 1246 2216 1306 volunt.
2257 1255 2472 1313 patrare
2521 1258 2626 1297 non
2683 1249 2931 1310 possunt.
2967 1240 3276 1310 aequitatem
3305 1249 3452 1303 smpe

1862 1347 2118 1392 servant:
2152 1347 2206 1390 at
2231 1352 2351 1391 cum
2377 1336 2612 1403 suppetit
2657 1334 2852 1405 agendi
2889 1332 3117 1386 facultas
3139 1328 3447 1383 remutandi

1860 1439 2007 1484 sunt.
2042 1427 2288 1499 Optimus
2326 1427 2559 1498 quisque
2609 1435 2718 1478 tum
2777 1425 3011 1478 maxime
3057 1421 3364 1484 invalescit,
3391 1429 3448 1474 et

1856 1521 2035 1591 justus
2065 1522 2316 1584 habetur,
2340 1518 2556 1588 quando
2588 1516 2817 1572 facultas
2849 1515 3102 1584 iniuriam
3134 1515 3333 1581 pariat.

1861 1626 2024 1699 673
2050 1623 2467 1682 CCCLXXVIII.
2496 1654 2567 1666 -—
2597 1621 2927 1678 MARCIONI
2961 1618 3447 1676 PBESBYTERO.

349 1723 490 1788 Qua:
519 1721 754 1790 dignitas
790 1721 910 1775 boni
936 1721 1244 1775 sacerdotis.
1285 1718 1626 1790 Hermogenis
1664 1721 1894 1790 episcopi
1927 1723 2065 1775 laus.
2107 1718 2318 1773 Eusebii
2356 1719 2692 1789 vituperatio.
2727 1716 2914 1787 (Snpr.
2939 1717 3095 1785 epist.
3121 1716 3272 1785 558.)

252 1830 308 1885 '0
335 1831 400 1882 ἐκ
423 1831 533 1899 τῆς
563 1827 672 1881 τῶν
697 1827 875 1899 ἔργων
890 1827 1342 1898 λαμπρυνόμενος
1363 1828 1580 1898 ἀρετῆς,
1605 1819 1758 1892 οὗτος

1934 1831 2034 1898 Qui
2075 1829 2289 1883 virtutis
2320 1842 2438 1884 sese
2470 1827 2723 1896 operibus
2746 1824 3020 1889 ostendit,
3067 1838 3151 1878 na:
3199 1820 3287 1876 ille
3320 1837 3451 1877 vere

180 1922 395 1990 γνήσιος
429 1920 741 1991 ἱερωσύνης
767 1919 1028 1987 τυγχάνει
1061 1918 1286 1988 κόσμος.
1319 1919 1505 1982 Ὅστις
1533 1917 1590 1971 δὲ
1613 1917 1759 1972 ἔνδον

179 2011 270 2082 τῆς
301 2011 462 2076 ἀξίας
491 2011 558 2063 ού
594 2010 776 2080 φορῶν
812 2009 927 2078 (Ξό)
961 2009 1032 2062 τὰ
1064 2009 1440 2080 γνωρίσματα,
1472 2008 1760 2081 ἀλλοτρίαν

181 2101 656 2170 σχηματιζόμενος
727 2098 1098 2167 εὐπρέπειαν,
1151 2101 1217 2168 τῇ
1273 2102 1408 2170 τιμῇ
1476 2099 1613 2171 μόνῃ
1672 2100 1759 2151 ἑν·-

179 2193 494 2264 ασρύνεται,
536 2184 694 2255 οὗτος
734 2193 838 2246 ὑπὸ
866 2193 966 2263 τῆς
1010 2192 1266 2264 ἀληθείας
1292 2194 1371 2256 είς
1405 2193 1533 2257 τοὺς
1570 2193 1758 2256 νόθους

178 2286 537 2356 ἀπέρριπται.
588 2285 739 2338 Ἐπεὶ
788 2279 882 2338 οὖν
920 2286 948 2338 ό
980 2285 1078 2354 μὲν
1125 2284 1378 2354 θεοφιλὴς
1426 2284 1759 2357 Ἑρμογένης

181 2376 552 2445 ὁμολογοῦσαν
579 2378 644 2446 τῇ
673 2378 839 2448 ἀρετῇ
874 2379 969 2431 καὶ
1000 2377 1099 2448 τὴν
1118 2377 1276 2441 ἀξίαν
1305 2377 1460 2446 ἔσχε·
1494 2377 1630 2447 πρὸς
1651 2375 1760 2446 γὰρ

180 2467 236 2519 τὸ
262 2469 467 2521 οἰκεῖον
503 2468 769 2538 ἑκάτερον
801 2467 1089 2532 ἔσπευσεν,
1128 2470 1156 2521 ό
1201 2469 1299 2538 μὲν
1331 2468 1431 2543 τῆς
1478 2469 1759 2536 ἁγιστείας

180 2556 375 2627 κόσμος
401 2557 500 2610 τὸν
521 2556 674 2620 ἄξιον
704 2555 1066 2628 ἐπιζητήσας,
1100 2558 1160 2611 τὸ
1183 2559 1238 2611 δὲ
1262 2558 1358 2627 τῆς
1386 2559 1586 2628 ἀρετῆς
1609 2561 1760 2628 ἀρχι-

180 2647 268 2700 κδν
292 2647 389 2717 τὴν
421 2649 582 2719 παρά
608 2649 703 2719 τῆς
740 2647 892 2712 θείας
928 2648 1150 2718 χάριτος
1194 2649 1559 2719 ὀφειλομένην
1591 2665 1758 2719 προσ-

181 2734 380 2805 θήκην·
436 2738 467 2790 ό
521 2735 582 2789 δὲ
636 2735 933 2806 θεομισὴς,
991 2735 1066 2798 ὼς
1119 2736 1443 2805 γέγραφας,
1503 2735 1758 2798 Εὐσέϐιος

181 2825 377 2896 ἀρετῆς
407 2825 686 2897 χηρεύων,
711 2829 778 2896 τῇ
815 2824 1084 2897 ἱερωσύνη
1121 2827 1260 2898 μόνῃ
1292 2827 1636 2896 σεμνύνεται.
1699 2826 1758 2879 '0

185 2917 277 2985 μὲν
311 2919 466 2989 παρά
508 2919 731 2972 πάντων
781 2917 988 2990 ᾄδεται,
1019 2918 1096 2980 ὡς
1124 2917 1491 2988 ὁμολογοῦσαν
1520 2919 1587 2988 τῇ
1630 2916 1756 2987 ἀξία

183 3007 270 3058 καὶ
297 3007 400 3078 τὴν
437 3007 764 3079 προαίρεσιν
801 3006 1251 3078 εἰσενεγκάμενος
1273 3026 1287 3040 ι
1314 3011 1344 3061 ό
1381 3007 1438 3061 δὲ
1472 3005 1757 3071 κακίζει-αι

181 3094 250 3158 ὼς
276 3097 454 3162 νόθος,
531 3099 630 3151 καὶ
680 3099 760 3161 είς
792 3096 1106 3169 μηδαμόθεν
1169 3097 1320 3168 αὐτῷ
1373 3099 1755 3168 προσήκουσαν

182 3187 550 3260 κληρονομίαν
582 3188 1022 3260 εἰσϐιασάμενος.

373 3298 550 3353 τοοο.
580 3328 651 3341 -
683 3296 988 3368 ΔαΡοΘεο
1042 3297 1532 3369 ΛΔΜΠΡΟΤΑΤῼ.

1862 1921 2165 1977 sacerdotio
2216 1929 2298 1974 est
2352 1927 2691 1972 ornamento.
2765 1915 2865 1982 Qui
2923 1928 3055 1969 vero
3120 1913 3448 1966 intrinsecus

1860 2010 2139 2083 dignitatis
2173 2009 2453 2065 scientiam
2504 2023 2609 2062 non
2657 2007 2854 2071 habet,
2889 2005 3067 2061 alieno
3114 2018 3175 2060 se
3204 2010 3445 2057 ostentat

1859 2109 2194 2166 ornamento,
2224 2101 2340 2155 solo
2361 2099 2534 2154 elatus
2565 2101 2773 2154 ltonore
2801 2117 2813 2152 :
2847 2099 2934 2152 hic
2963 2097 3134 2152 instar
3158 2096 3326 2166 spurii
3359 2109 3452 2150 re-

1859 2208 1987 2248 vera
2031 2193 2212 2248 decori
2265 2200 2348 2247 est
2403 2191 2587 2246 s'tatni.
2657 2187 2792 2244 Cum
2855 2188 3021 2258 igitur
3084 2189 3177 2242 Dei
3240 2187 3449 2241 amicus

1863 2285 2250 2356 Hermogenes,
2289 2283 2471 2336 virtuti
2520 2296 2631 2336 suae
2662 2279 3076 2335 convenientem
3108 2291 3192 2334 est
3213 2279 3448 2348 dignita-

1863 2387 1966 2430 tem
2004 2383 2354 2431 consecutus.
2421 2373 2503 2427 Ad
2538 2383 2830 2441 utrumque
2859 2371 3002 2425 enim
3036 2370 3111 2424 nti
3169 2368 3446 2438 proprium

1859 2481 2203 2535 summopere
2247 2463 2560 2530 contendit,
2602 2464 2802 2534 quippe
2839 2462 3016 2532 ipsum
3069 2461 3447 2516 sanctintonizu

1860 2559 2024 2613 decus
2062 2559 2235 2611 virum
2269 2555 2486 2626 dignum
2519 2553 2721 2625 exigit,
2752 2564 2808 2609 et
2845 2553 3062 2606 virtutis
3111 2551 3448 2620 principatus

1861 2649 2098 2704 debitum
2133 2664 2161 2701 a
2199 2649 2381 2704 divina
2422 2649 2592 2718 gratia
2627 2647 3075 2702 additamentum.
3135 2644 3288 2698 Alter
3317 2657 3449 2696 vero

1863 2738 1970 2793 Deo
2003 2739 2207 2794 invisus
2237 2739 2525 2805 Eusebius,
2554 2738 2620 2792 de
2647 2751 2756 2806 quo
2778 2739 2845 2790 ad
2879 2751 2967 2791 me
2996 2736 3211 2799 scribis,
3245 2735 3446 2788 virtute

1859 2845 2094 2894 vacuus,
2132 2830 2249 2885 solo
2280 2843 2339 2886 se
2386 2829 2561 2900 jactat
2606 2827 2932 2884 sacerdotio.
2993 2825 3087 2880 llle
3119 2825 3335 2896 quidem
3373 2826 3442 2880 ab

1858 2921 2107 2975 omnibus
2148 2921 2474 2984 celebratur,
2521 2928 2580 2974 ut
2612 2918 2958 2975 consentiens
3014 2917 3260 2987 dignitati
3323 2930 3451 2986 pro-

1860 3011 2090 3080 positum
2142 3008 2416 3076 aﬂ'ercns;
2479 3010 2567 3065 hic
2603 3017 2791 3064 contra
2837 3017 2893 3062 ttt
2934 3009 3154 3078 spurius
3205 3016 3448 3070 notatur,

1861 3099 2016 3168 quasi
2051 3102 2118 3152 ad
2155 3099 2256 3154 sibi
2297 3099 2474 3154 minus
2501 3099 2913 3156 convenientem
2942 3098 3192 3153 redactus
3221 3105 3448 3158 sortem,

1863 3199 2024 3258 atque
2057 3189 2449 3244 luereditatem.

1913 3294 2288 3354 CCCLXXIX.
2324 3329 2394 3340 —
2449 3298 2819 3355 DOROTHEO
2857 3295 3176 3354 CLARISS.
3205 3295 3389 3352 VIRO.

1425 3390 1527 3456 Qui
1563 3390 1848 3444 ordinandi
1890 3393 2208 3450 sacerdotes.

247 3496 337 3568 κὴ
365 3499 498 3560 τοὺς
545 3497 716 3568 μόλις,
749 3498 843 3551 καὶ
879 3498 966 3551 διά
1015 3497 1225 3570 μυρίων
1274 3499 1503 3567 ἀγώνων
1555 3499 1755 3569 ἀρετὴν

185 3587 661 3658 κατορθώσαντας,
699 3589 792 3643 καὶ
818 3591 898 3652 είς
927 3589 1026 3661 τὴν
1050 3591 1424 3659 εύαγεστάτην
1457 3590 1758 3660 ἱερωσύνην

186 3678 534 3744 τελέσαντας,
583 3681 692 3734 ἀπὸ
729 3680 838 3732 τῶν
869 3681 928 3744 ἐξ
955 3681 1256 3750 ἐπιδρομῆς
1303 3681 1759 3751 ἐπιπηδησὰντων

185 3769 318 3841 αὐτῇ
370 3771 747 3842 χαρακτήριζε
770 3787 781 3800 ·
820 3770 934 3823 ἀλλ’
969 3772 1212 3834 ἐκείνους
1263 3771 1360 3840 μὲν
1393 3773 1756 3840 ἀνακήρυττε,

185 3861 402 3924 τούτους
427 3860 488 3914 δὲ
514 3861 886 3930 ἀποκήρυττε.
911 3861 1037 3923 Τοῖς
1066 3860 1175 3932 γὰρ
1202 3861 1277 3932 μὴ
1307 3860 1418 3915 ἀπὸ
1447 3860 1555 3914 τῶν
1582 3860 1762 3914 αὐτῶν

189 3950 276 4004 ἐπὶ
304 3951 372 4006 τὰ
401 3950 544 4007 αὐτὰ
560 3951 807 4020 ῆκουσιν,
830 3951 928 4021 οὐχ
947 3951 1150 4022 ὁμοίως
1179 3953 1570 4022 προσενεκτέον
1591 3969 1604 3982 ·
1627 3952 1762 4006 ἀλλά

185 4043 306 4107 τοὺς
345 4043 451 4114 μὲν
501 4042 704 4113 ἀρετῆς
748 4037 911 4096 ἆθλον
965 4040 1063 4114 τὴν
1113 4043 1412 4114 ἱερωσύνην
1460 4044 1763 4114 ἐσχηκότας

189 4133 604 4205 ἰγκωμιαστέον
631 4133 728 4187 καὶ
752 4134 1139 4203 μακαριστέον.
1177 4134 1317 4197 Τοὺς
1341 4134 1400 4188 δὲ
1432 4135 1762 4205 ὲπιπηδῆσαι

192 4224 324 4297 αὐτῇ
355 4225 758 4296 τολμήσαντας.
787 4225 894 4278 τόδ’
932 4225 1079 4288 ὅπως
1108 4225 1220 4293 (2.4)
1243 4227 1457 4294 φράσω,
1492 4227 1763 4280 αἰτιατέον

197 4316 284 4369 καὶ
309 4315 565 4386 ἑλεητέον
586 4333 598 4347 ·
628 4317 712 4370 ὅτι
740 4315 839 4386 τὴν
888 4316 1162 4386 φέρουσαν
1207 4316 1326 4369 ὁδὸν
1357 4318 1450 4369 ἐπὶ
1483 4317 1583 4385 τὴν
1612 4316 1764 4370 θείαν

189 4405 530 4480 λειτουργίαν
586 4407 928 4481 παριδόντες,
995 4410 1087 4461 καὶ
1140 4407 1239 4479 τὴν
1310 4409 1614 4478 όσιωτάτην
1670 4408 1765 4462 καὶ

191 4499 562 4570 εύαγεστάτην
588 4502 644 4553 ἐν
677 4501 857 4572 πολλῷ
889 4503 1070 4573 χρόνῳ
1098 4500 1206 4554 τῶν
1241 4499 1554 4569 φιλαρὲτων
1581 4499 1761 4555 πόνων

191 4589 471 4663 ὑπομονὴν
520 4593 914 4664 ἀτιμάσαντες,
948 4593 1185 4663 θεσμούς
1226 4610 1285 4645 τε
1317 4594 1414 4646 καὶ
1463 4593 1562 4655 τὰς
1595 4592 1761 4656 ἄλλας

189 4680 506 4749 ἀγιαστείας
542 4684 644 4748 τὰς
674 4686 780 4739 ἁπδ
805 4689 907 4757 τῆς
959 4685 1126 4756 ὀρθῆς
1173 4682 1450 4746 πολιτείας
1499 4684 1762 4753 παρωσά-

1930 3499 2007 3554 Ne
2029 3501 2248 3557 ordines
2268 3541 2283 3566 ,
2323 3501 2523 3557 relictis
2556 3500 2661 3556 illis
2705 3500 2796 3570 qui
2848 3516 2944 3571 per
2968 3501 3119 3556 varia
3145 3503 3451 3561 certamina

1860 3597 1925 3648 ad
1951 3593 2201 3647 virtutem
2247 3593 2519 3656 instructi,
2565 3595 2783 3647 tandem
2817 3595 2881 3647 ad
2920 3604 3330 3648 sacrosanctum
3361 3609 3449 3648 sa-

1861 3683 2160 3737 cerdotium
2198 3683 2458 3746 nituntur,
2487 3698 2580 3736 eos
2609 3683 2700 3751 qui
2729 3697 2794 3738 eo
2823 3684 3124 3751 irrumpunt
3152 3701 3167 3739 :
3197 3683 3294 3738 sed
3329 3684 3450 3738 illos

1863 3773 2043 3842 potius
2089 3774 2396 3828 sacerdotes
2422 3789 2717 3838 consecra,
2770 3775 2869 3829 bos
2907 3790 3034 3830 vero
3070 3775 3290 3844 repelle.
3344 3778 3450 3844 Qui

1862 3863 2006 3918 enim
2036 3863 2104 3917 ab
2134 3862 2321 3918 iisdem
2352 3878 2456 3918 non
2487 3865 2550 3918 ad
2582 3867 2772 3919 eadem
2803 3863 3100 3932 festinant;
3131 3880 3318 3921 eorum
3344 3884 3449 3922 non

1864 3953 2050 4010 eadem
2085 3954 2332 4010 habenda
2366 3956 2501 4010 ratio
2520 3967 2625 4023 est,
2657 3957 2751 4012 sed
2785 3957 2873 4011 alii
2901 3957 3114 4013 virtutis
3143 3961 3448 4028 prmmium,

1864 4046 2226 4101 sacerdotium
2261 4048 2459 4118 adepti,
2493 4048 2746 4104 laudandi
2780 4051 2991 4118 publice
3013 4059 3160 4117 sunt,
3187 4063 3242 4106 et
3265 4051 3450 4107 felices

1866 4137 2217 4206 praedicandi.
2259 4141 2328 4194 At
2357 4141 2446 4209 qui
2480 4140 2786 4210 irrumpere
2814 4151 2978 4212 atque
3012 4142 3222 4198 insilire
3252 4144 3454 4200 audent

1867 4231 1918 4284 in
1949 4231 2335 4294 sacerdotium,
2367 4232 2399 4285 ii
2431 4246 2582 4295 sane,
2613 4243 2670 4285 ut
2698 4232 2772 4287 ita
2789 4233 2984 4297 dicam,
3019 4233 3448 4302 reprehendendi

1867 4337 1930 4376 ac
1961 4322 2438 4378 commiseratione
2473 4323 2657 4394 digni,
2689 4325 2832 4393 quod
2872 4335 3073 4380 rectam
3106 4325 3172 4378 ad
3209 4325 3449 4378 divinum

1866 4427 2145 4466 sacrorum
2192 4412 2550 4468 ministerium
2599 4414 2886 4468 ducentem
2935 4416 3078 4468 viam
3135 4415 3446 4486 negligant:

1865 4513 2387 4573 contemnentesque
2456 4505 2881 4560 sacratissimum
2941 4506 3452 4575 sanctissimatnque

1869 4594 2181 4662 patientiam
2211 4597 2263 4650 in
2293 4597 2433 4668 longi
2479 4599 2737 4667 temporis
2761 4598 2961 4654 virtute
2992 4599 3338 4668 praditornm
3371 4598 3450 4652 la-

1870 4685 2125 4751 boribus,
2169 4689 2306 4743 ritus
2343 4689 2793 4758 sanctionesque,
2825 4698 2879 4746 et
2919 4691 3022 4744 alia
3065 4689 3132 4744 ad
3179 4689 3447 4744 sacriﬁcia

195 4787 361 4839 μενοι,
394 4773 732 4844 ἀποχρῶσαν
751 4775 1013 4844 ἐνόμισαν
1037 4775 1250 4836 ἑαυτοῖς
1273 4774 1370 4842 τὴν
1392 4773 1729 4844 χειροτονίαν
1747 4791 1761 4806 ·

1869 4776 2193 4846 pertinentia
2227 4793 2290 4832 ex
2312 4779 2510 4849 optima
2540 4779 2803 4849 pollentes
2835 4780 3102 4850 republica
3140 4781 3332 4835 ordine
3360 4797 3451 4837 sa-

191 4856 256 4912 δι’
286 4861 352 4931 ἢν
403 4863 499 4916 καὶ
530 4863 699 4935 μόνην
729 4863 1169 4936 δναόρυνόμενοι,
1228 4865 1370 4916 κατὰ
1423 4864 1531 4916 τῶν
1583 4863 1757 4935 ὀρθῶς

194 4948 450 5021 βιούντων
470 4953 812 5025 ἐπιφύονται.

503 5063 631 5118 'm'.
671 5092 742 5106 -
778 5062 1107 5134 animum}
1138 5063 1446 5134 Σοψιετιι.

1864 4867 2121 4922 cerdotali
2171 4869 2420 4940 indignos
2448 4885 2507 4925 se
2538 4874 2832 4928 ostendunt
2863 4893 2876 4929 :
2931 4889 3039 4943 quo
3075 4873 3190 4928 solo
3219 4872 3344 4928 elati
3391 4874 3445 4929 in

1874 4968 2016 5016 recte
2047 4960 2287 5015 viventes
2321 4961 2623 5033 insurgunt.

2032 5065 2374 5126 CCCLXXX.
2416 5099 2483 5110 —
2538 5069 2938 5128 llARPOL’RE
2975 5071 3301 5127 RIIETORI.

470 5152 574 5208 Uni
600 5160 889 5209 vacandum
921 5157 1046 5221 arti,
1069 5165 1126 5208 ut
1161 5156 1407 5222 excellas,
1449 5171 1541 5208 nec
1577 5157 1712 5210 enim
1746 5158 1799 5208 in
1827 5157 2067 5214 omnibus
2099 5171 2243 5228 potes
2265 5159 2538 5218 excellere.
2572 5160 2810 5234 (Confer.
2845 5164 2996 5232 epist.
3026 5163 3175 5234 452.)

270 5259 511 5333 ’Δνάγκη
545 5263 637 5318 τὸν
668 5266 767 5335 μιᾷ
802 5264 1130 5335 σχολάζοντα
1159 5265 1344 5337 τέχνῃ,
1378 5267 1574 5338 ἄριστα
1594 5268 1764 5338 αὐτὴν

194 5350 604 5423 διηκριϐὦσθαι.
639 5357 702 5410 Ol
728 5355 838 5426 γὰρ
869 5357 1090 5420 πολλαῖς
1137 5357 1361 5420 ἑαυτοὺς
1403 5358 1759 5428 παρέχοντες,

197 5445 241 5498 ιι
266 5446 358 5500 καὶ
384 5445 599 5511 δόξειαν
631 5447 832 5511 πολλὰς
871 5448 1085 5512 εἰδέναι,
1121 5448 1237 5502 ἀλλ’
1269 5448 1329 5501 ού
1361 5449 1552 5501 πασῶν
1588 5451 1666 5512 εἰς
1701 5451 1763 5502 τὺ

1944 5267 2045 5324 Uni
2079 5281 2356 5325 vacantem
2389 5272 2492 5325 arti
2540 5286 2763 5328 necesse
2790 5283 2869 5328 εει
2905 5273 3111 5342 Optime
3142 5289 3261 5327 eam
3289 5289 3448 5327 exer-

1871 5374 2014 5414 cere.
2075 5362 2173 5428 Qui
2209 5377 2336 5418 vero
2365 5363 2549 5418 multis
2580 5379 2640 5419 se
2670 5364 2926 5431 tradunt,
2973 5364 3078 5420 etsi
3117 5365 3281 5419 multa
3308 5365 3451 5420 scire

1871 5454 2176 5517 videantur,
2234 5454 2301 5508 ad
2353 5456 2563 5512 culmen
2605 5471 2712 5512 non
2771 5457 3108 5527 perungunt.
3152 5455 3348 5514 Verum
3399 5458 3445 5511 si

1289 5581 1520 5640 νΑιιιΑι
1557 5584 1942 5641 LECTIONES
1985 5587 2068 5642 l-.T
2113 5588 2342 5647 ΝυΤιεΕ.

263 5703 374 5841 ἓῒὸ)
402 5704 505 5759 Pro
534 5706 715 5791 φορῶν
746 5707 903 5762 iidem
935 5709 1131 5791 baltent
1187 5715 1346 5775 νορεῖ.
1386 5715 1587 5769 Pnsstx.

284 5775 374 5843 26)
398 5774 548 5832 ltttcr
569 5793 740 5841 ουτως
772 5789 824 5835 et
861 5795 1056 5843 φρασω
1085 5730 1242 5836 antro
1281 5787 1433 5840 codd.
1489 5787 1587 5840 inst

398 5774 740 5841 Ιιιιοιοῦτως
772 5789 824 5835 et
861 5780 1056 5850 φράσω
1085 5774 1251 5836 ιιιιιίιυ
1281 5787 1433 5840 codd.
1489 5787 1722 5841 inserunt
1762 5787 1842 5842 οῦ.
1874 5784 1946 5838 lo.
