3992 6462
560 406 690 470 1555

1728 400 1788 460 S.
1829 396 2116 460 ISIDORI
2155 392 2586 455 PELUSIOTE

3645 385 3781 450 1556

552 520 693 586 quod
723 525 827 579 est,
854 516 1075 582 ingenue
1105 510 1461 566 conﬁtendum
1501 523 1686 563 omnes
1711 506 2091 575 semiperfecta:

2211 505 2516 575 ἀκρότατον
2544 501 2844 572 ἀφίξονται.
2890 501 3026 554 Ἀλλ’
3057 501 3103 554 εἰ
3129 499 3230 572 χρὴ
3254 499 3309 553 ra
3334 496 3557 567 ἀκριϐὲς
3582 501 3782 565 εἰπεῖν,

551 606 808 660 etcrudas
840 617 932 656 seu
970 616 1280 669 praecoquas
1314 599 1606 668 possident.
1649 596 1704 651 Si
1734 607 1910 651 autent
1943 597 2110 648 abun-

551 698 678 750 dare
713 709 774 748 ac
817 706 1071 760 superare
1101 692 1292 743 artium
1345 687 1566 742 scientia
1607 687 1910 751 videantur,
1949 699 2109 754 supe-

550 797 736 841 rautur
757 784 1018 847 vicissim,
1037 782 1173 851 quod
1200 780 1499 834 accuratius
1520 778 1759 847 singulas
1779 783 2108 846 cognoscant

548 877 674 939 alii,
706 886 865 945 atque
899 890 926 928 a
962 883 1107 942 tergo
1141 872 1442 939 relinquant
1479 869 1805 938 disciplinas.

543 984 709 1057 674
739 980 1100 1040 CCCLXXXI.
1128 976 1582 1104 -Ξ
1614 972 2099 1031 ΒΕΜΡΗΒῌΟΑΜ

2215 594 2342 655 ὅλας
2375 594 2655 664 ἡμιτελεῖς
2693 593 2786 646 καὶ
2832 593 3042 662 ἀώρους
3073 593 3452 660 κεκτήσονται.
3497 589 3555 640 Ei
3587 589 3642 640 δὲ.
3687 590 3786 642 καὶ

2215 685 2421 738 δοκοῖεν
2471 686 2812 738 πλεονεκτεῖν
2860 683 2934 752 τῷ
2977 682 3168 744 πολλάς
3214 681 3432 742 εἰδέναι,
3481 679 3592 732 ἀλλ’
3633 680 3788 732 ἀντι-

2216 777 2665 829 πλεονεκτοῦνται
2709 775 2786 845 τῷ
2815 772 3099 826 λείπεσθαι
3132 774 3240 835 τοῖς
3287 772 3364 834 είς
3411 771 3505 840 τὴν
3543 769 3785 839 ἑκάστην

2214 865 2406 936 τέχνην
2441 867 2647 934 ἄκροις.

2364 972 2535 1027 THA'.
2573 1002 2640 1014 —
2671 971 3012 1043 ΚΑΣΣΙΛΝῼ
3062 969 3624 1039 ΠΟΛΙΤΕΥΟΜΕΝῼ.

1291 1141 1560 1209 Cupientes
1589 1153 1723 1206 sirpe
1744 1138 1902 1204 capti.
1938 1135 2012 1190 De
2035 1137 2202 1204 fratre
2243 1136 2312 1188 ad
2351 1132 2546 1188 Christi
2575 1133 2728 1201 ﬁdem
2757 1149 3013 1186 converso.

615 1252 792 1309 Fratri
834 1258 922 1304 tuo
944 1248 1081 1302 idem
1111 1261 1274 1316 prope
1303 1246 1521 1312 accidit,
1551 1245 1690 1314 quod
1717 1245 1974 1300 ministris
1999 1242 2101 1298 illis

545 1344 725 1399 missis
749 1359 775 1394 a
796 1338 1081 1394 Phariszeis
1111 1344 1168 1391 ut
1191 1335 1462 1391 Christum
1496 1335 1841 1398 abducerent,
1878 1334 2102 1386 redeuu-

548 1435 688 1488 tihus
713 1446 836 1485 vero
865 1444 985 1482 mox
1016 1442 1136 1481 cum
1168 1425 1366 1494 ingenti
1395 1425 1764 1479 admirationis
1792 1432 2008 1491 stupore
2026 1423 2093 1474 ”.

546 1522 615 1579 Ut
647 1523 787 1576 enim
833 1519 905 1574 illi
937 1531 1183 1574 sermone
1211 1517 1328 1584 ejus
1368 1518 1507 1585 capti
1553 1525 1716 1582 sunt,
1747 1526 1799 1570 et
1845 1515 1994 1570 missi
2043 1523 2099 1569 ut

544 1623 824 1682 caperent,
853 1609 994 1680 capti
1030 1607 1383 1661 admiratione
1413 1606 1709 1660 discedunt.
1752 1603 1840 1658 Sic
1874 1613 1927 1658 et
1962 1606 2093 1672 ipse,

545 1713 604 1758 ut
647 1703 854 1766 aiebat,
886 1711 1071 1770 captus
1103 1701 1362 1755 orationis
1391 1698 1653 1767 elegantia
1709 1705 1914 1750 tantum
1949 1697 2098 1750 abest

545 1803 600 1846 ut
636 1791 875 1861 religioni
913 1793 1150 1845 adversa:
1171 1788 1472 1854 obstiterit,
1500 1797 1556 1840 ut
1585 1787 1746 1842 etiam
1781 1787 1894 1853 ejus
1920 1800 2096 1854 praeco

2279 1240 2666 1312 Παραπλήσιόν
2692 1258 2743 1293 τι
2770 1241 3035 1294 πέπονθεν
3067 1243 3093 1294 ὁ
3128 1240 3216 1302 σὸς
3243 1238 3472 1307 ἀδελφὸς
3519 1241 3630 1302 τοῖς
3665 1239 3774 1293 ὐπ-

2206 1332 2445 1403 ηρέταις,
2493 1335 2606 1395 τοῖς
2649 1334 2944 1403 πεμφθεῖσι
2988 1334 3084 1404 μὲν
3121 1334 3347 1400 ἀγαγεῖν
3389 1333 3477 1385 τὸν
3507 1331 3765 1402 Χριστὸν,

2206 1424 2561 1478 ἐπανελθοῦσι
2596 1424 2652 1478 δὲ
2694 1425 2833 1494 μετὰ
2863 1424 3058 1478 πολλοῦ
3099 1423 3191 1476 τοῦ
3233 1423 3527 1493 θαύματος.
3563 1423 3777 1492 Ὠσπερ

2205 1515 2311 1586 γάρ
2339 1517 2535 1568 ἐκεῖνοι
2567 1515 2939 1586 ἐχειρώθησαν
2971 1514 3078 1568 ἀπὸ
3115 1515 3213 1584 τῆς
3259 1513 3620 1584 δημηγορίας,
3670 1511 3772 1565 καὶΙ

2205 1607 2545 1676 πεμφθέντες
2579 1607 2758 1677 δῆσαι,
2793 1607 3098 1676 ἐπανῆλθον
3123 1606 3366 1667 δεθέντες
3389 1605 3466 1674 τῷ
3488 1605 3729 1673 θαύματι
3753 1616 3769 1631 ⁶

2198 1698 2341 1753 οὕτω
2372 1701 2466 1754 καὶ
2493 1700 2673 1763 αὐτὸς,
2706 1700 2780 1762 ὼς
2803 1699 2928 1768 ἔφη,
2967 1698 3128 1759 ἁλοὺς
3157 1699 3234 1765 τῷ
3265 1696 3448 1749 κάλλει
3487 1695 3594 1748 τῶν
3619 1697 3776 1765 είρηο

2202 1789 2398 1859 μένων,
2430 1790 2488 1842 ού
2523 1789 2682 1859 μόνον
2710 1789 2802 1841 τοῦ
2831 1788 3209 1842 ἐναντιοῦσθαι
3245 1791 3310 1857 τῇ
3342 1787 3588 1858 θειοτάτῃ
3622 1788 3763 1858 θρη-

543 1898 608 1937 ac
654 1883 923 1952 professor
965 1883 1033 1938 sit
1085 1881 1280 1936 factus.
1337 1878 1576 1934 Veritate
1626 1878 1766 1933 enim
1825 1878 1954 1932 nihil
2014 1889 2091 1933 est

2203 1882 2358 1952 σκείᾳ
2391 1882 2625 1951 ἀπέστη,
2652 1881 2785 1934 ἀλλὰ
2812 1881 2904 1934 καὶ
2945 1880 3121 1952 κήρυξ
3153 1879 3323 1948 αὐτῆς
3349 1879 3443 1932 καὶ
3471 1881 3769 1948 συνήγορος

546 1974 803 2027 illustrius
832 1982 922 2026 aut
954 1973 1266 2042 simplicius,
1302 1987 1421 2027 cum
1455 1985 1557 2024 non
1585 1969 1689 2040 agit
1719 1969 1840 2037 quis
1871 1967 2093 2022 fraudu-

543 2063 731 2116 lenter.
795 2062 1249 2128 Quemadmodum
1299 2061 1342 2116 si
1395 2059 1660 2114 malitiose
1689 2067 1812 2126 agat
1863 2058 1993 2112 nihil
2030 2072 2091 2112 ea

543 2155 834 2209 molestius.
870 2155 1116 2210 Gaudens
1143 2155 1324 2222 itaque
1350 2153 1623 2207 nobiscum
1658 2163 1875 2220 precare
1904 2149 2091 2216 Deum,

541 2256 596 2298 ut
619 2246 708 2315 qui
734 2261 916 2301 verum
945 2255 1338 2314 consequentur
1367 2259 1471 2300 non
1501 2241 1656 2296 modo
1681 2254 1782 2295 non
1807 2240 2089 2306 laedantur,

538 2337 630 2391 sed
663 2348 715 2390 et
748 2345 920 2390 mente
955 2337 1308 2391 illustrentur.

886 2441 1269 2498 CCCLXXXII.
1309 2472 1375 2483 —
1420 2441 1735 2500 EULOGIO.

2202 1970 2458 2039 κατέστη.
2491 1970 2656 2023 Οὐδὲν
2694 1969 2800 2038 γὰρ
2831 1969 2929 2039 τῆς
2969 1967 3230 2039 ἀληθείας
3263 1969 3615 2038 σαφέστερον,
3645 1967 3769 2020 οὐδὲ

2200 2061 2585 2132 ἁπλούστερον,
2641 2062 2769 2113 ὅταν
2823 2077 2904 2123 τις
2951 2060 3024 2130 μὴ
3069 2063 3370 2130 κακουργῇ.
3431 2060 3637 2131 Ὠσπερ
3672 2053 3770 2112 οὖν

2199 2154 2297 2206 ὲάν
2327 2156 2633 2224 κακουργῇ,
2653 2153 2804 2206 οὐδὲν
2823 2153 2971 2206 δοκεῖ
2995 2153 3415 2222 δυσκολώτερον.
3447 2151 3770 2223 Συγχαίρων

2196 2244 2373 2298 τοίνυν
2404 2247 2534 2315 ἡμῖν
2567 2244 2752 2314 εῦχου,
2786 2245 2933 2306 ὅπως
2963 2245 3008 2298 οἱ
3037 2245 3453 2313 ἐντυγχάνοντες
3492 2243 3566 2313 μὴ
3603 2243 3769 2312 μόνον

2197 2337 2272 2408 μὴ
2305 2336 2668 2406 βλάπτωνται,
2701 2334 2834 2387 ἀλλά
2874 2337 2966 2388 καὶ
2993 2334 3333 2402 φωτίζωνται
3366 2333 3464 2404 τὴν
3498 2333 3763 2386 διάνοιαν.

2670 2443 2840 2496 THB’.
2871 2473 2940 2484 -
2971 2443 3276 2515 ΕΥΛΟΙἸῼ.

538 2534 807 2606 Difﬁcilius
837 2545 910 2590 est
939 2536 1216 2589 secundum
1243 2551 1397 2605 quam
1435 2537 1705 2590 adversam
1735 2537 1871 2658 [erga
1898 2537 2184 2678 [οἱὲιηηίη.
2220 2536 2478 2660 Secundis.
2495 2550 2620 2674 "nim
2657 2535 2916 2589 tollendus
2957 2537 3183 2598 animus,
3218 2550 3311 2588 nec
3357 2531 3586 2587 adt-erait
3620 2547 3765 2586 mer-

1719 2623 1812 2674 gen
1857 2625 1931 2661 iis.
2031 2625 2093 2662 ou
2123 2623 2198 2659 er.
2228 2617 2376 2674 εριάι.
2491 2621 2544 2660 ο.

1719 2617 1931 2674 gerulus.
1963 2617 2198 2674 (Canter.
2228 2617 2376 2674 epist.
2424 2617 2544 2660 H5.

601 2693 775 2764 Magni
800 2694 1041 2764 equidem
1070 2696 1206 2748 duco
1229 2708 1405 2749 rerum
1430 2694 1850 2752 vicissitudinem
1878 2700 2089 2754 fortiter

533 2784 698 2836 ferre.
737 2782 882 2837 Multi
923 2785 1100 2850 itaque
1130 2784 1395 2840 diliicilius
1421 2787 1732 2841 existimant
1758 2802 1786 2841 a
1819 2786 1975 2840 rebus
2003 2801 2089 2842 se-

533 2873 724 2925 cundis
755 2871 806 2923 in
838 2873 1087 2926 adversas
1117 2873 1458 2940 incidentem,
1487 2878 1689 2932 celsum
1722 2892 1939 2932 servare
1968 2876 2087 2930 ani-

2265 2697 2339 2748 Ού
2375 2695 2566 2764 μικρὸν
2593 2695 2767 2763 ἔγωγε
2792 2694 3029 2764 ἡγοῦμαι
3059 2691 3118 2744 τὸ
3162 2690 3460 2762 μεταϐολὴν
3496 2694 3764 2774 πραγμά-

2193 2800 2300 2838 των
2334 2785 2594 2856 ἀνδρείως
2633 2787 2878 2852 ἐνεγκεῖν
2902 2801 2915 2814 ο
2959 2784 3142 2836 πολλοὶ¹
3179 2783 3275 2853 μὲν
3303 2779 3395 2836 οὖν
3423 2784 3762 2838 δυσκολώτε-

2197 2891 2288 2945 ρον
2313 2871 2451 2928 εϊναι
2481 2875 2738 2945 ἡγοῦνται
2769 2877 2827 2928 τὸ
2856 2875 2965 2928 ἀπὸ
2996 2875 3294 2943 εὐημερίας
3321 2875 3399 2936 είς
3421 2873 3763 2944 δυσπραγίαν

533 2977 697 3016 mutu.
754 2962 861 3030 Ego
895 2977 1018 3016 vero
1047 2961 1416 3019 diﬂicillimum
1443 2968 1698 3031 arbitror,
1738 2983 1859 3022 eum
1897 2969 1986 3037 qui
2019 2968 2086 3021 ab

2200 2967 2596 3036 ἐμπεπτωκότα
2649 2965 2761 3030 (ἳὸ)
2822 2965 2942 3017 τινὰ
2995 2964 3224 3031 φυλάξαι
3281 2963 3648 3017 ἀταπείνωτον
3700 2965 3764 3017 τὸ

532 3053 769 3106 adversis
801 3053 955 3106 rebus
978 3053 1043 3107 ad
1073 3053 1331 3108 secundas
1362 3056 1516 3121 redit,
1546 3058 1877 3110 moderatum
1906 3068 2086 3111 custo-

2200 3057 2465 3127 φρόνημα.
2514 3054 2654 3122 Ἐγὼ
2703 3056 2757 3108 δὲ
2819 3053 3220 3108 δυσκολώτατον
3253 3055 3492 3123 ἡγοῦμαι
3531 3055 3590 3107 τὸ
3648 3055 3762 3109 ἀπὸ

533 3143 647 3195 dire
670 3143 922 3197 animum.
958 3143 1024 3197 Et
1051 3153 1333 3213 utrumque
1355 3146 1564 3213 quidem
1589 3146 1716 3199 mihi
1750 3144 1907 3198 fortis
1923 3146 2084 3200 animi

2200 3147 2534 3216 Βυσπραγίας
2585 3147 2664 3208 εἰς
2715 3144 3014 3215 εὐημερίαν
3065 3145 3460 3214 ἀναδραμόντα,
3527 3145 3762 3211 φυλάξαι

531 3246 652 3286 esse
692 3243 1060 3302 argumentum
1094 3243 1210 3299 est,
1256 3249 1352 3288 nec
1386 3235 1634 3290 secundis
1667 3236 1883 3302 extolli,
1917 3252 2088 3306 neque

2200 3238 2414 3307 μέτριον
2452 3237 2514 3289 τὸ
2563 3236 2839 3306 φρόνημα.
2888 3235 2994 3290 Καὶ
3029 3234 3184 3287 τοῦτο
3223 3235 3329 3304 γὰρ
3373 3235 3594 3287 κάκεῖνο
3633 3235 3761 3303 ἐμοὶ⁸

532 3322 584 3376 in
612 3323 850 3377 adversis
880 3322 1072 3393 ahjecti
1112 3339 1230 3379 esse
1255 3325 1416 3402 animi
1442 3343 1458 3392 ;
1503 3326 1594 3380 sed
1625 3341 1833 3395 mquam
1869 3339 2087 3382 servare

2200 3327 2442 3397 ἀνδρείας
2465 3328 2788 3396 τεκμήριον,
2826 3327 2960 3396 μήτε
2987 3323 3286 3394 ἐξυϐρίζειν
3321 3326 3378 3377 ἐν
3405 3327 3526 3388 ταῖς
3556 3326 3762 3395 εὐημε-

533 3424 786 3468 mentem.

671 3615 1081 3672 CCCLXXXI".
1121 3648 1186 3658 —
1229 3615 1452 3672 PETRO
1483 3615 1941 3673 CORRECTORI.

2195 3415 2357 3486 ρίαις,
2396 3416 2531 3485 μήτε
2558 3413 2943 3467 ταπεινοῦσθαι
2975 3415 3030 3466 ἐν
3072 3416 3190 3477 ταῖς
3233 3413 3613 3484 δυσημερίαις,
3642 3414 3756 3467 ἀλλ’

2191 3506 2388 3576 ὁμαλὸν
2413 3507 2473 3558 τὸ
2498 3505 2754 3577 φρόνημα
2785 3505 2950 3575 ἔχειν.

2431 3614 2601 3668 TUI".
2650 3639 2718 3652 -—
2753 3611 2976 3682 ΠΕΤΡῼ
3006 3613 3470 3668 ΚΟΡΡΗΚΤΩΡῙ.

533 3705 912 3774 Rempublicam
937 3712 1082 3778 fuste
1129 3711 1532 3764 administrandi
1565 3723 1897 3778 pra’ceptum.
1931 3710 2081 3764 Disce
2125 3711 2271 3779 juste
2315 3723 2572 3776 privasse;
2608 3715 2658 3760 et
2703 3723 2721 3756 ι
2765 3705 2880 3758 Tibi
2928 3707 3024 3758 soli
3071 3708 3296 3772 peccaui.
3326 3725 3343 3758 ι
3382 3707 3554 3774 (Psal.
3590 3723 3646 3768 ι,
3676 3706 3758 3776 6.)

603 3800 855 3869 Quisquis
882 3801 1128 3866 imperat,
1151 3800 1353 3868 legibus
1379 3814 1499 3852 eum
1530 3814 1954 3868 parerenecesse
1979 3807 2080 3854 est.

531 3890 680 3958 Quod
715 3893 758 3945 si
799 3900 1034 3956 recuset,
1065 3891 1304 3958 quinam,
1348 3905 1546 3959 quaeso,
1573 3890 1807 3959 legitime
1838 3891 2081 3959 imperet,

535 3979 617 4032 cui
654 3980 779 4031 vitia
809 3980 1068 4046 imperent
1096 3977 1118 4030 ?
1177 3977 1316 4044 juste
1344 3979 1520 4046 itaque
1568 3987 1620 4030 et
1653 3977 1887 4046 legitime
1922 3979 2087 4045 impe-

2262 3797 2319 3848 Ὀ
2349 3796 2539 3865 ἄρχειν
2567 3794 2765 3863 λαχὼν,
2798 3795 2901 3847 ὑπὸ
2943 3794 3047 3847 τῶν
3094 3796 3276 3864 νόμων
3324 3797 3534 3859 δίκαιος
3573 3797 3640 3850 ἂν
3671 3799 3758 3869 εῖη

2181 3888 2467 3958 ἄρχεσθαι.
2504 3887 2566 3939 Εἰ
2600 3887 2654 3939 δὲ
2691 3886 2851 3948 αὐτὸς
2887 3887 3079 3957 ἀκυροῖ
3109 3887 3349 3952 τούτους,
3376 3889 3492 3951 πῶς
3516 3889 3580 3940 ἂν
3603 3890 3760 3958 νόμι-

2194 3995 2290 4045 μος
2319 3979 2402 4047 εἴη
2444 3978 2645 4048 ἄρχων,
2694 3977 2855 4039 αὐτὸς
2900 3975 3004 4028 ὑπὸ
3033 3976 3130 4044 τῆς
3173 3976 3370 4039 κακίας
3419 3977 3757 4046 ἀρχόμενος;

536 4080 670 4133 rato,
700 4079 754 4122 ut
791 4070 881 4123 tibi
923 4070 1255 4136 potissimum
1291 4071 1516 4137 imperes
1543 4108 1557 4130 ,
1590 4070 1782 4123 dehinc
1813 4071 2090 4124 commode

2200 4070 2422 4132 Δικαίως
2473 4068 2762 4138 τοιγαροῦν
2809 4069 2903 4121 καὶ
2960 4068 3206 4138 νομίμως
3255 4067 3408 4137 ἄρχε,
3463 4067 3624 4130 αὐτὸς
3659 4069 3760 4138 μὲν

533 4162 693 4215 etiam
728 4159 867 4214 aliis.
912 4159 966 4213 Si
1009 4159 1214 4228 justum
1251 4160 1496 4228 ignorare
1534 4169 1584 4212 te
1619 4159 1815 4228 ﬁngas,
1846 4174 1965 4213 cum
2002 4175 2089 4212 sa.

2200 4162 2387 4215 σαυτοῦ
2414 4163 2512 4232 τὴν
2548 4163 2810 4233 μεγίστην
2833 4163 3028 4234 ἀρχὴν,
3055 4161 3159 4214 τῶν
3185 4161 3240 4215 δὲ
3267 4163 3582 4231 ἀρχομένων
3610 4162 3760 4215 δεόν-

532 4251 799 4320 pieutibus
843 4260 1003 4318 atque
1053 4250 1473 4318 intelligentibus
1521 4251 1943 4312 communicato,
1995 4251 2085 4316 qui

2200 4272 2315 4316 τως.
2348 4256 2410 4307 El.
2441 4255 2484 4307 δ’
2518 4256 2738 4321 ἄγνοιαν
2783 4254 2874 4306 τοῦ
2932 4254 3142 4306 δικαίου
3182 4255 3417 4324 σκήπτῃ,
3468 4253 3753 4306 ἀνακοίνου

528 4343 786 4410 justitiam
839 4342 1048 4402 colant.
1095 4351 1147 4396 et
1193 4341 1330 4394 foeda
1362 4343 1538 4394 omnia
1584 4351 1954 4395 contemnant.
2032 4340 2088 4394 Si

2200 4347 2300 4407 τοῖς
2336 4348 2536 4413 σοφοῖς,
2574 4344 2668 4396 καὶ
2701 4346 2960 4416 συνετοῖς,
2999 4345 3091 4397 καί
3117 4343 3175 4396 τὸ
3211 4343 3414 4396 δίκαιον
3449 4344 3549 4413 μὲν
3580 4345 3756 4414 τιμῶ-

535 4447 660 4486 vero
682 4433 806 4499 quid
840 4435 1097 4500 peccaris,
1139 4434 1187 4485 id
1219 4433 1491 4502 corrigito.
1557 4431 1612 4486 Si
1642 4449 1767 4488 vero
1804 4434 2082 4488 existimas

2200 4452 2290 4500 τιν,
2337 4437 2575 4505 αἰσχρῶν
2603 4436 2659 4488 δὲ
2719 4435 3024 4505 λημμάτων
3086 4435 3535 4504 καταφρονοῦσιν.
3589 4436 3652 4487 Et
3699 4435 3759 4488 δὲ

536 4523 586 4575 id
639 4522 997 4593 pra'judicium
1046 4524 1348 4576 auctoritati
1390 4523 1614 4587 atl‘erre,
1651 4523 1788 4576 scito
1828 4523 1878 4576 id
1913 4522 2086 4576 maxi-

533 4630 673 4666 mam
717 4628 902 4680 parere
936 4614 1170 4668 laudem.
1212 4614 1392 4683 Neque
1420 4629 1545 4668 vero
1575 4623 1681 4667 tam
1730 4613 1858 4666 illud
1904 4628 1966 4666 ex
2001 4627 2085 4667 me

533 4705 838 4771 pronuntio,
873 4720 1030 4769 quam
1059 4718 1123 4758 ex
1156 4704 1376 4758 historia
1411 4706 1461 4757 in
1493 4720 1650 4773 quam
1692 4720 1862 4774 nuper
1896 4704 2079 4758 incidi.

530 4795 643 4850 Rex
661 4805 774 4850 erat
797 4795 926 4862 justi
957 4805 1009 4848 ct
1032 4796 1166 4863 inqui
1203 4797 1253 4848 in
1286 4795 1474 4864 primis
1500 4796 1792 4858 studiosus,
1827 4795 1892 4848 ad
1925 4797 2084 4850 urbes

532 4889 609 4940 sic
647 4887 1030 4954 perscribens:
1073 4905 1089 4936 ι
1127 4886 1182 4939 Si
1221 4887 1345 4955 quid
1381 4897 1562 4940 contra
1596 4889 1738 4956 leges
1786 4887 1899 4940 ﬁeri
1933 4888 2081 4941 ordi-

533 4978 706 5030 nando
734 4977 1133 5044 praescripsero,
1183 4977 1345 5030 nolite
1379 4988 1433 5030 nt
1482 4978 1747 5047 ignoranti
1793 4979 2031 5032 obedire.
2059 4997 2078 5030 ι

533 5065 588 5116 Si
617 5079 742 5116 vero
767 5063 850 5116 ille
875 5079 992 5116 cum
1033 5080 1120 5117 rex
1149 5075 1322 5130 esset,
1354 5081 1449 5118 nec
1497 5068 1729 5120 humano
1759 5067 1962 5135 judicio
1989 5067 2085 5120 ob-

535 5155 727 5208 noxius
766 5153 889 5218 (soli
923 5154 1062 5207 enim
1111 5153 1199 5207 Dei
1240 5154 1438 5221 judicio
1469 5155 1692 5222 subjecti
1729 5165 1851 5210 sunt
1901 5157 2086 5225 hujus-

535 5244 670 5296 modi
699 5265 711 5300 :
748 5244 885 5298 unde
920 5253 974 5296 et
1002 5241 1208 5298 Psaltes
1237 5248 1312 5300 ait
1341 5265 1352 5300 :
1392 5246 1506 5300 Tibi
1541 5248 1636 5301 soli
1671 5248 1935 5318 peccavi),
2007 5250 2086 5302 sic

533 5333 877 5388 nihilominus
909 5333 1173 5400 justitiam
1211 5336 1410 5402 coluit,
1445 5349 1494 5392 te
1531 5353 1660 5392 sane
1692 5347 1743 5392 (ιι
1789 5340 2001 5410 regibus
2032 5347 2086 5392 ct

577 5490 620 5519 θ’
655 5487 840 5542 Matth.
880 5505 1015 5556 χχιι,
1053 5489 1234 5543 ιο-εει.

2197 4526 2291 4579 καὶ
2340 4526 2495 4579 ἔλαθέ
2544 4543 2616 4592 τι,
2678 4525 3009 4594 ἐπανόρθου’
3062 4526 3110 4577 εί
3146 4525 3201 4578 δέ
3235 4526 3336 4578 ciet
3381 4527 3537 4579 τοῦτο
3585 4526 3760 4579 κατά-

2192 4633 2393 4686 γνωσιν
2434 4613 2639 4687 φέρειν,
2686 4614 2792 4668 ι’σθι
2827 4616 2906 4667 ὅτι
2971 4614 3186 4668 ἔπαινον
3244 4616 3494 4685 μέγιστον
3544 4617 3754 4668 τίκτειο

2193 4707 2477 4760 καὶτοῦτο
2524 4708 2624 4760 ούκ
2661 4708 2756 4761 ἀπ’
2814 4705 3050 4775 ἐμαυτοῦ
3101 4708 3352 4761 τοσοῦτον
3407 4708 3568 4776 λέγω,
3630 4708 3759 4760 ὅσον

2192 4798 2443 4869 ἀρχαίαις
2477 4799 2737 4869 ἱστορίαις
2776 4799 3035 4868 ἐντυχών,
3074 4798 3333 4861 Βασιλεὺς
3366 4799 3474 4868 γάρ
3511 4815 3593 4861 τις
3628 4797 3756 4852 λίαν

2186 4889 2280 4942 τοῦ
2311 4889 2516 4943 δικαίου
2553 4891 2852 4960 φροντίζων
2883 4891 3089 4961 ἔγραφε
3125 4893 3244 4953 ταῖς
3292 4890 3542 4942 πόλεσιν*
3579 4907 3598 4940 ‹
3653 4890 3760 4942 "Av

2188 4998 2241 5032 τι
2271 4981 2462 5050 γράψω
2497 4981 2647 5050 παρά
2699 4981 2823 5043 τοὺς
2857 4981 3051 5051 νόμους
3085 4983 3443 5049 παρατάττων
3483 4977 3756 5045 γίνεσθαι,

2193 5072 2266 5141 μὴ
2299 5071 2582 5140 προσέχειν
2605 5071 2678 5134 ὡς
2703 5072 3014 5140 ἠγνοηκότι.
3049 5090 3064 5122 ι
3102 5072 3165 5122 Εἰ
3197 5070 3250 5122 δὲ
3279 5072 3479 5131 ἐκεῖνος
3503 5068 3760 5137 βασιλεὺς

2191 5159 2285 5226 ὢν,
2319 5162 2413 5214 καὶ
2452 5161 2682 5225 εύθύνας
2723 5161 2875 5231 παρά
2897 5161 3196 5231 ἀνθρώπων
3232 5161 3305 5231 μὴ
3339 5159 3544 5230 μέλλων
3588 5159 3756 5212 ἅπαις

2192 5251 2399 5304 τεῖσθαι
2442 5254 2545 5323 (τῇ
2578 5254 2684 5323 γὰρ
2726 5253 2844 5322 θείᾳ⁴
2883 5253 3006 5323 δίκῃ
3044 5254 3200 5322 μόνος
3233 5255 3260 5305 ὁ
3308 5249 3542 5312 τοιοῦτος
3590 5247 3762 5301 ὑπεύ-

2191 5339 2365 5403 θυνος.
2398 5341 2488 5393 Διὸ
2516 5343 2608 5395 καὶ
2641 5342 2668 5394 ὁ
2696 5341 2943 5410 Μελῳδὸς
2973 5342 3123 5409 ἔλεγε
3144 5357 3158 5370 ⁸
3197 5359 3213 5391 ι
3267 5340 3357 5392 Σοὶ
3389 5339 3532 5409 μόνῳ
3574 5338 3761 5408 ἦμαρ-

1613 5598 1845 5654 ΥΑΒΙᾸΞ
1888 5599 2263 5656 LECTIONES
2303 5603 2387 5657 ET
2429 5602 2658 5660 NOTAL‘.

603 5755 717 5821 (9.5)
757 5751 1182 5822 Ἐμπεπτωκότα
1213 5760 1438 5822 uterque
1472 5753 1587 5808 cod.
1625 5754 1676 5808 in
1725 5755 2091 5823 ἐμπεπτωκότ‹

2200 5767 2384 5813 mutat.
2417 5764 2623 5816 l’ossut.
