3992 6418
222 357 342 425 1557

959 363 1491 429 EPISTOLARUM
1528 369 1674 430 LIB.
1716 369 1783 430 V.
1826 392 1894 405 ·-
1930 365 2166 426 EPIST.
2207 361 2688 424 CCCLXXXVIE.

3326 357 3463 420 tres

216 487 296 524 τον
316 478 380 538 ι),
416 469 564 524 οὕτω
589 470 684 525 τοῦ
712 471 920 527 δικαίου
953 476 1258 546 ἐφρόντιζε,
1298 480 1357 532 σὲ
1385 479 1477 532 τὸν
1507 481 1598 534 καὶ
1631 480 1772 550 βασις

1885 476 2343 548 gubernatoribus
2389 477 2690 543 subjectum
2737 486 2837 544 par
2883 481 2973 526 est
3014 469 3216 537 justum
3268 469 3468 532 colens,

214 560 354 612 λεῦσι
393 563 488 614 καὶ
531 562 765 632 ἄρχουσι
797 564 1034 633 μείζοσιν
1071 567 1453 639 ὑποκείμενον,
1484 570 1688 624 δίκαιον
1714 571 1781 624 ἂν

215 651 291 720 τίη
328 650 419 705 τοῦ
450 652 665 706 δικαίου
698 653 940 724 ἔχεσθαι,
987 657 1081 710 καὶ
1112 658 1377 730 μηδαμῶς
1405 663 1565 714 τοῦτο
1604 677 1783 733 παρα-

213 738 426 793 σαίνειν
461 741 770 806 ἐννοοῦντα,
796 744 880 798 ὅτι
913 747 962 798 εί
995 747 1091 800 καὶ
1119 748 1218 820 τὴν
1243 751 1478 806 ἐνταῦθα
1497 751 1781 822 διαφύγοις

212 826 378 899 δίκην,
407 830 510 903 τὴν
552 831 705 885 θείαν
735 834 795 887 οὐ
822 835 1107 910 διαφεύξῃ.

693 939 864 995 TUA'.
901 972 969 982 —
1006 945 1295 1000 ΜΛΡΩΝΙ.

1883 568 2057 642 675,
2091 569 2206 624 haec
2242 568 2311 621 ab
2341 582 2404 622 eo
2436 567 2710 629 recedere,
2763 565 3092 635 cogitantem
3130 563 3274 628 quod
3305 562 3347 615 si
3385 561 3472 616 hic

1885 662 2178 717 vindictam
2209 660 2469 724 evaseris,
2503 660 2691 729 utique
2727 657 2967 712 divinam
2999 669 3103 710 non
3143 653 3359 708 evades.

2259 949 2676 1009 CCCLXXXIV.
2711 982 2782 993 -——
2821 949 3107 1007 MARONI.

307 1030 507 1098 Corpus
534 1044 736 1099 pareat.
781 1049 922 1088 mens
971 1036 1204 1104 imperet.
1239 1038 1456 1108 (Confer
1481 1043 1636 1109 epist.
1663 1043 1769 1098 529

1882 1045 1966 1101 iib.
1999 1062 2036 1112 l,
2079 1047 2231 1116 epist.
2271 1045 2358 1111 15,
2382 1055 2429 1100 et
2461 1045 2552 1099 lib.
2586 1058 2658 1109 tv,
2694 1044 2847 1114 epist.
2893 1043 3017 1110 124,
3053 1039 3180 1106 126,
3211 1039 3356 1112 146.)

285 1144 338 1195 '0
367 1142 473 1196 ὑπο
497 1143 609 1196 τῶν
642 1142 1009 1216 ἀνελευθέρων
1040 1147 1138 1215 τῆς
1169 1149 1372 1219 σαρκὸς
1405 1151 1592 1204 παθῶν
1623 1153 1780 1217 ἐξαν-

208 1233 580 1304 δραποδισθεὶς
626 1235 749 1303 (ἵνα
798 1237 890 1289 καὶ
938 1237 1234 1310 παχυτέρῳ
1268 1239 1562 1310 χρήσωμαι
1599 1259 1780 1312 παρα-

207 1326 505 1396 δείγματι),
560 1326 735 1380 ἔοικεν
765 1327 988 1398 ⁴ἡνιόχῳ,
1020 1329 1398 1384 ὲκπεπτωκὸτι
1427 1333 1524 1401 μὲν
1553 1332 1646 1386 τοῦ
1682 1333 1780 1404 ἃρ-

210 1434 388 1487 ματος,
434 1418 724 1488 συρομένῳ
763 1417 820 1471 δὲ
850 1418 954 1471 ὑπὸ
1003 1419 1113 1473 τῶν
1153 1420 1340 1490 ἡνιῶν,
1374 1425 1484 1476 τῶν
1537 1425 1611 1495 μὴ
1644 1426 1781 1478 ἀπο-

207 1508 440 1564 λυουσῶν
496 1509 684 1574 αὐτὺν,
733 1509 870 1563 ἀλλὰ
914 1509 1378 1580 συμπλεκομένων
1415 1513 1582 1585 αὐτῷ,
1623 1516 1780 1586 δίκην

205 1602 292 1670 τῆς
320 1598 597 1670 ῥᾳθυμίας
629 1600 1034 1671 ἁπαιτουμένῳ.
1069 1602 1238 1656 Ἔνθα
1263 1604 1328 1675 δὴ
1363 1603 1471 1658 τῶν
1501 1608 1640 1660 κατᾶ
1673 1607 1778 1675 φύ-

1959 1155 2060 1223 Qui
2091 1155 2271 1213 carnis
2304 1154 2551 1210 illiberali
2588 1154 2926 1221 mancipatus
2946 1161 3029 1208 est
3056 1150 3187 1205 vitio
3213 1150 3296 1223 (ut
3322 1165 3467 1206 cras-

1888 1251 2029 1305 siore
2063 1259 2183 1302 utar
2212 1246 2484 1316 exemplo)
2527 1261 2633 1301 non
2679 1243 2946 1300 absimilis
2977 1252 3060 1298 est
3101 1243 3335 1313 aurigae,
3377 1242 3467 1310 qui

1878 1358 2038 1397 curru
2067 1339 2300 1402 excidit,
2333 1345 2576 1407 raptatus
2611 1351 2639 1390 a
2667 1334 2954 1406 jtunentis,
2991 1348 3091 1387 nec
3121 1333 3189 1387 ab
3237 1333 3341 1387 illis
3379 1348 3464 1385 so-

1877 1434 2053 1498 Intus,
2109 1431 2202 1485 sed
2254 1429 2385 1500 jngo
2436 1428 2743 1496 implicatus
2796 1426 3064 1482 socordiae
3112 1424 3247 1479 dans
3290 1423 3469 1493 justas

1877 1536 2085 1594 poenas.
2127 1519 2254 1575 Hmc
2280 1521 2425 1574 enim
2461 1519 2675 1574 inversa
2702 1517 2956 1574 accidunt
2985 1524 3200 1572 natura.
3233 1514 3467 1571 Currum

1875 1614 2018 1669 enim
2071 1622 2215 1667 recte
2247 1627 2312 1667 ex
2346 1621 2463 1667 arte
2493 1623 2685 1680 regere
2712 1610 3004 1675 convenit;
3045 1607 3190 1662 male
3215 1621 3346 1662 vero
3377 1623 3467 1659 re-

207 1704 283 1740 σιν
311 1688 579 1744 τάναντία
608 1689 871 1744 ἐκϐαίνει.
917 1691 1045 1746 Δέον
1087 1690 1197 1764 γὰρ
1232 1694 1294 1746 τὸ
1327 1694 1484 1765 ἅρμα
1530 1696 1636 1749 ὑπὸ
1678 1698 1772 1768 τῆς

1882 1722 2030 1776 gens,
2063 1707 2130 1759 ab
2163 1704 2317 1774 equis
2350 1711 2592 1772 raptatur
2618 1700 2829 1770 auriga.
2875 1701 3130 1756 Evertere
3157 1698 3302 1755 enim
3332 1714 3458 1752 eum

203 1777 384 1848 τέχνης
419 1777 520 1832 τοῦ
572 1779 788 1849 ἡνιόχου
823 1779 1050 1847 ἄγεσθαι
1099 1781 1297 1848 καλῶς,
1333 1783 1362 1837 ό
1410 1784 1622 1856 ἡνίοχος
1671 1765 1772 1838 ὑπὸ

1882 1765 1968 1866 qui
2003 1814 2068 1854 ex
2105 1805 2299 1851 natura
2347 1795 2608 1862 imperat,
2654 1794 2706 1848 id
2749 1800 2834 1848 est
2876 1802 3128 1847 naturam
3165 1792 3465 1846 invertere.

204 1867 302 1919 τῶν
343 1870 533 1922 ἵππων
591 1868 813 1940 σύρεται
857 1869 1064 1935 κακῶς.
1107 1872 1219 1943 Τῆς
1271 1873 1382 1945 γὰρ
1420 1876 1560 1928 κατὰ
1611 1876 1775 1944 φύσιν

203 1959 489 2029 ἡγεμονίας
523 1959 826 2032 ἀνατροπὴ,
877 1964 909 2032 ἡ
940 1962 1092 2035 παρὰ
1117 1963 1280 2035 φύσιν
1312 1963 1666 2040 παρατροπὴ,
1694 1967 1776 2022 διδ

204 2051 298 2122 χρὴ
319 2051 409 2105 τὸν
441 2051 574 2106 νοῦν
610 2053 878 2126 κυϐερνᾷν
906 2055 967 2108 τὸ
1002 2055 1182 2125 σῶμα.

668 2183 840 2238 ΤΠΕ’.
871 2213 943 2226 -
968 2185 1053 2257 Τῼ
1087 2186 1290 2258 ΛΥΤῼ.

1879 1885 2086 1956 Corpus
2116 1885 2296 1955 itaque
2331 1898 2360 1937 a
2392 1893 2574 1940 mente
2605 1881 2715 1950 regi
2751 1895 2849 1951 par
2883 1891 2968 1937 est
3004 1896 3067 1936 ac
3100 1880 3416 1950 gubernari.

2281 2193 2497 2251 cccut
2511 2165 2675 2249 x'xv.
2716 2223 2787 2235 —
2842 2189 3073 2247 EIDEM.

1057 2295 1064 2305 ι
1179 2279 1536 2337 Fortitudinis
1581 2297 1826 2340 extrema:
1856 2288 2086 2341 audacia
2119 2296 2166 2341 et
2208 2288 2490 2342 timiditas.

260 2385 331 2438 Τὸ
362 2385 464 2454 μὲν
488 2385 874 2456 λελογισμένον
907 2389 1000 2443 καὶ
1024 2392 1289 2458 γενναῖον,
1318 2392 1564 2462 ἀνδρεῖον
1595 2394 1772 2462 ἔγωγε

199 2471 367 2526 καλῶ·
410 2473 469 2526 τὸ
508 2473 568 2526 δὲ
597 2473 810 2542 ἄλογον,
854 2477 946 2530 καὶ
974 2478 1074 2548 τὴν
1104 2477 1233 2532 ἄνευ
1278 2478 1370 2534 νοῦ
1407 2483 1604 2553 ἀλκὴν,
1638 2483 1771 2554 θρα-

202 2562 393 2633 σύτητα
423 2566 838 2636 προσαγορεύω.

456 2765 649 2832 ΤΠΕΓ.
687 2797 756 2808 -
786 2767 1034 2839 ΔΛΦΕῙῼ
1068 2769 1495 2827 ΜΟΝΑΖΟΝΤῙ.

1951 2395 2102 2462 Quod
2133 2405 2219 2452 est
2250 2412 2373 2452 cum
2405 2398 2615 2451 ratione
2647 2411 2711 2451 ac
2742 2410 3005 2467 generose
3042 2402 3250 2464 gestuin
3275 2433 3290 2459 ,
3326 2392 3464 2448 idem

1878 2503 1978 2555 ego
2007 2487 2150 2543 forte
2180 2504 2242 2543 ac
2267 2488 2422 2544 virile
2456 2489 2702 2559 appello;
2739 2498 2949 2554 contra,
2972 2488 3114 2558 quod
3151 2487 3468 2556 imprudens

1877 2589 1961 2632 est
1996 2594 2058 2632 ac
2092 2580 2208 2633 sine
2243 2589 2422 2633 mente
2451 2579 2731 2634 robustum
2755 2618 2768 2643 ,
2803 2580 2854 2633 id
2883 2595 2984 2651 ego
3017 2579 3303 2633 audaciam
3334 2593 3467 2633 con-

1879 2668 2265 2739 ﬁdentiamque
2295 2671 2506 2724 dixero.

2075 2737 2496 2832 caecxxxw.
2535 2809 2604 2819 —
2638 2777 2895 2834 ALPlllO
2932 2737 3337 2834 nomenut”

1441 2869 1521 2924 De
1540 2871 1665 2938 jure
1689 2871 1810 2927 belli
1832 2889 1894 2925 ac
1921 2873 2183 2930 riudictw.

259 2977 369 3096 Τῆς
391 2981 494 3050 μὲν
515 2981 625 3036 τῶν
651 2984 950 3085 ἀλλοτρίων
977 2987 1138 3045 ἕνεκα
1167 2994 1415 3062 κτήσεως
1436 2995 1602 3067 μόνης
1631 2996 1764 3067 (‘26).

1949 2998 2095 3055 Bella
2167 2999 2278 3057 fere
2325 2999 2396 3056 ob
2440 2999 2648 3054 alienas
2709 2999 3015 3055 conﬂantur
3069 3003 3460 3071 possessiones.

197 3069 232 3163 il
274 3069 532 3163 μαλιστα,
579 3075 629 3126 oi
665 3075 892 3147 πόλεμοι
925 3073 1380 3153 ἆναρῤιπίζονται
1407 3102 1419 3118 ·
1452 3087 1513 3139 οὐ
1560 3090 1768 3152 πάντας

1882 3095 2157 3161 lmnaque:
2192 3107 2255 3148 ac
2288 3108 2353 3146 ne
2376 3106 2566 3146 omnes
2597 3092 2812 3160 quidem
2847 3092 2982 3147 bella
3015 3102 3264 3163 gerentes
3299 3110 3465 3149 accu—

194 3159 243 3253 δὲ
276 3161 398 3227 τοὺς
442 3165 820 3236 πολεμοῦντας
859 3173 1128 3229 αἰτιατέον
1153 3191 1166 3206 ·
1208 3177 1343 3232 ἀλλὰ
1369 3180 1497 3243 τοὺς
1529 3180 1630 3250 μὲν
1667 3182 1768 3253 ἆρ-

196 3250 381 3342 ξαντας
410 3253 446 3325 ἥ
483 3256 682 3326 χειρῶν
731 3259 933 3315 ἀδίκων
963 3264 994 3332 ἢ
1025 3265 1312 3336 ἁρπαγῆς,
1347 3267 1423 3333 ὡς
1457 3250 1770 3342 ἀλιτηρίους

193 3338 444 3429 δαίμονας
475 3347 778 3415 νομιστέον.
833 3349 972 3414 Τοὺς
1005 3353 1064 3406 δὲ
1095 3355 1470 3426 ἀμυνομένους
1507 3338 1767 3429 μετρίως,

195 3426 329 3521 οὔτε
360 3435 642 3502 μεμπτέον
691 3437 768 3502 ὡς
826 3440 1066 3507 ἀδίκους.
1119 3445 1368 3517 Νόμιμον
1398 3426 1770 3521 γὰρ-πραγμα

198 3519 433 3575 ποιοῦσιν
456 3541 468 3553 ·
508 3524 630 3580 οὔτε
675 3530 782 3598 μὴν
830 3531 1172 3602 θαυμαστέον
1197 3537 1281 3602 ,ὡς
1315 3519 1638 3610 φιλοσόφους
1677 3519 1771 3596 διαὶ

197 3611 622 3684 ἁνακη-ρυκτέον,
648 3619 744 3673 ἆτε
775 3621 885 3692 (9.7)
913 3625 1126 3696 οὐρανῷ
1153 3629 1469 3698 πρέπουσαν
1494 3633 1769 3688 πολιτείαν

197 3700 662 3776 πολιτευομένους,
705 3711 805 3766 οὐκ
852 3716 909 3766 ὲν
948 3716 1026 3787 τῷ
1057 3719 1312 3792 ἀντιδρᾷν
1346 3721 1383 3778 ἃ
1411 3725 1767 3791 πεπόνθασιν,

195 3789 304 3844 ἀλλ’
329 3796 388 3848 ἐν
422 3796 501 3866 τῷ
537 3801 798 3865 γενναίως
833 3806 1076 3872 ἐνεγκεῖν
1105 3789 1522 3881 τὴνανανδρίαν
1553 3789 1772 3885 κρίνανζ

193 3897 306 3945 τας.
359 3887 501 3950 Τοὺς
537 3889 594 3942 δὲ
631 3890 856 3957 δικαίως
909 3895 1008 3966 μὲν
1056 3899 1450 3970 ἀμυνομένους,
1502 3903 1770 3977 ὑπερϐαί-

194 3990 376 4040 νοντας
422 3977 480 4030 es
527 3981 626 4051 τῆς
679 3983 894 4057 ἀμύνης
942 3988 1002 4040 τὸ
1052 3991 1268 4060 μέτρον,
1321 3993 1396 4056 ὡς
1449 3993 1771 4060 ἀδικοῦντας

195 4069 487 4136 γραπτέον.
541 4073 603 4125 Οἱ
657 4075 766 4146 γὰρ
811 4078 1068 4149 ἀμέτρως
1124 4082 1476 4152 ἀμυνόμενοι,
1525 4085 1770 4157 δεύτεροι

196 4157 349 4249 παλιν
410 4163 799 4249 τιατάρχουσιν.
871 4170 1242 4244 Ἀντιμετρεῖν
1297 4175 1404 4246 γὰρ
1480 4178 1584 4249 χρὴ
1656 4181 1769 4242 τοῖς

1871 3183 2022 3238 sandi
2043 3223 2057 3248 ,
2090 3185 2183 3237 sed
2225 3184 2315 3253 qui
2348 3182 2651 3252 suscipiunt
2681 3183 2766 3238 vel
2817 3182 3050 3252 injuriae,
3086 3186 3166 3241 vel
3216 3185 3460 3255 rapiendi

1871 3287 2055 3337 causa,
2085 3272 2138 3327 hi
2171 3271 2459 3341 perniciosi
2487 3272 2636 3328 velut
2663 3274 2940 3329 daemones
2972 3274 3225 3330 habendi.
3271 3277 3336 3329 At
3367 3277 3458 3346 qui

1872 3363 2115 3418 modeste
2147 3362 2426 3417 vindicant
2462 3378 2525 3419 ac
2557 3363 2840 3419 moderate
2868 3366 3202 3420 ulciscuntur
3238 3367 3463 3437 injurias

1873 3451 2069 3519 illatas,
2094 3468 2202 3509 non
2231 3463 2360 3509 sunt
2406 3464 2466 3509 ιιι
2507 3455 2635 3524 justi
2689 3458 3146 3526 reprehendendi.
3180 3457 3258 3513 Ex
3289 3459 3464 3530 legum

1870 3543 2017 3598 enim
2040 3544 2356 3614 praescripto
2387 3560 2498 3600 rem
2526 3556 2756 3614 gerunt:
2789 3563 2964 3615 neque
2987 3563 3078 3604 eos
3099 3548 3262 3605 veluti
3291 3549 3466 3619 philo-

1874 3636 2076 3705 sophos
2105 3636 2367 3690 admirari
2400 3647 2616 3707 oportet
2669 3653 2768 3692 nec
2800 3640 3166 3709 depraedicare
3195 3643 3346 3708 quasi
3382 3641 3463 3694 vi-

1876 3735 1984 3780 tam
2013 3727 2154 3782 cmlo
2183 3727 2396 3794 dignam
2429 3729 2723 3793 ducentes,
2756 3745 2861 3784 non
2903 3731 2955 3784 in
2997 3731 3357 3800 rependendis
3382 3734 3465 3786 in-

1868 3817 2031 3888 juriis
2057 3834 2193 3888 quas
2225 3822 2466 3888 perpessi
2505 3830 2665 3885 sunt,
2697 3823 2789 3876 sed
2813 3824 2956 3890 quod
2985 3823 3218 3878 viriliter
3251 3833 3305 3878 et
3332 3840 3462 3879 con-

1873 3919 2082 3965 stanter
2112 3910 2229 3963 illas
2257 3911 2552 3979 perierant,
2588 3903 2838 3966 inertiam
2867 3911 3166 3982 culpantes.
3203 3912 3302 3979 Qui
3332 3929 3463 3970 vero

1867 4003 2011 4073 jnste
2041 4003 2257 4070 quidem
2287 4017 2348 4057 se
2385 4003 2678 4066 vindicant,
2715 4002 2930 4057 modum
2967 4014 3144 4060 tamen
3169 4005 3461 4070 excedunt,

1875 4091 1908 4145 ii
1959 4102 2013 4145 ut
2049 4093 2231 4163 injusti
2275 4105 2403 4150 sunt
2444 4095 2756 4149 accusandi.
2799 4095 2898 4162 Qui
2923 4096 3067 4152 enim
3106 4097 3463 4156 immoderate

1874 4182 2234 4250 ulciscuntur,
2263 4189 2553 4241 secundam
2577 4197 2631 4240 et
2655 4202 2848 4242 novatn
2871 4187 3159 4244 ordiuntur
3189 4188 3466 4257 injuriaut.

201 4245 632 4350 πλημμελήμασι
666 4254 764 4318 τὰς
794 4261 1087 4329 τιμωρίας,
1121 4261 1220 4332 οὐχ
1253 4245 1607 4333 ὑπερϐαίνειν
1633 4281 1646 4296 ο
1683 4264 1772 4318 ἵνα

1882 4273 2072 4331 Pmnas
2099 4278 2241 4331 enim
2291 4277 2501 4331 delictis
2525 4291 2646 4332 esse
2673 4293 2834 4346 pares
2867 4289 3114 4347 oportet,
3153 4295 3258 4335 non
3291 4281 3459 4350 majo-

303 4339 363 4392 τὸ
403 4340 612 4396 δίκαιον
661 4346 757 4398 καὶ
797 4347 858 4399 τὸ
886 4349 1114 4421 νόμιμον
1145 4351 1503 4423 ὑπερϐάντες,
1540 4359 1634 4410 καὶ
1673 4359 1771 4430 τὴν

1882 4381 1985 4431 res,
2017 4381 2083 4421 ne
2111 4366 2313 4435 justum
2351 4377 2406 4422 et
2440 4383 2653 4437 aquom
2690 4373 3013 4440 transgressi
3040 4380 3095 4425 et
3133 4371 3359 4438 justitite
3398 4373 3458 4424 ll-

192 4427 278 4480 ὲπὶ
319 4430 398 4501 τῷ
441 4430 665 4498 δικαίως
703 4436 1149 4509 ἐπεξεληλυθέναι
1183 4443 1340 4511 δόξαν
1371 4427 1764 4520 λυμηνάμενοι,

193 4521 268 4584 είς
300 4524 427 4587 τοὺς
459 4523 766 4599 ἀλάστορας
794 4532 1164 4602 ἐγγραφῶσιν.

650 4825 816 4883 TH—Z'.
857 4860 928 4871 -
967 4833 1302 4908 eamme.

1876 4472 1972 4514 nes
2001 4462 2310 4516 excedenda
2338 4461 2564 4531 gloriam
2606 4460 3051 4526 tit-honestantes,
3092 4464 3232 4519 inter
3260 4463 3463 4523 alasto-

1875 4567 1962 4607 res
1989 4551 2316 4617 referantur,
2349 4553 2610 4608 excedere
2638 4552 2874 4608 videare.
2918 4554 3154 4611 Gloriatu
3187 4557 3329 4612 enim
3366 4557 3460 4614 de-

1875 4643 2188 4710 honestant,
2222 4642 2446 4713 justitire
2479 4646 2613 4700 lines
2643 4646 2976 4714 escedendo,
3007 4656 3170 4717 utque
3197 4647 3332 4703 diris
3363 4663 3459 4703 ex—

1874 4733 2118 4788 secrandi
2156 4733 2390 4788 habendi
2422 4745 2567 4792 sunt.

2210 4841 2656 4902 CCCLXXXVII.
2695 4876 2766 4887 —
2802 4846 3160 4929 ΟιΥΜΡΙΟ..

811 4939 910 4994 Sui
934 4944 1159 5014 cognitio
1192 4949 1366 5015 prima
1396 4950 1466 5002 ad
1511 4951 1785 5007 scientiam
1812 4955 1892 5008 via
1917 4971 1934 5018 ,'
1962 4971 2026 5009 ex
2059 4955 2294 5009 Platonis
2322 4953 2596 5010 Alcibiade
2623 4956 2818 5024 priore.

261 5040 381 5095 Ὀτι
411 5042 473 5095 τὸ
499 5043 698 5099 εἰδέναι
727 5047 931 5102 οίεσοαι
971 5050 1065 5103 τοῦ
1098 5053 1169 5122 μὴ
1201 5053 1396 5109 εἰδέναι
1431 5058 1603 5111 αἴτιον
1624 5062 1757 5114 καθ-

191 5130 450 5203 έστηκεν·
501 5137 556 5187 εί
597 5136 689 5189 καὶ
731 5138 960 5208 αἴνιγμα
1010 5141 1157 5195 δοκεῖ
1193 5140 1335 5198 εἷναί
1387 5164 1468 5199 σοι
1513 5148 1574 5200 τὸ
1606 5151 1762 5221 εἰρη-

195 5223 368 5290 μένον.
419 5227 707 5298 Μαρτυρεῖ
746 5229 994 5294 Πλάτων,
1025 5233 1082 5285 ὂν
1120 5235 1206 5287 ἀεὶ
1248 5237 1343 5290 ἐπὶ
1375 5238 1644 5309 στόματος
1671 5241 1766 5311 φέ-

192 5329 317 5384 ρεις,
363 5316 542 5384 λέγων
584 5319 718 5390 πρὸς
744 5321 836 5375 τὸν
873 5323 1234 5396 Ἀλκιϐιάδην.
1258 5333 1439 5402 Stoic"
1476 5349 1492 5382 t
1529 5333 1766 5403 Πότερον

1939 5062 2040 5129 Qui
2076 5063 2219 5119 scire
2248 5078 2306 5120 se
2333 5072 2506 5134 putat,
2535 5079 2631 5120 cur
2656 5063 2790 5119 nihil
2821 5065 2959 5122 sciat
2997 5066 3100 5123 sibi
3136 5081 3296 5122 causa
3326 5079 3450 5126 est:

1871 5153 2024 5206 multi
2056 5154 2120 5206 ad
2145 5154 2503 5211 eruditionem
2534 5155 2926 5225 pervenissent,
2956 5157 3058 5212 nisi
3086 5171 3145 5212 se
3187 5155 3298 5225 jam
3330 5175 3456 5227 per-

1873 5245 2082 5301 venisse
2114 5254 2422 5316 putassent,
2485 5249 2561 5304 ait
2594 5247 2824 5304 Seneca.
2889 5247 2946 5304 ld
3003 5249 3049 5304 si
3096 5251 3324 5321 aenigma
3362 5252 3457 5306 tibi

1873 5337 2141 5404 videatur,
2177 5340 2328 5394 testis
2357 5339 2581 5396 idoneus
2608 5339 2763 5396 Plato
2794 5351 2914 5408 est,
2958 5357 3118 5413 quem
3153 5359 3367 5414 semper
3396 5344 3449 5399 in

191 5407 382 5462 σαυτὸν
426 5408 678 5478 λέληθας,
733 5413 814 5467 ὅτι
868 5415 966 5470 οὐκ
999 5409 1302 5475 ’ἐπίστασαι
1358 5422 1612 5496 τοῦτο;ἢ
1666 5427 1767 5496 ἐμὲ

1882 5443 1970 5482 ore
2017 5427 2224 5484 habens
2271 5429 2492 5497 laudas,
2545 5447 2667 5488 cum
2701 5407 2981 5489 Alcibiade
3029 5434 3110 5489 sic
3159 5435 3456 5492 disserens.

1274 5606 1504 5663 VARIIE
1545 5609 1930 5668 LECTIONES
1971 5611 2057 5667 ET
2096 5614 2327 5671 NOTAE.

264 5747 374 5820 ﬁl)
403 5746 530 5807 Post
567 5752 732 5826 μόνης
765 5755 923 5814 iidem
973 5759 1174 5816 addunt
1199 5761 1296 5825 ὡς.
1333 5763 1437 5819 Pro
1482 5765 1573 5820 ἅτε
1607 5766 1765 5823 iidem

1887 5779 1979 5823 unt
2011 5767 2154 5824 οὕτε.
2189 5769 2398 5826 Possm.
