3992 6410
197 380 312 449 1561
1022 379 1558 446 EPISTULARUM
1595 377 1743 438 LIB.
1782 378 1818 437 ν

1905 401 1962 414 -
1996 376 2236 438 EPIST.
2268 378 2604 449 CCCXCIV.
3333 371 3467 436 1562

195 497 381 568 (πόσης
407 498 519 569 γὰρ
541 498 613 552 ἂν
629 479 771 570 ἦσαν
799 497 1151 570 ἀναρρήσεως
1173 494 1360 566 aitet),
1384 491 1519 546 ἀλλὰ
1546 489 1625 560 τῷ
1649 504 1768 558 μει-
1795 497 1818 550 Α

1905 500 2176 545 emnerent
2207 490 2424 560 (quovis
2451 490 2593 546 enim
2625 491 2897 561 praeeooio
2923 491 3068 563 digni
3102 488 3320 559 erant),
3369 488 3468 544 sed

196 587 351 653 ζόνων
381 588 672 655 ἐφίεσθαι·
733 587 932 650 οἵτινες
959 587 1056 640 καὶ
1095 583 1254 649 δόξαν
1283 582 1606 651 σκαιότητος
1644 595 1774 648 κερ-

1905 588 1938 630 ιι
1965 579 2281 649 aceiperent
2311 579 2514 650 majora
2540 622 2556 648 ,
2587 581 2692 635 hac
2722 581 2933 636 ratione
2963 581 3240 636 sinistram
3276 579 3460 647 adepti

192 679 442 742 δαίνουσι,
477 678 587 748 τῆς
621 679 793 741 ὅντως
814 676 1065 737 εὐκλείας
1095 674 1480 746 γυμνούμενοι.
1508 670 1630 740 Χρὴ
1658 665 1774 720 τοί-

1905 682 2102 732 amam,
2128 679 2182 722 et
2207 683 2331 724 vera
2359 669 2574 738 privati.
2604 671 2770 743 677
2804 670 2968 726 Decet
2995 671 3176 742 itaque
3229 669 3466 726 maxime

195 787 280 822 νυν
312 770 552 839 μάλιστα
585 768 686 840 μὲν
715 766 1031 837 κρείττονας
1070 760 1210 819 εἶναι
1239 763 1482 835 κερδῶν·
1514 762 1564 814 ει
1589 759 1648 813 δὲ
1671 758 1770 830 μὴν

1905 758 2012 812 ueri
2055 765 2466 828 contemptores
2496 777 2616 817 esse
2648 779 2662 815 :
2715 763 2799 816 sin
2848 775 3007 817 secus
3029 801 3044 825 ,
3083 763 3304 816 modum
3333 774 3466 815 con-

191 859 402 931 ἀγαπᾷν
445 859 512 912 τὸ
563 857 784 930 μέτριον
807 874 821 887 ·
858 856 950 910 ἵνα
995 856 1070 927 μὴ
1099 855 1162 909 τὸ
1188 855 1326 925 ὑπὲρ
1355 853 1457 924 τὴν
1486 850 1644 918 ἀξίαν
1675 849 1775 919 ξη-

1905 850 2022 904 enit
2051 866 2295 921 servare,
2333 870 2400 910 ue
2429 853 2556 924 quid
2604 867 2768 922 supra
2803 852 3121 922 dignitatem
3149 850 3468 906 ati‘ectantes

193 949 419 1011 τοῦντις,
451 947 556 1003 καὶ
589 948 684 1002 τοῦ
716 947 843 1002 κατ’
878 945 1036 1011 ἀξίαν
1066 945 1411 1013 ἐκπέσωμεν,
1454 941 1550 996 καὶ
1584 938 1774 993 σκαιό-

1905 945 1935 991 ιι
1949 939 2127 1009 dignis
2144 944 2458 998 excidamus
2475 949 2529 998 et
2551 942 2829 997 sinistram
2851 955 3108 1011 paremus
3120 940 3428 1010 opinionem
3448 956 3466 1004 ;

195 1056 347 1110 τητος
372 1038 537 1103 δόξαν
573 1037 862 1109 σχοίημεν,
893 1037 994 1092 οὐκ
1023 1035 1118 1090 ἐπὶ
1139 1034 1216 1106 τῷ
1251 1032 1439 1087 λαϐεῖν
1470 1048 1524 1085 τι
1569 1029 1773 1099 ἀγαθὸν

1905 1042 1987 1083 non
2022 1029 2272 1088 laudandi
2315 1033 2462 1104 quod
2519 1035 2645 1088 boni
2687 1031 2893 1102 aliquid
2932 1032 3337 1102 acceperimus,
3373 1031 3468 1085 sed

195 1129 688 1201 ἐγκωμιαζόμενοι,
720 1129 837 1183 ἀλλ’
884 1129 978 1183 ἐπὶ
1025 1126 1106 1198 τῷ
1138 1123 1467 1198 προσλαϐεῖν
1512 1140 1566 1178 τι
1606 1121 1775 1176 κακὸν

1905 1121 2022 1190 [uod
2059 1123 2190 1180 mali
2226 1126 2354 1195 quid
2387 1126 2535 1182 nacti
2572 1126 2768 1192 simus,
2807 1123 3169 1196 vituperandi.

197 1219 448 1290 κωμῳδού
455 1236 638 1290 μενοι.

723 1306 888 1372 mat.
917 1333 991 1346 —
1017 1301 1246 1374 ΝΕΙΛῼ.

2366 1306 2636 1365 CCCXCI.
2669 1337 2743 1352 —
2777 1306 2962 1364 NILO.

199 1395 262 1452 In
290 1399 448 1452 nimio
478 1397 667 1452 dolore
710 1413 847 1466 step:
870 1405 1057 1464 stupor
1082 1404 1131 1449 et
1157 1391 1422 1447 silentium
1445 1391 1668 1446 obvenit.
1702 1389 1983 1463 Obstupui,
2008 1403 2367 1468 steteruntque
2397 1415 2582 1464 comta,
2616 1409 2663 1453 et
2696 1413 2798 1453 una:
2826 1395 3069 1467 faucibus
3088 1395 3260 1451 haesit.
3290 1392 3442 1463 Virg.

262 1488 324 1541 υί
369 1489 470 1558 μὶν
511 1486 756 1559 μετρίως
789 1484 1120 1555 λυπούμενοι
1149 1483 1244 1537 καὶ
1270 1480 1532 1552 δακρύειν
1566 1480 1782 1552 ίσχύου-

201 1595 304 1634 σιν·
331 1581 382 1632 οί
408 1579 470 1632 δὲ
505 1577 1013 1647 καταπληττόμενοι
1043 1576 1136 1628 ἐπὶ
1161 1578 1283 1638 ταῖς
1317 1572 1608 1643 μεγίσταις
1645 1588 1781 1641 συμ-

199 1674 401 1742 φοραῖς,
451 1670 581 1735 οὐδὲ
632 1666 902 1739 δακρύσαι
955 1664 1230 1728 δύνανται,
1288 1664 1354 1733 τῇ
1415 1659 1510 1714 τοῦ
1570 1659 1780 1723 πάθους

1959 1483 2060 1551 Qui
2088 1487 2366 1543 moderate
2397 1488 2601 1553 dolent,
2632 1487 2923 1558 lacrymari
2966 1486 3138 1542 etiam
3185 1495 3416 1555 possunt
3452 1498 3467 1536 :

1887 1575 1978 1644 qui
2012 1590 2138 1632 vero
2160 1577 2362 1648 ingenti
2397 1579 2707 1633 calamitate
2739 1577 2997 1648 perculsi,
3059 1592 3127 1632 ne
3179 1574 3473 1659 lacrymari

1888 1666 2108 1736 quidem
2136 1678 2359 1736 queunt,
2395 1667 2597 1725 doloris
2626 1666 2754 1722 victi
2781 1665 3180 1737 magnitudine,
3211 1673 3267 1719 et
3310 1663 3472 1733 quid-

199 1761 468 1831 ὑπερϐολῇ
528 1757 858 1820 ἐαλωκότες,
912 1756 1008 1809 καὶ
1033 1757 1141 1809 πᾶν
1174 1755 1299 1807 ὅσον
1343 1747 1487 1822 εῐχον
1514 1751 1680 1821 ὑγρὸν
1711 1754 1778 1822 τῇ

1905 1756 2014 1826 [uid
2045 1759 2183 1813 inest
2203 1758 2408 1813 humidi
2433 1759 2598 1830 ignita
2623 1758 2674 1813 vi
2701 1765 3078 1814 consumente.
3106 1752 3266 1809 Vultu
3292 1754 3475 1823 itaque

197 1850 283 1903 τοῦ
327 1849 507 1922 πυρδς
549 1849 704 1918 ἀκμῇ
742 1847 1173 1916 δαπανήσαντες.
1220 1845 1464 1918 ’Δχανεῖς
1509 1841 1642 1910 γοῦν
1688 1843 1784 1896 καὶ

1905 1848 2099 1902 ιιιοιιίιί
2153 1863 2216 1901 ac
2248 1849 2482 1918 perculsi
2539 1862 2794 1914 mmrore,
2841 1860 3016 1916 neque
3060 1859 3252 1900 vocem
3300 1857 3477 1914 neque

198 1942 459 2009 κατηφεῖς
487 1940 628 1992 εισι·
654 1937 793 2007 μήτε
822 1934 1001 2002 λόγον,
1036 1936 1174 2004 μήτε
1201 1931 1413 2004 δάκρυα
1441 1930 1779 2002 προϊέμενοι,

1910 1953 2158 2010 acrymas
2178 1941 2454 2005 emittunt,
2481 1938 2768 2007 vultusque
2815 1938 3038 1992 tristitia
3062 1935 3229 1990 animi
3267 1951 3378 2005 prae
3417 1948 3477 1989 se

196 2033 258 2101 τῇ
286 2029 343 2083 δι
389 2028 492 2083 τοῦ
546 2025 841 2100 προσώπου
898 2024 1220 2094 στυγνότητι
1271 2021 1631 2093 ἐμφαίνοντες
1684 2022 1783 2092 τῆς

1905 2027 2074 2085 ierunt
2099 2030 2392 2085 tristitiam.
2413 2029 2524 2085 Hoc
2541 2030 2646 2084 illis
2667 2030 3098 2097 inexspectatum
3125 2027 3473 2094 subitumque

196 2118 368 2188 ψυχῆς
404 2117 513 2185 τὴν
563 2116 922 2170 κατάστασιν.
970 2111 1140 2166 Τοῦτο
1175 2109 1232 2164 at
1282 2112 1468 2174 αὐτοῖς
1500 2110 1676 2164 τίκτει
1725 2111 1786 2164 τὸ

1905 2120 2053 2188 gignit
2092 2121 2313 2176 malum.
2351 2119 2502 2187 Quod
2537 2121 2681 2174 enim
2727 2133 2832 2173 non
2876 2117 3026 2188 prius
3065 2117 3247 2170 animo
3277 2115 3459 2184 provi-

199 2209 476 2280 ἀδόκητον·
517 2208 582 2261 τὸ
615 2205 724 2277 γὰρ
752 2205 828 2277 μὴ
869 2203 1037 2259 πάλαι
1085 2202 1377 2274 μελετηθέν
1399 2202 1480 2272 τῷ
1511 2201 1782 2274 λογισμῷ,

1905 2225 2010 2266 sum
2042 2212 2134 2278 sit,
2175 2213 2300 2268 binc
2326 2213 2524 2268 utentis
2552 2211 2768 2283 copiosa
2802 2209 3044 2264 nascitur
3064 2207 3344 2262 alienatio.

197 2301 270 2373 τῷ
301 2301 522 2373 ἀθρόως
549 2297 895 2368 συμδαίνειν.
925 2294 1224 2366 ἐξίστησιν.

497 2387 665 2458 Tw.
697 2416 772 2428 —
804 2386 1104 2459 ErTon
1142 2384 1472 2456 AIAKONQ.

2126 2388 2430 2447 CCCXC".
2467 2420 2539 2434 --
2570 2389 2878 2448 EUTONIO
2914 2386 3238 2446 DIACONO.

260 2477 431 2535 Bonis
459 2494 676 2550 propter
720 2477 1078 2546 improborum
1107 2477 1360 2532 invidiam
1382 2474 1591 2529 uirtutis
1628 2475 1866 2532 studium
1905 2495 2007 2534 non
2042 2479 2410 2539 deserendum.
2453 2480 2628 2536 Virtus
2671 2482 2844 2536 claras
2879 2489 3204 2549 wternosque
3237 2476 3410 2548 efﬁcit.

262 2571 327 2625 El
357 2570 458 2624 καὶ
491 2567 668 2640 πολλὴ
687 2567 786 2622 καὶ
814 2565 1153 2630 πολύπλοκος
1173 2566 1276 2636 τῆς
1304 2565 1502 2626 κακίας
1524 2566 1558 2635 ἡ
1587 2581 1789 2618 σκαιω·

202 2661 308 2734 ρία,
332 2661 475 2714 ἀλλά
499 2663 568 2715 σὺ
597 2663 665 2730 τῇ
691 2661 860 2731 ἀρετῇ
885 2658 1092 2726 ταύτην
1114 2655 1518 2726 καταγωνίξου.
1562 2655 1788 2726 Ἐπειδὴ

202 2751 306 2819 γὰρ
337 2751 546 2820 ἀρετῆς
578 2749 678 2819 μὲν
705 2747 1088 2817 λαμπρότερον
1114 2745 1288 2810 οὐδὲν,
1319 2745 1520 2808 κακίας
1549 2744 1607 2798 δὲ
1636 2745 1792 2800 οὐδὲν

202 2843 628 2912 ζοφωδέστιρον,
681 2838 869 2893 πολλοὶ
915 2837 1177 2902 πολλακις
1232 2836 1343 2891 τῶν
1393 2837 1534 2907 μήτε
1586 2837 1784 2902 είπεῖν,

206 2936 337 3006 μήτε
370 2931 584 3003 πρᾶξαί
611 2948 664 2985 τι
697 2929 954 3002 λαμπρὸν
999 2928 1360 2998 βουλομένων,
1392 2926 1628 2997 ὁρῶντες
1657 2928 1786 2981 ἐαυ-

1965 2571 2080 2626 Etsi
2119 2572 2304 2628 varius
2328 2582 2598 2643 estatque
2642 2570 2940 2641 implicitus
2988 2567 3351 2639 improbitatis
3383 2567 3482 2622 do-

1892 2663 2004 2726 lus,
2039 2675 2163 2715 eum
2190 2672 2244 2716 tu
2280 2662 2483 2717 virtute
2509 2677 2779 2733 expugna.
2809 2660 3074 2728 Quoniam
3100 2658 3242 2714 enim
3276 2661 3480 2712 virtute

1894 2749 2033 2803 nihil
2092 2759 2176 2804 est
2231 2749 2520 2817 illustrius,
2573 2752 2774 2806 malitia
2802 2766 2930 2805 vero
2981 2749 3115 2804 nihil
3159 2747 3469 2814 obscurius,

1896 2839 2052 2894 multi
2083 2855 2459 2911 saepenumero
2503 2842 2597 2912 qui
2633 2855 2813 2911 neque
2844 2842 3026 2896 dicere
3071 2855 3247 2910 neque
3290 2839 3472 2895 facere

1901 2929 2180 3001 quidpiam
2233 2933 2476 3002 praeclari
2509 2932 2718 3000 volunt,
2761 2947 2912 2988 suam
2960 2931 3372 3001 turpitudinem,
3428 2942 3484 2986 et

201 3025 304 3079 τῶν
355 3023 458 3095 μὲν
507 3023 607 3093 τὴν
654 3020 1011 3090 αἰσχρότητα,
1065 3019 1175 3072 τῶν
1230 3017 1288 3071 δὲ
1330 3017 1640 3088 φιλαρέτων
1686 3018 1818 3086 τὴνη

1905 3021 2189 3090 proborum
2233 3025 2620 3083 claritudinem
2671 3027 2939 3090 videntes,
2972 3025 3210 3094 aliquem
3248 3024 3479 3094 eligunt.

201 3115 601 3187 λαμπρότητα·
653 3111 1011 3182 ἐκλεξάμενοι
1056 3128 1183 3169 τινα
1222 3110 1332 3164 τῶν
1365 3110 1531 3182 μηδὲν
1561 3110 1789 3179 ἀγαθὸν,

205 3210 337 3278 μήτε
365 3209 566 3268 εἰπεῖν.
602 3204 738 3276 μήτε
785 3203 1012 3274 ποιῆσαι
1042 3201 1470 3273 προῃρημένων,
1504 3201 1792 3272 ἐπαίρουσι

203 3299 296 3352 καὶ
329 3295 713 3367 θαυμάζουσιν
753 3294 895 3363 ὑπὲρ
923 3292 1024 3363 τὴν
1065 3291 1244 3358 ἀξίαν,
1267 3293 1318 3344 οί
1351 3292 1452 3362 μὲν
1477 3291 1712 3362 ἀμαθίᾳ,
1741 3290 1791 3344 oi

201 3389 255 3443 δὲ
285 3387 562 3459 βασκανίᾳ
584 3386 742 3440 τοῦτο
785 3384 1048 3456 δρῶντες,
1086 3383 1173 3437 ἵνα
1202 3383 1303 3454 τὴν
1331 3383 1489 3450 δόξαν
1522 3383 1792 3436 καθέλωσι

202 3475 307 3528 τῶν
339 3474 674 3544 φιλοπόνων,
707 3473 806 3541 οὐχ
836 3472 925 3524 ῖνα
953 3470 1169 3535 δείξωσι
1199 3471 1516 3542 θαυμαστὸν
1543 3472 1672 3525 ὄντα
1698 3471 1792 3525 τὸν

211 3565 282 3636 μὴ
309 3565 444 3620 ὄντα
475 3565 739 3619 τοιοῦτον.
786 3564 948 3618 Ἀλλὰ
986 3564 1080 3618 τὸν
1109 3563 1392 3618 σπουδαῖον
1419 3563 1657 3632 μάλιστα
1691 3563 1792 3631 μὲν

205 3657 296 3710 καὶ
338 3655 588 3710 ἐπαίνων
617 3651 756 3708 εἶναι
804 3656 1095 3725 κρείττονα
1140 3657 1276 3726 χρή·
1311 3655 1359 3707 εί
1391 3655 1450 3708 δέ
1496 3657 1589 3709 καὶ
1615 3654 1789 3726 διψῴη

205 3741 432 3806 τούτων,
489 3742 720 3812 συνορᾷν
764 3741 857 3794 τὸν
891 3742 1064 3804 δόλον,
1112 3742 1195 3794 ὃτι
1242 3743 1442 3795 ἐκεῖνοι
1490 3742 1523 3813 ἢ
1557 3741 1789 3811 ἐκκόψαι

207 3832 353 3903 αύτῷ
398 3832 494 3885 τὸν
536 3833 617 3896 είς
646 3830 746 3902 τὴν
795 3832 1002 3902 ἀρετὴν
1033 3830 1235 3902 δρόμον
1273 3831 1606 3904 βουλόμενοι,
1638 3833 1672 3903 ἢ
1697 3833 1790 3886 λυ-

206 3922 398 3993 πῆσαι,
433 3920 706 3992 ἐπῄνεσαν
744 3920 835 3974 τὸν
881 3921 1225 3993 κακηγορίας
1276 3921 1446 3986 ἄξιον,
1499 3923 1610 3976 Καὶ
1661 3924 1791 3987 τοὺς

212 4013 307 4084 μιν
327 4013 397 4068 δι’
420 4011 664 4084 ἀμαθίαν
686 4012 846 4068 τοῦτο
877 4012 1187 4081 ποιοῦντας,
1220 4012 1554 4084 συγγνώμης
1580 4014 1785 4080 ἀξιοῦν·

205 4107 332 4171 τοὺς
357 4105 417 4161 δέ
445 4105 537 4160 διὰ
578 4105 794 4174 φθόνον,
829 4103 1051 4177 θρηνεῖν
1073 4121 1086 4136 ·
1117 4107 1199 4158 ὅτι
1236 4104 1491 4158 τοσοῦτον
1520 4105 1789 4174 ἀπέχουσι

205 4196 293 4250 τοῦ
340 4195 554 4265 πρᾶξαί
596 4212 651 4249 τι
702 4195 890 4261 καλὸν,
941 4196 1023 4250 ὅτι
1071 4196 1191 4250 οὐδὲ
1226 4195 1364 4268 πρὸς
1414 4195 1507 4249 τὸν
1535 4197 1791 4266 ἐνάρετον

208 4287 552 4342 σπένδονται.

453 4373 615 4444 τιιΓ.
651 4407 720 4419 —-
751 4377 1005 4448 ΖΩΣΙΜῼ
1043 4377 1518 4447 ΠΡΕΣΒΥΤΕΡῼ.

1898 3128 2000 3168 uec
2038 3116 2429 3183 benedicendi,
2479 3132 2579 3172 nec
2611 3117 2842 3172 faciendi
2883 3117 3174 3186 cupidum,
3247 3128 3484 3184 eumque

1895 3219 2061 3273 supra
2099 3208 2291 3260 merita
2329 3207 2596 3262 extollunt
2644 3219 2700 3262 et
2746 3208 3109 3274 admirantur,
3167 3207 3220 3261 hi
3260 3207 3484 3276 quidem

1897 3307 1995 3365 per
2029 3295 2355 3364 imperitiam
2385 3298 2487 3354 hoc
2507 3298 2787 3364 iacientes,
2814 3297 2890 3352 illi
2916 3313 3044 3353 vero
3076 3312 3172 3368 per
3200 3297 3481 3363 invidiam,

1900 3401 1956 3441 ut
1989 3387 2214 3457 gloriam
2253 3389 2543 3460 arqnirant
2582 3389 2780 3444 laboris
2816 3404 2880 3444 ac
2920 3389 3237 3460 diligentiae,
3284 3404 3389 3443 non
3425 3397 3485 3442 ut

1897 3478 2256 3532 admiratione
2273 3481 2494 3549 dignum
2515 3494 2639 3536 esse
2656 3481 3105 3545 ostendanteum,
3123 3479 3213 3550 qui
3232 3478 3352 3533 talis
3375 3494 3480 3534 non

1897 3569 2008 3624 sit:
2042 3569 2136 3624 sed
2163 3570 2388 3640 probum
2421 3571 2750 3641 virtutisque
2781 3572 3079 3627 studiosmn
3109 3569 3357 3625 laudibus
3380 3585 3480 3640 po-

1899 3660 2166 3714 tissimum
2194 3675 2315 3716 esse
2333 3663 2595 3731 majorem
2625 3671 2860 3732 oportet,
2891 3664 2934 3718 si
2957 3678 3086 3718 vero
3114 3661 3300 3718 laudes
3316 3662 3481 3716 etiam

1896 3750 2068 3814 sitiat,
2092 3750 2290 3805 intueri
2314 3750 2494 3806 dolum
2524 3761 2756 3822 oportet,
2781 3753 2922 3823 quod
2945 3753 3020 3808 illi
3047 3763 3141 3808 aut
3176 3753 3474 3808 interrum-

1898 3855 2026 3910 pere
2040 3856 2258 3897 cursum
2274 3843 2341 3898 ad
2358 3844 2632 3909 virtutem,
2652 3857 2746 3900 aut
2763 3846 3000 3904 dolorem
3020 3846 3222 3903 inferre
3239 3847 3482 3904 volentes

1899 3932 2295 4001 vituperatione
2328 3933 2550 4004 dignum
2581 3936 2872 3993 laudarim.
2903 3936 2970 3991 Et
2992 3939 3208 4008 quidem
3241 3940 3332 4010 qui
3375 3955 3475 4010 per

1899 4021 2222 4090 imperitiam
2247 4023 2300 4078 id
2338 4023 2564 4092 faciunt,
2599 4026 2755 4083 venia
2787 4029 2982 4097 dignos
3005 4030 3350 4098 existimem;
3386 4031 3480 4100 qui

1896 4125 2026 4166 vero
2053 4127 2150 4182 per
2178 4113 2435 4171 invidiam
2464 4116 2516 4170 id
2541 4118 2891 4173 committunt
2923 4120 3206 4191 deplorare
3244 4131 3482 4191 oportet,

1896 4200 2040 4269 quod
2070 4211 2276 4256 tantum
2306 4217 2336 4258 ιι
2367 4205 2505 4260 bene
2540 4207 2747 4276 agendo
2793 4207 3086 4278 abstinent,
3143 4221 3201 4265 ut
3222 4225 3398 4283 neque
3428 4212 3482 4266 bi

1898 4307 2019 4345 cum
2047 4292 2247 4348 virtute
2274 4297 2498 4364 praedito
2522 4295 2701 4354 {tutius
2724 4299 2927 4355 ineant.

2066 4382 2377 4440 CCCXCIII.
2426 4415 2497 4427 —
2529 4387 2785 4444 ZOSIMO
2834 4389 3316 4447 PRESBYTERO.

311 4468 572 4526 Simoni.
598 4469 1098 4539 nundinationisque
1131 4469 1504 4538 beneﬁciorum
1539 4479 1776 4536 accusat,
1812 4482 1865 4525 ut
1897 4470 2036 4527 alias
2081 4490 2241 4541 stupe,
2275 4475 2370 4530 lib.
2405 4492 2442 4542 l,
2477 4487 2525 4532 et
2557 4479 2650 4534 lib.
2683 4496 2770 4546 ιιι,
2806 4493 2853 4535 ει
2877 4500 2994 4551 sup.
3037 4485 3193 4550 epist.
3231 4484 3300 4538 27
3318 4484 3373 4539 6.

273 4557 446 4628 Δῆλος
482 4557 581 4629 μὲν
603 4553 672 4629 ἧς
701 4557 938 4613 ἔκπαλαι
973 4558 1074 4628 τὴν
1103 4557 1406 4630 ίερωσύνην
1435 4558 1537 4612 οὐκ
1566 4560 1784 4628 εύαγῶς

208 4647 521 4720 κτώμενος·
552 4650 613 4701 ού
649 4638 756 4720 γὰρ
791 4650 881 4704 διὰ
916 4650 1193 4712 πολιτείας
1228 4649 1460 4721 ἀρίστης
1486 4654 1788 4722 κτήσασθαι

207 4739 500 4804 ἐδικαίους,
547 4739 684 4796 ἀλλά
717 4741 994 4811 χρήμασιν
1030 4740 1350 4812 ὠνήσασθαι
1382 4742 1788 4813 ὠνειροπόλεις.

207 4828 373 4898 Δῆλος
415 4829 476 4883 δὲ
505 4825 669 4884 εἶκαὶ
694 4828 786 4883 νῦν
815 4831 914 4900 τὴν
937 4830 1230 4900 ἐπιθυμίαν
1252 4832 1330 4894 είς
1361 4829 1518 4900 ἔργον
1540 4833 1784 4901 ἀγαγὼν,

207 4919 384 4975 καίτοι
436 4921 518 4984 είς
563 4919 775 4990 δυσμὰς
830 4918 907 4974 ὣν
946 4919 1133 4973 λοιπὸν
1158 4919 1254 4974 τοῦ
1285 4920 1422 4990 βίου.
1457 4921 1556 4986 Τίς
1585 4920 1680 4977 οὖν
1711 4943 1795 4979 σοι

209 5009 511 5082 συγγνώμη
536 5010 863 5082 λελείψεται,
894 5013 961 5082 τῇ
994 5012 1168 5084 κακίᾳ
1217 5012 1608 5070 συναποθανεῖν
1657 5033 1789 5087 προ-

206 5102 497 5176 unum

707 5184 866 5254 Tw.
905 5217 976 5229 —
1008 5186 1291 5258 mauro.

1965 4563 2041 4619 Te
2097 4568 2457 4623 sacerdotium
2490 4567 2691 4640 injuste
2726 4573 3002 4641 possidere
3032 4583 3217 4630 notum
3278 4575 3484 4644 pridem

1893 4656 2167 4711 omnibus.
2222 4656 2408 4728 Neque
2462 4661 2606 4717 enim
2679 4663 2918 4733 legitime
2984 4663 3214 4734 jnreque
3272 4666 3484 4735 optimo

1897 4744 2120 4814 adipisci
2164 4748 2444 4815 studuisti,
2485 4753 2582 4807 scd
2624 4754 2853 4824 pecunia
2913 4765 3184 4810 mercatus
3229 4767 3290 4811 es
3352 4772 3483 4812 cau-

1895 4836 2164 4903 ponando.
2209 4840 2552 4896 Mattifestum
2579 4855 2664 4898 est
2691 4853 2741 4899 te
2769 4859 2912 4900 nunc
2954 4860 3171 4916 quoque
3223 4847 3289 4901 ad
3340 4860 3479 4916 opus

1893 4926 2242 4994 cupiditatem
2300 4931 2523 5000 referre,
2587 4935 2837 5004 quamvis
2893 4937 2944 4990 iu
3000 4951 3201 4992 occasu
3231 4937 3355 4992 vita:
3382 4937 3479 4991 sis.

1894 5012 2028 5080 Quis
2065 5018 2228 5088 igitur
2265 5023 2435 5076 venite
2467 5023 2687 5078 relictus
2727 5023 2899 5090 locus,
2950 5041 3072 5081 cum
3108 5027 3174 5079 ad
3210 5028 3333 5083 vitae
3356 5027 3474 5082 esi-

1896 5116 2007 5160 tum
2052 5108 2312 5179 improbis
2335 5113 2520 5169 venire
2555 5115 2801 5171 moribus
2834 5117 3129 5173 malueris?

1989 5194 2182 5266 678.
2211 5198 2522 5256 CCCXCIV.
2568 5229 2641 5241 —
2703 5201 2978 5260 lSlDORO
3027 5202 3380 5261 EPISCOPO.

1023 5277 1259 5334 Prudens
1291 5279 1406 5348 quis
1442 5289 1492 5332 et
1516 5279 1670 5347 fortis
1701 5282 2106 5341 existimandus.
2143 5287 2326 5360 (Cani.
2359 5294 2512 5363 epist.
2545 5294 2664 5364 76.)

272 5371 339 5426 Et
369 5371 693 5445 θιασοίμην,
735 5367 782 5427 ὦ
834 5370 1125 5443 ὁμώνυμε,
1157 5371 1326 5442 ἀνδρα
1375 5373 1548 5426 δεινὸν
1591 5373 1691 5443 μὲν
1719 5376 1785 5428 ἐκ

1969 5375 2024 5432 Si
2049 5385 2440 5452 perspexerim,
2465 5401 2497 5439 ο
2519 5387 2648 5442 mibi
2682 5386 3266 5457 cognominislsidore,
3302 5386 3478 5440 virum

207 5461 313 5517 τῶν
342 5463 689 5536 φαινομένων
722 5463 783 5518 τὸ
810 5463 957 5527 εἰκὸς
987 5463 1286 5535 συμὸαλεῖν
1322 5463 1458 5534 (29),
1480 5463 1784 5535 δεινότερον

1905 5479 2110 5524 ιοιιιιιιιι
2163 5486 2228 5527 ex
2261 5475 2422 5530 rebus
2454 5478 2844 5546 apparentibus
2882 5481 3026 5547 quod
3057 5476 3350 5534 verisimile
3372 5483 3476 5539 est,

1332 5575 1569 5631 νΑιιιΑῑ
1610 5575 1991 5635 LECTIONES
2028 5580 2118 5636 ET
2158 5584 2390 5642 ΝυΤΑεῖ.

297 5693 391 5764 29)
422 5694 529 5750 Pro
553 5696 846 5764 ωμῆαλεῖν
876 5698 1035 5751 ambo
1058 5697 1218 5752 iidem
1247 5699 1402 5752 codd.
1441 5698 1492 5752 in
1527 5707 1781 5753 contextu

297 5714 391 5764 Συ)
422 5714 529 5750 ιντο
553 5714 616 5748 συ
666 5714 846 5751 οαΑειν
876 5714 1035 5751 amuo
1059 5714 1218 5752 Iidem
1247 5714 1402 5752 ('Otltl.
1441 5715 1492 5752 111
1527 5714 1781 5753 εοιιιειιιι

208 5714 408 5824 habent
441 5714 745 5834 uomitu,
776 5767 870 5825 sed
906 5777 1133 5836 uterque
1179 5769 1463 5825 lectionem
1511 5769 1642 5825 editi
1683 5768 1901 5826 exhibet
1929 5769 1981 5822 in
2015 5770 2275 5838 margine.
2312 5768 2518 5826 i’ussm.

3563 5307 3608 5392 ‘i
