3992 6456
561 376 691 440 1563

1737 371 1796 431 S.
1839 369 2129 432 ISIDORI
2167 368 2604 429 PELUSIOT/E

3651 351 3784 413 156-1

558 487 871 555 conjicere:
917 484 1213 538 acutiorem
1273 496 1401 538 vero
1451 497 1513 537 ex
1573 497 1674 536 non
1735 483 2108 553 apparentibus

2229 481 2264 533 ῑὲ
2291 482 2352 533 ὲκ
2386 480 2493 531 τῶν
2525 476 2744 548 ἀφανῶν
2771 475 2828 529 τὺ
2853 475 2968 528 δέον
2997 472 3228 525 συνιδεῖν
3251 486 3264 500 ο
3297 467 3352 521 ἐν
3377 483 3436 520 τε
3463 469 3572 527 τοῖς
3602 479 3785 529 πειρα-

558 575 697 644 qnnd
739 576 908 636 decet.
944 573 1212 642 colligere.
1257 573 1390 626 utin
1435 572 1820 626 tentationibns
1859 588 1920 626 ac
1963 574 2108 639 peri-

555 667 688 720 culis
712 665 980 734 specimen
1020 664 1230 732 aliquod
1251 662 1542 730 prndentia:
1577 663 1810 731 praebeat
1842 661 2105 716 sermoni-

556 760 653 812 bus
677 754 1007 820 hortatoriis,
1037 763 1092 808 et
1123 754 1208 806 illa
1241 753 1506 821 intrepido
1547 767 1642 818 per
1683 766 1741 806 se
1773 752 1950 804 animo
1983 763 2104 819 pro-

554 846 769 915 pulsare
795 854 978 915 queat,
1010 845 1152 898 hunc
1181 858 1278 910 ego
1317 843 1789 912 prudentissimum
1827 840 1979 908 juxta
2047 854 2110 894 ac

557 937 908 992 fortissimum
937 936 1108 988 virum
1132 933 1506 1004 jndieaverim.

735 1043 1023 1100 CCCXCV.
1063 1073 1129 1085 —
1174 1039 1558 1098 APOLLONIO
1581 1037 1928 1095 EPISCOPO.

2218 573 2375 640 σμοῖς
2410 569 2502 622 καὶ
2537 573 2644 630 τοῖς
2678 566 2940 626 κινδύνοις
2967 563 3025 616 τὸ
3054 563 3234 632 δῆγμα
3264 558 3370 612 τῶν
3399 556 3664 610 συνόντων
3694 553 3787 605 λό’

2217 677 2332 728 τοις
2366 677 2422 712 τε
2449 659 2894 727 παρακλητικοξ,
2927 653 3118 723 καὶτῷ
3146 651 3266 705 καθ’
3303 647 3492 702 ἑαυτὸν
3514 646 3659 700 ἀδεεῖ
3689 644 3782 697 δυ-

2222 751 2452 820 νάμενον
2491 748 2770 802 ἐκϐαλεῖν·
2804 747 2994 800 τοῦτον
3024 747 3118 799 καὶ⁵
3146 741 3532 802 συνετώτατον,
3566 738 3657 789 καὶ
3689 735 3786 788 ἀν-

2218 838 2521 909 δρειότατον
2545 836 2854 908 όρισαίμην.

2447 1043 2608 1109 ΤιιΕη
2646 1070 2708 1082 -—
2747 1038 3140 1108 AIIOAAQNIQ
3177 1033 3547 1101 ΕΠΙΣΚΟΠῼ.

1457 1146 1586 1212 Quis
1611 1162 1726 1201 vere
1755 1163 1863 1214 rex,
1885 1147 2001 1217 quis
2027 1157 2301 1219 tyrannus.
2327 1147 2499 1218 (σοιτί.
2526 1150 2677 1217 epist.
2707 1147 2858 1217 255.)

631 1257 778 1313 Hunc
816 1270 916 1326 ego
956 1254 1126 1310 solum
1187 1269 1367 1324 regem
1418 1256 1714 1324 ducemque
1765 1253 1972 1321 dixero,
2020 1255 2111 1324 qni

2292 1257 2523 1310 Ἐκεῖνον
2558 1256 2717 1326 μόνον
2747 1256 2916 1323 ἔγωγε
2964 1250 3185 1324 βασιλέα
3225 1253 3318 1304 καὶ
3352 1250 3593 1320 ἡγεμόνα
3634 1240 3779 1300 εἶναι

561 1347 658 1400 sibi
685 1347 958 1415 imperans
991 1345 1262 1400 subditum
1306 1345 1554 1414 aequitate
1583 1353 1742 1413 atque
1775 1346 2110 1402 humanitate

2229 1347 2470 1419 ιγοῦμαι,
2505 1347 2563 1410 ὃς
2589 1346 2758 1416 ἄρξας
2796 1343 2990 1399 ἑαυτοῦ
3023 1345 3081 1396 τὸ
3115 1343 3355 1413 ὑπήκοον
3383 1339 3657 1409 ἐπιεικείᾳ.
3687 1338 3785 1391 καὶ

560 1435 924 1494 obstrinxerit.
973 1435 1208 1491 Caeteros
1248 1450 1370 1490 vero
1398 1444 1651 1505 tyrannos
1697 1434 1981 1503 appellem,
2013 1435 2102 1505 qui

557 1539 652 1594 per
691 1525 840 1582 nefas
901 1525 1199 1596 voluptates
1237 1541 1382 1592 suas,
1419 1526 1597 1582 alieno
1645 1524 1828 1581 labore
1890 1527 2118 1596 conqui-

558 1627 705 1671 rttttt.

732 1723 1052 1780 CCCXCVI.
1089 1754 1158 1766 -ο
1185 1719 1586 1780 ATHANASIO
1604 1723 1919 1779 DIACONO.

2210 1439 2588 1510 φιλανθρωπία
2621 1439 2983 1509 ἀνηρτήσατο.
3017 1437 3154 1499 Τοὺς
3179 1435 3235 1488 δὲ
3261 1433 3453 1496 ἄλλους
3487 1431 3789 1499 τυράννους

2214 1530 2461 1599 κλητέον,
2505 1529 2632 1591 τοὺς
2680 1531 2794 1591 τοῖς
2841 1526 3042 1600 ἑτέρων
3094 1526 3276 1586 πόνοις
3330 1524 3540 1586 ἑαυτοῖς
3590 1521 3788 1590 ἡδονὰς

2215 1620 2507 1690 ἀθεμίτους
2544 1619 2885 1688 πορίζοντας.

2501 1729 2677 1796 Τιιςι.
2711 1759 2780 1768 -
2807 1727 3147 1796 ᾹΘΛΝΑΣΙῼ
3183 1723 3500 1795 ΔΙΑΚΟΝῼ.

1745 1832 1884 1888 Bene
1914 1833 2155 1888 morienti
2179 1835 2570 1906 gratulandum.

626 1946 681 2002 Si
737 1943 1040 2000 mortalium
1101 1943 1329 2013 quisque
1392 1943 1548 1996 morti
1610 1943 1742 1997 vivit
1815 1945 2106 2004 obnoxius,

2281 1943 2342 1996 Ei
2375 1945 2482 2006 πᾶς
2521 1942 2805 2014 ἄνθρωπος
2839 1941 3075 1996 θανάτου
3104 1940 3324 2011 ὄφλημα
3357 1937 3638 2009 τυγχάνει,
3694 1936 3794 1989 καὶ

557 2052 729 2106 neque
755 2035 870 2089 ﬁeri
895 2034 1062 2103 possit
1097 2035 1222 2103 quin
1253 2034 1304 2087 id
1358 2034 1592 2089 debitum
1644 2034 1938 2104 persolvat,
1969 2035 2110 2105 quod

561 2141 735 2194 neque
782 2139 911 2189 rex,
968 2139 1138 2191 neque
1174 2132 1454 2193 tyrannus,
1507 2139 1676 2192 neque
1716 2125 1963 2194 dynasta,
2013 2141 2112 2180 nec

562 2217 797 2286 sapiens,
831 2230 930 2271 nec
963 2216 1190 2284 denique
1220 2215 1398 2285 justus
1437 2215 1604 2283 possit
1655 2217 1960 2272 rescindere
1999 2217 2115 2288 (Dei

557 2307 699 2360 enim
751 2305 1011 2359 sententia
1063 2305 1402 2374 pronuntiata
1454 2320 1639 2359 omnes
1695 2305 2113 2376 complectitur),

559 2396 1029 2450 commiseratione
1080 2395 1401 2465 planctuque
1452 2396 1595 2465 digni
1647 2397 1840 2464 quibus
1870 2397 2117 2449 interitus

560 2485 758 2552 pnebet.
815 2483 1021 2537 initium
1085 2497 1362 2552 poeuarum
1417 2499 1478 2538 ac
1524 2484 1932 2552 suppliciorum.
2009 2485 2117 2539 Illis

560 2583 745 2628 contra
782 2572 1178 2642 gratulandum,
1234 2576 1529 2644 meritoque
1578 2585 1703 2629 sunt
1751 2575 2111 2642 praedicandi,

561 2679 786 2733 quorum
825 2665 873 2717 in
906 2664 1199 2718 certamine
1222 2679 1473 2720 excessus
1510 2667 1560 2718 in
1609 2680 1929 2719 coronarum
1973 2665 2116 2719 desi-

561 2765 695 2808 unnt
746 2756 1110 2824 principium!
1160 2754 1257 2820 Qui
1306 2756 1447 2809 enim
1499 2771 1723 2810 summm
1770 2755 2116 2810 beatitudinis

561 2847 848 2900 terminum
901 2855 1232 2914 repererunt,
1289 2847 1353 2899 de
1385 2847 1594 2900 eteteris
1644 2847 1895 2898 omnibus
1943 2846 2118 2898 securi

563 2939 795 2990 animam
825 2937 995 2991 solum
1023 2946 1354 2990 exornarunt
1407 2953 1424 2990 :
1455 2937 1608 3005 cujus
1647 2935 1810 2990 etiam
1854 2936 2120 3003 expiatio-

562 3044 684 3082 nem
718 3029 769 3082 in
797 3043 854 3082 se
907 3043 1103 3097 corpus
1131 3029 1395 3097 agnoscit,
1437 3031 1577 3096 quod
1621 3028 1788 3095 ipsum
1828 3027 1879 3080 in
1937 3027 2118 3080 carnis

563 3117 957 3171 resurrectione
987 3119 1039 3171 in
1064 3117 1256 3170 melius
1283 3125 1690 3180 commutatum,
1724 3115 1916 3168 anima:
1941 3114 2118 3169 denuo

563 3207 854 3264 immortali
880 3211 1132 3262 societate
1174 3209 1436 3277 junctum,
1468 3207 1634 3260 vitam
1685 3207 2033 3275 adipiscetur.

649 3315 979 3373 CCCXCVII.
1001 3347 1070 3356 —
1109 3314 1499 3372 ISCHYIHONI
1532 3314 2018 3372 PRESBYTERO.

2217 2033 2474 2086 ἀδύνατον
2492 2031 2646 2085 τοῦτο
2807 2033 3133 2102 ἀποδοθῆναι
3147 2032 3208 2085 τὸ
3227 2031 3402 2103 χρέος,
3421 2030 3448 2083 ὃ
3471 2031 3606 2100 μήτε
3629 2028 3791 2098 βασι-

2215 2125 2343 2191 λεῖς,
2395 2128 2530 2196 μήτε
2577 2126 2868 2196 τύραννοι,
2910 2126 3048 2196 μήτε
3097 2127 3386 2194 σατράπαι,
3432 2124 3568 2194 μήτε
3610 2121 3794 2188 σοφοὶ,

2219 2217 2352 2287 μήτε
2385 2216 2580 2269 δίκαιοι
2611 2216 2893 2287 ἀκυρῶσαι
2922 2215 3263 2286 ἠδυνήθησαν
3307 2212 3462 2283 (Θεία
3507 2212 3612 2281 γάρ
3641 2213 3795 2263 ἐστιν

2216 2307 2487 2373 ἀπόφασις
2518 2307 2548 2375 ἠ
2584 2304 2727 2358 τοῦτ’
2749 2303 3096 2374 ἀπαιτοῦσα)·
3127 2305 3253 2366 τοὺς
3283 2303 3382 2373 μὲν
3399 2302 3589 2365 ἄλλους
3623 2301 3789 2370 ἐλεη-

2216 2393 2334 2446 τέον
2379 2394 2473 2446 καὶ
2525 2393 2853 2463 θρηνητὲον,
2906 2389 2985 2457 οἷς
3031 2396 3064 2463 ἡ
3115 2393 3340 2463 τελευτὴ
3379 2393 3520 2464 ἀρχὴ
3581 2393 3796 2460 γίνεται

2217 2485 2528 2555 τιμωριῶν
2565 2487 2806 2548 ἐκείνους
2859 2485 2916 2538 δὲ
2971 2485 3324 2556 εὐφημητέον
3365 2486 3459 2537 καὶ
3501 2486 3796 2554 ἀνακηρυ-

2219 2577 2395 2639 κτέον,
2455 2570 2530 2630 ὧν
2570 2576 2839 2648 ήτελευτὴ
2863 2577 2969 2630 τῶν
2988 2576 3216 2646 ἀγώνων
3236 2577 3319 2640 είς
3344 2575 3441 2646 τὴν
3473 2576 3646 2645 ἀρχὴν
3681 2573 3794 2627 τῶν

2220 2666 2496 2733 στεφάνων
2527 2667 2806 2737 περιέστη.
2851 2668 2964 2737 Τῆς
3014 2668 3119 2736 γὰρ
3164 2667 3338 2737 ἄκρας
3386 2665 3795 2736 μακαριότητος

2219 2757 2511 2826 εὑρηκότες
2544 2757 2635 2809 τὸν
2665 2758 2810 2827 ὅρον,
2847 2758 2955 2810 τῶν
2985 2759 3157 2811 ἄλλων
3188 2758 3442 2810 ἁπάντων
3476 2755 3794 2824 ἀμελήσαν-

2219 2865 2330 2909 τες,
2366 2847 2531 2916 μόνην
2583 2848 2681 2917 τὴν
2719 2847 2898 2918 ψυχὴν
2941 2847 3276 2918 ἐκόσμησαν,
3303 2844 3370 2919 ἧς
3408 2848 3501 2899 καὶ
3537 2847 3598 2898 τὸ
3629 2845 3794 2915 σῶμα

2220 2938 2514 3008 ἀνάκτορον
2536 2939 2754 3005 ἁγνείας
2780 2939 3067 3008 ἀπέφηναν
3087 2955 3099 2968 ·
3124 2939 3152 2991 ὃ
3183 2943 3271 2992 καὶ
3306 2942 3362 2992 ἐν
3384 2940 3447 3009 τῇ
3481 2938 3785 2991 ἀναστάσει

2221 3029 2313 3082 ἐπὶ
2347 3029 2406 3081 τὸ
2436 3031 2681 3099 κρεῖττον
2718 3029 3151 3100 μετακοσμηθὲν,
3185 3032 3252 3101 τῇ
3278 3029 3425 3100 ψυχῇ
3457 3027 3554 3100 τὴν
3586 3026 3794 3082 ἀθάνα-

2217 3135 2308 3172 τον
2344 3120 2564 3183 συζήσει
2603 3118 2774 3190 ζωήν.

2436 3311 2596 3380 Τι,Ζ’.
2628 3344 2694 3354 -
2725 3315 3068 3372 ΙΣΧΥΡΙΩΝΙ
3110 3319 3576 3392 ΠΡΕΣΒΥΤΕΡῼ.

1657 3407 1760 3473 Qui
1787 3409 1841 3460 in
1879 3411 1979 3461 vita
2006 3407 2272 3476 fugiendi;
2301 3406 2391 3475 qui
2422 3407 2685 3474 sequendi.

635 3515 859 3585 Fugere,
889 3516 972 3570 vir
1019 3517 1239 3586 optime,
1287 3514 1558 3584 improbos
1599 3515 1868 3578 convenit,
1908 3529 1970 3568 ac
1997 3528 2119 3582 per-

564 3617 872 3677 sequentes,
937 3608 1036 3661 ntsi
1115 3608 1453 3676 resipiscam,
1513 3607 1868 3674 desinantqne
1954 3607 2122 3660 bonos

2288 3509 2510 3579 Φεὺγειν
2537 3513 2660 3583 χρὴ.
2687 3507 2731 3565 ὢ
2765 3513 3030 3582 βέλτιστε,
3052 3516 3176 3578 τοὺς
3209 3517 3497 3586 πονηροὺς,
3530 3521 3623 3571 καὶ
3656 3519 3794 3573 διώ.

2220 3619 2445 3664 κοντας·
2481 3605 2528 3654 εί
2576 3603 2649 3673 μὴ
2690 3603 2962 3672 βούλοιντο
2993 3610 3387 3676 γνωσιμαχεῖν·
3437 3609 3531 3660 καὶ
3574 3609 3803 3664 διώκειν

565 3697 814 3766 persequi
851 3707 1009 3764 atque
1063 3696 1294 3750 exsules.
1327 3694 1476 3761 Quod
1508 3696 1552 3749 si
1606 3703 1876 3760 recusent,
1917 3695 2118 3748 vitandi

2229 3693 2342 3757 τοὺς
2375 3694 2640 3762 ἀγαθοὺς,
2681 3695 2775 3749 καὶ
2821 3696 3140 3766 φεύγοντας,
3193 3699 3240 3750 εί
3276 3699 3368 3751 καὶ
3399 3700 3476 3769 μὴ
3514 3701 3794 3769 βούλοιντο

568 3797 713 3841 sunt.

662 3889 1018 3949 CCCXCVIll.
1041 3921 1110 3934 —--
1131 3890 1518 3948 TIIEODOSIO
1545 3889 2020 3946 PRESBYTERO.

2221 3786 2467 3854 ἠρεμεῖν.

2438 3891 2605 3957 Τιιῐιο.
2655 3921 2717 3936 --
2752 3891 3076 3964 ΘΕΟΔΟΣΙῼ
3108 3894 3577 3966 ΠΡΕΣΒΥΤΕΡῼ.

567 3998 643 4054 De
674 3999 804 4054 bono
826 4002 1108 4068 patientiw,
1148 4001 1203 4055 in
1229 4003 1583 4069 persecutione
1616 4003 1740 4072 Quid
1769 4004 2050 4078 agendum.
2090 4000 2565 4078 erclarumrase
2609 4004 2837 4073 injurias
2877 4007 3131 4061 patienter
3159 4009 3318 4076 ferre,
3352 4021 3403 4061 aI
3439 4027 3532 4078 pro
3573 4011 3802 4067 inimicis

1749 4075 1907 4126 etiam
1933 4088 2084 4124 orare
2114 4070 2262 4140 longe
2295 4075 2604 4130 maximum.

634 4178 809 4234 Probe
868 4180 986 4232 novi
1036 4179 1206 4248 ipsam
1263 4178 1579 4246 injuriarum
1650 4180 2115 4249 improbitatisqne

2306 4180 2425 4231 Ὅτι
2475 4180 2572 4248 μὲν
2611 4181 2671 4233 τὸ
2720 4180 2816 4246 τὰς
2862 4182 3048 4252 ’ὕϐρεις
3079 4186 3170 4237 καὶ
3204 4185 3303 4248 τάς
3349 4185 3561 4248 ἀδικίας
3589 4189 3802 4257 φέρειν,

569 4272 753 4337 aliena:
789 4271 1150 4335 tolerantiam,
1196 4281 1250 4324 et
1291 4273 1341 4326 in
1389 4272 1489 4326 hac
1520 4272 1623 4325 vita
1654 4271 1878 4341 gloriam
1905 4286 2117 4336 parere,

2233 4269 2509 4323 κάνταῦθα
2566 4272 2665 4339 μὲν
2698 4273 2854 4342 φέρει
2889 4274 3066 4337 δόξαν,
3119 4277 3340 4327 κάκεῖσε
3371 4277 3423 4329 δὲ
3465 4277 3620 4341 κλέος
3663 4281 3806 4334 οἴσει

572 4371 682 4414 tum
719 4365 767 4416 in
796 4363 961 4418 altera
1008 4365 1170 4418 decus
1216 4379 1334 4419 esse
1357 4365 1637 4418 allaturam
1692 4366 2004 4420 maximum.
2039 4363 2119 4418 ln-

2235 4356 2508 4425 μέγιστον,
2537 4360 2680 4428 μάλα
2704 4361 2944 4431 ἀκριϐῶς
2969 4359 3086 4414 οἶδα
3107 4378 3119 4391 ·
3153 4365 3230 4415 ὅτι
3255 4363 3310 4415 δὲ
3341 4364 3398 4416 τὸ
3421 4367 3617 4419 εἰδέναι
3641 4372 3808 4439 χάριν

569 4455 739 4524 jurias
772 4471 898 4511 vero
934 4458 1147 4511 facienti
1193 4471 1257 4511 ac
1289 4457 1496 4510 laedenti
1527 4457 1727 4524 gratias
1774 4471 1970 4526 agere;
2011 4471 2119 4509 rem

2229 4449 2305 4516 τῷ
2345 4450 2613 4503 ἀδικοῦντι
2667 4454 2760 4510 καὶ
2806 4452 3097 4522 ὑϐρίζοντι,
3158 4453 3232 4516 ὼς
3267 4455 3346 4516 είς
3393 4454 3613 4523 μείζονα
3653 4458 3808 4525 φιλο-

571 4561 688 4600 esse
711 4561 830 4614 quae
862 4547 926 4600 ad
975 4546 1228 4614 majorem
1271 4549 1392 4600 vitae
1431 4549 1810 4615 perfectionem
1855 4549 2119 4602 hominem

2234 4539 2426 4608 σοφίαν
2460 4542 2872 4610 συνελαύνοντι,
2929 4545 3024 4596 καὶ
3076 4544 3310 4613 μάλιστα
3365 4545 3492 4598 ὅταν
3545 4547 3806 4612 πολλάκις

573 4635 830 4703 impellat,
871 4650 934 4690 ac
984 4637 1283 4704 praesertim
1328 4638 1371 4691 si
1411 4639 1637 4707 idipsum
1706 4639 1900 4705 saepius
1957 4653 2119 4706 agens

2233 4629 2387 4682 τοῦτο
2418 4631 2587 4683 ποιῶν
2617 4632 2710 4683 καὶ
2742 4631 3086 4702 ἐναϐρυνοιτο
3121 4636 3245 4703 (ἵνα
3277 4635 3350 4706 μὴ
3380 4635 3538 4704 λέγω,
3566 4638 3647 4690 ὅτι
3677 4641 3808 4700 τοὺς

571 4726 731 4779 etiam
763 4725 1016 4780 honorem
1048 4727 1248 4781 referat
1277 4742 1339 4781 ac
1371 4728 1600 4782 laudem.
1628 4725 1742 4780 Non
1777 4728 1920 4796 quod
1952 4729 2126 4781 dicam

573 4826 664 4868 aut
702 4816 858 4869 velim
890 4830 986 4870 nos
1012 4814 1220 4870 laureas
1248 4831 1311 4870 ex
1358 4818 1550 4873 alienis
1588 4818 1782 4871 debere
1817 4817 1972 4870 malis
2001 4831 2128 4870 con-

580 4919 779 4962 texere.
837 4907 892 4960 ld
943 4908 1086 4968 enim
1130 4924 1475 4980 permagnum
1529 4919 1633 4973 est,
1694 4919 1748 4963 et
1799 4909 1930 4964 meis
1974 4910 2130 4978 longe

577 4995 749 5064 impar
777 4997 975 5052 viribus
1005 5012 1099 5064 per
1120 5013 1255 5066 quas
1285 5000 1485 5064 possim
1509 5009 1563 5053 et
1590 5000 1818 5068 injurias
1841 5000 2044 5068 perpeti
2072 5007 2126 5052 et

579 5072 951 5148 contumelias,
980 5085 1144 5155 679
1167 5101 1427 5154 nequeam
1475 5095 1650 5139 tamen
1681 5089 1801 5141 inde
1824 5085 2123 5152 emendari,

580 5182 738 5242 atque
770 5174 989 5243 injurias
1019 5176 1266 5230 inferenti
1301 5177 1505 5246 gratias
1553 5177 1771 5242 habere,
1821 5188 1875 5231 et
1906 5178 2118 5231 sincere

578 5279 734 5318 orare
765 5279 860 5332 pro
923 5264 1376 5319 calumniantibus
1421 5281 1518 5318 nos
1571 5283 1584 5319 :
1637 5265 1974 5332 maximeque
2007 5279 2127 5318 cum

583 5368 648 5406 ne
698 5368 987 5432 agnosgere
1040 5353 1255 5429 quidem
1307 5357 1492 5418 velint,
1550 5356 1679 5423 quin
1731 5356 1893 5408 etiam
1945 5371 2046 5425 pro
2079 5372 2138 5414 se

582 5454 794 5496 orantes
824 5445 996 5499 solent
1052 5446 1294 5499 irridere.
1351 5445 1460 5499 Hoc
1491 5461 1655 5498 unum
1687 5461 1753 5499 ex
1800 5461 1884 5499 me
1917 5447 2128 5503 discito.

583 5529 636 5582 ιιι
669 5548 793 5586 vero
835 5535 879 5587 si
937 5535 1146 5587 fortiter
1193 5534 1404 5598 feceris,
1453 5535 1663 5588 laudem
1700 5551 1832 5589 sane
1865 5547 1917 5590 et
1950 5539 2130 5592 animo

588 5623 899 5688 applaudam
947 5639 1227 5692 generoso.
1286 5624 1542 5694 Equidem
1595 5627 1722 5694 (non
1773 5627 1914 5679 enim
1963 5643 2133 5681 meam

587 5712 824 5766 occulere
845 5713 962 5766 volo
992 5714 1379 5784 inﬁrmitatem)
1418 5732 1518 5770 non
1562 5731 1682 5770 raro
1705 5732 1798 5784 pro
1831 5718 1894 5772 iis
1941 5719 2140 5788 depre-

2235 4719 2540 4787 ἡμετέρους
2592 4720 2888 4788 στεφάνους
2945 4721 3202 4792 βούλομαι
3256 4726 3318 4776 ὲκ
3356 4724 3461 4776 τῶν
3505 4725 3806 4796 ἀλλοτρίων

2237 4808 2557 4876 ὖγαίνεσθαι
2592 4810 2928 4882 συμφορῶν),
2968 4813 3224 4882 μέγιστόν
3249 4815 3384 4877 ἐστι,
3419 4816 3630 4887 καὶτῆς
3661 4817 3808 4888 tua;

2237 4901 2518 4971 δυνάμεως
2556 4904 2758 4972 μεῖζον,
2797 4905 2896 4972 τῆς
2923 4906 3107 4973 φέρειν
3141 4907 3237 4975 μὲν
3265 4907 3324 4959 τὸ
3365 4907 3680 4978 ὑϐρίζεσθαι
3709 4908 3810 4964 καὶ

2239 4993 2541 5046 ἀδικεῖσθαι
2580 4993 2906 5062 δυναμένης,
2941 4994 3165 5064 μηδέπω
3195 4995 3249 5048 δὲ
3289 4996 3712 5068 κατορθωσάσης
3743 4999 3810 5051 τδ

2243 5086 2399 5154 χάριν
2439 5085 2634 5137 εἰδέναι
2677 5087 2786 5146 τοῖς
2817 5085 3082 5150 ἀδικοῦσι,
3137 5088 3230 5138 καὶ
3261 5085 3659 5158 ὑπερεύχεσθαι
3702 5106 3809 5143 κα-

2239 5174 2418 5245 θαρῶς
2455 5174 2562 5226 τῶν
2593 5174 2677 5226 διὰ
2717 5175 2912 5237 παντὸς
2947 5176 3358 5247 ἐπηρεαζόντων
3381 5193 3392 5206 ·
3436 5180 3527 5230 καὶ
3561 5179 3800 5248 μάλιστα

2237 5267 2363 5319 ὅταν
2404 5265 2538 5334 μηδὲ
2581 5265 3007 5333 μεταγινώσκειν
3055 5266 3335 5332 ἐθέλωσιν,
3382 5269 3517 5323 ἀλλὰ
3549 5270 3805 5334 καὶτοὺς

2241 5359 2378 5428 ὑπὲρ
2413 5358 2589 5410 αὐτῶν
2634 5357 2956 5426 εὐχομένους
2998 5359 3217 5427 γελῶσι.
3272 5360 3440 5414 Τοῦτο
3483 5363 3612 5431 παρ’
3665 5362 3804 5430 ἐμοῦ

2247 5449 2483 5518 μάνθανε
2505 5465 2517 5478 ο
2554 5449 2602 5500 εἰ
2637 5447 2690 5500 δὲ
2725 5449 2884 5511 αὐτὸς
2917 5452 3012 5503 καὶ⁹
3063 5452 3218 5505 τοῦτο
3251 5453 3638 5523 κατώρθωσας,
3680 5453 3804 5508 λίαν

2243 5558 2299 5592 σε
2341 5540 2546 5592 ἐπαινῶ
2581 5541 2675 5592 καὶ
2705 5540 2882 5610 κροτῶ
2912 5543 3006 5611 τῆς
3047 5544 3472 5613 μεγαλοψυχίας.
3524 5544 3664 5612 Ἐγὼ
3692 5546 3803 5616 γὰρ

2246 5632 2334 5697 (οῦ
2370 5631 2476 5701 γὰρ
2505 5632 2930 5703 ἀποκρυψαίμην
2962 5635 3196 5705 ἐμαυτοῦ
3231 5636 3288 5687 τὸ
3315 5636 3636 5705 ἐλάττωμα)
3679 5637 3808 5689 πολ-

2245 5724 2398 5787 λάκις
2423 5724 2675 5796 καθαρῶς
2700 5726 2990 5797 εὐξάμενος
3021 5729 3158 5800 ὑπὲρ
3187 5729 3293 5781 τῶν
3324 5728 3459 5781 κατὰ
3492 5728 3809 5791 περίστασίν
