3992 6462
222 368 340 432 33165

1181 372 1712 436 EPISTOLARUM
1754 371 1901 432 LIB.
1937 372 2003 430 ι’.
2042 397 2111 404 -
2149 371 2384 433 EPIST.
2425 372 2571 434 CDI.

3345 369 3482 436 1566

216 495 322 531 τινα
355 477 673 546 γεγονότων
736 481 964 554 ἐχθρῶν,
999 481 1232 553 θελήσας
1281 484 1338 537 δὲ
1386 482 1644 547 εὔξασθαι
1703 480 1797 532 καὶ

1906 491 2073 541 ratus,
2100 483 2187 550 qui
2226 496 2291 535 es
2337 497 2468 535 casu
2504 481 2760 549 quodam,
2794 490 2847 535 et
2876 481 2928 536 in
2952 478 3272 551 quibusdam
3301 495 3482 537 rerum

213 573 337 640 ὑπὲρ
364 570 472 623 τῶν
497 573 651 625 κατὰ
688 573 914 643 μελέτην
944 576 1036 626 καὶ
1064 573 1322 644 σπουδὴν,
1361 574 1447 627 διὰ
1473 573 1565 625 τοῦ
1594 572 1796 641 στόμαο

212 679 291 724 τος
337 661 499 730 μόνου
533 663 705 716 τοῦτο
735 662 1050 732 πεποιηκὼς
1080 664 1274 717 έάλων.
1311 666 1383 717 Οὐ
1429 663 1532 733 μὴν
1582 661 1796 714 ἀπιστῶ

213 753 312 813 τοῖς
350 754 431 814 είς
491 755 761 807 τοσοῦτον
812 754 1013 822 ἀρετῆς
1062 755 1480 824 ἀναϐεϐηκόσιν.
1515 752 1652 806 ἀλλὰ
1703 752 1796 804 καὶ

210 842 374 912 χαὶρω
410 844 510 896 καὶ
551 845 866 916 συγχαίρω,
896 847 989 898 καὶ
1017 847 1282 916 εὐξαίμην
1309 848 1388 910 είς
1409 845 1564 898 τοῦτο
1591 843 1794 912 φθάσαι

207 932 260 983 τὸ
284 932 504 1004 μέτρον.
544 934 631 988 Οὐ
665 936 772 1006 γὰρ
792 936 1022 1006 πάθοιμι
1045 936 1106 989 τὸ
1131 937 1339 990 πολλῶν
1371 928 1560 999 πάθος,
1591 936 1640 986 οἳ
1668 936 1794 988 ὅταν

206 1023 340 1086 τινὸς
375 1027 451 1094 μὴ
501 1025 820 1095 δυνηθῶσιν
853 1027 1208 1081 ἐπιλαϐέσθαι
1249 1029 1466 1098 ἀρετῆς,
1502 1027 1704 1080 ἄτοπόν
1740 1043 1792 1078 τι

204 1115 393 1183 δρῶσιν
415 1133 428 1146 ·
465 1117 501 1185 ἢ
535 1117 654 1188 γάρ
682 1118 977 1171 ἀπιποῦσι
1008 1121 1120 1182 τοῖς
1151 1117 1588 1189 κατωρθωκόσιν,
1623 1116 1683 1180 ἐξ
1719 1110 1794 1168 ὧν

207 1206 497 1274 πράττουσι
549 1208 654 1260 καὶ
685 1208 814 1278 περὶ
842 1209 951 1260 τῶν
984 1209 1158 1262 ἄλλων
1191 1207 1551 1277 ψηφιζόμενοι
1594 1205 1792 1276 (πεφύ-

206 1312 326 1347 κασι
365 1298 476 1364 γὰρ
509 1297 707 1365 σχεδὸν
749 1298 988 1361 ἅπαντες
1028 1299 1092 1352 ὲκ
1121 1298 1230 1350 τῶν
1260 1297 1380 1350 καθ’
1432 1297 1657 1359 ἑαυτοὺς
1699 1297 1793 1349 καὶ

205 1385 294 1445 τὰς
324 1386 452 1455 περὶ
480 1387 598 1438 τῶν
638 1386 808 1450 πέλας
837 1388 1024 1458 φέρειν
1046 1389 1310 1458 ψήφουςγ
1343 1388 1374 1459 ἢ
1410 1387 1792 1458 αἰσχυνόμενοι

203 1474 260 1526 τὸ
279 1475 368 1526 ἐπὶ
404 1477 760 1548 μικροψυχίᾳ
802 1477 1023 1543 ἁλῶναι,
1059 1478 1445 1548 ἐναϐρύνονται
1478 1477 1554 1540 ὡς
1591 1493 1788 1546 κατορ-

205 1564 474 1630 θώσαντες
497 1585 510 1598 ·
551 1571 653 1623 καὶ
687 1570 920 1639 μάλιστα
948 1572 1074 1624 ὅταν
1122 1572 1250 1642 περὶ
1293 1571 1492 1640 ἀδήλου
1532 1573 1792 1642 πράγμα-

204 1673 285 1720 τος
311 1658 338 1710 ό
366 1657 533 1726 λόγος
619 1679 633 1690 ·
666 1661 698 1731 ἢ
730 1663 809 1725 είς
839 1661 1072 1733 θεωρίας
1099 1664 1526 1731 καταφεύγουσι,
1555 1663 1614 1715 τὸ
1648 1665 1792 1735 πρᾶ-

204 1762 311 1814 γμα
347 1749 876 1820 ἀποδιδράσκοντες,
926 1753 1012 1805 ἵνα
1041 1752 1244 1817 δόξαιεν
1282 1753 1354 1824 μὴ
1389 1757 1452 1806 ὲκ
1493 1754 1786 1826 ῥᾳθυμίας,

1908 573 2187 627 eventibus
2254 572 2384 626 mihi
2447 573 2715 626 adversati
2781 571 3038 634 fuerunt,
3093 572 3290 628 deinde
3352 589 3484 628 vero

1906 662 2133 729 idipsum
2169 677 2265 729 pro
2297 662 2362 716 iis
2395 662 2576 715 facere
2607 671 2821 716 tcntans
2868 662 2961 730 qui
2997 663 3062 713 de
3109 660 3378 714 industria
3428 673 3486 716 et

1903 755 2082 807 studio
2111 753 2239 806 mibi
2275 754 2697 808 adversarentur
2733 767 2866 807 sane
2899 763 3010 805 tum
3040 762 3298 820 expertus
3335 768 3480 815 sum,-

1904 844 2046 912 quod
2083 859 2186 898 non
2219 845 2320 898 nisi
2374 860 2468 900 ore
2515 854 2672 898 tenus
2731 843 2883 913 prius
2941 843 2992 898 id
3054 843 3326 898 fecissem.
3365 843 3482 897 Non

1901 935 2044 988 enim
2079 934 2146 989 iis
2177 933 2388 999 diﬂido,
2420 935 2510 1004 qui
2548 936 2613 988 ad
2653 949 2922 989 summam
2972 945 3342 1002 pervenerunt
3375 935 3483 987 vir-

1904 1034 2095 1090 tutem,
2135 1027 2241 1079 imo
2271 1027 2478 1092 gaudeo
2509 1035 2675 1094 alque
2698 1026 2832 1080 adeo
2866 1025 3235 1095 congratulor,
3269 1036 3483 1094 optemo

1901 1130 2006 1183 que
2043 1132 2107 1170 eo
2151 1117 2501 1185 perfectionis
2533 1119 2869 1186 pertingere.
2913 1115 3098 1185 Neque
3147 1117 3292 1172 enim
3340 1117 3482 1169 mul-

1910 1217 2084 1261 lorum
2105 1206 2291 1261 laboro
2308 1204 3092 1274 invidixperturbatione,qui,
3114 1221 3234 1260 cum
3252 1205 3484 1275 alicujus

1902 1298 2116 1364 assequi
2154 1304 2426 1365 nequeant
2467 1296 2744 1359 virtutem,
2785 1295 3003 1351 absurdi
3039 1297 3172 1366 quid
3225 1296 3484 1351 commit-

1905 1396 2065 1439 tunt:
2100 1386 2180 1439 vel
2212 1386 2352 1440 enim
2387 1387 2629 1440 inrident
2661 1397 2810 1441 recte
2863 1388 3176 1456 agentibus,
3228 1397 3284 1442 et
3315 1404 3380 1443 ex
3414 1387 3481 1443 iis

1900 1491 2020 1544 qua:
2049 1488 2210 1543 agunt
2237 1478 2301 1530 de
2351 1477 2470 1529 aliis
2518 1474 2764 1542 jndicant
2800 1477 2998 1542 (solent
3056 1479 3200 1532 enim
3239 1479 3484 1547 plerique

1900 1581 2088 1620 omnes
2112 1581 2175 1620 ex
2213 1568 2324 1620 suis
2357 1567 2456 1635 ipsi
2491 1568 2651 1620 rebus
2699 1570 2765 1621 de
2807 1569 2927 1622 aliis
2979 1567 3123 1622 ferre
3165 1569 3485 1639 judicium),

1898 1659 1983 1713 vel
2013 1660 2134 1711 dum
2176 1660 2342 1728 pudet
2369 1658 2488 1711 illos
2511 1657 2977 1726 pusillanimitatis
3010 1659 3190 1728 argui,
3242 1659 3487 1728 glorian-

1907 1758 2012 1812 tur,
2049 1747 2201 1816 quasi
2233 1756 2379 1801 recte
2438 1746 2669 1800 fecerint
2720 1747 3063 1817 maximeque
3109 1763 3234 1801 cum
3290 1748 3356 1802 de
3425 1762 3486 1802 re

205 1836 312 1889 ἀλλ’
347 1839 460 1892 ἀπὸ
498 1841 746 1912 κρίσεως
773 1842 959 1909 ὑγιοῦς
1006 1842 1079 1913 μὴ
1121 1844 1566 1914 κατωρθωκέναι.
1618 1846 1795 1915 Ὅπερ

1906 1840 2104 1893 incerta
2148 1838 2311 1891 verba
2382 1837 2534 1891 fiunt.
2581 1837 2674 1892 Vel
2719 1837 2952 1906 denique
3004 1840 3070 1893 ad
3112 1839 3487 1906 contemplan-

206 1928 348 1991 τινὰς
391 1926 516 1984 οἶδα
581 1933 859 1997 παθόντας
909 1933 1018 2002 ἐγὼ
1059 1935 1167 1988 τῶν
1210 1935 1285 2005 μὴ
1316 1937 1650 2006 δυνηθέντων
1687 1954 1790 1989 κα-

205 2017 494 2087 τορθῶσαι,
521 2023 685 2091 μηδέ
708 2023 818 2076 δύο
839 2024 1115 2092 χιτῶνας.
1148 2027 1348 2097 Ἐχρῆν
1370 2027 1480 2098 γάρ
1499 2028 1571 2097 μὴ
1596 2030 1791 2091 ειπεῖνν

205 2106 279 2159 ὃτι
305 2109 660 2182 θεωρηθῆναι
689 2114 815 2184 χρὴ,
846 2116 980 2168 ἀλλὰ
1007 2115 1284 2187 θαυμάσαι
1319 2119 1416 2186 μὲν
1437 2119 1563 2181 τοὺς
1592 2135 1791 2189 κατορ-

208 2197 508 2268 θώσαντας,
563 2204 904 2275 ὁμολογῆσαι
951 2208 1005 2261 δὲ
1039 2208 1228 2262 τούτου
1263 2210 1357 2262 τοῦ
1388 2209 1552 2263 ἄθλου
1599 2210 1792 2262 ἀπολε-

204 2290 433 2361 λεῖφθαι.
492 2295 647 2363 Ἐγὼ
692 2296 804 2368 γάρ
835 2299 1075 2362 ἐκείνους
1127 2300 1363 2369 μάλιστα
1403 2301 1789 2371 άνακηρύττω,

205 2387 320 2448 τοὺς
348 2381 670 2452 ἀνύσαντας
695 2388 839 2459 ἅπερ
869 2391 1007 2456 τέως
1029 2393 1222 2446 ἀνύσαι
1256 2394 1357 2447 οὐκ
1389 2393 1681 2463 ἠδυνήθην.

207 2477 291 2541 qui
345 2490 500 2531 recte
551 2493 620 2532 ac
664 2482 922 2548 prmelare
971 2484 1097 2551 quid
1123 2492 1283 2552 agant
1328 2501 1342 2538 :

1900 1929 2029 1983 dum
2062 1943 2120 1983 se
2143 1928 2433 1997 recipiunt,
2471 1928 2740 1982 actionem
2771 1928 3124 1998 refugientes,
3161 1943 3226 1983 ne
3263 1929 3483 1983 videan-

1906 2030 1993 2075 tur
2024 2035 2088 2074 ex
2132 2020 2339 2088 ignavia
2387 2020 2751 2088 socordiaque
2800 2020 2894 2075 sed
2945 2034 3079 2075 sano
3123 2019 3332 2090 judicio
3371 2033 3479 2075 non

1905 2119 2052 2165 recte
2088 2110 2301 2166 fecisse.
2348 2108 2500 2175 Quod
2561 2111 2750 2165 multis
2799 2112 2914 2166 scio
2971 2127 3073 2166 usu
3129 2112 3365 2171 venisse.
3419 2110 3486 2165 iis

1901 2203 2200 2272 praesertim
2247 2203 2339 2272 qui
2375 2203 2502 2257 illud
2549 2217 2771 2256 servare
2835 2218 2941 2257 non
3003 2205 3214 2273 possint
3265 2221 3279 2257 :
3343 2202 3485 2257 Dum

1902 2297 2104 2348 tunicas
2136 2312 2224 2348 nec
2279 2295 2572 2348 habeatis‘.
2633 2293 2749 2350 Non
2793 2296 2938 2348 enim
3000 2295 3310 2358 dicendum,
3358 2308 3490 2348 con-

1899 2386 2234 2453 templationi
2263 2386 2496 2440 dandam
2526 2401 2773 2454 operam,
2830 2387 2923 2441 sed
2973 2388 3350 2439 admirandum
3396 2398 3492 2440 eos

1410 2483 1777 2538 confitendum
1850 2495 1980 2534 vero
2015 2480 2115 2532 hoc
2152 2491 2210 2531 se
2294 2478 2593 2532 certamine
2637 2479 2800 2542 vinci,
2852 2487 2906 2532 et
2954 2492 2983 2531 a
3021 2486 3170 2546 tergo
3231 2475 3486 2547 relinqui.

209 2571 311 2640 Ego
344 2587 481 2628 sane
533 2574 659 2629 illos
701 2577 936 2630 maxime
969 2579 1202 2647 praedico
1251 2581 1340 2648 qui
1393 2581 1445 2634 id
1502 2587 1780 2651 praestant,
1821 2577 1963 2648 quod
2002 2577 2113 2644 ipse
2149 2574 2411 2628 hactenus
2440 2588 2544 2626 non
2587 2573 2735 2642 potui
2764 2583 3048 2642 praestare.

660 2681 825 2751 Τιιθι.
860 2715 929 2724 -
958 2686 1334 2758 ΜΑΡΤΥΡΙῼ.

2266 2681 2583 2738 CCCXCIX.
2625 2711 2696 2722 —
2719 2681 3107 2738 MARTYRIO.

819 2793 1081 2858 Temporis
1105 2794 1239 2847 ratio
1268 2794 1527 2846 habenda.
1562 2790 1789 2846 Occasio

1906 2807 1929 2843 rt
1961 2788 2294 2858 negligenda.
2331 2786 2509 2857 (σοιτί.
2548 2788 2701 2856 epist.
2733 2787 2886 2860 266.)

277 2894 541 2966 ’Δριστόν
573 2895 751 2962 ἐστιν,
788 2891 834 2950 ὦ
867 2899 1088 2967 φίλτατε
1111 2940 1124 2964 ,
1156 2900 1214 2953 τὸ
1245 2901 1436 2971 χρόνου
1472 2899 1748 2969 φείδεσθαι
1772 2916 1788 2931 θ

209 2987 302 3039 οὐκ
335 2988 596 3056 ἀνέχεται
630 2988 740 3057 γὰρ
766 2984 921 3052 αὖθις
954 2992 1240 3060 ὲπιφοιτᾷν
1260 3032 1273 3054 ,
1307 2989 1430 3043 οὔτε
1462 2990 1638 3060 μάτην
1664 2991 1794 3043 ἀνα-

1970 2895 2222 2966 Tempori
2245 2910 2468 2966 parcere
2490 2896 2754 2964 optimum
2775 2905 2879 2962 est,
2909 2894 3238 2950 amicissime
3263 2913 3276 2950 :
3311 2902 3491 2950 trans-

1897 2988 2029 3042 itum
2069 2987 2212 3041 enim
2238 3002 2342 3040 non
2377 2987 2534 3052 redit,
2577 3003 2676 3041 nec
2716 2987 2855 3042 male
2889 2987 3230 3048 collocatum,
3291 2987 3480 3040 eadem

210 3077 394 3141 λωθεὶς
435 3080 544 3148 τὴν
592 3079 763 3146 αὐτὴν
795 3081 1155 3150 ὑποστρέφειν
1195 3081 1344 3134 ὁδόν·
1382 3083 1531 3151 νόμῳ
1585 3081 1642 3134 δὲ
1687 3080 1790 3150 φύ-

1906 3078 2190 3132 rcvertitur
2233 3078 2344 3133 via.
2395 3076 2756 3131 lndissolubili
2811 3078 2956 3130 enim
2991 3088 3199 3131 natura!
3252 3077 3350 3146 legi
3400 3077 3492 3130 ob-

213 3183 342 3232 σεως
394 3169 586 3238 ἀλύτῳ
642 3169 960 3238 πειθόμενος
1015 3170 1328 3239 (ὠκύτατος
1371 3172 1480 3241 γάρ
1533 3174 1647 3224 ἐστι
1698 3172 1793 3224 καὶ

208 3258 572 3328 ταχύτατος),
610 3259 723 3312 θέει
760 3260 858 3329 μὲν
887 3260 1148 3330 ἀκίχητον
1185 3261 1413 3331 δρόμον,
1452 3261 1712 3314 λαϐέσθαι
1736 3261 1793 3313 δὲ

209 3351 316 3412 τοῖς
343 3348 694 3419 βουλομένοις
723 3349 782 3401 ού
812 3349 1044 3403 δίδωσιν.
1079 3348 1287 3402 Οὐκοῦν
1320 3349 1425 3420 χρὴ
1456 3349 1674 3418 ἔχεσθαι
1701 3349 1796 3403 αύ-

209 3438 299 3492 τοῠ
338 3439 741 3510 πλησιάζοντος
762 3455 775 3469 ο
805 3434 915 3494 οἷόν
939 3457 997 3493 τε
1030 3441 1139 3511 γὰρ
1168 3442 1288 3493 τότε
1319 3441 1460 3493 έλείν
1499 3441 1587 3492 καὶ
1622 3457 1793 3493 κατα-ι

211 3532 375 3599 σχεῖν.
409 3523 906 3602 Παριππεύσαντος
939 3534 1047 3600 γὰρ
1075 3533 1169 3585 καὶ
1194 3531 1253 3584 τὸ
1281 3527 1636 3601 μεταδιώκειν
1657 3531 1790 3602 ἀνή-

211 3638 362 3676 νυτον
380 3665 395 3689 ,
429 3625 526 3678 καὶ
551 3623 614 3678 τὸ
637 3623 1075 3693 καταλαμϐάνειν
1110 3625 1414 3695 ἀμήχανον.

600 3732 676 3784 Υ’.
713 3763 782 3772 -
814 3731 1075 3804 ΕΡΜΙΝῼ
1111 3732 1404 3786 ΚΟΜΗΤΙ.

1903 3180 2210 3238 temperans
2248 3169 2671 3237 (velocissimum
2716 3177 2799 3222 est
2851 3170 2995 3223 enim
3029 3184 3091 3222 ac
3117 3167 3488 3237 celerrimum)

1902 3260 2505 3329 incomprehensibilem
2549 3260 2721 3314 currit
2778 3274 3023 3320 cursum.
3062 3267 3121 3312 ut
3151 3259 3268 3327 capi
3301 3275 3329 3311 a
3393 3273 3492 3312 ro-

1901 3351 2043 3404 lcutc
2072 3360 2325 3420 nequeat.
2356 3350 2612 3404 Pra'scns
2657 3350 2839 3416 itaque
2873 3359 3084 3418 tempus
3115 3348 3491 3419 arripiendum

1901 3453 2006 3505 est,
2038 3452 2165 3496 tunc
2197 3443 2340 3497 enim
2375 3444 2783 3511 apprehendere
2827 3443 2991 3496 liceat
3049 3456 3113 3496 ac
3151 3441 3337 3510 pmiri.
3382 3439 3493 3494 ους

1902 3533 2160 3602 equitans
2200 3544 2382 3588 autem
2420 3548 2484 3587 ac
2535 3534 2828 3588 decurrens
2883 3533 3005 3603 capi
3053 3548 3161 3588 non
3220 3539 3398 3602 potest
3427 3545 3493 3586 ac

1901 3625 2308 3693 comprehendi.

2249 3731 2356 3783 CD.
2395 3759 2466 3770 -—
2517 3729 2828 3785 HERMINO
2875 3729 3138 3786 COMITI.

1067 3832 1134 3886 In
1161 3835 1327 3888 malos
1363 3843 1600 3904 pastores
1630 3850 1784 3904 pecus
1817 3836 2173 3906 deglubcntes,
2222 3837 2411 3892 Ezech.
2447 3855 2633 3894 xxxrv.

275 3965 368 4036 Μὴ
421 3963 703 4035 θαύμαζε,
749 3965 798 4016 εἰ
854 3964 1122 4018 τοσούτων
1164 3965 1440 4035 ποιμένων
1491 3964 1798 4035 λεγομένων

212 4057 274 4110 τὰ
304 4055 558 4127 πρόϐατα
591 4054 866 4110 λυκοῦται.
903 4055 1166 4108 Τοσοῦτον
1204 4057 1310 4125 γάρ
1342 4055 1604 4124 άπὲχουσί
1651 4073 1796 4118 τινες

213 4146 269 4211 ἐξ
327 4147 514 4200 αὐτῶν
576 4146 675 4216 (οὐ
753 4145 861 4216 γὰρ
927 4145 1134 4208 πάντας
1190 4146 1498 4212 αἰτιατέον)
1548 4145 1640 4197 τοῦ
1697 4164 1795 4213 φυ-

1968 3966 2085 4021 Noli
2138 3966 2395 4022 admirari
2453 3975 2529 4020 tot
2585 3975 2969 4036 tantorumque
3033 3977 3314 4033 pasmrum
3353 3983 3488 4024 oves

1897 4057 2058 4111 veluti
2126 4071 2153 4109 a
2211 4058 2351 4125 lupis
2397 4056 2672 4111 dilaniari.
2713 4055 2942 4120 Quidam
2993 4055 3135 4109 enim
3173 4055 3301 4125 (non
3336 4057 3484 4111 enim

1894 4145 2184 4200 accusandi
2217 4145 2428 4214 omnes)
2459 4154 2667 4198 tantum
2700 4145 2802 4198 sibi
2830 4152 3138 4214 temperant
3169 4161 3196 4198 a
3226 4146 3486 4200 custodia

213 4232 423 4286 λάττειν
469 4234 564 4286 καὶ
621 4232 1032 4302 ἐπιμελεῖσθαι,
1071 4235 1153 4286 ὅτι
1186 4235 1307 4286 οὐδὲ
1340 4233 1516 4287 κυνῶν
1562 4234 1792 4303 μιμοῦν-

1906 4246 1947 4290 3t
1976 4251 2125 4302 cura,
2161 4246 2219 4288 ut
2253 4251 2318 4289 ne
2337 4251 2530 4288 canum
2564 4235 2731 4305 680
2751 4237 2967 4302 quidem
3000 4250 3217 4303 gregem
3254 4251 3485 4291 servan-

212 4341 299 4378 ται
338 4325 544 4396 τρόπον
579 4325 982 4392 φυλαττόντων,
1019 4325 1152 4378 ἀλλά
1184 4327 1251 4378 τὰ
1278 4325 1455 4378 λύκων
1485 4326 1686 4396 δρῶσι,
1722 4328 1787 4381 τὰ

1906 4328 2026 4379 tium
2073 4341 2276 4381 morem
2325 4336 2563 4390 teneant,
2622 4328 2712 4380 sed
2774 4327 3017 4396 luporum
3061 4336 3246 4396 partes
3281 4339 3466 4398 agant.

215 4413 461 4484 πρόϐατα
510 4413 904 4476 κατεσθίοντες.
954 4416 1029 4467 Οὐ
1080 4415 1187 4484 γάρ
1215 4416 1447 4485 ἤρκεσεν
1497 4416 1680 4478 αὐτοῖς
1723 4417 1792 4470 τὰ

214 4500 330 4573 ἔρια
368 4505 467 4558 καὶ
519 4503 582 4556 τὸ
618 4505 788 4571 γάλα,
827 4505 962 4558 ἀλλὰ
1017 4506 1111 4558 καὶ
1163 4507 1341 4558 αὐτῶν
1377 4507 1616 4576 ἥψαντο,
1672 4509 1791 4578 οὐχὶ

211 4595 316 4648 τῶν
351 4596 629 4665 σωμάτων
659 4591 852 4666 (ἦττον
891 4597 997 4666 γὰρ
1026 4598 1090 4650 ἂν
1119 4595 1246 4668 ἦν),
1275 4598 1410 4651 ἀλλὰ
1440 4598 1547 4650 τῶν
1571 4598 1788 4667 ψυχῶνο

214 4685 317 4737 πᾶν
367 4686 470 4754 μὲν
515 4684 746 4754 λιπαρὸν
793 4686 1265 4755 κατασφάζοντες,
1311 4690 1418 4741 πᾶν
1458 4688 1514 4742 δὲ
1562 4689 1783 4748 ἀσθενὲς

215 4773 583 4844 παρορῶντες,
606 4776 713 4826 πᾶν
737 4775 793 4828 δὲ
813 4777 1350 4847 τετραυματισμένον
1373 4781 1433 4833 οὐ
1462 4779 1791 4848 θεραπεύον-

1900 4416 2086 4485 Neque
2114 4417 2256 4469 enim
2291 4417 2425 4471 satis
2457 4419 2658 4472 ducunt
2695 4417 2816 4471 lana
2871 4428 2925 4472 et
2969 4417 3111 4472 laete
3164 4419 3261 4484 uti,
3309 4420 3485 4474 sedet

1903 4507 2142 4574 ipsorum
2200 4508 2442 4574 rapiunt,
2489 4521 2590 4561 non
2626 4516 2732 4560 tam
2787 4522 3038 4576 corpora,
3099 4510 3246 4578 quod
3300 4510 3482 4564 minus

1900 4596 2059 4658 foret,
2097 4611 2258 4666 quam
2285 4597 2516 4658 animas,
2552 4611 2716 4664 pecus
2752 4612 2913 4651 omne
2953 4601 3154 4667 pingue
3188 4602 3484 4652 absumen-

1894 4697 2055 4752 tes,et
2081 4690 2353 4742 inﬁrmum
2375 4687 2517 4756 quod
2549 4698 2630 4741 est
2657 4699 3090 4752 contemnentes,
3123 4699 3177 4744 et
3211 4690 3475 4758 quidquid

1894 4780 2078 4834 laesum
2107 4780 2326 4833 vulnere
2350 4788 2432 4832 est
2451 4794 2556 4831 non
2578 4781 2931 4834 medicantes.
2957 4780 3224 4848 Quidquid
3256 4781 3470 4834 lirnunn

213 4879 319 4929 τες,
354 4865 416 4918 τὸ
447 4864 505 4918 δὲ
547 4867 766 4936 ἰσχυρὸν
810 4869 903 4921 καὶ
937 4869 1010 4938 μὴ
1042 4867 1188 4921 εἶκον
1219 4874 1284 4941 τῇ
1325 4871 1535 4941 ἀσωτίᾳ
1579 4871 1790 4939 αὐτῶν,

1906 4879 1977 4922 est
2005 4883 2067 4921 ac
2097 4869 2400 4933 robustum,
2450 4879 2635 4922 contra
2678 4877 2842 4936 atque
2883 4871 3190 4936 oportebat,
3239 4869 3480 4942 ingluvie

213 4952 380 5020 δόλοις
407 4956 503 5010 καὶ
533 4958 842 5021 ἐπιϐουλαῖς
872 4961 1354 5031 κατεργαζόμενοι.

460 5063 586 5120 ΥΝ.
617 5094 689 5106 -
727 5067 1028 5141 ΔΩΡΟΘΕῼ
1057 5070 1547 5141 ΛΛΜΠΡΟΤΑΤ

1899 4976 2017 5023 sua,
2059 4959 2336 5012 fraudibus
2370 4967 2532 5027 atque
2561 4961 2772 5012 insidiis
2806 4961 3298 5027 comprehendunt.

2079 5066 2209 5120 CDI.
2259 5096 2329 5105 --
2378 5063 2751 5121 [)OROTIIEO
2796 5065 2958 5122 νιιιυ
2991 5068 3300 5124 CLARISS.

1109 5179 1351 5236 Veritatis
1381 5187 1478 5246 vis,
1512 5193 1558 5236 et
1601 5182 1871 5237 candoris.
1927 5177 2142 5255 Semper
2176 5177 2367 5230 veritas
2411 5177 2589 5231 vincit.

293 5300 496 5363 Ἡδέως
523 5300 589 5354 ἂν
618 5302 714 5353 καὶ
738 5301 987 5373 ἀσμένως
1013 5306 1110 5375 τὴν
1143 5307 1397 5378 ἀλήθειαν
1426 5309 1600 5378 τιμῶν
1631 5311 1791 5381 ἡττῆ-

220 5392 338 5446 σθαι
367 5393 541 5456 δοκῶ,
570 5394 603 5464 ἢ
635 5393 962 5465 ψευδόμενος
995 5397 1149 5451 νικῶ.
1196 5399 1500 5469 ’Λληθεύων
1535 5401 1633 5471 μὲν
1660 5403 1790 5472 γάρ,

218 5482 314 5535 κᾶν
351 5483 620 5556 ἡττῆσθαι
644 5485 806 5550 δόξω,
836 5487 1097 5556 νενίκηκα
1120 5507 1132 5520 ·
1161 5490 1344 5564 ἀπάτῃ
1381 5492 1437 5544 δὲ
1472 5494 1753 5563 κρατήσας
1781 5530 1795 5556 ,

219 5574 315 5628 κᾶν
343 5578 690 5647 νενικηκέναι
729 5578 864 5645 δόξω
888 5621 902 5648 ,
932 5581 1194 5652 ἦττημαι.

284 5751 295 5780 ¹
328 5749 516 5805 Matth.
565 5766 618 5818 ι,
657 5752 741 5806 l0.

1970 5306 2186 5362 Lubens
2242 5306 2533 5375 volensque
2597 5305 2880 5360 veritatem
2955 5308 3230 5364 bonorans
3299 5309 3481 5366 malim

1895 5399 2064 5461 vinci,
2101 5413 2260 5467 quam
2297 5398 2527 5452 mendax
2556 5396 2797 5452 vincere.
2834 5395 2970 5451 Vera
3003 5399 3201 5453 etenim
3233 5415 3481 5467 narrans,

1898 5490 1997 5544 etsi
2032 5489 2172 5544 vinci
2201 5489 2406 5550 videar,
2458 5489 2632 5544 vinco.
2670 5488 2802 5544 Dolo
2859 5505 2986 5543 vero
3029 5491 3168 5548 malo
3193 5507 3481 5564 superans,

1903 5582 2116 5637 tametsi
2148 5581 2340 5636 vicisse
2375 5581 2581 5646 videar,
2609 5582 2782 5637 victus
2816 5581 2971 5636 abco.
