3992 6460
524 422 653 490 1571
1711 407 1769 466 S.
1813 399 2101 463 ISlDORl

2216 391 2579 455 ELUSIO'LE
3625 376 3759 442 1572

520 542 690 595 retur,
717 528 900 599 etiam
929 522 1223 581 subsistere
1262 533 1363 574 non
1398 523 1593 585 potest,
1624 513 1718 568 sed
1762 513 1815 567 in
1849 509 2072 565 nihilum

2216 522 2264 559 αι
2297 502 2372 573 μὴ
2398 498 2724 571 δυναμένεης,
2760 495 2871 550 ἀλλ’
2904 494 2983 558 είς
3003 492 3064 547 τὸ
3090 492 3162 563 μὴ
3193 490 3252 546 ὃν
3280 492 3528 563 χωρῆσαι
3560 489 3757 560 ῥᾳδίως

519 624 680 680 facile
700 579 963 676 cou‘cidet.
994 613 1227 684 IEquam
1256 610 1542 681 quamdam
1570 606 1802 678 gloriam
1826 603 2073 673 quaerite,

2216 594 2571 663 πισταμένης.
2604 590 2677 643 Τὸ
2701 590 2846 650 eum;
2877 586 2975 655 μὲν
3003 585 3110 655 γὰρ
3136 581 3347 653 ζητεῖτε
3372 621 3386 641 ,
3416 580 3530 634 ἀλλ’
3552 579 3761 634 οὐδέπω

521 714 614 770 sed
642 711 874 766 nondum
912 706 1012 773 ipsi
1036 670 1247 772 tempus
1272 670 1547 770 quaerendi
1573 670 1943 751 commodum.
1978 687 2081 742 Ve-

2219 686 2360 755 ούτῳ
2393 684 2604 754 καιρός.
2642 679 2797 744 Ἥξει
2828 677 3021 749 χρόνος
3056 676 3144 730 ὅτε
3191 673 3433 743 λάμψετε
3464 670 3541 734 ὡς
3572 670 3722 741 ἣλιος
3742 685 3757 699 ·

521 803 635 855 niet
683 799 823 862 dies,
858 760 1004 857 cuin,
1047 802 1106 846 ut
1149 760 1567 856 .sol,.clarescet
1598 804 1611 840 :
1640 795 1692 839 at
1731 783 1820 852 qui
1878 778 2087 833 laudern

2219 778 2312 839 οὺς
2347 774 2402 827 δὲ
2453 774 2552 842 τῆς
2582 771 2692 823 τῶν
2722 767 3024 840 ἀνθρώπων
3066 764 3425 836 ὑψηλοτέρους
3456 762 3638 832 δόξης,
3687 760 3763 823 ὡς

521 904 734 944 omnem
758 859 1146 941 contemnendo
1169 889 1448 950 superant,
1479 878 1532 932 hi
1569 886 1627 931 ut
1680 870 1903 944 perfecti
1964 874 2090 924 sunt

2216 864 2506 951 ›ιλοσόφους
2530 859 2890 931 ἅναρῤητέον.

520 976 869 1051 prtedicandi.

1037 1077 1219 1135 CDXI.
1240 1106 1311 1118 —-
1339 1072 1566 1130 EIDEM.

2669 1061 2818 1116 rw.
2853 1091 2921 1103 —
2954 1062 3043 1133 To
3079 1059 3281 1131 Αγτςι.

905 1171 1129 1226 Rursum
1160 1172 1222 1223 de
1251 1168 1439 1239 gloria.
1472 1166 1627 1232 Quod
1655 1166 1931 1220 discrimen
1982 1162 2101 1230 φιλο

2221 1177 2286 1224 ας
2323 1158 2417 1213 καὶ
2451 1156 2774 1223 κενοδοξίας.
2808 1155 3043 1227 (Confer.
3076 1156 3224 1225 epist.
3252 1150 3401 1222 557.)

596 1284 842 1340 Divinius
868 1282 1138 1352 quidpiam
1158 1290 1239 1335 est
1268 1288 1414 1333 recte
1441 1287 1685 1345 agentem
1719 1290 1822 1330 nun
1854 1285 2095 1343 quaerere

2271 1268 2549 1339 Θειότερον
2582 1266 2678 1337 μὲν
2722 1265 2783 1318 τδ
2814 1264 3123 1334 πράττοντὰ
3169 1279 3223 1315 τι
3261 1261 3525 1333 χρηστὸν,
3562 1258 3637 1331 μὴ
3676 1260 3772 1328 ζη-

523 1378 747 1447 gloriam
774 1376 840 1427 ah
876 1371 1199 1432 hominibus,
1228 1371 1277 1424 si
1331 1382 1457 1422 vero
1497 1364 1641 1421 recte
1681 1379 1846 1434 agens
1877 1368 2090 1433 quierat

2216 1362 2299 1414 εἶν
2347 1358 2445 1430 τὴν
2493 1358 2550 1423 ἐξ
2591 1356 2893 1428 ἀνθρώπων
2937 1354 3127 1420 δόξαν
3168 1355 3217 1406 εί
3258 1353 3314 1407 δὲ
3369 1352 3625 1421 πράττων
3685 1368 3772 1414 τις

525 1444 759 1529 laudem,
798 1465 883 1519 ille
914 1461 1193 1530 φιλόδοξος
1219 1459 1419 1523 laudis,
1454 1473 1556 1512 non
1581 1456 1756 1511 inanis
1780 1454 1964 1526 glorias
1993 1468 2089 1507 cu-

2216 1452 2398 1522 ἠτοίη,
2431 1448 2760 1519 φιλόδοξος
2802 1451 2830 1501 ὁ
2863 1448 3103 1511 τοιοῦτός
3134 1450 3299 1509 ἐστιν,
3333 1447 3390 1499 οὐ
3422 1444 3773 1509 κενόδοξος.

523 1559 677 1626 pictus
714 1566 797 1611 est
834 1554 1119 1609 dicendus.
1155 1554 1225 1606 At
1260 1554 1349 1621 qui
1388 1551 1541 1604 bonis
1577 1556 1760 1603 carent
1811 1544 2087 1615 operibus,

2217 1544 2257 1594 0
2293 1540 2401 1610 γὰρ
2446 1539 2600 1601 κενὸς
2638 1537 2713 1590 ὢν
2749 1537 2997 1605 πράξεων
3030 1534 3272 1603 ἀγαθῶν,
3307 1533 3462 1598 δόξαν
3490 1532 3549 1586 δὲ
3592 1530 3775 1601 ζητῶν

720 1606 795 1611 ην
1276 1606 1293 1621 .
1849 1606 1863 1615 .
2076 1606 2081 1607 κ

526 1647 751 1717 gloriam
783 1655 961 1699 tamen
998 1643 1100 1697 sibi
1136 1657 1240 1696 non
1281 1642 1516 1695 debitam
1550 1638 1923 1706 investigando
1952 1648 2089 1689 con-

2216 1631 2266 1702 ιὴ
2308 1606 2743 1701 προσήκουσαν,
2792 1625 3115 1690 κενόδοξός
3166 1625 3373 1689 ἐστιν,
3429 1622 3513 1691 ἐφ’
3559 1615 3640 1684 οἷς
3697 1621 3776 1691 μὴ
3806 1606 3819 1626 ³

528 1711 784 1799 sectetur,
817 1734 908 1789 hic
934 1732 1439 1797 κενόδοξοςίιιαιιίε
1485 1740 1558 1783 est
1590 1730 1773 1799 gloria:
1801 1727 2092 1789 studiosus,

2216 1721 2408 1792 πράττῃ
2457 1718 2872 1787 σεμνυνόμενος,
2922 1716 3017 1769 καὶ
3043 1715 3309 1785 ἀλλοτρίῳ
3360 1711 3638 1783 προσώπῳ
3684 1712 3777 1762 ἐν’-

529 1828 653 1896 qnia
683 1842 846 1895 grave
869 1825 1002 1879 nihil
1031 1826 1218 1893 gessit,
1249 1832 1303 1877 et
1356 1836 1587 1891 persona
1643 1819 1862 1872 indutus
1917 1817 2093 1871 aliena

2216 1810 2589 1881 ιὸρυνόμενος.
2618 1808 2690 1860 Οὐ
2716 1806 2829 1876 γὰρ
2858 1805 2955 1876 τὴν
2979 1804 3133 1869 δόξαν
3168 1805 3331 1875 κενὴν
3370 1803 3531 1873 μόνον
3564 1801 3671 1872 χρὴ
3699 1816 3781 1853 νο-

527 1892 588 1974 se
617 1892 855 1971 venditat
891 1892 1053 1984 atque
1086 1922 1342 1968 ostentat.
1377 1911 1560 1980 Neque
1606 1910 1747 1963 enim
1784 1908 1954 1978 gloria
1979 1906 2094 1961 sola

2216 1901 2381 1973 μίζειν
2438 1900 2515 1971 (εί
2545 1900 2652 1968 γὰρ
2682 1898 2840 1951 τοῦτο
2867 1896 3043 1967 δοθείη
3077 1898 3167 1949 καὶ
3192 1899 3220 1950 ό
3264 1894 3537 1963 φιλόδοξος
3568 1892 3783 1945 κενόδο-

528 2006 709 2061 inanis
741 2014 823 2058 cst
847 1980 1134 2072 iudicanda
1177 2002 1253 2071 (si
1282 2002 1334 2053 id
1369 2002 1511 2054 cnim
1566 1996 2100 2061 concedatur,etiam

2216 1990 2295 2057 Eo;
2329 1991 2552 2052 εἰκότως
2587 1988 2652 2042 ἂν
2683 1987 2978 2059 κληθείη),
3012 1986 3124 2039 ἀλλ’
3162 1989 3210 2039 εί
3238 1985 3637 2055 κυριολεκτοίτο
3662 1980 3785 2035 τοίί⁸

529 2097 706 2151 laudis
739 2096 984 2164 cupidus,
1008 2093 1185 2147 inanis
1212 2102 1357 2146 esset
1379 2091 1561 2159 gloria:
1606 2088 1878 2142 studiosus
1918 2086 2101 2155 appel—

2216 2101 2367 2153 νομα,
2400 2084 2428 2135 ὁ
2452 2081 2607 2141 κενὸς
2637 2079 2713 2132 ὢν
2742 2079 2918 2151 ἔργων
2947 2076 3219 2149 χρηστῶν,
3252 2076 3692 2145 ἀντιποιούμενος
3722 2070 3784 2124 δὲ

530 2187 771 2251 landusl,
800 2187 891 2240 sed
923 2195 974 2239 et
1001 2185 1225 2253 proprio
1247 2182 1543 2252 appelletur
1570 2179 1811 2241 nomine,
1829 2178 1920 2245 qui
1946 2177 2102 2231 bonis

530 2279 601 2333 sit
633 2290 837 2331 vacuus
868 2277 1141 2347 Operibus,
1176 2274 1382 2344 ﬁngens
1405 2286 1534 2327 vero
1579 2268 1831 2340 gloriam,
1859 2266 1950 2322 hic
1985 2281 2100 2323 me-

532 2366 637 2423 rito
667 2366 944 2431 κενόδοξος
977 2366 1295 2435 appelletur.

558 2474 1223 2533 CDXll.——PROSECHIU
1262 2471 1757 2536 SCIIOLASTICO,
1793 2466 2073 2526 MEDICO.

2201 2172 2376 2242 δόξης,
2410 2167 2685 2235 κενόδοξος
2714 2167 2779 2221 ἂν
2812 2167 3035 2229 δικαίως
3067 2165 3303 2220 καλοῖτο.

2314 2462 2460 2517 ΥΙΒ’.
2493 2490 2563 2501 -
2601 2459 2939 2530 ΠΡΟΣΕΧΙῼ
2974 2458 3405 2529 ΣΧΟΛΑΣΤΙΚῼ
3436 2454 3659 2525 ΙΔΊῬῼ.

1600 2590 1779 2644 Animi
1811 2584 2228 2658 perturbationes
2257 2597 2322 2638 ea:
2349 2584 2523 2635 animo
2556 2579 2708 2633 oriri.

607 2700 747 2767 Non,
774 2712 806 2753 o
832 2698 972 2753 boue
1003 2698 1105 2758 vir.
1138 2708 1193 2750 ut
1225 2698 1278 2751 in
1332 2696 1520 2768 pelago
1576 2706 1773 2766 praeter
1832 2694 2105 2750 ferocien-

536 2793 667 2849 tium
700 2802 981 2846 ventorum
1011 2789 1287 2844 incursum
1320 2790 1607 2858 contingit,
1632 2788 1711 2842 sic
1757 2788 1888 2843 etin
1921 2785 2101 2840 anima

533 2885 750 2946 accidit,
783 2883 873 2937 sed
901 2882 988 2936 hic
1023 2880 1300 2934 hominum
1334 2880 1599 2949 contingit
1630 2879 1785 2946 culpa
1833 2891 1897 2932 ac
1930 2876 2102 2945 negli-

2278 2692 2391 2763 Οὖχ
2440 2688 2627 2759 ὥσπερ
2659 2689 2731 2755 ,ὲν
2784 2684 3033 2751 πελάγει,
3060 2676 3105 2733 ὼ
3142 2680 3301 2749 σοφὲ,
3348 2676 3502 2747 παρὰ
3542 2675 3785 2763 τὴντῶν

2207 2762 2413 2852 ἀγρίων
2444 2778 2659 2846 ἀνέμων
2690 2773 2927 2844 ἐμϐολὴν
2956 2772 3183 2839 γίνεται,
3219 2766 3360 2819 οὕτω
3391 2767 3483 2818 καὶ
3510 2768 3567 2818 ὲν
3605 2762 3781 2835 ψυχῇ,

2210 2872 2345 2927 ἀλλὰ
2378 2870 2530 2941 παρὰ
2566 2868 2665 2938 τὴν
2698 2866 2867 2935 αὐτῆς
2909 2862 3197 2934 ρᾳθυμίαν.
3240 2860 3338 2912 Ἂν
3377 2858 3484 2928 γὰρ
3519 2858 3591 2928 μὴ
3639 2855 3782 2926 αὑτὴ

535 2974 737 3046 gentia.
777 2971 833 3026 Si
887 2972 1029 3026 enim
1079 2970 1345 3023 ﬂammam
1411 2984 1515 3022 non
1566 2968 1847 3033 accendat,
1895 2967 2101 3035 nisique

2216 2965 2390 3033 ἀνάψῃ
2420 2963 2517 3031 τὴν
2548 2960 2743 3029 φλόγα,
2771 2958 2838 3009 ἂν
2873 2957 2948 3026 μὴ
2975 2953 3179 3025 τροφὴν
3215 2951 3289 3020 δῷ
3313 2950 3391 3019 τῷ
3422 2950 3572 3020 πυρὶ,
3601 2948 3669 3003 ἂν
3702 2946 3783 3018 μὴ

536 3068 645 3137 igni
709 3066 992 3121 materiam
1050 3064 1303 3132 praebeat,
1342 3062 1443 3116 nisi
1503 3060 1796 3115 formarum
1852 3060 2102 3114 curiosus

535 3158 760 3212 exsistat
782 3165 1075 3224 spectator,
1104 3154 1201 3207 nisi
1227 3154 1457 3206 alienam
1515 3150 1764 3205 sollicitet
1796 3148 2103 3218 pulchritu-

538 3249 741 3314 dinem,
764 3246 864 3299 nisi
902 3245 1060 3299 adeat
1094 3242 1426 3312 spectacula,
1455 3240 1542 3295 ubi
1579 3239 1919 3308 voluptatum
1975 3236 2100 3307 plu-

538 3338 675 3391 rima
739 3344 867 3390 sunt
916 3334 968 3388 in
1016 3333 1239 3387 theatris
1296 3332 1673 3395 invitamenta,
1714 3330 1816 3383 nisi
1868 3328 2106 3398 denique

539 3426 750 3484 deliciis
772 3440 988 3481 carnem
1013 3425 1244 3493 saginel,
1270 3424 1371 3478 nisi
1414 3422 1742 3477 intellectum
1778 3420 1929 3474 velut
1950 3420 2101 3473 auri-

540 3532 660 3588 gam
694 3516 816 3569 vino
839 3514 1171 3582 deposuerit,
1207 3527 1302 3566 seu
1358 3511 1701 3570 demerserit,
1728 3509 1943 3562 ﬂamma
1977 3522 2108 3562 sane

537 3621 645 3661 non
679 3604 911 3665 tolletur,
946 3601 1111 3673 683
1136 3615 1264 3671 pyra
1304 3616 1408 3654 non
1439 3600 1673 3665 ardebit,
1705 3598 1815 3652 l‘era
1840 3597 2096 3653 vitiorum

538 3694 819 3751 molestior
846 3707 950 3747 non
1014 3692 1226 3755 evadet,
1271 3705 1375 3743 non
1439 3690 1671 3759 denique
1721 3686 2105 3757 perfringetur,

539 3787 690 3841 velut
728 3784 929 3855 ingenti
970 3783 1242 3837 turbinum
1273 3781 1494 3850 impetu,
1526 3781 1744 3835 mentis.
1766 3779 1997 3849 puritas,

565 3889 1144 3956 CDXIll.—ZObl.\l0,
1180 3886 1628 3951 (ΞΠᾹΞΒΕΜΟΝΙ,
1664 3885 1751 3941 ΕΤ
1790 3882 2072 3938 MARUNI.

2200 3057 2298 3117 τὰς
2322 3052 2630 3122 εὐμόρφους
2668 3048 2817 3117 ὄψεις
2843 3045 3296 3115 πολυπραγμονῇ,
3334 3040 3401 3094 ἂν
3431 3040 3503 3109 μὴ
3528 3039 3597 3092 τὰ
3626 3038 3786 3091 ἀλλό-

2200 3160 2326 3214 τρια
2359 3141 2530 3209 κάλλη
2573 3133 3035 3207 περιεργάξηται,
3069 3133 3135 3185 ἂν
3174 3132 3248 3201 μὴ
3286 3133 3363 3194 είς
3401 3129 3604 3199 θέατρα
3649 3127 3786 3181 ἔνθα

2201 3234 2308 3287 τῶν
2330 3229 2533 3303 ἡδονῶν
2552 3232 2606 3282 αἱ
2643 3227 2863 3297 νιφάδες
2888 3223 3172 3296 ἀναϐαίνῃ,
3193 3221 3257 3276 ἂν
3286 3222 3359 3292 μὴ
3386 3221 3576 3291 πιαίνῃ
3599 3222 3783 3290 τρυφῇ

2201 3322 2299 3393 τὴν
2331 3322 2525 3390 σάρκα.
2561 3318 2625 3371 ἂν
2663 3321 2736 3386 μὴ
2780 3311 3151 3384 καταποντίζει
3183 3312 3308 3380 οἴνῳ
3342 3310 3431 3363 τὸν
3462 3307 3788 3379 ἡνιοχοῦντα

2205 3412 2496 3481 λογισμὸν,
2542 3410 2641 3463 οὐκ
2688 3406 2902 3478 αἴρεται
2949 3406 2981 3474 ἡ
3045 3403 3208 3471 φλὸξ,
3256 3401 3355 3453 οὐκ
3397 3400 3697 3452 ἁνὰπτεται
3747 3400 3786 3467 ἠ

2207 3503 2376 3573 πυρὰ,
2431 3501 2491 3555 οὐ
2545 3499 2752 3567 γίνεται
2800 3494 3213 3565 ἀργαλεώτερον
3241 3491 3301 3544 τὸ
3329 3489 3536 3559 θηρίον,
3570 3489 3630 3540 οὺ
3666 3486 3789 3540 δια-

2206 3594 2467 3645 κόπτεται
2523 3588 2774 3657 καθάπερ
2818 3586 2923 3640 ὑπὸ
2976 3583 3297 3655 πνευμάτων
3357 3581 3627 3653 ραγδαίων
3683 3578 3790 3648 τῆς

2204 3682 2441 3743 διανοίας
2467 3681 2498 3749 ἠ
2528 3676 2855 3747 καθαρότης.

2310 3880 2456 3935 ΥΙΡ.
2495 3907 2565 3919 -
2598 3877 2876 3947 ΖΩΣΙΜῼ,
2917 3871 3304 3928 ΧΑιΡιιΜοΝι
3328 3910 3343 3937 ,
3388 3867 3674 3925 ΜΑΡΩΝΙ.

1159 3992 1234 4047 De
1262 3994 1368 4047 uini
1397 4010 1493 4045 usu
1520 3991 1865 4060 disputatum.
1901 3989 2189 4044 Ebrietatis
2217 3989 2379 4043 mala.
2408 3984 2640 4057 (Confer.
2679 3984 2833 4051 epist.
2864 3981 2935 4036 45
2959 3993 3005 4033 et
3038 3981 3149 4043 75.)

614 4102 773 4168 Vitis,
797 4101 983 4158 Gmce
1036 4099 1253 4170 ἡμερίς,
1306 4099 1445 4152 mitts
1497 4100 1661 4161 dicta,
1719 4099 1858 4167 quod
1916 4098 2099 4150 vinum

2285 4094 2565 4165 Ἀμπελος
2618 4090 2825 4160 ἡμερὶς
2885 4088 3146 4156 λέγεται,
3204 4087 3351 4157 παρὰ
3402 4086 3463 4141 τὸ
3540 4087 3787 4159 ἡμεροῦν

541 4195 787 4251 mitiores
815 4207 936 4255 nos.
967 4194 1012 4247 si
1041 4191 1268 4260 tempori
1300 4206 1364 4247 ac
1387 4192 1660 4246 moderate
1687 4201 1954 4255 sumatur,
1985 4189 2101 4243 red-

2216 4189 2355 4257 ἡμᾶς
2370 4184 2481 4257 (Si)
2500 4184 2589 4236 τὸν
2604 4176 2764 4247 οἶνον,
2786 4179 3013 4251 καιρίως
3033 4181 3125 4231 καὶ
3145 4178 3378 4249 μετρίως
3395 4178 3785 4248 προσφερόμε-

542 4287 655 4341 dat.
681 4285 864 4341 Fidem
899 4283 1041 4337 enim
1105 4297 1455 4351 artioremque
1511 4290 1751 4355 mutuum
1801 4281 2101 4335 hominibus

2216 4293 2313 4330 νον·
2356 4276 2539 4327 πίστιν
2568 4289 2627 4324 τε
2652 4272 2759 4342 γὰρ
2806 4269 3107 4341 ἀνθρώποις
3134 4270 3229 4322 καὶ
3268 4267 3447 4335 φιλίαν
3492 4268 3786 4339 ὁμηρεύει,

539 4374 816 4437 conciliat,
866 4371 1066 4426 laetitiae
1122 4374 1284 4426 etiam
1339 4386 1499 4425 causa
1555 4381 1658 4436 est,
1703 4378 1757 4424 et
1816 4384 2101 4425 maerorem

2216 4367 2545 4440 εὐφροσύνης
2575 4382 2634 4417 τε
2675 4364 2843 4425 αἴτιος
2867 4401 2882 4425 9
2922 4360 3151 4425 πένθους
3185 4358 3653 4430 ἀλεξιφάρμακονν
3686 4360 3789 4416 καὶ

541 4471 887 4529 averruncat,
930 4463 1196 4532 ignaviam
1249 4464 1513 4529 excitans,
1549 4477 1610 4517 ac
1669 4461 1888 4533 pellens.
1922 4460 2101 4529 ASgris

2216 4459 2482 4533 ῥᾳθυμίας
2538 4454 2878 4526 ἀναιρετικὸν
2926 4453 3213 4523 τυγχάνεν
3267 4450 3361 4505 καὶ
3411 4449 3625 4503 νοσοῦσι
3680 4449 3789 4520 μὲν

543 4572 697 4627 opem
725 4556 887 4610 variis
925 4554 978 4608 in
1021 4555 1222 4607 morbis
1249 4552 1663 4615 alierens.sanis
1696 4568 1823 4607 vero
1841 4549 2105 4605 valetudi-

544 4660 665 4702 nem
700 4655 876 4700 tuetur
909 4652 1067 4712 atque
1097 4652 1401 4697 conservat.
1438 4641 1495 4695 Si
1556 4642 1737 4711 itaque
1780 4642 1902 4710 quis
1932 4640 2104 4695 illud:

549 4734 621 4789 Ne
647 4734 773 4801 quid
797 4731 981 4795 nimis,
1012 4739 1065 4784 et
1100 4731 1291 4783 modus
1320 4731 1577 4798 optimus,
1596 4730 1872 4799 negligens
1901 4730 1954 4783 in
1982 4728 2106 4783 vino

540 4823 924 4887 dcbacchetur,
945 4819 1170 4889 injurias
1226 4820 1544 4884 vindicabit,
1581 4828 1636 4874 et
1676 4828 1837 4889 caput
1888 4820 2103 4889 quidem

546 4926 891 4981 temporaque
923 4912 1290 4974 conturbabit.
1324 4912 1485 4965 robur
1542 4912 1857 4981 exagitahit,
1886 4925 2110 4980 corpus—

544 5018 649 5072 que
673 5005 806 5058 adeo
826 5008 1001 5057 totum
1034 5004 1246 5071 solvet;
1289 5019 1481 5058 manus
1543 5005 1812 5072 pedesque
1846 5004 2107 5070 vinciens,

543 5095 752 5164 aliaque
789 5094 872 5149 his
903 5094 1075 5163 magis
1104 5095 1264 5149 etiam
1294 5095 1545 5157 absurda,
1580 5110 1645 5147 ne
1695 5094 1837 5148 dictu
1893 5095 2108 5163 quidem

545 5184 765 5239 honesta
790 5184 993 5251 aﬂ'eret,
1026 5194 1188 5254 atque
1212 5184 1399 5239 amicis
1425 5181 1573 5253 juxta
1603 5191 1654 5237 et
1682 5182 1913 5239 inimicis
1947 5184 2111 5237 risum

547 5276 841 5331 exhibebit.

2214 4550 2464 4622 βοήθημα
2495 4546 2700 4602 ἁπλοῦν
2730 4547 2862 4615 (52),
2895 4544 3154 4599 ποικίλων
3182 4560 3242 4597 τε
3273 4541 3460 4595 παθῶν
3486 4540 3749 4595 παιώνιον
3768 4557 3785 4575 ·

2212 4642 2511 4709 ὑγιαίνουσι
2556 4639 2613 4690 δὲ
2651 4637 2910 4708 ἔρεισμα,
2944 4634 3039 4688 καί¹
3070 4633 3171 4702 τῆς
3209 4631 3417 4700 ὑγιείας
3464 4631 3783 4701 τηρητικόν.

2210 4731 2272 4783 Ei
2291 4730 2347 4783 δέ
2363 4747 2445 4793 τις
2460 4729 2543 4791 τὸ,
2579 4747 2597 4778 ι
2613 4726 2775 4797 μηδὲν
2793 4726 2985 4795 ἇγαν,ι
3008 4724 3102 4778 καὶ
3121 4724 3205 4786 τὸ,
3237 4723 3479 4791 «Μέτρον
3499 4721 3779 4791 ἄριστον,ι

2211 4822 2481 4889 ἀτιμάσας
2539 4817 2920 4890 παροινήσειεν
2974 4804 3054 4877 είς
3101 4814 3283 4879 αὐτὸν,
3339 4813 3623 4881 ἀμυνεῖται
3682 4821 3787 4882 τὴν

2216 4911 2389 4980 ὒὸριν·
2429 4909 2525 4963 καὶ
2552 4907 2793 4977 κεφαλὴν
2829 4907 2925 4976 μὲν
2958 4905 3048 4957 καὶ
3088 4904 3388 4974 κροτάφους
3425 4902 3786 4969 σφακελίσει,

2214 5000 2311 5070 τὴν
2348 5000 2403 5053 δὲ
2435 5000 2624 5070 ῥώμην
2653 4997 2915 5051 ἀπελάσει
2936 5034 2949 5059 ,
2986 4995 3079 5048 καὶ
3113 4995 3219 5047 πᾶν
3252 4992 3313 5045 τὸ
3344 4992 3502 5062 σῶμα
3540 4992 3786 5047 ἐκλύσεισ

2214 5093 2399 5161 χεῖρας
2422 5089 2478 5142 δὲ
2513 5089 2606 5142 καὶ
2641 5088 2806 5149 πόδας
2840 5086 3003 5157 δήσας
3037 5083 3139 5153 (τὰ
3170 5082 3277 5153 γὰρ
3307 5081 3449 5143 ἄλλα
3471 5081 3540 5135 τὰ
3574 5081 3787 5135 τούτων

2214 5179 2554 5249 ἀτοπώτερα,
2586 5178 2706 5232 οὐδὲ
2744 5177 2923 5244 λέγειν
2970 5173 3175 5245 καλὸν),
3218 5171 3528 5245 παραδώσει
3556 5172 3651 5226 καὶ
3692 5171 3790 5243 φί-

2214 5271 2325 5335 λοις
2358 5273 2449 5325 καὶ
2478 5271 2690 5342 ἐχθροῖς
2721 5270 2799 5331 εἰς
2834 5267 3061 5336 γέλωτα.

1640 5425 1871 5483 νΛῐΠΑΕ
1911 5426 2290 5483 LECTIONES
2324 5426 2412 5480 ET
2450 5424 2678 5480 NOTAE.

613 5584 721 5655 (3i)
760 5584 1036 5655 -Ἡμερίς,
1097 5584 1560 5655 ἆιιπελοςηάπὸ
1616 5583 1718 5655 [οὗ
1774 5581 2097 5655 ἐξημεροῦν

548 5653 721 5724 ἢμᾶςζ
758 5653 1069 5723 Hesychlus,
1105 5655 1369 5708 Homerus
1394 5654 1586 5722 Odyss.
1622 5653 1679 5715 E,
1711 5668 1850 5707 vers.
1877 5653 1946 5705 60
1987 5669 1998 5683 '

661 5744 877 5814 Ἠμερίς
914 5743 1177 5813 ἡϐώωσα,
1223 5744 1455 5811 τεθήλει
1487 5742 1549 5796 δέ
1582 5741 1950 5811 σταφυλῇσι.

2331 5581 2466 5635 Vitis
2494 5580 2767 5647 pnbcsa‘rm
2790 5580 3007 5648 ﬂorebat
3042 5596 3157 5633 rem
3199 5582 3329 5636 uvis.
3364 5578 3599 5635 Scnon.

2294 5671 2406 5742 (52)
2433 5670 2552 5742 Post
2593 5669 2792 5742 ἁπλοῦν
2807 5670 2989 5742 λιριὶιΙιΙ.
3030 5670 3149 5723 Val.
3183 5671 3287 5725 650
3324 5682 3377 5725 et
3414 5673 3524 5727 All.
3582 5670 3791 5725 addunt

2225 5738 2321 5811 μὲν
2355 5738 2409 5797 et
2438 5741 2496 5793 τὲ
2525 5750 2645 5794 ante
2684 5738 2868 5791 πτθ-’ῗιν
2911 5750 3115 5793 mutant
3168 5743 3216 5794 in
3246 5742 3322 5795 δέ.
