3992 6408
183 381 297 446 1573

630 489 777 542 rtx.
819 521 888 531 —
925 490 1244 560 acorum.

1046 377 1578 440 EPISTOLARUM
1621 377 1762 438 LIB.
1817 377 1886 438 V.
1922 401 1992 410 —
2025 375 2259 436 EPIST.
2297 375 2610 436 CDXVIII.
3289 366 3426 437 1574

2302 483 2536 538 CDXlV.
2555 481 2960 541 μιΕΟΝτιο.

1065 599 1144 667 De
1167 599 1372 653 virtutis
1399 597 1655 652 utilitate.
1684 596 1922 667 (Confer.
1955 598 2106 667 epist.
2135 596 2240 653 406
2268 608 2314 654 et
2363 597 2513 669 407.)

235 713 290 764 Ἡ
321 710 490 782 ἁρετὴ
548 709 808 764 τοσοῦτον
848 709 1040 779 ἀπέχει
1086 708 1182 762 τοῦ
1218 709 1326 763 ἀπὸ
1362 707 1470 761 τῶν
1504 707 1736 778 μεταϐο-

163 805 255 855 λῶν
295 803 653 871 ἐλέγχεσθαι,
681 801 764 854 ὅτι
789 801 887 852 καὶ
914 802 1104 862 αὑταῖς
1131 799 1231 863 τὰς
1264 799 1581 872 πρεπούσας
1612 799 1735 851 ὲπι-

161 894 409 947 ϐάλλουσα
443 893 613 964 ἡνίας
647 891 865 944 εὐθύνει
912 891 1047 961 πρὸς
1084 891 1145 944 τὺ
1195 891 1335 945 δέον.
1378 889 1468 959 Τῷ
1501 890 1600 960 μὲν
1628 889 1736 958 γὰρ

161 985 354 1054 πλούτῳ
403 984 468 1036 τὸ
522 982 877 1051 οίκονομικὸν
924 983 1224 1051 συγκιρνᾷ,
1263 983 1329 1051 τῇ
1386 980 1444 1032 δὲ
1486 978 1611 1050 δόξῃ
1638 979 1738 1050 τὴν

162 1075 493 1145 μετριότητα’
529 1074 631 1127 καὶ
678 1075 747 1142 τῇ
795 1073 892 1141 μὲν
931 1074 1075 1142 ἀρχῇ
1123 1073 1222 1140 τὴν
1252 1070 1512 1138 ἀτυφίαν.
1551 1070 1628 1138 Τῇ
1681 1067 1739 1121 δὲ

163 1165 301 1234 πενίᾳ
330 1165 438 1234 τὴν
470 1161 751 1234 ἀνδρείαν.
791 1163 853 1215 Ei
897 1162 1078 1214 τοίνυν
1117 1160 1209 1213 καὶ
1252 1160 1361 1212 τῶν
1391 1162 1735 1229 πραγμάτων

158 1255 267 1316 τοὺς
315 1253 735 1325 νεωτερισμοὺς
789 1252 943 1321 νικᾷ,
1001 1250 1098 1304 καὶ
1147 1250 1393 1318 ἀοίδιμον
1459 1248 1737 1302 κάνταῦθα

158 1347 255 1414 εχει
291 1348 520 1400 κάκεῖσε
573 1345 689 1412 ἔξει
717 1343 781 1398 τὸ
811 1344 966 1406 κλέος
991 1383 1004 1404 ,
1035 1343 1176 1396 διατί
1207 1343 1283 1412 μὴ
1317 1341 1521 1411 ταύτην
1553 1342 1734 1394 ἀσπα-

157 1435 370 1507 (vietos;

446 1629 604 1683 YIE'.
644 1656 719 1669 —-
752 1628 1082 1700 ΛΡΠΟΚΡᾼ
1120 1628 1425 1699 ΣΟΦΙΣΤῌ.

1915 707 2099 762 Virtus
2132 716 2338 762 tantum
2365 708 2520 762 abest
2549 715 2606 761 ut
2636 714 2892 776 tanquam
2935 719 3116 760 rerum
3150 705 3426 762 vicissitu-

1842 797 1982 851 dinis
2003 797 2072 851 sit
2101 811 2263 852 causa
2286 797 2604 865 judicanda,
2634 804 2693 850 ut
2725 795 2856 864 ipsis
2902 795 3066 850 etiam
3092 798 3426 852 convenien-

1843 889 1915 940 tia
1947 887 2231 957 imponens
2264 889 2416 942 frena
2455 887 2657 955 dirigat
2705 887 2772 941 ad
2805 884 3039 940 oﬂicinm
3090 885 3424 943 faciendum.

1844 977 2008 1032 Divitl
2057 979 2202 1032 enim
2268 977 2488 1032 familia:
2550 978 2796 1047 regenda:
2846 991 3092 1032 normam
3142 987 3425 1048 temperat,

1841 1071 2024 1140 gloria:
2052 1071 2270 1124 modum
2302 1070 2608 1137 imponens,
2644 1069 2708 1124 iis
2741 1067 2831 1137 qui
2886 1078 3127 1136 praesunt
3155 1084 3218 1124 ac
3248 1071 3425 1139 magi-

1843 1161 2036 1214 stratui
2070 1176 2137 1215 ne
2167 1169 2437 1230 turgescat
2467 1159 2641 1226 fastu;
2680 1163 2903 1230 pauperi
2928 1177 3055 1216 vero
3086 1162 3235 1215 addit
3267 1161 3426 1216 forti-

1845 1249 2106 1303 tudinem.
2137 1250 2316 1316 Quare
2342 1250 2385 1304 si
2433 1264 2615 1304 rerum
2667 1264 2926 1304 novarum
2976 1253 3217 1306 studium
3265 1265 3428 1321 supc-

1837 1350 1941 1404 rat,
1970 1350 2133 1409 atque
2164 1343 2215 1395 in
2250 1343 2349 1395 hac
2397 1343 2665 1398 celebrem
2706 1344 2890 1406 habet,
2927 1344 2978 1397 in
3010 1344 3288 1413 alteraque
3313 1346 3423 1399 vita

1833 1430 2061 1497 gloriam
2091 1441 2481 1502 consequetur,
2516 1435 2706 1503 quidni
2738 1435 2881 1490 hanc
2911 1435 3073 1504 igitur
3122 1435 3426 1504 amplecti-

1834 1523 1996 1577 mur?

2089 1629 2384 1685 σθεν-
2404 1630 2798 1688 ῐῙΑΙὶΡΟϐΒᾹῖ
2835 1632 3166 1691 RHETORI.

160 1722 409 1777 Hortatur
435 1734 496 1778 ut
529 1725 706 1777 antica
740 1737 968 1786 mortua,
999 1740 1099 1776 non
1136 1734 1344 1776 mortua
1393 1731 1567 1843 psunt.
1587 1731 1945 1844 rnanuinentt’r,
1974 1725 2312 1846 geddffmebri
2339 1741 2458 1780 eum
2480 1738 2627 1780 ornet
2666 1729 2926 1783 oratione.
2955 1727 3227 1796 Epitapltii
3277 1729 3428 1797 λόγοι

1462 1807 1621 1846 nutet
1656 1808 1864 1846 nomine
1915 1810 1965 1845 ta
2008 1810 2067 1846 en
2113 1810 2150 1846 ι.

1462 1807 1621 1861 ιφιισι
1656 1808 1864 1846 nomine
1899 1807 2150 1847 ηαυεηιιι.

213 1899 288 1952 Τὰ
336 1900 435 1970 μὲν
494 1898 594 1952 ἐπὶ
644 1899 764 1962 ταῖς
813 1900 1011 1967 ταφαῖς
1058 1899 1172 1960 τοῖς
1225 1897 1577 1966 ἀφιλοσόφοις
1635 1899 1727 1951 καὶ

1900 1902 2036 1956 Aliis
2083 1903 2436 1972 relinquenda
2470 1916 2592 1958 sunt
2619 1919 2682 1958 ca
2714 1919 2834 1975 quae
2873 1905 3176 1974 sepulchris
3215 1911 3425 1966 rudium

155 1988 527 2058 ἀπειροκάλως
577 1988 813 2042 είωθότα
878 1987 1250 2057 πληροῦσθαι,
1301 1988 1482 2050 ἀλλοις
1527 1990 1733 2042 ἐατέον.

157 2079 218 2132 ΣΞ)
242 2081 295 2132 δὲ
331 2081 454 2143 ταῖς
489 2079 909 2149 ὲντελεστέραις
947 2078 1244 2146 εὐφημίαις
1289 2079 1606 2147 περίστελλε
1646 2079 1736 2131 τὸν

157 2170 490 2239 μεταστάντα
516 2207 532 2231 ,
582 2168 677 2222 καὶ
714 2171 827 2230 τοῖς
860 2166 1080 2231 ἀσύλοις
1129 2170 1222 2221 καὶ
1263 2169 1740 2239 πρεπωδεστάτοις

156 2260 416 2326 ἐνταφίοις
451 2259 696 2329 κόσμει,
731 2257 831 2328 τὴν
860 2258 952 2310 τοῦ
987 2259 1144 2326 λόγου
1175 2259 1517 2328 δωρούμενος
1554 2261 1734 2330 χάριν·

158 2346 235 2400 ίνα
264 2349 519 2402 κάκεῖνον
551 2349 824 2421 τιμήσῃς,
854 2348 948 2402 καὶ
977 2348 1105 2410 τοὺς
1134 2348 1255 2418 μεθ’
1287 2350 1436 2419 ἡμᾶς
1463 2350 1542 2411 εἰς
1577 2350 1736 2420 ζῆλον

156 2439 372 2510 ἀγάγῃς.

389 2545 566 2613 Υιει-ο.
599 2575 671 2587 -
698 2545 890 2616 nam)
937 2546 1495 2618 ΠΟΛΙΤΕΥΟΜΕΝῼ.

1842 1993 2121 2047 hominum
2161 2005 2327 2063 atque
2363 1995 2669 2062 ineptorum
2708 1997 2912 2067 imponi
2969 2001 3166 2055 solent.
3186 2000 3264 2054 Tu
3300 2017 3428 2056 vero

1838 2086 2310 2155 apprecatiouibus
2334 2101 2664 2156 prosequere
2694 2089 3030 2155 defunctum,
3050 2101 3105 2146 et
3146 2093 3425 2163 sepultura

1838 2191 1870 2230 a
1909 2177 2087 2244 prada
2114 2177 2340 2232 immuni
2394 2193 2460 2233 ac
2512 2179 2902 2235 decentissima
2947 2197 3178 2248 exorna,
3209 2185 3427 2240 dicendi

1839 2267 2105 2321 adhibens
2135 2269 2389 2338 gratiam,
2424 2279 2482 2323 ut
2523 2278 2576 2324 et
2605 2270 2754 2324 illum
2790 2271 3025 2329 honores
3057 2275 3125 2330 ad
3157 2275 3428 2333 imitatio-

1839 2370 2072 2427 nemque
2097 2367 2348 2429 posteros
2375 2361 2667 2420 accendas.

1930 2557 2167 2616 CDXVI.
2182 2559 2471 2618 —GES|0
2518 2563 2726 2623 REMP.
2761 2567 3333 2629 ADMINISTRANTI.

1439 2639 1464 2693 1
1477 2640 1709 2708 njuriam
1742 2648 2131 2706 remittendam.

217 2745 276 2801 Ei
298 2746 392 2801 καί
412 2746 777 2819 νενικημένος
807 2746 896 2814 ὑφ’
925 2738 1000 2800 ὧν
1043 2745 1323 2812 πέπονθας
1348 2786 1362 2812 ,
1395 2747 1553 2803 οὔπω
1584 2752 1738 2821 νικῆ-

158 2853 238 2893 σαι
264 2839 462 2893 σαυτὸν
495 2840 727 2907 ἰσχύσας
754 2839 835 2901 είς
857 2837 916 2890 τὸ
947 2838 1023 2910 μή
1055 2838 1557 2908 ἀμύνασθαιΑὶλλά
1583 2843 1738 2908 δίκας

158 2931 450 2999 ἀπαιτῆσαι
512 2931 605 2982 τὸν
663 2929 962 2999 ὑϐρίσαντα
1027 2930 1427 3000 ὀνειροπολεῖς’
1496 2933 1732 3001 μάλιστα

161 3023 250 3092 μὲν
283 3023 571 3094 ἀλλότριον
624 3021 781 3075 τοῦτο
835 3022 1184 3093 Χριστιανοῦ.
1231 3023 1295 3074 Et
1345 3023 1400 3076 δὲ
1446 3025 1525 3094 τῷ
1582 3027 1733 3098 νόμῳ

159 3113 422 3186 ἐπερείδῃ,
455 3114 599 3177 τέως
653 3112 839 3176 ἔνδος⁹
895 3112 928 3181 ἢ
979 3113 1090 3183 γὰρ
1144 3117 1172 3165 ὀ
1219 3115 1409 3183 χρόνος
1462 3131 1521 3166 σε
1577 3114 1736 3186 θεραο

159 3204 336 3258 πεύσει
356 3244 371 3268 ,
394 3207 430 3276 ἦ
461 3207 672 3267 ἐκεῖνος
694 3204 1112 3273 ἀπολογήσεται,
1139 3205 1297 3275 εἴπερ
1321 3206 1557 3276 τοσαύτη
1589 3207 1734 3259 ἐστὶν

160 3297 189 3366 ή
213 3298 380 3367 ὀργή·
422 3297 521 3349 καὶ
571 3295 709 3367 μετά
737 3293 910 3348 ταῦτα
949 3295 1114 3348 αὐτὸν
1145 3294 1460 3365 ἀμύνασθαι
1489 3294 1695 3367 δυνήσῃ
1716 3338 1730 3363 ,

158 3388 299 3440 οὐδὲν
323 3387 430 3440 ὑπὸ
455 3385 552 3439 τοῦ
584 3386 776 3456 χρόνον
809 3387 886 3447 είς
913 3385 974 3438 τὸ
1020 3384 1094 3456 μὴ
1129 3385 1310 3438 δοῦναι
1348 3386 1504 3456 δίκην
1534 3389 1738 3441 ἐκεῖνον

162 3479 707 3550 παραϐλαπτόμενος.
737 3477 848 3531 Καὶ
872 3476 1042 3530 ταῦτα
1068 3477 1167 3548 μὲν
1188 3480 1268 3541 είς
1296 3477 1570 3530 τοσοῦτον.
1607 3477 1738 3531 Εἰπὲ

161 3571 210 3624 δὲ
249 3572 323 3642 τῷ
359 3569 567 3625 σαυτοῦ
607 3570 781 3640 φίλῳ·
831 3569 983 3622 Ἐλθὲ
1015 3569 1090 3632 ὡς
1119 3571 1267 3640 ἡμᾶς
1289 3610 1303 3631 ,
1339 3569 1371 3640 ἢ
1412 3568 1738 3639 μεταδώσων

161 3654 228 3716 ὧν
253 3661 420 3732 ἔχεις,
464 3662 498 3731 ἢ
543 3658 783 3731 μεθέξων
823 3651 898 3713 ὧν
923 3660 1025 3714 οὐκ
1053 3659 1215 3730 ἔχεις.
1259 3660 1332 3712 Σὺ
1383 3661 1480 3729 μὲν
1515 3661 1623 3730 γὰρ
1653 3677 1738 3712 σο-

163 3750 281 3822 φίαν
333 3751 486 3821 εχειν
535 3749 641 3820 φὴς
691 3749 1088 3820 μεγαληγορεῖν
1142 3749 1204 3801 ού
1263 3751 1728 3820 παραιτουμένην,

162 3845 310 3913 ἡμεῖς
353 3843 412 3897 δέ
459 3858 638 3912 φαμεν
667 3839 924 3912 ἀλήθειαν
948 3840 1212 3910 ἁπλότητι
1263 3844 1357 3892 καὶ
1403 3841 1538 3893 αἰδοῖ
1585 3858 1744 3894 κεκο-

165 3933 472 4005 σμημένην.
511 3932 583 3985 Ἦ
621 3932 730 4003 γὰρ
759 3931 1062 4001 κρείττοσιν
1103 3930 1375 4002 εὑρεθεῖσι
1403 3932 1739 3984 κατακολουο

164 4023 342 4092 θήσεις
380 4025 652 4092 ἄσμενος,
681 4023 716 4092 ἢ
757 4021 1047 4093 ἐπανήξεις
1089 4022 1273 4076 οἴκαδε
1316 4021 1486 4092 μηδὲν
1528 4021 1740 4094 ζημιω-

163 4110 285 4178 θείς.

400 4221 556 4275 ΥΙΖ’.
600 4248 673 4261 —-
721 4220 974 4291 ΖΩΣΙΜῼ
1022 4221 1491 4294 ΠΡΕΣΒΥΤΕΡῼ.

1915 2761 1971 2815 Si
1994 2772 2218 2832 accepta
2245 2762 2418 2818 vietus
2467 2765 2664 2835 injurla
2696 2781 2724 2822 a
2763 2779 2814 2825 te
2861 2771 3156 2843 impetrare
3183 2780 3311 2848 quin
3345 2783 3430 2836 ul-

1841 2853 2051 2908 ciscare
2102 2869 2208 2908 non
2256 2865 2429 2923 potes,
2462 2859 2557 2913 sed
2597 2858 2880 2916 laedentem
2937 2868 3129 2933 punire
3187 2871 3428 2928 animum

1839 2943 2119 2998 induxeris
2166 2955 2340 3012 tuum,
2389 2950 2626 3003 maxime
2659 2950 2710 3005 id
2749 2961 2832 3007 est
2882 2970 2911 3006 a
2956 2955 3268 3014 Christiano
3327 2964 3429 3019 bo-

1838 3035 1982 3089 mine
2013 3035 2276 3091 alienum.
2310 3037 2461 3104 Quod
2486 3040 2528 3093 si
2550 3040 2756 3110 legibus
2786 3045 3004 3102 assidue
3035 3049 3284 3106 decertes
3311 3054 3431 3124 (vel

1835 3125 1979 3180 enim
2015 3135 2227 3196 tempus
2257 3131 2348 3182 tibi
2399 3133 2824 3198 medebitur,\'el
2873 3139 2984 3206 ipse
3017 3156 3078 3195 se
3141 3143 3421 3215 defendet,

1841 3217 1884 3268 si
1918 3224 2062 3270 tanta
2087 3227 2172 3273 est
2207 3217 2321 3290 ira)
2348 3229 2402 3274 et
2442 3231 2629 3289 postea
2678 3223 2864 3281 ulcisci
2919 3233 3149 3298 poteris,
3182 3245 3429 3306 tempore

1842 3308 1940 3406 ipsi
1975 3325 2077 3362 non
2112 3311 2434 3380 opitulante,
2463 3315 2755 3381 quominus
2795 3318 2887 3375 det
2908 3321 3001 3378 tibi
3035 3329 3431 3406 prensam

1840 3399 1906 3452 Et
1936 3402 2050 3455 hac
2081 3403 2295 3470 quidem
2341 3405 2625 3463 hactenus.
2657 3408 2751 3462 Dic
2801 3413 2979 3467 amico
3025 3423 3116 3470 tuo
3148 3435 3163 3473 :
3200 3399 3428 3477 Venivat—l

1842 3505 1946 3557 me,
1982 3491 2068 3545 vel
2102 3496 2610 3554 communicaturus
2643 3514 2762 3568 quan
2805 3501 2992 3569 babes,
3029 3507 3111 3561 vel
3176 3523 3428 3580 receptu-

1840 3597 1932 3637 rus
1969 3598 2076 3652 quo
2107 3600 2285 3640 cares.
2318 3587 2336 3606 '
2374 3584 2454 3640 Tu
2510 3590 2816 3657 sapientem
2864 3609 2986 3651 esse
3023 3599 3286 3666 praedicas
3334 3604 3427 3672 qui

1842 3675 2130 3744 magniﬁce
2167 3691 2225 3731 se
2249 3675 2441 3746 jactat,
2479 3693 2580 3734 nec
2618 3683 2828 3736 veniam
2864 3698 3054 3753 poscat
3091 3715 3103 3745 ;
3151 3706 3249 3746 nos
3300 3708 3429 3749 vero

1843 3765 2125 3819 veritatem
2165 3766 2512 3834 simplicitate
2546 3783 2611 3822 ac
2636 3779 2960 3833 verecundia
3014 3781 3265 3834 vestitam
3289 3795 3428 3850 pra:-

1843 3855 2107 3910 dicamus.
2127 3858 2232 3912 Aut
2265 3864 2408 3916 enim
2440 3865 2664 3921 meliora
2693 3868 2910 3923 inventa
2943 3884 3176 3939 sequere
3229 3872 3427 3940 libens,

1842 3945 1923 4000 vel
1967 3947 2167 4004 redibis
2193 3949 2411 4006 domum
2456 3963 2603 4009 tuam
2643 3956 2778 4012 nihil
2822 3972 3038 4028 passus.

2053 4215 2312 4272 CDXVll.
2349 4249 2421 4258 —
2445 4219 2701 4279 ZOSIMO
2727 4224 3211 4290 PBESBYTEBO.

879 4311 944 4366 Ut
965 4316 1032 4367 ait
1055 4317 1193 4385 frugi
1223 4317 1489 4380 hortatur,
1510 4325 1622 4369 utet
1643 4316 1810 4370 tribus
1837 4327 1979 4382 sequ.
2008 4311 2161 4381 epist.
2195 4323 2243 4367 et
2276 4314 2402 4380 5H,
2431 4315 2557 4382 445,
2591 4316 2716 4372 562.

224 4425 289 4481 Ei
323 4425 427 4497 μὲν
473 4425 634 4496 μόνος
674 4441 756 4480 σοι
789 4427 816 4480 ὁ
859 4426 958 4498 τῆς
1004 4425 1440 4496 φιλοχρηματίας
1473 4425 1611 4496 ἔρως
1641 4427 1736 4479 καὶ

163 4516 361 4587 ἐπῆλθε
390 4519 486 4571 καί⁵
507 4512 867 4583 εἷλεν,ούκᾶν
890 4515 1156 4588 τοσαύτην
1186 4517 1338 4588 παρά
1381 4517 1600 4571 πάντων
1638 4517 1739 4570 ὑπ-

163 4603 346 4676 έμενες
368 4607 611 4680 γραφήν.
653 4606 870 4677 Ἐπειδὴ
905 4607 962 4659 δὲ
992 4607 1192 4670 πάντες
1221 4610 1278 4659 ὲν
1315 4609 1430 4670 σοὶ,
1452 4607 1527 4670 ὣς
1556 4625 1738 4676 φασιν,

163 4695 471 4766 ἀχορεύτως
508 4695 871 4766 χορεύσαντες
899 4691 1062 4762 εἷλον,
1097 4695 1321 4766 μείζονὰ
1351 4713 1410 4748 σε
1450 4699 1631 4764 πάσης
1656 4715 1739 4750 τι·

167 4786 370 4857 μωρίας
402 4785 740 4857 ἁμαρτάνειν
775 4787 1067 4857 ἡγούμενοι
1096 4825 1111 4850 ,
1143 4787 1218 4849 ὡς
1249 4787 1488 4840 ποικίλον
1519 4788 1610 4840 καὶ
1643 4806 1744 4840 πο-

165 4871 440 4948 λύμορφον
482 4874 671 4946 θηρίον
706 4876 1087 4946 ἐκτρέπονται.
1119 4875 1182 4928 Et
1218 4877 1394 4929 τοίνυν
1426 4876 1599 4947 βούλει
1641 4878 1738 4947 τὴν

163 4965 413 5037 τοιαύτην
450 4965 855 5037 ἀποτρίψασθαι
910 4966 1148 5032 ἀδοξίαν,
1181 4967 1249 5020 τὰ
1275 4965 1586 5036 ἀνθρώποις
1614 4969 1736 5038 φιλ-

164 5058 373 5126 αρέτοις
408 5057 690 5128 πρέποντα
711 5058 805 5111 καὶ
827 5057 953 5125 λέγε
980 5058 1074 5111 καὶ
1103 5059 1331 5125 πρᾶττε.

406 5163 561 5220 ΥΙΗ¹.
593 5194 662 5204 -
689 5164 988 5236 ΔΥΣΟΝΙῼ
1029 5165 1490 5219 ΚΟΡΡΗΚΤΩΡΙ.

233 5270 480 5342 ¹Ἀγαμαί
515 5288 608 5324 σου
639 5271 700 5324 τὸ
727 5271 888 5339 σοφὸν
923 5271 1210 5342 φρόνημα,
1249 5273 1329 5325 ὅτι
1371 5272 1533 5339 φόϐον
1566 5273 1733 5342 πραό-

166 5377 279 5432 τητι
317 5363 480 5433 μίξας
513 5363 735 5426 ούδένας
776 5365 956 5434 ἔχεις,
999 5363 1120 5417 οὔτε
1153 5365 1278 5427 τοὺς
1309 5365 1396 5417 διὰ
1443 5366 1532 5418 τὸν
1574 5366 1735 5433 φόϐον

169 5456 487 5523 μισοῦντας,
526 5453 650 5509 οὒτε
681 5459 807 5519 τοὺς
833 5450 923 5510 διᾶί
957 5456 1055 5527 τὴν
1089 5457 1368 5527 πραότητα
1410 5458 1729 5523 πταίοντας·

165 5546 291 5602 ἀλλὰ
322 5565 408 5601 σοι
439 5547 541 5618 τὴν
565 5547 855 5601 ἀκόλουθον
883 5549 1081 5617 κρᾶσιν
1113 5548 1469 5602 ἀντιδιδόαοιν
1496 5551 1543 5601 οί
1574 5550 1736 5620 ἀρχό-

167 5652 330 5704 μενοι,
358 5637 686 5710 σωφροσύνῃ
715 5638 896 5708 φιλίαν
928 5637 1282 5706 συνάψαντες
1319 5638 1504 5708 ἐπειδὴ
1533 5639 1638 5708 γὰρ
1667 5641 1734 5693 τὰ

165 5726 405 5784 πλεῖστον
432 5729 526 5783 ἀπ’
552 5727 794 5798 ἀλλήλων
811 5726 1109 5782 διεστῶστα
1133 5728 1422 5798 ὲκέρασας,
1451 5728 1543 5782 καὶ
1573 5729 1726 5782 αὐτοὶ

1918 4419 2030 4477 Nisi
2061 4421 2234 4476 solum
2269 4431 2319 4477 te
2350 4425 2701 4492 pecuniarum
2765 4429 3032 4495 cupiditas
3085 4441 3140 4488 et
3200 4437 3427 4508 cepisset

1844 4520 1898 4566 et
1934 4521 2164 4574 teneret,
2199 4528 2302 4567 non
2341 4514 2477 4569 adeo
2506 4530 2696 4572 omnes
2725 4519 2819 4572 tibi
2870 4521 3043 4576 dicam
3100 4527 3424 4585 scriberent.

1841 4600 1975 4657 Cum
2034 4617 2188 4670 vero,
2219 4613 2276 4657 ut
2338 4603 2540 4669 ferunt,
2583 4622 2776 4664 omnes
2832 4611 2993 4665 simul
3027 4616 3243 4683 agmine
3286 4617 3428 4676 facto

1843 4705 1894 4750 te
1929 4697 2249 4760 invaserint,
2287 4695 2388 4749 rati
2427 4711 2586 4765 supra
2628 4713 2845 4754 omnem
2894 4711 2944 4755 te
2975 4717 3188 4771 pmuam
3249 4709 3427 4765 delin-

1843 4798 2029 4853 quere,
2056 4791 2117 4836 ut
2139 4783 2344 4837 varium
2378 4798 2440 4838 ac
2466 4785 2820 4854 multiplicem
2880 4791 3051 4847 feram
3085 4809 3152 4849 ac
3189 4797 3425 4854 belluam

1841 4884 1890 4929 te
1920 4875 2280 4939 detestantur,
2305 4891 2371 4929 ac
2423 4875 2717 4945 refugiunt.
2767 4879 2918 4936 Hanc
2973 4883 3139 4953 igitur
3193 4887 3236 4941 si
3281 4887 3426 4944 infa-

1840 4967 2002 5022 miam
2027 4968 2178 5036 cupis
2205 4968 2436 5034 evitare,
2462 4969 2628 5025 dicito
2665 4986 2730 5025 ac
2770 4971 2937 5028 facito
2967 4991 3086 5046 quae
3150 4979 3423 5036 hominem

1843 5061 2040 5114 virtute
2069 5061 2351 5128 prazditum
2379 5061 2613 5116 maxime
2644 5063 2855 5120 decent.

2043 5170 2323 5226 CDXVlll.
2339 5201 2412 5215 -—
2429 5171 2470 5224 A
2484 5171 2734 5230 USONIO
2765 5175 3229 5241 CORRECTORI.

1915 5278 2084 5332 Tuam
2133 5281 2352 5350 quidem
2407 5279 2726 5350 prudentem
2785 5287 3028 5345 admiror
3073 5293 3422 5368 sapientiam,

1840 5373 1982 5438 quod
2020 5381 2219 5425 metum
2269 5370 2590 5440 benignitati
2653 5376 2983 5446 admiscens,
3029 5385 3424 5444 neminemba-

1841 5459 1970 5514 beas
1989 5460 2078 5528 qui
2109 5472 2159 5515 te
2181 5461 2262 5515 vel
2299 5459 2367 5516 ob
2401 5467 2601 5513 metum
2625 5462 2826 5530 oderit,
2859 5467 2940 5523 vel
2987 5471 3055 5526 ob
3077 5473 3422 5534 clementiam

1840 5549 2097 5617 offcrnlat,
2129 5553 2222 5606 scd
2251 5553 2452 5609 subditi
2479 5569 2694 5608 omnem
2752 5559 3175 5619 moderationem
3225 5582 3420 5624 conse-

1841 5651 2094 5708 quentes,
2131 5640 2357 5696 aﬂ‘ectns
2386 5648 2684 5715 rependant
2719 5664 2841 5703 cum
2899 5657 3257 5722 temperantia
3285 5663 3421 5713 ami-

1841 5733 2021 5787 citiam
2077 5731 2494 5805 coniungentes.
2555 5739 2688 5797 Cum
2759 5743 2990 5802 misceas
3042 5751 3421 5825 concinneque
