3992 6484
529 438 667 506 1575

1723 424 1784 484 S.
1824 421 2115 484 ISIDORI
2153 415 2590 481 PELUSIOTIE

3625 411 3760 477 1576

523 558 813 617 temperes,
842 554 959 610 qua:
1009 539 1152 592 inter
1201 547 1257 588 se
1311 539 1572 602 pugnant.
1634 531 1798 585 etiam
1853 527 2118 598 subjecti‘

2187 525 2282 595 την
2331 526 2460 611 ῐσην.
2486 540 2568 578 σοι
2602 519 2945 577 ἀποδιδόασιν
2981 519 3237 592 ἀμοιδὴν,
3284 521 3441 594 παρά
3487 519 3581 574 σοῦ
3632 538 3761 576 παι-

418 680 427 689 .
519 636 746 707 cq'uslia
803 631 1127 693 retribuunt,
1152 626 1328 682 edocti
1383 624 1635 678 nimirum
1684 625 1859 678 ahste
1915 620 2087 676 divisa

523 742 642 798 qua
669 735 795 779 sunt
815 718 1156 788 conjungere.

1013 827 1241 886 CDXIX.
1259 856 1329 868 --
1356 823 1580 881 EIDEM.

586 947 751 1002 Recte
775 944 909 999 facta
942 952 1033 998 tua
1055 946 1108 1011 (ο
1128 937 1490 1010 gratissimum
1523 933 1730 988 alllictis
1751 931 1951 997 lumen,
1983 930 2089 987 etsi

516 1035 731 1106 iniustis
750 1032 938 1089 terrori
967 1030 1056 1100 sit)
1090 1027 1233 1082 omni
1261 1027 1412 1080 laude
1440 1025 1713 1094 superiora
1739 1021 2086 1088 sunt.Quan-

518 1143 680 1199 quam
706 1135 761 1181 et
788 1124 1270 1180 orationem-suam
1307 1120 1358 1171 in
1415 1116 1521 1170 tuis
1558 1113 1846 1169 virtutibus
1872 1112 1926 1167 in
1981 1112 2088 1166 im—

519 1231 759 1276 mensum
795 1212 1240 1272 excrescentihns
1265 1207 1510 1278 superari
1536 1214 1816 1276 exoptant.

1030 1404 1239 1464 CDXX.
1257 1401 1559 1458 ~ElDEH.

588 1520 687 1590 Qui
713 1521 1015 1580 moderatos
1042 1531 1219 1572 mores
1249 1517 1368 1570 sine
1397 1513 1534 1568 fastu
1563 1510 1800 1582 praefert,
1831 1510 1965 1566 alios
1989 1523 2083 1566 ve-

519 1626 582 1666 ro
624 1612 694 1668 de
741 1627 800 1667 se
858 1609 1088 1678 superbe
1143 1604 1439 1661 sentientes
1487 1602 1554 1656 ad
1607 1600 2084 1667 arrogantiamque

522 1704 689 1757 nexos
727 1717 829 1757 non
862 1701 1124 1769 increpat,
1155 1698 1245 1752 hic
1287 1695 1504 1750 virtutis
1546 1691 1837 1747 maximum
1865 1688 2083 1744 exhibet

517 1800 911 1863 argumentum.

741 1890 1273 1958 CDXXl.—LUCIE
1309 1891 1619 1951 CLARISS.
1663 1887 1844 1944 vmo.

2191 605 2474 678 δευθέντες
2505 613 2795 668 συνάπτειν
2824 611 2892 665 τά
2914 611 3316 682 κεχωρισμένα.

2665 803 2812 859 rte.
2841 833 2912 845 -
2947 804 3035 876 To
3071 804 3275 876 Arta.

2256 917 2338 971 Τά
2367 916 2468 988 μιν
2502 917 2571 970 σά
2619 915 3018 990 κατορθώματα
3067 907 3140 986 (ὦ
3172 915 3476 987 πραότατον
3511 919 3624 984 τοῖς
3651 920 3766 976 ἀδι-

2186 1009 2471 1077 κουμὲνοις
2503 1006 2692 1078 ὄμμα,
2727 1008 2776 1060 εί
2822 1007 2915 1060 καὶ⁵
2961 1009 3076 1069 τοῖς
3120 1006 3402 1061 ἀδικοῦσίν
3448 1009 3564 1063 ἑστι
3605 1010 3768 1080 φοσε.

2188 1097 2461 1169 ρώτατον)
2491 1097 2714 1167 μείζονά
2740 1097 2858 1152 ἐστι
2883 1095 2989 1166 ’τῆς
3010 1096 3122 1149 τῶν
3147 1097 3607 1166 ἐγκωμιαζόντων
3627 1102 3768 1156 αὺτά

2186 1185 2450 1256 γλώττης.
2484 1185 2748 1257 Εΰχονται
2776 1187 2832 1240 δὲ
2863 1185 3025 1240 πλέον
3050 1187 3356 1256 ἡττᾶσθαι,
3397 1190 3498 1262 τῆς
3538 1190 3640 1262 σῆς
3669 1194 3765 1247 ἐπὶ

2184 1275 2245 1329 τδ
2277 1276 2461 1346 μεῖζον
2491 1275 2908 1347 προκοπτούσης
2937 1276 3165 1347 ἀρετῆς.

2679 1388 2812 1442 rx'.
2844 1417 2907 1429 —
2942 1388 3031 1459 To
3066 1387 3270 1460 arm.

2266 1499 2326 1553 '0
2367 1500 2482 1562 τοῖς
2518 1498 2618 1568 μιν
2649 1499 2718 1553 τά
2759 1500 2865 1571 ἢθη
2901 1501 3145 1572 μετρίοις
3189 1501 3413 1572 ἀτύφως
3457 1501 3770 1574 προσφερό-

2187 1588 2389 1657 μενος,’
2417 1589 2544 1651 τοὺς
2601 1588 2658 1641 δὲ
2697 1591 2821 1653 ταῖς
2869 1589 3116 1661 γνώμαις
3162 1592 3592 1662 ἐξωγκωμένους
3616 1633 3632 1654 ,
3665 1595 3768 1647 καὶ

2185 1679 2320 1749 πρὸς
2363 1677 2684 1744 ἀλαζονείαν
2733 1677 3030 1749 βλέποντας
3079 1681 3155 1751 μὴ
3203 1681 3720 1752 καταπληττόμενος
3745 1718 3764 1748 ,

2182 1763 2335 1833 οὗτος
2371 1769 2574 1840 ἀρετῆς
2607 1769 2867 1839 μέγιστον
2901 1771 3122 1842 ἐκφέρει
3150 1772 3468 1842 τεκμήριον.

2414 1882 2596 1937 ΥΚΜ.
2623 1911 2691 1926 -
2722 1882 2960 1955 ΔΟΥΚᾼ
2987 1883 3484 1956 ΛΑΜΠΡΟΤΑΤῼ.

1005 1984 1347 2056 Παρῤησίας,
1384 1979 1665 2034 Libertatis
1691 1975 1933 2048 loquendi
1955 1984 2002 2029 et
2030 1973 2118 2042 ius}

2187 1970 2372 2025 lentia
2393 1970 2698 2026 discrimen.
2738 1969 2890 2041 (infr.
2924 1975 3075 2035 epist.
3113 1971 3265 2044 455.)

589 2081 768 2152 Neque
815 2077 1064 2150 loquendi
1100 2075 1320 2131 libertas
1370 2083 1452 2128 est
1498 2069 1852 2139 impudentia,
1886 2079 2068 2136 neque

516 2174 752 2231 vicissim
773 2169 1102 2240 impudentia
1125 2166 1370 2236 loquendi
1389 2173 1475 2220 est
1493 2164 1715 2218 libertas
1740 2158 2075 2229 appellanda,

515 2268 608 2321 sed
639 2265 1032 2334 lapsosornate
1065 2255 1462 2329 reprehendens
1491 2254 1708 2308 libertas
1733 2259 1817 2305 est
1842 2246 2074 2302 dicendi.

517 2355 618 2422 Qui
653 2370 781 2409 vero
811 2361 959 2406 recte
1000 2359 1222 2420 agentes
1253 2346 1649 2407 conviciantur,
1679 2355 1862 2397 eorum
1906 2341 2079 2407 impu-

519 2446 694 2500 dentia
739 2453 822 2497 est
872 2441 1218 2495 nominanda.
1263 2437 1353 2491 illa
1400 2436 1613 2507 quidem
1668 2431 1947 2487 medicinae
1994 2438 2079 2485 est

521 2535 723 2600 instar;
757 2534 872 2587 inec
931 2545 1059 2586 vero
1096 2529 1412 2600 pestilentiae
1465 2527 1534 2581 Ini
1587 2532 1952 2592 comparatur.
1987 2521 2079 2574 Illa

518 2635 750 2695 aegrotos
807 2638 969 2680 sanos
1019 2623 1215 2687 reddit,
1249 2623 1361 2675 hac
1411 2633 1537 2674 vero
1583 2616 1819 2671 valentes
1858 2622 2082 2669 contur-

519 2717 631 2771 Νι.
654 2804 816 2877 685
845 2800 1098 2860 CDXXll.
1124 2829 1196 2844 ο·-
1221 2800 1405 2858 CYRO
1448 2799 1917 2858 PRESBYTERO.

522 2898 596 2955 De
623 2899 901 2954 sacerdotii
932 2900 1256 2966 praestantia.
1287 2897 1464 2964 (Conf.
1493 2897 1641 2964 epist.
1682 2895 1808 2966 21548.
1847 2906 1892 2948 et
1933 2893 2025 2951 lib.
2057 2912 2119 2961 tt,

2246 2081 2383 2138 Οὔτε
2427 2083 2526 2155 τὴν
2572 2084 2885 2156 παρρησίαν
2925 2085 3308 2156 ἀναισχυντίαν
3338 2085 3585 2156 κλητέον,
3626 2088 3757 2143 οὔτε

2173 2173 2272 2245 τὴν
2323 2175 2708 2246 ἀναισχυντίαν
2752 2177 3085 2247 παρρησίαν·
3131 2176 3270 2234 ἀλλά
3315 2180 3413 2250 τὴν
3465 2179 3568 2249 μὲν
3609 2187 3745 2249 eos;

2173 2266 2466 2330 πταίοντας
2515 2266 2759 2338 κοσμίως
2791 2267 3139 2340 ιλέγχουσαν,
3180 2269 3526 2340 παρρησίαν·
3571 2271 3669 2344 τὴν
3700 2273 3763 2328 δδ

2172 2359 2300 2422 τοὺς
2321 2357 2728 2427 κατορθοῦντας
2751 2357 3096 2427 ὑϐρίζουσαν,
3119 2359 3524 2429 ἀναισχυντίαν.
3564 2363 3627 2415 'll
3647 2363 3760 2433 μὲν

2175 2448 2284 2519 γὰρ
2301 2451 2516 2521 ἰατρικῇ
2533 2448 2726 2511 ἔοικεν,
2758 2450 2790 2518 ἡ
2815 2448 2872 2502 δὲ
2902 2448 3123 2520 λοιμικῇ
3155 2453 3507 2514 καταστάσει,
3537 2451 3617 2522 τῷ
3649 2452 3759 2522 τὴν

2181 2539 2282 2608 μὲν
2309 2541 2435 2602 τοὺς
2476 2538 2892 2610 ἀρρωστοῦντας
2923 2537 3105 2592 ίάσθαι
3127 2578 3140 2602 ,
3167 2538 3267 2610 τὴν
3295 2540 3351 2594 δὲ
3390 2541 3517 2605 τοὺς
3562 2539 3752 2609 ὑγιαί-

2178 2645 2365 2692 νοντας
2390 2630 2698 2698 ταράττειν.

2441 2802 2616 2856 YKB‘.
2657 2832 2724 2843 -
2761 2801 2948 2872 ΚΥΡῼ
2985 2800 3450 2874 ΠΡΕΣΒΥΤΕΡῼ.

2155 2898 2307 2966 epist.
2341 2897 2447 2968 234
2468 2913 2488 2962 ;
2513 2904 2560 2951 et
2593 2894 2687 2959 lib,
2727 2907 2800 2956 tv,
2840 2896 2988 2962 epist.
3020 2891 3159 2960 219;
3192 2904 3242 2948 et
3277 2893 3435 2949 Joan.
3483 2895 3756 2968 Chrysost.

1739 2963 1984 3018 llomiiiis
2027 2967 2155 3039 περὶ
2186 2963 2510 3038 ἱερωσύνης.

591 3083 703 3140 Ειεί
748 3081 1103 3139 sacerdotium
1146 3079 1290 3132 omni
1322 3088 1405 3132 est
1438 3092 1605 3145 regno
1635 3073 1939 3142 sublimius,
1991 3064 2118 3132 di-l

2253 3081 2314 3134 Ei
2345 3077 2440 3134 καί
2475 3079 2656 3148 πάσης
2687 3076 2801 3130 ἐστὶ
2828 3075 3104 3146 βασιλείας
3130 3074 3434 3150 ὑψηλοτέρα
3462 3077 3554 3134 καὶ
3581 3079 3753 3148 ἀξιω.

517 3173 800 3240 uniusque,
823 3185 925 3222 non
947 3179 1226 3238 propterea
1249 3166 1417 3220 sacris
1438 3166 1676 3220 initiatos
1699 3168 1854 3219 decet
1874 3167 1925 3218 in
1944 3166 2079 3220 alios

519 3273 719 3317 temere
751 3259 951 3323 ell'crri,
989 3260 1116 3327 quin
1163 3257 1595 3312 decentissimmn
1632 3258 2079 3325 aptissimumque

519 3338 821 3420 hujus'esse
858 3358 1106 3402 ornatum
1137 3348 1466 3412 existimare,
1498 3346 1666 3415 ipsam
1715 3362 1834 3400 cum
1868 3347 2078 3402 intelle-

517 3447 605 3493 ctu
635 3438 908 3493 leuitatem
931 3455 945 3490 :
966 3437 1264 3504 cogitantes
1294 3450 1409 3489 eam
1448 3449 1570 3489 esse
1602 3436 1744 3488 omni
1773 3437 1972 3488 honore
1999 3445 2076 3488 at-

516 3541 621 3598 que
639 3529 866 3582 humana
890 3527 1147 3594 dignitate
1172 3527 1432 3595 potiorem
1456 3527 1572 3579 :sed
1595 3533 1648 3578 et
1669 3526 1856 3579 aliena:
1877 3523 2077 3578 utilita-

518 3618 587 3673 tis
620 3633 749 3687 ergo
779 3633 874 3687 per
905 3617 994 3671 Dei
1021 3617 1251 3686 gratiam
1285 3616 1425 3668 hunc
1453 3615 1696 3668 ordinem
1728 3622 2074 3682 acceperunt,

517 3723 675 3777 quem
704 3708 984 3779 tyrannide
1007 3706 1363 3762 contaminari
1396 3705 1636 3775 iniquum
1669 3707 1760 3760 sit.

710 3900 990 3961 CDXXlll.
1021 3930 1089 3945 -—-
1121 3897 1513 3956 HARPOCRA‘S
1554 3897 1876 3952 BHETORI.

2174 3169 2307 3240 τέρα
2337 3170 2372 3239 η
2403 3165 2689 3236 ἱερωσύνη,
2721 3164 2858 3218 ἀλλά
2879 3166 3003 3228 τοὺς
3033 3164 3237 3236 ταύτην
3261 3167 3523 3237 λαχόντας
3545 3169 3607 3221 οὐ
3643 3169 3756 3242 χρὴ

2175 3257 2316 3310 κατὰ
2335 3256 2443 3308 τῶν
2464 3256 2640 3310 ἀλλων
2664 3253 2750 3308 διὰ
2767 3255 2971 3325 ταύτην
2987 3255 3330 3326 ἐπαίρεσθαι,
3355 3258 3490 3311 ἀλλά
3520 3274 3756 3329 πρεπω-

2176 3347 2432 3400 δέστατον
2460 3346 2554 3398 καὶ
2580 3344 2987 3416 ἁρμοδιώτατον
3008 3346 3214 3417 ταύτης
3251 3347 3457 3418 κόσμον
3490 3348 3748 3418 ἡγεῖσθαι

2174 3436 2274 3503 τὴν
2305 3434 2442 3504 μετὰ
2469 3435 2737 3499 συνέσεως
2761 3436 3063 3513 πραότητα·
3092 3435 3422 3501 ἐννοοῦντας,
3449 3437 3530 3490 ὅτι
3561 3439 3747 3509 κρείτ-

2178 3538 2288 3575 των
2322 3523 2423 3591 μέν
2454 3525 2569 3576 ἔστι
2591 3524 2772 3593 πάσης
2796 3522 3146 3594 ἀνθρωπίνης
3169 3526 3336 3595 τιμῆς
3360 3542 3420 3580 τε
3447 3528 3541 3580 καὶ
3566 3528 3750 3593 ἀξίας·

2183 3609 2270 3664 διά
2300 3611 2356 3662 δὲ
2394 3610 2492 3681 τὴν
2519 3610 2666 3665 θείαν
2695 3612 2853 3682 χάριν
2889 3628 2947 3664 τε
2977 3612 3071 3665 καὶ
3100 3612 3339 3680 διάταξιν
3367 3615 3571 3686 ταύτην
3601 3618 3758 3688 εἱλή-

2184 3718 2315 3769 φασι
2353 3701 2452 3771 τῆς
2483 3701 2592 3754 τῶν
2639 3701 2813 3755 ἄλλων
2851 3702 3114 3770 ὠφελείας
3165 3704 3372 3772 ῑνεκεν,
3423 3709 3490 3778 ἢν
3531 3708 3633 3762 ούκ
3681 3708 3756 3765 ἂν

2185 3788 2293 3845 εἷεν
2321 3791 2518 3846 δίκαιοι
2553 3796 2618 3863 τῇ
2649 3793 2923 3863 τυραννίδι
2965 3791 3340 3864 καθυϐρίζειν.

2479 3905 2656 3958 ΥΚΓῖ.
2691 3934 2761 3945 -
2789 3904 3116 3975 ΑΡΠΟΚΡᾼ
3144 3907 3451 3980 ΣΟΦΙΣΤῌ.

1361 3988 1538 4042 Honet
1572 3999 1626 4041 ut
1661 4005 1756 4041 suo
1787 3991 2020 4056 exemplo
2055 3994 2251 4047 amicos
2291 3994 2627 4048 reconciliare
2667 3997 2892 4051 studeat.

590 4107 758 4161 Erant
805 4105 910 4159 duo
951 4104 1076 4158 olim
1127 4101 1363 4172 germani
1415 4099 1628 4164 fratres,
1679 4100 1811 4153 adeo
1843 4101 1982 4152 inter
2018 4116 2078 4154 se

519 4198 854 4259 dissidentes,
890 4203 948 4246 ut
972 4195 1134 4247 etiam
1172 4192 1418 4245 inimicos
1459 4189 1720 4244 ducerent
1750 4203 1860 4251 eos,
1889 4191 1976 4257 qui
2011 4193 2075 4244 de

2256 4105 2466 4172 Ἤστην
2510 4102 2636 4156 ποτὲ
2670 4103 2763 4156 δύο
2800 4105 3112 4177 ὁμογνησίω
3149 4105 3381 4175 ἀδελφὼ,
3415 4107 3749 4180 διενεχθέντα

2183 4190 2318 4261 πρὸς
2347 4190 2524 4244 ἑαυτὼ
2559 4191 2833 4256 τοσοῦτον,
2861 4195 2937 4257 ὡς
2960 4194 3201 4258 καὶτοὺς
3229 4197 3308 4258 είς
3337 4197 3749 4270 συμϐατηρίους

519 4285 956 4344 reconciliatione
1009 4284 1175 4338 verba
1232 4280 1411 4334 facere
1470 4278 1750 4332 auderent.
1814 4275 2118 4348 Equidem]

2187 4280 2368 4349 λόγους
2391 4281 2700 4351 τολμῶντας
2731 4283 2923 4348 ἐλθεῖν,
2950 4284 3177 4354 ἐχθροὺς
3202 4287 3470 4355 ἡγεῖσθαι.
3514 4289 3656 4357 Ἐγὼ
3685 4291 3750 4345 δὴ

520 4381 726 4448 (verum
762 4377 903 4430 enim
940 4382 1024 4429 est
1053 4371 1359 4441 dicendum)
1397 4369 1662 4438 repulsam
1694 4368 1918 4433 veritus,
1964 4369 2077 4438 pri-

2177 4370 2293 4439 (δεῖ
2360 4371 2469 4442 γὰρ
2525 4371 2733 4442 τάληθῆ
2786 4375 3001 4447 λέγειν)
3058 4375 3154 4446 τὴν
3206 4377 3506 4448 ἀποτυχίαν
3557 4379 3750 4446 δεδιὼς

521 4485 664 4522 mum
688 4483 805 4521 cum
839 4467 944 4520 illis
975 4478 1134 4535 agere
1163 4462 1478 4518 cunctabar.
1507 4458 1744 4513 Tandem
1776 4459 1828 4512 id
1858 4459 2082 4528 degene-

2187 4458 2381 4514 ὥκνουν
2402 4461 2549 4531 αύτῷ
2577 4462 2725 4534 παρὰ
2749 4463 2843 4535 τὴν
2863 4464 3089 4536 πρώτην
3117 4467 3484 4538 διαλεχθῆναι·
3518 4468 3750 4539 ὕστερον

521 4562 598 4612 ris
641 4572 761 4610 esse
808 4556 970 4624 animi
1029 4564 1200 4617 ratus,
1253 4566 1446 4622 meque
1495 4552 1609 4620 ipse
1654 4550 1971 4605 cohortatus
2026 4548 2079 4602 id

2187 4549 2230 4602 se
2258 4551 2478 4617 ἀγεννὲς
2507 4547 2646 4618 εἷναι
2690 4555 2849 4608 τοῦτο
2884 4555 3146 4627 νομίσας,
3193 4557 3289 4611 καὶ
3329 4560 3750 4629 παρακελευσά-

519 4646 737 4699 omnino
763 4645 876 4699 ﬂeri
903 4653 1168 4713 oportere,
1199 4643 1301 4697 etsi
1331 4658 1359 4695 a
1390 4655 1554 4712 scopo
1583 4641 1919 4704 aberrarem,
1944 4651 2081 4708 opus

2187 4657 2338 4710 μενος
2381 4642 2605 4711 ὲμαυτῷ
2640 4644 2799 4697 τοῦτο
2834 4647 3056 4711 πάντως
3098 4649 3296 4719 χρῆναι
3323 4650 3604 4718 γενέσθαι,
3642 4651 3751 4706 κᾶν

521 4752 805 4805 aggressus
833 4751 973 4801 sum,
1005 4742 1154 4788 ratus
1182 4733 1396 4802 quidem
1423 4745 1706 4801 operosum
1741 4729 1795 4784 id
1828 4743 1965 4794 esse,
1988 4727 2082 4783 sed

2187 4729 2525 4801 διαμάρτοιμι
2550 4734 2644 4787 τοῦ
2672 4736 2905 4799 σκοποῦ,
2937 4731 3071 4808 ἦκον
3100 4739 3192 4791 ἐπὶ
3218 4734 3470 4809 τοῦργονο
3511 4740 3750 4812 νομίσας

522 4836 698 4882 tamen
739 4826 1001 4894 insperata
1044 4823 1208 4876 etiam
1257 4821 1596 4891 aggrediens,
1647 4828 1755 4874 tam
1798 4818 1954 4874 facile
1982 4819 2083 4873 hoc

2187 4821 2285 4892 μὲν
2309 4823 2438 4875 αὐτὸ
2464 4824 2699 4893 ἐργῶδες
2737 4821 2874 4879 εἶναι
2892 4866 2906 4886 .
2937 4829 3086 4897 ὅμως
3111 4828 3167 4882 δὲ
3195 4830 3289 4882 καὶ
3317 4833 3426 4893 τοῖς
3456 4831 3749 4901 ἀδοκήτοις

521 4928 703 4985 postea
749 4916 1006 4982 comperi.
1063 4915 1122 4966 ut'
1176 4912 1318 4966 nulla
1369 4925 1504 4982 opus
1545 4910 1856 4965 velitatione
1895 4909 2078 4963 fuerit.

2187 4913 2462 4983 ἐγχειρῶν.
2507 4915 2759 4984 Τοσούτῳ
2799 4916 2844 4969 δ’
2869 4909 3026 4987 εὗρον
3055 4919 3232 4990 ῥᾴδιον
3268 4919 3457 4984 τοῦτο,
3490 4923 3567 4984 ὠς
3604 4923 3750 4991 μηδὲ

523 5008 617 5062 Sat
646 5009 785 5061 enim
819 5005 920 5059 fuit
945 5021 1030 5058 me
1058 5019 1361 5059 sermonem
1394 5002 1705 5057 contulisse.
1733 5002 1908 5067 Quare
1931 5013 1986 5055 et
2024 5009 2080 5053 tu

2187 5001 2591 5072 ἀκροϐολισμῶν
2614 5003 2885 5074 δεηθῆναι.
2919 5006 3155 5076 Ἥρκεσε
3189 5006 3297 5077 γάρ
3323 5009 3517 5080 ἐκείνῳ
3548 5009 3610 5062 τὸ
3640 5012 3749 5080 ἐμὲ

2178 5091 2287 5144 τῶν
2332 5091 2507 5159 λόγων
2539 5094 2801 5163 ἅψασθαι.
2835 5095 3044 5149 Οὐκοῦν
3085 5097 3180 5149 καὶ
3227 5099 3388 5161 αὐτὸς
3435 5101 3510 5170 μὴ
3535 5102 3602 5170 τῇ
3647 5101 3744 5154 τοῦ

2180 5181 2502 5252 πράγματος
2529 5185 2784 5255 δυσκολίᾳ
2812 5188 3064 5257 πρόσεχε,
3087 5187 3203 5241 ἀλλ’
3235 5188 3370 5258 ἅψαι
3402 5190 3508 5245 τῶν
3539 5189 3742 5258 ἄθλων·

2181 5273 2315 5337 ῐσως
2341 5275 2409 5341 γά
2417 5292 2448 5346 ρ
2468 5275 2586 5328 οὐδὲ
2615 5275 2792 5328 πόνων
2815 5276 2999 5348 δεήσῃ.

970 5377 1249 5434 CDXXIV.
1282 5408 1351 5420 —
1381 5376 1609 5432 EIDEM.

2645 5387 2816 5444 ΥκΔν.
2853 5419 2922 5429 -
2953 5391 3038 5462 To
3083 5393 3283 5463 ΑΥΤῼ.

1430 5468 1699 5538 Spiritalis
1743 5476 1922 5521 nostra
1955 5469 2166 5537 militia,
2194 5475 2452 5542 quomodo
2488 5475 2823 5530 instituenda.

524 5098 716 5165 negotii
774 5094 1084 5148 dillicultate
1116 5094 1222 5146 noli
1257 5093 1483 5159 moveri,
1519 5093 1613 5146 sed
1656 5100 1926 5146 certamen
1959 5103 2082 5144 sus-

522 5186 639 5255 cipe
667 5203 681 5238 :
717 5184 852 5240 forte
875 5185 1016 5238 enim
1044 5197 1146 5237 non
1176 5197 1367 5252 magno
1392 5197 1527 5251 opus
1562 5182 1723 5237 fuerit
1748 5181 1949 5237 labore.

590 5585 811 5652 Quando
841 5587 1110 5641 exercitus
1148 5586 1464 5657 prudentia',
1498 5583 1832 5648 obedientim,
1865 5583 2070 5638 ordinis

2249 5587 2416 5640 Ὅταν
2474 5587 2688 5658 φάλαγξ
2743 5591 3128 5663 σωφροσύνης,
3184 5594 3279 5648 καὶ
3329 5592 3586 5655 πειθοῦς,
3648 5597 3748 5647 καὶ

523 5685 576 5730 et
603 5677 896 5744 disciplina:
942 5679 1187 5732 militaris
1228 5688 1311 5732 est
1339 5676 1625 5744 particeps,
1662 5690 1787 5728 tunc
1832 5675 2073 5728 hostibus

2187 5675 2381 5741 τάξεως
2408 5717 2422 5737 .
2458 5679 2552 5731 καὶ
2591 5684 2960 5753 στρατηγικῆς
2989 5684 3188 5754 ἀρετῆς
3223 5685 3424 5755 μετέχῃ
3445 5723 3460 5740 .
3488 5683 3607 5737 τότε
3629 5687 3746 5750 τοῖς

525 5766 697 5834 gravis
739 5776 896 5836 atque
949 5769 1138 5822 terrori
1189 5777 1290 5834 est,
1338 5777 1392 5821 et
1429 5781 1525 5836 pro
1581 5765 1800 5820 audacia
1838 5768 2069 5834 quadam

2187 5770 2434 5832 ἐναντίοις
2461 5770 2608 5841 δεινὴ
2638 5775 3046 5842 καταφαίνεται,
3071 5775 3163 5827 καὶ
3197 5776 3300 5846 πρὸ
3329 5777 3425 5845 τῆς
3453 5775 3746 5844 εὐτολμίας
