3992 6438
222 367 338 440 illi!

707 479 875 534 TAA'.
913 507 983 518 —
1030 474 1258 529 ΘΕΩΝΙ.

1036 364 1572 427 EPISTOLABUM
1600 363 1760 424 'LIB.’
1794 363 1861 424 ν.
1898 384 1969 398 ’σ-
2006 361 2246 422 EPIST.
2271 359 2637 422 CDXXXIX.

1807 484 1854 540 Α

3341 352 3478 420 1582

2273 465 2633 524 'CDXXXIV.
2667 493 2738 506 —
2771 460 3050 518 THEONL

1578 587 1891 660 Παράδοξον
1931 588 2078 656 quid.

276 705 577 777 Παράδοξόν
609 710 780 770 ἐστιν,
832 702 876 760 ὦ
911 707 1155 778 βέλτιστε
1186 745 1200 768 ,
1246 705 1308 759 τὸ
1338 706 1438 776 τῆς
1468 702 1778 776 κρατούσης

211 797 349 870 δόξης
380 803 649 872 κρεῖττον,
681 800 775 853 καί
802 800 902 869 τῆς
935 799 1225 871 συνηθείας
1257 798 1569 870 ἀλλότριον.

525 1001 702 1058 ΥΑΕο.
733 1032 808 1044 -
828 1000 1133 1074 ΛΕΟΝΤΙῼ
1159 993 1483 1074 ΔιΑκοΝςι.

1957 703 2014 760 Id
2046 704 2350 777 παράδοξον
2382 712 2466 760 est
2494 699 2922 774 (inopinatum),
2967 700 3206 755 virorum
3243 697 3470 770 optime,

1887 796 2288 867 appellandum,
2329 797 2475 866 quod
2521 808 2742 851 omnem
2785 792 3004 849 excedit
3039 790 3379 862 opinionem,
3419 798 3476 846 et

1886 889 1954 944 ab
1983 902 2084 943 usu
2112 896 2197 942 est
2218 887 2474 952 alienum.

2008 992 2180 1067 688
2212 995 2525 1055 CDXXXV.
2552 1026 2626 1038 —
2649 991 2947 1052 LEONTIO
2985 989 3344 1050 EPISCOPO.

1273 1092 1409 1147 Mali
1435 1091 1743 1162 superbique
1766 1091 2064 1148 sacerdotes
2097 1090 2385 1154 coercendi.

266 1208 458 1277 Μηδὲν,
499 1200 547 1262 ὧ
604 1207 836 1278 ἄριστε,
887 1205 984 1260 ἐπὶ
1030 1206 1131 1277 τῆς
1175 1206 1277 1277 σῆς
1329 1205 1536 1277 ἀρετῆς
1591 1207 1777 1278 ἄχαρι,

205 1301 316 1372 μηδ’
338 1300 570 1372 ἀπηχὲς,
590 1302 652 1355 τό
684 1317 750 1370 γε
773 1300 867 1353 ἐπὶ
890 1299 1093 1370 σαυτῷ,
1115 1301 1480 1371 συγχωρήσῃς
1506 1299 1780 1368 γενέσθαι,

205 1394 323 1446 ἀλλὰ
352 1394 446 1447 καὶ
467 1396 586 1458 τοῖς
611 1391 856 1464 νεώτερα
874 1410 1000 1446 τινα
1027 1394 1109 1455 εἰς
1136 1393 1263 1455 τοὺς
1286 1391 1781 1461 ἐκκλησιαστικοὺς

202 1483 420 1553 θεσμοὺς
455 1483 806 1555 βουλεύουσι,
840 1483 966 1552 λέγε
1019 1483 1096 1547 ὡς
1125 1481 1456 1552 οἰμώξονται
1497 1481 1780 1536 κάνταῦθα

202 1577 428 1642 κάκεῖσε,
458 1579 509 1631 εἰ
544 1577 623 1648 μὴ
653 1576 748 1630 τοῦ
779 1575 1153 1646 νεωτερισμοῦ
1183 1575 1649 1647 λήξειαν.Ὢσπερ
1669 1575 1779 1648 γὰρ

205 1665 292 1719 σὺν
322 1666 518 1739 ἀλογίᾳ
569 1665 842 1738 ἧρθησαν,
891 1665 1068 1737 τόλμῃ
1112 1665 1325 1738 ἀκρίτῳ
1362 1666 1565 1737 μᾶλλον
1608 1667 1780 1740 ἐπαρ-

1957 1172 2126 1271 Niliil,
2159 1206 2242 1260 vir
2283 1204 2509 1274 optime,
2547 1204 2737 1258 virtuti
2771 1211 2879 1259 tua
2922 1204 3199 1274 ingratum
3236 1211 3332 1259 aut
3379 1204 3478 1259 ab-

1886 1311 2082 1354 sonum
2114 1295 2366 1352 accidere
2400 1294 2707 1363 permittas,
2755 1309 2943 1349 verum
2978 1294 3046 1349 iis
3079 1294 3169 1362 qui
3213 1293 3478 1349 innovare

1886 1389 2018 1460 quid
2060 1389 2114 1445 in
2163 1385 2554 1444 ecclesiasticis
2599 1387 2826 1442 student
2871 1383 3242 1440 [unctionibus
3289 1386 3476 1449 dicito,

1885 1483 2220 1555 ploraturos,
2271 1481 2324 1536 id
2368 1488 2453 1536 est
2496 1479 2618 1540 fore
2662 1478 2908 1535 infelices
2959 1479 3014 1534 in
3063 1480 3163 1534 liae
3199 1479 3480 1546 alteraque

1885 1576 2019 1642 vita,
2076 1573 2179 1628 nisi
2213 1572 2376 1627 rebus
2423 1571 2646 1627 studere
2689 1571 2847 1626 novis
2890 1570 3184 1627 desistant.
3223 1569 3300 1626 Ut
3327 1569 3476 1625 enim

1887 1666 2251 1740 imprudentia
2290 1664 2444 1733 elati,
2491 1664 2722 1719 audacia
2759 1663 3051 1720 temeraria
3098 1663 3280 1733 magis
3307 1676 3474 1733 quam

201 1756 366 1820 θέντες
395 1761 476 1822 εἰς
505 1757 609 1829 τὴν
644 1757 1012 1829 ἐπιχείρησιν,
1044 1757 1078 1829 ἢ
1111 1755 1391 1822 ἀξιώσεως
1426 1757 1614 1830 δικαίᾳ
1651 1757 1778 1830 κρί-

1886 1760 2030 1831 ἱυειο
2062 1757 2340 1838 opinionis
2366 1755 2573 1827 judicio
2600 1754 2923 1824 incitantur,
2965 1755 3040 1811 ita
3079 1753 3363 1826 probabile
3395 1761 3480 1810 est

201 1866 291 1913 σει,
319 1848 480 1914 οὕτω,
499 1849 647 1903 κατὰ
673 1849 734 1903 to
759 1850 928 1915 εἰκὸς,
951 1849 1048 1903 καὶ
1068 1848 1564 1922 καθαιρεθήσονται
1593 1849 1780 1905 πάλιν.

209 1939 441 2002 Ἀσθενὲς
469 1939 583 2012 γὰρ
620 1939 708 1992 ἀεὶ
747 1938 810 1993 τὸ
839 1941 969 2010 παρ’
1001 1938 1159 2003 ἀξίαν
1182 1953 1198 1969 ·
1231 1938 1460 1994 καὶτῶν
1496 1938 1640 1993 κατὰ
1661 1939 1783 1993 τόλ-

198 2047 294 2100 μαν
320 2031 607 2099 ἀλόγιστον
644 2031 1029 2102 ἐπαιρομένων
1069 2030 1226 2084 οὐδὲν
1271 2030 1520 2102 βέϐαιον,
1553 2033 1780 2102 ταχεῖαν

195 2122 243 2174 δὲ
271 2123 376 2193 ἔχει
410 2122 511 2194 τὴν
544 2123 877 2195 μεταϐολὴν,
905 2124 954 2176 εἰ
989 2123 1065 2196 μὴ
1096 2125 1193 2178 σὺν
1220 2124 1392 2198 ἀρετῇ
1424 2124 1692 2194 γίγνοιτο.

416 2256 615 2324 ΥΛςἎ
657 2287 728 2300 -
764 2259 1017 2331 ΖΩΣΙΜῼ
1050 2257 1526 2332 ΠΡΕΣΒΥΤΕΡῼ.

1890 1851 2091 1908 iterum
2127 1849 2542 1906 subvertendos.
2579 1847 2854 1903 lnilrmum
2906 1856 2990 1903 est
3032 1847 3176 1902 enim
3215 1845 3482 1918 quidquid

1887 1942 2211 2013 dignitatem
2271 1946 2536 2010 superat,
2595 1951 2827 2007 quaeque
2886 1937 3182 1992 indiscreta
3250 1935 3480 1991 audacia

1887 2033 2029 2090 elata
2063 2041 2212 2097 sunt,
2262 2029 2559 2096 instabilia,
2606 2029 2827 2100 citoque
2856 2029 3250 2093 immutantur,
3301 2027 3480 2083 nisi~a

1885 2126 2086 2183 virtute
2115 2125 2557 2196 prociscantur.

2054 2258 2391 2316 CDXXXVI.
2423 2291 2496 2302 -—
2529 2257 2785 2316 ZOSIMO
2823 2256 3300 2315 PRESBYTERO.

1103 2353 1284 2426 Iniqui
1309 2356 1486 2426 arguit
1513 2355 1817 2421 sacerdotii,
1840 2365 1961 2410 utet
1999 2354 2150 2423 epist.
2180 2370 2326 2424 sequ.
2366 2363 2413 2408 et
2442 2352 2569 2407 ΗΟ.

253 2465 430 2518 Δεινδν
466 2467 572 2537 μὲν
615 2467 710 2521 καὶ
741 2466 805 2521 τὸ
849 2470 1034 2540 τρυφῇ
1069 2466 1166 2521 καὶ
1195 2466 1424 2540 λαγνείᾳ
1466 2468 1770 2522 ἑαλωκέναι

191 2557 459 2628 ἄνθρωπον
492 2560 580 2622 εἰς
617 2559 921 2632 ἱερωσύνην
965 2561 1115 2625 ὅπως
1150 2561 1352 2634 δήποτε
1387 2561 1652 2616 δοκοῦντα
1681 2578 1771 2615 τε·

192 2647 312 2703 λεῖν.
344 2650 418 2704 Τὸ
449 2650 510 2704 δὲ
551 2650 775 2705 πάντων
827 2649 1221 2721 σχετλιώτατον
1266 2653 1447 2706 ἐκεῖνό
1489 2654 1662 2719 ἐστιν,
1691 2653 1775 2706 ὅτι

191 2741 251 2793 τὰ
270 2741 372 2794 τῶν
394 2741 636 2814 ἀνιέρων
662 2743 759 2796 καὶ
781 2741 992 2810 ὲναγῶν
1019 2741 1300 2817 πράττεις,
1324 2741 1426 2812 τῆς
1452 2741 1512 2795 δὲ
1533 2741 1641 2795 ἀπὸ
1669 2738 1764 2793 τοῦ

189 2829 352 2886 δοκεῖν
378 2831 690 2906 ἰερωσύνην
722 2832 1022 2905 κεκτῆσθαι
1050 2834 1307 2905 ἀντιποιῇ
1340 2832 1519 2905 δόξης.

485 2943 663 3000 ΥΛΖθ.
684 2973 754 2984 -
783 2944 1089 3016 amomo
1121 2945 1448 3017 AIAKoNn.

1952 2467 2236 2523 Molestum
2269 2481 2400 2524 sane
2426 2467 2634 2523 deliciis
2669 2481 2734 2522 ac
2759 2466 2969 2523 libidini
3012 2466 3254 2524 deditum
3302 2467 3477 2525 homi-

1880 2574 2000 2614 nem
2037 2561 2373 2615 sacerdotem
2403 2559 2666 2616 ordinari.
2695 2558 2752 2614 id
2781 2575 2909 2614 vero
2949 2561 3189 2617 maxime
3226 2563 3474 2618 omnium

1879 2647 2273 2716 deplorandum
2302 2657 2409 2713 est,
2439 2650 2583 2718 quod
2611 2649 2879 2720 sacrilege
2903 2650 3179 2721 impieque
3214 2660 3263 2707 tc
3293 2667 3474 2721 geras.

1877 2733 2064 2805 Fingis
2099 2749 2230 2791 vero
2260 2735 2627 2792 sacerdotium
2645 2734 2776 2806 jure
2820 2747 2880 2792 ut
2915 2738 3198 2808 possidere
3231 2739 3469 2796 videare.

2083 2936 2441 2996 CDXXXVII.
2474 2970 2545 2982 -—
2579 2938 2889 3000 EUTONIO
2928 2942 3255 3004 DIACONO.

959 3034 1039 3090 De
1076 3033 1280 3090 Zosimi
1312 3037 1476 3101 vitiis,
1503 3052 1598 3104 pro
1623 3051 1726 3104 quo
1755 3049 1910 3089 orare
1933 3045 2126 3088 monet.
2153 3031 2316 3104 (Vide
2341 3035 2494 3104 epist.
2529 3034 2682 3106 £03.)

247 3155 316 3210 Σὺ
350 3154 453 3226 μὲν
485 3153 724 3217 εἰκότως
753 3150 1083 3225 θαυμάζεις,
1124 3153 1273 3214 ὅπως
1304 3153 1332 3205 ὁ
1367 3150 1553 3214 ἄθλιος
1597 3149 1770 3205 Ζώσι-

1946 3149 2117 3206 Recte
2138 3151 2390 3221 equidem
2419 3151 2655 3222 jureque
2684 3155 2891 3224 optimo
2920 3157 3162 3228 miraris,
3190 3158 3468 3219 Zosimum

187 3265 276 3316 μσς
304 3246 567 3316 ἐκθύμως
605 3246 710 3316 τῆς
744 3243 944 3309 κακίας
994 3243 1204 3315 ἔχεται,
1240 3242 1336 3296 καὶ
1385 3240 1584 3313 δεσμδς
1612 3233 1769 3305 οὗτός

183 3340 317 3390 ἐστιν
347 3335 627 3408 ἀρραγὴς,
655 3335 714 3390 ὃν
745 3334 848 3389 οὐκ
884 3333 951 3389 ἂν
979 3333 1244 3403 διακόψας
1282 3331 1492 3402 οἴχεται
1525 3331 1768 3403 φερόμε-

181 3447 258 3493 νος
294 3430 386 3483 ἐπὶ
419 3429 521 3492 τὰς
549 3428 789 3492 ἀτόπους
823 3426 1075 3498 πράξεις.
1106 3427 1329 3497 ’Έτεροι
1357 3425 1413 3480 δὲ
1447 3426 1510 3478 ού
1554 3424 1770 3494 θαυμά-

183 3518 376 3586 ζουσιν,
411 3518 552 3576 ἀλλὰ
598 3519 694 3572 καὶ
743 3518 971 3583 εἰκότως
1015 3519 1080 3589 τῇ
1121 3515 1181 3581 ἐξ
1225 3515 1404 3587 ἀρχῆς
1449 3515 1767 3586 ἀναστροφῇ

180 3611 269 3680 τὴν
299 3610 503 3663 κακίαν
544 3607 820 3681 ηὐξῆσθαι
851 3609 1152 3680 νομίζουσι.
1188 3608 1259 3663 Τὸ
1297 3607 1394 3678 μὲν
1420 3605 1530 3678 γὰρ
1560 3608 1623 3659 ὲκ
1646 3605 1767 3658 δούς

180 3701 264 3753 λου
324 3702 535 3772 πατρὸς
595 3699 1008 3769 πεφυτεῦσθαι,
1059 3699 1574 3769 παραλιμπὰνουσιν
1626 3698 1766 3750 εἰκό-

179 3809 297 3858 τως.
353 3791 551 3848 Πολλοὶ
581 3795 692 3861 γὰρ
722 3790 930 3844 οἰκέται
962 3789 1266 3860 ἐλευθέρων
1299 3785 1437 3843 εἰναι
1465 3788 1766 3842 δοκούντων

179 3885 428 3955 ἀμείνους
457 3885 563 3938 εἰσὶ
603 3884 746 3938 κατὰ
781 3883 908 3946 τοὺς
947 3881 1184 3952 τρόπους
1204 3899 1218 3912 ·
1250 3881 1352 3953 τὴν
1384 3881 1441 3935 δὲ
1471 3880 1531 3949 ἐξ
1556 3881 1762 3952 ἐφήὸου

177 3970 392 4044 ἀγωγὴν
426 3971 770 4035 κακίζουσιν,
790 3968 865 4032 ώς
888 3969 1069 4041 πάσης
1097 3970 1298 4035 κακίας
1319 3967 1483 4024 οὖσαν
1513 3971 1724 4040 μεστήν
1745 3985 1761 4002 ⁸

179 4060 253 4113 διὸ
299 4063 392 4115 καὶ
455 4060 806 4132 συνηνδρώθη
849 4060 1000 4131 αὐτῷ
1048 4061 1157 4116 τῶν
1190 4063 1376 4117 κακῶν
1420 4064 1453 4133 ὴ
1501 4062 1760 4126 διάθεσις,

177 4151 263 4204 καὶ
295 4153 375 4216 εἰς
417 4150 535 4217 ἓξιν
587 4149 802 4224 προύϐη
841 4153 874 4223 η
934 4152 1192 4224 πονηρία.
1251 4154 1548 4223 Ἀφέμενος
1582 4154 1762 4208 τοίνυν

181 4242 274 4296 τοῦ
310 4241 644 4315 θαυμάζειν,
676 4244 772 4315 τὴν
797 4245 887 4299 διὰ
911 4244 1021 4298 τῶν
1052 4245 1268 4316 εύαγῶν
1301 4245 1498 4300 σαυτοῦ
1529 4263 1763 4318 προσευ-

175 4335 278 4406 χῶν
344 4335 502 4408 αὐτῷ
557 4337 783 4408 χάρισαι
830 4336 1168 4410 θεραπείαν
1219 4338 1360 4410 τάχα
1417 4357 1534 4405 πως
1601 4356 1762 4410 μετα-

178 4428 345 4499 γνοίη.

698 4540 875 4596 mn'.
909 4570 979 4582 —
1003 4540 1237 4611 ΝΕΙΛῼ.

1875 3241 2028 3297 illum
2081 3252 2330 3297 nostrum
2373 3253 2626 3313 prompte
2659 3245 2798 3300 mala
2850 3261 3082 3320 qumque
3123 3260 3362 3322 patrare,
3401 3267 3469 3311 ac

1875 3332 2091 3390 vinculo
2124 3333 2288 3390 veluti
2321 3333 2557 3390 infracto
2596 3331 2910 3408 colligatum
2941 3340 2996 3395 in
3030 3356 3269 3414 praeceps
3310 3344 3466 3414 ferri,

1877 3425 2115 3480 absurda
2152 3440 2384 3496 quaeque
2426 3429 2842 3486 committenda.
2877 3433 2942 3486 At
2977 3432 3064 3487 alii
3113 3435 3341 3495 minime
3371 3441 3468 3497 ad-

1876 3517 2164 3584 mirantur,
2212 3519 2498 3576 credentes
2527 3521 2642 3592 jam
2691 3521 2819 3578 inde
2857 3523 2926 3578 ab
2959 3524 3189 3581 infantia
3235 3545 3466 3597 perver-

1872 3621 1960 3661 sos
1986 3607 2038 3661 in
2065 3608 2182 3664 dies
2204 3624 2385 3666 mores
2411 3612 2805 3670 accumulasse.
2829 3613 2991 3671 Patre
3018 3618 3164 3673 enim
3193 3623 3466 3692 mancipio

1872 3704 2058 3750 nutum
2103 3713 2223 3754 esse
2272 3701 2466 3755 merito
2519 3713 2872 3771 praetereunt.
2919 3703 3077 3762 Servi
3117 3711 3264 3766 enim
3311 3715 3465 3770 multi

1872 3784 2056 3842 liberis
2081 3787 2394 3848 hominibus
2434 3806 2578 3861 szepe
2607 3806 2870 3862 praestare
2910 3801 3154 3858 moribus
3179 3805 3463 3874 reperiun-

1869 3885 1980 3932 tur.
2021 3879 2150 3950 Ejus
2181 3896 2310 3937 vero
2348 3897 2412 3938 ex
2461 3884 2688 3953 ephebis
2734 3890 3051 3946 excedentis
3083 3894 3460 3952 educationem

1869 3979 2153 4038 accusant,
2189 3981 2250 4026 ut
2279 3973 2458 4029 omnis
2487 3976 2703 4045 generis
2735 3977 2989 4036 refertam
3022 3983 3189 4040 vitiis.
3235 3986 3371 4042 llinc
3404 3999 3462 4045 et

1869 4059 1935 4114 ad
1971 4062 2180 4117 virilem
2215 4079 2390 4135 usque
2427 4077 2641 4125 tetatem
2695 4071 2952 4127 comitata
3004 4073 3323 4145 improbitas
3351 4089 3457 4146 est,

1869 4152 2113 4223 abiitque
2147 4158 2201 4210 in
2250 4157 2518 4214 habitum.
2563 4160 2747 4216 Mirari
2781 4161 2964 4234 itaque
3011 4166 3219 4234 desine,
3256 4171 3302 4224 si
3333 4187 3460 4242 pre-

1868 4243 2024 4300 cibus
2061 4262 2158 4316 pro
2187 4263 2252 4336 eo
2278 4250 2343 4305 ad
2370 4250 2537 4307 Deum
2585 4253 2723 4312 fusis
2767 4256 2945 4328 placet
2993 4257 3068 4313 illi
3120 4261 3453 4332 gratiﬁcari;

1867 4338 2100 4407 gratiam
2137 4338 2276 4397 forte
2311 4353 2432 4413 post
2466 4354 2548 4400 est
2578 4345 2884 4405 habiturus.

2308 4546 2689 4606 CDXXXVIH.
2728 4582 2797 4594 --
2827 4553 3012 4613 NILO.

425 4630 703 4686 Moderata
731 4631 954 4685 laudare
986 4642 1188 4701 Oportet
1211 4672 1225 4697 ,
1253 4647 1342 4686 nec
1371 4633 1615 4688 extollere
1635 4633 1813 4689 nimiis
1839 4633 2108 4690 laudibus.
2134 4635 2311 4707 (Conf.
2336 4640 2486 4708 epist.
2513 4641 2640 4707 356,
2666 4643 2792 4709 337,
2827 4645 2932 4700 “7
2962 4659 3011 4702 et
3035 4650 3094 4704 il
3113 4651 3184 4723 ἰ.)

235 4749 296 4803 Εἰ
330 4750 432 4803 καὶ
466 4751 516 4801 οἰ
552 4748 826 4819 φιλότιμοι
868 4748 934 4801 δι’
963 4747 1203 4802 ἐπαίνων
1242 4751 1478 4820 μάλιστα
1506 4752 1758 4824 παραθή-

171 4852 350 4904 γονται
406 4836 637 4909 (διψῶσι
687 4838 795 4908 γὰρ
846 4840 1084 4893 ἐπαίνων
1134 4842 1359 4911 μᾶλλον,
1419 4843 1452 4914 ἢ
1499 4845 1756 4915 ποτῶν),

1929 4750 2041 4808 Etsi
2073 4753 2248 4811 laudis
2290 4757 2469 4826 cupidi
2495 4759 2665 4828 gloria
2712 4761 3054 4833 potissimum
3091 4770 3453 4829 exstimulan-

1862 4851 1952 4898 tur
1980 4844 2217 4916 (laudent
2241 4848 2384 4903 enim
2420 4849 2539 4920 plus
2568 4868 2732 4922 quam
2768 4868 2954 4927 potum
2988 4861 3228 4934 sitiunt),
3270 4866 3456 4921 mode-

168 4927 297 5018 αλλὰ
333 4929 589 5018 μετρίως⁸
623 4931 729 5000 χρὴ
770 4931 996 4994 τούτους
1027 4934 1335 5000 ποιεῖσθαι,
1377 4936 1472 4990 καὶ
1502 4936 1576 5006 μὴ
1616 4937 1757 5004 ἄγαν

1889 4943 1978 4989 ate
2023 4948 2201 4993 tamen
2251 4943 2516 5009 agendum
2567 4944 2694 5013 illis,
2739 4964 2915 5018 neque
2964 4959 3152 5009 texere
3197 4957 3448 5013 nimium.

169 5013 435 5082 ὑφαίνειν.
467 5014 659 5068 Πολλοὶ
702 5017 811 5086 γὰρ
856 5019 919 5070 ὲκ
963 5020 1060 5089 τῆς
1092 5020 1401 5092 ύπερόολῆς
1446 5024 1553 5076 τῶν
1583 5028 1750 5094 ἐγκων

1886 5024 2115 5096 ’leriqne
2141 5028 2287 5084 enim
2316 5031 2473 5086 laude
2518 5034 2744 5092 nimium
2781 5038 2908 5095 elati
2936 5040 3176 5099 laborem
3207 5045 3451 5103 vicissim

169 5103 303 5173 μίων
336 5104 662 5170 ἐκλυθέντες
686 5147 701 5174 ,
727 5107 982 5163 ἐκλύουσι
1015 5111 1114 5182 τὴν
1148 5115 1227 5176 εἰς
1250 5114 1378 5178 τοὺς
1414 5115 1607 5181 πόνους
1647 5136 1756 5172 πα-

1886 5116 2310 5192 Iiligcntiamque
2344 5125 2653 5186 remittunt.

171 5199 468 5269 ρασκευήν.

167 5309 333 5367 ΥΛΘί.
368 5344 442 5356 -
468 5312 1130 5441 ΠΑΘΟΔΔΙᾌῗΙΙὲὂὲᾹΙ
1161 5319 1402 5394 ΩΦΕΛΙῼ
1433 5322 1755 5379 ΓΡΑΜΜΑ-

1859 5328 2196 5386 CDXXXIX.
2247 5362 2319 5373 —
2367 5334 2941 5406 AGATHODASMONI
3003 5344 3088 5400 ET
3150 5344 3452 5406 OPHELIO

2407 5405 2912 5469 GRAMMATICIS.

1304 5487 1633 5544 Miscendum
1670 5492 1799 5548 utile
1831 5495 1972 5549 dulci
2004 5496 2056 5550 in
2090 5498 2322 5567 scriptis.

244 5595 470 5668 Ἐπειδὴ
511 5597 567 5650 αἰ
602 5601 898 5670 μονοειδεῖς
929 5604 1149 5674 μελέται
1177 5623 1235 5659 τε
1266 5607 1360 5660 καὶ
1395 5611 1750 5680 παραινέσεις

167 5685 426 5744 κόπτουσι
456 5690 662 5763 τρόπον
708 5697 832 5751 τινὰ
873 5697 970 5769 τῆς
1005 5699 1116 5754 τῶν
1163 5701 1543 5775 ἁμελεστέρων
1573 5705 1752 5777 ψυχῆς

165 5777 228 5830 τα
251 5777 420 5852 νεῦρα
465 5780 638 5913 (δοκεί
678 5785 787 5858 γὰρ
828 5786 1013 5852 αὐτοῖς
1049 5791 1200 5847 πᾶσα
1235 5793 1505 5867 μεταϐολὴ
1539 5794 1754 5866 σχῆμα⁶

1935 5613 2162 5678 Quando
2188 5617 2611 5676 declamationes
2640 5621 3088 5699 ltortationesque
3104 5629 3274 5703 689
3290 5629 3451 5686 unius

1866 5704 2008 5759 modi
2045 5719 2246 5762 nervos
2277 5708 2448 5763 animi
2499 5712 2803 5780 praecidunt
2855 5715 3242 5788 negligentium
3289 5728 3454 5788 atque

1867 5800 2179 5869 ignavorum
2238 5802 2440 5875 (omnis
2489 5805 2633 5862 enim
2689 5807 3027 5867 schematum
3091 5811 3322 5872 variatio
3367 5814 3450 5880 iu-
