4010 6498
568 388 696 455 ιειδει
1715 385 1787 458 's.
1830 399 2119 460 iSiDORI
2160 395 2592 457 PELUSIOTnE
3656 397 3790 464 ibet

562 511 732 567 cunda
777 511 881 566 illis
920 512 1174 582 exsistit),
1211 511 1410 581 scripta
1447 512 1600 567 decet
1631 515 1810 568 studio
1841 515 2145 584 animique

2214 528 2303 576 τος
2331 511 2474 580 ἡδὺ),
2495 510 2600 582 χρὴ
2629 510 2696 564 τὰ
2729 511 3130 582 συγγράμματα
3159 517 3220 566 ἐκ
3261 512 3490 584 σπουδῆς
3523 515 3616 568 καὶ
3648 517 3787 586 ψυχ-

561 614 709 660 tnotu
760 614 1078 674 temperare.
1132 605 1209 659 Es
1255 606 1419 659 animi
1476 605 1738 674 siquidem
1787 617 1932 661 motu
1989 598 2121 659 nihil

2227 603 2472 671 αγωγίας
2505 603 2827 674 κεκρᾶσθαι.
2881 603 2974 656 Ἐκ
3017 605 3114 672 μὲν
3143 605 3252 674 γὰρ
3288 605 3386 674 τῆς
3431 605 3788 675 ψυχαγωγίας

559 698 783 752 studiosi
808 697 1167 753 oiienduntur.
1187 697 1527 767 Negligentes
1560 711 1683 752 vero
1703 711 1770 752 ex
1800 698 1973 752 studio
1996 713 2116 752 cum

2219 697 2268 748 oi.
2319 696 2578 764 ἐμμελεῖς
2627 695 2780 749 οὐδὲν
2824 693 3333 765 παραδλαϐήσονται
3363 735 3378 760 ,
3431 696 3535 749 ὑπὸ
3585 697 3643 750 δὲ
3697 697 3787 774 τῆς

561 788 723 841 animi
758 795 900 841 motu
935 796 1338 860 contemperato
1375 786 1618 842 utilitatis
1656 787 1940 858 plurimum
1985 788 2116 841 bau-

2220 787 2456 857 σπουδῆς
2501 788 2600 856 τῆς
2626 790 2690 857 τῇ
2724 786 3049 856 ψυχαγωγία
3083 787 3430 858 κεκραμένης
3465 790 3513 841 oi
3551 788 3628 858 μὴ
3664 788 3787 845 λίαν

559 879 717 933 rieut.

2219 877 2354 949 ῥᾴθυ
2363 895 2451 948 μοι
2477 878 2933 949 ὠφεληθήσονται.

957 989 1160 1045 ουχι..
1195 1019 1263 1030 -
1301 984 1703 1043 THEODOSIO.

2694 987 2829 1042 rM'.
2868 1018 2910 1026 —
2967 985 3316 1059 ΘΕΟΔΟΣΙῼ.

559 1086 634 1141 De
659 1082 859 1140 Zosimi
883 1082 1072 1138 iterum
1094 1084 1196 1137 vita
1219 1081 1430 1145 vitiosa,
1449 1079 1682 1148 precibus
1703 1081 1878 1147 itaque
1901 1076 2008 1130 Deo
2029 1079 2518 1133 commendandum.
2546 1075 2728 1150 (Supr.
2750 1079 2899 1145 epist.
2933 1076 2968 1130 2
2992 1087 3039 1130 et
3068 1077 3172 1132 457
3195 1096 3209 1144 ;
3245 1078 3433 1133 similis
3463 1079 3612 1147 epist.
3640 1078 3792 1150 105.)

623 1195 797 1250 Audio
818 1204 868 1248 te
891 1193 957 1248 de
985 1192 1144 1248 rebus
1176 1206 1280 1245 non
1303 1192 1499 1246 dudum
1531 1189 1816 1259 praeteritis
1841 1187 2111 1244 Zosimum

2289 1187 2419 1246 Οἶδα
2451 1191 2551 1261 μὲν
2578 1189 2637 1254 ἐξ
2662 1183 2736 1262 ῶν
2763 1189 2965 1255 ἀκούω,
2997 1190 3070 1253 ὡς
3103 1191 3199 1260 οὐχ
3223 1190 3363 1261 ὑπὲρ
3393 1191 3512 1246 λίαν
3542 1193 3789 1265 ἀρχαίων

555 1282 810 1341 accusare
838 1323 854 1350 ,
896 1297 1069 1352 neque
1095 1297 1158 1337 ex
1189 1282 1448 1352 temporis
1477 1281 1628 1350 lapsu
1659 1279 2111 1349 opportunitatem

2221 1283 2559 1354 πραγμάτων
2599 1282 2790 1349 λέγων,
2837 1282 3008 1346 ἀδεῶς
3055 1284 3321 1353 πράττεις
3357 1285 3454 1356 τὴν
3502 1287 3644 1340 κατά
3688 1285 3787 1340 τοῦ

554 1388 816 1445 quaerere,
842 1383 901 1426 ut
937 1372 1071 1427 falso
1100 1385 1344 1427 accuses.
1384 1370 1558 1426 llabes
1584 1371 1726 1424 enim
1760 1369 1811 1423 in
1839 1378 2108 1438 promptu,

2220 1373 2403 1426 ἀθλίου
2457 1370 2705 1441 Ζωσίμου
2783 1372 3157 1443 κατηγορίαν,
3217 1376 3622 1448 συναγωνιστὴν
3686 1377 3790 1431 οὐκ

553 1482 671 1535 qua:
723 1464 966 1535 proferas
1021 1472 1190 1535 gesta.
1254 1461 1453 1518 Verum
1499 1476 1604 1516 non
1641 1470 1748 1514 tam
1805 1460 2113 1516 accusando

2220 1463 2358 1532 ἔχων
2392 1465 2472 1526 εἰς
2503 1461 2856 1531 ψευδολογίαν
2905 1461 2996 1515 τὸν
3041 1463 3271 1533 χρόνον·
3307 1465 3448 1518 αὐτὰ
3497 1465 3603 1536 γάρ
3643 1466 3789 1535 ἔχεις

555 1558 791 1627 linguam
838 1555 892 1610 in
921 1570 1043 1610 eum
1091 1555 1247 1610 decet
1280 1554 1575 1617 exacuere,
1622 1567 1784 1622 quam
1838 1552 1890 1606 in
1920 1567 1986 1606 eo
2014 1551 2110 1605 deo

2222 1551 2605 1624 μαρτυροῦντα
2632 1553 2698 1606 τά
2728 1553 3052 1624 πράγματα.
3099 1553 3259 1607 Ἀλλά
3293 1553 3399 1627 χρὴ
3428 1555 3502 1626 μὴ
3525 1554 3789 1609 τοσοῦτον

553 1648 839 1718 plorando,
881 1654 937 1701 ct
978 1645 1144 1701 Deum
1197 1659 1295 1713 pro
1343 1645 1436 1700 illo
1483 1643 1818 1714 deprecando
1870 1653 2113 1712 satagere

2216 1643 2313 1715 τὴν
2349 1643 2597 1713 γλῶτταν
2630 1644 2873 1708 ὁπλίζειν
2907 1645 2984 1708 είς
3023 1644 3122 1714 τὴν
3175 1644 3297 1698 κατ’
3349 1645 3512 1698 αὑτοῦ
3548 1663 3790 1717 κατηγο-

552 1738 822 1793 convenit.
877 1737 1172 1792 Accusatus
1208 1737 1351 1791 enim
1388 1735 1454 1790 ad
1498 1736 1731 1801 malum,
1779 1745 1837 1790 ut
1866 1743 2106 1805 apparet,

2219 1736 2360 1808 ρίαν,
2387 1736 2510 1790 ὅσον
2531 1731 2630 1800 είς
2659 1737 2784 1799 τοὺς
2813 1737 2890 1798 είς
2917 1734 3076 1788 αὑτὸν
3100 1734 3329 1806 θρήνους
3359 1736 3452 1788 καὶ
3491 1735 3590 1798 τὰς
3616 1753 3789 1807 προσ-

554 1829 865 1885 incitabit‘ur
903 1827 1074 1896 magis
1099 1845 1112 1881 :
1147 1826 1454 1895 deploratus
1479 1841 1608 1882 vero
1633 1788 1819 1898 pedem
1853 1788 1991 1883 fo‘rie
2019 1788 2108 1884 re;

2213 1788 2406 1897 Eua}.
2446 1788 2936 1898 Κατηγορούίαενος
2964 1824 3091 1894 γάρ,
3133 1788 3325 1879 πλέον,
3347 1829 3427 1890 είς
3455 1788 3674 1890 κακίανζ
3711 1827 3789 1891 ὡς

554 1921 712 1976 feret.
2214 1919 2409 1983 ἔοικεν,
2438 1917 2742 1989 ἐρεθίζεται
2768 1933 2781 1948 ·
2809 1915 3174 1988 θρηνούμενος
3203 1917 3282 1983 δὲ,
3318 1917 3447 1983 ἴσως
3471 1917 3784 1987 ἀνενέγκοι.

1019 2029 1151 2085 CDX
1162 2029 1245 2086 Li.
1277 2059 1348 2070 —
1379 2027 1654 2086 ZOSIMO.

2704 2028 2888 2082 ΥιιιΛο.
2913 2057 2980 2068 -
3009 2028 3277 2100 ΖΩΣΙΜῼ.

1349 2117 1592 2175 Gentium
1623 2136 1794 2175 mores
1824 2136 1938 2174 cum
1973 2121 2164 2176 nostris
2204 2117 2404 2174 collati.
2444 2116 2620 2189 (Conf.
2656 2119 2803 2185 epist.
2835 2117 2981 2185 164.)

624 2234 776 2291 Multi
816 2232 954 2304 apud
980 2231 1199 2290 Graecos
1233 2233 1497 2302 gentiles,
1543 2234 1684 2290 bone
1721 2234 1823 2298 vir,
1853 2235 2104 2290 virtutem

2279 2227 2474 2284 Πολλοὶ
2508 2230 2628 2300 μὲν,
2664 2221 2710 2282 ῶ
2740 2227 3005 2299 βέλτιστε,
3039 2231 3169 2301 παρ’
3205 2229 3430 2302 Ἕλλησι
3460 2231 3560 2302 τὴν
3585 2230 3791 2303 ἠθικὴν

558 2339 762 2380 morum
803 2322 993 2379 sectati
1019 2330 1163 2378 sunt.
1223 2321 1279 2377 Si
1304 2335 1430 2377 vero
1463 2323 1652 2394 ignave
1680 2335 1842 2394 agere
1872 2323 2103 2391 patrium

2210 2320 2658 2392 κατορθώσαντες
2690 2321 2889 2392 ἀρετὴν
2932 2322 3148 2394 ᾅδονται
3175 2338 3188 2352 ·
3222 2324 3268 2376 εί
3296 2322 3352 2376 δέ
3392 2323 3488 2377 καὶ
3524 2324 3586 2376 τὸ
3620 2322 3793 2394 ῥᾳθυ-

557 2415 662 2470 illis
688 2415 1049 2485 usitatumque
1088 2401 1239 2480 erat,
1270 2429 1338 2470 ne
1380 2415 1460 2470 sic
1485 2412 1702 2484 quidem
1745 2427 1843 2468 nos
1866 2412 2116 2470 convenit

2226 2415 2346 2485 μεῖν
2378 2412 2612 2476 ἐκείνοις
2659 2413 2890 2483 πάτριον
2933 2411 3030 2467 καὶ
3075 2413 3305 2485 σύνηθες
3335 2409 3424 2486 ἧν,
3460 2415 3582 2469 066’
3610 2415 3791 2480 οὕτως

555 2505 771 2561 virtutis
805 2507 1162 2563 intermittere
1183 2506 1441 2584 studium.
1476 2503 1612 2560 Nam
1644 2505 1982 2564 intervallum
2005 2520 2113 2577 quo

2209 2505 2359 2575 ἡμᾶς
2408 2502 2688 2573 προσῆκεν
2735 2502 2835 2573 τὴν
2887 2504 3016 2575 περὶ
3060 2503 3160 2575 τὴν
3209 2506 3412 2576 ἀρετὴν
3462 2506 3789 2576 ἐπιμέλειαν

558 2596 677 2655 illos
703 2613 1020 2668 superamus
1045 2599 1258 2654 veniam
1294 2611 1399 2652 non
1433 2597 1697 2652 concedit.

2210 2593 2489 2665 προέσθαι.
2521 2593 2594 2646 Τὸ
2623 2592 2732 2664 γὰρ
2760 2593 2921 2664 μέσον
2952 2595 3084 2664 ἡμῖν
3112 2594 3249 2665 πρὸς
3271 2595 3509 2659 ἐκείνους
3535 2598 3635 2650 οὒκ
3683 2597 3793 2650 ὀλί-

2206 2702 2300 2756 γον
2339 2685 2579 2756 ὐπάρχον
2619 2684 2932 2754 ἀφαιρεῖται
2955 2685 3053 2754 τὴν
3095 2685 3446 2756 συγγνώμην.

792 2798 1021 2857 CDXLII
1077 2829 1146 2840 —
1184 2797 1490 2856 MACARIO
1525 2794 1878 2853 EPISCOPO.

2471 2796 2656 2851 ΥΜΒθ.
2689 2825 2755 2837 --
2814 2797 3128 2871 ΜΑΚΑΡΙῼ
3167 2799 3539 2871 ΕΠΙΣΚΟΠῼ.

1367 2892 1563 2947 Orator
1591 2908 1694 2947 non
1724 2906 1923 2962 semper
1954 2891 2251 2960 persuadet.
2287 2889 2402 2961 (Sic
2427 2893 2575 2960 epist.
2609 2891 2712 2945 120
2739 2903 2784 2945 et
2818 2892 2960 2963 547.)

625 3027 681 3082 Si
716 3025 910 3083 talibus
931 3039 1024 3081 usa
1053 3024 1233 3117 verbis
1253 3025 1449 3089 oratio,
1480 3037 1598 3117 qua
1623 3023 2109 3117 etiaminanimem
2141 3060 2184 3117 ο

2293 3025 2358 3077 Εί
2404 3021 2661 3085 τοιούτοις
2701 3023 3044 3093 χρησάμενος
3082 3023 3261 3092 λόγοις
3290 3024 3318 3076 6
3355 3023 3544 3092 λόγος,
3587 3023 3638 3077 οῖ
3691 3028 3793 3080 καὶ

553 3116 768 3170 ﬂectere
801 3119 1051 3168 naturam
1090 3112 1281 3166 merito
1312 3120 1504 3180 queat,
1537 3109 1927 3181 implacabilem
1966 3109 2108 3164 illam

2225 3112 2323 3182 τὴν
2345 3111 2552 3181 ἄψυχον
2594 3111 2755 3176 φύσιν
2796 3111 3019 3176 εἰκότως
3049 3112 3113 3166 ἂν
3161 3113 3437 3186 ἐκαμψαν,
3470 3114 3573 3167 οὐκ
3597 3114 3790 3170 ἔπεισι

555 3207 723 3258 ieram
766 3202 821 3256 in
864 3201 1096 3271 seipsam
1140 3199 1450 3255 saevientem
1485 3198 1725 3254 emollire
1772 3213 1877 3253 non
1913 3199 2106 3268 potuit,

2215 3204 2276 3256 τὸ
2307 3201 2629 3272 ἀμείλικτον
2675 3205 2852 3256 ἐκεῖνο
2889 3202 3078 3274 θηρίον
3109 3204 3172 3258 ab
3207 3206 3327 3260 κατ’
3361 3206 3528 3261 αὐτοῦ
3570 3206 3793 3263 ἐπιλυτ-

554 3283 788 3350 ostendit
826 3301 1028 3364 aperte,
1074 3292 1215 3362 quod
1270 3290 1429 3346 [idem
1462 3290 1660 3357 facere,
1701 3300 1791 3346 aut
1843 3306 1944 3347 non
1986 3305 2110 3360 per-

2215 3292 2387 3363 τῆσαν
2406 3308 2422 3325 °
2454 3292 2621 3358 ἔδειξε
2651 3293 2919 3367 λαμπρῶς
2943 3336 2958 3362 ,
2994 3296 3077 3349 ὅτι
3107 3297 3168 3350 τὸ
3208 3298 3501 3369 πεισθῆναι
3545 3300 3638 3353 καὶ
3669 3298 3748 3371 μὴ
3772 3340 3786 3362 ,

555 3385 798 3447 suadere,
830 3382 901 3438 sit
945 3381 1000 3437 in
1029 3381 1295 3437 auditoris
1341 3389 1627 3450 porestate,
1661 3389 1880 3450 propter
1903 3382 2112 3436 arbitrii

2218 3383 2328 3436 τῶν
2370 3384 2672 3438 ἀκουόντων
2719 3385 2874 3450 ἐστὶ,
2924 3385 3012 3439 διὰ
3042 3386 3131 3440 τὸν
3169 3390 3268 3456 τῆς
3308 3389 3792 3460 αύτεξουσιότητος

556 3474 880 3536 libertatem,
910 3472 981 3528 ob
1015 3486 1176 3541 quam
1205 3471 1380 3526 oratio
1405 3469 1607 3539 judicio
1631 3481 1713 3526 est
1745 3473 1921 3541 digna.

2223 3475 2368 3545 ὅρον,
2398 3476 2464 3529 δι’
2494 3476 2552 3529 ὃν
2583 3477 2677 3530 καὶ
2710 3479 2737 3531 6
2766 3479 2866 3547 τῆς
2894 3478 3127 3549 κρίσεως
3158 3480 3434 3549 ἀξιόλογός
3461 3484 3576 3535 ἐστι
3605 3482 3786 3549 λόγος.

941 3601 1214 3660 CDXLIII.
1244 3633 1315 3644 —-
1354 3602 1543 3660 MART
1559 3602 1733 3659 i'RlO.

2665 3606 2932 3662 nurn—
2964 3609 3338 3680 ΜΛΡΤΥΡῐῼ.

1007 3692 1229 3748 Animus
1262 3694 1528 3749 instabilis
1558 3706 1776 3764 utraque
1810 3707 1951 3750 sorte
1986 3705 2238 3764 movetur,
2263 3697 2470 3766 sapiens
2505 3712 2607 3751 non
2637 3697 2780 3753 item.
2810 3697 2970 3770 (Vide
3002 3700 3154 3768 epist.
3182 3700 3331 3768 £08.)

625 3807 849 3864 incerta
891 3807 1012 3863 ﬁdei
1056 3815 1112 3864 et
1160 3805 1439 3864 instabiles
1491 3809 1735 3864 homines
1768 3810 2021 3879 gaudium
2062 3818 2117 3863 ct

2295 3811 2434 3876 Τοὺς
2467 3811 2565 3883 μὲν
2591 3814 2938 3884 εύριπίστους
2967 3815 3061 3870 καὶ
3080 3815 3372 3880 ἀϐεϐαίους
3404 3819 3496 3871 καὶ
3522 3813 3670 3890 χαρὰ
3695 3821 3795 3874 καὶ

558 3898 710 3952 dolor
744 3911 777 3952 a
807 3896 1016 3952 decenti
1057 3897 1333 3952 dimovent
1379 3906 1549 3951 statu.
1591 3895 1856 3952 Gaudiqu
1901 3897 2114 3966 quidem

2224 3901 2367 3973 λύπη
2394 3904 2492 3972 τῆς
2532 3903 2847 3976 πρεπούσης
2892 3909 3280 3970 καταστάσεως
3319 3909 3791 3975 ἐξακοντίζουσιν

558 3987 674 4042 alas
707 3987 945 4051 addens.
985 3999 1048 4041 ac
1079 3985 1238 4040 veluti
1270 3985 1590 4040 debacchari
1641 3985 1912 4052 suadens;
1963 3985 2120 4040 dolor

2225 3995 2257 4064 ὴ
2293 3994 2389 4063 μὲν
2441 3994 2713 4065 πτεροῦσα
2763 3997 2857 4050 καὶ.
2910 4003 3184 4070 παροινεῖν
3225 4001 3594 4056 ἀναπείθουσα
3619 4043 3633 4067 ,
3671 4008 3706 4077 η
3737 4007 3795 4060 δὲ

559 4092 685 4134 vero
709 4091 770 4132 se
797 4075 1082 4133 demittere
1112 4075 1561 4146 iormidoloseque
1585 4091 1745 4146 agere
1768 4078 1930 4147 cegit.
1972 4077 2116 4131 Cou-

2226 4084 2556 4138 ταπεινοῦσα
2581 4086 2674 4139 καὶ
2698 4086 2976 4156 ψοφοδεεῖς
3008 4091 3521 4158 παρασκευάζουσα.
3562 4075 3703 4159 Τοὺς
3738 4098 3796 4151 δέ

557 4177 760 4224 ειοιιιεε
784 4181 912 4222 vero
950 4167 1195 4236 beneque
1236 4167 1505 4222 stabilitas
1545 4182 1609 4222 ac
1664 4169 1954 4237 prudentes
1981 4166 2115 4222 nihil

2227 4175 2477 4245 βεϐαίους
2501 4178 2597 4231 καὶ
2621 4180 3038 4251 ἐρηρεισμένους
3058 4222 3072 4245 ,
3100 4186 3190 4238 καὶ
3214 4186 3454 4256 κρηπῖδα
3480 4190 3797 4260 φρονήσεως

560 4267 747 4316 uorum
775 4275 806 4314 a
830 4259 1026 4315 decoro
1045 4259 1301 4315 dimovet.
1340 4259 1508 4328 liujus
1529 4261 1672 4316 enim
1699 4261 2114 4317 exsultationem

2225 4267 2471 4340 ἔχοντας,
2525 4271 2636 4324 οὐδ’
2671 4273 2910 4344 ὁποτέρα
2934 4274 3137 4328 τούτων
3172 4275 3267 4329 τοῦ
3309 4259 3681 4349 προσήκοντος
3711 4280 3798 4346 ἐξ·

562 4351 943 4419 lasciviamque
970 4351 1314 4421 comprimit,
1378 4359 1628 4422 tanquam
1661 4353 1923 4409 rationem
1957 4352 2116 4408 intel-

2231 4361 2432 4434 ίστησι.
2476 4364 2587 4434 Τῆς
2615 4365 2712 4434 μὲν
2739 4366 2847 4437 γὰρ
2873 4367 3292 4422 καταστέλλουσι
3321 4369 3391 4423 τά
3423 4372 3616 4443 σκιρτή
3627 4389 3794 4443 ματα.

566 4441 735 4496 lectus
764 4441 919 4496 freno
943 4442 1200 4511 regendo.
1241 4440 1337 4496 illo
1359 4456 1488 4496 vero
1511 4441 1815 4510 superiores
1842 4442 2120 4513 reperiun-

2226 4454 2477 4527 καθάπερ
2507 4455 2708 4526 χαλινῷ
2740 4473 2846 4511 τινι
2894 4457 2972 4528 τῷ
3011 4459 3256 4531 λογισμῷ
3293 4440 3752 4533 ἀνασειράζοντες
3778 4479 3790 4493 ·

567 4544 673 4598 tur,
702 4531 959 4602 quidquid
987 4532 1328 4589 immodicum
1359 4533 1413 4586 in
1443 4532 1533 4588 illo
1560 4533 1896 4603 castigando.

2222 4546 2320 4614 τῆς
2346 4543 2404 4597 δέ
2435 4545 2744 4615 κρείττονες
2787 4547 3163 4619 εὑρίσκονται,
3195 4548 3293 4622 τὴν
3323 4531 3593 4624 ἀμετρίαν
3620 4553 3793 4625 αὐτῆς

2224 4631 2557 4697 κολάζοντες.

740 4735 905 4807 690
952 4733 1226 4791 coxuv.
1265 4766 1332 4776 —
1371 4733 1998 4790 AGATHODEMONI..

1832 4734 1960 4789 ΟΝΙ.
1975 4775 1998 4788 .
2592 4745 2758 4798 ΥΜΔ’.
2787 4776 2856 4788 -
2886 4749 3415 4806 ΔΓΔΘΟΔΔΙΜΟΝΙ.

572 4831 640 4885 De
676 4832 844 4883 tribus
887 4829 1093 4882 dicendi
1125 4831 1418 4898 generibus,
1463 4843 1685 4893 summa,
1731 4829 1901 4917 insilio
1928 4829 2226 4917 gt‘imoALx
2268 4831 2715 4917 Homero-auitam
2766 4841 2998 4896 oratione
3037 4844 3204 4913 magis
3239 4847 3572 4913 persuadere.
3610 4843 3802 4917 (σοιτί.

1744 4901 1896 4966 epist.
1932 4898 2058 4965 215,
2096 4899 2206 4957 asa
2239 4914 2286 4957 et
2315 4902 2439 4966 eos,
2475 4905 2621 4976 sos.)

633 5036 844 5091 Novum
871 5036 998 5105 quid
1030 5037 1300 5106 spectavi,
1337 5034 1480 5105 quod
1528 5050 1629 5090 non
1660 5035 1814 5092 facile
1846 5038 1968 5107 quis
1997 5053 2123 5108 per-

2301 5040 2627 5113 Καινότερὸν
2667 5059 2720 5096 τι
2755 5044 3039 5118 τεθέαμαι,
3072 5049 3219 5104 δούκ
3244 5049 3310 5104 ἀν
3335 5068 3419 5115 τις
3455 5052 3660 5123 ῥᾳδίως
3700 5070 3801 5108 κα-

565 5125 760 5192 cipiat,
801 5123 903 5177 nisi
945 5139 1058 5179 rem
1089 5134 1340 5178 accurate
1372 5123 1611 5177 edoctus.
1662 5124 1738 5178 De
1770 5125 1941 5181 tribus
1976 5129 2120 5182 enim

2227 5130 2528 5199 ταδέξοιτο,
2564 5133 2638 5203 μὴ
2661 5134 2901 5204 ἀκριϐῶς
2919 5139 2979 5191 τὺ
3005 5142 3234 5212 πρᾶγμα
3265 5142 3589 5213 πυθόμενος.
3613 5127 3802 5215 Τριῶν

565 5214 752 5268 amicis
780 5211 846 5266 ad
891 5225 1052 5265 unum
1076 5212 1349 5267 advocatis
1387 5212 1656 5281 uegOtium
1679 5252 1694 5276 ,
1725 5215 1815 5280 qui
1848 5215 1912 5267 ad
1937 5215 2121 5270 dicen-

2229 5220 2338 5292 γάρ
2363 5221 2497 5293 ὁμοῦ
2539 5224 2706 5292 φίλων
2733 5227 2858 5296 περὶ
2883 5228 3001 5292 ἐνὸς
3033 5211 3496 5301 παρακαλούντων
3527 5211 3801 5306 πράγμα-

563 5309 689 5360 dum
722 5303 1032 5374 aptissimus
1067 5312 1207 5369 erat,
1249 5305 1475 5359 dicendo
1506 5303 1727 5359 oil‘endit
1758 5324 1770 5360 :
1823 5307 1912 5375 qui
1945 5308 2121 5365 minus

2227 5329 2318 5374 τος
2341 5354 2354 5378 ,
2392 5316 2422 5367 6
2453 5315 2552 5384 μὲν
2584 5315 2888 5382 δεινότατος
2926 5323 3387 5394 προσπαρώξυνεν
3413 5369 3427 5392 ,
3471 5327 3500 5380 6
3540 5326 3596 5380 δέ
3631 5303 3801 5401 ἧττον

565 5402 740 5462 aptus,
775 5393 984 5448 animos
1006 5392 1288 5460 demulsit,
1328 5405 1383 5447 at
1431 5394 1616 5448 tertius
1642 5394 1850 5451 dicendi
1897 5398 2116 5467 imperi-

2224 5404 2394 5469 δεινὸς
2429 5407 2727 5478 ἐπράῦνεν·
2759 5410 2788 5462 6
2828 5411 2884 5463 δὲ
2917 5392 3209 5484 ἠμεληκὼς
3236 5416 3329 5470 τοῦ
3373 5418 3552 5488 λέγειν
3581 5392 3795 5479 ἔπεισε.

567 5494 679 5546 tus,
737 5481 1035 5549 persuasit,
1111 5491 1425 5552 tantumque
1482 5484 1725 5539 indoctus
1774 5487 1862 5542 hic
1921 5489 2114 5557 potuit,

2225 5495 2336 5549 Καὶ
2356 5497 2593 5571 ἠδυνήθη
2622 5501 2720 5570 μὲν
2751 5503 2778 5555 6
2803 5481 3020 5575 ἀμαθης
3046 5481 3317 5575 τοσοῦτον,
3354 5481 3478 5563 ὅσον
3501 5513 3673 5584 ἐχρῆν
3699 5516 3795 5569 τὸν

565 5579 820 5636 quantum
854 5585 959 5625 non
989 5587 1231 5629 summus
1259 5573 1366 5628 illc.
1424 5572 1878 5642 Eloquentissimo
1902 5580 2115 5645 accidit,

2223 5585 2524 5642 δεινότατον
2545 5605 2560 5621 ⁸
2606 5591 2775 5645 ἔπαθε
2809 5592 2865 5645 δέ
2891 5595 2919 5647 6
2961 5572 3414 5669 ῥητορικώτατος,
3622 5572 3795 5677 ἐχρῆν

566 5671 821 5725 quantum
857 5662 1232 5722 indOCtiSSimo
1265 5667 1483 5723 evenire
1516 5681 1611 5736 par
1643 5680 1780 5725 erat.
1839 5670 1906 5726 Ut
1949 5673 2118 5728 inter-

2224 5680 2315 5735 τὸν
2362 5680 2759 5771 ἀμαθέστατον.
2804 5687 2893 5752 Ὠς
2941 5662 3277 5762 uaporem
3323 5662 3564 5761 éueivog,
3603 5662 3795 5771 ᾧζᾶξν

571 5760 784 5824 rOgatus
810 5754 1059 5823 quidam,
1096 5757 1162 5812 ad
1188 5772 1344 5828 quem
1381 5757 1697 5828 legationem
1743 5758 1929 5828 ferret,
1969 5763 2116 5820 dice-

2227 5770 2522 5843 πρεσϐείαν
2554 5775 2910 5850 προσέφερον,
2949 5779 3074 5851 ἔφη,
3111 5802 3128 5834 ι
3166 5782 3243 5854 τῷ
3271 5786 3457 5859 τρόπῳ
3480 5788 3585 5843 τῶν
3611 5754 3794 5864 ποια-
