4010 6442
229 274 350 342 1585

1061 267 1604 331 EPISTOLABUM
1641 267 1789 328 LIB.
1831 267 1900 328 V.
1953 291 2000 302 -
2037 265 2279 326 EPIST.
2308 265 2676 329 CDXLVIII.

3391 266 3526 332 15-36

229 387 526 443 καλούντων
560 383 680 456 (56)
723 383 1133 457 προεσχηκέναι
1173 383 1309 454 (57),
1339 383 1402 437 οὑ
1424 383 1502 454 τῷ
1531 383 1676 454 λόγῳ
1697 398 1712 414 ·
1739 385 1807 453 τῇ
1842 387 1859 441 Α

1932 388 2020 448 ret,
2074 400 2092 433 ι
2123 381 2212 436 hic
2242 395 2423 438 mores
2452 381 2753 436 dicentium
2783 379 3066 436 observari
3091 422 3105 448 ,
3146 395 3252 437 non
3300 382 3512 440 oratio—

225 477 457 548 πολιτεία
501 477 828 547 πεπεῖσθαι,
877 476 936 528 οὐ
985 476 1050 545 τῇ
1099 474 1423 546 εὐγλωττίᾳ.
1456 476 1519 529 Ei
1547 474 1728 528 τοίνυν
1761 474 1790 527 ό

227 573 331 642 βίος
356 569 451 624 τοῦ
485 569 657 638 λόγου
691 560 1062 642 περιγίνεται,
1089 567 1185 622 καὶ
1218 569 1251 640 ἡ
1281 567 1477 642 γνώμη
1504 568 1605 638 τῆς
1637 567 1814 637 γλώτ-

223 680 341 734 της,
372 661 601 730 πρῶτον
629 663 732 733 τὴν
762 661 1009 731 γνώμην,
1047 656 1169 714 εἶτα
1201 660 1300 732 τὴν
1326 661 1579 730 γλῶτταν
1605 676 1817 730 κοσμη-

222 754 338 807 τέον
357 769 370 782 ·
396 755 447 806 εί
464 753 524 807 δὲ
547 754 808 815 ἀπιστεῖς
831 751 1003 806 ταῦτα
1033 751 1387 822 γεγενῆσθαι,
1417 752 1497 815 εἰς
1516 750 1614 822 τὴν
1648 751 1817 820 Ὁμη-

224 843 374 915 ρικὴν
403 843 733 914 πρεσϐείαν,
763 842 829 910 ἣν
852 842 940 896 ἀεὶ
972 843 1064 893 ἐπὶ
1103 841 1347 912 γλώττης
1371 841 1538 911 ἔχεις,
1573 840 1664 894 τὸν
1692 839 1818 892 νοῦν

222 931 596 1003 παράπεμψον
621 946 632 959 ·
665 929 794 983 ἔνθα
835 931 862 983 ὁ
893 930 992 1000 μὲν
1035 931 1342 1000 Ἰθακήσιος
1383 931 1691 995 δεινότατος
1715 929 1815 996 ῶν,

223 1022 374 1076 πλέον
415 1023 715 1094 παρώξυνε
754 1022 849 1076 τὸν
891 1021 1134 1088 Πηλέως.
1171 1025 1231 1076 Ὀ
1265 1024 1320 1077 δὲ
1363 1018 1525 1094 ἧττον
1563 1023 1755 1088 δεινὸς,
1788 1025 1817 1077 ὁ

222 1112 571 1181 παιδαγωγός
604 1129 770 1182 φημι,
811 1112 1218 1181 κατεπράϋνεν.
1260 1111 1319 1165 '0
1350 1111 1407 1164 δὲ
1446 1111 1813 1184 Τελαμώνιος,

221 1203 384 1260 ὁλίαν
412 1202 720 1276 ἠμεληκὼς
750 1204 844 1257 τοῦ
878 1203 1079 1272 λέγειν,
1122 1201 1309 1256 ἔπεισε
1339 1221 1352 1233 ·
1403 1205 1499 1259 καὶ
1529 1204 1817 1276 δεδύνηται

223 1295 316 1366 μὶν
346 1298 373 1348 ὁ
399 1295 762 1366 Τελαμώνιος
783 1295 1060 1361 τοσοῦτον,
1086 1298 1207 1349 ὅσον
1235 1295 1404 1366 ἐχρῆν
1435 1296 1527 1350 τὸν
1551 1296 1812 1368 Λαέρτου·

219 1383 384 1439 ἔπαθε
418 1385 479 1439 δὲ
507 1379 702 1453 οὗτος,
738 1387 876 1458 ὅπερ
917 1386 1084 1458 ἐχρῆν
1118 1387 1348 1439 ἐκεῖνον.

449 1684 641 1737 nm.
677 1713 743 1724 -
785 1683 1040 1755 ΖοΣιΜο
1074 1683 1548 1755 ΠΡΕΣΒΥΤΕΡῼ.

1925 489 2091 540 nem;
2121 493 2141 527 ›
2179 474 2368 545 politia
2425 473 2789 544 institutoque
2834 474 2958 530 vita:
3004 476 3364 545 persuaderi,
3413 491 3522 530 non

1923 564 2261 635 eloquentia.
2324 563 2691 632 Quamobrem
2743 564 2786 619 si
2823 565 3059 620 orationi
3103 566 3214 620 vita
3275 573 3524 636 praestat,

1924 658 2091 715 etiam
2133 673 2286 714 mens
2317 657 2517 728 linguae
2551 657 2864 726 antecellit,
2908 672 3064 713 mens
3103 658 3285 727 itaque
3324 659 3524 728 Primo,

1927 749 2125 804 dehinc
2155 748 2339 819 lingua
2373 757 2458 802 est
2491 748 2834 803 exurnanda.
2901 747 3059 816 Quod
3112 748 3158 804 si
3213 749 3266 803 id
3321 747 3523 802 factum

1927 856 2050 897 esse
2083 841 2334 911 negabis,
2383 839 2729 904 ilutuericam
2765 840 3096 912 legationem
3119 882 3133 905 ,
3162 855 3324 910 quam
3370 851 3426 896 et
3471 841 3524 895 in

1925 949 2022 990 ore
2047 949 2263 1004 semper
2289 936 2490 1002 habes,
2537 936 2590 990 in
2645 935 2962 990 memoriam
2993 949 3211 991 revoca.
3252 933 3329 990 lbi
3376 933 3526 989 enim

1927 1026 2150 1099 Ulysses
2211 1028 2547 1092 Ithacensis,
2608 1027 3095 1098 eloquentissimus
3159 1043 3283 1082 cum
3351 1035 3521 1090 esset,

1921 1117 2156 1190 amplius
2207 1119 2480 1175 incitavit
2514 1119 2663 1176 Pelei
2709 1118 2876 1173 tilium
2909 1118 3200 1174 Achillem.
3268 1117 3367 1173 llic
3395 1114 3526 1172 vero

1919 1211 2099 1266 minus
2123 1211 2437 1278 vehemens,
2475 1213 2796 1280 paedagogus
2848 1212 3103 1281 inquam,
3130 1211 3370 1267 sedatior
3400 1209 3524 1264 fuit.

1920 1300 2234 1358 Telamonis
2253 1318 2380 1358 vero
2407 1304 2553 1359 illius
2575 1304 2734 1372 Ajax,
2768 1303 2860 1372 qui
2887 1303 3121 1358 dicendo
3146 1303 3365 1358 iniimus
3397 1301 3518 1364 fuit,

1917 1393 2198 1465 persuasit
2224 1413 2238 1449 :
2273 1394 2556 1466 potuitque
2578 1395 2714 1465 Ajax
2734 1392 3089 1450 Telamonius
3121 1403 3330 1449 tantum
3355 1408 3522 1464 quan-

1923 1497 2034 1542 tum
2063 1485 2279 1543 Laertis
2306 1487 2474 1543 lilium
2508 1485 2754 1559 Ulyssem
2789 1486 3095 1558 oportebat.
3139 1485 3218 1542 Illi
3247 1502 3378 1543 vero
3402 1494 3526 1540 ten-

1923 1588 2036 1635 tum
2061 1579 2282 1647 accidit,
2315 1590 2577 1651 quantum
2613 1580 2758 1635 hunc
2789 1580 3036 1648 perferre
3067 1595 3168 1649 par
3199 1589 3338 1635 erat.

2125 1689 2382 1749 CDXLV.
2423 1721 2496 1732 —
2535 1689 2788 1747 ZOSIMO
2823 1687 3309 1745 PRESBYTERO.

228 1777 484 1833 Virtutem
514 1778 797 1832 colendam
853 1790 1122 1844 portatur,
1152 1795 1312 1848 quam
1349 1778 1817 1856 prepositaftiattt
1872 1800 1988 1839 wna
2025 1804 2086 1841 se
2127 1788 2322 1842 sectari
2369 1786 2528 1842 malle
2554 1795 2798 1852 testatur,
2836 1801 2995 1856 quam
3033 1785 3215 1840 vitium
3246 1787 3526 1856 proposito

1197 1851 1436 1918 prtvmio.
1477 1847 1716 1919 (Confer.
1757 1850 1850 1908 lib.
1878 1871 1940 1922 ιι,
1972 1860 2126 1927 epist.
2157 1856 2263 1911 240
2290 1867 2338 1911 et
2371 1857 2526 1928 225.)

275 1979 384 2049 Τὴν
427 1977 681 2049 ἐμαυτοῦ
731 1977 963 2048 γνώμην
998 1977 1188 2050 σαφῶς
1220 1981 1398 2034 είπεῖν
1434 1978 1720 2050 βούλομαι.
1753 1981 1817 2034 Εί

212 2072 264 2125 δέ
287 2089 370 2135 τις
393 2070 791 2144 ὑπερϐολικῶς
827 2072 1083 2142 εἰρῆσθαι
1116 2071 1296 2138 δόξει,
1319 2072 1568 2126 δοκείτω.
1603 2074 1668 2126 Ol
1708 2074 1820 2145 γὰρ

213 2164 307 2230 τῆς
330 2164 540 2236 ἀρετῆς
579 2165 811 2234 ἐρασταὶ
859 2165 1277 2235 μαρτυρήσουσι
1305 2163 1384 2235 τῷ
1433 2164 1813 2238 ῥηθησομένη).

213 2257 354 2326 Φημὶ
395 2256 592 2310 τοίνυν
611 2295 626 2320 ,
656 2257 706 2308 εί
741 2255 841 2325 μὲν
864 2258 930 2326 τῇ
953 2258 1123 2327 ἀρετῇ
1150 2255 1417 2326 τιμωρίαι,
1450 2259 1518 2327 τῇ
1560 2256 1620 2310 δὲ
1648 2256 1821 2328 κακίᾳ

216 2348 473 2415 στέφανος
518 2346 812 2415 ἀπέκειτο,
845 2348 1018 2418 ἥδιστ’
1055 2347 1121 2401 ἂν
1160 2347 1316 2419 δίκην
1345 2347 1558 2402 δέδωκα
1591 2348 1821 2420 φιλάρε-

212 2457 299 2504 τος
328 2427 427 2505 ὢν,
483 2440 520 2510 ἢ
577 2437 849 2508 meeum
890 2438 1091 2501 κακίας
1125 2436 1202 2491 ὢν
1248 2439 1513 2510 ἐραστής.
1557 2439 1746 2503 Οὕτως
1788 2442 1820 2510 ἡ

217 2534 308 2601 μὲν
336 2532 514 2586 κακία
540 2572 558 2597 ,
593 2531 697 2585 κᾶν
744 2532 1012 2601 στέφανον
1045 2529 1366 2603 προξενοίη,
1400 2531 1584 2604 πάσης
1611 2549 1702 2603 μοι
1735 2550 1818 2586 τι-

218 2625 428 2694 μωρίας
459 2624 620 2676 δοκεῖ
645 2621 1009 2694 χαλεπωτέρα
1034 2620 1194 2678 εἶναι.
1234 2623 1298 2676 Ἦ
1320 2624 1377 2678 δὲ
1411 2624 1584 2695 ἀρετὴ
1614 2625 1815 2694 τιμαλ-

215 2717 490 2787 φεστέρα,
560 2715 666 2769 κᾶν
732 2716 1008 2786 τιμωρίας
1051 2716 1125 2786 μὴ
1155 2717 1436 2788 ἀμοιροίη.
1484 2717 1547 2771 Ἦ
1580 2719 1678 2789 μὲν
1727 2713 1822 2772 οὖν

215 2809 486 2880 εἰρημένη
523 2825 616 2879 μοι
638 2807 734 2878 ἥδε
761 2807 1060 2880 ὑπερϐολὴ,
1083 2809 1158 2873 ὼς
1198 2810 1356 2880 φαῖέν
1380 2827 1547 2878 τινες,
1578 2804 1680 2865 ὦδε
1707 2811 1822 2883 ἔχει

216 2898 305 2949 καὶ
330 2896 453 2961 ἃλις
487 2896 687 2968 ἐχέτω.
722 2898 784 2950 Ei
808 2897 864 2950 δὲ
891 2900 986 2951 καὶ
1008 2900 1226 2963 πάντως
1254 2903 1321 2970 τῇ
1361 2901 1465 2969 μὲν
1495 2902 1666 2974 ἀρετῇ
1701 2903 1824 2958 στέ-

218 3008 382 3056 φανος
405 3031 423 3055 ,
486 2993 557 3062 τῇ
585 2991 642 3044 δὲ
683 2991 852 3061 κακίᾳ
888 2992 1129 3062 τιμωρία
1175 2992 1503 3059 ἀπόκειται,
1527 2994 1580 3046 τί
1606 2996 1723 3048 ἐστι
1762 2997 1824 3050 τὸ

216 3082 408 3135 πεῖσαν
439 3099 503 3136 σε
538 3084 622 3146 είς
646 3081 740 3135 τὸν
766 3083 1023 3154 πυθμένα
1047 3084 1145 3154 τῆς
1173 3085 1375 3150 κακίας
1396 3087 1823 3143 καταποντῶσαι

218 3175 445 3244 σαυτὸν;
478 3172 657 3246 ἡδέως
680 3175 747 3230 ἄν
778 3192 872 3229 σου
899 3175 1174 3246 πυθοίμην
1200 3176 1334 3246 ἐγώ.

473 3293 684 3360 Υιιςο.
714 3321 783 3333 -
823 3292 1171 3364 ΠΑΛΛΑΔΙῼ
1207 3293 1533 3365 ΔιΑιςοΝο.

1993 1985 2151 2044 Libet
2178 2002 2354 2044 meam
2384 1989 2531 2045 clare
2564 1988 2812 2060 proferre
2851 1989 3203 2047 sententiam.
3240 1989 3352 2046 Etsi
3385 1991 3517 2061 quid

1920 2095 2086 2152 supra
2121 2080 2279 2136 ﬁdem
2315 2082 2494 2136 dicere
2541 2082 2766 2146 videar,
2805 2082 2878 2136 sit
2915 2083 2989 2137 ita
3017 2095 3185 2138 “sane.
3228 2082 3516 2138 Testitica-

1922 2176 2126 2231 buntur
2155 2176 2302 2231 enim
2329 2176 2554 2232 virtutis
2598 2175 2827 2231 studiosi
2867 2175 3011 2245 quod
3045 2175 3250 2232 dicam.
3296 2174 3523 2234 Allirmo

1922 2269 2125 2338 itaque,
2171 2267 2440 2338 siquidem
2480 2267 2666 2321 virtuti
2717 2281 2912 2335 paena,
2943 2265 3094 2322 vitiis
3147 2281 3280 2322 vero
3314 2282 3518 2324 corona

1923 2360 2201 2431 proposita
2243 2360 2348 2423 sit,
2401 2360 2696 2427 jucundius
2747 2372 2999 2428 pcenam,
3047 2359 3137 2430 qui
3183 2359 3397 2414 virtutis
3449 2363 3524 2416 sit

1924 2468 2137 2518 amans,
2165 2452 2444 2518 daturum,
2477 2466 2638 2520 quam
2667 2451 2711 2506 si
2748 2463 3063 2518 coronetur,
3089 2454 3160 2509 ob
3190 2453 3518 2524 improbita-

1925 2553 2033 2599 tem
2091 2543 2249 2613 hujns
2298 2559 2529 2600 amans:
2567 2547 2646 2600 sic
2683 2545 3026 2612 improbitas,
3060 2560 3320 2601 coronam
3356 2548 3522 2602 etiam

1927 2638 2142 2704 adepta,
2171 2635 2319 2689 omni
2350 2650 2473 2690 esse
2503 2651 2701 2706 genere
2727 2636 3116 2707 suppliciorum
3143 2637 3422 2694 molestior
3451 2641 3528 2692 vi-

1926 2726 2309 2782 detur.Virtus
2334 2741 2462 2782 vero
2485 2729 2804 2798 pretiosior,
2837 2731 2941 2786 etsi
2981 2745 3144 2801 pcena
3178 2746 3283 2788 non
3315 2742 3522 2787 careat.

1925 2818 2053 2876 Hatc
2097 2820 2279 2891 itaque
2312 2820 2474 2876 tidem
2502 2824 2773 2879 excedens
2815 2825 3088 2879 sententia
3113 2864 3131 2892 ,
3170 2834 3228 2880 ut
3271 2826 3531 2880 dixerunt

1927 2911 2174 2981 quidam,
2213 2911 2338 2968 talis
2359 2921 2445 2968 est
2481 2924 2536 2969 et
2568 2914 2786 2970 suﬂicit.
2841 2915 2898 2971 Si
2934 2931 3063 2972 vero
3094 2918 3317 2972 omnino
3354 2917 3526 2970 virtu-

1930 3012 2038 3059 tem
2083 3005 2402 3073 praemium,
2439 3006 2627 3061 vitium
2665 3016 2846 3063 autem
2890 3021 3051 3076 poena
3098 3016 3354 3072 maneat,
3400 3007 3526 3076 quid

1927 3104 2013 3149 est
2041 3095 2187 3164 quod
2232 3106 2284 3152 te
2314 3097 2558 3165 alliciat,
2619 3108 2676 3154 ut
2727 3101 2779 3154 in
2827 3100 3086 3170 nequitiae
3119 3099 3445 3157 barathrum
3477 3112 3530 3157 te

1932 3186 2233 3258 conjicias?
2270 3188 2502 3246 libenter
2532 3206 2633 3262 ego
2662 3192 2716 3247 id
2756 3201 2807 3247 te
2837 3207 3112 3263 rogarem.

2152 3300 2432 3358 CDXLV’I.
2465 3333 2537 3343 --
2577 3303 2926 3359 PALLADIO
2962 3303 3287 3362 DIACONO.

850 3384 1029 3441 Monet
1058 3396 1114 3440 ut
1144 3396 1323 3441 caveat
1355 3403 1418 3441 ne
1456 3390 1509 3441 in
1536 3388 1720 3443 eadem
1765 3390 1968 3448 incidat
1999 3394 2127 3449 vitia
2162 3412 2280 3467 qua:
2321 3399 2375 3452 in
2408 3399 2517 3453 alio
2547 3400 2898 3464 reprehendit.

293 3497 642 3569 ’Δνθρώπιον
685 3496 890 3567 φαῦλον
919 3540 933 3566 ,
959 3499 1055 3553 καὶ
1096 3499 1376 3571 βδελυρὸν,
1411 3501 1507 3555 καὶ
1537 3502 1816 3573 κίϐδηλον,

217 3590 306 3643 καὶ
325 3590 379 3642 τί
409 3588 525 3660 γὰρ
555 3590 617 3642 οὐ
664 3588 778 3660 (58)
809 3588 920 3642 τῶν
950 3589 1197 3673 αίσχρῶν
1222 3591 1459 3657 καλέσας
1483 3593 1542 3646 ὲν
1573 3597 1689 3659 τοῖς
1720 3596 1819 3649 αὐ-

213 3679 304 3733 τοῦ
328 3681 630 3751 γράμμασι
666 3679 939 3750 Ζώσιμον,
973 3681 1152 3751 ἀληθῆ
1197 3683 1295 3752 μὲν
1323 3683 1510 3753 λέγεις
1540 3701 1553 3715 ’
1602 3685 1818 3742 δέδοικα

214 3772 270 3828 δὲ
305 3773 382 3844 μὴ
413 3773 515 3826 καὶ
545 3773 712 3836 αὐτὸς
740 3774 937 3845 μικρὸν
964 3773 1194 3844 ὕστερον
1224 3774 1471 3841 τοιοῦτος
1509 3777 1817 3850 εὑρεθείης.

226 3863 449 3918 Ἐκεῖνα
480 3863 614 3934 γὰρ.
649 3863 726 3929 ὣς
749 3863 883 3933 φασί
914 3881 1084 3930 τινες,
1115 3863 1269 3936 ῆρξω
1291 3867 1578 3938 πράττειν,
1611 3867 1648 3923 ἃ
1669 3871 1814 3923 ὲκεῖ-

214 3974 302 4020 νος
357 3957 624 4028 πράττων
680 3955 760 4020 είς
807 3956 1109 4029 ἀνήκεστον
1160 3956 1501 4029 ἀναλγησίαν
1552 3959 1811 4014 τετελεύ-

214 4065 371 4119 τηκε.

565 4163 748 4220 ΥΜΖν.
775 4165 1109 4236 -ιΜΩΣΕῼ
1145 4164 1465 4240 ΔιΑιιοΝο.

1999 3503 2218 3561 Falsum
2255 3507 2703 3576 homuncionem,
2740 3513 3141 3570 exsecrandum
3175 3525 3340 3583 atque
3378 3516 3529 3571 adul-

1930 3595 2167 3651 terinum
2191 3637 2208 3663 ,
2249 3607 2304 3652 et
2337 3601 2468 3669 quid
2510 3617 2620 3656 non
2647 3602 2778 3658 [ωιίὶ
2808 3605 3056 3661 criminis
3085 3607 3194 3662 tuis
3241 3608 3292 3662 in
3332 3607 3529 3662 litteris

1929 3686 2209 3743 Zosimum
2247 3691 2560 3758 nominans,
2593 3707 2723 3749 vere
2751 3694 2973 3764 quidem
2999 3696 3174 3751 dicis:
3223 3713 3418 3754 vereor
3444 3707 3525 3753 ta-

1929 3792 2054 3834 men
2093 3792 2164 3834 ne
2195 3788 2250 3836 et
2303 3780 2424 3848 ipse
2484 3793 2610 3853 post
2663 3785 2826 3854 paulo
2875 3786 3000 3844 talis
3037 3788 3361 3857 reperiaris.
3431 3790 3526 3844 Illa

1927 3870 2128 3927 etenim
2157 3873 2554 3944 agereincipis,
2585 3877 2747 3949 691
2769 3888 2830 3934 ut
2851 3881 3072 3951 quidam
3108 3883 3379 3949 referunt,
3405 3899 3529 3955 qum

1926 3960 2016 4019 ille
2046 3963 2396 4024 committens
2429 3966 2483 4024 in
2518 3967 2878 4027 iucurabilem
2910 3971 3104 4030 incidit
3137 3975 3412 4030 morbum.

2244 4171 2549 4230 CDXLVII.
2588 4207 2658 4216 —
2700 4175 2859 4232 MOSI
2894 4177 3215 4236 DIACONO.

1429 4263 1502 4317 De
1533 4264 1754 4322 divitiis.
1785 4265 1954 4338 (lnfr.
1985 4269 2138 4338 epist.
2171 4270 2323 4342 450.)
3060 4281 3109 4338 ἆ

287 4373 388 4428 Ἐν
431 4376 596 4444 μόνον
644 4376 809 4431 καλὸν
855 4376 999 4449 ἔχειν
1033 4396 1125 4447 μοι
1181 4379 1330 4432 δοκεῖ
1355 4380 1383 4431 ὁ
1434 4377 1687 4444 πλοῦτος,
1731 4381 1815 4434 ὅτι

211 4470 324 4531 τοῖς
390 4469 635 4539 μάλιστα
691 4471 938 4541 φιλοῦσιν
988 4472 1152 4527 αὐτὸν
1209 4472 1494 4536 κινδύνους
1541 4471 1817 4538 ἐξαισίους

212 4560 528 4616 ἀποτίκτει.

712 4645 898 4730 ωηο.
935 4705 1004 4716 .-
1037 4677 1319 4732 annM.

1853 4443 1899 4500 D

2005 4383 2215 4438 Divitite
2261 4396 2428 4438 unum
2488 4385 2618 4440 mihi
2668 4388 2953 4444 continere
3002 4390 3207 4445 bonum
3244 4391 3522 4459 videntur,

1926 4472 2071 4542 quod
2101 4489 2196 4530 eas
2228 4475 2538 4530 amantibus
2577 4475 2817 4546 ingentia
2857 4477 3075 4547 pariant
3109 4478 3379 4548 pericula.

2349 4678 2672 4737 CDXLVlll.
2711 4713 2779 4722 —-
2832 4681 3104 4738 ΖΕΝΟΝῘ.

1045 4766 1390 4839 Hermogenis
1423 4771 1652 4839 episc0pi
1685 4787 1826 4825 caus.
1867 4771 2106 4843 (Confer.
2146 4773 2298 4842 εμὶει.
2339 4773 2444 4828 558
2472 4784 2519 4828 et
2544 4773 2693 4846 466.)

288 4884 356 4935 Ὀ
423 4881 691 4951 βούλομαι
745 4884 1026 4956 συντόμως
1070 4887 1280 4956 φράσαι
1335 4889 1591 4960 περὶτοῦ
1632 4889 1814 4944 πάντα

213 4973 444 5042 ἀρίστου
491 4971 879 5043 Ἑρμογένους,
932 4977 1027 5030 τοῦ
1076 4977 1248 5042 ὅντως
1274 4980 1601 5046 ἐπισκόπου,
1650 4981 1812 5035 τοῦτό

215 5065 396 5118 ἐστιν’
447 5064 531 5116 ὅτι
587 5063 845 5119 τοσοῦτον
889 5069 1058 5140 ἀρετῇ
1116 5070 1243 5134 τοὺς
1298 5072 1439 5139 ἄγαν
1494 5073 1819 5144 εὐδοκίμους

216 5152 462 5223 παριὼν,
495 5153 619 5208 ὅσον
651 5156 850 5210 ἐκεῖνοι
884 5159 1010 5223 τοὺς
1054 5159 1253 5225 ἄλλους
1305 5162 1576 5226 ἅπαντας,
1602 5165 1679 5227 ὡς
1718 5182 1822 5235 μη-

215 5243 304 5299 δὲν
351 5245 506 5320 μέγα
559 5247 1048 5320 διαπραττόμενος,
1107 5252 1250 5307 οὕτω
1300 5254 1592 5321 διάκειται,
1645 5255 1819 5320 οὕτως

1997 4891 2154 4948 Libet
2202 4895 2396 4964 paucis
2451 4897 2518 4952 de
2567 4897 2775 4966 optimo
2819 4897 2938 4953 viro
2991 4896 3340 4969 Hermogene
3397 4915 3526 4955 vere

1924 4982 2179 5053 episcopo
2207 4986 2372 5038 verba
2413 4985 2617 5052 facere,
2662 4987 2922 5041 nimirum
2958 4988 3159 5043 virtute
3193 4988 3350 5044 valde
3395 5006 3524 5059 ριό-

1926 5074 2113 5130 balum
2143 5085 2371 5130 caeteros
2425 5085 2634 5131 tantum
2683 5080 2913 5134 transire
2961 5091 3128 5148 atque
3169 5081 3524 5142 autecellerc.

1925 5179 2186 5235 quantum
2230 5168 2305 5224 illi
2340 5171 2553 5225 caeteris
2595 5181 2860 5239 prmstant
2893 5191 2904 5226 :
2952 5173 2997 5228 is
3021 5174 3176 5242 quasi
3220 5172 3356 5227 nihil
3395 5191 3528 5244 pra:-

1926 5261 2132 5315 clarum
2164 5261 2391 5332 egisset,
2438 5264 2510 5318 ita
2544 5265 2609 5319 de
2639 5279 2698 5320 se
2738 5264 3025 5333 sentiebat,
3054 5276 3112 5319 ut
3161 5265 3525 5320 humilitatem

1326 5434 1561 5492 VAlll/E
1600 5436 1989 5495 LECTIONES
2028 5439 2118 5495 ΕΤ
2160 5439 2392 5498 NOTAE.

293 5591 412 5660 (56)
445 5591 529 5656 Τῷ
565 5591 759 5660 τρόπῳ
788 5594 1323 5661 παριικαλωύντίον,
1348 5604 1453 5648 etc.
1491 5593 1621 5648 Vitta
1650 5613 1823 5650 arem-

220 5664 312 5728 plu
347 5663 519 5730 magis
545 5676 697 5727 quam
729 5667 967 5718 oratione
1000 5666 1330 5728 persuaderi.
1364 5667 1640 5721 Menandri
1688 5668 1817 5720 illud

221 5735 468 5788 tcsnexit
495 5756 504 5790 ;
536 5733 746 5804 Τρόπος
774 5733 882 5788 ἔσθ’
911 5738 933 5789 ί
966 5736 1161 5791 milium
1199 5736 1289 5789 to}
1322 5737 1591 5807 λέγοντος.
1637 5741 1692 5790 οὐ
1740 5739 1821 5791 λό-

1931 5614 2045 5664 γος.
2080 5598 2281 5651 Confer
2314 5600 2473 5665 epist.
2507 5599 2632 5652 Εὶίῧ.
2678 5601 2847 5659 Ξυιιιιι
2867 5622 2918 5660 Τ.

2003 5669 2114 5746 (τῇ)
2151 5668 2272 5746 _\_’qt.
2303 5670 2494 5746 Gb()__t't
2528 5672 2633 5746 Alt.
2670 5673 3129 5746 προτεσχτικέηει.
3159 5673 3366 5730 l‘«>.~.s:::.

2004 5740 2118 5805 £733)
2151 5741 2314 5796 Iidem
2351 5742 2544 5796 tollunt
2580 5744 2657 5795 οὔ.
2693 5740 2767 5801 ιι..
