4010 6488
503 311 636 376 1587

1677 311 1737 370 S.
1777 305 2070 370 ISIDORI
2111 303 2549 368 ΡΕΙιΗΞΙΟΤίΕ
2584 355 2589 362 .

3611 285 3750 351 1583

505 417 810 489 pnusidium
854 431 919 475 ac
947 418 1339 474 munimentum
1385 415 1615 471 aliarum
1649 428 1774 473 esse
1803 417 2060 473 virtutum

2170 413 2319 485 ᾠήθη
2353 412 2463 467 δεῖν
2493 411 2594 483 τὴν
2642 403 3166 478 ταπεινοφροσύνην,
3200 400 3391 470 ὥσπερ
3420 395 3681 469 φρούριον
3713 393 3748 465 ἢ

504 509 748 564 duceret.

753 618 1028 678 CDXLIX.
1061 649 1131 661 —-
1169 617 1467 677 EUTONIO
1498 617 1813 676 DIACONO.

2175 506 2543 579 φυλακτήριον
2575 502 2683 557 τῶν
2712 500 2885 557 ἄλλων
2919 494 3364 568 κατορθωμάτων
3402 491 3570 562 ἔχειν.

2461 615 2645 670 mea
2680 641 2749 656 -
2784 610 3087 679 ΕΥΤΟΝΙῼ
3130 603 3456 674 maxum.

1391 712 1656 767 Bonorum
1688 711 2046 782 malorumque
2075 710 2199 764 dum
2225 708 2518 764 laudantur
2541 708 2844 762 discrimen.

571 831 638 888 Ut
661 845 843 886 eorum
864 831 956 902 qui
984 829 1188 901 judicio
1211 838 1341 887 sunt
1367 828 1708 885 condemnati
1742 827 1872 892 vita,
1901 827 2060 882 modo

495 923 719 993 probata
741 921 992 992 claraque
1015 924 1266 990 exsistat,
1293 920 1649 993 quorumdam
1681 919 1821 975 solet
1846 931 2066 974 accusa-

497 1014 697 1068 tionem
727 1011 976 1070 refellere
1006 1032 1020 1080 ;
1070 1015 1149 1070 sic
1185 1025 1241 1070 et
1289 1012 1630 1069 laudationes
1665 1011 1863 1067 nimias
1897 1009 2063 1067 falsas

494 1103 786 1158 ostendere
812 1111 1213 1160 consueverunt
1249 1118 1434 1158 mores
1461 1100 1816 1173 quorumdam
1857 1096 2064 1156 sinistri

491 1191 646 1264 Juxta
676 1208 738 1250 ac
769 1194 919 1249 mali.
954 1193 1012 1248 Si
1042 1193 1186 1250 enim
1212 1193 1458 1265 plerique
1479 1191 1759 1257 mortales,
1783 1191 1873 1261 qui
1907 1190 2064 1247 laude

494 1283 711 1354 dignum
749 1283 886 1339 nihil
920 1296 1111 1356 gerere
1145 1285 1399 1351 student,
1445 1280 1683 1355 gaudent
1711 1281 1928 1352 quidem
1972 1296 2062 1338 ca-

491 1369 752 1439 lumniis,
792 1372 1041 1430 laudibus
1088 1383 1276 1430 contra
1317 1374 1708 1432 contristantur
1741 1371 1886 1442 (illas
1914 1372 2061 1428 enim

493 1471 682 1519 contra
727 1479 788 1522 se
838 1464 944 1521 dici
992 1465 1305 1537 opinantur,
1351 1465 1449 1520 has
1487 1478 1620 1521 vero
1673 1477 1947 1533 nunquam
1999 1478 2060 1520 se

492 1565 879 1613 consecuturos
902 1556 1145 1629 sperant)
1168 1574 1183 1613 :
1206 1559 1405 1613 virtute
1427 1571 1557 1613 vero
1591 1555 1847 1622 illustres,
1864 1556 2062 1627 probos

492 1658 627 1715 quos
666 1659 771 1700 non
813 1655 1046 1712 norunt,
1083 1647 1352 1702 calumnia
1381 1653 1659 1713 oneratos,
1709 1646 1872 1701 etiam
1902 1652 2060 1699 ante-

2239 826 2450 896 Ὠσπερ
2473 823 2590 877 ἔνια
2606 822 2712 876 τῶν
2732 819 3093 892 ἐγκλημάτων
3115 813 3306 869 εἴωθεν
3333 811 3540 866 ἄπιστα
3568 813 3741 865 ποιεῖν

2162 923 2192 976 ό
2212 921 2320 976 τῶν
2351 921 2686 993 κρινομένων
2708 917 2845 989 βίος,
2881 915 3167 985 εὐδόκιμος
3207 910 3282 964 ὢν
3323 911 3420 965 καὶ
3458 908 3710 980 λαμπρός
3733 921 3749 933 ·

2165 1012 2339 1076 οὕτως
2369 1010 2486 1065 ἔνια
2512 1009 2621 1064 τῶν
2672 1008 2966 1079 ἔγκωμίων
3005 1005 3250 1075 πέφυκεν
3282 1003 3490 1058 ἄπιστα
3520 1002 3696 1054 ποιεῖν
3725 1002 3754 1054 ό

2163 1105 2274 1160 τῶν
2303 1101 2800 1175 ἐγκωμιαζομένων
2833 1101 3057 1174 τρόπος,
3080 1099 3269 1163 σκαιὸς
3299 1095 3375 1153 ὣν
3403 1097 3499 1153 καὶ
3521 1095 3754 1165 φαῦλος.

2166 1197 2230 1252 Εί
2254 1196 2362 1268 γὰρ
2396 1196 2486 1250 καὶ
2530 1193 2717 1247 πολλοὶ
2747 1193 2857 1248 τῶν
2898 1192 3224 1265 ἀνθρώπων,
3251 1191 3362 1245 τῶν
3388 1188 3555 1262 μηδὲν
3585 1187 3748 1256 λόγου

2167 1286 2318 1353 ἄξιον
2354 1288 2526 1341 ποιεῖν
2584 1283 2901 1352 ἐθελόντων,
2948 1283 3201 1356 χαίρουσι
3252 1283 3351 1353 μὲν
3389 1283 3511 1343 ταῖς
3565 1276 3754 1332 διαϐο·

2169 1376 2311 1442 λαῖς,
2373 1374 2787 1448 δυσχεραίνουσι
2845 1374 2904 1428 δὲ
2965 1373 3061 1428 litt
3115 1374 3232 1436 τοῖς
3283 1369 3576 1442 ἐγκωμίοις
3632 1369 3754 1439 (τὰς

2171 1468 2269 1540 μὲν
2314 1468 2424 1538 γὰρ
2467 1468 2562 1522 καὶ
2605 1466 2728 1522 καθ’
2762 1466 2972 1521 ἑαυτῶν
3008 1465 3270 1538 ἡγοῦνται
3315 1461 3593 1532 λέγεσθαι,
3640 1459 3754 1515 τῶν

2167 1559 2225 1614 δὲ
2277 1560 2532 1614 οὐδέποτε
2574 1557 2882 1614 ἀπολαῦσαι
2926 1556 3344 1631 προτδοκῶσιν)·
3400 1553 3516 1609 ἀλλ’
3543 1549 3639 1606 οὖν
3687 1567 3754 1619 γε

2166 1654 2215 1706 oi
2247 1653 2346 1722 τὴν
2377 1651 2581 1724 ἀρετὴν
2622 1651 2969 1723 ἐστεμμένοι,
2994 1651 3122 1714 τοὺς
3162 1650 3260 1722 μὲν
3281 1645 3535 1720 ἀρίστους
3559 1645 3644 1715 ἐφ’
3669 1636 3756 1708 οἷς

494 1749 654 1803 quam
694 1737 908 1802 norint,
941 1737 1195 1793 innoxios
1222 1738 1524 1793 declarant.
1560 1734 1728 1791 Malos
1748 1749 1877 1790 vero
1915 1735 1959 1790 si
1991 1733 2058 1789 ad

2170 1741 2227 1794 οὐ
2269 1742 2505 1806 συνίασι,
2549 1741 3035 1814 διαϐαλλομένους,
3091 1742 3187 1796 καὶ
3239 1740 3345 1810 πρὸ
3402 1737 3752 1804 διαγνώσεως

493 1825 724 1896 gratiam
767 1826 1080 1894 laudentur,
1127 1827 1286 1884 laude
1326 1827 1574 1900 iudicant
1624 1825 1901 1898 indignos,
1944 1839 2054 1882 non

493 1922 605 1971 tam
633 1915 703 1971 ob
729 1917 1074 1988 dicta,quam
1101 1919 1171 1974 ob
1193 1927 1343 1992 gesta
1366 1917 1628 1990 judicium
1661 1916 1916 1972 ferentes.
1951 1916 2060 1985 lgi-

491 2015 584 2060 tur
623 2022 800 2078 neque
857 2008 1041 2079 optimi
1095 2009 1419 2065 calumniam
1469 2009 1595 2064 dum
1655 2008 1937 2078 patiuntur
1983 2008 2065 2062 in-

491 2097 782 2167 dignentur
800 2099 1036 2170 (jactata
1062 2099 1206 2155 enim
1237 2100 1370 2155 nihil
1392 2101 1459 2156 ad
1479 2100 1615 2156 alios
1635 2101 1948 2172 pertinent),
1967 2116 2063 2158 ne-

489 2202 596 2258 que
647 2189 887 2248 vicissim
939 2191 1186 2248 homines
1233 2191 1453 2263 pessimi
1515 2190 1722 2247 laudari
1772 2191 2059 2249 exsultent.

490 2279 631 2336 Sunt
659 2280 808 2338 enim
835 2279 908 2338 ab
932 2281 1004 2340 iis
1028 2281 1219 2340 aliena
1247 2283 1606 2354 pronuntiata
1634 2282 1844 2341 laudes.

940 2581 1094 2640 CDL.
1125 2611 1200 2624 —
1233 2580 1604 2639 HEKACLIO.

2163 1833 2562 1889 ἀπαλλάττουσι
2584 1833 2693 1889 τῶν
2720 1834 2888 1905 ὲγκλη
2898 1835 3108 1905 μάτων.
3139 1832 3280 1898 Τοὺς
3307 1832 3365 1886 δὲ
3392 1830 3656 1902 φαύλους,
3693 1829 3744 1882 ει

2169 1924 2309 1996 πρὸς
2355 1923 2517 1996 χάριν
2581 1924 3040 1996 ἐγκωμιασθετεν,
3112 1923 3370 1990 ἀναξίους
3429 1918 3570 1976 εἶναι
3633 1920 3751 1974 τῶν

2170 2014 2407 2069 ἐπαίνων
2457 2015 2794 2087 νομίζουσιν,
2831 2016 2933 2070 οὐκ
2978 2016 3088 2070 ἀπὸ
3116 2015 3225 2069 τῶν
3262 2014 3595 2086 λεγομένων,
3627 2012 3752 2067 ἀλλ’

2166 2105 2276 2162 ἀπὺ
2301 2105 2411 2160 τῶν
2445 2105 2836 2180 πραττομένων
2863 2105 2963 2171 τὰς
2984 2105 3199 2178 ψήφους
3222 2105 3502 2177 φέροντες.
3537 2099 3756 2157 Οὐκοῦν

2168 2198 2308 2268 μήτε
2352 2198 2401 2251 οἱ
2451 2197 2665 2270 ἄριστοι
2739 2196 3154 2270 διαϐαλλόμενοι
3217 2195 3751 2269 δυσχεραινέτωσαν,

2162 2290 2335 2359 (οὐδὲν
2359 2290 2469 2362 γὰρ
2515 2289 2877 2362 πρὸςαὺτοῦς
2901 2290 2969 2344 τὰ
3011 2289 3346 2360 λεγόμενα),
3393 2285 3521 2359 μήθ’
3557 2286 3608 2338 oi
3657 2285 3753 2339 κά-

2163 2397 2340 2434 κιστοι
2407 2378 2885 2451 ὲγκωμιαζόμενοι
2944 2376 3390 2449 ἅγαλλέσθωσαν.
3462 2374 3754 2444 ’Δλλότρια

2159 2471 2270 2544 γὰρ
2303 2471 2484 2528 αὐτῶν
2515 2474 2631 2526 ὲστι
2663 2471 2732 2526 τά
2760 2469 3037 2542 ἐγκώμια.

2620 2587 2754 2642 YN'.
2799 2615 2866 2628 -
2907 2587 3283 2656 ΗΡΑιςΑειο.

1773 2672 1906 2739 Qua:
1931 2690 2064 2730 uera:
2086 2676 2288 2732 divitia:
2309 2688 2454 2732 sunt.

557 2788 830 2855 Quotnam
874 2786 1118 2856 pluribus
1164 2786 1438 2843 inhiantes
1477 2786 1636 2869 bonis
1678 2786 1930 2843 omnibus
1963 2802 2063 2844 ex-

485 2879 788 2945 ciderunt,
851 2887 907 2935 et
967 2876 1236 2948 superﬂua
1290 2885 1686 2946 corrogantes,
1752 2879 2063 2935 necessaria

484 2971 648 3027 etiam
679 2969 1018 3025 amiserunt?
1055 2978 1109 3025 et
1135 2969 1403 3039 legitimos
1422 2969 1749 3024 excedentes
1777 2969 2062 3036 terminos,

2238 2789 2403 2843 Πόσοι
2447 2789 2541 2845 τοῦ
2592 2789 2839 2853 πλείονος
2895 2789 3356 2861 ἐπιθυμήσαντες,
3403 2786 3501 2841 τοῦ
3550 2787 3760 2852 παντὸς

2168 2877 2443 2946 ἐξέπεσον,
2495 2881 2690 2934 καὶτὰ
2753 2879 2987 2950 περιττά
3041 2878 3469 2947 συναγαγόντες,
3522 2878 3617 2930 καὶ
3672 2879 3746 2932 τά

2165 2970 2440 3038 ἀναγκαῖα
2489 2969 2807 3039 ἀπώλεσανς
2870 2971 2964 3024 καὶ
3017 2969 3357 3040 ὑπερϐάντες
3411 2969 3539 3031 τοὺς
3598 2985 3757 3022 νενο-

484 3060 647 3115 etiam
681 3058 1046 3115 mediocribus
1066 3059 1243 3115 orbati
1270 3068 1396 3115 sunt
1421 3059 1616 3115 bonis?
1645 3057 2059 3130 Supervacaues

2170 3060 2469 3132 μισμένους
2517 3061 2700 3133 ὄρους,
2759 3061 2989 3116 καὶτῶν
3041 3060 3279 3132 μετρίων
3306 3058 3754 3131 ἑγυμνώθησαν;

483 3151 672 3221 itaque
722 3152 1054 3218 resecanda,
1099 3157 1159 3206 ut
1203 3151 1522 3207 necessariis
1553 3151 1806 3208 ditemur.
1875 3150 2060 3222 Neque

2170 3153 2286 3224 Χρὴ
2333 3148 2427 3207 οὖν
2485 3153 2838 3224 περικόπτειν
2919 3153 2988 3208 τὰ
3043 3152 3308 3224 περιττά,
3386 3151 3452 3204 ἵν’
3523 3151 3581 3204 ἑν
3635 3155 3759 3216 τοῖς

486 3243 637 3300 enim
663 3243 859 3314 opibus
883 3243 1181 3311 abundare,
1207 3243 1302 3300 sed
1336 3244 1402 3299 iis
1433 3257 1540 3300 non
1566 3244 1830 3315 indigere,
1857 3243 2061 3301 divitiae

486 3343 615 3390 sunt
645 3334 916 3391 maximae.

674 3540 842 3614 692
876 3539 1050 3598 σου.
1088 3570 1158 3582 -
1204 3539 1510 3598 ΕυΤΟΝΙΟ
1544 3537 1862 3596 DIACONO.

2165 3244 2485 3312 ἀναγκαίοις
2522 3245 2840 3316 πλουτῶμεν
2868 3262 2883 3276 ο
2927 3245 2990 3299 οὐ
3042 3243 3152 3315 γὰρ
3181 3243 3274 3297 τὸν
3303 3241 3534 3297 πλοῦτον
3577 3241 3753 3313 ἔχειν,

2091 3403 2094 3407 Α
2167 3335 2304 3390 ἀλλὰ
2373 3336 2433 3389 τὸ
2501 3337 2576 3409 μὴ
2652 3335 2863 3390 δεῖσθαι
2965 3336 3220 3402 πλούτου,
3304 3332 3540 3399 πλοῦτός
3631 3336 3758 3388 ἐστι

2171 3427 2443 3497 μέγιστος.

2472 3535 2644 3591 ΥΝΑ’.
2676 3567 2744 3577 -
2776 3537 3078 3609 ΕΥΤΟΝΙῼ
3117 3537 3438 3608 ΔΙΑΚΟΝῼ.

907 3633 985 3688 De
1009 3631 1221 3686 Eusebii
1253 3632 1480 3702 episcopi
1512 3625 1718 3687 Pelusii
1745 3632 2001 3697 moribus,
2033 3631 2098 3686 de
2119 3646 2221 3700 quo
2246 3629 2382 3684 alias
2411 3645 2568 3696 swpe.
2607 3627 2772 3701 (Infr.
2810 3629 2915 3684 470
2949 3641 2995 3684 ει
3027 3645 3148 3698 sup.
3176 3628 3324 3696 l29.)

557 3751 716 3806 Aliud
751 3757 867 3815 est,
900 3747 986 3802 vir
1013 3745 1347 3812 admirande,
1379 3746 1431 3800 iu
1463 3746 1824 3816 suspicionem
1851 3746 2057 3812 venire,

487 3845 634 3902 aliud
658 3857 787 3899 vero
819 3838 1159 3911 reprehendi.
1196 3838 1328 3894 lllud
1367 3839 1511 3894 enim
1545 3852 1665 3894 esse
1696 3836 1868 3892 fertur
1897 3838 2058 3892 etiam

488 3938 565 3993 nil
593 3934 888 4004 agentium,
919 3932 1023 3988 hoc
1048 3946 1177 3987 vero
1202 3931 1268 3987 de
1293 3931 1607 4001 compertis.
1646 3928 1702 3984 Si
1734 3945 1864 3987 vero
1894 3931 2059 3987 Euse-

488 4033 630 4097 bius,
673 4037 732 4084 ut
757 4026 972 4090 scribis,
1016 4023 1152 4079 alios
1181 4034 1384 4079 temere
1419 4023 1474 4079 in
1503 4024 1866 4094 suspicionem
1892 4038 2057 4079 voca-

496 4134 581 4178 tos
610 4128 998 4187 accusatosque
1034 4115 1273 4186 expellit,
1306 4113 1443 4171 alios
1480 4124 1658 4169 autem
1688 4113 2056 4183 deprehensos

490 4211 692 4279 majore
719 4209 910 4280 dignos
935 4206 1102 4279 gradu
1139 4214 1390 4270 censeat,
1443 4217 1550 4267 qua
1575 4203 1940 4260 assentatione
1974 4205 2059 4258 in-

489 4308 711 4370 ductus,
765 4298 1165 4370 qugpecuuiis
1205 4298 1460 4364 inhians,
1506 4295 1614 4351 noli
1666 4296 1946 4351 admirari.
1999 4295 2058 4352 Si

2236 3745 2310 3797 Οὐ
2352 3743 2569 3808 ταυτὸν,
2614 3738 2659 3799 ὢ
2713 3743 3004 3814 θαυμάσιε,
3078 3743 3141 3796 τὸ
3200 3741 3620 3814 ὑποπτευθῆναι
3669 3745 3753 3815 τῷ

2167 3833 2393 3890 ἁλῶναι·
2430 3834 2492 3887 τὸ
2545 3835 2644 3906 μὲν
2677 3835 2788 3906 γὰρ
2847 3837 2942 3895 καὶ
2997 3835 3141 3889 κατὰ
3174 3835 3269 3889 τοῦ
3323 3836 3399 3907 μὴ
3448 3836 3752 3907 δράσαντος

2162 3927 2402 3996 λέγεται,
2424 3928 2483 3982 τὸ
2508 3929 2566 3982 δὲ
2596 3928 2737 3984 κατὰ
2760 3928 2852 3983 τοῦ
2881 3929 3248 4002 φωραθέντος.
3272 3931 3334 3984 El
3365 3930 3422 3984 δὲ
3456 3931 3746 4000 Εὐσέϐιος,

2163 4019 2240 4082 ὡς
2295 4019 2422 4091 φὴς,
2471 4018 2598 4084 τοὺς
2658 4018 2756 4091 μὲν
2819 4018 2996 4091 μάτην
3045 4020 3475 4092 ὑπονοουμένους
3501 4021 3596 4075 καὶ
3621 4022 3741 4076 δια-

2169 4110 2531 4181 ϐαλλομένους
2582 4111 2978 4182 ὲξοστρακίζει,
3017 4113 3144 4174 τοὺς
3195 4112 3253 4165 δὲ
3303 4112 3530 4177 ἁλόντας
3563 4115 3750 4184 μείζο-

2171 4217 2256 4266 νος
2286 4203 2429 4268 ἀξιοῖ
2481 4202 2714 4274 βαθμοῦ,
2752 4204 2827 4275 πῆ
2878 4203 2977 4275 μὲν
3030 4203 3344 4268 κολακείαις
3394 4205 3744 4276 πειθόμενος,

2168 4293 2245 4363 πῆ
2270 4292 2327 4346 δὲ
2361 4295 2659 4366 χρημάτων
2690 4296 3036 4366 ὀρεγόμενος,
3076 4294 3150 4366 μὴ
3184 4294 3496 4367 θαυμάσῃς.
3535 4298 3599 4350 ΕΞ
3638 4299 3742 4367 μὲν

488 4395 633 4448 enim
655 4395 837 4448 omnia
862 4400 1007 4447 recta
1031 4391 1233 4447 faceret
1257 4389 1486 4455 ratione,
1518 4386 1748 4444 fortasse
1769 4387 1899 4444 illud
1925 4402 2058 4460 quo-

2170 4360 2273 4456 γὰρ
2318 4360 2536 4440 τ’ῃάλλα
2584 4360 2762 4442 πάντα
2795 4360 2953 4442 ’κᾷτά
3008 4360 3166 4457 λόγον
3220 4360 3373 4460 αὐτῷ
3415 4360 3742 4462 έπράττετο,

489 4501 595 4556 que
617 4483 1009 4540 emendandum
1040 4482 1397 4537 existimaret.
1437 4479 1494 4535 Si
1517 4495 1647 4536 vero
1667 4480 1779 4552 agit
1805 4481 2058 4536 universa

489 4593 608 4648 qua:
655 4591 764 4631 nou
807 4582 1058 4645 oportet,
1114 4573 1218 4630 hoc
1245 4585 1458 4643 quoque
1491 4571 1711 4644 dignum
1753 4585 1877 4628 esse
1921 4570 2062 4628 illius

490 4669 730 4723 moribus
763 4680 869 4722 non
903 4665 1164 4731 ambigat.

975 4773 1171 4832 CDLlI.
1208 4803 1278 4816 —
1314 4773 1565 4831 PAULO.

2167 4478 2296 4541 ῐσως
2333 4478 2445 4550 (59)
2497 4479 2592 4532 καὶ
2645 4479 2805 4534 τοῦτο
2871 4479 3214 4551 διορθώσεως
3279 4483 3533 4553 ἠξίωσεν.
3590 4485 3655 4538 Ei
3689 4484 3748 4539 δὲ

2166 4569 2342 4623 πάντα
2376 4570 2475 4641 δρᾷ
2502 4570 2536 4624 ὃ.
2563 4571 2697 4642 δρᾷν
2738 4571 2798 4624 οὐ
2830 4571 3007 4641 θέμις,
3043 4574 3137 4626 καὶ
3171 4573 3331 4630 τοῦτο
3375 4575 3526 4641 ἄξιον
3547 4575 3606 4628 ὃν
3639 4577 3748 4631 τῶν

2165 4659 2329 4713 αὑτοῦ
2363 4660 2578 4731 τρόπων
2626 4661 2832 4731 μηδένα
2871 4663 3146 4728 ξενιξέτω.

2671 4774 2846 4830 ΥΝΒ’.
2887 4805 2956 4815 .-
2995 4776 3247 4848 ΠΛΥΛῼ.

1416 4864 1518 4921 Uni
1544 4868 1835 4922 vacandum
1871 4869 1994 4922 arti.
2025 4865 2205 4937 (Supr.
2239 4865 2426 4918 similis
2456 4867 2605 4934 epist.
2644 4867 2791 4929 ⁸580.)

566 4983 666 5049 Qui
694 4980 914 5035 omnino
941 4980 1136 5032 multas
1166 4977 1421 5034 scientias
1447 4987 1698 5048 artesque
1729 4981 1936 5044 didicit,
1960 4985 2060 5035 etsi

493 5075 732 5128 numium
768 5072 1044 5126 hominum
1085 5070 1155 5124 sit
1184 5069 1671 5138 ingeniosissimus,
1707 5086 2062 5140 unamquam-

501 5178 597 5230 que
660 5175 845 5215 earum
905 5159 971 5212 ad
1034 5172 1302 5212 summum
1366 5165 1558 5211 exacta
1618 5156 1892 5226 diligentia
1955 5172 2059 5210 non

497 5260 727 5316 tractat,
775 5265 894 5304 cum
943 5248 1165 5302 multum
1207 5249 1488 5318 temporis,
1523 5248 1664 5318 quod
1712 5249 1973 5302 exercitio
2006 5261 2060 5303 et

494 5358 634 5397 rurte
676 5343 873 5411 prioris
906 5342 1036 5396 artis
1079 5342 1316 5411 impendi
1357 5341 1551 5404 debet,
1587 5341 1638 5393 iu
1671 5340 1896 5394 alterius
1925 5342 2058 5395 artis

499 5436 899 5504 recuperatione
924 5444 1306 5491 consumatur:
1349 5434 1440 5490 sed
1491 5433 1544 5487 in
1575 5447 1640 5488 eo
1668 5433 1880 5503 quidem
1912 5438 2052 5506 quod

2239 4984 2312 5036 Οὐ
2345 4984 2560 5045 πάντως
2601 4983 2628 5035 ὁ
2675 4982 2872 5045 πολλὰς
2911 4984 3221 5054 ἐπιστήμας
3271 4983 3303 5054 ἦ
3336 4983 3528 5053 τέχνας
3558 5002 3739 5056 μεμα-

2167 5074 2369 5144 θηκὼς,
2399 5074 2506 5127 οὐδ’
2545 5074 2610 5127 ἂν
2656 5076 2874 5130 πάντων
2919 5075 3224 5148 ἀνθρώπων
3271 5074 3639 5142 εὐφυέστατος
3681 5073 3740 5150 ᾖ,

2165 5165 2402 5235 ἑκάστην
2427 5165 2605 5221 αὐτῶν
2631 5169 2710 5230 εἰς
2763 5168 2930 5237 ἄκρον
2988 5167 3227 5238 ἀκριϐοῖ,
3257 5165 3352 5220 τοῦ
3395 5167 3592 5235 χρόνου
3640 5167 3738 5220 τοῦ

2163 5258 2463 5326 ὀφείλοντος
2487 5262 2564 5324 είς
2616 5261 2713 5332 τὴν
2780 5261 3015 5332 ἄσκησιν
3056 5261 3150 5315 καὶ
3202 5260 3299 5332 τὴν
3363 5260 3595 5329 μελέτην
3637 5265 3742 5332 τῆς

2161 5348 2385 5419 πρώτης
2440 5350 2633 5420 τέχνης
2693 5352 3060 5421 ἀναλωθῆναι,
3151 5352 3230 5414 εἰς
3307 5349 3470 5418 ἄλλης
3540 5349 3743 5418 τέχνης

2163 5437 2428 5508 ἀνάληψιν
2471 5440 2896 5513 δαπανωμένου·
2951 5442 3083 5496 ἀλλὰ
3145 5441 3454 5496 πλεονεκτεῖ
3511 5438 3607 5510 μὲν
3660 5437 3744 5508 τῷ

1570 5592 1805 5648 νἈιιιιΕ
1847 5593 2232 5653 ΙΛΞΩἸΊΟΝῙΞΞ
2268 5597 2356 5655 ΕΤ
2399 5600 2627 5657 ΝΟΤίΕ.

574 5746 680 5813 {59)
713 5746 854 5803 inter
879 5749 1002 5810 ἴσως
1036 5761 1085 5806 ct
1117 5749 1208 5803 καὶ
1241 5749 1399 5806 iidem
1436 5749 1671 5805 inurunt
1699 5752 1777 5804 έὶ-ί.
1822 5752 2033 5811 Possis.
