4010 6462
551 295 679 360 1591
1740 295 1801 354 S.
1845 295 2134 357 ISIDORI

2190 297 2615 358 PELUSIOTJE
3640 286 3773 352 1592

549 407 682 464 nihil
713 405 964 477 illi,quod
992 404 1224 460 remedio
1246 405 1554 474 qumsierat,
1586 404 1807 476 profuit.
1839 406 1920 460 Ab
1944 407 2111 461 hosti-

2214 407 2378 479 λησεν
2417 410 2450 478 ἠ
2479 407 2676 474 δόξασα
2713 404 2860 476 αὐτῷ
2914 403 3206 474 ἀσφάλεια.
3254 399 3393 470 Πα·ρ’
3426 396 3636 468 ἐχθρῶν
3668 398 3777 466 γάρ

547 498 645 551 bus
677 498 819 550 enim
851 509 1114 550 venenum
1154 495 1333 550 datum
1375 495 1441 550 iri
1476 497 1699 562 veritus,
1743 497 1972 567 ideoque
2021 510 2106 550 re-

2211 499 2370 550 τοῦτο
2423 497 2701 550 πείσεσθαι
2756 495 3153 566 προσδοκήσας,
3219 491 3314 543 καὶ
3362 488 3450 542 διὰ
3493 487 3653 541 τοῦτο
3699 487 3779 556 τῷ

547 588 724 641 medio
747 587 962 641 assiduo
991 602 1142 652 usus,
1181 602 1302 640 cum
1353 588 1488 642 mori
1522 597 1703 644 certus
1732 599 1892 656 esset,
1930 587 2109 641 necari

2215 586 2640 657 ἀλεξιφαρμάκῳ
2689 586 3058 656 χρησάμενος,
3105 582 3226 636 οὐδὲ
3258 579 3585 650 βουλόμενος
3640 580 3780 632 ἀπο-

548 694 614 733 eo
638 693 739 731 non
776 680 967 747 potuit,
1001 678 1168 733 donec
1202 679 1254 732 in
1287 679 1495 734 viscera
1530 677 1736 734 ferrum
1765 678 2106 735 conderetur.

2215 679 2398 732 θανεῖν
2425 677 2682 748 ἠδυνήθη,
2709 677 2814 738 ἕως
2844 676 2909 729 ἂν
2935 675 2994 728 τὸ
3041 674 3190 742 ξίφος
3235 672 3376 726 κατά
3419 669 3514 723 τοῦ
3559 669 3781 738 στέρνου

546 766 690 821 Nihil
745 769 925 837 itaque
965 767 1072 823 tale
1115 768 1568 837 excogitandum,
1606 769 1699 824 sed
1727 768 1907 822 vivere
1937 766 2109 837 magis

2212 771 2459 842 διηλάθη;
2495 768 2615 840 Χρὴ
2644 763 2734 821 οὖν
2773 767 2937 838 μηδὲν
2965 766 3206 819 τοιοῦτον
3241 764 3467 829 ἐννοεῖν,
3492 759 3632 813 ἀλλά
3682 758 3784 828 ζῇν

547 865 660 910 lulo
689 857 1053 926 praestabilius
1077 865 1194 922 est,
1238 867 1530 928 nostraque
1554 857 1736 914 omnia
1759 858 1958 914 divinae
1982 865 2112 914 sunt

2216 862 2476 931 ἀπτλότητι
2504 860 2706 931 μᾶλλον
2729 858 3150 930 προσκείμενον,
3190 857 3287 910 καὶ
3307 856 3379 928 τῇ
3403 853 3526 924 θείᾳ
3553 851 3785 921 προνοίᾳ

547 947 903 1016 permittenda
935 947 1307 1018 providentiae.

2218 949 2578 1022 ιπιτρέποντα
2604 948 2674 1003 τά
2695 949 2816 1002 καθ’
2839 947 3048 1003 ἑαυτόν.

856 1080 1054 1139 ΟΜΝ.
1075 1110 1148 1125 --
1175 1081 1478 1140 AMPELIO
1527 1082 1790 1142 COMITI.

2527 1078 2701 1133 me.
2733 1109 2802 1122 —
2839 1071 3153 1149 annuam
3180 1073 3474 1132 KOMHTI.

1346 1173 1452 1242 Qui
1474 1176 1650 1247 paruit
1679 1185 1831 1240 recte,
1857 1175 1983 1230 bene
2009 1173 2229 1244 imperat
2258 1169 2392 1243 (ιδ).
2425 1167 2603 1240 (σοιτί.
2636 1170 2790 1238 epist.
2818 1167 2970 1240 225.)

613 1287 696 1344 Ad
725 1296 872 1344 recte
900 1287 1023 1344 aliis
1045 1287 1454 1358 imperandum,
1488 1290 1622 1345 nihil
1660 1303 1813 1360 teque
1843 1288 2006 1354 valet,
2049 1297 2108 1344 ut

2290 1284 2453 1341 Οὐδὲν
2472 1285 2614 1340 οὕτω
2645 1283 2790 1339 ποιεί
2818 1283 3061 1354 νομίμως
3078 1281 3290 1352 ἄρχειν,
3331 1279 3405 1342 ὡς
3445 1276 3507 1331 τὸ
3541 1274 3791 1347 νομίμως

545 1379 700 1436 alteri
754 1379 991 1450 legitime
1048 1381 1309 1449 paruisse.
1373 1381 1474 1448 Qui
1527 1382 1670 1437 enim
1725 1391 1871 1436 recte
1911 1380 2114 1446 obedit,

2219 1374 2441 1451 ἦρχθαι.
2490 1376 2549 1429 '0
2570 1376 2678 1446 γὰρ
2713 1372 2913 1443 ἀγαθὸς
2939 1375 2999 1426 ὲν
3051 1371 3333 1442 ὑπηκόοις,
3389 1366 3592 1437 ἀγαθὸς
3638 1364 3790 1418 ἐσται

545 1472 596 1527 is
635 1469 955 1540 imperando
1003 1469 1248 1526 excellet.
1302 1469 1516 1528 Faciles
1566 1485 1698 1527 vero
1749 1482 1803 1526 et
1850 1471 2119 1542 proclives

2219 1471 2318 1524 atat
2349 1470 2406 1522 ὲν
2433 1466 2717 1539 ἡγεμόσιν.
2762 1466 2824 1522 Οἱ
2862 1465 2914 1518 δ’
2951 1466 3009 1518 ὲν
3042 1462 3119 1532 τῷ
3174 1459 3471 1516 ἰδιωτεύειν
3511 1457 3607 1511 καὶ
3636 1472 3790 1526 πρω-

545 1572 676 1618 sunt
701 1561 766 1615 ad
797 1559 1080 1629 factiones,
1108 1561 1200 1632 qui
1223 1577 1335 1619 suae
1369 1563 1675 1634 reipublicae
1710 1563 1980 1634 principes
1999 1577 2117 1618 esse

2218 1561 2499 1614 τοστατεϊν
2525 1558 2828 1630 πρόχειροι,
2884 1557 2980 1610 καὶ
3018 1556 3155 1626 πρὸς
3197 1551 3260 1605 τὸ
3310 1548 3572 1621 ἄρχεσθαι
3604 1548 3794 1602 ἀνεπι-

546 1655 785 1724 cupiunt
2219 1653 2439 1723 τήδειοι,
2467 1647 2611 1706 οὗτοι
2649 1652 2743 1704 καὶ
2775 1651 2855 1713 είς
2897 1648 3076 1720 ἀρχὴν
3111 1643 3628 1714 ἀνεπιτηδειότατοι.

847 1770 1048 1828 CDLVI
1092 1800 1163 1811 —
1188 1764 1550 1826 PELUSIOR.
1590 1764 1807 1820 PLEBI.
2147 1760 2189 1815 Β

2147 1760 2189 1815 Β
2553 1766 2738 1832 ΥΝςι.
2767 1793 2838 1806 .-
2873 1762 3066 1832 ΔΗΜῼ
3101 1754 3458 1827 ΠΗΛΟΥΣΙῼ.

1544 1853 1799 1910 Praecidit
1837 1849 1942 1910 sttie
1965 1856 2196 1924 episcopi
2238 1855 2514 1911 adventant
2546 1857 2770 1910 nuntiat.

616 1966 870 2028 Libenter
893 1971 983 2042 qui
1013 1970 1165 2027 vobis
1204 1968 1488 2039 lmperabit
1519 1967 1840 2038 legationem
1865 1968 2068 2037 accepit
2097 1987 2110 2023 :

2306 1974 2584 2044 Ἀσμὲνως
2636 1973 2852 2039 ἐδέξατο
2906 1971 3005 2043 τὴν
3059 1967 3356 2040 πρεσϐείαν
3401 1966 3429 2017 6
3486 1963 3584 2034 τὴν
3614 1961 3793 2030 ἀρχὴν

548 2061 674 2116 olim
709 2064 850 2117 enim
908 2065 976 2118 ad
1026 2062 1348 2120 veniendum
1399 2061 1688 2125 incitatus,
1719 2069 1777 2115 ut
1819 2060 1970 2114 vobis
1998 2075 2109 2115 me-

2216 2065 2368 2137 ὗμῶν
2397 2064 2596 2136 λαχών.
2624 2065 2735 2117 Καὶ
2765 2063 2931 2118 πάλαι
2957 2063 3065 2134 γάρ
3107 2060 3436 2131 ὡρμημένος
3485 2057 3666 2125 ἥκειν,
3699 2053 3795 2106 καὶ

549 2150 737 2208 liorem
794 2152 1024 2210 formam
1070 2154 1380 2223 reipublicae
1438 2152 1809 2217 ostenderet,
1872 2162 2112 2207 nostram

2215 2160 2282 2212 τὰ
2310 2157 2429 2212 καθ’
2462 2159 2603 2228 ὑμᾶς
2629 2160 2686 2210 ἐν
2708 2157 2947 2226 ἀμείνονι
2977 2155 3096 2224 ὄψει
3144 2151 3502 2220 καταστῆσαι,
3532 2147 3633 2216 τὴν
3659 2147 3798 2216 ἠμε-

549 2248 888 2314 exspectavit
916 2245 1240 2301 sententiam
1274 2261 1291 2305 :
1323 2258 1428 2314 qua
1463 2251 1681 2314 accepta
1721 2251 1911 2308 sponte
1940 2244 2117 2313 potius

2214 2250 2378 2322 τέραν
2407 2250 2636 2319 ἀνέμενε
2666 2249 2886 2319 γνώμην
2911 2263 2924 2278 °
2954 2243 3021 2320 ἦς
3049 2244 3375 2314 λαϐόμενος,
3409 2242 3482 2304 ὡς
3514 2237 3787 2305 αὐτόκληι

547 2349 709 2407 quam
727 2348 984 2394 evocatus
1007 2338 1249 2394 accedet.

2215 2354 2308 2400 τος
2344 2338 2546 2408 μᾶλλον
2573 2338 2605 2408 ἢ
2640 2337 2715 2399 ὡς
2748 2334 3083 2406 κεκλημένος
3109 2330 3382 2400 ἀφίξεται.

691 2447 1029 2507 CDLVII..—
1074 2445 1463 2505 THEODOSIO
1518 2445 2000 2504 PRESBYTEBO.

2322 2460 2329 2467 '
2424 2451 2688 2505 ΥΝΖ¹.-
2749 2448 3072 2519 ΘΕΟΔΟΣΙῼ
3115 2443 3588 2512 ΠΡΕΣΒΥΤΕΡῼ.

1404 2539 1646 2602 Asceten,
1669 2538 1828 2594 veluti
1852 2537 2137 2609 Olympici:
2160 2539 2549 2595 decertaturum
2584 2541 2931 2596 commendat.

619 2668 721 2737 Qui
754 2669 856 2727 bas
893 2680 994 2727 tuae
1029 2672 1218 2743 pietati
1255 2672 1465 2728 litteras
1503 2669 1702 2735 reddit,
1732 2668 1946 2724 abunde
1977 2668 2121 2724 domi

2308 2676 2366 2729 '0
2400 2677 2466 2747 τῇ
2497 2678 2562 2747 σῇ
2597 2675 2874 2748 θεοσεϐείᾳ
2904 2674 3227 2746 προσφέρων
3258 2673 3406 2726 τουτὶ
3438 2669 3497 2722 τὸ
3537 2669 3801 2741 γράμμα,

548 2765 604 2814 et
625 2774 723 2829 per
755 2775 834 2826 se,
881 2769 940 2815 ut
974 2776 1004 2816 a
1035 2763 1292 2832 magistro
1322 2760 1650 2816 exercitatus
1692 2768 1747 2814 et
1787 2759 1932 2814 vires
1959 2773 2125 2829 expe-

2227 2768 2512 2840 αύτάρκως
2554 2767 2736 2822 οἴκαδε
2788 2768 2882 2820 καὶ
2919 2767 3040 2820 καθ’
3097 2765 3286 2820 ἑαυτὸν
3336 2765 3410 2826 ὼς
3458 2761 3609 2832 παρὰ
3672 2778 3804 2814 παι-

553 2850 908 2920 rientiamque
965 2866 1071 2906 non
1103 2852 1350 2922 exiguam
1384 2851 1437 2907 in
1484 2851 1702 2907 virtutis
1745 2851 1991 2922 palaestra
2021 2850 2125 2906 sibi

2225 2859 2473 2932 δοτρίόου
2517 2858 2798 2927 ἀσκηθεὶς,
2841 2857 2932 2910 καὶ
2985 2857 3175 2928 ῥώμην
3208 2857 3302 2909 καὶ
3344 2855 3538 2926 τέχνην
3585 2854 3644 2905 ἐν
3685 2854 3805 2916 τοῖς

551 2940 908 3009 comparavit,
952 2941 996 2994 is
1032 2941 1082 2994 in
1128 2956 1370 2997 eremum
1421 2940 1718 3005 contendit,
1769 2940 2041 3010 praeconio
2068 2952 2126 2995 se

2227 2952 2333 3020 τῆς.
2350 2951 2549 3021 ἀρετῆς
2580 2949 2788 3017 ἀγῶσιν
2817 2950 2877 3002 οὐ
2929 2945 3128 3019 μικρὰν
3169 2944 3579 3016 συλλεξάμενος,
3601 2943 3803 3014 ὦρμη.

550 3028 953 3100 Olympicorum
1019 3030 1358 3098 subiiciens,
1419 3039 1475 3086 et
1514 3029 1680 3086 animi
1733 3030 2124 3086 exercitaturus

2229 3053 2320 3090 σεν
2359 3038 2452 3090 ἐπὶ
2483 3036 2579 3108 τὴν
2605 3036 2833 3108 ἔρημον,
2888 3037 3000 3100 τοῖς
3051 3033 3403 3106 κηρύγμασιν
3437 3032 3630 3086 ἑαυτὸν
3664 3033 3805 3084 ὑπο-

552 3120 848 3191 Olympica.
909 3119 1271 3188 Quamobrem
1329 3120 1404 3176 illi
1465 3121 1692 3177 ostende
1737 3135 1894 3192 pares
1949 3129 2124 3176 certa-

2225 3131 2406 3201 θήσων
2429 3132 2542 3195 τοῖς
2572 3130 2943 3200 Ὀλυμπικοϊς,
2962 3129 3058 3183 καὶ
3076 3128 3144 3182 τά
3171 3128 3298 3198 περὶ
3327 3128 3504 3198 ψυχῆς
3529 3125 3807 3196 Ὀλύμπια

554 3211 760 3264 minum
813 3209 982 3281 leges,
1029 3209 1195 3283 695
1244 3225 1382 3282 quas
1435 3225 1668 3278 servas,
1709 3226 1780 3267 ne
1833 3209 1922 3266 ille
1971 3219 2125 3266 extra

2225 3221 2646 3291 ἀγωνισόμενος.
2676 3219 2897 3274 Δείκνυε
2936 3221 3116 3276 τοίνυν
3157 3217 3305 3290 αὑτῷ
3333 3219 3400 3273 δι’
3427 3212 3501 3273 ὧν
3534 3218 3806 3290 πράττεις

555 3309 834 3358 certamen
885 3300 1072 3370 pulsus
1112 3302 1333 3360 aberret
1397 3317 1586 3373 scopo,
1618 3315 1719 3357 nec
1752 3303 1806 3356 in
1833 3302 2132 3356 certamine

2233 3317 2360 3378 τοὺς
2382 3315 2491 3367 τῶν
2521 3313 2918 3383 παλαισμάτων
2947 3312 3176 3383 νόμους·
3214 3311 3302 3364 ἵνα
3338 3310 3477 3382 μήτε
3510 3309 3805 3378 ὲξαγώνιος

557 3397 710 3445 stans
752 3399 1057 3460 superetur,
1088 3391 1185 3447 sed
1223 3400 1501 3462 spectatus
1555 3391 1722 3462 probe
1748 3405 2003 3447 coronam
2041 3405 2131 3446 ac-

2236 3398 2525 3469 γενόμενος
2577 3397 2867 3469 διαμάρτοι
2909 3397 3006 3452 τοῦ
3059 3395 3286 3462 σκοποῦ,
3356 3398 3497 3468 μήτε
3547 3397 3628 3460 εἰς
3675 3396 3808 3462 τοὺς

559 3479 1048 3555 ciamationemque
1069 3492 1364 3540 mereatur.

2237 3489 2452 3558 ἀγῶνας
2477 3487 2751 3552 καταστὰς
2778 3487 3038 3560 ἡττηθείη
3056 3504 3070 3520 ·
3098 3487 3213 3543 ἀλλ’
3245 3487 3528 3559 εὐδόκιμος
3559 3487 3808 3558 ἀποφαν-

2237 3580 2372 3647 θεὶς,
2410 3580 2688 3651 στεφάνων
2712 3580 2808 3634 καὶ
2848 3579 3205 3653 ἀναῤῥήσεων
3225 3578 3502 3651 ἀξιωθείη.

759 3701 1030 3761 ΟΒΙΝΙΙῙ.
1059 3735 1126 3745 -
1149 3699 1482 3759 Αεαιεριο
1528 3697 1912 3757 SOPHISTE.

2514 3692 2696 3748 mw.
2728 3720 2800 3735 —
2821 3692 3177 3763 ΔΣΚΛΗΠΙῼ
3201 3690 3512 3762 sociam.

1150 3795 1482 3867 Harpocram
1511 3797 1790 3860 rhetorem,
1820 3794 1908 3847 cui
1939 3792 2094 3847 ludus
2117 3787 2430 3860 aperiendus
2455 3786 2840 3852 committatur,
2868 3787 3216 3843 commendat.

636 3929 945 4002 Harpocras
989 3929 1254 3988 orationis
1300 3928 1520 3994 artifex,
1549 3928 1643 3984 sed
1697 3925 1868 3997 magis
1916 3940 2127 3981 morum

2315 3922 2645 3994 Ἀρποκρᾶς,
2709 3923 2738 3976 6
2782 3921 3000 3992 τρόπων
3065 3921 3322 3993 μᾶλλονῆ
3361 3921 3536 3991 λόγων
3593 3922 3811 3977 παιδευι⁹

567 4025 921 4082 honestorum
950 4023 1002 4078 in
1042 4020 1478 4078 adolescentibus
1532 4019 1828 4084 formator,
1869 4019 1960 4088 qui
2003 4031 2130 4086 erga

2230 4016 2349 4087 τὴς,
2379 4017 2408 4070 6
2452 4018 2519 4087 τῇ
2583 4013 2706 4086 θείᾳ
2739 4013 3006 4086 θρησκείᾳ
3055 4014 3416 4086 διαφερόντως
3450 4015 3811 4086 ἀνακείμενος

570 4131 781 4171 sacram
831 4115 1150 4186 religionem
1213 4113 1414 4168 eximie
1482 4120 1567 4167 est
1621 4108 1887 4176 ali'ectus,
1940 4109 2136 4178 cuique

2234 4099 2298 4178 (ᾧ
2329 4106 2496 4178 ὄνομα
2532 4107 2632 4178 μὲν
2662 4102 2731 4178 ἦν
2771 4106 3060 4176 σοφιστὴς,
3107 4109 3135 4159 6
3160 4106 3216 4160 δὲ
3252 4106 3364 4177 βίος
3393 4109 3457 4160 ὲκ
3485 4107 3807 4177 φιλοσοφίας

567 4207 825 4277 sophista:
879 4208 1096 4278 quidem
1158 4204 1497 4272 rhetorisque
1543 4214 1738 4256 nomen
1786 4199 1977 4266 datur,
2027 4198 2136 4252 vita

2234 4196 2570 4266 ἀκιόδήλου),
2602 4197 2631 4249 6
2658 4195 2734 4266 μὴ
2755 4194 2959 4266 πλῆθος
2987 4194 3121 4248 νέων
3152 4195 3381 4266 περιιὼν
3415 4196 3507 4249 καὶ
3532 4194 3807 4266 θηρεύων,

574 4308 754 4352 tamen
805 4312 932 4352 vere
982 4306 1064 4353 est
1119 4294 1512 4367 philosophica.
1570 4292 1670 4348 Hic
1717 4292 1974 4362 iuvenum
2030 4307 2137 4347 non

2237 4287 2354 4340 ἀλλ’
2389 4286 2480 4351 οὒς
2517 4287 2664 4360 έώρα
2700 4284 3013 4350 δεικνύντας
3046 4286 3246 4356 ἀρετῆς
3294 4285 3541 4357 σύμϐολα
3569 4289 3808 4355 ἐγκατα-

572 4385 817 4440 auibiens
873 4384 1080 4454 copiam
1125 4399 1188 4440 ac
1235 4383 1614 4448 venationem,
1663 4383 1758 4437 sed
1809 4396 1903 4438 eos
1956 4381 2135 4452 potius

2241 4381 2411 4450 λέγων
2439 4380 2515 4450 τῷ
2544 4380 2727 4451 χορῷ]
2761 4381 2789 4433 6
2818 4378 2892 4448 μὴ
2943 4379 3036 4447 ἀφ’
3070 4371 3145 4432 ὧν
3178 4377 3403 4448 μισθοὺς
3441 4377 3665 4448 λήψοιτο
3690 4376 3812 4432 τού-

572 4474 942 4532 adolesceutes
964 4474 1155 4544 quierit
1180 4473 1471 4537 auditores,
1498 4487 1632 4542 quos
1651 4473 1864 4526 virtutis
1896 4472 2134 4540 praebere

2239 4491 2365 4536 τους
2391 4473 2642 4542 ἀγαπῶν,
2672 4471 2786 4526 ἀλλ’
2831 4472 2924 4535 οὓς
2968 4472 3082 4542 ᾔδει
3116 4471 3438 4535 σπουδαίους
3491 4471 3811 4540 ἐσομένους,

572 4566 718 4621 videt
766 4566 942 4636 signa,
992 4579 1194 4634 eosque
1242 4565 1294 4620 in
1331 4570 1528 4618 emtum
1563 4561 1721 4633 legit;
1778 4575 1913 4631 quos
1942 4578 2044 4618 non
2082 4572 2139 4616 ut

2243 4564 2445 4618 τούτων
2471 4563 2916 4634 ἐπιμελούμενος,
2956 4563 3047 4616 τὸν
3100 4562 3212 4632 βίον
3249 4562 3607 4632 κατέστρεψε.
3655 4561 3809 4616 Ἐπεὶ

575 4659 876 4714 mercedem
929 4657 1051 4713 inde
1091 4656 1294 4727 capiat,
1325 4656 1445 4711 ideo
1497 4655 1738 4719 adamat,
1777 4669 1961 4708 verum
2001 4668 2136 4725 quos

2243 4655 2419 4710 τοίνυν
2451 4657 2736 4709 παιδευτοῦ
2766 4655 2957 4726 χρῄζει
2991 4656 3024 4726 ἡ
3059 4655 3234 4720 πόλις,
3277 4654 3514 4726 μήνυσόν
3542 4670 3687 4719 τινα,
3719 4654 3815 4707 καὶ

575 4749 847 4804 studiosos
899 4749 1016 4804 lore
1069 4747 1474 4815 animadvertit,
1527 4761 1714 4801 eorum
1763 4759 1950 4802 curam
2001 4761 2135 4800 sus-

1459 4788 1474 4815 ,
1527 4761 1714 4801 eorum
1763 4759 1950 4802 curam
2001 4761 2135 4800 sus-
2243 4746 2479 4801 ἀλύουσοι
2507 4749 2606 4801 οὐκ
2633 4746 2699 4801 ἂν
2728 4747 3033 4818 διαμάρτοι.

576 4839 803 4908 cipiens,
837 4840 1000 4894 vitam
1030 4855 1315 4911 moresque
1360 4840 1698 4909 potissimum
1733 4837 1954 4895 format.
1987 4837 2122 4893 Cum
2194 4840 2358 4910 igitur
2398 4841 2651 4911 magistro
2691 4842 2824 4896 urbs
2871 4850 3051 4897 vestra
3133 4839 3392 4912 indigeat,
3441 4837 3713 4909 signiﬁca,
3763 4845 3816 4892 et

576 4929 849 5001 accipiens
875 4944 980 4986 non
1013 4930 1301 4987 aberrabit.

1681 5085 1911 5143 VARle
1949 5084 2334 5144 LECTIONES
2369 5085 2456 5142 ET
2490 5084 2724 5144 NOTAE.

651 5265 764 5335 (ιδ)
799 5263 1241 5335 Ebilosophorum
1283 5264 1335 5319 id
1375 5263 1499 5318 olim
1532 5278 1596 5318 ac
1637 5264 2010 5334 religiosorum
2039 5265 2137 5320 ho-

2245 5281 2328 5331 ra,
2361 5263 2451 5319 sed
2484 5266 2571 5320 ubi
2601 5266 2749 5333 prius
2771 5264 3045 5333 imperium
3079 5264 3212 5334 ferre
3257 5265 3528 5324 didiceris.
3561 5267 3625 5322 Et
3666 5268 3822 5327 Plato

586 5334 782 5405 miuum
819 5334 1039 5405 aureum
1065 5353 1078 5390 :
1105 5334 1227 5405 Non
1267 5345 1401 5388 recte
1430 5337 1683 5402 imperare
1716 5337 1807 5404 qui
1830 5349 2007 5402 parere
2036 5351 2138 5389 non

2249 5336 2345 5390 lib.
2374 5350 2426 5389 Vl
2457 5336 2531 5389 De
2558 5337 2754 5405 legibus
2792 5349 2810 5388 :
2855 5336 2912 5389 '0
2946 5335 3017 5404 μὴ
3048 5335 3360 5399 δουλεύσας,
3391 5337 3497 5390 οὐδ’
3532 5337 3598 5391 ἂν
3624 5339 3823 5393 δεσπόο

586 5404 842 5456 didicerit.
878 5402 968 5458 Sic
996 5403 1148 5457 Joan.
1176 5403 1443 5457 Climacus
1476 5406 1540 5457 ad
1579 5402 1876 5472 Pastorem,
1919 5418 1985 5456 ex
2027 5405 2142 5456 Ari-

2247 5422 2346 5472 της
2393 5402 2621 5472 γένοιτο
2641 5405 2793 5470 ἄξιος
2840 5402 3081 5458 ὲποιίνου.
3143 5406 3408 5459 Isocrates
3461 5407 3512 5460 in
3572 5421 3822 5466 ειη-νειιο

585 5473 771 5549 stotele
797 5473 905 5549 ιιι).
943 5472 1318 5549 ιιιῇΡοΙίιίρῶιι
1345 5491 1368 5549 _:
1398 5472 1509 5549 odio
1543 5475 1688 5528 ἔστιν
1728 5471 1785 5526 εὖ
1833 5472 2014 5549 ἄρξειν

2250 5471 2462 5549 Nicocle
2488 5491 2531 5549 ξΔ
2553 5475 2676 5528 Ἐὰν
2715 5474 2972 5549 ἄρχεσθαι
3002 5474 3234 5549 μάθωσι,
3272 5475 3451 5549 πολλῷ
3478 5479 3683 5549 μᾶλλον
3715 5481 3819 5549 ἆρ-

591 5540 665 5614 μὴ
689 5541 970 5610 ἀρχθέντα,
1002 5542 1187 5610 Regere
1215 5544 1509 5614 nescit,_qui
1528 5561 1706 5614 parcre
1735 5540 1915 5596 nescit.
1951 5543 2016 5614 Et
2046 5541 2138 5595 lsi-

2246 5561 2360 5612 χειν
2412 5540 2904 5612 δυνήσονταιί-Πϋὶ
2946 5540 3051 5612 regi
3100 5547 3381 5600 didicerint
3404 5540 3434 5614 ,’
3463 5540 3623 5614 facile
3649 5540 3817 5604 etia'm

589 5611 750 5685 dorus
786 5621 963 5665 uoster
988 5628 1110 5685 sup.
1144 5612 1297 5685 epist.
1326 5612 1452 5665 225.
1491 5612 1701 5685 Solonis
1733 5626 1943 5685 quoque
1973 5613 2136 5685 lcgis-
2243 5611 2362 5668 aliis
2386 5611 2623 5683 poterunt
2656 5617 2934 5685 imperare.
2964 5611 3199 5673 senon.

593 5679 774 5734 ialoria'
812 5690 891 5736 est
921 5699 930 5732 :
974 5684 1159 5751 Ἂρχε,
1187 5682 1394 5750 πρῶτον
1438 5682 1618 5750 μαθὼν
1648 5679 1926 5755 ἄρχεσθαι.
1962 5681 2134 5749 Impe-
