4010 6434
229 301 359 368 1593
1129 299 1673 362 EPISTOLARUM
1717 302 1864 362 LIB.
1909 303 2056 364 V.—
2093 302 2336 363 EPIST.
2362 300 2614 362 CDL‘ZI.
3385 283 3522 354 15M

531 413 722 470 YNO’.
757 443 826 454 —
855 411 1118 483 ΙΣΙΔΩΡῼ
1148 412 1518 486 ΕΠΙΣΚΟΠῼ.
1852 469 1855 480 η

2192 412 2422 470 CDLIX.
2449 443 2518 454 -—-
2549 408 2827 468 [SIDORO
2881 404 3239 464 EPISCOPO.

323 525 632 583 Laboranti
661 539 715 584 et
741 528 954 599 facienti
975 535 1232 598 quantum
1266 526 1321 581 in
1355 543 1410 582 se
1429 536 1527 592 est,
1565 526 1708 582 Deus
1750 526 1854 596 fert
1879 529 2160 584 auxilium.
2201 527 2473 584 Virtutum
2517 526 2658 580 laus.
2686 523 2842 596 (ευρ.
2882 523 3035 594 epist.
3069 520 3174 576 515
3192 531 3239 575 et
3262 509 3418 579 5‘27.)

303 638 364 692 Ὀ
406 640 513 710 μὲν
561 641 770 714 ἀρετὴν
801 640 1007 707 ἀσκῶν,
1070 639 1280 704 δίκαιος
1334 639 1402 695 ἂν
1464 640 1549 712 εἴη
1601 641 1696 695 καὶ
1721 641 1824 712 τὴν

1999 642 2203 700 Virtuti
2230 656 2452 714 operam
2480 640 2700 696 navanti
2731 652 2946 709 aequum
2979 644 3067 692 est
3091 634 3330 689 divinum
3357 630 3522 688 etiam

226 731 374 786 θείαν
404 732 491 796 εἰς
527 731 788 804 βοήθειαν
837 731 1218 786 ἐπικαλεῖσθαι
1265 732 1472 804 ῥοπήν·
1507 733 1537 786 ὅ
1581 731 1640 785 δδ
1690 732 1826 804 μηδ·

1949 736 2244 808 mplorare,
2286 746 2344 792 ut
2376 749 2532 805 opem
2581 731 2725 788 Deus
2769 730 2930 795 ferat,
2975 726 3264 783 auxilium.
3311 725 3382 778 At
3430 721 3524 792 qui

227 823 361 888 όλως
403 824 720 898 φροντίζων
772 825 997 896 ἀρετῆς,
1059 825 1170 879 οὐδ’
1207 825 1274 881 ἂν
1326 823 1544 895 καλοίη,
1589 823 1826 896 ἐπήκοον

1946 830 2048 902 tius
2075 830 2277 886 nullam
2309 827 2460 885 ducit
2491 826 2786 892 rationem,
2829 836 3006 892 neque
3037 820 3257 877 invocat
3289 815 3524 878 Numen,

226 917 335 982 ῑξει
363 917 425 971 τὸ
461 917 652 972 Θεῖον.
680 916 774 987 Τῷ
808 916 920 990 γάρ
965 918 1141 973 πάντα
1185 917 1252 972 τὰ
1298 919 1428 990 παρ’
1465 916 1664 971 ἑαυτοῦ
1688 919 1826 990 πλη-

1950 923 2064 978 ιιυά
2109 921 2409 993 propitium
2440 934 2548 975 non
2593 917 2934 989 experietur.
2989 913 3096 980 Qui
3138 911 3284 967 enim
3314 909 3524 970 omnia,

232 1009 412 1079 ροῦντι
471 1010 727 1081 εὐμενῶς
777 1009 1040 1067 ἔπινεύει.
1092 1011 1211 1065 Ἵνα
1261 1008 1321 1064 δὲ
1354 1010 1450 1065 καὶ
1499 1010 1590 1064 διὰ
1641 1027 1825 1084 παρα-

1946 1016 2112 1087 ιιιοοό
2153 1012 2271 1082 eius
2320 1012 2442 1068 fieri
2477 1019 2681 1083 potest,
2733 1009 2944 1079 implet,
3011 1006 3249 1077 benigne
3280 1003 3331 1058 ei
3383 1001 3532 1057 Deus

226 1101 544 1172 δειγμάτων
569 1101 798 1172 βαδίσας
824 1104 855 1157 ό
891 1103 1051 1172 λόγος
1085 1102 1420 1175 σαφέστερον
1470 1102 1631 1158 τοῦτο
1660 1105 1824 1176 ποιή-

1946 1108 2143 1163 mnuit.
2180 1103 2249 1161 Ut
2296 1120 2430 1161 vero
2478 1103 2746 1174 exemplis
2791 1103 2960 1159 etiam
3007 1112 3191 1155 sermo
3230 1095 3433 1151 clarius
3474 1092 3532 1148 id

230 1207 316 1262 σῃ,
359 1190 572 1262 παρεὶς
600 1190 666 1245 τδ
691 1191 878 1260 φάναι.
913 1191 978 1247 El
1004 1195 1039 1264 ἠ
1083 1192 1260 1265 πόρνη
1298 1192 1552 1264 βούλεται
1581 1195 1684 1264 μὲν
1716 1210 1827 1248 σω-

1946 1197 2209 1264 ηιεηὰιιι,
2239 1195 2424 1252 dicere
2453 1194 2585 1250 mihi
2621 1193 2825 1250 videris
2858 1211 2872 1248 :
2900 1191 3042 1258 Quid
3069 1190 3116 1244 si
3147 1195 3392 1244 scortum
3427 1181 3531 1239 sal-

228 1282 407 1353 θῆναι,
449 1284 515 1337 οὐ
571 1282 825 1353 βούλεται
881 1285 938 1339 δὲ
993 1285 1365 1357 σωφρονῆσαι,
1417 1285 1536 1350 πῶς
1589 1285 1830 1356 σωθήσε-

1946 1288 2050 1344 vari
2075 1287 2229 1351 velit,
2259 1301 2370 1342 non
2413 1285 2543 1340 velit
2572 1293 2756 1340 tamen
2787 1284 2856 1338 ab
2886 1278 3278 1338 incontinentis
3308 1287 3532 1346 tempe-

226 1389 345 1439 ται;
394 1373 621 1426 Ἐκεῖνο
659 1375 876 1445 φράσω.
907 1376 1087 1430 Ἔστω
1128 1393 1212 1440 τις
1239 1376 1546 1448 γράμματα
1583 1375 1682 1447 μὲν
1706 1377 1829 1430 ἐπι-

1946 1393 2076 1445 rarc,
2135 1391 2242 1446 qua
2304 1380 2519 1432 demum
2571 1374 2784 1429 ratione
2842 1368 3182 1428 salvabitur?
3242 1365 3338 1421 Est
3386 1366 3532 1434 quod

231 1463 420 1534 θυμῶν
498 1463 723 1536 μαθεῖν,
778 1468 859 1529 είς
919 1465 1241 1520 διδασκάλου
1302 1467 1360 1520 δὲ
1421 1466 1496 1538 μὴ
1580 1465 1781 1535 φοιτῶν
1812 1479 1827 1494 ⁸

1946 1468 2287 1539 respondeam
2326 1485 2340 1522 :
2378 1465 2464 1522 Sit
2499 1466 2592 1536 qui
2627 1466 2841 1522 discere
2885 1463 3100 1519 litteras
3136 1462 3345 1532 cupiat,
3401 1472 3534 1529 pra:-

229 1552 346 1609 εἷτα
406 1556 491 1627 τῷ
551 1560 945 1629 γραμματιστῇ
990 1557 1314 1630 ὰγοράζοντι
1366 1556 1607 1628 ἐντυχὼν
1659 1557 1826 1623 λέξοι.⁸

1946 1570 2207 1632 :eptorem
2245 1569 2424 1616 tamen
2459 1559 2594 1614 nolit
2623 1559 2996 1629 frequentare,
3032 1557 3231 1612 dehinc
3261 1555 3312 1610 in
3344 1567 3534 1622 gram-

231 1648 470 1719 Ποίησόν
515 1665 586 1720 με
625 1648 816 1719 μαθεῖν
863 1649 1201 1721 γράμματα’
1241 1646 1332 1724 ἆρ’
1372 1651 1472 1720 οὐχ
1519 1652 1627 1721 ἡγῇ
1680 1652 1828 1704 ἐκεῖ-

1946 1651 2196 1707 matisten
2229 1650 2355 1721 (hoc
2390 1659 2493 1714 est,
2530 1648 2776 1705 scribere
2828 1650 3115 1703 docentem
3143 1688 3158 1713 ,
3209 1659 3275 1700 ac
3321 1645 3388 1699 de
3439 1642 3532 1696 lit-

231 1753 318 1789 νον
381 1736 666 1808 λαμπρῶς
712 1739 1107 1810 ἀποκρίνεσθαι
1159 1739 1409 1808 λέγοντα·
1441 1739 1831 1810 Ἐμῆρόντητε,

1946 1744 2067 1800 leris
2123 1743 2525 1814 disserentem)
2583 1740 2829 1796 incidens
2889 1739 3036 1794 dicat
3088 1754 3103 1792 :
3153 1737 3391 1793 Litteras
3448 1747 3536 1788 me

235 1829 324 1880 καί⁵
372 1828 498 1891 πῶς
537 1827 606 1882 ἂν
650 1828 835 1884 δύναιο
894 1829 1107 1900 μαθεῖν,
1171 1832 1309 1901 μήτε
1364 1833 1447 1893 είς
1495 1831 1822 1885 διδασκάλου

1946 1836 2175 1904 doceas;
2209 1850 2391 1890 annon
2423 1835 2573 1890 clare
2623 1845 3012 1901 responsurum
3071 1829 3314 1899 opinaris
3346 1845 3358 1881 :
3389 1825 3536 1882 Heus

234 1917 464 1984 φοιτῶν,
492 1919 637 1989 μήτε
661 1899 903 1991 γραφίδα
932 1921 1028 1973 καὶ
1063 1899 1248 1975 δέλτον
1291 1923 1654 1992 κεκτημένος,
1691 1923 1830 1993 μήτε

1946 1899 2169 1994 stolide,
2202 1927 2475 1999 quomodo
2504 1899 2729 1983 discere
2749 1939 2943 1997 queas,
2962 1923 3006 1978 si
3033 1937 3209 1993 neque
3239 1927 3537 1991 pracepto-

236 2012 419 2062 πονεῖν
449 2009 814 2081 βουλόμενοςς
848 2013 926 2083 Τῇ
969 2012 1070 2083 μὲν
1120 2013 1230 2086 γὰρ
1259 2013 1527 2086 ἐπιθυμίᾳ
1555 2017 1621 2085 τῇ
1677 2017 1743 2085 σῇ
1781 2016 1830 2068 εί

1946 2032 2058 2074 rem
2115 2017 2463 2090 frequentas,
2500 2032 2680 2089 neque
2714 2016 2914 2087 stylum
2956 2014 3123 2070 habes
3166 2013 3534 2081 tabulamque,

235 2099 264 2152 ό
316 2100 486 2164 πόνος
546 2101 847 2174 συναφθείη
900 2103 996 2156 καὶ
1056 2104 1090 2174 ἡ
1126 2104 1232 2175 ὲμὴ
1302 2104 1528 2174 σπουδὴ,
1589 2104 1831 2159 ἔσταιτι

1946 2117 1995 2165 et
2024 2107 2275 2165 laborare
2309 2110 2570 2166 recusas?
2610 2108 2736 2164 Tua:
2770 2109 2917 2164 enim
2961 2105 3209 2161 discendi
3249 2101 3536 2172 cupiditati

237 2191 420 2245 πλέον.
456 2193 523 2245 El
556 2192 610 2245 δὲ
649 2193 828 2263 λέγοις
865 2195 964 2264 μὲν
998 2196 1308 2266 ἐπιθυμεῖν,
1366 2197 1505 2268 μηδὲ
1554 2199 1729 2262 ποιοῖς
1755 2191 1832 2252 ὧν

1946 2201 1986 2257 si
2019 2202 2318 2258 accesserit
2348 2201 2519 2267 labor,
2550 2210 2714 2271 atque
2741 2214 2907 2270 opera
2941 2199 3105 2252 etiam
3140 2211 3279 2261 mea,
3315 2194 3538 2249 absolu-

235 2285 285 2336 οξ
357 2283 768 2354 ἐπιθυμοῦντες
832 2287 1066 2352 ποιοῦσι,
1131 2287 1247 2351 πῶς
1324 2287 1517 2358 μαθεῖν
1591 2288 1830 2362 δυνήσῃς

1946 2301 2053 2348 tum
2085 2292 2217 2363 quid
2248 2293 2664 2365 perfectumque
2703 2291 2920 2349 evadet.
2951 2287 3108 2356 Quod
3143 2289 3187 2343 si
3224 2288 3538 2342 desiderare

237 2375 487 2430 Τοιοῦτοί
523 2379 630 2431 εἱσι
665 2379 760 2432 καὶ
788 2380 838 2431 οί
868 2379 1065 2450 ἀρετῆς
1089 2379 1344 2448 λέγοντες
1387 2381 1486 2450 μὲν
1516 2381 1830 2452 ἐπιθυμεῖν,

1946 2385 2163 2455 quidem
2223 2395 2274 2440 te
2325 2384 2587 2454 aﬂlrmes,
2651 2398 2827 2457 neque
2875 2398 2938 2440 ea
2985 2396 3116 2453 ages
3169 2395 3291 2451 quae
3333 2376 3540 2433 sciendi

236 2467 334 2538 τὴν
361 2467 421 2522 δὲ
449 2471 532 2535 εἰς
561 2469 730 2541 αὐτὴν
757 2469 1032 2543 φέρουσαν
1059 2471 1177 2525 όδδν
1214 2470 1726 2543 ἀποδιδράσκοντες.

1946 2475 2124 2545 cupidi
2157 2474 2338 2532 facere
2363 2488 2790 2545 consueverunt,
2811 2476 3083 2548 quomodo
3099 2472 3307 2527 discere
3333 2462 3542 2535 queas?

1946 2565 2039 2621 Sic
2088 2565 2180 2634 qui
2236 2567 2489 2620 virtutem
2550 2573 2741 2636 opt-are
2805 2581 2865 2622 se
2917 2565 3125 2629 dicunt,
3185 2574 3250 2614 ac
3299 2557 3443 2612 viam
3474 2566 3546 2609 eo

1948 2655 2237 2712 ducentem
2271 2655 2481 2727 ingredi
2514 2655 2812 2727 refugiunt.

605 2769 815 2827 γεκ-
851 2771 1058 2826 HPeNt
1090 2769 1562 2841 ΠΡΕΣΒΥΤΕΡῼ.

2186 2769 2393 2827 CDLX.
2419 2801 2490 2811 —
2511 2770 2773 2827 HERONI
2823 2764 3307 2826 PRESBYTERO.

880 2869 1143 2924 Sectaadu
1168 2886 1229 2924 ea
1250 2887 1370 2939 qute
1408 2871 1478 2924 ad
1508 2871 1751 2926 uirtutem
1788 2869 2170 2942 acquirendam
2210 2872 2533 2927 adminiculo
2563 2889 2674 2928 esse
2695 2881 2906 2943 queant.

316 2985 510 3057 Μηδὲν
562 2983 747 3056 τίμιον
789 2979 931 3040 εἶναι
981 2984 1194 3056 νόμιζε,
1224 2983 1256 3038 δ
1302 2985 1377 3056 μὴ
1453 2986 1590 3058 πρὸς
1637 2985 1841 3058 ἀρετὴν

2019 2988 2166 3046 Cave
2197 2998 2354 3060 putes
2381 2987 2612 3058 alicujus
2641 3001 2764 3042 esse
2791 2983 2975 3055 pretii,
3010 2981 3154 3052 quod
3187 2979 3257 3034 ad
3288 2977 3548 3033 virtutem

245 3079 420 3150 φέρῃ,
460 3079 598 3150 μηδὲ
628 3081 754 3149 ποιῇ
784 3077 1046 3148 ἀμείνους
1071 3078 1200 3141 τοὺς
1233 3078 1362 3147 περὶ
1412 3077 1547 3130 αὐτὸ
1594 3075 1837 3131 σπουδά-

1946 3097 2052 3137 non
2102 3081 2289 3146 ducat,
2329 3095 2506 3150 neque
2535 3078 2792 3134 meliores
2823 3076 3012 3132 reddat
3061 3074 3165 3129 sibi
3200 3071 3434 3128 deditos.
3467 3068 3553 3124 Ad

247 3170 466 3236 ζοντας.
493 3170 655 3243 ⁴θέρει
675 3169 734 3225 δὲ
778 3170 859 3235 είς
883 3169 1089 3242 ἀρετὴν
1110 3169 1172 3223 τὸ
1203 3171 1318 3233 τοῖς
1363 3168 1676 3240 φιλαρέτοις
1707 3169 1838 3223 ἀκοο

1949 3174 2210 3230 virtutem
2242 3182 2424 3229 autem
2478 3187 2640 3228 manu
2673 3169 2916 3234 duceris,
2938 3168 2984 3223 si
3036 3167 3239 3223 virtute
3296 3161 3554 3233 praeditos

249 3262 482 3330 λουθεῖν,
513 3263 610 3317 καὶ
643 3263 854 3334 ὁμιλεῖν
890 3264 1005 3326 τοῖς
1061 3261 1554 3333 σωφρονεστάτοις,
1592 3260 1731 3315 ἀλλὰ
1759 3262 1838 3332 μὴ

1947 3265 2239 3336 sequaris,
2293 3272 2458 3334 atque
2502 3271 2657 3318 utare
2711 3259 3056 3317 familiariter
3107 3251 3556 3327 prudentissimis

248 3358 360 3420 τοῖς
412 3355 869 3424 ἁσελγεστάτοιςο
921 3357 1036 3419 τοῖς
1110 3352 1560 3427 είρηνικωτάτοις
1615 3352 1712 3407 καὶ
1758 3347 1844 3416 οἷς

1953 3357 2306 3424 hominibus,
2359 3357 2454 3412 sed
2506 3355 2731 3412 libidine
2792 3353 3021 3409 minime
3074 3347 3392 3412 dissolutis,
3441 3345 3556 3401 vita

252 3445 654 3518 συνδιατρίϐειν
703 3445 1002 3512 λυσιτελὲς,
1038 3445 1178 3502 άλλὰ
1226 3445 1302 3518 μὴ
1337 3447 1450 3510 τοῖς
1500 3446 1839 3516 μαχιμωτά-

1951 3462 2083 3507 vero
2101 3447 2310 3518 pacatis
2330 3461 2395 3502 ac
2418 3445 2649 3518 placidis
2677 3444 2914 3500 maxime
2935 3441 3201 3506 moribus,
3230 3439 3556 3509 quibuscum

251 3555 383 3603 τοις.
417 3533 494 3593 Εὖ
532 3538 646 3611 γὰρ
703 3538 904 3592 ειδέναι
935 3538 1064 3608 χρὴ,
1112 3538 1195 3592 ὅτι
1229 3537 1425 3601 κακίας
1462 3553 1546 3600 τις
1593 3537 1725 3609 ῥᾷον
1750 3555 1850 3609 με-

1951 3539 2164 3597 verssri
2201 3539 2469 3611 perutile,
2510 3553 2618 3594 non
2665 3551 2790 3593 cum
2834 3533 3214 3594 contentiosis.
3260 3530 3556 3588 Sciendum

251 3629 593 3702 ωλαμὸάνει
625 3631 660 3703 ἢ
709 3631 934 3702 αρετῆς.
975 3629 1041 3683 Εί
1070 3627 1179 3699 γὰρ
1234 3623 1304 3698 ἦν
1355 3629 1488 3700 ῥᾷον
1527 3628 1590 3683 τὸ
1642 3629 1847 3701 ἀρετῆς

1955 3632 2104 3689 enim
2130 3646 2281 3695 vere,
2313 3629 2476 3688 citius
2507 3630 2659 3687 vitiis
2696 3644 2862 3702 quam
2891 3627 3186 3684 virtutibus
3219 3624 3363 3694 capi.
3390 3620 3558 3694 695

257 3723 570 3794 μετασχεῖν,
594 3719 768 3792 ἐχρῆν
813 3721 905 3774 καὶ
935 3721 1050 3784 τοῖς
1104 3719 1392 3783 κακίστοις
1423 3722 1666 3775 συνεῖναι
1713 3720 1846 3784 τοὺς

1958 3718 2018 3778 Si
2050 3721 2199 3779 enim
2236 3721 2452 3778 facilius
2483 3722 2628 3778 foret
2676 3722 2937 3777 virtutem
2987 3715 3240 3787 adipisci,
3270 3712 3561 3784 oportebat

256 3810 602 3884 δυναμένους
652 3812 857 3884 ταύτην
908 3811 1264 3886 χαρίσασθαι.
1331 3811 1554 3884 Ἐπειδὴ
1595 3813 1654 3866 δὲ
1683 3811 1846 3866 τοῦτο

1957 3827 2091 3871 sane
2115 3828 2240 3870 cum
2263 3813 2524 3885 pessimis
2567 3812 2778 3870 versari
2806 3825 2922 3876 eos,
2958 3809 3052 3880 qui
3086 3808 3227 3862 hanc
3253 3803 3563 3861 communi-

253 3903 536 3969 δύσκολον,
585 3903 810 3974 ἄμεινον
844 3903 905 3958 ὲν
947 3901 1222 3974 ἀσφαλείᾳ
1270 3896 1434 3968 εἶναι,
1489 3901 1586 3954 καὶ
1627 3900 1852 3970 φεύγειν

1961 3919 2094 3963 care
2123 3913 2365 3976 possent.
2408 3903 2546 3960 Cum
2595 3917 2728 3959 vero
2765 3901 2817 3956 id
2852 3896 3172 3970 perdimcile
3204 3894 3299 3959 sit,
3334 3899 3562 3961 prastat

255 3997 382 4059 τοὺς
412 3994 705 4066 πονηρούς.
749 3995 814 4049 Ei
851 3994 961 4066 γὰρ
1007 3995 1205 4049 ἐκεῖνοι
1238 3994 1341 4048 οὐκ
1389 3993 1755 4064 ὠφελοῦνται,
1781 3995 1852 4050 δι’

1963 4004 2080 4052 tuto
2105 4011 2269 4066 agere
2300 4005 2357 4052 et
2386 3994 2666 4064 improbos
2703 3992 2901 4047 vitare.
2939 3986 3222 4058 Siquidem
3253 3997 3384 4040 vero
3426 3981 3560 4035 nihil

258 4087 325 4157 ἢν
348 4086 531 4144 αίτίαν
555 4086 722 4151 αὐτὸς
744 4084 1040 4159 ζημιοῦσαι
1064 4105 1080 4156 ;

1961 4089 2232 4145 commodi
2279 4088 2519 4144 referunt
2568 4085 2824 4155 improbi,
2872 4097 2993 4149 cur,
3041 4091 3272 4152 quzeso,
3317 4074 3414 4131 tibi
3457 4072 3559 4143 ipsi

1963 4180 2161 4238 afferre
2189 4181 2446 4236 damnum
2477 4178 2710 4236 studes?

597 4286 768 4344 ΥΞΑο.
794 4318 864 4331 -
896 4288 1136 4345 rapam
1178 4289 1508 4362 AIAKONo.

2250 4294 2481 4353 CDLXL
2511 4324 2582 4336 —
2621 4290 2904 4348 HIERACI
2946 4285 3270 4346 DIACONO.

950 4382 1206 4437 Animum
1231 4398 1390 4453 quam
1431 4397 1621 4451 corpus
1653 4380 1891 4440 excolere
1923 4399 2166 4457 praestat.
2202 4389 2277 4444 De
2299 4389 2550 4443 societate
2580 4384 2858 4438 bonorum.

337 4516 404 4571 Ἦ
442 4515 608 4584 φύσις
634 4514 851 4588 ἀνάγκῃ
877 4516 973 4570 καὶ
1000 4515 1147 4587 ὅροις
1173 4514 1402 4584 δέδεται,
1435 4517 1469 4586 ἡ
1497 4515 1554 4570 δὲ
1588 4515 1849 4588 προαίρε-

2025 4516 2230 4572 Natura
2265 4513 2574 4572 necessitati
2622 4511 2900 4582 certisque
2935 4517 3025 4568 est
3065 4507 3266 4563 ﬁnibus
3298 4504 3561 4566 astricta;

263 4625 344 4673 αις
368 4606 660 4677 ἐλευθερίᾳ
705 4606 799 4660 καὶ
828 4607 1049 4680 ἐξουσίᾳ
1090 4609 1404 4680 τετίμηται.
1437 4607 1504 4661 Τί
1553 4606 1853 4678 τοιγαροῦν

1955 4610 2242 4665 arbitrium
2300 4623 2429 4663 vero
2485 4607 2741 4661 libertate
2799 4619 2864 4658 ac
2942 4608 3214 4671 potestate
3277 4598 3565 4666 praeditum

262 4699 322 4752 τὸ
351 4699 514 4768 σῶμα
574 4697 955 4765 καλλωπίζων,
993 4699 1096 4770 τῆς
1122 4700 1301 4771 ψυχῆς
1345 4700 1612 4770 άμελεῖς;
1665 4698 1855 4770 Μυρία

1956 4711 2061 4758 est.
2089 4701 2200 4757 Cur
2231 4700 2400 4772 igitur
2444 4713 2648 4767 corpus
2694 4703 2950 4752 accurate
2987 4707 3267 4748 exornans
3322 4691 3563 4744 animum

268 4791 367 4862 μὲν
408 4791 524 4860 (44)
560 4791 654 4844 ἐὰν
691 4791 1001 4862 μηχανήσῃ,
1035 4791 1097 4843 τὸ
1119 4790 1357 4862 εἰδεχθὲς
1386 4790 1546 4861 σῶμα
1574 4789 1855 4862 εὔμορφον

1962 4792 2240 4864 negligis?
2296 4791 2536 4846 Tametsi
2592 4789 2740 4845 enim
2802 4783 3224 4840 innumerabilia
3283 4783 3563 4848 moliaris,

264 4883 322 4934 οὐ
354 4882 619 4952 ποιήσεις.
663 4882 822 4953 Ῥᾷον
844 4883 901 4936 δὲ
934 4881 1033 4952 τὴν
1069 4882 1248 4953 ψυχὴν
1280 4883 1360 4947 είς
1403 4881 1574 4951 αὐτὴν
1602 4881 1694 4935 τοῦ
1727 4882 1855 4936 κάλ-

1964 4899 2166 4954 corpns
2187 4883 2434 4939 deforme
2464 4881 2668 4937 frustra
2721 4879 3024 4934 formosum
3054 4874 3274 4931 coneris
3311 4874 3565 4929 reddere.

265 4975 388 5038 λους
422 4975 740 5043 ἀναγάγοις,
773 4976 821 5026 εί
868 4972 1100 5043 βούλοιο,
1158 4974 1258 5044 τὴν
1303 4975 1550 5046 κορυφήν
1575 4989 1588 5002 ·
1652 4973 1749 5027 καὶ⁸
1792 4974 1855 5027 τὸ

1963 4974 2034 5027 At
2067 4987 2294 5043 pronum
2350 4981 2431 5025 est
2463 4983 2528 5024 ac
2556 4968 2715 5024 facile
2762 4967 3005 5021 anim’am
3056 4966 3126 5019 ad
3177 4978 3476 5027 summum,
3522 4964 3566 5018 si

269 5065 389 5136 μὲν,
425 5067 475 5118 εί
505 5066 598 5119 καὶ
628 5065 852 5118 δυνατὸν
877 5060 968 5138 ἦν,
1001 5065 1276 5136 ἀνωφελὲς
1305 5062 1373 5138 ἦν
1401 5067 1496 5121 καὶ
1526 5067 1818 5138 ἐπίφθονον
1839 5086 1852 5100 ο

1965 5065 2118 5130 libet,
2179 5061 2598 5136 pulchritudinis
2653 5060 2867 5116 culmen
2928 5058 3227 5113 adducere.
3307 5054 3372 5108 Et
3437 5055 3568 5109 illud

267 5160 324 5213 τὸ
357 5159 415 5214 δὲ
447 5157 541 5214 καὶ
558 5158 853 5230 ὠφέλιμον,
872 5158 968 5212 καὶ
998 5157 1192 5228 φθόνου
1223 5162 1492 5231 κρεῖττον,
1525 5163 1618 5215 καὶ
1645 5162 1855 5232 βασκα-

1960 5156 2205 5227 quidem,
2252 5155 2502 5227 quamvis
2561 5152 2675 5208 fieri
2735 5158 2936 5222 queat,
2972 5149 3165 5204 inutile
3201 5156 3380 5202 tamen
3410 5148 3481 5201 sit
3513 5156 3569 5200 et

268 5253 382 5312 νίας
451 5248 742 5319 ἀνώτερον.
811 5250 872 5303 Εἰ
929 5249 988 5303 δὲ
1037 5250 1278 5321 νομίζεις
1325 5251 1584 5307 δύσκολον
1615 5249 1756 5308 εἶναι
1795 5253 1855 5306 τὸ

1960 5251 2210 5306 odiosum
2242 5268 2256 5304 :
2286 5253 2386 5304 hoc
2416 5264 2546 5305 vero
2596 5246 2836 5319 perutile
2871 5253 2924 5299 et
2956 5253 3113 5298 extra
3149 5255 3371 5297 omnem
3424 5239 3566 5290 invi-

269 5340 538 5412 ἀναϐἦναι
566 5342 658 5394 ἐπὶ
687 5341 783 5412 τὴν
807 5343 1050 5414 κορυφὴν
1081 5343 1180 5412 τῆς
1219 5344 1440 5414 ἀρετῆς,
1478 5345 1713 5415 μάλιστα
1753 5345 1855 5414 μὲν

1961 5345 2109 5400 diam
2162 5344 2457 5412 odiumque
2494 5343 2752 5413 positum.
2798 5339 2855 5395 Si
2901 5347 3080 5392 autem
3137 5344 3295 5408 putes
3349 5329 3568 5388 difﬁcile

269 5433 406 5487 εἰσὶν
471 5435 522 5487 oi
579 5435 672 5488 καὶ
728 5435 887 5488 τοῦτο
939 5436 1254 5502 ἀνύσαντες,
1309 5438 1404 5491 καὶ
1459 5439 1522 5491 ὲκ
1555 5438 1649 5491 τοῦ
1689 5437 1852 5508 βυθοῦ

1960 5453 2103 5506 esse,
2137 5447 2194 5493 ut
2225 5437 2350 5508 quis
2371 5437 2437 5491 ad
2457 5451 2731 5491 summum
2767 5433 2990 5489 virtutis
3016 5433 3227 5502 apicem
3263 5428 3570 5498 pertingat,

1390 5593 1621 5649 νιιιιιίε
1663 5592 2048 5650 LECTIOM'LS
2093 5593 2177 5647 ET
2215 5592 2449 5650 NOTAS.

347 5743 461 5815 {isi}
491 5744 630 5802 inter
663 5749 758 5817 μὲν
787 5758 839 5806 et
881 5750 970 5804 εὰν
1007 5751 1164 5807 mlum
1199 5761 1439 5807 luserunt
1471 5753 1594 5820 γάρ
1649 5751 1855 5808 Possm.
