4010 6466
466 318 489 384 ι
501 317 604 385 595

1650 297 1691 357 5
1755 290 2044 356 ISIDORI
2081 284 2522 350 PELUSIOTE

3580 261 3718 329 1596

465 441 592 486 sunt
626 437 805 482 tamen
859 419 1096 484 omnino,
1153 416 1243 487 qui
1292 428 1355 470 eo
1401 410 1753 482 perveniant,
1806 417 2026 476 atquee

2159 401 2225 468 ἦς
2254 397 2453 460 κακίας
2509 392 2646 464 πρὸς
2689 390 2857 460 ἀκρον
2910 383 3317 455 ἀναϐεϐηκότες
3367 379 3592 451 ἀρετῆς.
3654 377 3716 432 Εἰ

466 516 689 574 malitiae
738 511 996 567 barathro
1023 509 1091 561 ad
1125 503 1342 559 virtutis
1376 500 1632 555 verticem
1674 493 2039 552 conscendere

467 605 733 662 nitantur.
759 597 913 666 Quod
945 597 988 652 si
1017 594 1233 651 diiiieile
1275 593 1544 655 videatur,
1595 584 1808 643 discede
1839 583 1907 638 ab
1933 582 2038 636 im-

466 692 754 766 probitate,
786 697 839 743 et
895 686 1084 740 insiste
1116 683 1201 736 via
1251 694 1373 751 qnze
1432 678 1498 733 ad
1555 676 1808 730 virtutem
1867 669 2032 724 ducit.

466 760 620 853 Quod
653 783 696 836 si
739 779 916 834 adhuc
949 775 1159 831 modice
1186 773 1388 827 distare
1411 770 1680 829 videatur,
1709 762 1817 818 noli
1847 760 2037 815 existi-

467 890 616 933 mare
643 873 933 927 modicum.
955 868 1010 923 id
1043 868 1134 922 fiet
1155 866 1199 919 si
1237 863 1411 918 noxiis
1432 861 1551 914 vita
1575 854 1838 912 institutis
1860 865 2038 923 neque

469 967 547 1022 uti
577 965 693 1035 ipse
726 963 893 1027 voles,
933 974 1108 1028 neque
1153 957 1227 1012 iis
1256 955 1347 1024 qui
1385 959 1609 1006 utantur
1639 949 1716 1004 sis
1749 944 2054 1010 familiaris,

471 1058 635 1114 bonis
687 1065 878 1111 contra
913 1052 1048 1107 viris
1090 1063 1153 1105 ac
1214 1045 1445 1117 negotiis
1503 1041 1732 1110 teipsum
1794 1036 2029 1093 dederis.

468 1148 676 1204 Probos
726 1145 964 1209 etenim,
1016 1139 1229 1197 tametsi
1291 1146 1344 1191 te
1391 1134 1643 1199 oderint,
1697 1129 1884 1201 fugere
1929 1141 2037 1183 non

467 1246 700 1312 oportet,
734 1244 787 1290 at
813 1249 939 1291 vero
962 1233 1148 1292 malos.
1177 1229 1275 1285 etsi
1302 1239 1352 1284 te
1378 1231 1582 1282 ament.

629 1349 878 1408 CDLXII.
916 1377 976 1390 —
1012 1338 1388 1400 THEODORO
1441 1331 1865 1396 AUGUSTALI.

2138 491 2197 544 δέ
2234 506 2317 543 σοι
2344 487 2601 542 δύσκολον
2631 479 2768 536 εἶναι
2799 479 2957 534 τοῦτο
2995 479 3172 541 δοκεῖ,
3204 474 3296 528 καὶ
3331 471 3600 540 ἀπόστηθι
3622 470 3720 537 τῆς

2139 581 2362 644 κακίας,
2393 579 2488 631 καὶ
2522 578 2654 646 ἅψαι
2677 573 2777 643 τῆς
2806 571 2898 626 ἐπὶ
2923 569 3024 641 τὴν
3043 565 3243 639 ἀρετὴν
3267 562 3539 634 φερούσης
3574 559 3717 613 ὁδοῦ·

2137 675 2198 727 τὸ
2226 673 2333 744 γὰρ
2360 671 2440 725 ἔτι
2475 668 2668 740 μικρὸν
2719 663 2911 718 ἑαυτοῦ
2965 660 3269 731 διαφέρειν,
3317 656 3378 709 ού
3405 654 3487 706 δεῖ
3525 650 3722 721 μικρὸν

2138 765 2413 837 ἡγεῖσθαι.
2446 761 2618 818 Τοῦτο
2647 758 2705 812 δὲ
2733 757 2908 820 ἔσται,
2949 755 2998 807 εἰ
3031 756 3146 815 τοῖς
3186 749 3284 821 μὲν
3315 745 3571 818 πονηροῖς
3597 744 3720 837 ἐπι-

2149 833 2450 926 τηδεύμασι
2499 853 2635 924 μήτε
2683 847 2846 911 αὐτὸς
2889 843 3129 918 χρῆσθαι
3186 836 3530 911 βουληθείης,
3580 833 3721 926 μήτε

2139 925 2251 1012 τοῖς
2272 925 2575 1019 χρωμένοις
2620 940 2880 1013 χρῆσθαι,
2903 939 3016 1002 τοῖς
3051 935 3108 989 δὲ
3135 931 3361 1002 ἀγαθοῖς
3402 927 3498 983 καί
3532 925 3721 1019 πράγ-

2147 1017 2404 1111 μασικαί
2452 1035 2681 1106 ἀνδράσι
2732 1029 3029 1102 συνάψειας
3063 1025 3280 1081 σαυτόν.
3311 1021 3449 1084 Τοὺς
3484 1019 3584 1111 μὲν
3614 1017 3726 1087 γάρ

2136 1110 2377 1201 ἀγαθοὺς
2400 1129 2521 1182 οὐδὲ
2555 1123 2878 1198 μισούμενον
2901 1120 3127 1193 φεύγειν
3155 1116 3286 1189 χρὴ,
3311 1113 3442 1178 τοὺς
3465 1110 3525 1165 δὲ
3557 1125 3726 1179 πονη-

2137 1222 2265 1292 ροὺς
2289 1220 2385 1275 καὶ
2414 1216 2762 1290 φιλούμενον.

2344 1330 2511 1386 rae.
2544 1361 2618 1372 —
2641 1325 2945 1396 esosopo
2993 1317 3499 1388 ΔΥΓΟΥΣΤΔΛΙῼ.

1072 1435 1383 1492 Comitalem
1415 1432 1589 1504 potius
1615 1445 1773 1500 quam
1800 1425 2105 1498 superbiam
2135 1438 2186 1485 et
2215 1429 2415 1497 [astant
2444 1424 2826 1496 imperantibus
2853 1416 3152 1472 convenire.

540 1552 656 1610 Non
685 1551 976 1623 superbum
1009 1550 1319 1618 elatumque
1357 1543 1634 1616 ingenium
1670 1542 1737 1597 ad
1758 1541 2036 1611 imperas.

469 1645 596 1700 dum
636 1657 758 1699 cum
803 1641 940 1697 fastu
982 1654 1041 1696 se
1084 1641 1219 1694 dans
1273 1634 1584 1705 reipublicz
1631 1631 2034 1703 gubernanda,

471 1743 531 1790 ut
557 1733 855 1797 existimas,
895 1741 1077 1798 aptum
1105 1739 1208 1797 est,
1257 1727 1352 1784 sed
1398 1725 1531 1782 mite
1556 1722 1737 1796 potius
1784 1735 1848 1776 ac
1880 1718 2038 1774 facile

471 1826 829 1896 omnibusque
878 1838 939 1880 se
985 1838 1048 1879 es
1107 1835 1261 1891 sequo
1295 1815 1719 1874 accommodans
1759 1810 2037 1882 ingenium

2212 1544 2289 1599 Οὐ
2317 1542 2378 1596 es
2397 1537 2713 1605 ἀλαζονικὸν
2744 1537 2840 1590 καὶ
2879 1531 3186 1604 ὑπέρογκον
3215 1527 3414 1597 δεῖγμα
3472 1525 3732 1594 ἀρχοντι-

2143 1633 2240 1688 κοῦ
2267 1635 2437 1696 ἐστιν,
2461 1630 2537 1692 ὡς
2567 1629 2698 1698 ἡγῇ,
2731 1625 3098 1698 φρονήματος,
3133 1618 3272 1675 ἀλλά
3299 1617 3360 1672 τὸ
3391 1617 3599 1688 ἥμερον
3632 1611 3734 1667 καὶ

2137 1720 2479 1791 εὐπρόσιτον,
2513 1717 2608 1771 καὶ
2646 1715 2708 1769 τὸ
2737 1714 2904 1767 πᾶσιν
2941 1713 3057 1782 μετ’
3084 1707 3389 1770 ἐπιεικείας
3413 1701 3732 1777 προσφέρε-

2147 1811 2289 1866 σθαι.
2355 1809 2566 1864 Ἐκεῖνο
2600 1805 2701 1877 μὲν
2751 1805 2862 1876 γὰρ
2911 1798 3283 1872 θηριοπρεπὲς
3323 1797 3419 1850 καὶ
3473 1793 3728 1864 ὁφιῶδες,

431 1886 870 1990 \prafereniium
901 1920 1006 1971 est.
1059 1886 1190 1968 illud
1226 1910 1445 1983 quidem
1489 1907 1718 1964 ferinum
1765 1903 1925 1975 plane
1957 1910 2040 1958 est

2157 1899 2305 1956 τοῦτο
2331 1898 2389 1953 δὲ
2421 1896 2669 1970 ἀρχικὸν,
2701 1895 2798 1949 καὶ
2821 1896 2933 1956 τοῖς
2968 1891 3228 1962 ὑπηκόοις
3255 1886 3729 1948 λυσιτελέστατον.

476 2026 540 2065 ac
591 2009 893 2080 viperiuum
952 2025 966 2061 :
1025 2006 1128 2062 hoc
1175 2011 1365 2060 contra
1423 2009 1608 2071 aptum
1668 1998 1919 2068 imperio,
1977 2008 2044 2051 ac

473 2103 710 2158 subditis
743 2100 898 2170 longe
932 2098 1300 2154 utilissimum.
1353 2092 1540 2164 Neque
1576 2092 1720 2147 enim
1753 2089 1918 2154 fastu,
1948 2087 2042 2144 sed

474 2191 760 2259 prudentia
795 2187 1174 2260 praefectorum
1213 2200 1302 2242 res
1329 2184 1697 2256 subjectorum
1736 2179 2048 2260 instauran-

479 2293 583 2338 tur.
603 2282 697 2337 ille
715 2259 857 2338 enim
872 2282 1117 2353 utrisque
1133 2294 1322 2351 parum
1344 2286 1511 2342 tutus,
1523 2275 1639 2332 hac
1654 2287 1783 2330 vero
1804 2259 2048 2343 utriéque

478 2383 626 2430 tuta:
648 2373 770 2429 istis
791 2373 1008 2446 quidem
1037 2373 1082 2428 si
1106 2370 1390 2442 imperium
1411 2368 1479 2425 ad
1504 2365 1816 2438 popularem
1845 2371 2044 2420 statum

477 2476 720 2536 spectare
742 2467 1001 2531 creditur,
1030 2464 1114 2521 bis
1143 2478 1272 2519 vero
1299 2462 1345 2518 si
1373 2459 1685 2517 dominandi
1718 2451 2044 2531 [libidinem]

479 2571 685 2626 amore,
720 2557 813 2628 qui
848 2556 1100 2611 timorem
1134 2553 1327 2619 vincit,
1355 2558 1688 2622 permutent.

923 2662 1196 2723 CDLXﬂi.
1225 2693 1296 2705 —
1317 2661 1592 2720 ALYPIO.

2150 1991 2227 2048 οὗ
2269 1990 2382 2062 γὰρ
2428 1988 2537 2044 ἀπὸ
2579 1987 2951 2058 φρονήματος.
2977 1982 3092 2038 ἀλλ’
3127 1980 3236 2036 ἀπὺ
3266 1979 3585 2053 φρονήσεως
3617 1974 3734 2030 τῶν

2151 2082 2436 2156 ἡγεμόνων
2473 2079 2543 2134 τά
2567 2079 2676 2134 τῶν
2705 2075 2963 2147 ὑπηκόων
2995 2069 3352 2143 κατορθοῦται
3400 2066 3732 2156 πράγματα.

2147 2155 2225 2230 Τὸ
2259 2171 2482 2244 μὶνγάρ
2514 2170 2610 2226 καὶ
2629 2170 2811 2234 αὐτοῖς
2836 2167 2932 2222 καὶ
2948 2167 3061 2229 τοῖς
3091 2161 3415 2235 ἀρχομένοις
3435 2155 3733 2230 σφαλερὸν,

2149 2267 2184 2338 ﬂ
2242 2265 2300 2319 δὲ
2348 2263 2631 2333 ἑκατέροις
2687 2259 2936 2331 ἀσφαλής
2957 2274 2972 2289 ·
3003 2257 3118 2319 τοῖς
3163 2254 3264 2326 μὲν
3294 2253 3430 2326 (i5),
3457 2252 3508 2305 εἰ
3537 2248 3598 2304 τὸ
3624 2249 3734 2320 ἀρ-

2149 2359 2303 2431 χικὸν
2328 2359 2424 2414 ἐπὶ
2458 2359 2520 2412 τὸ
2543 2351 2981 2428 δημοτικώτερον
3013 2349 3190 2406 νεύειν
3211 2345 3556 2402 ἀναπείθοιεν
3573 2357 3587 2371 ο
3613 2340 3735 2404 τοῖς

2147 2449 2229 2513 δὲ,
2282 2450 2332 2504 εἰ
2387 2449 2489 2520 τὴν
2539 2446 2838 2500 ἐπιείκειαν
2879 2442 2979 2515 τὴν
3028 2436 3365 2513 ἡγεμονικὴν
3397 2436 3480 2500 εἰς
3510 2431 3739 2504 ἀγάπην

2154 2540 2378 2613 μείζονα
2394 2538 2490 2594 τοῦ
2512 2537 2682 2609 φόϐου
2711 2535 3089 2607 τυγχάνουσαν
3116 2528 3392 2602 τρέφοιεν.

2658 2646 2823 2702 τείν.
2854 2673 2924 2688 -ο
2945 2643 3225 2716 suum.

1395 2753 1623 2810 Theatra
1654 2753 1894 2820 uitanda,
1927 2756 1985 2804 ut
2019 2745 2287 2802 libidinosi
2321 2742 2519 2798 amoris
2555 2741 2810 2796 scholam.

550 2869 775 2927 Theatri
828 2867 1081 2941 quisquis
1125 2867 1321 2926 insano
1366 2879 1554 2922 amore
1595 2873 1791 2935 captus
1837 2870 1962 2930 est,
2017 2876 2052 2917 o

477 2964 682 3034 Optime
728 2963 993 3025 virorum,
1033 2961 1260 3016 insanus
1309 2959 1548 3015 vicissim
1589 2971 1654 3013 ac
1691 2956 1937 3026 perditus
1987 2953 2052 3008 fit

2238 2857 2297 2912 '0
2320 2853 2715 2927 θεατρομανὴς,
2750 2845 2796 2905 ὦ
2829 2849 3093 2922 βέλτιστε.
3117 2844 3478 2919 ιρωτομανὴς
3502 2842 3740 2912 γίνεται.

2154 2947 2326 3016 Φεῦγι
2347 2947 2524 3001 τοίνυν
2552 2944 2747 3005 ἐκεῖνο,
2776 2941 2864 2998 ἵνα
2891 2940 2968 3013 μὴ
3011 2939 3172 2994 τοῦτο
3207 2937 3448 3010 τεχθείη.
3477 2937 3744 3008 Ἄμεινον

480 3029 716 3111 amator.
771 3052 909 3108 illud
966 3051 1151 3121 itaque
1193 3049 1387 3106 vitium
1435 3047 1672 3115 declina,
1726 3061 1796 3102 ne
1849 3045 1902 3101 in
1948 3045 2048 3102 hoc

2157 3038 2264 3111 γάρ
2291 3037 2368 3114 μὴ
2399 3033 2695 3111 ῥιζωθῆναι
2729 3033 2831 3105 τὴν
2855 3034 3031 3121 νόσον,
3058 3032 3093 3104 ἢ
3133 3030 3464 3104 ριζωθείσαν
3488 3029 3747 3085 ἀνασπα-

480 3144 709 3202 incidas.
752 3141 984 3198 Praestat
1027 3140 1174 3198 enim
1206 3139 1453 3197 morbum
1483 3135 1696 3194 radices
1726 3150 1834 3191 non
1866 3148 2050 3206 agere,

478 3248 640 3302 quam
662 3233 826 3304 iactis
847 3231 958 3300 jam
990 3231 1263 3286 radicibus
1291 3228 1546 3298 avellere,
1566 3225 1708 3297 quod
1725 3225 2054 3298 quibusdam

479 3323 714 3389 difﬁcile,
752 3323 874 3378 aliis
897 3336 1027 3378 vero
1055 3322 1220 3378 etiam
1253 3318 1591 3389 impossibile
1613 3319 1877 3374 videatur.

649 3435 818 3509 696
840 3432 1114 3493 CDLXIV.
1143 3461 1214 3476 --
1241 3430 1518 3490 DIOGENI
1562 3427 1884 3488 DlACONO.

2162 3127 2380 3200 σθῆναι,
2419 3126 2556 3198 ὅπερ
2606 3123 2720 3178 τισὶ
2774 3121 2874 3194 μὲν
2931 3120 3212 3190 δύσκολον,
3244 3118 3357 3176 τισὶ
3385 3116 3746 3175 δὶάδύνατον

2161 3221 2299 3280 εἰναι
2319 3224 2471 3279 δοκεῖ
2505 3219 2643 3296 (46).

2460 3381 2621 3480 ram.
2643 3453 2713 3465 --
2737 3420 3050 3479 AlOl‘ENEl
3096 3421 3420 3493 ΔιΑιιοΝο.

1797 3519 1970 3579 Amisi
2000 3535 2106 3576 non
2133 3519 2429 3575 deserendi.

552 3639 686 3695 Cum
737 3651 997 3709 germano
1039 3637 1365 3707 sinceroque
1409 3650 1597 3692 amore
1649 3633 1901 3691 fiduciam
1948 3633 2044 3688 ita.

482 3731 613 3787 bere
669 3728 1050 3800 spoponderis,
1101 3743 1224 3795 cur,
1283 3741 1488 3797 quaeso,
1549 3726 1757 3783 amicos
1807 3724 2056 3782 illostnae

485 3819 808 3876 commissos
838 3818 963 3874 ildei
997 3819 1051 3873 in
1108 3827 1352 3889 apertum
1383 3817 1663 3888 conjecisti
1719 3814 2058 3887 periculum?

485 3910 590 3967 Sed
623 3909 871 3965 fortassis
912 3909 1062 3965 rudis
1112 3909 1226 3980 ipse
1258 3923 1400 3965 vera:
1428 3923 1487 3965 es
1527 3906 1802 3974 amicitia,
1838 3899 2084 3964 minime-

484 4015 591 4073 que
619 4002 887 4071 perfectus
916 4002 1021 4057 hoc
1053 4001 1245 4057 fecisti.

900 4104 1153 4164 CDLXY.
1184 4135 1255 4147 —
1282 4103 1640 4160 ASCLEPIO.

2226 3630 2339 3702 Τῆς
2369 3630 2599 3701 γνησίας
2629 3630 2722 3685 καὶ
2745 3629 3073 3702 εἰλικρινοῦς
3109 3628 3295 3700 φιλίας
3339 3628 3402 3683 τδ
3444 3627 3601 3693 ἀδεὲς
3648 3629 3748 3700 ιτ.

2149 3723 2465 3794 γυωμένης,
2494 3723 2561 3776 δι’
2588 3723 2656 3794 ἢν
2709 3722 2886 3778 αἰτίαν
2925 3723 3087 3785 αὐτὸς
3120 3724 3246 3786 τοὺς
3269 3720 3744 3794 ὲμπιστευθέντας

2155 3831 2238 3868 σοι
2259 3814 2411 3884 παρά
2440 3813 2548 3868 τῶν
2579 3812 2747 3882 φίλων
2774 3815 2855 3877 εἰς
2877 3807 3157 3883 προῦπτον
3190 3812 3421 3885 ἔρριψας
3454 3811 3744 3878 κίνδυνονς

2167 3906 2304 3962 Ἀλλ’
2345 3905 2475 3970 ἴσως
2504 3905 2689 3976 φιλίας
2731 3904 3057 3977 εἰλικρινοῦς
3085 3905 3346 3974 ἄγευστος
3388 3903 3463 3958 ὢν
3497 3904 3592 3959 καὶ⁵
3618 3901 3749 3957 ἀτι-

2157 4000 2346 4066 λεστος
2367 3999 2527 4053 τοῦτο
2559 3998 2853 4070 διεπράξω.

2603 4105 2769 4160 γεεν.
2801 4134 2876 4145 -
2903 4105 3280 4177 asumma.

1120 4194 1321 4251 Cedant
1353 4211 1503 4248 arma
1537 4204 1692 4264 togw.
1718 4193 1887 4249 Cicer.
1947 4206 1964 4246 ι
2029 4192 2176 4266 Οῃίε.
2217 4205 2264 4250 et
2287 4205 2470 4250 contra
2506 4195 2561 4250 in
2603 4195 2924 4249 Mureniana
2946 4205 3086 4250 orat.

556 4311 998 4382 Quandoquidem
1025 4311 1313 4366 ostendere
1340 4308 1572 4364 fortasse
1597 4314 1750 4380 cupis
1777 4308 2062 4380 sapientiae

2249 4311 2466 4383 Ἐπειδὴ
2493 4310 2660 4376 δεῖξαι
2719 4311 2849 4375 ἴσως
2898 4310 3220 4381 βουλόμενος
3266 4310 3365 4379 τῆς
3411 4309 3607 4378 σοφίας
3646 4312 3749 4382 τῆς

492 4409 654 4477 hujus
710 4407 895 4461 mundi
940 4404 1187 4460 bellicam
1219 4411 1481 4473 praestare
1526 4402 1920 4470 fortitudinem,
1951 4420 2048 4473 op-

2157 4403 2428 4474 κοσμικῆς
2454 4403 2736 4473 κρείττονα
2771 4401 2870 4475 τὴν
2915 4405 2974 4456 ὲν
3031 4405 3144 4466 τοῖς
3179 4402 3440 4473 πολέμοις
3465 4400 3746 4473 ἀνδρείαν,

490 4499 648 4569 ponis
703 4498 858 4554 nobis
902 4507 1176 4552 oratorem
1221 4497 1487 4550 dicentem
1527 4511 1539 4546 :
1581 4496 1853 4561 Quantum
1912 4497 2056 4564 quod

489 4597 700 4660 aperte,
742 4603 901 4660 quam
934 4588 1075 4657 quod
1123 4587 1263 4642 clam
1324 4586 1559 4655 geritur,
1595 4587 1788 4642 melius
1836 4598 1958 4655 est;
2001 4597 2058 4643 et

488 4684 705 4737 vincere
734 4691 922 4750 aperto
947 4681 1136 4746 Marte,
1176 4695 1338 4749 quam
1368 4680 1758 4750 supplantando
1791 4689 2055 4745 evertere,

493 4771 940 4828 honoriﬁcentius
996 4771 1210 4829 exsistit
1241 4789 1255 4826 :
1285 4770 1367 4826 sic
1415 4783 1468 4825 et
1528 4773 1810 4828 honestius
1858 4771 1958 4826 fuit
1994 4787 2058 4827 ac

493 4865 811 4921 laudabilius
836 4880 865 4920 a
885 4865 1106 4922 Conone
1132 4865 1287 4930 duce,
1309 4879 1469 4933 quam
1493 4880 1522 4918 a
1547 4863 1912 4922 Themistocle
1939 4882 2059 4920 tnu-

493 4971 583 5012 ros
612 4957 1016 5012 Atheniensium
1053 4957 1333 5012 constitui.
1363 4956 1462 5010 Hic
1489 4955 1630 5010 enim
1667 4957 1829 5024 ciam,
1857 4958 1946 5013 ille
1977 4958 2059 5012 vi-

494 5061 614 5104 ctor
633 5063 817 5103 eorum
835 5052 926 5120 qui
957 5051 1374 5118 prohibuissent,
1393 5047 1590 5103 eﬂ'ecit.
1619 5047 1750 5103 illud
1776 5052 2060 5116 conﬁrmo,

2165 4495 2514 4566 ἀπετείχισας
2541 4496 2674 4565 ἡμῖν
2692 4496 2785 4549 τὸν
2819 4496 3024 4568 ῥήτορα
3047 4496 3327 4566 φάσκοντα
3346 4511 3361 4525 ·
3388 4491 3544 4565 Ὀσῳ
3561 4495 3622 4547 τὸ
3647 4511 3752 4564 φα-

2163 4589 2334 4660 νερῶς
2361 4587 2454 4642 τοῦ
2488 4588 2661 4659 λάθρα
2694 4592 2961 4656 κρεῖττον,
2982 4590 3076 4643 καὶ
3100 4589 3161 4642 τὸ
3203 4588 3526 4658 νικῶνταςῆ
3569 4603 3750 4658 παρα·

2167 4681 2573 4754 κρουσαμένους
2602 4683 2865 4752 πράττειν
2903 4682 3082 4735 ὁτιοῦν
3113 4682 3478 4753 ἐντιμότερον,
3505 4681 3750 4753 τοσούτῳ

2167 4775 2383 4829 κάλλιον
2436 4775 2663 4828 Κόνωνα
2705 4772 2776 4826 τά
2837 4773 2993 4844 τείχη
3047 4773 3244 4843 στῆσαι
3289 4771 3749 4842 Θεμιστοκλέους.

2179 4866 2239 4919 '0
2277 4865 2375 4936 μὲν
2406 4863 2514 4935 γὰρ
2547 4863 2749 4927 λαθὼν,
2808 4865 2836 4917 ὁ
2896 4865 2952 4919 δὲ
2982 4866 3210 4937 νικήσας
3239 4863 3366 4927 τοὺς
3393 4862 3752 4926 κωλύσαντας

2167 4958 2340 5012 ταῦτα
2355 4958 2630 5026 εποίησεν.
2666 4955 2872 5011 Ἑκεῐνό
2901 4973 3064 5028 φημι,
3101 4958 3184 5011 ὅτι
3212 4957 3451 5030 μάλιστα
3496 4955 3596 5027 μὲν
3625 4954 3753 5009 οὕτε

2168 5049 2393 5122 ταύτην,
2431 5048 2553 5104 οὗτε
2583 5050 2797 5121 ἐκείνην
2829 5050 3204 5122 ἀποδεχόμεθα
3229 5067 3242 5080 ·
3275 5050 3412 5104 ἀλλά
3459 5049 3560 5119 τὴν
3609 5050 3748 5120 μὲν,

497 5153 670 5206 neque
689 5143 826 5194 hanc
844 5156 1017 5210 neque
1042 5142 1184 5196 illam
1209 5141 1598 5208 recipiendam,
1625 5142 1718 5196 sed
1745 5142 2048 5211 sapientian‘

2171 5143 2220 5194 εἰ
2253 5143 2326 5214 μὴ
2351 5142 2650 5214 κοσμηθείη
2677 5145 2740 5214 τῇ
2768 5142 2888 5215 θείᾳ
2908 5142 3210 5207 παιδεύσει,
3233 5143 3387 5196 οὐδὲν
3414 5138 3556 5195 εἶναι
3580 5141 3755 5212 ἡγού-

497 5229 713 5295 quidem
746 5229 911 5294 illam,
936 5229 1040 5285 nisi
1082 5231 1256 5286 divina
1290 5230 1512 5286 scientia
1548 5231 1881 5296 instruatur,
1917 5233 2044 5287 nihil

2178 5234 2346 5305 μεθα·
2379 5236 2479 5305 τὴν
2509 5235 2565 5287 δὲ
2592 5235 2909 5305 κακίξομεν.
2959 5236 3288 5289 Ἀδικεῖσθαι
3322 5235 3452 5306 γὰρ,
3498 5235 3598 5288 οὐκ
3631 5234 3752 5290 ἁδι-

498 5319 864 5388 aestimamus,
913 5320 1058 5376 illam
1105 5330 1282 5378 autem
1324 5325 1720 5394 vituperamus.
1783 5322 2048 5378 Didicimu

2169 5329 2282 5379 κεῖν
2316 5326 2738 5399 μεμαθήκαμεν.
2772 5328 3048 5401 Ἀνδρείαν
3073 5329 3129 5382 δὲ
3149 5327 3454 5400 ἡγούμεθα,
3486 5325 3584 5399 τὴν
3611 5327 3756 5380 κατά

1589 5479 1826 5535 νΑιιιᾹς
1866 5480 2248 5537 LECTIONES
2289 5482 2373 5538 ΕΤ
2414 5481 2645 5539 NOTAE.

509 5624 852 5756 Ρῢὲξθῗζιιδυεῑ
877 5634 976 5706 μὲν
1015 5636 1216 5693 addunt
1239 5635 1344 5707 γὰρ
1393 5635 1543 5694 codd.
1579 5637 1694 5692 Val.
1731 5638 1831 5695 650
1862 5653 1910 5698 et
1957 5642 2058 5697 Alt.

2192 5713 2208 5725 λ
2254 5644 2453 5766 (l6)lln
2495 5645 2595 5699 line
2627 5658 2707 5713 cp.
2744 5657 2837 5712 pro
2865 5641 3010 5696 δοκεῖ
3054 5642 3200 5699 solus
3241 5639 3413 5696 Vatic.
3469 5637 3573 5697 650
3603 5640 3757 5712 ponit

2192 5732 2342 5766 007.0).
2398 5733 2449 5766 Ι).

2186 5732 2342 5766 Οτιῖζυ).
2379 5732 2449 5770 ΙΙ).
