4010 6450
223 231 362 364 m.

1106 279 1648 343 EPISTOLARUM
1687 278 1835 338 LIB.
1876 278 2025 338 V.-
2065 276 2312 338 EPIST.
2352 274 2662 338 CDLXIX.

3390 255 3530 325 1598

645 401 974 476 ὑπεροψίαν,
1006 399 1100 454 καὶ
1147 400 1204 450 τὸ
1229 396 1495 466 γενναίως
1522 394 1711 464 φέρειν
1738 392 1808 446 τά
1843 415 1855 454 Α

1950 393 2061 450 nim
2084 392 2384 449 Christiani
2410 392 2666 463 accipere
2690 403 2857 462 quam
2888 386 3071 444 facere
3094 380 3352 452 iniuriam
3371 378 3533 450 longe

222 496 601 575 συμϐαίνοντα.
638 498 707 552 Et
736 497 792 549 δὲ
816 494 921 566 χρή
955 511 1009 547 τι
1062 492 1159 546 καὶ
1206 491 1345 563 πρὸς
1366 489 1459 543 τὸν
1490 489 1702 560 ῥήτορα
1731 488 1811 575 si:

219 573 352 658 πεῖν,
365 591 576 661 εἴποιμ’
615 590 719 644 ἄν·
776 587 918 641 Ἀλλ’
959 587 988 639 ὁ
1045 583 1210 655 σοφίᾳ
1263 580 1707 655 περιγενόμενος,
1766 573 1812 633 ὦ

221 683 456 754 ρητόρων
492 681 712 751 ἄριστε,
745 677 906 749 δῆλος
926 673 994 749 ἦν
1012 677 1093 731 ὅτι
1116 676 1210 729 καὶ
1235 676 1488 745 νικήσας,
1515 673 1564 726 εί
1589 669 1812 743 συνέϐη,

219 774 463 844 πολεμῶν
498 771 844 843 περιεγέΝετ*
869 770 935 825 ἂν
961 769 1250 842 μείζονως’
1283 770 1310 821 ὁ
1335 767 1394 820 δὲ
1418 764 1644 836 ἀνδρείᾳ
1678 782 1820 836 κρα-

219 868 380 938 τήσας
411 865 615 938 ἄδηλος
654 860 746 936 ἦν,
783 865 836 918 εί
871 863 1038 935 σοφία
1087 862 1439 933 περιεγένετο
1487 860 1600 924 τοῖς
1631 857 1818 922 ὅπλοις

219 958 483 1033 ἡττηθείς.

718 1237 902 1308 ΥΞςυ.
934 1265 1003 1278 -
1038 1234 1322 1293 zmvaNt.

1922 501 2044 542 esse
2079 487 2447 557 praestantius.
2484 483 2895 541 Fortitudinem
2925 480 3072 537 enim
3105 475 3490 533 existimamus
3515 509 3534 536 ,

1924 594 2108 634 rerum
2141 594 2263 636 esse
2288 577 2586 633 diliicilium
2617 573 3033 646 despicientiam
3053 614 3067 638 ,
3098 579 3154 625 et
3186 581 3376 624 eorum
3411 578 3534 634 quae

1927 670 2186 725 accidunt
2250 669 2616 726 tolerantiam.
2685 665 2827 734 Quid
2878 678 3013 720 vero
3069 659 3294 717 oratori
3338 655 3416 711 illi
3463 653 3536 709 sit

1928 761 2367 832 respondendum
2388 802 2404 829 ,
2437 761 2517 816 sic
2567 759 2769 816 habeto
2801 776 2816 814 :
2849 755 2896 812 Ο
2929 756 3211 811 rhetorum
3261 756 3535 821 praestan-

1922 853 2134 910 tissime
2157 894 2172 919 ,
2215 854 2466 925 quisquis
2500 851 2772 923 sapientia
2809 849 3063 920 superior
3103 843 3314 909 evasit,
3363 837 3539 910 magis

1923 945 2263 1012 inclarescit,
2297 961 2467 1018 quam
2514 946 2691 1001 victor
2731 943 2824 1015 qui
2872 939 3169 1013 pugnando
3218 933 3402 992 evadit
3447 945 3540 986 su-

1921 1036 2129 1109 perior.
2164 1036 2450 1094 Fortitudo
2493 1045 2678 1094 autem
2713 1036 2941 1091 vincens
2972 1033 3278 1104 ignoratur,
3319 1028 3366 1085 si
3406 1040 3541 1098 pru-

1922 1129 2108 1187 dentis
2140 1129 2313 1187 armis
2335 1139 2650 1201 superetur.

2386 1236 2673 1297 COLXVI.
2703 1269 2778 1280 --
2803 1235 3083 1295 ΖΕΝΟΝΙ.

352 1332 709 1404 Hermogenis
738 1326 969 1401 episcopi
999 1328 1142 1391 laus,
1162 1333 1212 1380 et
1242 1323 1516 1380 modestia:
1545 1322 1974 1397 humilitatisqae
2003 1329 2417 1389 commendatio.
2448 1328 2542 1402 (Ut
2573 1340 2624 1386 et
2650 1345 2816 1401 supra
2845 1331 3003 1401 epist.
3032 1327 3141 1385 558
3168 1336 3220 1382 et
3243 1323 3396 1396 448.)

295 1443 644 1518 Ἑρμογένης
665 1446 695 1498 ὁ
732 1442 1057 1505 ἐπίσκοπος,
1099 1437 1325 1506 ἀγαθὸς,
1350 1437 1400 1492 εί
1422 1435 1518 1491 καί
1539 1453 1626 1502 τις
1651 1435 1815 1502 ἄλλος

218 1538 459 1609 γέγονεν,
487 1537 656 1609 ἀνήρ.
680 1531 928 1609 Τραφεὶς
950 1531 1060 1602 γὰρ
1088 1530 1151 1585 ὲν
1173 1530 1289 1592 τοῖς
1321 1527 1418 1582 τοῦ
1447 1525 1691 1602 Χριστοῦ
1727 1527 1819 1582 νό-

223 1647 359 1702 μοις,
403 1625 725 1690 παιδευθεὶς
769 1623 828 1678 δὲ
883 1624 945 1678 ὲν
969 1623 1081 1686 τοῖς
1110 1619 1494 1684 άποστολικοῖς
1523 1616 1822 1690 παραδείγ-

2003 1441 2310 1516 Episcopus
2361 1443 2741 1516 Hermogenes
2795 1443 3006 1515 probus
3047 1440 3134 1496 vir
3169 1447 3277 1506 est,
3327 1437 3374 1495 si
3419 1438 3545 1509 quis

1927 1536 2088 1593 alius.
2117 1537 2396 1594 Educatus
2424 1536 2571 1593 enim
2605 1537 2662 1592 in
2691 1534 2898 1591 Christi
2923 1533 3062 1604 lege,
3075 1529 3339 1602 exemplis
3359 1538 3544 1586 autem

1931 1627 2217 1683 institutus
2252 1626 2592 1698 apostolicis,
2626 1626 2886 1697 episcopo
2917 1639 3049 1680 vero
3078 1623 3241 1693 digna
3274 1619 3444 1678 sentit
3489 1626 3546 1674 et

223 1738 402 1794 μασιν,
443 1718 766 1789 ἐπισκοπῆς
807 1717 864 1770 δὲ
889 1712 1016 1779 ἄξια
1049 1713 1145 1767 καὶ
1169 1711 1450 1798 φρονήσας
1465 1711 1561 1766 καὶ
1579 1710 1818 1783 πράξας,
1852 1719 1855 1777 j

1945 1719 2268 1789 assequitur.
2312 1717 2681 1788 Temporibus
2719 1731 2852 1773 vero
2895 1713 3311 1771 accommodam
3341 1712 3546 1766 famam

225 1811 555 1884 συνηδῶσαν
587 1811 699 1880 (ετ)
729 1807 808 1880 τῷ
862 1807 1044 1879 χρόνῳ
1088 1806 1187 1878 τὴν
1219 1805 1379 1870 δόξαν
1409 1806 1504 1860 καὶ
1530 1803 1632 1875 τὴν
1657 1802 1826 1874 τιμὴν

221 1905 504 1978 κέκτηται.
555 1904 615 1959 '0
641 1901 754 1973 γάρ
782 1904 896 1965 τοῖς
922 1900 1105 1964 ἀλλοις
1117 1902 1232 1964 τοῖς
1263 1897 1364 1970 τὴν
1397 1897 1602 1970 ἀρετὴν
1624 1895 1829 1950 ἀσκοῦ-

223 2013 303 2054 σιν
363 1995 783 2068 ἀντοφθαλμεῖν
847 1991 1242 2067 μεμελετηκὼς
1286 1991 1504 2062 φθόνος,
1535 1989 1714 2062 τούτῳ
1738 1989 1829 2044 διὰ

225 2089 285 2144 τὸ
323 2088 569 2160 μέγεθος
589 2088 692 2158 τῆς
741 2086 1050 2157 πραότητος
1087 2084 1314 2154 καὶτῆς
1352 2081 1832 2156 μετριοφροσύνης

223 2179 325 2234 οὐδ’
386 2178 718 2250 ἀντιϐλέψαι
767 2177 1093 2249 ἐτόλμησεν.
1155 2175 1224 2230 Ἥ
1271 2176 1381 2246 γάρ
1438 2175 1578 2244 πρὸς
1626 2171 1699 2228 τά
1743 2175 1832 2228 iv-

221 2271 480 2336 δοξότατα
544 2270 655 2327 τῶν
717 2270 898 2341 ἔργων
948 2269 1252 2343 σύντροφος
1301 2267 1580 2340 ἀγρυπνία
1620 2284 1834 2340 κοσμη-

223 2363 376 2419 θεῖσα
429 2367 508 2437 τῇ
559 2361 1056 2436 ταπεινοφροσύνῃ,
1119 2361 1213 2417 καὶ
1257 2361 1350 2416 τδν
1376 2359 1484 2415 τῶν
1517 2359 1831 2415 καλλίστων

223 2457 480 2530 λυμεῶνα
511 2457 711 2526 φθόνον
770 2453 1241 2510 κατεδουλώσατο.
1273 2453 1338 2508 Ei
1386 2453 1568 2509 τοίνυν
1603 2453 1697 2509 καὶ
1729 2453 1832 2507 αὐ-

223 2548 311 2613 τὸς
338 2549 466 2602 κατ’
504 2549 656 2617 ῖχνος
681 2546 896 2601 ἐκείνου
923 2545 1144 2618 βαδίσαι
1201 2545 1539 2619 προῄρησαι,
1575 2544 1834 2618 καθάπερ

224 2641 303 2705 εἰς
364 2637 685 2712 ἀρχέτυπόν
740 2655 868 2693 τινα
931 2639 1122 2694 εἰκόνα
1171 2639 1342 2712 ὁρῶν,
1397 2635 1670 2711 σφράγιζε
1730 2637 1833 2708 τὴν

235 2733 440 2807 ἀρετὴν
469 2735 540 2805 τῇ
569 2730 1033 2804 μετριοφροσύνῃ.
1059 2720 1250 2802 Καλὴν
1273 2730 1384 2805 γάρ
1414 2730 1718 2801 ἀσφάλειαν
1741 2728 1835 2783 καὶ

231 2828 498 2899 μέγιστον
549 2826 868 2898 σήμαντρον
895 2821 974 2896 τῷ
999 2823 1212 2896 ταμείῳ
1249 2822 1360 2878 τῶν
1389 2822 1836 2894 κατορθωμάτων

226 2918 389 2992 ιπιθή
398 2934 460 2972 σε
472 2935 545 2982 ις.

556 3027 724 3084 rzz'.
753 3055 824 3068 —
848 3026 1020 3085 nam
1043 3022 1524 3096 ΠΡΕΣΒΥΤΕΡῼ.

1931 1819 1988 1866 et
2016 1809 2246 1880 gloriam
2274 1816 2362 1866 est
2385 1818 2737 1865 consecutus.
2774 1806 3011 1876 invidia,
3033 1823 3160 1879 qum
3188 1806 3324 1862 alios
3342 1806 3549 1860 virtute

1931 1903 2197 1974 praeditos
2228 1901 2406 1973 palam
2439 1901 2582 1958 solet
2609 1916 2953 1974 oppugnare,
2987 1901 3134 1957 hunc
3166 1902 3237 1956 oh
3266 1900 3547 1970 ingentem

1932 2008 2150 2050 morum
2184 1993 2688 2062 mansuetudinem,
2715 1993 3162 2065 singularemque
3189 1993 3546 2060 modestiam,

1933 2101 2004 2143 ne
2033 2087 2283 2157 aspicere
2304 2087 2524 2158 quidem
2567 2087 2824 2145 sustinet.
2854 2087 3125 2159 Vigilandi
3156 2087 3305 2143 enim
3352 2085 3548 2142 claris-

1934 2178 2092 2235 simis
2148 2178 2313 2235 rebus
2364 2179 2537 2250 gestis
2589 2188 2852 2250 agnatum
2915 2180 3162 2236 studium
3225 2177 3541 2234 humilitate

1936 2256 2284 2338 exornatum,
2314 2270 2521 2342 optima
2551 2285 2784 2344 quaeque
2807 2279 3253 2344 corrumpentem
3273 2269 3538 2325 invidiam

1934 2362 2167 2434 pedibus
2192 2363 2307 2421 suis
2331 2365 2572 2438 subegit.
2603 2365 2786 2434 Quare
2809 2366 2854 2421 si
2875 2363 3266 2434 eiusincedere
3293 2360 3548 2433 vestigiis

1937 2455 2215 2524 statuisti,
2249 2457 2398 2514 velut
2436 2459 2491 2515 in
2543 2459 2840 2530 imaginem
2889 2459 2960 2515 ad
3008 2457 3193 2514 vivum
3222 2469 3545 2526 expressam

1939 2547 2182 2616 intuens,
2236 2551 2465 2624 obsigna
2515 2552 2771 2608 virtutem
2812 2550 2964 2621 ejus,
3015 2551 3188 2608 veluti
3239 2549 3548 2623 signaculo,

1939 2640 2273 2698 humilitate.
2304 2642 2600 2699 Pulchrum
2621 2647 2766 2702 enim
2800 2644 3115 2715 prmsidium
3140 2642 3552 2712 maximumque

1940 2729 2158 2802 signum
2208 2736 2590 2806 promptuario
2653 2737 3026 2807 thesauroque
3077 2744 3227 2793 recte
3279 2735 3550 2792 factorum

1941 2824 2246 2894 appendes.

2044 3025 2213 3100 697
2244 3025 2552 3086 CDLXVII.
2593 3057 2668 3072 --
2710 3027 2896 3086 ELLE
2932 3025 3430 3105 PRESBYTEBO,

983 3158 992 3166 .
1111 3110 1239 3168 Non
1263 3119 1437 3184 pudor
1459 3123 1539 3169 est
1572 3113 1653 3168 nil
1680 3113 1840 3182 scire,
1867 3116 2040 3185 pudor
2066 3129 2142 3173 est
2174 3119 2250 3173 nil
2280 3120 2482 3174 discere
2505 3120 2653 3176 velte.

307 3235 371 3292 ὀ
402 3231 687 3289 διδάσκειν
723 3231 822 3302 μὲν
858 3229 935 3303 μὴ
975 3228 1298 3301 δυνάμενος,
1348 3226 1545 3301 μαθεῖν
1571 3228 1629 3283 δὲ
1656 3227 1841 3300 βουλό·

2018 3227 2230 3285 Docere
2252 3229 2343 3299 qui
2378 3231 2609 3297 nesciat,
2631 3227 2852 3288 discere
2875 3245 3008 3288 vero
3052 3238 3306 3304 exoptat,
3343 3231 3549 3303 dignus

233 3346 394 3402 μενος
427 3326 703 3398 ἀποδοχῆς
731 3326 878 3379 ἔστιν
899 3321 1068 3388 ἄξιος.
1097 3321 1157 3376 '0
1182 3321 1240 3375 δὲ
1270 3319 1409 3391 πρὸς
1435 3318 1517 3392 τῷ
1541 3319 1616 3392 μὴ
1641 3319 1841 3375 ειδέναι

229 3423 325 3478 καὶ
353 3419 637 3476 διδάσκειν
669 3415 1171 3488 ἐπαγγελλόμενος,
1205 3412 1446 3485 ἐσχάτην
1469 3412 1834 3467 ἀπαιδευσίαν

229 3513 427 3580 νοσῶν,
456 3510 582 3566 οὐδὲ
607 3509 800 3582 μαθεῖν
822 3507 1134 3580 δυνήσεται,
1163 3503 1259 3560 τοῦ
1284 3505 1465 3560 δοκεῖν
1498 3504 1697 3560 είδέναι
1728 3501 1836 3576 χώ-

232 3619 330 3675 ραν
359 3603 439 3676 μὴ
465 3600 828 3672 παρέχοντος.

555 3713 826 3768 ΥΞΗ’.-
858 3708 1137 3779 ΣΕΡΗΝῼ
1190 3706 1519 3778 ΔΙΑΚΟΝῼ.

1952 3319 2048 3391 qui
2077 3320 2399 3392 recipiatur.
2427 3321 2531 3391 Qui
2557 3337 2688 3379 vero
2715 3331 2771 3380 et
2803 3324 2942 3380 nihil
2971 3325 3115 3382 scire
3135 3333 3190 3382 et
3215 3324 3412 3381 docere
3431 3339 3560 3396 pro-

1946 3410 2126 3470 fessus
2154 3423 2242 3470 est
2289 3429 2505 3471 summa
2555 3416 2774 3472 inscitia
2820 3415 3103 3484 laborans,
3143 3431 3322 3488 neque
3343 3417 3560 3474 discere

1944 3505 2235 3561 commode
2267 3507 2495 3576 poterit,
2516 3505 2661 3578 quod
2695 3505 2878 3562 locum
2903 3522 3010 3562 non
3028 3507 3294 3579 prrebeat,
3323 3516 3385 3564 ut
3413 3507 3561 3566 scire

1943 3592 2118 3649 videri
2139 3603 2325 3664 queat.

2197 3704 2522 3762 CDLXVIII.
2556 3737 2627 3749 —
2657 3705 2933 3765 SERENO
2961 3707 3286 3768 DIACONO.

1461 3797 1691 3868 Superbi
1723 3806 1772 3852 et
1808 3795 1935 3852 elati
1981 3795 2335 3864 deprimendi.

300 3924 373 3981 Εί
406 3913 486 3978 ὧν
541 3916 973 3991 ὴμφισϐήτησας
1023 3912 1100 3984 μὴ
1151 3910 1357 3983 τυχὼν,
1389 3909 1531 3965 ἀλλὰ
1559 3909 1837 3981 λαμπρῶς

229 4013 518 4086 ἡττηθεὶς,
550 4011 647 4066 νῦν
675 4010 838 4081 χάριν
883 4007 1063 4070 δοκεῖς
1109 4005 1301 4069 αἰτεῖν,
1344 4003 1504 4075 δῆλος
1550 3997 1601 4055 εἴ
1627 4000 1706 4073 τῷ
1733 4001 1838 4071 τῆς

232 4106 469 4178 χάριτος
513 4103 734 4173 ὀνόματι
807 4098 970 4152 λῦσαι
1024 4098 1095 4150 τὰ
1157 4094 1417 4167 κριθέντα
1471 4092 1836 4166 πειρώμενος.

233 4200 300 4255 ΕΞ
336 4199 393 4252 δὲ
425 4197 608 4266 λέγοις
638 4193 734 4249 καὶ
751 4191 907 4265 παρὰ
929 4189 1026 4245 τοῦ
1048 4188 1375 4252 δικάσαντος
1415 4186 1713 4259 ἠδικῆσθαι
1756 4183 1840 4258 (τὸ

239 4291 344 4360 μὲν
381 4287 458 4352 ώς
492 4284 723 4349 δικαίως
752 4282 1032 4355 ἡττηθεὶς,
1076 4279 1224 4333 ὲάσω
1254 4279 1483 4350 λέγειν),
1521 4277 1582 4332 τὸ
1634 4277 1714 4344 δὲ,
1767 4277 1846 4341 ώς

236 4380 522 4453 κέκριται,
553 4376 718 4445 λέξω.
759 4372 898 4431 Οὐδὲ
927 4373 1039 4445 γὰρ
1090 4373 1156 4428 ἂν
1195 4372 1303 4426 οὐδ’
1335 4371 1480 4426 οὕτω
1511 4371 1846 4442 κεκριμένον

2018 3909 2077 3966 Si
2109 3927 2216 3968 non
2250 3921 2536 3969 assecutus
2579 3913 2633 3969 id
2689 3926 2858 3984 super
2891 3927 3004 3985 quo
3057 3917 3416 3987 contendisti,
3466 3923 3564 3978 sed

1947 4004 2242 4063 manifeste
2273 4016 2569 4078 superatus
2599 4006 2838 4076 gratiam
2865 4006 3029 4064 modo
3059 4008 3343 4079 postulare
3378 4011 3564 4067 videa-

1948 4097 2045 4158 ris.
2077 4109 2307 4167 apparet
2337 4107 2391 4154 te
2445 4106 2705 4154 conatum
2745 4111 2868 4152 esse
2917 4096 3110 4166 gratia:
3161 4099 3404 4167 nomine,
3441 4117 3566 4172 quas

1949 4199 2080 4246 sunt
2105 4189 2379 4260 iudicata,
2410 4188 2569 4246 irrita
2601 4187 2854 4246 reddere.
2892 4187 2952 4246 Si
2989 4190 3143 4248 dices
3177 4191 3346 4247 etiam
3381 4206 3411 4248 a
3441 4207 3566 4251 sen-

1950 4284 2177 4338 tentiam
2207 4280 2424 4339 ferente
2449 4280 2720 4351 iniuriam
2756 4282 2878 4340 ﬂeri
2906 4282 3098 4356 (idque
3129 4292 3190 4339 ut
3217 4284 3344 4356 jure
3371 4287 3564 4343 convi-

1948 4381 2093 4441 ctus,
2128 4375 2289 4429 mitto
2317 4371 2553 4444 dicere),
2585 4372 2716 4428 illud
2748 4381 2810 4428 ut
2840 4372 3143 4442 iudicatum
3175 4374 3251 4431 sit
3299 4375 3560 4435 referam.

233 4468 328 4545 ἦν,
359 4469 459 4527 τοῦ
491 4470 819 4532 δικάσαντος
855 4466 1158 4521 ἀδεκάστου
1206 4465 1594 4537 τυγχάνοντος,
1659 4465 1709 4516 εί
1768 4463 1845 4534 μὴ

1952 4463 2103 4521 Nihil
2153 4465 2301 4521 enim
2359 4464 2766 4535 siciudicatum
2820 4465 3007 4535 fuerit,
3063 4481 3190 4523 cum
3242 4469 3568 4526 muneribus

237 4566 301 4619 τὸ
322 4563 554 4628 δικαίως
593 4561 825 4634 προσῆν.
859 4561 1008 4631 Πλὴν
1050 4560 1188 4616 ἀλλά
1230 4560 1327 4613 καὶ
1359 4557 1503 4630 μετὰ
1529 4555 1590 4610 τὸ
1620 4557 1847 4626 νικῆσαι

1956 4557 2124 4614 fuerit
2151 4558 2524 4627 incorruptus,
2553 4558 2648 4628 qui
2694 4559 3026 4615 sententiam
3063 4560 3208 4627 tulit,
3244 4561 3346 4617 nisi
3392 4562 3446 4618 itl
3471 4562 3565 4632 iu-

236 4659 346 4729 τὴν
371 4660 538 4728 χάριν
567 4655 784 4724 δίδωμι,
814 4654 872 4717 ὅς
906 4669 971 4722 γε
1004 4653 1116 4707 οὐδ’
1150 4652 1217 4706 ἂν
1250 4650 1312 4716 ἐξ
1345 4650 1527 4722 ἀρχῆς
1574 4647 1850 4720 ἠγωνισά-

244 4768 379 4821 μην,
446 4751 562 4820 εἴγε
621 4745 931 4814 καταγνοὺς
987 4742 1190 4799 σαυτοῦ
1238 4741 1576 4814 συγγνώμην
1613 4741 1845 4814 ᾔτησας.

243 4840 370 4911 Χρὴ
394 4838 506 4911 γὰρ
564 4837 625 4890 τὺ
681 4835 938 4907 φρόνημα
999 4834 1109 4890 τῶν
1171 4833 1561 4905 σφαλλομένων
1614 4833 1736 4904 μὲν,
1774 4831 1848 4904 μὴ

243 4931 516 5002 οἰομένων
549 4929 608 4982 δὲ
635 4928 932 4998 ἐσφάλθαι,
967 4926 1254 4999 καθαιρεῖν
1274 4942 1290 4960 °
1317 4929 1740 4998 γνωσιμαχοῦσι
1789 4927 1847 4980 δὲ

245 5024 592 5098 συγγνώμην
629 5024 838 5096 νέμειν.
875 5049 882 5058 ·

491 5233 660 5289 ΥΞΘ.
689 5264 761 5276 —-
792 5233 1005 5290 ΗΡΩΝΙ
1032 5230 1604 5303 ΠΟΛΙΤΕΥΟΜΕΝῼ.

1956 4659 2100 4706 stum
2144 4650 2333 4707 fuerit.
2372 4650 2764 4709 Verumtamen
2792 4667 2934 4708 nunc
2960 4662 3084 4724 post
3121 4653 3408 4710 victoriam
3441 4670 3569 4726 gra-

1959 4743 2091 4799 tiam
2128 4743 2223 4810 do,
2249 4744 2465 4815 qualem
2521 4745 2591 4802 ab
2630 4745 2787 4800 initio
2834 4753 3129 4814 antequam
3165 4756 3442 4803 certarem
3469 4749 3569 4805 de—

1957 4837 2188 4907 dissem,
2222 4837 2268 4893 si
2302 4838 2516 4894 veniam
2541 4839 2908 4909 postulasses.
2945 4835 3177 4907 Oportet
3205 4840 3352 4896 enim
3382 4856 3570 4912 super-

1952 4929 2052 4985 bos
2085 4929 2321 4992 animos,
2349 4944 2542 4984 eorum
2584 4929 2677 5000 qui
2704 4928 2949 4998 superati
2971 4928 3104 4994 sint,
3140 4942 3246 4984 non
3287 4939 3467 4986 tamen
3507 4944 3569 4987 se

1951 5023 2127 5077 victos
2160 5021 2499 5087 existiment,
2536 5021 2871 5094 deprimere,
2925 5021 3144 5078 veniam
3180 5037 3313 5081 vero
3361 5025 3566 5097 resipi-

1952 5115 2232 5172 scentibus
2269 5115 2529 5171 tribuere.

2093 5227 2378 5285 CDLXIX.
2402 5259 2476 5271 -ο
2513 5227 2776 5287 HERONI
2822 5228 3032 5288 REMP.
3071 5229 3400 5290 GERENTI.

1502 5323 1774 5379 Bonorum
1818 5322 2077 5377 sodalitas
2121 5330 2300 5391 grata.

327 5424 422 5500 Μὴ
449 5423 642 5496 ὥσπερ
671 5420 874 5496 ταῦρος
911 5421 1009 5477 καὶ
1045 5417 1351 5492 άγέρωχος,
1385 5415 1481 5470 καὶ
1509 5416 1850 5486 ἀτιμαγέλας

2037 5411 2158 5469 Noli
2187 5421 2247 5468 ut
2281 5413 2523 5470 insolens
2558 5425 2985 5486 armentumque
3039 5415 3302 5476 deserens
3352 5427 3564 5490 taurus,

1382 5532 1618 5589 VARle
1656 5529 2045 5588 LECTIONES
2085 5528 2174 5584 ET
2214 5528 2455 5586 NOTAE.

329 5667 442 5736 (Η)
468 5665 609 5721 inter
642 5664 961 5734 συνηϐῶσαν
983 5673 1036 5718 οι
1065 5661 1142 5733 τῷ
1180 5661 1355 5736 χρρνῳ
1385 5661 1544 5716 iidem
1577 5659 1731 5736 codd.
1770 5661 1850 5736 itt-

261 5732 470 5795 ﬁndunt
532 5732 1034 5808 αυνακμάζουσαν·
1087 5732 1180 5791 δοκι
1239 5732 1471 5788 fortasse
1548 5732 1842 5802 supplenda

1959 5657 2138 5785 li’uerit
2172 5656 2485 5729 coniunctio
2518 5657 2634 5728 καὶ,
2665 5671 2786 5730 qua:
2817 5657 2924 5715 duo
2970 5656 3057 5716 illa
3106 5660 3290 5712 nectat
3319 5653 3562 5711 nomina.

2002 5744 2168 5785 essm.

2002 5744 2168 5785 OSSIN.
