4010 6462
501 297 634 365 Ῑξι99

1697 298 1758 359 S.
1798 295 2095 360 ISIDORI
2132 289 2577 356 I‘ELUSIOTJE

3631 281 3765 346 1600

499 419 578 468 sie
602 428 790 470 sacros
843 412 1152 482 relinquere
1195 419 1519 478 conventus,
1562 410 1659 467 sed
1704 411 1942 465 maximo
1969 410 2074 464 duc

2211 409 2273 472 ἀς
2309 409 2462 477 ἱεράς
2515 403 2770 466 συνόδους
2821 399 3055 471 ἀτίμαζε
3082 417 3094 432 ·
3136 397 3273 454 ἀλλά
3323 396 3583 470 μέγιστον
3630 397 3766 467 ἡγοῦ

499 515 822 560 ornamento
871 505 1152 575 aggregari
1207 505 1412 560 sanctis
1464 503 1796 560 hominibus.
1833 503 1889 557 ld
1924 502 2069 557 enim

2208 500 2388 569 ιόσμον
2416 496 2478 550 τὸ
2502 497 2613 560 τοῖς
2640 494 2814 564 ἀγίοις
2839 491 3319 562 συναγελάζεσθαι.
3353 487 3530 542 Τοῦτο
3559 488 3668 557 γὰρ
3703 487 3765 539 οὗ

500 613 606 651 non
647 597 805 652 modo
859 607 1183 652 ornamento
1217 607 1321 662 est,
1353 597 1448 652 sed
1503 606 1558 653 et
1609 595 1920 668 praesidium
1978 594 2072 650 tibi

496 688 825 754 conciliabit,
857 702 924 743 ne
952 702 981 742 a
1010 688 1123 744 fera
1163 697 1351 757 captus
1384 688 1640 745 videaris.

789 798 1047 855 CDLXX.
1081 829 1152 843 —-
1178 799 1488 857 HERMINO
1511 801 1765 860 COMITI.

2187 595 2350 665 μόνον
2389 593 2616 663 κόσμον,
2650 589 2783 645 ἀλλὰ
2825 591 2921 643 καὶ
2955 587 3260 658 ἀσφάλειάν
3304 603 3386 640 σοι
3417 583 3765 656 προξενήσει,

2185 685 2410 757 «prece
2442 685 2516 756 μὴ
2550 682 2887 755 θηριάλωτον
2918 679 3202 748 γενέσθαι.

2540 799 2667 854 γοα.
2698 826 2770 838 -
2811 795 3077 863 EPMINn
3115 792 3410 846 KOMHTI.

498 886 1092 965 Deuffurelgiiepiscap.
1150 889 1623 965 Pelusiivitiiset
1659 895 1908 948 simonia.
1945 892 2099 965 (Supt

2208 893 2330 965 piat.
2367 892 2492 965 iiii.
2527 890 2718 965 peltis
2747 897 2795 942 et
2837 885 3195 965 lili._t,‘_epist.
3218 883 3358 964 241.;
3395 883 3485 935 lib.
3524 895 3595 962 tt.
3618 880 3770 960 epist.

567 959 638 1013 50
672 972 719 1013 et
760 959 855 1013 iii
876 956 1013 1030 {flii}.
1044 976 1129 1030 ιιι,
1161 961 1317 1028 epist.
1348 963 1416 1017 97
1460 973 1506 1015 et
1540 963 1641 1016 178
1661 976 1707 1016 et
1747 965 1890 1028 567;
1918 956 2012 1018 lib.
2047 956 2129 1030 ἰν,
2162 956 2318 1028 epist.
2377 961 2492 1028 45.)
2519 959 2631 1014 Sibi
2672 973 2856 1013 nomen
2898 959 2952 1010 id
2987 957 3066 1010 Pii
3108 956 3435 1022 imposuisse,
3460 956 3551 1021 qui
3578 956 3771 1018 impius

568 1039 723 1095 esset,
759 1029 1026 1099 signiﬁcat
1056 1029 1195 1084 Isid.
1235 1031 1329 1084 lib.
1365 1046 1424 1110 ιι,
1449 1033 1599 1100 epist.
1639 1034 1742 1090 199
1764 1046 1810 1089 et
1847 1034 1980 1095 122;
2009 1033 2099 1088 tib.

2217 1075 2230 1100 ,
2254 1033 2405 1102 epist.
2448 1030 2572 1086 178.

569 1138 627 1194 Si
672 1139 872 1208 gravis,
908 1151 964 1195 ut
1001 1141 1217 1205 scribis,
1256 1151 1309 1199 et
1337 1143 1520 1214 illunis
1565 1159 1670 1200 nox
1712 1160 1873 1215 super
1904 1145 2070 1200 Euse-

2243 1147 2305 1202 Εί
2336 1144 2504 1216 δεινὴ,
2524 1144 2599 1207 ὡς
2623 1143 2930 1215 γέγραφας,
2959 1139 3053 1195 καὶ
3084 1139 3345 1210 ἀσέληνος
3373 1135 3471 1202 νὺξ
3500 1133 3570 1188 τά
3591 1134 3772 1204 πράγ-

499 1231 570 1285 liii
622 1232 856 1299 negotiis
898 1243 1017 1287 orta
1059 1244 1185 1289 est:
1240 1245 1545 1306 sequuntur
1594 1239 1738 1292 enim
1776 1237 2076 1292 calumnias

2208 1256 2322 1292 ιατα
2355 1239 2448 1292 ἐπὶ
2483 1236 2744 1290 Εὑσεὸίου
2803 1235 3057 1305 κατέχει·
3094 1233 3323 1286 ἕπονται
3361 1227 3471 1298 γάρ
3503 1229 3624 1289 ταῖς
3654 1225 3771 1278 δια-

498 1336 694 1390 pinum,
727 1323 907 1378 nullas
931 1325 996 1378 ad
1025 1325 1313 1380 veritatem
1341 1327 1743 1396 dijudicandam
1773 1328 2079 1394 praebentes

2214 1331 2363 1394 ολατς
2395 1332 2449 1385 ai
2475 1329 2760 1401 τιμωρίαι,
2793 1327 3070 1398 οὐδεμίαν
3106 1321 3400 1394 ἀνακωχὴν
3456 1321 3536 1382 είς
3565 1318 3627 1372 τὸ
3654 1318 3772 1372 δια-

502 1416 777 1479 inducias,
814 1425 868 1471 et
899 1417 1116 1471 delictis
1140 1420 1438 1472 etiamnum
1491 1420 1753 1489 ignoratis
1803 1420 2076 1475 sententia

2208 1423 2491 1495 ’νωσθῆναι
2531 1423 2631 1493 τὴν
2681 1421 2942 1491 ἀλήθειαν
3004 1418 3365 1490 παρέχουσαι,
3423 1412 3518 1466 καὶ
3545 1413 3773 1479 ἀγνοου-

501 1508 554 1558 in
586 1506 880 1574 perniciem
912 1505 1084 1562 fertur
1105 1508 1366 1564 adversus
1384 1509 1822 1574 calumniatores,
1850 1510 2082 1578 odioque

501 1598 820 1666 ﬂagrantes.
849 1597 1108 1654 Contictae
1133 1613 1266 1654 vero
1310 1602 1715 1664 accusationes,
1751 1601 2083 1670 redargntio-

2188 1514 2366 1584 μένων
2409 1516 2488 1568 ἑτι
2517 1514 2624 1568 τῶν
2655 1511 3017 1584 ἐγκλημάτων
3047 1512 3080 1582 ή
3113 1511 3202 1564 ἐπ’
3243 1508 3450 1578 ὀλέθρῳ
3479 1505 3589 1560 τῶν
3613 1522 3776 1558 συκο-

2185 1607 2574 1677 φαντουμένων
2600 1605 2782 1676 ψῆφος
2838 1605 3140 1676 ἐκφέρεται
3161 1619 3175 1632 ⁶
3215 1603 3270 1656 αἱ
3303 1601 3360 1654 δὲ
3386 1597 3774 1666 πεπλασμέναι

502 1687 659 1741 nibus
681 1702 887 1753 vacuae,
921 1689 1163 1744 insontes
1194 1690 1432 1758 rapiunt,
1465 1691 1704 1745 decretis
1730 1705 1851 1746 cum
1905 1691 2081 1745 dede-

2208 1697 2513 1769 ιατηγορίαι
2568 1696 2808 1766 ἐλέγχων
2857 1695 3189 1766 χηρεύουσαι
3239 1691 3617 1763 ἀναρπάζουσι
3648 1690 3776 1750 τοὺς

498 1793 629 1832 core
670 1778 995 1832 retractatis.
1033 1777 1138 1844 Qui
1182 1781 1326 1832 enim
1377 1794 1498 1834 cum
1539 1795 1603 1834 eo
1657 1789 2079 1845 conversantur,

503 1869 556 1922 in
600 1868 724 1923 vitae
779 1867 951 1938 ipsius
1008 1869 1271 1925 rationem
1307 1869 1679 1939 inspicientes,
1729 1877 1784 1923 et
1829 1885 1983 1926 suam
2018 1870 2085 1923 ad

503 1961 750 2015 eamdem
777 1971 1196 2030 componentes,
1229 1961 1536 2018 calumnias
1567 1977 1601 2016 a
1632 1963 1878 2017 sontibus
1907 1962 1974 2016 ad
2003 1962 2088 2015 in-

503 2061 690 2107 sontes
717 2051 1012 2108 transferre
1042 2068 1149 2109 non
1175 2053 1444 2109 dubitant.
1480 2053 1601 2109 Illos
1624 2053 1841 2124 quidem
1868 2054 1956 2122 qui
1989 2068 2089 2108 rc-

504 2159 630 2199 vera
664 2153 792 2200 sunt
821 2145 1077 2215 improbi,
1111 2155 1332 2216 prepter
1368 2145 1688 2217 largitiones
1715 2145 2084 2212 absolventes,

506 2239 605 2292 bos
636 2251 764 2292 vero
795 2239 886 2308 qui
943 2238 1136 2294 nolunt
1176 2238 1405 2310 pecunia
1445 2239 1732 2294 delationis
1767 2237 1858 2306 ius
1891 2240 2091 2294 haben-

506 2337 587 2381 tes
615 2341 986 2397 corrumpere,
1019 2328 1313 2398 ignominia
1337 2327 1596 2384 alliciunt.
1634 2329 1690 2385 Si
1722 2345 1851 2386 vero
1881 2329 2088 2384 calum-

510 2417 653 2471 niari
689 2417 873 2482 liceat,
906 2418 958 2472 hi
993 2417 1212 2487 quidem
1254 2419 1613 2474 maximorum
1657 2421 1942 2475 criminum
1992 2420 2091 2482 rei,

509 2523 646 2562 auro
677 2522 893 2577 pcenam
921 2510 1296 2580 exsdngtmnt.
1329 2510 1499 2582 698
1545 2512 1648 2565 Alii
1693 2526 1797 2567 non
1851 2512 2008 2567 modo
2037 2525 2095 2566 se

509 2597 887 2664 defendentes,
935 2601 1029 2655 sed
1072 2611 1125 2654 et
1153 2615 1319 2655 causa
1375 2602 1603 2656 meliore
1635 2602 1867 2671 praediti,
1901 2612 1958 2655 ut
1992 2602 2095 2655 im-

510 2688 666 2756 probi
695 2688 1004 2758 capiuntur,
1040 2690 1182 2759 quod
1231 2691 1477 2760 pecuniis
1511 2692 1723 2760 iniquas
1755 2691 1979 2745 insidias
2013 2691 2096 2745 vel

511 2791 620 2831 non
677 2778 904 2847 possint,
934 2779 1015 2834 vel
1073 2780 1245 2833 nolint
1278 2781 1546 2849 mitigare.
1601 2781 1681 2834 Ad
1739 2779 2097 2836 sacerdotium

513 2883 644 2924 vero
676 2870 891 2924 ducitur
919 2870 988 2925 ab
1016 2884 1080 2926 eo
1107 2885 1211 2926 non
1238 2872 1441 2926 virtute
1469 2871 1699 2940 quisque
1723 2882 1970 2937 ornatus,
2004 2872 2099 2927 sed

515 2968 576 3015 ut
608 2961 804 3029 opibus
846 2961 1130 3015 abundans
1173 2975 1310 3015 auro
1345 2961 1660 3031 dignitatem
1711 2961 1858 3016 illam
1917 2976 2100 3017 emere

2185 1791 2532 1854 ἀνευθύνους,
2565 1790 2673 1844 τῶν
2706 1789 2926 1860 Θεσμῶν
2955 1791 3037 1852 είς
3065 1789 3341 1857 ἀκοσμίαν
3385 1782 3774 1853 νεωτερισθέν-

2185 1901 2317 1938 των.
2346 1885 2409 1937 Oi
2441 1884 2549 1955 γὰρ
2585 1884 2714 1954 περὶ
2739 1883 2900 1936 αὑτὸν
2930 1881 3078 1945 ὅντες
3110 1879 3243 1949 πρὸς
3290 1880 3416 1941 τοὺς
3449 1875 3616 1930 αὐτοῦ
3649 1873 3778 1944 βλέ-

2189 1992 2383 2037 ποντες
2421 1974 2676 2046 τρόπους,
2723 1974 2820 2028 καὶ
2875 1972 2965 2025 τὸν
3008 1969 3216 2024 ἑαυτῶν
3252 1967 3608 2042 ρυθμίξοντες
3637 1964 3776 2034 βίον.

2191 2068 2259 2120 ὲκ
2286 2066 2396 2119 τῶν
2451 2065 2766 2118 ὑπευθύνων
2793 2063 2893 2126 τὰς
2938 2061 3191 2125 διαϐολὰς
3241 2063 3322 2123 εἰς
3352 2059 3480 2122 τοὺς
3508 2056 3778 2126 ἀνεγκλήσ

2189 2175 2318 2222 τους
2351 2157 2684 2228 μεταφέρειν
2729 2155 2790 2210 οὐ
2846 2152 3276 2225 παραιτοῦνται·
3313 2149 3444 2211 τοὺς
3473 2148 3574 2218 μὲν
3607 2147 3781 2208 ὄντως

2192 2251 2463 2323 πονηροὺς
2498 2247 2868 2320 μισθοδοσίαις
2933 2245 3210 2316 ἀφιέντες,
3248 2244 3375 2306 τοὺς
3417 2241 3475 2294 δὲ
3507 2241 3583 2311 μὴ
3615 2255 3785 2308 πρια--

2197 2345 2389 2416 μένους
2420 2342 2511 2395 τὸν
2561 2340 2764 2411 ἔχοντα
2806 2339 2908 2410 τὴν
2963 2336 3215 2402 ἐξουσίαν
3237 2334 3338 2404 τῆς
3372 2331 3663 2403 μηνύσεως
3689 2329 3785 2382 ἐπὶ

2193 2436 2304 2498 τοῖς
2333 2430 2634 2502 αἰσχίστοις
2655 2427 3137 2498 καταγγέλλοντες.
3159 2424 3258 2476 Διά
3286 2423 3395 2493 γὰρ
3418 2421 3480 2475 τὸ
3506 2435 3788 2488 συκοφαν-

2192 2527 2306 2579 τεῖν
2340 2523 2561 2590 ἐξεῖναι,
2604 2523 2653 2574 οί
2690 2521 2788 2592 μὲν
2839 2525 2952 2584 τοῖς
2999 2515 3438 2590 ἀργαλεωτάτοις
3486 2511 3788 2565 ὑπεύθυνοι

2195 2615 2384 2690 χρυσῷ
2427 2614 2526 2684 τῆς
2572 2612 2848 2675 κολάσεως
2894 2609 3213 2682 κρατοῦσιν.
3278 2608 3342 2660 0i
3404 2605 3461 2658 δὲ
3511 2602 3587 2674 μὴ
3622 2603 3790 2671 μόνον

2200 2701 2620 2773 καθαρεύοντες,
2655 2698 2793 2753 ἀλλά
2847 2699 2942 2752 καὶ
2993 2696 3434 2768 πλεονεκτήμασι
3478 2692 3786 2763 κομῶντες,

2200 2798 2276 2860 ὡς
2306 2795 2536 2866 πονηροὶ
2563 2793 2880 2847 ἁλίσκονται
2899 2809 2915 2825 ο
2948 2791 3196 2862 χρήμασι
3222 2788 3319 2860 τὴν
3341 2787 3528 2843 ἄδικον
3563 2784 3790 2839 ἐπιϐου-

2201 2887 2300 2958 λήν
2329 2887 2362 2957 ἢ
2397 2885 2473 2956 μὴ
2500 2883 2837 2954 δυνηθέντες,
2860 2882 2892 2951 ἢ
2912 2881 2984 2951 μὴ
3016 2880 3348 2944 ἀξιώσαντες
3375 2874 3787 2946 καταπραῧναι.

2213 2977 2339 3030 Ἐπὶ
2388 2976 2444 3029 δὲ
2474 2975 2573 3045 τὴν
2631 2973 2932 3044 ἱερωσύνην
2965 2973 3064 3042 οὐχ
3093 2973 3121 3024 ὁ
3149 2969 3349 3042 ἀρετῆς
3379 2968 3667 3030 ἀνάπλεως
3701 2965 3791 3020 ἔλα

517 3053 822 3115 νταιειιηιίι,
849 3053 1064 3106 tametsi
1090 3065 1300 3106 summe
1327 3065 1558 3120 nequam
1584 3052 1674 3106 sit.
1699 3049 1879 3117 Quare
1895 3051 1940 3106 si
1965 3052 2099 3116 hac,

2208 3084 2381 3138 XE‘EGI,
2414 3065 2528 3120 ἀλλ’
2560 3065 2708 3127 ὅστις
2766 3061 2981 3132 πλούτῳ
3024 3060 3229 3130 κομῶν,
3265 3056 3453 3129 χρυσῷ
3492 3055 3592 3124 τὴν
3629 3051 3793 3119 ἀξίαν

513 3141 709 3211 hisque
743 3143 895 3214 plura
929 3144 1248 3213 majoraque
1274 3143 1621 3199 committens
1645 3143 1926 3209 Eusebius,
1958 3159 2095 3198 nun-

514 3250 675 3303 quam
718 3249 907 3305 ptenas
951 3236 1119 3301 dedit,
1175 3237 1539 3292 condemnare
1595 3235 1703 3291 noli
1757 3236 2098 3308 negligentiae

516 3326 614 3380 Dei
646 3326 1039 3393 providentiam
1068 3346 1083 3382 :
1109 3328 1239 3397 quin
1274 3327 1457 3398 potius
1480 3327 1599 3398 ejus
1627 3328 2097 3399 longanimitatem

516 3416 812 3478 admirare,
844 3431 965 3486 qua:
991 3415 1056 3470 ad
1109 3416 1483 3486 paenitentiam
1519 3417 1699 3487 lapsos
1746 3418 1959 3474 invitet.
1999 3417 2103 3473 De-

515 3509 667 3580 plora
726 3523 857 3563 vero
909 3507 1367 3576 impaenitentium
1404 3508 1684 3575 duritiam,
1737 3524 1854 3580 quae
1886 3508 2003 3565 illos
2033 3509 2102 3565 ad

517 3599 867 3656 acerbissima
902 3600 1078 3670 rapiat
1114 3608 1401 3655 tormenta.

645 3907 929 3972 CDLXXI.
965 3936 1036 3950 -—
1069 3905 1453 3965 EUDEMONI
1491 3903 1974 3962 PRESBYTERO.

2198 3159 2468 3231 ἀγοράσαι
2499 3157 2826 3229 προῄρηται,
2857 3155 2957 3208 κᾶν
2990 3143 3087 3222 si};
3122 3143 3792 3223 ἀν[ωτ]άτηςῇπονηρίας

2203 3249 2478 3320 ἔμπλεως.
2511 3248 2573 3300 Εἰ
2606 3248 2787 3300 τοίνυν
2825 3242 3137 3306 καὶταῦτα,
3176 3241 3270 3295 καὶ
3329 3239 3536 3292 τούτων
3566 3234 3794 3288 πλείονα

2200 3357 2260 3394 τε
2295 3339 2391 3393 καὶ
2424 3336 2646 3407 μείζονα
2674 3333 3064 3406 δρῶν,ούδέπω
3084 3331 3240 3401 δίκην
3267 3327 3488 3389 δέδωκε,
3522 3324 3599 3394 μὴ
3623 3339 3796 3377 κατα-

2202 3429 2442 3502 ψηφίζου
2465 3427 2728 3499 ἀμέλειαν
2757 3427 2858 3494 τῆς
2891 3423 3045 3486 θείας
3076 3421 3334 3494 προνοίας
3355 3437 3367 3450 ο
3402 3417 3539 3470 ἀλλὰ
3562 3415 3662 3484 τὴν
3692 3413 3796 3484 μὲν

2211 3521 2601 3594 μακροθυμίαν
2645 3518 2817 3587 αὐτῆς
2871 3515 3145 3586 θαύμαζε,
3195 3513 3294 3584 τὴν
3367 3511 3448 3572 είς
3503 3508 3797 3580 μετάνοιαν

2208 3614 2334 3676 τοὺς
2361 3611 2656 3675 πταίοντας
2685 3607 2980 3663 καλοῦσαν.
3030 3606 3154 3658 Τῶν
3176 3604 3232 3657 δὲ
3274 3602 3350 3672 μὴ
3386 3595 3796 3670 μετανοούντων

2205 3704 2539 3777 καταθρήνει
2569 3704 2669 3776 τὴν
2692 3698 3056 3772 ἀναλγησίαν,
3087 3697 3188 3769 τὴν
3233 3696 3313 3759 εἰς
3337 3691 3673 3764 πικροτάτας
3701 3686 3801 3741 αὑ-

2205 3796 2332 3859 τοὺς
2366 3793 2638 3865 βασάνους
2666 3791 3036 3862 προάγουσαν.

2416 3903 2591 3956 ΥΟΑ¹.
2607 3932 2676 3945 —-
2698 3899 3079 3954 ΕΥΔΑῘΜΟΝῙ
3107 3893 3578 3964 ΠΡΕΣΒΥΤΕΡῼ.

1387 3999 1467 4052 Ad
1495 3998 1738 4054 virtutem
1768 3997 2239 4067 fortitudinequ
2261 3996 2318 4050 in
2351 3997 2587 4052 adversis
2616 3996 2882 4050 hortatur.

593 4114 1042 4184 Quandoquidem
1073 4121 1287 4184 tempus
1320 4114 1466 4168 venit
1501 4113 1717 4166 virtutis
1740 4110 1958 4181 quidem
1984 4125 2108 4181 spe-

2287 4109 2506 4180 Ἐπειδὴ
2533 4111 2658 4180 ἥκει
2684 4108 2897 4179 καιρὸς,
2933 4105 3140 4179 ἀρετῆς
3189 4104 3286 4174 μὲν
3338 4099 3602 4167 ἐπίδειξιν
3631 4099 3799 4153 άπαι-

526 4210 702 4264 cimen
730 4207 1032 4277 postulans,
1065 4205 1362 4262 ostendens
1389 4216 1569 4258 autem
1599 4213 1858 4272 quantum
1891 4201 2099 4275 [animi]

2208 4202 2334 4266 τῶν,
2362 4203 2576 4266 δεικνὺς
2601 4203 2658 4256 δὲ
2678 4203 2805 4255 ὅσον
2835 4199 3056 4271 ἀνδρείᾳ
3083 4198 3192 4251 τῶν
3214 4195 3426 4250 πολλῶν
3453 4193 3795 4263 διενήνοχας,

529 4299 850 4357 fortitudine
897 4297 1054 4368 vulgo
1093 4305 1336 4368 praestes,
1383 4295 1599 4364 suscipe
1632 4303 1686 4349 et
1722 4295 1870 4349 lucro
1899 4309 2099 4364 appone

2208 4293 2351 4360 δέξαι
2382 4295 2494 4346 ἀντ’
2510 4294 2670 4347 ἄλλου
2694 4292 2836 4356 τινὸς
2852 4290 3080 4364 ἑρμαίου
3099 4289 3196 4359 τὴν
3209 4287 3311 4358 δρα
3318 4301 3487 4356 ματου
3496 4283 3800 4355 ργηθεῖσαν

530 4391 814 4449 conﬁctam
839 4399 1026 4446 contra
1048 4399 1100 4445 te
1125 4390 1546 4456 accusationem,
1572 4397 1626 4442 et
1655 4387 1878 4457 tempori
1904 4387 1971 4441 ad
1998 4387 2099 4440 vir-

2213 4386 2354 4440 κατά
2385 4385 2478 4440 σοῦ
2538 4385 2829 4454 ἐπιϐουλήν
2851 4401 2866 4416 ο
2905 4383 3000 4436 καὶ
3055 4377 3310 4434 καλοῦντι
3333 4375 3412 4445 τῷ
3442 4373 3623 4444 καιρῷ
3659 4373 3800 4441 πρὸς

533 4495 700 4539 tutem
731 4484 944 4538 vocanti
979 4483 1292 4550 obtempera
1342 4481 1473 4535 nihil
1504 4481 1762 4551 degener,
1798 4493 1973 4548 neque
2001 4493 2099 4549 pa-

531 4591 651 4630 rum
687 4575 842 4629 virile
867 4590 978 4644 pra
1021 4583 1074 4628 te
1103 4573 1306 4638 ferens,
1353 4573 1481 4642 quin
1520 4573 1702 4641 potius
1748 4570 2105 4626 tentationum

530 4663 703 4719 victor
723 4664 912 4731 cupias
936 4675 1220 4732 apparere.

673 4772 975 4831 CDLXXII.
1011 4803 1081 4814 -·
1117 4770 1434 4829 POSIDONI
1463 4769 1938 4828 PRESBYTERO.

2210 4478 2436 4548 ἀρετὴν,
2462 4479 2716 4538 ἄκουσον,
2742 4477 2906 4548 μηδὲν
2939 4473 3182 4543 ἀγεννὲς,
3210 4469 3342 4542 μηδὲ
3367 4468 3632 4536 ἄνανδρον
3671 4467 3801 4519 ἐπι-

2211 4570 2579 4640 δεικνύμενος,
2637 4571 2769 4624 sua
2814 4568 3078 4639 κρείττων
3107 4563 3201 4619 τοῦ
3252 4559 3564 4634 πειρασμοῦ
3594 4560 3804 4626 ἀναφα-

2203 4662 2369 4732 νῆναι
2403 4661 2758 4734 πειρώμενος.

2427 4773 2595 4830 rou'.
2621 4806 2689 4817 _
2717 4771 3080 4827 ΠΟΣΕΙΔΩΝΙ
3109 4763 3579 4836 ΠΡΕΣΒΥΤΕΡῼ.

1236 4864 1403 4919 Deum
1433 4865 1694 4934 oﬂ'emlere
1719 4881 1924 4919 summa
1971 4876 2044 4919 est
2083 4866 2412 4939 improbitas.
2442 4868 2556 4936 (Sic
2586 4868 2712 4937 infr.
2747 4868 2901 4937 epist.
2935 4863 3086 4930 472.)

607 4982 774 5037 Deum
802 4994 1014 5037 summe
1043 4977 1420 5034 honorandum
1467 4975 1779 5043 oﬂ'endissc,
1809 4977 1954 5030 onmi
1990 4990 2118 5044 sup-

534 5077 700 5148 plicio
752 5075 1058 5142 damnaque
1113 5070 1333 5142 gravius
1376 5076 1461 5123 est
1511 5067 1954 5122 existimandum.
2000 5066 2114 5123 Non

538 5167 786 5238 equidem
813 5173 1022 5220 tantum
1045 5163 1159 5219 fore
1180 5177 1248 5218 ex
1275 5159 1555 5231 suppliciis
1581 5157 1815 5215 dolorem
1838 5158 2116 5226 existimo,

540 5269 777 5330 quantus
797 5257 903 5312 erit
925 5253 1101 5326 pudor
1121 5267 1189 5310 ex
1207 5260 1452 5322 peccato,
1475 5258 1665 5305 contra
1698 5249 2116 5319 gloriﬁcantem,

540 5351 832 5407 commisso
885 5345 1232 5417 proveniens,
1266 5344 1359 5400 sed
1415 5351 1472 5399 et
1523 5356 1673 5397 arma
1728 5341 1867 5410 ipsa,
1924 5340 2117 5410 quibus

542 5440 698 5496 fuere
731 5439 1005 5504 honorati,
1037 5447 1226 5493 contra
1275 5436 1453 5505 ipsum
1484 5441 1785 5498 moventes,
1816 5442 1871 5487 et
1915 5432 2121 5488 honore

541 5540 731 5586 contra
764 5533 1122 5590 honorantem
1169 5537 1384 5585 utentes
1434 5524 1788 5597 deprehendi,
1816 5539 2030 5578 omnem
2067 5526 2120 5579 id

545 5638 772 5695 supcrat
825 5624 1087 5682 furorem.
1147 5622 1283 5679 Illud
1363 5621 1580 5691 quidem
1643 5618 2120 5687 incomparabilem

545 5717 866 5786 amentiam,
898 5719 996 5774 hoc
1028 5733 1157 5773 vero
1183 5715 1540 5774 iucurabilem
1572 5712 1732 5769 etiam
1768 5709 2008 5768 continet
2039 5708 2113 5765 fu-

2288 4984 2361 5038 Τὸ
2383 4979 2757 5054 προσκροῦσαι
2786 4978 2864 5049 τῷ
2908 4974 3228 5047 τετιμηκότι
3271 4971 3413 5045 Θεῷ,
3446 4973 3626 5040 πάσης
3662 4985 3806 5042 συμ-

2221 5077 2392 5146 φορᾶς
2421 5073 2516 5127 καὶ
2556 5071 2830 5144 τιμωρίας
2886 5068 3138 5140 ἡγεῖσθαι
3196 5065 3303 5138 χρὴ
3357 5062 3803 5136 ἀργαλεώτερον.

2219 5163 2295 5218 υὺ
2327 5161 2436 5233 γάρ
2458 5158 2712 5215 τοσοῦτον
2745 5158 2923 5228 ἔγωγε
2953 5157 3158 5228 νομίζω
3196 5155 3418 5208 ἔσεσθαι
3451 5152 3544 5206 τὸν
3566 5152 3678 5206 ἀπὸ
3703 5153 3807 5223 τῆς

2218 5254 2495 5318 κολάσεως
2530 5251 2710 5317 πόνον,
2733 5251 2856 5304 ὅσον
2879 5249 2975 5323 τὴν
3029 5248 3292 5320 αἰσχύνην
3313 5249 3410 5318 τὴν
3456 5245 3566 5301 ἀπὸ
3593 5244 3689 5298 τοῦ
3725 5242 3808 5313 τῷ

2216 5339 2504 5407 δοξάσαντι
2548 5337 2925 5411 προσκροῦσαι
2981 5337 3405 5410 συμϐησομένην
3436 5352 3448 5366 ’
3498 5335 3563 5388 τὸ
3593 5335 3650 5386 δὲ
3707 5334 3804 5386 καὶ

2217 5431 2358 5485 αὐτὰ
2410 5431 2477 5484 τά
2536 5431 2698 5494 ὅπλα,
2747 5429 2814 5483 δι’
2867 5422 2941 5482 ὧν
2993 5431 3366 5500 ἐτιμήθησαν,
3450 5427 3571 5480 κατ’
3631 5423 3804 5477 αὑτοῦ

2221 5525 2505 5588 κινοῦντας
2562 5524 2786 5591 ἁλῶναι,
2835 5524 2927 5578 καὶ
2958 5525 3091 5594 τιμῇ
3147 5522 3288 5576 κατὰ
3337 5519 3432 5575 τοῦ
3468 5521 3803 5589 τιμήσαντος

2223 5618 2594 5689 κεχρημένους
2629 5617 2970 5688 φωραθῆναι,
3009 5619 3185 5670 πᾶσαν
3216 5615 3546 5684 ὑπερϐάλλει
3579 5613 3799 5682 μανίαν.

2227 5709 2295 5764 To
2350 5707 2448 5779 μὲν
2482 5707 2587 5780 γὰρ
2635 5707 3044 5778 ἀνυπέρϐλητον
3090 5709 3293 5771 ἄνοιαν,
3325 5706 3382 5758 τὸ
3415 5705 3466 5758 δὲ
3504 5705 3803 5772 ἀνήκεστον
