4010 6424
243 317 367 388 1601

1063 311 1603 378 EPISTOLARUM
1640 312 1789 375 LIB.
1831 311 1900 374 V.
1938 331 2008 347 -·
2044 309 2286 374 EPIST.
2320 305 2679 369 CDLXXVI.

3417 304 3554 372 160!

246 433 434 505 μανίαν
457 430 598 502 ἔχει.
640 431 768 502 Χρὴ
796 430 1082 501 τοιγαροῦν
1119 429 1244 494 τοὺς
1269 427 1626 500 ἱερωμένους,
1649 423 1846 496 ὥσπερ
1873 474 1879 488 ,

1953 437 2154 478 rorem.
2182 422 2350 478 Decet
2380 421 2565 492 itaque
2594 422 2769 477 sacris
2819 419 3104 476 dedicatos
3147 417 3314 475 veluti
3352 420 3552 485 templa

239 525 534 595 ἀνάκτορα,
597 523 807 586 παντὸς
864 520 1192 593 τυραννικοῦ
1243 519 1338 574 καὶ
1369 515 1601 588 αἰσχροῦ
1632 513 1838 578 πάθους

1949 515 2134 572 omnis
2163 515 2464 587 tyrannica:
2506 513 2778 584 [adatque
2817 511 3252 582 perturbationis
3300 522 3562 582 expertes

240 615 471 678 ἀϐάτους
504 615 742 678 ἑαυτοὺς
772 614 1068 684 διατηρεῖν.

746 729 910 785 ΥΟΓν.
944 759 1013 768 —
1041 727 1326 784 ΜΔΡΩΝΙ.

1946 620 2007 662 se
2037 617 2390 661 COIISCI'VII‘C.

2348 712 2679 771 CDLXXIII.
2712 744 2784 761 -ι
2826 712 3121 774 MARONI.

896 820 1092 892 Fugito
1115 832 1341 891 peccata
1372 831 1419 877 et
1449 821 1672 891 famam,
1708 815 2204 885 existimationem“
2230 812 2430 868 malum
2477 813 2639 882 facile
2673 811 2904 879 sedabis.

314 936 409 990 Ἐκ
433 934 552 989 τῶν
577 933 924 1007 πραγμάτων
953 933 1028 998 ὡς
1051 933 1120 986 τὰ
1160 931 1330 988 πολλὰ
1360 933 1417 986 αἱ
1449 933 1632 1004 φῆμαι
1663 929 1832 1000 φύον-

231 1041 348 1080 ται·
388 1029 446 1081 αἱ
516 1029 618 1100 μὲν
649 1023 746 1080 οὖν
788 1026 1008 1094 ἀληθεῖς
1039 1025 1102 1079 ού
1162 1025 1380 1098 ῥᾳδίως,
1428 1024 1573 1095 τάχα
1603 1023 1661 1077 δὲ
1719 1022 1832 1076 ούδ⁹

229 1118 362 1182 ὅλως
392 1119 744 1173 σϐέννυνται.
772 1119 841 1171 Al
867 1118 922 1171 δὲ
937 1117 1172 1188 ψευδεῖς,
1193 1116 1290 1171 καὶ
1313 1117 1465 1188 παρὰ
1488 1115 1599 1170 τῶν
1619 1113 1833 1187 ἐχθρῶν

230 1210 424 1281 φθόνου
487 1211 686 1264 ἕνεκεν
732 1211 1131 1282 πραττόμεναι,
1169 1209 1245 1272 ὡς
1273 1209 1343 1263 τά
1380 1207 1648 1281 ἀράχνεια
1688 1205 1832 1275 ὑφά-

230 1319 430 1372 σματα,
476 1300 680 1355 θᾶττον
716 1301 1044 1355 διαλύονται.
1077 1299 1335 1361 Πέπαυσο
1373 1298 1554 1353 τοίνυν
1577 1297 1686 1352 τῶν
1708 1297 1835 1351 ἀτό-

229 1411 344 1449 ¹ιτων
384 1395 684 1464 πράξεων·
717 1396 766 1448 εξ
821 1395 879 1448 δὲ
917 1395 1012 1464 μὴ,
1049 1395 1124 1466 μὴ
1172 1393 1474 1463 ἀγανάκτει
1530 1391 1677 1446 κατὰ
1734 1392 1834 1463 τῆς

232 1489 443 1558 φήμης.
463 1486 547 1549 ὡς
583 1485 894 1556 πανταχόσε
912 1486 1305 1558 κωμῳδούσης.
1328 1485 1467 1540 οὐδὲ
1491 1485 1604 1557 γὰρ
1632 1480 1746 1539 οἷόν
1772 1501 1831 1538 τε

230 1577 384 1649 ῥίζης
421 1577 546 1652 (48)
571 1579 800 1642 κλάδους
835 1579 910 1649 μὴ
948 1579 1240 1648 ἀναφῦναι.

550 1689 718 1743 ΥΟΔ’.
755 1723 822 1735 -
853 1691 1116 1764 ΙΣΙΔΩΡῼ
1165 1690 1536 1762 ΕΠῙΣΚΟΠῼ.

2011 921 2177 977 Fama
2211 922 2456 977 nascitur
2504 922 2827 992 plerumque
2860 935 2924 974 ex
2954 921 3085 990 ipsis
3121 921 3376 992 negotiis.
3403 938 3547 992 quae,

1938 1015 1984 1070 si
2017 1028 2143 1070 vera
2174 1013 2414 1076 exsistit,
2444 1027 2549 1067 non
2585 1011 2765 1078 facile,
2803 1012 2943 1068 forte
2968 1013 3132 1066 etiam
3168 1029 3276 1069 non
3312 1015 3539 1068 omnino

1940 1106 2326 1176 exstinguitur.
2391 1103 2552 1160 Falsa
2594 1117 2786 1160 contra
2845 1107 2914 1158 ah
2963 1106 3214 1160 hostibus
3256 1107 3374 1161 fere
3435 1107 3548 1161 odii

1943 1217 2110 1257 causa
2139 1200 2396 1264 conﬁcta,
2435 1198 2615 1254 instar
2655 1199 2774 1254 tela:
2797 1212 3125 1254 aranearum
3168 1199 3278 1255 cito
3334 1199 3546 1255 interit.

1939 1293 2312 1360 Quamobrem
2360 1291 2552 1347 desine
2602 1291 3040 1362 absurdeagere,
3069 1291 3312 1362 alioquin
3345 1291 3547 1348 famam

1938 1383 2517 1449 existimationetnqne
2553 1381 2628 1434 tui
2662 1395 2928 1435 accusare
2977 1381 3109 1444 noli,
3152 1382 3308 1451 quasi
3344 1383 3548 1453 ubique

1939 1475 2357 1546 perstringaris.
2395 1470 2507 1528 Nec
2530 1472 2677 1528 enim
2719 1472 2838 1528 iieri
2894 1483 3074 1546 potest
3109 1475 3241 1544 quin
3271 1490 3303 1532 e
3345 1474 3548 1532 radici-

1936 1569 2036 1624 bus
2069 1569 2204 1622 rami
2232 1565 2518 1638 pullulent.

2049 1681 2220 1754 699
2256 1677 2588 1736 anxxw.
2628 1707 2701 1721 —
2742 1676 3025 1735 ISlDORO
3075 1676 3439 1735 EPISCOPO.

1169 1783 1449 1839 Hominem
1475 1783 1712 1853 iniquum
1739 1788 1790 1835 et
1815 1777 2138 1849 injuriosum
2169 1773 2445 1828 admoneri
2476 1771 2610 1829 cuit.

296 1891 586 1959 Πιστεύω,
620 1892 703 1946 ὅτι
743 1894 793 1947 εί
831 1892 987 1962 γνοίη
1018 1891 1170 1964 παρὰ
1196 1892 1301 1963 τῆς
1343 1892 1445 1963 σῆς
1495 1891 1776 1962 ὁσιότητος
1804 1891 1832 1944 ὁ

225 1987 290 2056 τῇ
325 1985 535 2040 ἑαυτοῦ
569 1985 882 2057 ἐπιτρέπων
926 1984 1176 2057 δυνάμει,
1207 1985 1311 2049 δτι,
1359 1984 1456 2038 σὺν
1482 1983 1602 2054 Θεῷ
1640 1983 1829 2053 φάναι,

225 2074 326 2146 τῆς
374 2075 722 2145 Ἐκκλησίας
747 2075 814 2130 ἐκ
842 2077 943 2146 τῇς
991 2074 1199 2132 ἄνωθεν
1247 2072 1502 2145 βοηθείας
1529 2073 1834 2145 ὠχυρωμέ-

229 2183 349 2238 νης,
379 2169 484 2222 καὶ
517 2167 632 2221 τῶν
656 2167 838 2238 νόμων
872 2166 1227 2240 ἐρρωμένων,
1273 2165 1450 2230 οὐδεὶς
1479 2166 1633 2238 παρᾶ
1655 2166 1718 2219 τὸ
1747 2165 1829 2218 δί-

227 2276 382 2314 καιον
414 2259 791 2315 ἐκϐιάσασθαι
820 2259 913 2314 τὸν
954 2259 1167 2331 πένητα
1210 2257 1300 2329 ἐφ’
1347 2257 1504 2329 ὕϐρει
1549 2257 1652 2328 τῆς
1707 2258 1832 2312 Ἐκ-

227 2349 466 2420 κλησίας
497 2349 602 2421 τῆς
639 2350 944 2422 ὀρεγούσης
974 2353 1088 2415 τοῖς
1136 2348 1516 2420 ἀδικουμένοις
1545 2347 1643 2420 τὴν
1670 2351 1831 2419 χεῖρα

229 2443 556 2515 δυνήσεται,
588 2444 963 2517 ἀποστήσεται
1005 2443 1107 2515 τῆς
1141 2442 1284 2498 κατὰ
1318 2442 1414 2497 τοῦ
1458 2446 1690 2514 πένητος
1718 2443 1831 2497 est-

231 2532 378 2599 κίας,
417 2533 628 2605 μᾶλλον
655 2533 714 2588 δὲ
758 2535 858 2605 τῆς
891 2533 1013 2588 καθ’
1047 2533 1265 2589 ἑαυτοῦ.
1296 2534 1372 2588 υὺ
1407 2533 1518 2606 γὰρ
1571 2533 1832 2590 τοσοῦτον

227 2628 255 2681 ὸ
285 2629 522 2699 πάσχων
557 2627 718 2702 (τέως
775 2631 884 2702 γὰρ
928 2628 1102 2694 οὕτως
1134 2629 1418 2703 εἰρήσθω),
1463 2631 1590 2686 ὅσον
1620 2631 1649 2684 ὁ
1685 2630 1828 2700 δρῶν

227 2717 524 2776 ἀδικεῖται.

448 2809 620 2884 nm.
652 2857 721 2872 —
760 2825 1107 2902 sommo
1136 2829 1612 2903 ΠΡΕΣΒΥΤΕΡῼ.
1703 2795 1722 2852 ‘

2013 1885 2213 1951 Credo,
2252 1885 2300 1940 si
2365 1885 2486 1955 quis
2535 1893 2643 1940 tuae
2695 1899 2764 1939 se
2787 1887 3138 1943 committens
3189 1887 3468 1956 potestati,
3515 1903 3548 1944 a

1944 1988 2032 2035 tua
2055 1979 2356 2036 sanctitate
2388 1987 2708 2048 cognoscat,
2739 1979 2906 2049 quod,
2944 1989 3002 2034 ut
3027 1994 3154 2034 cunt
3179 1979 3292 2052 Deo
3324 1980 3540 2050 loquar,

1939 2087 2063 2128 cum
2115 2072 2360 2128 Ecclesia
2412 2070 2626 2127 ctelesti
2671 2072 2880 2128 auxilio
2932 2073 3233 2140 muniatur,
3288 2073 3548 2146 legesque

1940 2163 2179 2228 valeant,
2231 2162 2416 2220 nullus
2449 2179 2548 2234 per
2588 2163 2976 2220 contumeliam
3023 2164 3280 2222 Ecclesia
3317 2180 3544 2222 manum

1938 2254 2086 2312 laesis
2111 2255 2385 2312 tendentis
2414 2265 2613 2326 praeter
2645 2255 2728 2312 las
2747 2267 2802 2312 et
2816 2257 2908 2328 jus
2945 2257 3170 2327 pauperi
3197 2257 3303 2312 vim
3335 2257 3545 2315 inferre

1937 2346 2164 2416 poterit,
2192 2347 2273 2402 sic
2307 2348 2685 2419 unusquisque
2710 2349 2780 2405 ab
2803 2349 3004 2417 injuria
3037 2360 3228 2406 contra
3268 2365 3540 2421 pauperes

1938 2439 2111 2510 magis
2137 2453 2300 2509 quant
2333 2449 2523 2495 contra
2551 2455 2611 2498 se
2640 2440 2960 2498 abstinebit.
2992 2441 3182 2514 Neque
3224 2443 3371 2500 enim
3416 2452 3544 2499 tan-

1945 2539 2057 2585 tum
2099 2533 2144 2588 is
2197 2533 2289 2603 qui
2349 2534 2551 2605 accipit
2598 2533 2877 2603 iniuriam,
2939 2544 3000 2593 ut
3054 2535 3192 2594 alias
3231 2537 3545 2607 docuimus,

1933 2631 2200 2693 quantum
2237 2623 2329 2694 qui
2353 2622 2482 2680 facit
2511 2623 2615 2681 sibi
2650 2623 2752 2697 ipsi
2780 2636 2964 2684 nocet.

2045 2823 2355 2881 CDLXXV.
2385 2856 2455 2867 —
2483 2823 2888 2884 ATHANASIO
2933 2827 3430 2889 PRESBYTERO.

1102 2941 1303 2998 Virtuti
1335 2947 1514 3015 potius
1537 2961 1675 3000 verte
1703 2958 1861 3014 quam
1891 2939 2128 2996 orationi
2154 2938 2351 3009 fucata
2374 2941 2714 2998 studendum.

303 3076 507 3148 Πρώην
535 3078 634 3148 μὲν
657 3077 860 3150 ἑτέρων
885 3078 1107 3150 ἢκουον,
1130 3077 1228 3132 νῦν
1246 3077 1302 3132 δὲ
1327 3077 1502 3148 ιγνων
1522 3078 1829 3132 δεινότατον
1860 3051 1879 3110 (

2005 3071 2194 3143 Nuper
2222 3089 2288 3129 ex
2317 3074 2428 3128 alio
2456 3075 2661 3142 audivi,
2696 3090 2841 3132 nunc
2887 3077 3054 3132 etiam
3093 3079 3347 3150 cognovi,
3399 3083 3542 3153 opti-

228 3167 360 3222 δντα
392 3185 453 3222 σε
491 3167 842 3240 ῥητορεύειν⁸
877 3168 936 3234 δς
983 3169 1077 3222 ἐπὶ
1105 3167 1370 3240 πράξεσιν
1413 3169 1557 3223 οὕτω
1589 3169 1832 3241 παρανοε-

234 3277 358 3330 μοις
390 3265 492 3314 καὶ
524 3263 792 3333 πονηραῖς
829 3259 1004 3330 λόγων
1055 3261 1398 3336 εὐπρέπειαν
1444 3262 1678 3332 ἑχόντων
1730 3261 1832 3315 οὐκ

229 3353 545 3425 ἡπόρησας.
577 3352 718 3406 Ἀλλ’
737 3353 835 3424 οὐχ
855 3355 883 3406 ὁ
900 3353 1066 3426 τέχνῃ
1089 3353 1358 3426 τάληθοῦς
1383 3354 1830 3426 περιγενόμενος,

233 3445 480 3500 ἐπαίνων
510 3445 682 3511 ἄξιος,
723 3445 838 3498 ἀλλ’
894 3447 923 3499 δ
952 3447 1011 3499 τὸ
1041 3446 1243 3518 ἀληθὲς
1294 3446 1539 3517 ἀτέχνως
1579 3444 1825 3518 φράζων.

247 3537 553 3610 Ἀφὲμενος
573 3538 758 3592 τοίνυν
784 3537 885 3609 τῆς
918 3536 1248 3612 δεινότητος,
1270 3537 1397 3610 ἔχου
1419 3539 1519 3609 τῆς
1544 3537 1824 3609 ἀληθείας,

235 3628 333 3682 καὶ
360 3628 456 3681 τὸν
495 3627 609 3697 βίον
655 3625 751 3681 τὸν
795 3626 994 3680 σαυτοῦ
1043 3628 1181 3699 πρὸς
1225 3628 1434 3698 ταύτην
1469 3627 1685 3698 βλέπων
1723 3627 1822 3699 ῥύ-

235 3716 418 3789 θμιζε.
442 3717 506 3770 El
529 3716 636 3787 γὰρ
662 3719 758 3770 καὶ
801 3716 1123 3789 ἀνθρώπους
1166 3718 1642 3790 παραλογίσασθαι
1669 3718 1832 3790 δυνη-

236 3808 415 3880 θείης,
449 3811 500 3863 εἰ
527 3809 621 3863 καὶ
653 3809 736 3863 ὅτι
771 3809 1005 3881 μάλιστα
1027 3809 1083 3864 st
1116 3812 1246 3883 παρ’
1283 3812 1472 3874 αὐτοῖς
1515 3809 1830 3883 ἐφωράθης,

236 3902 376 3957 ἀλλὰ
410 3901 503 3958 τὸν
535 3900 975 3973 άπαραλόγιστον
1000 3902 1062 3956 ού
1103 3901 1420 3974 φενακίσεις
1459 3902 1678 3974 κριτήν.

308 4210 496 4278 γοα-ν.
523 4239 594 4251 -
634 4209 1091 4282 ΜΑΡΤΙΝΙΑΝῼ,
1149 4207 1424 4278 zeum,
1465 4207 1754 4276 MAPQNI,

858 4281 1216 4354 ΕΥΣΤᾹΘΙῼ.

1935 3182 2082 3222 mntn
2109 3177 2161 3222 te
2185 3168 2396 3222 dicendi
2427 3183 2549 3223 esse
2598 3168 2890 3238 artificem,
2944 3171 3034 3241 qui
3093 3173 3161 3228 de
3191 3173 3352 3230 rebus
3401 3177 3540 3232 adeo

1933 3258 2038 3331 lcgi
2073 3259 2368 3315 contrariis
2392 3270 2557 3330 atque
2595 3262 2867 3331 improbis
2918 3265 3083 3320 verba
3135 3266 3542 3341 dictionemque

1937 3351 2014 3406 ita
2045 3355 2444 3422 composueris,
2505 3355 2638 3408 nihil
2685 3364 2744 3409 ut
2812 3356 3223 3414 desideraretur
3279 3362 3538 3433 amplius.

1939 3442 2049 3500 Sed
2093 3459 2268 3515 neque
2310 3448 2402 3516 qui
2448 3447 2737 3502 veritatem
2802 3459 2923 3505 arte
2967 3461 3194 3522 superat
3246 3452 3409 3509 laude
3479 3455 3540 3510 iit

1947 3539 2167 3610 dignus,
2203 3539 2298 3594 sed
2321 3540 2413 3610 qni
2445 3554 2566 3593 eam
2609 3541 2730 3596 sine
2776 3541 2905 3598 lucu
2959 3551 3015 3599 et
3057 3553 3178 3600 arte
3239 3545 3535 3616 eloquitur.

1940 3628 2309 3696 Quamobrem
2350 3631 2517 3685 missa
2554 3632 2772 3688 dicendi
2823 3634 2914 3690 illa
2970 3637 3266 3706 gravitate,
3301 3639 3367 3693 da
3409 3654 3541 3711 ope-

1934 3739 2049 3779 ram
2084 3725 2325 3791 veritati,
2362 3727 2430 3781 atl
2461 3741 2692 3798 eamque
2740 3731 3044 3801 respiciens
3087 3744 3234 3789 tuatn
3263 3749 3534 3808 compone

1931 3818 2125 3872 vitam.
2149 3817 2262 3873 Etsi
2285 3819 2429 3873 enim
2461 3819 2691 3876 dicendo
2724 3823 3127 3882 circumvenire
3174 3837 3331 3898 potes
3364 3831 3540 3886 homi-

1932 3924 2050 3974 nes,
2097 3910 2348 3980 quamvis
2406 3912 2473 3967 ab
2523 3912 2627 3968 illis
2695 3913 3096 3984 deprehensus,
3159 3933 3284 3974 eunt
3353 3931 3538 3978 tamen

1935 4017 2098 4074 quem
2129 4005 2269 4059 ratio
2301 4020 2581 4076 nunquam
2607 4007 2765 4079 fugit,
2783 4009 3025 4077 judicent
3051 4011 3241 4069 fallere
3261 4029 3541 4086 nunquam

1939 4097 2138 4169 possis.

1974 4207 2310 4272 anxxw.
2363 4213 2950 4289 _—;_t_ntttrtm,tt_vo,
2989 4217 3300 4289 ,zosnto,
3355 4222 3483 4282 us-

2361 4281 2525 4339 RONI
2563 4286 2649 4339 ET
2677 4286 2764 4345 EU
2777 4287 3098 4347 STATIIIO.

987 4398 1068 4451 Ad
1095 4398 1284 4466 bonum
1331 4400 1538 4471 frugem
1570 4416 1662 4454 eos
1685 4398 1892 4464 invitat,
1935 4406 1990 4452 ιιι
2037 4409 2084 4452 et
2115 4415 2261 4468 supr.
2294 4400 2454 4468 epist.
2485 4401 2612 4470 5H,
2655 4404 2784 4460 με.

322 4510 607 4582 Ἐνέτυχον
635 4510 776 4582 ἁγίῳ
807 4510 983 4584 ἀνδρὶ,
1017 4504 1062 4581 ᾧ
1092 4509 1252 4584 ἔργον
1299 4513 1417 4567 ἐστὶ
1458 4512 1518 4567 τὸ
1552 4513 1694 4586 ὑπὲρ
1719 4513 1830 4568 τῶν
1861 4511 1879 4567 1

2007 4507 2233 4567 Occurri
2275 4529 2448 4584 nuper
2507 4517 2628 4572 viro
2674 4530 2886 4585 sancto,
2947 4522 3105 4591 cujus
3171 4524 3414 4583 oitlcium
3460 4527 3537 4586 sit

245 4601 554 4656 πταιόντων
583 4601 853 4656 ἱκετεύειν
892 4603 955 4656 τὸ
987 4601 1143 4657 Θεῖον
1173 4604 1311 4676 (ἴστε
1337 4604 1394 4658 δὲ
1423 4605 1480 4659 δν
1506 4605 1696 4677 λέγω),
1733 4607 1830 4660 καὶ

240 4687 386 4746 εἶδον
418 4693 679 4747 ὑπόθεσιν
713 4691 864 4764 αὐτῷ
894 4692 1147 4766 δακρύων
1188 4696 1399 4751 ἀενάων
1431 4697 1523 4751 τὸν
1562 4697 1829 4769 ὑμέτερον

242 4785 574 4857 γεγενῆσθαι
603 4784 737 4857 βίον.
785 4786 1188 4858 Αίσχυνόμενος
1222 4788 1331 4861 γὰρ
1374 4789 1466 4844 επὶ
1511 4792 1626 4853 τοῖς
1677 4789 1832 4862 παρὰ

243 4875 465 4929 πάντων
497 4876 628 4946 περὶ
662 4874 820 4946 ὑμῶν
863 4877 1346 4949 κωμῳδουμένοις,
1394 4880 1550 4950 ἔλεγε
1580 4884 1692 4945 τοῖς
1722 4899 1832 4936 πα-

246 4963 511 5037 ρακαλεῖν
537 4964 542 4967 ’
564 4967 931 5039 πειρωμένοις
953 4984 967 4997 ·
1010 4987 1028 5020 ι
1084 4971 1310 5038 Ἅφετε,
1353 4975 1568 5044 πικρῶς
1599 4973 1834 5030 κλαύσο-

249 5078 370 5131 μαι,
411 5061 486 5132 μὴ
517 5060 840 5132 κατισχύετε
871 5062 1214 5134 παρακαλεῖν
1267 5083 1357 5136 με.
1396 5085 1414 5117 ι
1449 5061 1582 5120 Εἶτα
1613 5067 1690 5130 ὡς
1737 5069 1836 5122 ἁν-

245 5153 465 5206 ἐνευσεν
492 5152 671 5222 ὀλίγον
692 5154 758 5208 εκ
783 5153 896 5208 τῶν
909 5153 1143 5226 θρήνων,
1170 5158 1272 5212 οὐκ
1304 5153 1401 5212 οἷδ’
1432 5159 1461 5213 ὅ
1491 5177 1543 5212 τι
1573 5161 1837 5231 ἐννοήσας

248 5244 330 5313 (ού
373 5244 486 5316 γὰρ
538 5245 781 5314 ἀσφαλες
816 5247 928 5301 τῶν
975 5248 1189 5320 ἀδήλων
1223 5251 1616 5324 κατατολμᾷν),
1648 5253 1836 5327 ὥσπερ

248 5339 436 5404 ινοους
487 5338 802 5409 γενόμενος,
855 5341 952 5394 καὶ
1001 5342 1084 5406 είς
1131 5343 1362 5415 οὐρανὸν
1394 5345 1730 5416 ἀναϐλέψας,
1760 5345 1836 5412 ὡς

247 5429 409 5486 αὑτὸν
439 5431 580 5502 δρῶν
621 5431 714 5486 τὸν
755 5433 971 5486 πάντων
1002 5434 1299 5508 Δεσπότην,
1331 5435 1556 5508 ἐϐόησεν
1581 5453 1593 5466 ο
1635 5455 1654 5490 ι
1696 5438 1836 5505 Δόξα

1939 4603 2107 4658 Deum
2143 4617 2244 4673 pro
2289 4607 2735 4677 delinquentibus
2787 4611 3109 4683 suppliciter
3160 4629 3322 4673 orare
3374 4620 3540 4692 (nosti

1939 4712 2103 4764 quem
2131 4698 2357 4768 dicam),
2390 4712 2445 4756 et
2472 4701 2723 4757 videbam
2748 4708 3036 4762 materiam
3064 4707 3140 4762 illi
3171 4721 3433 4779 perpetuo
3465 4715 3543 4770 la.

1939 4789 2220 4862 cryntandi
2256 4791 2494 4848 oblatam
2529 4803 2769 4850 vestram
2803 4796 2874 4851 ob
2907 4799 3094 4853 vitam.
3153 4798 3371 4858 Pudore
3395 4807 3541 4864 enim

1941 4883 2036 4939 ille
2072 4882 2312 4941 suﬂ’nsus
2365 4901 2530 4955 super
2578 4889 2663 4945 his
2697 4905 2822 4960 quae
2858 4892 2926 4948 de
2971 4893 3125 4949 vobis
3189 4911 3543 4960 accusatores

1943 4989 2398 5048 commemorant,
2454 4981 2525 5036 iis
2572 4983 2663 5051 qui
2709 4983 2986 5040 consolari
3031 4989 3398 5061 conabantur,
3459 4993 3545 5050 sic

1942 5069 2020 5123 ait
2055 5087 2068 5124 :
2113 5087 2133 5122 ι
2171 5070 2352 5127 Sinite
2378 5073 2770 5130 miserabiliter
2813 5076 3118 5147 deplorem,
3147 5095 3325 5152 neque
3370 5086 3541 5144 solari

1941 5175 2030 5215 nte
2059 5159 2327 5218 desistite.
2361 5181 2380 5215 ι
2425 5164 2630 5221 Deinde
2656 5167 2746 5222 ubi
2769 5181 2831 5222 se
2854 5168 3102 5226 nonnihil
3125 5189 3154 5225 a
3179 5171 3538 5246 lacrymantlo

1941 5253 2183 5326 collegit,
2221 5258 2410 5314 nescio
2433 5261 2564 5329 quid
2590 5261 2839 5331 cogitans
2885 5262 3088 5334 (neque
3131 5250 3279 5321 enim
3335 5270 3543 5329 incerta

1940 5350 2160 5419 aggredi
2196 5360 2369 5406 tntnnt
2411 5354 2540 5424 est),
2568 5355 2736 5411 veluti
2774 5354 3011 5412 Numine
3042 5355 3278 5427 amatus,
3307 5362 3542 5420 οωιυω.

1939 5457 2046 5514 que
2072 5445 2368 5515 aspiciens,
2396 5450 2548 5518 quasi
2585 5449 2828 5505 omnium
2865 5448 3082 5510 videret
3117 5451 3432 5526 Dominum,
3462 5456 3544 5514 sic

1346 5597 1576 5655 VARle
1613 5598 2000 5660 LECTIONES
2035 5602 2123 5660 ET
2163 5603 2401 5664 NOTE.

317 5739 432 5825 ($3)
465 5748 614 5809 inter
651 5751 810 5827 ρἐης
849 5763 902 5816 et
944 5757 1172 5826 κλάδους
1213 5771 1359 5819 recte
1393 5761 1554 5825 codd.
1590 5763 1712 5824 Vat.
1743 5764 1848 5826 650
1878 5801 1879 5810 ι

1955 5766 2065 5824 Alt.
2097 5766 2347 5828 inserunt
2384 5769 2618 5846 ιοΰσης.
2661 5773 2876 5833 l‘ossttt.
