4010 6462
488 346 622 412 1603

1671 347 1732 406 S.
1775 343 2067 408 ISIDORI
2109 336 2549 403 PELUSIOTE
2654 364 2668 380 -

3609 328 3748 393 160‘

482 465 806 522 exclamavit
860 484 932 519 τι
967 464 1110 530 Tibi,
1163 463 1297 528 Rex,
1340 461 1534 535 gloria,
1588 461 1755 532 gloria
1812 461 1908 514 tibi
1961 459 2054 513 sit.

2173 475 2268 519 σοι,
2301 454 2546 527 βασιλεῦ,
2584 450 2710 519 δόξα
2749 468 2849 505 σοι.
2883 449 3064 518 Πόσης
3101 443 3482 517 μακροθυμίας
3517 445 3746 514 πέλαγος

481 557 709 626 Quantae
739 557 1011 628 patientiae
1057 557 1150 611 tibi
1178 554 1441 626 pelagus?
1488 564 1750 624 quantum
1804 561 2054 605 avertens

483 650 684 708 malum
716 648 1094 718 depellensque
1149 649 1435 704 thesaurus
1486 646 1586 703 es?
1629 645 1766 713 Quot
1819 655 1909 700 tuo
1961 661 2055 698 no-

484 743 630 795 mine
666 754 730 795 ex
776 740 1027 794 obscuris
1049 749 1213 809 atque
1260 739 1504 808 ingloriis
1543 739 1675 793 clari
1717 738 2059 804 illustresque

483 829 632 891 facti,
675 829 880 884 honore
911 836 1099 883 contra
1153 840 1227 893 te,
1266 831 1355 898 qui
1400 828 1676 883 honurasti
1735 828 1898 896 ipsos,
1933 835 2062 879 sunt

487 920 664 984 abusi,
696 919 1001 989 audentque
1028 934 1132 972 non
1177 920 1445 980 audenda,
1495 931 1758 986 sacraque
1804 913 2064 969 conviciis

481 1008 866 1078 proscindunt,
896 1018 1181 1078 peccantes
1208 1009 1359 1062 venia
1383 1009 1543 1061 etiam
1571 1008 1809 1076 indigna.
1841 1023 1859 1056 ›
1889 1005 2065 1072 Quare

482 1103 584 1157 nisi
615 1103 701 1156 hic
730 1117 828 1170 pro
858 1102 980 1156 aliis
1024 1116 1210 1164 orans,
1255 1110 1310 1153 et
1345 1115 1443 1168 pro
1494 1099 1693 1154 vestris
1729 1099 1893 1152 etiam
1928 1095 2062 1150 deli-

485 1194 592 1248 ctis
652 1193 742 1248 Dei
799 1195 1118 1261 patientiam
1188 1191 1763 1260 longanimitatemque
1813 1188 2065 1260 precibus

483 1283 743 1353 fatigat-it,
763 1284 907 1353 quis,
943 1299 1143 1352 quwso,
1171 1285 1393 1352 supplex
1429 1298 1523 1352 pro
1549 1283 1700 1337 vobis
1733 1279 1928 1336 fuerit?
1953 1279 2072 1348 quis

481 1374 899 1443 deprecabitur‘l
929 1375 1114 1444 ecquis
1142 1373 1396 1428 assistetl
1424 1372 1731 1442 Cogitantes
1752 1371 1934 1438 itaque
1963 1366 2091 1437 quo‘

482 1467 745 1522 malorum
775 1467 1121 1527 deveni-ritis.
1153 1483 1180 1519 a
1206 1463 1423 1534 flagitiis
1454 1463 1742 1516 abstinete.

571 1579 733 1649 700
760 1576 1106 1632 CDLXXVII.
1137 1606 1203 1616 —
1226 1574 1534 1631 OLYMPIO
1571 1573 1658 1629 ET
1702 1570 1999 1629 lSlDORO.

2162 551 2312 621 παρά
2353 549 2465 603 eoi!
2505 548 2676 616 πόσης
2720 541 3073 611 ἀνεξικακίας
3117 537 3425 610 θησαυρόςί
3466 536 3530 588 Οί
3573 537 3659 590 διὰ
3688 537 3748 590 τὸ

2162 639 2334 709 ὄνομα
2362 639 2421 692 τὺ
2453 638 2545 690 σὺν
2587 636 2647 701 ἐξ
2679 632 2902 705 ἀφανῶν
2955 629 3051 685 καὶ
3081 629 3291 700 ἀτίμων
3342 626 3588 698 λαμπροὶ
3644 626 3741 681 καὶ

2164 730 2518 800 περίόλεπτοι
2553 725 2858 796 γεγονότες,
2891 726 2958 794 τῇ
2989 725 3121 793 τιμῇ
3168 720 3310 775 κατὰ
3355 717 3450 772 σοῦ
3480 716 3574 771 τοῦ
3606 733 3750 770 τετι-

2170 820 2409 892 μηκότος
2458 819 2776 890 κέχρηνται,
2837 816 2934 870 καὶ
2977 813 3249 883 τολμῶσιν
3302 810 3606 880 ἀτόλμητα,
3654 809 3749 862 καὶ

2173 912 2554 983 ἐνυϐρίζουσιν
2584 913 2662 973 είς
2688 908 2760 962 τὰ
2783 909 2936 977 ἆγια,
2972 902 3305 974 συγγνώμης
3341 901 3749 972 ἁμαρτάνοντες

2173 1005 2414 1075 μείζονα.
2454 1023 2472 1055 ›
2514 1003 2577 1055 Εί
2610 1002 2787 1055 τοίνυν
2838 999 2933 1054 καὶ
2964 998 2992 1050 ό
3037 997 3177 1067 ὑπὲρ
3233 996 3342 1048 τῶν
3385 993 3562 1047 ἄλλων
3616 1008 3751 1063 πρε-

2172 1096 2400 1161 σϐεύων,
2419 1095 2506 1148 διὰ
2522 1093 2588 1147 τά
2605 1092 2845 1164 ὑμέτερα
2862 1089 3178 1158 πταίσματα
3191 1085 3288 1158 τὴν
3305 1084 3455 1139 θείαν
3472 1083 3748 1154 ἐξεπλάγη

2173 1186 2580 1258 μακροθυμίαν,
2623 1186 2706 1246 τίς
2752 1182 2891 1254 ὑπὲρ
2938 1179 3092 1252 ὑμῶν
3129 1177 3436 1241 ίκετεύσεις
3473 1177 3560 1239 τίς
3618 1192 3753 1246 πρε-

2173 1278 2424 1342 σ6εύσει;
2456 1277 2538 1340 τίς
2570 1275 3012 1345 παραστήσεται;
3054 1269 3389 1331 Ἐννοοῢντες
3418 1262 3533 1332 οὖν,
3563 1261 3616 1320 οἷ
3643 1266 3752 1318 τῶν

2167 1367 2356 1423 κακῶν
2384 1370 2528 1435 ἐστε,
2565 1363 2848 1420 παύσασθε
2877 1361 3242 1431 ἀσύγγνωστα
3267 1358 3568 1421 πταίοντες.

2483 1569 2654 1624 ΥοΖν.
2692 1598 2760 1610 -
2793 1562 3126 1636 ΟΛΥΜΗΙῼ,
3157 1561 3436 1634 1Σ1ΔΩΡῼ.

483 1667 615 1737 Quis
639 1685 752 1725 vere
774 1671 1000 1737 sapiens.
1040 1667 1202 1738 (Vide
1227 1669 1381 1736 epist.
1426 1665 1578 1737 497.)
1614 1663 2066 1791 Virtusﬁgtirinovd:

2173 1663 2557 1786 anungenda.
2595 1660 2702 1716 Illa
2743 1661 2950 1728 fructus
2982 1666 3057 1712 est
3108 1657 3298 1721 instar,
3335 1654 3445 1708 haec
3473 1650 3748 1722 foliorum.

2244 1745 2429 1786 icium.

1840 1745 1992 1787 υλλον
2031 1745 2169 1788 unde
2206 1745 2310 1786 αισι
2321 1751 2347 1785 ιι
2357 1749 2429 1786 m.

554 1826 860 1897 Sapientem
898 1823 1146 1894 equidem
1198 1824 1436 1886 nomino,
1492 1836 1598 1877 non
1643 1823 1735 1892 qui
1780 1832 2062 1893 promptus

2239 1822 2411 1891 Σοφὸν
2445 1819 2624 1890 ἔγωγε
2675 1817 2918 1889 ἠγοῦμαι
2972 1817 3033 1870 οὐ
3061 1814 3152 1868 τὸν
3193 1813 3293 1877 τὰς
3343 1812 3455 1868 τῶν
3510 1812 3753 1883 ποιητῶν

486 1915 540 1971 in
572 1917 752 1984 lingua
794 1915 986 1968 habeat
1037 1925 1317 1983 poetarum
1375 1912 1724 1981 rbapsodias,
1775 1914 2070 1967 disertasve

485 2017 761 2061 oratorum
807 2005 1105 2068 orationes,
1152 2011 1244 2056 aut
1289 2002 1732 2072 philosophorum
1788 2003 1974 2065 tricas,
2011 2010 2068 2054 ut

483 2099 784 2164 existimas,
816 2094 908 2150 sed
936 2093 1027 2165 qui
1055 2109 1234 2149 mores
1268 2092 1501 2157 excolat,
1539 2094 1812 2164 vitamque
1846 2108 2069 2162 compo-

485 2188 592 2242 site
615 2186 794 2255 degat.
822 2183 977 2239 lluuc
1006 2200 1112 2238 non
1150 2182 1333 2238 extolli
1364 2183 1511 2237 hisce
1542 2191 1706 2253 puto:
1740 2183 1895 2237 talem
1921 2185 2067 2238 enim

483 2293 583 2334 nec
634 2276 843 2332 abillis
900 2276 1176 2331 deturbari
1235 2274 1672 2345 praecipitemque
1727 2273 1843 2327 dari
1899 2286 2058 2344 posse

484 2370 763 2425 existimo.
819 2367 1144 2437 [inprobitas
1197 2365 1341 2419 enim
1410 2364 1624 2419 dicendi
1659 2363 1760 2419 sibi
1804 2375 2066 2433 arrogans

486 2461 739 2531 peritiam
766 2461 924 2532 longe
952 2458 1202 2530 graviora
1237 2471 1398 2528 quam
1427 2455 1663 2523 inscitia,
1699 2453 1838 2509 mala
1866 2462 2066 2523 patrat.

483 2552 698 2620 Miraris
751 2561 804 2606 tu
855 2552 1069 2620 quidem
1121 2549 1174 2603 id
1220 2563 1249 2602 a
1303 2561 1390 2602 me
1428 2545 1810 2616 pronuntiari;
1872 2553 2062 2600 testem

483 2641 622 2695 dabo
662 2639 1057 2710 Thucydidem,
1087 2637 1241 2706 cujus
1273 2638 1388 2693 haec
1415 2636 1580 2690 verba
1620 2641 1787 2690 sunt:
1830 2651 1850 2685 ι
1891 2635 2064 2703 Impe-

481 2734 608 2788 ritia
647 2731 928 2787 modestiae
956 2731 1244 2802 conjuncta
1281 2728 1468 2784 utilior
1513 2735 1598 2782 est
1641 2723 1905 2781 industria
1943 2739 2066 2779 cum

488 2824 744 2879 libertate
789 2823 1100 2893 conjuncta.
1139 2821 1217 2876 Ac
1251 2820 1571 2890 plerumque
1613 2817 1707 2887 qui
1763 2816 2070 2871 bumilioris

488 2926 618 2973 sunt
644 2914 874 2985 ingenii,
914 2913 1104 2969 melius
1140 2928 1302 2983 quam
1345 2910 1656 2967 solertiores
1686 2908 2069 2979 rempublicam

488 3007 896 3062 administrant.
943 3024 964 3057 ο
1017 3005 1205 3074 Itaque
1234 3004 1281 3057 sl
1317 3018 1418 3058 nec
1451 3001 1655 3070 ingenii
1686 2999 2066 3055 dexteritatem

485 3097 576 3154 ille
613 3096 818 3166 recepit
857 3095 1078 3165 (damno
1129 3091 1272 3148 malo
1319 3091 1465 3146 enim
1498 3097 1583 3145 est
1617 3101 1722 3144 non
1766 3096 1912 3143 recte
1939 3086 2066 3142 illud

2176 1914 2476 1986 ῥαψῳδίας,
2516 1912 2609 1966 καὶ
2638 1910 2738 1974 τὰς
2765 1909 2874 1963 τῶν
2900 1909 3148 1980 ρητόρων
3174 1906 3510 1976 δεινότητας,
3535 1905 3629 1957 καὶ
3655 1903 3755 1966 τάς

2170 2009 2280 2060 τῶν
2325 2005 2508 2075 σοφῶν
2546 2001 2865 2075 τερθρείας,
2915 2000 2991 2064 ὡς
3042 2000 3304 2070 νομίζεις.
3362 1997 3454 2050 ἐπὶ
3507 1996 3755 2066 γλώττης

2170 2098 2380 2168 ἔχοντα,
2418 2094 2554 2149 ἀλλά
2584 2094 2674 2148 τὸν
2701 2094 2761 2146 τὸ
2789 2089 2920 2163 ἦθος
2947 2090 3348 2160 ἐξασκήσαντα,
3383 2087 3480 2140 καὶ
3509 2087 3601 2141 τὸν
3633 2087 3760 2156 τρό-
3822 2099 3828 2103 ’

2170 2205 2270 2241 πον
2301 2187 2664 2258 ρυθμίσαντα.
2692 2185 2798 2239 Τὸν
2825 2183 2936 2254 γάρ
2963 2180 3202 2235 τοιοῦτον
3249 2180 3355 2232 οὐδ’
3389 2179 3482 2233 ὑπ’
3529 2177 3758 2231 ἐκείιων

2176 2278 2677 2352 ἐκτραχηλίζεσθαι
2705 2270 2882 2347 οἶμαι.
2913 2272 3156 2344 Πονηρία
3189 2272 3299 2342 γὰρ
3327 2270 3422 2342 τὴν
3449 2269 3544 2324 τοῦ
3572 2269 3758 2338 λέγειν

2170 2368 2465 2439 ἐμπειρίαν
2517 2364 2930 2438 προσλαϐοῦσα,
2977 2360 3157 2432 πολὶῷ
3203 2359 3595 2431 ἀργαλεώτερα
3655 2359 3759 2429 τῆς

2173 2457 2414 2528 ἀμαθίας
2440 2455 2736 2526 ἐργάζεται
2762 2452 2932 2508 κακά.
2966 2449 3028 2503 Ei
3065 2449 3121 2503 δὲ
3165 2447 3467 2519 θαυμάζεις
3496 2446 3558 2500 τδ
3598 2446 3757 2518 εἰρη-

2183 2549 2362 2619 μένον,
2415 2549 2750 2618 ἐγγυήσεται
2793 2543 3123 2613 Θουκυδίδης
3177 2541 3393 2610 λέγων·
3434 2558 3453 2592 ι
3514 2536 3758 2609 ’Δμαθία

2173 2639 2312 2710 μετά
2347 2638 2702 2710 σωφροσύνης
2743 2635 3188 2706 ὡφελιμώτερον,
3238 2633 3270 2704 ἢ
3315 2632 3558 2702 δεξιότης
3609 2631 3755 2701 μετὰ

2169 2730 2485 2794 ἀκολασίας.
2525 2749 2544 2783 ι
2565 2731 2630 2784 El
2651 2729 2832 2783 τοίνυν
2860 2726 2982 2780 οὐδὲ
3011 2725 3111 2797 τὴν
3145 2724 3376 2795 εὐφυΐαν
3419 2725 3623 2787 ἐκεῖνος
3645 2723 3758 2777 άπ-

2177 2822 2396 2888 εδέξατο
2427 2823 2587 2894 (πρὸς
2619 2819 2791 2876 κακοῦ
2820 2819 2930 2892 γάρ
2957 2817 3164 2889 γίνεται
3196 2818 3309 2881 τοῖς
3345 2815 3421 2886 μὴ
3452 2814 3636 2879 καλῶς
3663 2814 3760 2867 αὖ.

2173 2913 2269 2984 τὴν
2295 2912 2645 2984 γεωργοῦσι),
2701 2911 2864 2982 σχολῇ
2905 2927 2968 2979 γε
3003 2909 3133 2979 περὶ
3161 2907 3258 2978 τῆς
3286 2905 3486 2972 ἔξωθεν
3527 2904 3757 2961 παιδεύ-

2174 3023 2310 3070 σεως
2355 3002 2782 3074 ἀποφανούμεθα
2812 3002 2888 3065 ὡς
2927 3001 3085 3066 ἀξίας
3113 2999 3296 3068 λόγου,
3333 2998 3460 3052 ὅταν
3499 2997 3755 3070 δτρόπος

2171 3095 2469 3160 ἀκόλαστος
2493 3095 2599 3167 εἴη.
2634 3095 2696 3149 Et
2723 3094 2822 3166 μὲν
2849 3088 2942 3147 οὖν
2971 3091 3140 3161 ἄμφω
3165 3089 3463 3157 συνέϐαινε,
3490 3090 3758 3160 φρόνησίς

484 3188 833 3259 colentibus),
862 3187 1032 3241 multo
1056 3186 1236 3240 minus
1281 3183 1349 3239 ab
1394 3190 1622 3238 externa
1655 3180 1941 3252 disciplina
1969 3194 2065 3236 ceu

2173 3187 2345 3242 τεκαὶ
2384 3188 2704 3252 παίδευσις,
2751 3186 3022 3251 τουτέστι,
3080 3186 3280 3259 τρόπος
3312 3184 3408 3239 καὶ
3460 3185 3638 3254 λόγος,
3689 3181 3751 3239 εὖ

486 3282 650 3353 digna
683 3293 936 3335 sermone
973 3279 1342 3343 censebimur,
1383 3276 1472 3332 ubi
1505 3287 1684 3329 mores
1720 3273 1922 3329 fuerint
1951 3273 2066 3330 dis-

486 3376 672 3430 soluti.
717 3378 897 3440 Quare
937 3373 982 3428 si
1042 3380 1275 3441 utraque
1330 3369 1680 3433 obvenerint,
1708 3366 1990 3439 prudentia
2016 3375 2072 3421 et

487 3477 635 3520 recta
669 3463 960 3528 institutio,
987 3463 1093 3518 hoc
1116 3471 1220 3526 est,
1248 3476 1426 3516 mores
1468 3459 1793 3526 dicendique
1817 3456 2068 3523 facultas,

487 3560 626 3613 bene
647 3572 733 3612 res
760 3558 962 3619 habet;
993 3557 1036 3610 si
1060 3568 1187 3608 vero
1211 3553 1438 3607 alterum
1465 3551 1622 3616 desit,
1653 3547 1845 3603 melius
1864 3547 2067 3617 eligen-

489 3653 615 3704 dum
648 3658 754 3704 est.
797 3649 1050 3703 Testatur
1085 3647 1137 3701 id
1173 3645 1336 3701 etiam
1391 3643 1563 3706 Plato,
1594 3656 1702 3711 quo
1734 3641 1850 3696 solo
1894 3641 1947 3695 in
1974 3654 2070 3696 ore

488 3741 708 3795 assidue
742 3739 1008 3808 gestando
1079 3735 1352 3808 gloriaris.
1413 3734 1502 3788 Ait
1546 3733 1743 3788 enim:
1792 3750 1811 3786 ι
1847 3733 2069 3786 Animas

493 3832 699 3899 optime
734 3845 762 3883 a
794 3829 1081 3898 iuventute
1109 3828 1408 3892 institutas,
1443 3826 1486 3879 si
1519 3824 1718 3879 malum
1751 3825 2070 3879 nanciscen-

505 3930 592 3974 tur
615 3929 1030 3989 praeceptorem,
1056 3918 1213 3975 valde
1237 3918 1410 3973 malas
1449 3917 1621 3982 reddi,
1669 3934 1687 3967 ι
1716 3929 2072 3984 magnamque

493 4011 821 4081 injustitiam
869 4024 1185 4080 meramque
1223 4009 1624 4079 improbitatem
1655 4022 1720 4063 ex
1750 4007 1881 4060 falsa
1920 4007 2069 4061 inve-

493 4113 779 4171 terataque
820 4113 1013 4157 natura
1067 4110 1324 4170 corrupta
1362 4099 1685 4154 educatione
1723 4097 1874 4165 fieri,
1917 4105 2069 4152 natu-

491 4208 606 4247 ram
635 4207 766 4247 vero
805 4191 1129 4248 imbecillem
1169 4205 1488 4261 magnorum
1512 4203 1630 4257 quae
1658 4203 1757 4243 nec
1786 4189 1924 4243 bona
1954 4188 2060 4243 sint

492 4298 592 4339 nec
615 4284 779 4349 mala,
814 4298 1032 4337 causam
1083 4283 1352 4337 interdum
1395 4282 1677 4335 exsistere.
1710 4279 2067 4347 Quamobrem

491 4375 534 4428 si
575 4373 867 4429 historicus
903 4388 1170 4438 summus,
1225 4372 1586 4442 princepsque
1625 4371 2067 4440 philosophorum

2170 3281 2235 3335 ἂν
2266 3280 2399 3351 ἔχοι.
2437 3281 2498 3334 Et
2527 3281 2584 3334 δὲ
2607 3280 2836 3351 θάτερον
2868 3279 3147 3350 λείπηται,
3183 3279 3408 3350 ἄμεινον
3443 3277 3661 3332 ἑλέσθαι
3689 3277 3754 3331 τὸ

2172 3375 2441 3442 κρεῖττον.
2476 3371 2599 3424 Ὅτι
2625 3371 2680 3423 δὲ
2712 3369 2865 3424 ταῦθ’
2902 3369 3076 3432 οὕτως
3110 3368 3244 3440 ἔχει,
3284 3369 3620 3441 ἐγγυήσεσιαι
3655 3369 3753 3423 καὶ

2173 3465 2422 3528 Πλάτων,
2477 3463 2534 3516 ὃν
2577 3463 2744 3527 αὐτὸς
2783 3463 2878 3516 καὶ
2928 3463 3088 3532 μόνον
3138 3461 3422 3533 ὀνομάζων
3454 3461 3748 3535 ἐναϐρύνῃ.

2171 3557 2310 3627 Φησὶ
2340 3556 2447 3626 γάρ
2469 3572 2482 3587 ·
2532 3575 2550 3608 ι
2589 3556 2737 3626 Φημὶ
2768 3555 2868 3617 τὰς
2904 3554 3081 3626 ψυχὰς
3111 3553 3210 3620 τάς
3243 3555 3614 3624 εὐφυεστάτας
3651 3572 3752 3608 κα-

2170 3648 2271 3718 κῆς
2303 3647 2677 3716 παιδαγωγίας
2719 3645 3009 3718 τυχούσας,
3056 3647 3421 3718 διαφερόντως
3453 3645 3632 3709 κακὰς
3663 3646 3751 3714 γί-

2169 3738 2378 3791 νεσθαιυ
2427 3757 2444 3790 ι
2481 3739 2576 3792 καὶ
2627 3738 2740 3807 (λί9)
2787 3737 2856 3791 τὰ
2891 3737 3100 3808 μεγάλα
3151 3739 3489 3809 ἀδικήματα,
3519 3730 3616 3790 καὶ
3649 3739 3752 3809 τὴν

2171 3827 2408 3898 ἄκρατον
2452 3828 2714 3898 πονηρίαν
2749 3829 2814 3881 ἐκ
2856 3827 3086 3899 φαύλης,
3118 3827 3233 3882 ἀλλ’
3270 3829 3370 3881 ούκ
3400 3830 3463 3881 ἐκ
3494 3829 3750 3898 νεανικῆς

2172 3919 2405 3988 φύσεως,
2448 3922 2621 3992 τροφῇ
2674 3919 3023 3990 διολλυμένης
3068 3919 3353 3988 γίγνεσθαι
3384 3937 3398 3952 ο
3445 3920 3644 3991 ἀσθενῆ
3691 3921 3750 3974 δὲ

2172 4007 2332 4078 φύσιν
2356 4008 2609 4080 μεγάλων
2635 4007 2759 4062 οὔτε
2788 4009 2997 4074 κακῶν,
3021 4008 3144 4063 οὔτε
3165 4009 3384 4079 ἀγαθῶν
3408 4012 3589 4066 αἰτίαν
3618 4012 3750 4065 ποτὲ

2171 4097 2408 4153 ἔσεσθαι.
2448 4099 2511 4152 Ei
2538 4098 2721 4153 τοίνυν
2753 4099 2848 4154 καὶ
2880 4103 2907 4154 ὁ
2949 4099 3058 4154 τῶν
3090 4103 3523 4174 ἱστοριογράφων
3557 4103 3746 4175 ἀκρος,

2171 4191 2265 4244 καὶ¹
2289 4191 2317 4244 ὁ
2348 4191 2456 4245 τῶν
2497 4192 2804 4261 φιλοσόφων
2850 4197 3146 4264 κορυφαῖος
3184 4196 3243 4248 τὸ
3276 4191 3406 4268 ἦθος
3435 4196 3528 4250 τοῦ
3563 4195 3745 4264 λόγου,

2171 4284 2266 4336 καὶ
2295 4283 2384 4337 τὸν
2422 4284 2623 4354 τρόπον
2646 4285 2744 4355 τῆς
2781 4285 3123 4355 πολυμαθίας
3154 4286 3537 4357 προκρίνοντες
3570 4286 3752 4358 ὤφθη-

2175 4391 2295 4438 σαν,
2326 4375 2380 4426 τί
2409 4374 2607 4428 ἀτοπόν
2639 4393 2799 4447 φημι,
2833 4378 2925 4430 τὸν
2957 4377 3170 4448 καρπὸν
3199 4376 3371 4446 λέγων
3395 4379 3751 4447 ἀναγκαιότε-

493 4480 672 4521 mores
709 4467 939 4520 orationi
995 4474 1049 4519 et
1087 4466 1211 4518 vita:
1269 4464 1717 4518 consuetudinem
1768 4463 2066 4530 omnigenze

2179 4481 2271 4535 ρον
2294 4464 2403 4517 τῶν
2434 4465 2647 4534 φύλλων
2674 4470 2958 4539 ήγεῖσθαι;
2987 4470 3214 4541 Καρπὸν
3242 4472 3339 4542 μὲν
3364 4471 3472 4542 γὰρ
3492 4472 3748 4544 ὁρίζομαι

491 4557 752 4612 doctrinze
773 4565 1110 4624 anteponere
1136 4554 1234 4609 visi
1270 4554 1399 4618 sint,
1427 4552 1577 4623 quid,
1602 4566 1805 4621 quaeso,
1839 4551 2062 4607 absurdi

2174 4552 2320 4610 εἶναι
2347 4557 2446 4630 τὴν
2474 4559 2700 4632 ἀρετὴν,
2740 4561 2916 4632 φύλλα
2947 4563 3044 4635 τὴν
3077 4563 3431 4632 εύγλωττίαν.
3466 4565 3619 4618 Ποιεῖ
3650 4566 3749 4636 μὲν

493 4655 575 4703 est
600 4647 819 4702 asseria
866 4660 955 4700 me
1001 4645 1232 4699 fructum
1262 4643 1402 4698 foliis
1444 4642 1618 4712 magis
1660 4655 1779 4696 esse
1822 4655 2066 4697 necessa-

493 4738 671 4793 rium?
701 4737 958 4794 Fructum
990 4746 1166 4790 autem
1194 4736 1446 4790 virtutem
1473 4747 1592 4789 esse
1635 4733 1865 4790 dicimus
1890 4750 1904 4799 ;
1939 4732 2064 4788 folia

495 4844 624 4884 vero
665 4827 994 4897 frondesque
1029 4827 1165 4881 bene
1192 4821 1406 4880 dicendi
1431 4839 1552 4879 esse
1589 4823 1924 4878 facultatem.
1959 4821 2064 4877 Fo-

495 4918 563 4972 lia
599 4920 812 4988 quidem
844 4927 1096 4971 ornatum
1132 4916 1310 4970 arbori
1337 4913 1566 4969 aﬂ‘erunt
1600 4915 1823 4985 agitata,
1862 4924 1916 4966 at
1940 4929 2068 4972 vero

2173 4645 2267 4704 οὖν
2302 4669 2422 4704 τινα
2450 4652 2653 4725 κόσμον
2685 4655 2761 4726 τῷ
2793 4656 2996 4728 δένδρῳ
3031 4658 3142 4730 (50)
3177 4658 3245 4712 τά
3269 4658 3442 4726 φύλλα
3473 4659 3746 4731 περισειό-

2177 4759 2337 4812 μενα,
2364 4743 2479 4797 ἀλλ’
2505 4746 2532 4798 ὁ
2561 4747 2772 4818 καρπός
2795 4750 2940 4801 ἐστιν
2961 4751 2989 4802 ὁ
3010 4749 3360 4820 ζητούμενος,
3388 4751 3456 4804 δι’
3482 4750 3540 4804 ὃν
3564 4751 3658 4805 καὶ
3682 4753 3748 4806 τὰ

2179 4833 2354 4902 φύλλα
2385 4837 2696 4907 γεγένηται.
2731 4839 2842 4893 Καὶ
2871 4840 3000 4906 ίσως
3039 4840 3183 4895 οὕτω
3213 4841 3473 4912 κέκληται
3504 4842 3655 4914 παρά
3688 4841 3751 4897 τὸ

2178 4924 2469 4992 φυλάττειν
2499 4928 2684 4983 αὐτόν.
2797 4941 2808 4946 ”

495 5011 586 5080 qui
615 5010 895 5078 quaeritur,
919 5007 1125 5062 fructus
1147 5007 1380 5071 exsistit,
1422 5005 1576 5074 cujus
1638 5005 1809 5073 gratia
1873 5005 1964 5060 illa
2020 5009 2405 5071 adnascantur.
2443 5018 2508 5072 Et
2563 5020 2692 5078 hinc
2750 5023 2886 5078 forte
2923 5021 2976 5095 [a
3014 5023 3216 5082 Graecis
3271 5025 3467 5096 φύλλον
3501 5025 3605 5081 ἀπδ
3633 5026 3730 5080 τοῦ

498 5101 784 5171 φυλάττειν
812 5117 839 5153 a
874 5097 1255 5170 custodiendo]
1298 5111 1491 5152 nomen
1527 5097 1806 5150 sortiatur.

923 5189 1153 5244 CDLXX
1169 5188 1294 5243 V’lll.
1327 5217 1397 5230 —-
1427 5185 1658 5242 EIDEM.

2648 5195 2822 5249 Υοιιι.
2862 5228 2932 5237 -
2961 5198 3046 5270 Τῼ
3079 5200 3278 5272 arm.

993 5279 1064 5334 De
1085 5276 1280 5332 Zosimi
1307 5287 1352 5330 et
1389 5276 1651 5330 sodalium
1688 5276 1851 5331 vitiis.
1879 5276 2036 5347 (Infr.
2085 5279 2235 5348 epist.
2274 5279 2421 5351 482.)
2467 5281 2673 5339 Veritas
2700 5290 2883 5356 quanti
2914 5293 3248 5348 a'stimamla.

583 5365 834 5425 Valdestu
888 5369 1100 5438 quidem
1148 5367 1458 5433 admiraris,
1516 5381 1636 5435 qua:
1685 5381 1855 5435 nuper
1898 5367 1960 5420 ad
2009 5376 2061 5422 te

2240 5370 2410 5435 Αὐτὸς
2443 5373 2540 5442 μὲν
2582 5374 2702 5431 λίαν
2733 5377 3112 5453 ἐξεθαύμασας
3159 5384 3229 5439 τὰ
3281 5385 3472 5460 πρώην
3521 5393 3746 5452 ἐπιστα·

1603 5498 1831 5555 VARUE
1868 5500 2248 5562 LECTlONES
2282 5507 2370 5563 ET
2407 5508 2642 5570 NOTxE.

573 5663 682 5733 (49)
713 5663 817 5718 Καὶ
847 5662 1003 5717 iidem
1029 5670 1234 5716 mutant
1257 5662 1308 5733 in
1335 5662 1393 5733 κῆ.
1431 5659 1637 5716 Possm.

572 5728 858 5806 (Suylnter
892 5733 1092 5804 δένδρῳ
1141 5743 1194 5790 et
1220 5732 1287 5787 τὰ
1334 5728 1573 5788 inserunt
1617 5731 1710 5786 καὶ
1762 5730 1920 5789 iidem
1962 5732 2194 5790 codices.
2240 5728 2317 5785 la-
