4010 6452
744 52 1271 60 ___—_____—

249 363 383 438 τως

1140 345 1684 414 EPISTOLARUM
1723 291 1873 402 ΠΒ.
1916 338 1981 400 ν.
2009 360 2076 371 -
2106 333 2351 396 EPIS’I‘.
2389 333 2716 395 CDLXXX.

3390 328 3532 392 1606

248 437 400 530 una
423 487 436 501 '
470 467 817 531 κινδυνεύεις
849 465 904 519 δὲ
939 462 1080 517 αὐτὰ
1115 461 1448 532 ἀνατρέπειν
1492 453 1574 524 τῷ
1626 466 1836 521 γεγρα-
1865 502 1866 508 η

1956 443 2265 511 :ouscripsi,
2299 445 2520 510 propius
2563 451 2622 493 ut
2655 437 2791 493 nihil
2823 438 2896 494 sit
2940 451 3104 508 quam
3153 445 3213 490 ut
3263 451 3532 505 reponas,

245 567 415 638 φέναι,
445 564 515 617 δι’
566 564 639 634 ἧν
681 560 864 614 αἰτίαν
909 555 1181 624 Ζώσιμος,
1213 551 1311 605 καὶ
1362 544 1684 607 Εύστάθιος,

244 631 440 727 Μάρων
499 631 643 725 μήτε
688 652 854 720 λόγῳ,
895 648 1032 718 μήτε
1086 644 1186 715 βίῳ
1230 639 1665 710 διαπρέποντες,
1713 631 1835 727 ἀλλ”

244 722 604 802 ἀπαιδευσίαν
661 739 904 810 ἐσχάτην
939 737 1000 789 ἐν
1054 733 1302 804 ἐκατέρῳ
1354 728 1678 791 νοσοῦντες,
1739 722 1835 778 καὶ

243 837 499 907 κωμῳδία
534 835 633 889 καὶ
659 831 836 899 γέλως
872 830 1009 882 πᾶσι
1040 825 1419 896 προκείμενοι,
1456 819 1706 874 δοκοῦσιν
1756 817 1837 879 εἰς

247 925 545 999 ἱερωσύνην
575 921 773 975 τελεῖν.
823 916 963 986 Ἐγὼ
984 916 1041 970 δὲ
1067 915 1247 984 ἁπλῆν
1281 911 1376 965 καὶ
1400 909 1541 978 σαφῆ
1569 907 1835 999 τὴνάπο-

247 996 429 1085 λογίαν
462 1014 797 1084 ποιήσομαι.
832 1011 895 1063 Ei
924 1008 1023 1079 μὲν
1049 1007 1159 1077 γὰρ
1192 1004 1330 1075 ὑπὲρ
1356 1000 1537 1057 αὐτῶν
1561 998 1652 1052 τὸν
1678 996 1834 1066 λόγον

249 1108 622 1178 ἐποιησάμην,
649 1105 751 1174 τὴν
768 1102 970 1173 ἀρετὴν
998 1103 1098 1171 τῆς
1130 1096 1468 1178 παιδεύσεως
1501 1091 1833 1164 προκρίνων,

244 1202 463 1263 εἰκότως
492 1198 561 1252 ἄν
603 1213 672 1268 με
707 1196 788 1258 εἰς
818 1197 1066 1264 ἀνάγκην
1116 1178 1435 1256 ἀπολογίας
1457 1184 1800 1252 κατέστησας
1819 1195 1836 1212 ⁶

243 1295 290 1347 εί
315 1291 373 1345 δὲ
433 1288 753 1362 προσώπων
803 1287 903 1356 μὲν
934 1284 1090 1352 λόγος
1138 1277 1206 1354 ἦν
1264 1279 1481 1345 οὐδεὶς,
1529 1275 1662 1330 αὐτὸ
1691 1275 1747 1328 δὲ
1777 1274 1839 1327 τὸ

245 1384 477 1454 πρᾶγμα
527 1380 653 1434 καθ’
683 1377 850 1431 ἑαυτὸ
897 1374 1283 1438 ἐϐασανίζετο·
1320 1371 1396 1434 ὡς
1445 1369 1543 1422 καὶ
1580 1367 1746 1421 αὐτόν
1775 1382 1836 1419 σε

247 1472 621 1541 ἐκπλαγέντα,
652 1470 729 1533 ὼς
758 1468 920 1539 ἔφης,
962 1467 1025 1520 τὸ
1057 1464 1256 1528 κάλλος
1306 1463 1400 1517 καὶ
1443 1461 1544 1532 τὴν
1579 1459 1839 1530 ἀλήθειαν

245 1566 346 1618 τῶν
371 1562 811 1634 γεγραμμένων,
841 1558 1061 1631 μείζους
1083 1558 1115 1626 ἢ
1148 1556 1269 1609 κατ’
1304 1554 1406 1624 ἐμὲ
1429 1554 1686 1614 ἐπαίνους
1709 1552 1841 1622 ὑφῆ-

246 1676 348 1711 ναι.
376 1658 446 1710 Τί
477 1657 685 1727 δήποτε
707 1653 805 1706 νῦν
837 1650 1157 1722 ἀνθρώπους
1187 1652 1332 1713 ὅπως
1359 1648 1561 1718 δήποτε
1589 1645 1839 1716 βιοῦντας

246 1754 320 1812 εἰς
349 1748 519 1818 μέσον
541 1745 887 1818 προύθηκας,
921 1741 1227 1811 ἐξελέγχειν
1248 1740 1318 1793 τὰ
1348 1737 1540 1809 πρώην
1557 1735 1840 1807 γραφέντα

246 1840 582 1910 ἐπιχειρῶν;
638 1836 774 1891 osse
824 1834 935 1906 γὰρ
982 1834 1031 1886 εἰ
1081 1833 1291 1904 μυρίων
1342 1832 1541 1883 ἐκεῖνοι
1598 1826 1835 1896 γέμουσι

246 1931 452 1998 κακῶν,
491 1930 590 1984 καὶ⁵
621 1929 832 1990 πάντας
865 1925 1212 1996 ἀπέκρυψαν,
1260 1923 1336 1987 ὠς
1383 1922 1691 1993 γέγραφας,
1722 1922 1843 1982 ταῖς

247 2023 647 2094 παρανομίαις,
677 2022 780 2091 ήδη
809 2023 837 2074 ὁ
859 2017 1016 2086 λόγος
1043 2020 1072 2070 ό
1096 2016 1228 2086 παρ’
1262 2014 1419 2085 ἡμῶν
1450 2015 1479 2066 ό
1505 2015 1571 2085 τῇ
1617 2011 1847 2082 ἀληθείᾳ

246 2118 620 2191 ὡχυρωμένος
647 2113 1120 2184 ἀνατραπήσεται.
1183 2109 1326 2163 Ἀλλ’
1361 2109 1563 2161 ἐκεῖνοι
1597 2105 1695 2176 μὲν
1740 2104 1841 2175 ἤδη

245 2209 477 2264 τοιοῦτοί
507 2209 619 2262 εἰσι
662 2205 803 2279 μετά
829 2202 924 2258 τοῦ
968 2201 1376 2274 κωμῳδεῖσθαι,
1424 2199 1520 2253 καὶ
1564 2199 1721 2268 δίκην
1750 2198 1842 2250 ἁν-

247 2304 509 2356 ύποιστον
527 2299 868 2368 δώσουσινοή
899 2296 956 2349 δὲ
983 2294 1210 2365 ἀλήθεια
1233 2291 1529 2362 διαλάμψει
1555 2289 1838 2359 μειζόνως,

246 2396 304 2448 οὐ
330 2395 463 2464 παρ’
522 2392 723 2459 ὀλίγων
779 2387 1032 2459 πονηρῶν
1081 2383 1440 2456 ἐλεγχομένη,
1492 2380 1629 2436 ἀλλά
1660 2379 1833 2450 ταύτῃ

251 2485 489 2556 μάλιστα
518 2481 882 2554 λαμπροτέρα
907 2478 1189 2551 γινομένη,
1225 2477 1308 2532 ὃτι
1336 2477 1464 2538 τοὺς
1497 2474 1571 2545 μὴ
1597 2472 1838 2546 ἐρῶντας

248 2576 438 2646 αὐτῆς,
466 2574 752 2636 δυσκλεεῖς
778 2571 1178 2641 ἀποφαίνουσα,
1208 2570 1334 2634 τοὺς
1355 2566 1595 2639 ἐραστὰς
1623 2564 1842 2619 εὐκλεε-

251 2665 480 2728 στάτους
513 2661 914 2734 ἀπεργάζεται.

577 2796 749 2852 rosa
780 2825 852 2835 —
897 2793 1200 2865 ΕγτοΝιο
1238 2791 1562 2864 ΔΙΑΚΟΝῼ.

1946 535 2206 606 quidnam
2232 534 2303 589 sit
2326 546 2530 599 causae,
2548 546 2652 586 ‘cur
2673 530 2947 596 Zosimus,
3001 529 3317 584 Eustathius
3341 537 3395 583 et
3421 526 3536 584 Ma-

1942 639 2037 680 ron
2069 638 2243 694 neque
2272 622 2541 688 oratione,
2613 636 2789 691 neque
2821 620 3038 675 vivendi
3096 620 3350 674 instituto
3379 633 3532 674 com-

1939 715 2102 788 positi
2166 715 2296 780 sint,
2334 714 2428 770 sed
2489 721 2734 768 extrema
2789 713 3008 768 inscitia
3040 713 3096 766 in
3131 721 3364 780 utroque
3408 723 3538 779 pec-

1940 816 2146 872 cantes,
2176 820 2296 861 cum
2334 805 2446 860 acri
2482 804 2900 876 reprehensioni
2947 804 3197 869 obnoxii,
3238 812 3351 857 tum
3396 801 3538 856 iudi-

1940 900 2061 955 brio
2111 896 2344 967 expositi
2395 897 2462 949 ad
2528 896 2900 951 sacerdotium
2945 904 3158 949 temere
3213 892 3532 962 irruperiut.

1941 986 2202 1056 Equidem
2235 984 2557 1054 simpliciter
2581 985 2910 1054 sincereque
2951 982 3332 1038 defensionem
3365 981 3530 1036 insti-

1943 1090 2112 1150 tuam.
2151 1077 2310 1150 701
2342 1077 2624 1146 Siquidem
2680 1077 2825 1131 enim
2858 1080 2924 1129 de
2952 1074 3086 1143 ipsis
3107 1087 3418 1126 sermonem
3455 1072 3539 1125 in-

1940 1169 2091 1225 stitui
2122 1177 2377 1222 Virtutem
2401 1166 2702 1236 disciplina:
2729 1163 3049 1235 praeferens,
3070 1161 3192 1231 jure
3222 1164 3429 1233 optimo
3453 1176 3540 1218 me

1941 1262 2008 1316 ad
2043 1260 2149 1315 mei
2190 1258 2563 1313 defensionem
2613 1258 2928 1327 compulisti
2963 1273 2977 1322 ;
3020 1256 3064 1310 si
3115 1272 3242 1310 vero
3278 1271 3540 1325 persona-

1940 1368 2060 1408 rum
2105 1350 2253 1407 nulla
2283 1359 2400 1406 erat
2453 1349 2613 1414 ratio,
2652 1349 2932 1419 negotium
2985 1363 3117 1401 vero
3149 1349 3324 1417 ipsmn
3352 1363 3448 1416 per
3481 1361 3542 1401 se

1941 1443 2237 1512 diligenter
2271 1439 2718 1506 cxaminahatur,
2773 1447 2830 1492 ut
2872 1437 2988 1507 ipse
3018 1438 3346 1501 admiratus,
3398 1437 3542 1505 quod

1943 1532 2150 1597 aiebas,
2205 1531 2671 1602 pulchritudinem
2724 1538 2782 1583 et
2824 1529 3112 1584 veritatem
3182 1528 3539 1598 scriptorum,

1943 1626 2178 1695 majores
2211 1637 2374 1693 quam
2406 1635 2623 1678 mereor
2666 1620 2853 1675 laudes
2904 1632 3249 1686 contexeres,
3275 1618 3540 1689 quidnam

1942 1715 2208 1785 sanejam
2246 1713 2496 1768 homines
2535 1713 3032 1782 quomodocunqne
3065 1711 3390 1764 viventesin
3429 1723 3544 1763 me-

1874 1802 1914 1857 Β
1945 1806 2093 1860 dium
2119 1803 2415 1875 protulisti,
2443 1803 2770 1872 redarguere
2788 1801 2990 1872 scripta
3017 1815 3193 1869 nuper
3217 1796 3552 1868 aggressus?

1953 1898 2069 1954 Non
2097 1900 2243 1954 enim
2270 1896 2316 1952 si
2348 1896 2577 1950 inlinitis
2624 1895 2698 1949 iiii
2730 1903 2861 1949 sunt
2910 1893 3099 1951 referti
3160 1893 3336 1956 malis,
3371 1901 3446 1957 et,
3486 1898 3548 1946 ut

1945 1989 2238 2062 scripsisti,
2293 1996 2520 2044 cunctos
2563 1986 2864 2042 sceleribus
2914 1986 3028 2040 suis
3081 1986 3403 2049 obscurant,
3430 1983 3546 2054 jam

1944 2083 2125 2138 oratio
2150 2097 2176 2134 a
2212 2081 2369 2134 nobis
2401 2079 2634 2134 veritate
2687 2079 2904 2132 [innata
2939 2079 3309 2132 subvertetur.
3344 2076 3547 2132 Verum

1945 2174 2019 2227 illi
2051 2172 2183 2226 tales
2227 2180 2354 2240 post
2397 2170 2884 2240 reprehensionem
2926 2169 3093 2223 ctiam
3143 2168 3547 2227 intolerandam

1946 2264 2096 2319 luent
2129 2277 2369 2331 pmnam.
2404 2262 2522 2331 Ipsa
2551 2275 2737 2316 autem
2782 2262 2988 2314 veritas
3031 2264 3202 2331 magis
3243 2259 3541 2324 eluceSCel,

1946 2371 2052 2409 non
2099 2370 2128 2407 a
2176 2354 2366 2424 paruis
2420 2355 2684 2423 improbis
2714 2354 3076 2423 reprehensa,
3120 2355 3214 2408 sed
3268 2353 3372 2408 hoc
3421 2354 3544 2422 ipso

1946 2445 2146 2500 clarior
2197 2446 2362 2511 facta,
2397 2446 2542 2514 quod
2593 2461 2688 2499 vos
2721 2448 2906 2500 hostes
2947 2446 3210 2517 inglorios
3246 2445 3546 2502 ostendens

1951 2550 2226 2593 amatores
2260 2537 2652 2594 celeberrimos
2673 2536 2904 2592 efficiat.

2162 2786 2496 2845 CDLXXIX.
2539 2820 2612 2831 —
2654 2785 2961 2845 EUTONIO
3001 2787 3326 2846 DlACONO.

250 2911 406 2967 nam
444 2917 718 2966 merentur
767 2923 955 2977 nomen
996 2915 1184 2963 etnon
1211 2904 1422 2972 habent,
1469 2905 1559 2960 sed
1601 2903 1786 3029 multi,
1802 2905 2019 3028 fgmam‘
2036 2903 2247 2972 habent,
2297 2921 2458 2976 quam
2506 2919 2612 2960 nou
2663 2913 2952 2959 merentur.
3007 2903 3227 2961 Invidia
3283 2905 3408 2962 boui
3440 2899 3554 2970 fere

1792 2995 1820 3029 α
1861 2992 1992 3029 orau
2025 3014 2040 3029 .

1792 2992 2040 3032 avoraut.

317 3110 535 3174 Πόσους
559 3110 659 3163 οῖει
696 3106 805 3163 τῶν
831 3106 1134 3179 ἀνθρώπων
1156 3107 1478 3178 ἀνωνύμους
1501 3108 1596 3161 καὶ
1617 3108 1841 3174 ἀδὸξους

2031 3108 2304 3176 Quotnam
2350 3117 2510 3180 putas
2551 3108 2803 3165 homines
2849 3108 2968 3164 sine
3019 3109 3160 3162 fama
3233 3110 3559 3182 ignotosque

251 3196 389 3255 εἶναι
421 3200 609 3270 πολλῷ
646 3178 1102 3270 σπουδαιοτέρους
1143 3199 1553 3269 γεγενημένους
1584 3200 1692 3252 τῶν
1719 3200 1840 3269 ᾁδο-

1956 3204 2132 3258 vivere
2163 3204 2382 3257 virtutis
2429 3203 2600 3272 magis
2647 3203 2920 3258 studiosos
2947 3202 3319 3273 clarioresque
3345 3245 3360 3270 ,
3393 3178 3555 3274 quam

254 3295 433 3364 μένων
465 3311 481 3360 ;
514 3293 593 3364 τῷ
620 3295 749 3356 τοὺς
775 3294 874 3364 μὲν
900 3293 1142 3362 ποιητῶν
1167 3295 1352 3363 τυχεῖν
1391 3293 1486 3346 καὶ
1514 3292 1836 3360 λογοποιῶν,

252 3385 360 3439 τῶν
393 3386 511 3439 πᾶν
545 3385 608 3437 τὸ
641 3383 1018 3455 πραττόμενον
1050 3384 1125 3454 μὴ
1150 3382 1288 3451 πρὸς
1320 3381 1418 3452 τὴν
1447 3380 1704 3451 ἀλήθειαν
1727 3399 1846 3453 κριο

251 3477 481 3540 νόντων,
504 3475 644 3529 ἀλλὰ
670 3474 807 3546 πρὸς
831 3475 898 3547 ἣν
932 3471 1078 3546 εἰχον
1096 3472 1307 3527 εὔνοιαν
1333 3471 1847 3544 ὑπολαμϐανόντων,

256 3566 350 3620 καὶ
379 3565 446 3618 τδ
479 3562 831 3636 κατορθωθὲν
855 3563 1235 3634 οὐρανόμηκες
1266 3561 1566 3616 ποιούντων
1591 3578 1604 3593 ·
1634 3563 1762 3626 τοὺς
1790 3563 1848 3615 δὲ

258 3656 332 3727 μὴ
408 3654 708 3726 ἐσχηκέναι
750 3653 879 3716 τοὺς
935 3653 1286 3724 ὑμνήσαντας
1331 3652 1416 3705 διὰ
1448 3652 1663 3720 φθόνον,
1713 3653 1851 3722 ὅπερ

253 3750 376 3810 ταῖς
398 3746 687 3817 λαμπραῖς
708 3742 972 3814 πράξεσιν
999 3742 1317 3798 ἀκολουθεῖν
1335 3742 1551 3796 εἴωθεν.
1579 3742 1852 3798 Ἐνταῦθα

268 3839 372 3910 μὲν
409 3833 509 3893 οὖν
547 3838 595 3890 εἰ
629 3837 724 3890 καί¹
768 3833 954 3899 ἔδοξαν
986 3837 1034 3889 οί
1071 3835 1168 3905 μὲν
1204 3835 1675 3906 ἀνακεκηρύχθαι,
1707 3835 1756 3888 οί
1795 3835 1852 3888 δὲ

258 3927 664 3999 σεσιωπῆσθαι,
697 3926 792 3981 τοῦ
824 3927 1030 3996 κόσμου
1054 3925 1240 3979 λοιπὸν
1271 3928 1352 3990 εἰς
1384 3927 1538 3991 τέλος
1561 3926 1855 3998 ἐπειγομέ-

258 4039 376 4088 νου,
415 4022 602 4074 ἐκεῖσε
633 4018 762 4082 τοὺς
799 4017 970 4082 ὅντως
1011 4017 1300 4089 λαμπροὺς
1334 4020 1428 4072 καὶ
1458 4019 1702 4085 ἐνδόξους
1729 4018 1856 4090 ὀψό-

264 4112 433 4184 μεθα,
468 4111 570 4180 τῆς
617 4107 770 4172 θείας
801 4107 957 4178 δίκης
986 4108 1086 4162 οὐκ
1124 4107 1457 4179 ἀνεξομένης
1485 4110 1550 4162 ἐκ
1602 4109 1701 4180 τῆς
1747 4109 1857 4163 τῶν

258 4200 578 4274 ἀνθρώπων
625 4196 787 4269 δόξης
821 4198 1068 4266 ἐνεγκεῖν
1114 4199 1213 4269 τὴν
1263 4199 1464 4269 ψῆφον,
1505 4198 1620 4253 ἀλλ’
1654 4201 1720 4252 ἐκ
1755 4199 1858 4271 τῆς

258 4295 495 4359 οἰκείας,
527 4291 628 4362 τῆς
674 4290 1006 4362 εἰλικρινοῦς
1075 4292 1170 4346 καὶ
1213 4292 1581 4350 ἀδιαπτώτου.
1634 4296 1727 4366 Μὴ
1763 4292 1858 4350 οὖν

259 4390 555 4459 ὀλιγώρει,
581 4388 632 4441 εἰ
670 4385 1097 4456 ούρανοπολίτης
1128 4385 1202 4439 ὣν
1246 4386 1346 4450 τὰς
1371 4386 1479 4440 τῶν
1522 4387 1860 4458 φθονούντων

1954 3296 2008 3351 hi
2039 3310 2267 3365 quormn
2298 3293 2663 3349 decantantur
2694 3293 2965 3349 nomina?
2998 3293 3060 3350 lli
3085 3297 3231 3350 enim
3254 3297 3400 3350 nacti
3434 3297 3556 3367 qui-

1951 3389 2072 3444 dem
2122 3397 2247 3442 sunt
2279 3401 2465 3457 poetas
2492 3380 2654 3457 atque
2689 3388 3005 3455 historicos,
3040 3404 3125 3444 res
3155 3398 3336 3460 gestas
3366 3405 3559 3447 omnes

1955 3497 2060 3536 non
2097 3496 2162 3536 ex
2195 3495 2346 3550 vero,
2372 3481 2467 3534 sed
2495 3480 2662 3535 animi
2715 3481 3097 3535 benevolentia
3133 3482 3184 3535 in
3222 3482 3394 3552 majus
3428 3498 3556 3551 pro-

1955 3576 2240 3639 vehentes,
2285 3583 2340 3627 ct
2370 3574 2636 3642 quidquid
2681 3583 2830 3628 recte
2873 3573 3076 3627 factum
3125 3573 3176 3628 in
3215 3574 3410 3629 cadum
3446 3575 3561 3628 lau-

1954 3665 2114 3720 dibus
2148 3663 2486 3718 extulerunt.
2535 3664 2611 3717 Illi
2661 3675 2849 3720 contra
2909 3666 2979 3721 ob
3031 3666 3458 3736 iuvidiam(qn:e
3493 3666 3558 3720 il-

1957 3755 2147 3812 lnstria
2189 3755 2508 3825 plerumque
2551 3758 2756 3825 stipare
2798 3755 2940 3812 facta
2985 3756 3295 3827 consuevit)
3333 3759 3558 3812 minime

1957 3849 2236 3904 consecuti
2269 3847 2358 3916 qui
2395 3847 2776 3916 praedicarent.
2800 3844 2901 3902 llic
2942 3848 3108 3917 igitur
3134 3848 3234 3902 etsi
3264 3848 3556 3910 videantur

1959 3940 2010 3995 hi
2077 3939 2294 4009 quidem
2356 3939 2668 4007 praedicari,
2734 3936 2808 3993 illi
2879 3954 3014 3994 vero
3073 3938 3292 3993 silentio
3355 3940 3556 4010 premi,

1960 4030 2163 4087 mundo
2187 4029 2404 4084 tandem
2441 4030 2506 4083 ad
2542 4027 2702 4083 finem
2732 4029 2986 4095 deducto,
3018 4029 3127 4085 illic
3158 4044 3345 4084 revera
3379 4030 3560 4086 claros

1961 4133 2017 4180 et
2043 4123 2311 4194 gloriosos
2340 4121 2668 4188 videbimus,
2717 4121 2812 4177 Dei
2855 4121 3070 4192 jnstitia
3109 4137 3212 4176 non
3249 4124 3563 4177 sustinente

1963 4212 2278 4284 suffragium
2325 4211 2469 4267 ferre
2500 4226 2565 4267 ex
2601 4212 2906 4278 hominum,
2949 4213 3043 4268 sed
3087 4226 3156 4266 ex
3192 4214 3412 4282 propria
3445 4215 3562 4268 sin-

1962 4318 2087 4360 cera
2135 4311 2299 4373 atque
2337 4303 2545 4358 erroris
2592 4310 2817 4372 experte
2867 4303 3163 4358 sententia.
3206 4301 3350 4356 Cave
3397 4303 3566 4371 igitur

1965 4409 2095 4464 agas
2122 4393 2337 4464 ignave,
2359 4394 2404 4448 si
2430 4393 2842 4449 cceliexsistens
2866 4392 3044 4448 incola
3077 4391 3169 4447 tibi
3200 4393 3558 4448 invidentium

270 4496 360 4534 σοι
379 4477 634 4549 γλώττας
661 4478 867 4550 αίχμῆς
888 4478 1145 4550 νεηκόνου
1173 4478 1435 4550 ὀξυτέρας
1463 4479 1696 4552 αἰσθάνῃ
1721 4481 1861 4536 κατά

1965 4484 2178 4555 linguas
2208 4493 2368 4539 acuto
2400 4483 2624 4555 cuspide
2674 4482 2948 4538 acutiores
2994 4482 3202 4552 pridem
3251 4482 3306 4537 in
3360 4491 3410 4538 te
3453 4482 3565 4554 jaci

273 4568 485 4624 σαυτοῦ
516 4569 845 4642 φερομένας,
874 4567 1013 4623 ἀλλά
1040 4566 1129 4622 διὰ
1150 4568 1309 4622 τοῦτο
1340 4567 1576 4640 μάλιστα
1612 4570 1860 4643 λαμπρό-

1966 4575 2197 4643 sentias,
2239 4574 2334 4632 sed
2366 4589 2466 4647 per
2495 4575 2611 4632 haec
2655 4575 2839 4646 potius
2890 4573 3178 4630 clariorem
3208 4582 3260 4630 te
3287 4573 3403 4630 fore
3429 4588 3566 4631 con-

269 4678 438 4734 τερος
470 4660 694 4715 ἔσεσθαι
733 4660 1124 4733 προσδόκησον.

745 4817 876 4872 γΠι.
917 4847 987 4859 -
1020 4817 1109 4890 Τῼ
1141 4819 1346 4891 arm.

1968 4668 2142 4724 fidito.

2448 4824 2753 4881 CDLXXX.
2787 4855 2856 4868 —-
2888 4825 3122 4882 EIDEM.

1062 4927 1290 5019 Yirtutis
1331 4930 1566 4985 studium
1592 4936 1848 5000 prmonii
1874 4953 1962 5008 spe
1986 4940 2174 4995 alitur.
2211 4939 2340 5010 Spes
2376 4939 2512 4996 bona
2543 4941 2635 4994 dat
2659 4940 2812 4994 vires.

349 5066 518 5132 Ἰσθι,
555 5065 637 5119 ὅτι
666 5065 781 5127 τοῖς
800 5062 899 5132 τῆς
923 5062 1124 5133 ἀρετῆς
1152 5062 1337 5126 πόνοις
1365 5064 1429 5117 ἐκ
1453 5063 1678 5136 πρώτης
1705 5066 1865 5140 μέχρι

273 5157 546 5228 τελευτῆς
572 5157 983 5228 ἐγκαρτερῆσαι
1014 5154 1112 5225 οὐχ
1136 5147 1247 5208 οἷόν
1272 5171 1351 5220 τε,
1398 5155 1473 5225 μὴ
1499 5156 1598 5226 τῆς
1634 5159 1866 5227 προσδο-

2044 5075 2193 5132 Scito
2232 5075 2345 5131 ﬁeri
2388 5091 2492 5131 non
2522 5088 2685 5145 posse
2713 5083 2771 5128 ut
2803 5072 2926 5143 quis
2959 5075 3026 5128 ab
3063 5073 3290 5129 exordio
3314 5075 3379 5128 ad
3410 5075 3575 5132 finem

1973 5184 2146 5238 usque
2188 5167 2401 5233 labores
2440 5183 2536 5235 pro
2578 5166 2781 5222 virtute
2819 5174 3098 5234 susceptos
3130 5177 3447 5222 constanter
3488 5179 3573 5224 to-

276 5252 403 5315 κίας
433 5249 546 5304 τῶν
578 5247 758 5320 γερῶν
785 5245 1126 5318 κιρναμένης
1177 5246 1359 5317 ἠρέμα
1403 5248 1481 5318 τῷ
1527 5248 1733 5319 ἱδρῶτι,
1774 5251 1866 5304 καί

1979 5262 2137 5327 leret,
2166 5261 2269 5314 nisi
2302 5260 2648 5329 prtemiornm
2682 5256 2916 5314 admista
2946 5260 3358 5328 exspectatione
3386 5263 3574 5318 sudori

277 5343 423 5395 κατά
472 5340 649 5411 βραχὺ
711 5337 936 5400 ἀλύπως
985 5355 1046 5389 τε
1091 5338 1184 5390 καὶ
1232 5339 1469 5406 κούφως,
1527 5341 1620 5393 καὶ
1670 5342 1866 5411 τρόπον

1979 5353 2260 5425 paulatim,
2291 5363 2344 5407 et
2372 5353 2500 5416 cito,
2537 5351 2947 5420 iudolenterque
2979 5365 3039 5403 ac
3074 5349 3290 5417 leniter,
3325 5365 3387 5408 ac
3417 5356 3576 5409 modo

279 5435 400 5487 τινὰ
437 5433 559 5502 μετ’
599 5429 945 5501 εὐφροσύνης
990 5429 1474 5500 παραπεμπούσης
1505 5432 1598 5483 ἐπὶ
1651 5432 1711 5484 τὺ
1761 5435 1868 5489 τῶν

276 5525 509 5589 ἀγώνων
553 5523 730 5587 τέλος.
784 5521 845 5574 El
893 5521 1072 5574 τοίνυν
1133 5521 1349 5574 θεάσοιο
1398 5519 1685 5592 ἄνθρωπον
1741 5527 1867 5590 τοὺς

281 5620 479 5681 πόνους
519 5618 621 5688 τῆς
652 5617 872 5688 ἀρετῆς,
911 5617 1009 5680 τὰς
1043 5615 1144 5685 τῆς
1180 5616 1395 5686 τρυφῆς
1428 5617 1540 5680 τοῖς
1578 5618 1866 5690 ἐχέφροσιν

281 5707 496 5776 ἡδονὰς,
526 5707 822 5778 φεύγοντα,
857 5706 965 5760 ἴσθι
999 5706 1080 5762 ότι
1134 5706 1288 5770 ἐλπὶς
1324 5707 1472 5779 αὐτῷ
1525 5711 1737 5781 χρηστὴ
1769 5712 1868 5764 οὐκ

282 5798 456 5859 ἀνθεῖ.

1977 5445 2213 5516 quodam
2247 5459 2368 5498 cum
2405 5442 2679 5497 hilaritate
2711 5441 2987 5512 praemissa
3014 5455 3184 5512 usque
3223 5443 3289 5497 ad
3319 5445 3577 5501 certami-

1981 5551 2107 5590 num
2143 5545 2468 5590 extremum.
2505 5533 2562 5587 Si
2603 5533 2784 5603 itaque
2815 5533 3087 5588 hominem
3125 5534 3327 5590 videris
3354 5536 3576 5591 virtutis

1982 5624 2196 5679 labores
2261 5625 2402 5695 (quae
2478 5623 2836 5695 prudentibus
2912 5625 3186 5681 deliciosa:
3269 5625 3575 5696 voluptates

1981 5716 2272 5788 exsistam)
2307 5717 2624 5788 fugientem,
2663 5716 2878 5778 noveris
2921 5718 3120 5774 bonam
3150 5718 3227 5776 illi
3277 5732 3430 5791 spem
3461 5733 3571 5778 non

1986 5805 2240 5877 relinqui.
