4010 6460
523 309 655 378 1607

861 424 1019 496 702
1051 423 1375 480 cnnxxxr.
1421 453 1492 468 -
1528 421 1758 478 nmen.

1699 311 1760 370 S.
1798 308 2085 371 ISIDORI
2128 301 2561 366 PEI.USIOT/E

2112 439 2161 495 Δ

3622 295 3763 364 1608

2649 419 2821 473 γηΑο.
2853 448 2923 458 -
2951 417 3038 486 το
3085 415 3282 487 arm.

1155 541 1230 594 De
1264 541 1522 610 corruptis
1555 539 1885 595 sacerdotum
1907 537 2257 608 quorumdam
2290 539 2542 593 moribus.
2573 535 2752 608 (σοιτί.
2785 537 2941 605 epist.
2975 535 3124 597 552.)

592 649 854 706 Terribile
885 665 1046 714 nunc,
1075 660 1127 705 et
1161 650 1313 704 valde
1338 651 1554 719 quidem
1601 650 1843 705 terribile
1885 661 1968 705 est
2018 650 2086 704 ad

517 741 874 796 sacerdotium
907 743 1231 812 pertingere.
1271 743 1514 798 Alterum
1544 743 1687 797 enim
1716 743 1907 797 borum
1941 742 2086 795 acci-

518 832 646 884 dere
669 828 807 884 solet
835 847 851 885 :
881 842 968 885 aut
991 831 1148 900 juxta
1175 844 1384 889 veteres
1413 843 1467 888 et
1493 832 1818 903 apostolicos
1849 845 2086 886 canones

519 923 789 978 viventem
825 923 1057 978 invisum
1087 939 1229 988 esse,
1259 925 1573 992 insidiisque
1597 923 1773 993 appeti
1803 923 1871 977 ab
1899 923 1965 977 iis
1995 923 2084 990 qui

520 1029 662 1068 nunc
705 1029 802 1083 per
832 1023 1178 1082 apparentem
1204 1030 1398 1071 noxam
1429 1024 1484 1068 et
1508 1013 1838 1085 iilegitimam
1861 1026 2086 1068 consue-

519 1106 781 1170 tudinem,
818 1115 1072 1173 tanquam
1105 1105 1199 1159 Dei
1227 1114 1448 1159 servent
1489 1103 1684 1174 legem,
1716 1112 1970 1172 recteque
2005 1102 2086 1156 vi-

516 1205 706 1251 ventes
743 1195 1049 1264 expellunt;
1075 1204 1164 1249 aut
1199 1193 1602 1250 submittentem
1636 1207 1726 1259 se,
1774 1201 1829 1247 et
1871 1191 2086 1263 propria

516 1285 758 1355 neglecta
816 1289 1006 1350 salute,
1047 1283 1227 1340 multis
1271 1285 1391 1340 aliis
1447 1283 1644 1339 oli'erre
1683 1282 2086 1348 oil‘endiculum,

517 1393 625 1448 quo
651 1377 851 1446 duplici
880 1377 1097 1431 nomine
1125 1378 1372 1448 ingentes
1399 1387 1525 1432 sunt
1552 1389 1742 1446 poenas
1759 1375 1956 1431 daturi.
1989 1373 2092 1428 Fe-

516 1468 673 1522 licem
699 1469 879 1538 itaque
905 1468 1145 1532 nomino,
1181 1468 1271 1536 qui
1304 1469 1407 1522 hoc
1441 1476 1629 1535 captus
1651 1480 1756 1522 non
1790 1465 1859 1520 sit
1885 1479 2088 1520 amore.

518 1559 575 1616 Si
603 1576 732 1615 vero
771 1575 874 1615 non
909 1569 1097 1629 captus
1126 1559 1426 1623 ordinetur,
1467 1558 1698 1626 primum
1745 1565 1924 1611 servet
1964 1570 2092 1624 pro-

517 1652 748 1722 positum
773 1658 1006 1720 oportet,
1033 1662 1332 1726 magnaque
1354 1647 1607 1718 loquendi
1637 1645 1906 1710 libertate,
1941 1646 2085 1700 anti-

2264 650 2499 722 Φοσερόν
2529 653 2667 716 ἐστι,
2701 650 2796 703 καὶ
2823 649 2942 702 λίαν
2986 648 3215 720 φοϐερὸν
3243 647 3303 701 τὺ
3338 647 3420 710 είς
3459 647 3765 720 ίερωσύνην

2196 740 2314 792 νυνὶ
2346 740 2583 794 τελέσαι.
2614 741 2768 792 Δυοῖν
2799 739 2907 810 γὰρ
2933 739 3082 810 αὑτῷ
3125 738 3352 809 θάτερον
3387 737 3760 808 συμϐήσεται·

2191 831 2226 900 ἢ
2275 830 2418 884 κατὰ
2455 833 2584 894 τοὺς
2634 830 2894 901 ἀρχαίους
2947 831 3043 884 καὶ
3091 829 3484 892 ἁποστολικοὺς
3531 829 3766 890 κανόνας

2193 919 2371 983 ζῶντα
2410 919 2706 990 μισηθῆναι
2729 920 2823 973 καὶ
2864 918 3318 988 επιϐουλευθῆναι
3348 918 3497 990 παρὰ
3526 918 3636 971 τῶν
3665 918 3765 988 τὴν

2191 1012 2313 1064 νυνὶ
2361 1011 2774 1064 ὲπιπολάσασαν
2822 1008 3093 1079 ἑπιδλαϐἧ
3128 1009 3221 1062 καὶ
3268 1010 3585 1078 παράνομον
3634 1026 3760 1062 συν-

2193 1099 2386 1171 ήθειαν
2429 1101 2506 1166 ὡς
2528 1102 2692 1173 νόμον
2719 1101 2860 1155 θεῖον
2888 1101 3285 1171 φυλαττόντων,
3317 1103 3409 1155 καὶ
3439 1102 3564 1165 τοὺς
3589 1099 3766 1171 ὀρθῶς

2194 1190 2440 1262 βιοῦντας
2468 1193 2968 1266 ἱξοστρακιζόντων
2987 1211 3000 1224 ·
3029 1193 3063 1263 ἢ
3095 1192 3609 1248 ὕποκατακλίναντα
3633 1194 3762 1246 ἑαυ-

2193 1280 2308 1346 τὸν,
2335 1280 2430 1334 καὶ
2455 1281 2558 1352 τῆς
2580 1282 2778 1335 ἑαυτοῦ
2816 1282 3108 1351 άφειδῆσαι
3133 1281 3428 1351 σωτηρίας,
3457 1282 3552 1333 καὶ⁸
3573 1281 3767 1344 ἄλλους

2199 1371 2428 1436 πολλοὺς
2461 1373 2835 1440 σκανδαλίσαι,
2873 1366 3014 1444 ὑπὲρ
3037 1364 3112 1426 ὧν
3139 1372 3234 1426 καὶ
3261 1371 3418 1435 δίκας
3465 1372 3766 1443 σφοδροτά-

2197 1481 2298 1528 τας
2322 1463 2506 1518 δώσει.
2541 1465 2832 1536 Μακάρων
2867 1463 2966 1535 μὲν
2994 1459 3087 1518 οὖν
3118 1463 3179 1517 τδ
3213 1463 3348 1535 μηδὲ
3382 1463 3584 1516 ἁλῶναί
3636 1479 3769 1516 ποτε

2197 1553 2274 1627 τῷ
2319 1555 2547 1627 τοιούτῳ
2589 1556 2772 1628 ἔρωτι.
2803 1557 2867 1610 Et
2911 1557 2970 1610 δὲ
3020 1556 3097 1628 μὴ
3145 1556 3306 1620 ἁλοὺς
3335 1556 3764 1628 χειροτονηθείη,

2195 1646 2404 1718 ἐχέσθω
2431 1647 2524 1701 τοῦ
2554 1648 2820 1720 προτέρου
2857 1647 3081 1712 σκοποῦ,
3130 1648 3224 1702 καὶ
3267 1646 3405 1718 μετὰ
3453 1646 3769 1718 παρρησίας

514 1757 620 1812 qua
649 1752 809 1812 atque
847 1740 1140 1812 apostolica
1190 1747 1415 1796 renovet
1461 1739 1697 1803 decreta,
1737 1752 1806 1792 ne
1837 1737 2087 1792 sacerdo-

2199 1738 2262 1790 τὰ
2288 1736 2495 1808 ἀρχαῖα
2516 1739 2610 1791 καὶ
2641 1737 2974 1791 άποστολικὰ
3003 1736 3309 1807 πράγματα
3329 1737 3660 1796 ἀνανεούτω.
3693 1737 3772 1808 μὴ

518 1833 649 1886 ιίιιιη
696 1845 839 1887 nunc
881 1831 1313 1902 propinantibns,
1373 1829 1664 1898 omniaque
1712 1835 1767 1882 et
1824 1827 2006 1882 dicere
2034 1835 2088 1882 et

516 1921 694 1978 facere
740 1922 902 1980 licere
933 1923 1032 1978 sibi
1065 1922 1430 1991 opinantibus.
1465 1919 1518 1974 in
1551 1917 1697 1973 vitiis
1739 1925 2085 1987 cooperetur.

515 2010 740 2066 Praestat
789 2011 934 2066 enim
986 2011 1198 2066 insidiis
1246 2009 1425 2080 appeti
1477 2024 1542 2066 ac
1594 2010 1770 2080 rejici,
1814 2023 1977 2080 quam
2031 2006 2088 2064 id

513 2114 684 2172 genus
710 2100 988 2171 aggregari
1017 2099 1344 2157 hominibus.

703 2280 1054 2342 CDLIXXII.
1085 2315 1144 2326 —
1176 2283 1524 2342 LAMPE‘I'IO
1561 2282 1910 2342 EPISCOPO.

2192 1828 2308 1892 τοῖς
2332 1827 2425 1881 νῦν
2456 1828 2784 1900 προτείνουσι
2824 1827 2922 1898 τὴν
2951 1828 3274 1900 ἱερωσύνην,
3303 1830 3396 1882 καὶ
3444 1828 3626 1883 πάντα
3679 1830 3773 1882 καὶ

2192 1918 2374 1988 λέγειν
2414 1921 2510 1974 καὶ
2552 1919 2816 1990 πράττειν
2865 1919 3067 1984 εξεῖναι
3097 1921 3283 1984 αὐτοῖς
3318 1920 3654 1989 νομίζουσιν,
3689 1922 3773 1985 είς

2191 2009 2262 2063 τά
2308 2008 2630 2080 πταίσματα
2669 2008 3063 2082 συμπράττων.
3111 2011 3374 2080 Κρεῖττον
3406 2009 3517 2080 γάρ
3555 2009 3615 2062 τὺ
3643 2010 3772 2062 επι-

2192 2099 2554 2170 6ουλευθῆναι
2580 2101 2674 2154 καὶ
2700 2099 3276 2172 ἀποχειροτονηθῆναι,
3305 2098 3400 2154 τοῦ
3431 2098 3573 2172 μετὰ
3593 2096 3774 2153 τοιού-

2189 2209 2300 2248 των
2342 2191 2553 2264 ἀνδρῶν
2579 2190 2863 2263 τετάχθαι.

2455 2281 2632 2338 ms'.
2663 2312 2736 2324 —
2759 2283 3118 2356 MMIIETIQ
3146 2284 3512 2358 επιειιοιιο.

935 2375 1012 2432 De
1041 2376 1374 2444 improbitate
1394 2375 1592 2432 Zosimi
1637 2377 2044 2448 sociorumque:
2075 2387 2172 2444 pro
2202 2372 2268 2429 iis
2298 2372 2583 2427 orandum.
2617 2370 2807 2442 (Supr.
2838 2373 2991 2443 epist.
3032 2372 3160 2442 437,
3194 2374 3343 2445 840.)

585 2469 897 2542 Deplorare,
925 2487 1030 2528 non
1060 2471 1351 2526 conviciari
1399 2472 1565 2529 debes
1591 2471 1902 2541 Eusebium,
1929 2471 2086 2528 Cha-

2262 2467 2339 2522 Οὑ
2383 2467 2688 2538 κωμῳδεῖν,
2736 2465 2875 2521 ἀλλὰ
2922 2466 3286 2538 καταθρηνεῖν
3325 2467 3562 2540 ὀφείλεις
3593 2469 3772 2525 Εὐσε-

519 2575 741 2617 remona
769 2569 824 2615 et
855 2560 1152 2627 Zosimnm,
1185 2562 1578 2633 improborum,
1605 2572 1666 2618 ut
1694 2563 1911 2630 scribis,
1939 2577 2087 2620 sum-

2199 2561 2306 2616 θιόν
2329 2577 2388 2614 τε
2410 2561 2505 2613 καὶ
2528 2559 2855 2632 Χαιρήμονα
2879 2559 2971 2613 καὶ
2990 2559 3260 2630 Ζὼσιμον,
3279 2559 3431 2627 τοὺς,
3458 2560 3537 2624 ὡς
3561 2561 3772 2632 γέγρα-

515 2666 655 2718 mos,
683 2666 746 2706 ac
770 2651 972 2706 malitia
1021 2651 1225 2707 nemini
1277 2654 1653 2710 concedentes.
1703 2653 1858 2722 Quod
1902 2655 1946 2711 si
1979 2654 2090 2711 Eu-

2190 2651 2801 2724 φας,κορυφαιοτάτους
2825 2650 2934 2704 τῶν
2958 2651 3168 2715 κακῶν,
3193 2652 3289 2705 καὶ
3313 2651 3506 2723 μηδενὶ
3533 2651 3771 2724 ὑπερσο-

516 2743 749 2798 statbins
794 2756 915 2797 cum
968 2740 1186 2797 Marone
1240 2742 1434 2799 iisdem
1486 2744 1798 2800 insistentes
1848 2745 2087 2814 vestigiis

2199 2747 2290 2817 λὴν
2317 2743 2776 2812 καταλείψαντας.
2813 2743 2877 2796 El
2899 2742 2958 2796 δι
2988 2743 3085 2797 καὶ
3116 2742 3417 2807 Εὑστάθιος
3443 2744 3538 2799 καὶ
3559 2745 3770 2815 Μάρων

520 2831 662 2886 vinci
705 2830 940 2885 nondum
989 2839 1300 2900 potuerunt,
1329 2831 1696 2902 excedentque
1716 2832 1864 2888 etilli
1892 2832 2093 2903 iniqui-

2189 2839 2304 2900 τοῖς
2370 2835 2572 2905 ῐχνεσιν
2621 2833 2801 2887 αὐτῶν
2875 2833 3328 2900 ἀκολουθοῦντες,
3384 2835 3597 2890 οὐδέπω
3662 2837 3769 2906 μιν

519 2929 650 2984 tate,
677 2920 746 2974 ad
777 2929 896 2974 vota
928 2933 993 2974 ac
1027 2935 1216 2988 preces
1249 2931 1547 2986 vertemur,
1591 2932 1651 2977 ut
1681 2921 1926 2993 utrisque
1956 2921 2087 2978 resi-

2199 2923 2570 2996 ἁμιλληθῆναι
2615 2922 2954 2994 δεδύνηνται,
2984 2919 3135 2991 δῆλοι
3162 2923 3221 2977 δέ
3259 2924 3367 2978 είσι
3396 2926 3490 2977 καὶ⁸
3529 2923 3772 2996 ὑπερϐα-

516 3009 755 3080 piscendi
792 3009 845 3062 in
881 3009 1132 3079 viamque
1177 3010 1436 3066 redeundi
1485 3010 1822 3078 facultatem,
1863 3011 2023 3066 veluti
2059 3026 2087 3067 e

2199 3015 2478 3085 λούμενοι’
2515 3015 2597 3077 είς
2619 3012 2784 3084 εὐχὴν
2828 3013 3154 3085 τρεψοίμην,
3194 3014 3336 3069 ὥστε
3367 3015 3642 3080 κάκείνοις
3671 3017 3771 3070 καὶ

517 3099 766 3154 machina
819 3100 1116 3170 respiciens
1160 3115 1274 3166 eos,
1319 3101 1458 3158 Deus
1508 3102 1790 3174 largiatur.
1838 3100 2087 3159 Fortasse

2199 3107 2402 3171 τούτοις
2430 3105 2772 3177 μετάγνωσιν
2791 3103 2981 3176 ὥσπερ
3005 3108 3070 3159 ἐκ
3099 3107 3349 3178 μηχανῆς
3380 3124 3525 3171 τινος
3559 3109 3768 3177 ἐπιφα-

517 3189 688 3255 enim,
723 3189 824 3245 etsi
865 3202 1168 3260 repugnare
1191 3199 1269 3245 tot
1302 3191 1573 3262 tantisque
1607 3203 1876 3262 nequeant
1907 3201 2082 3248 tenta-

2189 3198 2365 3270 νῆναι.
2399 3197 2554 3268 Τάχα
2581 3212 2697 3261 πως
2728 3197 2779 3249 εί
2805 3196 2898 3249 καὶ
2924 3196 3000 3266 μὴ
3018 3194 3468 3266 ἀναμαχέσασθαι
3487 3195 3770 3266 δυνηθεῖεν

519 3279 725 3334 tionnm
755 3281 1160 3348 certaminibus,
1203 3282 1390 3338 saltem
1437 3283 1617 3353 aliqua
1648 3284 1753 3342 illis
1789 3282 2087 3341 consolatio

2199 3289 2286 3354 τὰς
2319 3287 2587 3353 τοσαύτας
2631 3289 2727 3342 καὶ
2758 3285 3092 3359 τηλικαύτας
3123 3287 3316 3357 ἥττας,
3347 3287 3485 3343 ἀλλὰ
3511 3288 3618 3343 κᾶν
3659 3305 3771 3342 πα-

518 3370 680 3426 tantls
715 3384 900 3426 eorum
915 3370 1325 3441 probationibus
1346 3372 1618 3429 obveuiet.

566 3546 940 3608 CDLXXXIII.
996 3581 1069 3596 -—
1121 3551 1495 3611 THEODORO
1553 3553 2040 3614 SCHOLASTICO.

2195 3378 2434 3450 ραμυθία
2463 3395 2548 3440 τις
2575 3378 2760 3440 αὐτοῖς
2781 3379 2840 3433 ὲν
2877 3380 2992 3443 τοῖς
3019 3377 3213 3458 δεινοῖς
3261 3379 3494 3444 εκείνοις
3543 3378 3770 3450 βασανι-

2192 3467 2437 3540 στηρίοις
2461 3466 2703 3540 τεχθείη.

2407 3559 2581 3613 ΥΠΡ.
2616 3589 2684 3601 -
2729 3559 3034 3632 ΘΕΟΔΩΡῼ
3065 3558 3521 3632 ΣΧΟΔΔΣΤΙΚῼ.

1187 3645 1255 3704 Ut
1291 3650 1425 3704 vires
1447 3649 1639 3718 desint,
1672 3651 1912 3708 voluntas
1943 3651 2233 3708 laudanda.
2279 3652 2500 3726 (Confer
2540 3653 2763 3709 similem
2793 3656 2945 3725 epist.
2975 3652 3091 3724 23.)

589 3757 838 3815 Maximis
878 3759 1022 3816 vinci
1073 3758 1474 3817 laudationibus
1518 3747 1970 3820 nou'indecorum
2001 3764 2089 3830 iis,

2255 3764 2370 3819 Οὐκ
2397 3764 2624 3836 αίσχρδν
2660 3765 2770 3820 τῶν
2824 3765 3098 3836 μεγίστων
3143 3765 3436 3836 ἐγκωμίων
3472 3764 3766 3836 ἡττᾶσθαι,

523 3850 616 3920 qui
670 3850 898 3906 dicendo
959 3850 1246 3920 adaquare
1303 3853 1576 3906 orationes
1632 3862 1925 3922 nequeant,
1991 3867 2087 3909 nec

2199 3848 2266 3917 sic
2300 3853 2561 3918 ἐξισῶσαι
2587 3855 2716 3917 τοὺς
2740 3854 2931 3923 λόγους
2959 3856 3058 3924 οὐχ
3107 3849 3217 3908 οἷόν
3247 3871 3307 3907 τε
3325 3869 3339 3883 °
3368 3853 3494 3908 οὔτε
3547 3855 3654 3926 μὴν
3681 3856 3769 3909 δί-

517 3957 728 4010 ωηιιυιιι
755 3942 1014 4013 dignitate
1041 3942 1390 4000 inferioribus
1421 3944 1674 4000 facultate
1698 3945 1864 4000 etiam
1894 3959 2092 4000 conce-

517 4033 665 4087 dere.
704 4031 807 4097 Qui
840 4033 982 4087 enim
1009 4033 1231 4091 laudare
1262 4038 1558 4102 contendit,
1583 4038 1756 4093 vietus
1784 4047 1962 4093 autem
1985 4047 2091 4105 est,

2189 3960 2364 4010 καιον,
2385 3946 2484 4016 τῆς
2505 3945 2662 4010 ἀξίας
2692 3946 3031 4017 ὑστεροῦσιν,
3055 3945 3158 4017 ἠδη
3184 3947 3278 4000 καὶ
3293 3947 3354 3999 τὸ
3367 3945 3512 4000 κατὰ
3534 3947 3771 4019 δύναμιν

2189 4038 2474 4092 ἐλλείπειν.
2511 4039 2693 4110 Ὀγάρ
2721 4039 3004 4094 ἐπαινέσαι
3027 4038 3413 4111 φιλονεικήσας
3448 4041 3767 4114 [similem-

516 4122 773 4192 propositi
805 4135 898 4176 seu
937 4122 1226 4180 voluntatis
1269 4125 1428 4183 laude
1462 4127 1873 4184 condecoratnr.
1903 4128 2082 4196 Quare

2199 4132 2301 4196 θεὶς
2330 4133 2409 4197 δὲ,
2471 4134 2539 4203 τῇ
2589 4134 2687 4203 τῆς
2757 4131 3130 4204 προαιρέσεως
3193 4129 3319 4202 δόξῃ
3387 4131 3764 4203 κεκόσμηται·

520 4211 566 4266 si
624 4211 946 4269 rusticitatis
1013 4215 1292 4271 infamiam
1363 4217 1597 4289 obiicere
1629 4226 1736 4274 stat
1791 4220 2080 4288 sententia,

2199 4221 2380 4277 ιύκοΰν
2415 4221 2533 4291 εῐγε
2576 4225 2895 4292 σκαιότητος
2925 4221 3138 4287 ἀδοξίαν
3176 4221 3582 4295 ἀπορρίψασθαι
3629 4224 3763 4296 βου·

518 4313 785 4360 tentemus
834 4313 889 4358 et
922 4304 1042 4361 illos
1091 4306 1337 4373 laudare,
1379 4324 1604 4380 quorum
1640 4309 1754 4366 laus
1780 4313 1952 4382 major
1978 4321 2086 4378 est,

2181 4313 2406 4384 λόμεθα,
2463 4311 2786 4384 πειρώμεθα
2842 4312 3130 4378 κάκείνους
3173 4316 3439 4381 ἐπαινεῖν,
3469 4309 3552 4379 οἷς
3617 4315 3764 4390 ὑπὲρ

514 4408 676 4464 quam
726 4396 1111 4468 verbis-queat
1135 4401 1388 4468 exprimi.
1439 4401 1660 4458 Praestat
1696 4401 1842 4457 enim
1883 4403 2086 4458 oratio-

2199 4406 2371 4469 ιόγους
2400 4407 2428 4459 ό
2461 4404 2703 4469 επαινος.
2733 4406 2991 4476 ’Δμεινον
3021 4405 3130 4477 γὰρ
3156 4407 3214 4460 ὲν
3240 4409 3349 4471 τοῖς
3373 4405 3554 4476 λόγοις
3584 4409 3762 4480 ἡττω-

515 4485 672 4543 nibtts
713 4488 890 4544 victos
943 4489 1012 4545 ob
1041 4492 1330 4547 consilium
1380 4492 1822 4564 voluntatemque
1854 4494 2082 4550 laudari.

844 4670 1003 4742 703
1028 4670 1402 4732 CDLXXXIV.
1429 4699 1498 4716 -
1521 4674 1752 4735 EIDEM.

2193 4497 2390 4568 μένους
2419 4499 2484 4569 τῇ
2531 4499 2632 4568 τῆς
2682 4499 3059 4570 προαιρέσεως
3088 4497 3526 4564 καλλωπίζεσθαι
3551 4501 3764 4571 εὐγνωο

2189 4587 2417 4662 uocam-

2643 4680 2816 4738 rm'.
2845 4712 2919 4726 —
2958 4683 3049 4757 τᾳ
3095 4683 3296 4756 arra.

924 4761 1282 4831 Belligeraadi
1307 4775 1355 4818 et
1379 4766 1649 4821 societatis
1690 4766 1890 4823 bellica
1932 4769 2236 4827 discrimen.
2275 4769 2459 4841 (Supr.
2494 4771 2648 4842 epist.
2669 4773 2800 4842 285,
2837 4775 3020 4829 eadem
3041 4788 3114 4830 est
3143 4777 3344 4848 initio.)

583 4849 767 4922 Longe
803 4852 970 4908 tutius
996 4866 1079 4909 est
1110 4871 1214 4910 non
1251 4858 1588 4926 belligerare,
1621 4875 1780 4930 quam
1814 4863 1940 4919 belli
1985 4879 2077 4920 so-

2253 4865 2440 4936 Πολλῷ
2502 4867 2905 4940 ἀσφαλέστερον
2965 4869 3026 4922 τδ
3089 4870 3165 4943 μὴ
3237 4872 3595 4944 πολεμεῖσθαι
3663 4875 3758 4930 τοῦ

514 4942 762 4996 cietatem
815 4941 972 4996 inire.
1017 4939 1180 4997 illud.
1220 4947 1362 4999 enim
1414 4947 1582 5001 otium
1639 4948 1832 5018 negotii
1886 4963 2079 5019 expers

2199 4958 2608 5029 τυμμαχεῖσθαι.
2641 4961 2715 5013 Τὸ
2736 4939 2838 5032 μὲν
2863 4960 2972 5033 γὰρ
3008 4939 3242 5034 ἡσυχίαν
3264 4939 3757 5037 ἔχειτάπράγμονα,

515 5030 668 5085 aﬂ'ert
693 5049 710 5100 ;
738 5031 839 5085 boc
859 5045 987 5086 vero
1013 5046 1384 5102 saepenumero
1406 5037 1546 5105 cogit
1569 5053 1670 5092 una
1688 5054 1809 5094 cum
1836 5039 1997 5094 sociis
2023 5040 2078 5094 in

2199 5047 2245 5100 τὸ
2275 5046 2331 5099 δὲ
2354 5048 2654 5116 ἀναγκάζει
2689 5030 3059 5122 συμπολεμεῖν
3110 5030 3370 5118 πολλάκις
3415 5030 3526 5119 τοῖς
3556 5030 3757 5128 ponet};

516 5123 724 5177 hostem
779 5138 1036 5192 pugnare,
1076 5127 1289 5180 tametsi
1347 5126 1544 5182 bellum
1597 5129 1855 5224 iniustum
1897 5147 2078 5190 susse.

2199 5153 2332 5202 τισι,
2350 5139 2442 5192 καὶ
2463 5141 2510 5192 εί
2542 5139 2744 5204 ἀδίκως
2778 5141 3087 5213 πολεμοῖεν,
3111 5144 3205 5196 καὶ
3232 5143 3392 5215 χάριν
3421 5123 3605 5200 ἄδικον
3635 5123 3757 5201 αντὶ

515 5213 712 5284 perint,
740 5223 794 5268 et
823 5215 1072 5281 injustam
1100 5219 1326 5284 gratiam
1358 5234 1454 5288 pro
1483 5219 1624 5286 justa
1653 5213 1964 5292 rependere.

849 5305 1196 5364 CDLXXXV.
1227 5339 1296 5349 —
1339 5311 1750 5373 lSCllYRlONl.

2181 5225 2396 5291 δικαίας
2421 5229 2675 5285 ἐκτίνειν.

2615 5322 2790 5380 ΥΠΕΡ.
2834 5354 2901 5366 -
2954 5326 3332 5386 ιΣΧΥΡιΩΝι.

513 5397 712 5469 Spretis
743 5404 1025 5459 mundanis
1054 5417 1102 5460 et
1133 5409 1700 5476 caducisyculestibtts
1723 5412 2038 5471 studendum
2051 5433 2082 5502 ;⁹
2098 5425 2149 5473 et
2177 5417 2242 5522 τε
2279 5418 2371 5475 illa
2405 5419 2742 5479 Ecclesiaste
2767 5438 2788 5480 .'
2837 5441 2856 5476 t
2898 5423 3123 5482 Vanitas
3148 5428 3468 5489 sanitatum,
3500 5435 3550 5480 et
3579 5428 3756 5482 omnia

1962 5501 2167 5545 sanitas
2202 5501 2245 5542 '.
2284 5507 2304 5542 ε

583 5563 794 5624 Videris
824 5570 1075 5640 ignorare
1098 5576 1346 5636 tenebras
1374 5578 1496 5641 vita:
1529 5579 1837 5638 mortalium
1860 5581 1912 5638 in
1941 5581 2077 5639 itaa-

584 5719 610 5751 ⁸
633 5717 808 5778 Eccle.
846 5739 885 5792 ι,
917 5726 970 5781 2.

2260 5584 2484 5650 Ἔοικας
2514 5585 2732 5658 ἀγνοεῖν
2756 5585 2858 5660 τῆς
2898 5588 3161 5663 βιωτικῆς
3189 5590 3488 5661 φαντασίας
3533 5588 3630 5648 τὸν
3669 5589 3759 5658 (6-
