4010 6434
195 355 316 430 ιω

1009 345 1540 410 EPISTULARUM
1584 344 1731 404 LIB.
1775 343 1922 402 V.—
1957 341 2197 402 EPIST.
2240 335 2716 401 CDLXXXVIII.

3304 336 3447 403 1610

196 484 300 538 φον,
337 461 427 516 καὶ
455 463 556 532 τῆς
583 458 737 522 θείας
777 456 1086 527 φιλοσοφίας
1119 455 1179 507 τὸ
1209 452 1343 523 φῶς.
1397 449 1604 504 Οὐκοῦν
1646 447 1744 502 ινα
1774 492 1781 506 .

1869 447 2105 518 ιίηειιάο,
2129 463 2230 504 nec
2262 463 2372 504 non
2401 448 2586 502 lumen
2611 445 2812 501 divina:
2844 441 3220 516 philosophiae.
3259 444 3448 503 Unum

197 572 268 610 σοι
291 551 395 607 τῶν
422 551 694 623 ἑκατέρου
734 548 1055 620 πράγματος
1091 546 1290 616 πεῖραν
1329 542 1627 613 εἰληφότων
1646 539 1754 613 χρὴ

197 646 428 719 μάρτυρα
477 641 796 709 ἀξιόπιστον
845 637 1193 707 παραγαγεῖν
1214 651 1227 665 ο
1280 635 1412 706 ἡμῖν
1474 634 1583 702 γάρ
1622 631 1753 694 ἴσως

191 738 244 792 οὺ
268 732 560 804 πεισθήσῃ.
594 730 728 784 Τίνα
753 723 846 782 οὖν
872 729 979 798 ἡγῇ
1032 725 1336 797 ἀξιόχρεων
1362 742 1377 790 ;
1419 722 1608 776 Βούλει
1659 721 1754 775 τὸν

193 825 465 896 τίλλομῶνα
528 825 604 887 είς
639 821 803 893 μέσον
850 818 1184 888 άγάγωμεν;
1239 809 1406 878 Οὗτος
1438 814 1546 884 γὰρ
1589 810 1756 884 ἡνίκα

192 919 281 990 μὲν
305 915 382 987 τῷ
410 915 524 968 τῶν
555 911 824 984 βιωτικῶν
854 908 1196 986 πραγμάτων
1224 905 1390 977 ιρωτι
1423 905 1753 976 κεκράτητε,

195 1006 414 1078 μέγιστά
437 1021 501 1058 τε
541 1003 680 1060 αὐτὰ
727 1001 937 1072 ἠγεῖτο,
986 998 1083 1054 καὶ
1125 997 1406 1070 θαύματος
1437 997 1751 1067 κρείττονα,

193 1099 277 1151 καὶ
302 1096 483 1149 πᾶσαν
505 1091 635 1163 περὶ
655 1087 798 1152 αὐτὰ
811 1087 911 1159 τὴν
937 1086 1195 1158 φροντίδα
1212 1085 1443 1156 Ιστρεφε
1457 1102 1472 1117 ·
1500 1083 1758 1155 λαμπράς

194 1186 284 1256 μὲν
307 1180 761 1252 οἰκοδομούμενος
797 1177 994 1244 οἰκίας,
1023 1175 1246 1248 χρυσίον
1268 1175 1326 1230 δὲ
1353 1175 1600 1241 συνάγων
1624 1191 1638 1204 ·
1663 1174 1756 1227 καὶ

191 1275 474 1347 μουσικοὺς
510 1272 612 1342 μὲν
634 1271 833 1343 χοροὺς
867 1268 1207 1338 συγκροτῶν,
1252 1266 1668 1340 τραπεζοποιῶν
1700 1267 1758 1319 δὲ

193 1368 313 1438 γένη
351 1366 450 1420 καὶ
489 1363 771 1437 μαγείρων
823 1361 1140 1434 κτώμενος·
1194 1362 1287 1414 καὶ
1350 1359 1453 1431 τὴν
1499 1359 1609 1413 άπὸ
1658 1359 1758 1429 τῆς

189 1459 401 1529 ισθῆτος
429 1456 661 1529 τρυφὴν,
683 1455 780 1510 καὶ
798 1455 898 1528 τὴν
922 1454 1030 1509 άπὸ
1048 1453 1158 1507 τῶν
1183 1452 1525 1526 παραδείσων
1544 1451 1757 1523 τέρψιν,

189 1549 275 1602 καὶ
311 1549 409 1618 τὴν
447 1547 563 1602 ἀπὸ
589 1547 698 1601 τῶν
732 1543 1003 1616 λαμπρῶν
1024 1543 1293 1614 σωμάτων
1315 1542 1507 1616 ἡδονὴν
1523 1540 1758 1612 δαψιλῶς

187 1639 353 1711 ἑαυτῷ
374 1618 835 1711 παρασκευάζων,
852 1635 945 1690 καὶ
960 1638 1162 1700 πᾶσαν,
1179 1635 1254 1699 ὡς
1271 1637 1465 1700 εἰπεῖν,
1487 1632 1760 1706 λεωφόρον

1859 542 2044 612 itaque
2073 540 2170 596 tibi
2201 537 2487 610 utriusque
2517 537 2594 595 rei
2624 536 3001 608 experimento
3035 542 3214 608 capto,
3251 543 3444 592 testem

1858 630 2005 688 omni
2057 629 2377 698 exceptione
2429 628 2694 700 majorem
2754 626 3042 694 adducam,
3098 627 3224 698 quia
3286 627 3446 684 nobis

1871 722 2095 780 credere
2121 720 2352 776 fortasse
2381 733 2628 776 recusas.
2661 716 2795 786 Quis
2816 717 3002 788 igitur,
3035 717 3252 783 amabo,
3285 717 3446 774 fidem

1856 813 1997 885 apud
2029 821 2082 868 te
2108 809 2394 883 reperiat?
2428 808 2691 868 Placetne
2739 807 3084 866 Salomonem
3114 811 3168 866 in
3204 812 3445 867 medium

1856 903 2165 977 proferam?
2221 901 2322 962 Hic
2369 919 2487 969 rex,
2533 915 2722 960 earum
2777 916 2984 968 rerum,
3031 915 3155 972 qua
3201 902 3273 957 ad
3319 902 3449 958 vitae

1857 1007 1982 1053 sunt
2011 1011 2169 1053 usum
2216 995 2562 1062 necessariae,
2604 1008 2792 1051 amore
2816 1002 3034 1064 captus,
3057 991 3328 1050 maximas
3355 1007 3454 1049 eas

1859 1084 2109 1155 ducebat,
2143 1099 2198 1144 et
2251 1088 2615 1145 admiratione
2662 1086 2919 1158 majores,
2982 1099 3312 1153 omnemque
3379 1086 3447 1141 ad

1865 1195 1959 1238 eas
1989 1196 2078 1238 res
2129 1195 2317 1238 curam
2351 1180 2846 1252 cogitationemque
2906 1177 3220 1237 convertit:
3255 1192 3450 1249 magna

1859 1286 2055 1343 nempe
2100 1272 2388 1342 amplaque
2443 1271 2685 1327 incolens
2742 1270 2965 1342 palatia,
3040 1278 3203 1340 atque
3259 1269 3449 1326 domus

1860 1375 2141 1438 augustas,
2177 1379 2366 1420 aurum
2428 1363 2495 1418 iis
2539 1364 2833 1430 adhibens,
2885 1378 2952 1418 ac
3001 1362 3244 1418 musicos
3296 1376 3452 1418 com-

1861 1471 2071 1527 ponens
2116 1458 2335 1521 choros,
2385 1469 2586 1512 mensae
2630 1465 2988 1519 structorum,
3034 1464 3200 1525 atque
3239 1466 3451 1524 coquo—

1862 1562 1981 1603 rum
2039 1546 2188 1602 varia
2232 1546 2518 1618 possidens
2562 1559 2762 1617 genera
2811 1562 2826 1600 :
2876 1543 3328 1600 vestimentorum
3379 1541 3450 1598 ad

1863 1636 1977 1692 haec
2001 1649 2126 1707 rege
2153 1635 2438 1706 dignorum
2473 1634 2683 1700 luxum,
2707 1632 2991 1689 hortorum
3021 1632 3186 1689 etiam
3219 1631 3456 1689 amoni-

186 1730 536 1802 ψυχαγωγίας
546 1730 638 1784 καὶ
652 1727 896 1800 τέρψεως
911 1725 1249 1798 ἀνατέμνων.
1267 1726 1479 1797 Ἐπειδὴ
1492 1724 1549 1778 δὲ
1567 1725 1761 1798 μικρὸν

1869 1733 2053 1790 tatem,
2071 1733 2127 1780 et
2147 1739 2178 1779 e
2205 1723 2504 1794 splendidis
2529 1722 2850 1793 corporibus
2877 1720 3209 1792 voluptatem
3231 1721 3458 1792 opipare

187 1820 382 1876 ίκεῖθεν
411 1819 608 1891 ὥσπερ
639 1819 750 1874 sane
800 1817 998 1890 μανίας
1037 1819 1328 1888 ἀνήνεγκε,
1368 1817 1464 1870 καὶ
1505 1815 1759 1888 καθάπερ

1869 1831 1931 1872 ac
1959 1815 2105 1871 laute
2128 1814 2232 1871 sibi
2262 1826 2558 1886 apparans,
2581 1825 2910 1884 omnemque
2933 1812 3071 1868 adeo
3099 1810 3272 1880 viam,
3308 1812 3453 1880 quod

187 1915 246 1968 εκ
275 1911 603 1984 λαϐυρίνθου
642 1910 791 1974 τινος
827 1908 1059 1981 ζοφεροῦ
1087 1908 1224 1980 πρὸς
1258 1909 1322 1963 τὸ
1357 1907 1758 1979 ὑπέρλαμπρον

185 2005 276 2075 τῆς
341 2004 721 2077 ὑπερκοσμίου
767 2001 1081 2071 φιλοσοφίας
1145 1999 1450 2068 ἀναϐλέψαι
1518 1998 1759 2070 ἠδυνήθη

187 2096 314 2166 φῶς,
362 2095 433 2150 τὸ
479 2093 788 2165 τηνικαῦτα
840 2094 940 2164 τὴν
988 2091 1200 2163 ὑψηλὴν
1245 2091 1466 2161 εκείνην
1525 2091 1621 2144 καὶ
1649 2089 1758 2144 τῶν

186 2187 419 2260 οὐρανῶν
453 2186 617 2254 ἀξίαν
640 2184 838 2257 ἔρρηξε
867 2185 1052 2254 φωνήν
1133 2202 1152 2236 ι
1187 2181 1499 2252 Ματαιότης
1535 2197 1761 2252 ματαιο-

186 2281 379 2350 τήτων,
403 2279 480 2334 τά
511 2278 692 2332 πάντα
724 2275 1046 2349 ματαιότης.
1102 2294 1122 2326 ο
1176 2275 1240 2329 Ei
1277 2273 1460 2329 τοίνυν
1487 2275 1516 2328 ὀ
1546 2273 1672 2345 μηδ’
1701 2274 1762 2326 ιν

188 2371 390 2441 χρόνοις
436 2368 816 2440 γεγενημένος
866 2366 1069 2437 πολλὴν
1117 2362 1410 2419 ἀπαιτοῦσι
1440 2362 1762 2432 φιλοσοφίας

189 2463 507 2538 ἀκρίϐειαν,
553 2461 796 2533 ⁴Ιιδυνήθη
854 2460 1084 2515 συνιδεῖν
1144 2455 1206 2512 τδ
1240 2457 1350 2512 τῶν
1413 2457 1762 2528 πραγμάτων

188 2556 426 2627 ἀνόητον,
448 2556 549 2611 καὶ
571 2554 772 2626 πολλὴν
795 2553 976 2610 αὐτῶν
1002 2551 1352 2623 καταγνῶναι
1378 2549 1720 2622 ματαιότητα
1743 2565 1758 2581 ο

185 2646 335 2702 ποίαν
359 2647 563 2717 ῑξομεν
602 2643 933 2716 συγγνώμην
959 2647 1009 2698 oi
1045 2646 1184 2716 πρὸς
1210 2642 1548 2716 ὑψηλοτέραν
1582 2643 1765 2698 κελευ·

188 2731 402 2798 «om;
455 2731 734 2802 ’ἀναϐῆναι
789 2731 1109 2801 φιλοσοφίας
1164 2732 1433 2804 κορυφὴν,
1494 2731 1592 2785 καὶ
1626 2731 1763 2802 μηδὲ

186 2820 282 2896 τὴν
335 2824 514 2894 αὐτὴν
557 2825 750 2896 ὲκείνῳ
816 2823 1108 2895 δυνάμενοι
1181 2824 1343 2896 ῥῆξαι
1391 2822 1596 2895 φωνὴν,
1648 2823 1763 2878 ἀλλ’

187 2910 322 2968 οὕτω
357 2914 742 2985 περιεχόμενοι
768 2912 878 2968 τῶν
909 2913 1080 2969 σκιῶν
1116 2914 1211 2968 καὶ
1235 2913 1347 2968 τῶν
1391 2911 1644 2984 ὀνείρων,
1676 2912 1756 2977 ὡς

188 3005 276 3060 καὶ
305 3005 585 3077 σωτηρίας
623 3004 900 3078 ὑπεριδεῖν
922 3022 938 3072 ;

255 3204 451 3272 me".
477 3234 550 3244 —
575 3204 950 3278 umnam,
1003 3205 1415 3280 meamne,
1454 3209 1685 3282 ΚΑΣΙῼ.

1860 1909 2034 1972 aiunt,
2075 1904 2397 1974 adaperiens
2443 1902 2864 1959 oblectamentis
2908 1901 3078 1957 animi
3121 1916 3186 1958 ac
3220 1901 3452 1959 deliciis.

1862 1996 1967 2054 Ubi
2000 2010 2131 2052 vero
2161 1995 2287 2051 inde
2317 1995 2616 2066 paulisper,
2650 1993 2798 2050 velut
2834 1992 2904 2048 ab
2928 1992 3172 2048 amentia
3204 1991 3454 2062 recessit,

1863 2104 1928 2144 ac
1951 2087 2117 2145 veluti
2139 2101 2210 2144 ex
2246 2087 2482 2144 obscuro
2519 2085 2833 2157 labyrintho
2869 2081 2940 2141 ad
2965 2082 3331 2140 clarissimum
3357 2098 3454 2140 su-

1865 2193 2047 2251 perum
2088 2177 2445 2249 philosophia:
2475 2177 2658 2234 iumen
2688 2176 2866 2247 potuit
2905 2175 3175 2248 aspicere,
3215 2171 3271 2230 in
3314 2174 3455 2231 hanc

1863 2273 2002 2329 adeo
2021 2271 2310 2329 sublimem
2331 2286 2397 2328 ac
2420 2269 2566 2328 celo
2582 2268 2803 2340 dignam
2834 2265 3013 2339 erupit
3039 2282 3225 2324 vocem
3255 2285 3271 2320 :
3303 2285 3323 2321 ι
3353 2266 3458 2323 Va-

1865 2367 2009 2422 nitas
2036 2367 2363 2435 vanitatum,
2401 2371 2458 2422 et
2498 2365 2681 2421 omnia
2718 2365 2951 2419 vanitas.
2993 2383 3013 2416 ι
3051 2361 3109 2419 Si
3153 2362 3340 2432 itaque
3359 2362 3456 2433 qui

1864 2473 1931 2515 eo
1990 2456 2191 2515 saeculo
2243 2469 2405 2513 natus
2451 2472 2562 2515 non
2614 2464 2721 2521 est,
2753 2457 2895 2526 quod
2936 2464 3145 2512 tantum
3199 2455 3459 2529 perfecta

1868 2549 1992 2604 vita:
2029 2549 2267 2603 studium
2311 2547 2504 2618 exigit,
2528 2546 2706 2617 potuit
2736 2559 2920 2600 rerum
2946 2544 3266 2616 conspicere
3301 2558 3460 2616 equo

1865 2639 2050 2696 animo
2071 2638 2417 2702 inanitatem,
2449 2637 2832 2708 ingentemque
2860 2635 3097 2705 ipsarum
3123 2648 3456 2705 cognoscere

1867 2727 2216 2792 vanitatem:
2259 2742 2425 2799 quam
2478 2741 2601 2793 nos,
2643 2743 2852 2799 quaeso,
2902 2727 3118 2782 veniam
3149 2740 3456 2798 conseque-

1867 2837 2012 2889 mur,
2036 2822 2128 2892 qui
2177 2821 2249 2876 ad
2294 2819 2670 2877 sublimiorem
2714 2818 2854 2891 jussi
2917 2819 3285 2874 conscendere
3324 2831 3455 2873 cono

1869 2908 2232 2981 temple'tionis
2280 2908 2565 2975 verticem,
2600 2922 2779 2980 neque
2810 2909 2948 2964 hanc
2981 2908 3157 2979 ipsam
3200 2907 3455 2964 emittere

1866 3015 2053 3057 vocem
2115 3015 2429 3072 possumus,
2473 3008 2528 3057 et
2583 3000 2794 3057 umbris
2835 2996 3172 3069 somniisque
3215 2998 3457 3069 undique

1869 3096 2004 3149 adeo
2031 3093 2176 3162 capti
2202 3106 2417 3157 sumus,
2448 3100 2507 3147 ut
2531 3091 2762 3147 salutem
2797 3092 2902 3162 ipsi
2927 3091 3265 3162 negligemus
3291 3091 3318 3146 2
3370 3131 3375 3137 -

1789 3151 1836 3212 c
1924 3151 2302 3263 οοωίχιγι.
2359 3233 2435 3246 —-
2468 3151 2842 3273 LAMPETJO;
2856 3151 3271 3273 δτιιλτὶαιο,
3329 3199 3421 3261 ET

2523 3271 2791 3329 CASSIO.

939 3366 1015 3421 De
1038 3369 1270 3437 quodam
1298 3383 1450 3438 quem
1474 3368 1554 3421 illi
1580 3369 1650 3421 ad
1683 3383 1814 3437 quos
1841 3367 2024 3422 scribit
2070 3381 2325 3421 accusare
2351 3365 2722 3427 instituerant..

255 3474 406 3551 Ἀρα
439 3479 516 3550 μὴ
551 3481 728 3551 χρόνῳ
779 3482 962 3551 φανὲν»
990 3483 1052 3536 τὸ
1087 3485 1324 3556 γράμμα
1361 3486 1544 3557 γραφῆ
1580 3499 1763 3556 “deus

184 3565 362 3624 δοῦναι
394 3569 478 3640 τῷ
501 3570 654 3641 πόθῳ
709 3572 1050 3644 κεκμηκότες
1093 3573 1439 3644 ὀσκέψασθες
1494 3573 1762 3644 Πείθομαι

188 3661 287 3731 μιν
312 3679 329 3697 ·
360 3663 426 3716 οὐ
464 3661 568 3732 μὴν
596 3662 813 3733 ipf]qu
837 3661 1126 3728 ἁλώσεται,
1158 3667 1228 3736 τῇ
1252 3666 1380 3736 σιγῆ
1403 3663 1504 3737 τὴν
1532 3680 1764 3736 κατηγο-

187 3751 306 3821 ρίαν
349 3751 478 3806 καθ’
507 3751 712 3807 ἑαυτοῦ
764 3752 1072 3822 βεϐαιῶσαν
1095 3773 1108 3785 ·
1151 3755 1289 3809 ἀλλὰ
1347 3757 1442 3809 καὶ
1491 3757 1622 3828 ῥᾷον
1670 3756 1764 3809 καὶ

187 3838 383 3896 θᾶττον
407 3841 834 3914 ἀπολογήσεται,
883 3845 965 3898 ὅτι
996 3845 1286 3918 σωματικὴ
1328 3846 1610 3918 ἀρρωστία
1662 3844 1763 3916 τὴν

189 3929 346 4002 σιγὴν
382 3930 696 4003 ἐγέννησεν.

685 4020 862 4078 τοῖιν.
915 4053 984 4063 -
1027 4023 1258 4096 nemo.

1943 3484 2025 3537 Au
2053 3481 2405 3552 scriptionem
2438 3496 2543 3536 non
2571 3481 2893 3552 tempestive
2924 3489 3272 3554 apparentem
3295 3497 3459 3540 accu-

1871 3574 2066 3630 sationi
2112 3572 2331 3628 tradere
2383 3571 2656 3627 desiderio
2720 3569 2850 3628 victi
2899 3572 3224 3641 cogitastis?
3279 3571 3458 3631 Credo

1869 3662 2122 3734 equidem
2163 3676 2180 3716 :
2219 3675 2322 3716 nec
2359 3661 2658 3716 solitariam
2705 3661 3147 3733 deprehendetur
3175 3673 3366 3721 contra
3397 3680 3458 3722 se

1871 3751 2268 3808 accusationem
2318 3745 2589 3813 ﬁrmasse,
2617 3751 2711 3807 sed
2755 3750 2968 3808 facilius
3011 3753 3175 3808 etiam
3211 3765 3267 3810 et
3293 3755 3458 3812 citius

1873 3843 2214 3910 defendetur,
2242 3842 2387 3914 quod
2420 3841 2670 3914 corporis
2693 3841 2988 3900 infirmitas
3022 3843 3301 3902 silentium
3344 3859 3458 3918 pe-

1873 3936 2098 4004 pererit.

2201 4024 2366 4098 7M
2399 4021 2799 4081 anxxxvu.
2825 4056 2898 4068 —
2938 4024 3119 4084 NlLO.

724 4112 830 4168 Pro
863 4115 1088 4184 acceptis
1119 4132 1152 4169 a
1186 4127 1402 4186 parente
1426 4115 1717 4187 beneﬁciis,
1742 4118 1920 4174 iiberis
1953 4119 2115 4174 uicem
2158 4134 2271 4174 esse
2299 4120 2682 4190 rependendam
2719 4129 2916 4174 monet.

255 4224 385 4282 Ὅτι
407 4228 439 4280 ὀ
465 4227 613 4282 δεῖνα
644 4229 759 4300 (51)
810 4231 1033 4304 ὀρφανῷ
1072 4249 1154 4286 σοι
1208 4233 1582 4306 γεγενημένῳ,
1641 4233 1764 4291 ἀντὶ

1942 4235 2097 4292 Nosti
2156 4238 2445 4305 quemdam
2477 4235 2572 4291 tibi
2619 4237 2869 4306 orphano
2918 4234 3064 4291 facto
3109 4237 3282 4305 patris
3338 4237 3459 4295 loco

188 4317 391 4390 πατρὸς
419 4318 663 4388 γόγονεν,
693 4316 870 4376 οῐσθα.
923 4319 1076 4377 Ἐπεὶ
1096 4325 1276 4380 τοίνυν
1325 4327 1530 4390 ἐκεῖνος
1572 4326 1673 4398 μὲν
1703 4325 1762 4394 εξ

1871 4322 2060 4384 fuisse.
2091 4325 2142 4382 is
2188 4341 2354 4398 porro
2397 4341 2466 4382 ex
2512 4328 2616 4383 hac
2667 4328 2775 4383 vita
2820 4327 3066 4384 sublatus
3124 4337 3230 4384 est.
3287 4329 3460 4398 igitur

541 4407 750 4483 ᾤχετοο
790 4415 840 4466 oi
896 4414 956 4468 δὲ
1005 4414 1196 4468 τούτου
1238 4418 1372 4482 υἱεῖς
1409 4387 1621 4472 δέονται
1667 4387 1761 4473 τοῖς

1870 4417 2018 4474 illius
2060 4416 2155 4473 lilii
2188 4387 2380 4474 manus
2409 4419 2691 4475 tendentes
2731 4427 2784 4472 le
2827 4429 3040 4489 rogant,
3069 4418 3186 4487 eius
3225 4387 3453 4490 qui-tibi

192 4503 350 4573 χεῖρα
375 4503 681 4574 ὀρέξαντος,
727 4505 824 4558 καὶ
868 4505 966 4577 τὴν
1009 4507 1275 4578 ὀρφανίαν
1305 4509 1765 4580 παραμυθησομέ·

192 4607 284 4645 νου
305 4609 321 4624 ο
354 4591 415 4648 εὖ
453 4599 647 4662 ποιεῖς,
681 4597 731 4649 εί
783 4596 880 4651 m1
933 4597 1096 4660 αὐτὸς
1143 4600 1264 4652 άντὶ
1319 4600 1524 4672 πατρὸς
1582 4601 1766 4663 αὐτοῖς

192 4683 390 4751 γόνοιο,
423 4684 522 4756 τὴν
547 4686 808 4757 πατρῴαν
835 4688 1156 4760 εὐεργεσίαν
1195 4692 1276 4754 είς
1320 4690 1446 4754 τοὺς
1476 4693 1624 4755 υίοὺς
1661 4708 1762 4743 κα-

191 4774 375 4829 τατιθέ
383 4791 564 4846 μενος.

694 4885 869 4939 ΥΠΗ’.
901 4913 968 4926 -·
995 4887 1280 4943 ΜΑΡΩΝΙ.

1873 4510 2001 4565 olim
2034 4524 2226 4566 manus
2265 4513 2530 4581 porrexit,
2556 4520 2611 4565 et
2638 4509 2926 4567 orbitatem
2976 4519 3122 4566 tuam
3171 4511 3459 4571 miseratus

1873 4613 1977 4658 est.
2003 4601 2170 4657 Recte
2197 4601 2420 4668 feceris,
2443 4602 2491 4657 si
2523 4610 2576 4657 et
2612 4602 2730 4671 ipse
2748 4600 2868 4658 loco
2893 4603 3066 4672 patris
3101 4601 3209 4660 illis
3242 4603 3338 4670 sis,
3356 4618 3456 4676 pa-

1877 4701 2089 4746 ternum
2125 4691 2452 4748 beneficium
2476 4692 2530 4747 iu
2557 4692 2698 4748 ﬁlios
2730 4705 3017 4762 reponens.

2238 4892 2670 4950 CDLXXXVIII.
2702 4922 2772 4933 —-—-
2801 4890 3087 4948 MARONI.

1040 4979 1359 5034 Diuitiarum
1394 4981 1538 5035 milia
1578 4984 1816 5037 satietas.
1850 4981 2014 5054 (Vide
2046 4984 2199 5054 epist.
2233 4983 2338 5037 142
2367 4993 2414 5038 et
2453 4984 2604 5049 565.)

258 5088 327 5146 Ei
348 5090 450 5146 καὶ
475 5095 808 5163 καταφρονεῖ
845 5095 877 5164 ἡ
930 5094 1333 5166 φιλοχρηματία
1375 5099 1556 5168 πάσης
1599 5099 1762 5153 κολά-

196 5192 352 5245 σεως,
392 5180 491 5234 καὶ
535 5180 625 5235 διά
660 5182 879 5236 πάντων
914 5184 1023 5237 τῶν
1095 5185 1286 5238 δεινῶν
1335 5191 1522 5258 χωρεῖ,
1603 5189 1764 5260 κόρον

196 5271 476 5342 ἀκορέστῳ
505 5271 665 5324 πάθει
690 5274 1089 5343 μηχανωμένη·
1125 5274 1259 5328 ἀλλὰ
1284 5276 1363 5348 τῷ
1412 5278 1548 5347 μηδὲ
1597 5281 1657 5332 ὲν
1688 5281 1766 5350 τῷ

197 5363 447 5428 κτᾶσθαι,
477 5362 582 5418 κᾶν
602 5364 669 5417 τὰ
704 5364 921 5418 πάντων
953 5364 1115 5436 λάϐῃ,
1147 5367 1436 5435 τυγχάνειν
1471 5370 1764 5441 ἁνακωχῆς

1942 5097 2056 5153 Etsi
2085 5110 2249 5168 opum
2290 5097 2560 5168 cupiditas
2601 5108 2818 5152 omnem
2856 5109 3172 5153 contemnat
3227 5103 3460 5175 castiga-

1869 5190 2095 5258 tionem,
2154 5204 2210 5246 et
2274 5191 2460 5262 gravia
2534 5203 2763 5262 quaeque
2839 5195 3102 5264 pervadat
3164 5196 3460 5252 insatiabili

1871 5277 2085 5336 aifectui
2129 5282 2434 5338 satietatem
2471 5284 2734 5339 moliens:
2772 5294 2955 5343 tamen
2999 5289 3140 5358 quod
3183 5290 3235 5343 in
3283 5291 3457 5360 possi-

1871 5373 2068 5437 dendo,
2104 5377 2355 5440 quamvis
2395 5378 2638 5431 omnium
2669 5375 2953 5435 facultates
3001 5380 3228 5451 ceperit,
3255 5381 3455 5437 nullam

1293 5524 1525 5580 ΥΑῐῖΙίΕ
1566 5524 1955 5581 LECTIONES
1995 5527 2082 5582 ET
2125 5527 2356 5584 NOTAE.

268 5676 379 5761 (ξι)
411 5675 529 5761 Prol
562 5677 588 5726 ὀ
613 5674 770 5761 ιξεῖνοι
806 5678 964 5761 codd.
987 5751 996 5761 ι
1018 5679 1140 5732 Val.
1187 5680 1289 5733 650
1321 5691 1373 5734 ei
1408 5683 1511 5761 ᾼιιτ
1573 5682 1773 5761 habent

1883 5697 2125 5761 πατρος,
2154 5695 2212 5739 ut
2236 5685 2286 5738 id
2318 5700 2512 5761 nomen
2553 5687 2625 5761 sit
2655 5687 2782 5761 ejus
2818 5705 2925 5756 quo
2953 5689 3016 5742 de
3052 5690 3266 5761 agitur;
3299 5706 3458 5761 quem

204 5743 318 5805 6νῆ
355 5743 582 5814 πατρός.
613 5743 774 5806 Forte
814 5749 1092 5816 legendum
1145 5768 1247 5802 uno
1294 5754 1549 5806 vocabulo
1592 5753 1761 5805 Ἀντί·

535 5837 801 5900 Parnm.
842 5839 958 5899 Gn.
1013 5841 1331 5904 LXXVIII.

1873 5771 1970 5812 cur
1987 5759 2265 5813 nominare
2291 5757 2536 5812 omiserit
2559 5758 2820 5826 lsidorus,
2855 5775 2958 5814 non
2978 5757 3112 5828 apptt
3124 5775 3221 5814 ret.
3243 5757 3458 5818 Possm.

3032 5853 3098 5914 51
