4010 6504
527 405 661 475 1615

1716 406 1773 466 S.
1817 405 2102 466 ISIDORI
2145 403 2577 465 PELUSIOT.-E

3621 403 3756 474 Ῑίτίθ

521 521 761 584 nomino,
804 531 906 572 non
938 515 1025 588 qui
1061 524 1335 572 sectantur
1377 514 1614 572 Platonis
1652 513 1861 572 dicendi
1907 532 2057 588 genui

2183 513 2275 566 καὶ
2310 515 2406 585 τὴν
2440 515 2762 569 Θουκυδίδου
2794 514 3118 584 σεμνότητα,
3142 514 3234 568 καὶ
3260 513 3358 584 τὴν
3378 517 3754 586 Δημοσθένους

521 611 768 676 sublime,
806 609 888 665 vel
921 607 1246 680 Thucydidas
1273 607 1613 679 gravitatem,
1649 617 1741 662 aut
1765 607 2078 662 Demosthe-

2172 603 2453 674 δεινότητα
2485 601 2803 674 ζηλοῦντας,
2836 604 2972 658 ἀλλά
2995 606 3122 669 τοὺς
3147 605 3304 674 λόγον
3335 606 3632 661 ἀποδοῦναι
3660 607 3756 662 δυ-

523 704 605 759 nis
627 699 1147 772 grandiloquentiam
1180 698 1477 768 imitantur,
1519 699 1613 755 sed
1645 698 1736 769 qui
1768 698 1834 753 de
1880 697 2057 752 divini:

2174 694 2443 764 ναμένους
2471 694 2613 768 ὑπὲρ
2643 694 2750 750 τῶν
2781 694 2939 750 θείων
2965 695 3273 766 δογμάτων,
3302 697 3397 750 καὶ
3430 696 3506 768 μὴ
3533 699 3622 752 διὰ
3655 699 3756 769 τῆς

517 794 662 863 laqui
688 791 971 864 praeceptis
1006 793 1235 864 possint,
1282 803 1458 862 neque
1499 790 1711 863 ignavia
1736 787 1950 860 propria
1979 801 2057 842 ευι

2177 785 2382 849 οἰκείας
2416 784 2690 857 ῥᾳθυμίας
2731 789 2858 858 σιγῇ
2906 786 3007 859 τὴν
3043 784 3220 860 ἧτταν
3261 787 3751 859 καταδεχομένους.

515 883 732 940 silentio
760 891 1101 952 superentur.
1142 881 1242 950 Qui
1268 881 1413 938 enim
1442 881 1686 946 audiunt,
1714 894 1821 936 non
1849 878 2057 950 dicenti:

2179 877 2242 931 Οἰ
2270 876 2380 947 γάρ
2432 877 2743 946 ἀκούοντες,
2801 879 2862 933 οὐ
2918 881 3018 952 τὴν
3050 879 3146 934 τοῦ
3191 881 3443 949 λέγοντος
3474 881 3750 951 ἀπειρίαν,

514 973 861 1044 imperitiam,
912 973 1008 1029 sed
1063 972 1331 1045 dogmatis
1381 983 1676 1029 causentur
1729 970 2075 1027 imbecillita-

515 1071 643 1121 tem.

934 1171 1248 1230 CDXCVIII.
1285 1200 1354 1212 —
1376 1168 1644 1226 ALPHIO.

2179 968 2314 1022 ἀλλά
2337 967 2436 1042 τὴν
2462 967 2560 1022 τοῦ
2582 969 2852 1042 δόγματος
2885 971 3165 1027 αἰτιῶνται
3201 971 3530 1044 σαθρότητα.

2712 1174 2880 1241 ων.
2907 1202 2979 1213 -
3002 1170 3224 1243 Attalo.

750 1287 816 1342 In
844 1304 930 1343 eos
954 1287 1044 1358 qui
1065 1287 1270 1357 publica
1298 1284 1546 1342 Ecclesia!
1581 1285 1716 1339 bona
1754 1284 1809 1339 in
1845 1299 1941 1340 sua
1970 1293 2171 1341 vertunt
2203 1289 2493 1343 commoda.
2532 1287 2824 1342 [inmutata
2855 1287 3018 1356 prisci
3046 1281 3293 1355 temporis
3321 1283 3504 1353 facies.

581 1396 716 1453 Cum
756 1411 913 1453 suum
950 1395 1177 1466 quisque
1204 1392 1547 1450 commodum
1583 1406 1647 1447 ac
1674 1391 1881 1447 lucrum
1924 1407 2068 1448 com-

519 1489 671 1546 muni
699 1496 991 1560 anteponat
1015 1487 1175 1553 bono,
1202 1485 1401 1542 idcirco
1430 1499 1516 1541 res
1545 1482 1796 1540 Ecclesia:
1823 1497 2068 1554 pessum-

514 1589 664 1637 eunt.
712 1580 912 1638 Contra
946 1592 1075 1637 vero
1123 1578 1318 1635 accidit
1373 1579 1440 1634 iis
1488 1577 1577 1648 qui
1636 1575 1900 1646 majorum
1956 1585 2072 1632 tue-

506 1671 703 1726 bantur
758 1669 936 1727 ddem.
1000 1668 1154 1725 Tunc
1219 1669 1362 1725 enim
1414 1671 1622 1738 privata
1673 1667 1728 1722 in
1784 1679 2067 1724 commune

505 1761 877 1821 conferebant.
956 1762 1024 1817 At
1109 1761 1270 1818 hodie
1345 1760 1648 1818 communia
1739 1758 2058 1830 publicaque

2258 1395 2475 1469 Ἐπειδὴ
2511 1397 2725 1467 ἑκάστῳ
2757 1396 2818 1450 τὸ
2849 1396 3048 1450 οἰκεῖον
3093 1393 3284 1464 κέρδος
3318 1391 3413 1446 τοῦ
3440 1395 3592 1465 κοινῇ
3649 1412 3752 1448 καο

2121 1491 2124 1496 ’
2174 1487 2547 1557 ταστήσασθαί
2594 1505 2647 1542 τι
2693 1486 2930 1559 χρηστὸν
2985 1486 3399 1558 προτιμότερον,
3450 1483 3538 1540 διὰ
3588 1485 3749 1539 τοῦτο

2170 1574 2238 1626 τά
2285 1572 2385 1643 τῆς
2437 1574 2764 1645 Ἐκκλησίας
2833 1575 3186 1646 προπίποται
3248 1570 3570 1644 πράγματα.
3637 1575 3750 1629 Καὶ

2169 1666 2481 1720 τούναντίον
2518 1666 2716 1738 awqu
2769 1669 2885 1731 τοῖς
2932 1666 3323 1738 γεγενημένοις
3369 1665 3466 1718 ἐπὶ
3503 1664 3611 1719 τῶν
3645 1667 3745 1735 τῆς

2170 1755 2403 1822 πίστεως
2431 1759 2731 1828 προγόνων.
2763 1759 2895 1813 Τότε
2937 1759 3035 1831 μὲν
3065 1759 3173 1830 γάρ
3199 1757 3269 1812 τά
3294 1757 3402 1813 ῖδια
3434 1759 3516 1822 εἰς
3544 1757 3604 1812 τὸ
3629 1774 3741 1812 κοι·

504 1853 722 1910 domum
792 1851 1128 1909 conferentes
1166 1891 1180 1916 ,
1259 1865 1326 1906 ex
1396 1849 1621 1904 aliorum
1695 1847 2057 1904 incommodis

2169 1846 2256 1902 νὺν
2283 1847 2667 1919 προύτίθεσαν,
2703 1849 2798 1904 νῦν
2821 1851 2879 1905 δὲ
2913 1850 2982 1904 τά
3009 1850 3166 1905 κοινά
3191 1850 3376 1904 οῐκαδέ
3404 1867 3548 1914 τινες
3581 1866 3746 1920 μεταο

503 1945 712 2004 iucrum
745 1945 1032 2016 prcdando
1064 1953 1342 2016 reportare
1371 1957 1476 1998 non
1507 1943 1854 1999 erubescunt.

914 2143 1186 2203 CDXCIX.
1213 2173 1285 2184 —
1320 2140 1497 2198 NILO.

2175 1939 2514 2010 κομίζοντες,
2555 1942 2654 1996 οὐκ
2700 1942 3043 2013 αἰσχύνονται
3086 1941 3146 2008 ἐξ
3174 1941 3473 2014 ἀλλοτρίων
3525 1940 3747 2014 κερδαίο

2176 2044 2356 2093 νοντες
2395 2031 2708 2101 συμφορῶν.

2691 2139 2856 2208 me.
2887 2170 2956 2183 -
2981 2140 3211 2212 ΝΕΙΛῼ.

1219 2256 1297 2309 Ab
1325 2254 1444 2310 aliis
1468 2253 1682 2308 irrideri
1710 2253 1786 2310 vel
1817 2270 1850 2310 α
1876 2252 2140 2325 gravibus,
2172 2251 2250 2304 vel
2273 2265 2306 2303 a
2334 2250 2554 2320 perditis
2595 2251 2878 2307 discrimen
2907 2263 3005 2308 est.

568 2366 616 2422 Δ
640 2366 771 2423 viris
799 2366 1047 2438 gravibus
1072 2374 1232 2435 atque
1263 2361 1496 2420 cordatis
1525 2362 1738 2418 irrideri
1765 2361 2052 2420 molestum

498 2469 582 2517 est
600 2461 854 2532 quidem;
880 2467 934 2512 at
961 2472 1088 2513 vero
1114 2471 1144 2512 ε
1176 2455 1476 2511 libidinosis
1495 2453 1814 2526 lascivisque
1841 2447 2061 2510 minime

499 2549 657 2605 hodie
691 2547 970 2604 molestum
998 2556 1102 2602 est.
1131 2545 1233 2612 Qui
1262 2543 1406 2600 enim
1437 2558 1469 2598 a
1514 2553 1660 2600 recto
1688 2559 1870 2600 rerum
1901 2544 2062 2601 aber-

500 2647 620 2693 rant
645 2638 868 2709 judicio,
904 2637 1238 2694 subsannant
1266 2650 1328 2691 ea
1351 2636 1513 2691 etiant
1543 2649 1662 2704 quae
1694 2635 2057 2691 admiratione

496 2732 604 2786 sint
625 2729 807 2800 digna.

1059 2835 1120 2890 Ι).
1151 2864 1221 2876 -
1249 2835 1496 2892 ΡΕΤΒΟ.

2235 2354 2310 2408 Τὸ
2350 2355 2449 2426 μιν
2493 2358 2644 2428 παρά
2696 2359 2806 2412 τῶν
2854 2357 3072 2430 σεμνῶν
3117 2359 3212 2413 καὶ
3245 2359 3540 2430 σωφρόνων
3583 2360 3750 2430 γελᾶ-

2166 2445 2309 2514 σθαι,
2333 2448 2502 2502 δεινόν
2527 2463 2541 2478 ·
2576 2449 2642 2502 τὸ
2670 2449 2726 2503 δὲ
2755 2453 2907 2522 παρά
2934 2450 3042 2503 τῶν
3087 2449 3333 2518 ἀσελγῶν
3373 2451 3464 2504 καὶ
3502 2452 3741 2521 λάγνων,

2163 2537 2224 2590 ού
2285 2537 2476 2593 δεινόν.
2534 2539 2645 2610 Τῆς
2701 2539 2811 2612 γὰρ
2863 2541 3033 2612 ὀρθῆς
3078 2541 3186 2596 τῶν
3235 2544 3575 2613 πραγμάτων
3621 2546 3744 2601 δια-

2165 2632 2532 2703 μαρτάνοντες
2570 2632 2828 2705 κρίσεως,
2865 2635 3069 2705 γελῶσι
3115 2635 3182 2690 τά
3223 2634 3502 2705 θαύματος
3551 2639 3744 2709 κρείτ-

2163 2741 2312 2780 τονα.

2723 2837 2802 2891 ιν.
2829 2867 2898 2877 -
2926 2836 3173 2908 ιιι-προ.

1087 2948 1329 3005 ϐωίεειία
1355 2950 1723 3005 ικεάὶεαπιίκιη
1747 2948 1826 3003 uel
1851 2947 2120 3004 terrestria
2146 2949 2270 3018 quid
2293 2949 2519 3004 intersit.
2556 2949 2792 3022 (Confer.
2816 2953 2969 3022 epist.
3002 2952 3152 3022 485.)

567 3061 756 3134 ingens
779 3075 844 3116 ac
867 3060 1162 3116 vehemens
1190 3059 1501 3129 prudentia,
1531 3058 1600 3114 ab
1627 3059 1788 3114 exilia
1814 3057 2061 3128 malaque

496 3152 806 3223 gerentibus
838 3149 1018 3222 parari
1049 3149 1254 3221 nequit.
1299 3147 1667 3218 Cogitationes
1716 3149 1861 3204 enim
1895 3161 2061 3218 Opera

2228 3055 2386 3123 Μέγα
2422 3057 2515 3109 καὶ
2551 3058 2801 3112 νεανικὸν
2823 3062 3082 3131 φρόνημα
3117 3061 3217 3132 οὐχ
3256 3055 3367 3117 οἷόν
3396 3079 3451 3116 τε
3479 3064 3742 3136 τεχθῆναι

2160 3144 2236 3215 τῷ
2271 3146 2445 3217 μικρά
2473 3147 2569 3202 καὶ
2591 3149 2773 3218 φαῦλα
2794 3151 3113 3222 πράττοντι.
3145 3152 3270 3217 Τοῖς
3303 3154 3412 3226 γάρ
3435 3153 3620 3226 ἔργοις
3642 3159 3742 3212 καὶ

495 3243 842 3299 comitantur.
906 3239 1010 3307 Qui
1067 3240 1210 3295 enim
1265 3254 1381 3309 qua:
1423 3239 1490 3293 ad
1526 3255 1680 3296 usum
1723 3240 1847 3294 vitae
1887 3238 2057 3309 perti-

2166 3237 2231 3291 τά
2253 3240 2574 3311 φρονήματα
2614 3239 2839 3294 ἕπεσθαι
2879 3243 3044 3311 φιλεῖ.
3083 3243 3141 3296 '0
3192 3243 3293 3312 μὲν
3331 3245 3458 3317 »γὰρ
3498 3247 3567 3301 τὰ
3609 3247 3741 3318 βιω-

511 3342 638 3389 nent
706 3340 931 3396 tractat,
991 3331 1150 3402 707
1218 3330 1352 3386 nihil
1419 3331 1657 3396 caeleste,
1711 3331 1845 3386 nihil
1892 3345 2058 3402 ange-

498 3425 660 3480 licum
715 3420 992 3494 cogitabit.
1077 3422 1146 3477 At
1225 3422 1316 3493 qui
1404 3421 1544 3478 cmlo
1623 3422 1836 3493 dignam
1914 3424 2061 3495 degit

506 3515 706 3581 vitam,
775 3527 946 3582 nugas
1021 3513 1399 3583 ineptiasque,
1453 3513 1670 3568 umbras
1730 3529 1946 3585 quoque
1996 3529 2060 3571 ac

496 3606 704 3661 somnia
767 3605 914 3660 ducit
980 3616 1102 3660 esse
1171 3603 1357 3658 mundi
1421 3603 1535 3659 hare
1592 3604 1828 3674 negotia.
1879 3603 2059 3671 Quare

496 3695 708 3765 angusti
774 3708 896 3750 esse
963 3693 1124 3749 animi
1195 3693 1388 3750 merito
1458 3696 1506 3751 is
1557 3705 1642 3751 est
1685 3695 2053 3766 appellandus,

500 3788 592 3858 qui
649 3771 716 3844 de
764 3786 946 3858 parvis
1005 3799 1124 3842 sese
1177 3786 1338 3842 rebus
1394 3787 1564 3854 lactat
1623 3789 2055 3856 :magnanimus

490 3881 700 3941 contra,
728 3873 821 3944 qui
854 3887 972 3941 quas
1001 3887 1129 3928 vere
1162 3873 1375 3930 excelsa
1412 3883 1563 3941 sunt,
1597 3873 1664 3930 iis
1687 3889 1809 3945 qua:
1844 3883 2054 3932 tantum

493 3966 618 4020 talia
644 3973 928 4037 apparent,
944 3963 1240 4034 anteponit.

845 4070 926 4124 Di.
957 4098 1023 4109 --
1050 4067 1347 4125 EUTONIO
1382 4066 1694 4123 DIACONO.

2155 3329 2284 3383 τικά
2310 3331 2840 3402 μεταχειριζόμενος,
2869 3335 3021 3388 οὐδὲν
3049 3336 3320 3405 οὐράνιον,
3351 3338 3506 3391 οὐδὲν
3546 3341 3723 3409 ἀγγε-

2165 3419 2317 3474 λικδν
2363 3422 2836 3492 φαντασθήσεται·
2876 3427 2905 3478 6
2937 3425 2992 3479 δὲ
3021 3427 3122 3498 τὴν
3167 3427 3382 3499 ούρανῷ
3417 3431 3739 3502 πρέπουσαν

2156 3516 2427 3571 πολιτείαν
2452 3515 2884 3587 πολιτευόμενος,
2903 3519 3101 3592 λήρους
3123 3522 3218 3576 καὶ
3245 3523 3538 3595 φλυαρίας,
3569 3529 3736 3592 σκιάς

2152 3623 2213 3659 τε
2262 3606 2357 3659 καὶ
2386 3606 2641 3678 ὀνείρατα
2663 3649 2678 3674 ,
2711 3609 2780 3662 τὰ
2817 3607 3051 3678 βιωτικά
3096 3613 3361 3684 ἡγήσεται
3401 3617 3733 3686 πράγματα.

2167 3697 2257 3750 Διὸ
2286 3697 2378 3753 καὶ
2401 3701 2429 3753 ό
2459 3698 2578 3770 μὲν,
2615 3699 2953 3772 μικρόψυχος
3000 3703 3226 3770 εἰκότως
3261 3706 3328 3760 ἂν
3353 3707 3604 3780 κληθείη,
3642 3711 3740 3766 ἐπὶ

2163 3793 2377 3859 μικροῖς
2405 3791 2836 3862 ὲναδρυνόμενος
2854 3810 2868 3824 ·
2900 3795 2928 3848 ό
2957 3794 3013 3848 δὲ
3037 3797 3431 3869 μεγαλόψυχος,
3467 3800 3537 3854 τά
3562 3801 3737 3866 ὅντως

2165 3879 2375 3948 μεγάλα
2389 3880 2496 3933 τῶν
2533 3879 2834 3936 δοκούντων
2866 3886 3200 3956 προκρίνων.

2481 4085 2604 4138 οΑν.
2637 4114 2704 4124 -
2739 4084 3037 4155 moth
3065 4087 3386 4162 ΔιΑιςοΝᾳ.

1813 4184 1855 4233 Α
1882 4185 2048 4252 seipse
2075 4187 2240 4259 decipi
2260 4191 2434 4261 facile.

560 4294 676 4350 Etsi
709 4300 954 4364 prompta
997 4290 1161 4345 multa
1212 4297 1356 4354 sunt,
1395 4287 1644 4358 factuque
1684 4288 1884 4357 fat-ilia,
1915 4291 2051 4347 nihil

2229 4298 2393 4353 Οὐδὲν
2437 4301 2608 4366 οὕτως
2651 4305 3018 4365 εύκολώτατόν
3069 4311 3240 4378 ἐστιν,
3298 4311 3466 4367 ὄντων
3519 4317 3734 4386 πολλῶν

493 4399 667 4444 tamen
685 4383 915 4448 facilius,
941 4382 1219 4451 magisque
1238 4379 1451 4436 obvium
1472 4395 1632 4449 quam
1653 4394 1682 4434 a
1708 4395 1766 4435 se
1783 4395 2051 4452 quemque

2166 4389 2413 4480 εύκόλων,
2447 4391 2523 4456 ὡς
2546 4393 2608 4447 τὸ
2647 4394 2876 4452 ἕκαστον
2917 4402 3110 4457 ἑαυτὸν
3152 4403 3514 4475 ἐξαπατῆσαι.
3567 4380 3733 4480 Μέγα

492 4479 684 4546 decipi.
718 4474 966 4545 Magnum
1014 4471 1160 4527 enim
1189 4472 1384 4542 cuique
1431 4486 1587 4526 suum
1624 4478 1847 4541 apparet
1871 4473 2051 4528 consi-

2166 4479 2266 4549 γὰρ
2309 4483 2523 4553 ἑκάστῳ
2571 4486 2630 4538 τὸ
2661 4486 2926 4560 βούλημα.
2990 4493 3207 4567 Ἐπειδὴ
3256 4471 3455 4566 γάρνού
3486 4499 3553 4553 τὰ
3583 4471 3732 4572 πρά-

492 4569 641 4622 Iium.
666 4566 800 4620 Cum
830 4565 973 4620 enim
1023 4577 1110 4617 res
1141 4576 1247 4617 non
1276 4570 1335 4615 ut
1364 4561 1491 4625 sint,
1530 4561 1600 4614 ita
1632 4561 1705 4614 illi
1733 4572 2047 4630 appareant,

501 4657 594 4711 sed
625 4655 946 4710 sententiam
977 4652 1120 4707 omni
1146 4666 1246 4720 ope
1273 4664 1429 4705 suam
1453 4651 1632 4705 studet
1661 4652 1887 4722 quisque
1938 4664 2052 4708 sta-

495 4745 651 4800 bilire
687 4784 703 4810 ,
752 4742 894 4812 quod
936 4742 1055 4818 ipse.
1094 4741 1238 4807 vult,
1289 4740 1425 4795 idem
1465 4750 1522 4794 et
1565 4741 1776 4810 probat,
1815 4744 1915 4798 etsi
1965 4759 2052 4800 res

490 4851 630 4907 stepe
654 4834 810 4890 aliter
842 4847 962 4888 sese
997 4832 1209 4886 habeat.

935 4942 1036 5000 Dii.
1061 4974 1130 4985 —
1154 4939 1605 4999 URSENOPHIO.

1395 5053 1693 5110 Meticulosi
1723 5057 1930 5126 timore,
1959 5063 2122 5132 fortes

561 5165 751 5225 Fortes
783 5168 997 5240 quidem
1032 5167 1178 5222 viros
1216 5164 1514 5220 assentatio
1551 5166 1756 5232 domat,
1806 5169 2049 5227 imbecil.

490 5260 571 5316 los
603 5268 788 5314 contra
818 5267 992 5314 metus
1021 5256 1234 5327 frangit.
1282 5254 1392 5310 illis
1424 5255 1639 5325 quidem
1693 5259 1908 5314 suadela
1939 5263 2046 5317 vim

489 5350 687 5405 afferre
719 5363 825 5404 non
851 5349 1080 5414 videtur,
1118 5349 1200 5402 his
1233 5362 1360 5401 vero
1387 5358 1560 5402 metus
1587 5348 1911 5419 impotenter
1953 5354 2050 5408 im-

491 5448 665 5509 perat.
696 5437 764 5494 Et
785 5437 867 5492 illi
907 5453 1122 5494 causam
1158 5437 1486 5494 adversariis
1523 5439 1798 5508 prodendo
1828 5442 2050 5497 vincun-

495 5542 598 5596 tur,
632 5531 687 5585 hi
717 5546 824 5586 non
859 5544 916 5584 se
949 5531 1122 5584 dando
1148 5530 1437 5585 deduntur.
1477 5529 1593 5586 Noli
1633 5532 1812 5602 itaque
1857 5543 2047 5604 putare

495 5635 601 5675 una
652 5636 752 5692 ope
787 5629 1045 5690 utrosque
1073 5620 1356 5691 iuvandos,
1399 5635 1578 5677 verum
1625 5638 1720 5693 pro
1755 5623 2048 5682 affectioni-

496 5711 616 5777 bus,
655 5725 717 5766 ac
746 5712 1002 5783 cujusque
1032 5712 1306 5780 facultate,
1348 5713 1610 5770 medicina
1639 5715 1899 5788 adhibita,
1934 5734 2046 5775 rem

493 5804 792 5861 confectam
824 5805 887 5862 iri
909 5805 1178 5862 confidito.

2157 4585 2342 4639 γματα
2367 4574 2514 4665 ὅπως
2538 4577 2750 4645 πέφυκε
2773 4585 2984 4648 σκοπεῖ,
3014 4584 3151 4640 ἀλλὰ
3166 4588 3263 4657 τὴν
3288 4589 3480 4642 ἑαυτοῦ
3501 4591 3732 4665 γνώμην

2159 4666 2319 4718 παντὶ
2347 4664 2522 4718 σθένει
2555 4669 2800 4738 κυρῶσαι
2832 4679 3189 4746 προαιρεῖται,
3217 4678 3245 4731 δ
3275 4679 3542 4750 βούλεται,
3571 4664 3734 4739 τοῦτο

2157 4754 2487 4916 ualidum,
2525 4760 2702 4813 καίτοι
2761 4766 3103 4834 πραγμάτων
3146 4769 3408 4836 πολλάκις
3440 4775 3732 4844 ἀντιφθεγο

2159 4862 2223 4912 γο
2299 4864 2424 4902 νων.

2159 4862 2424 4912 γομενων.

2565 4959 2686 5014 an.
2717 4991 2787 5002 —
2819 4964 3306 5041 oerENoram.

2159 5069 2459 5126 adulatione
2483 5085 2818 5140 superantur.

2228 5175 2365 5239 Τοὺς
2408 5179 2503 5248 μὲν
2551 5179 2832 5248 ἀνδρείους
2883 5185 3141 5239 κολακεία
3181 5189 3479 5260 χειροῦται,
3514 5195 3638 5259 τοὺς
3669 5198 3730 5252 δὲ

2152 5266 2445 5336 ἀνάνδρους
2466 5269 2649 5338 φύσος·
2673 5275 2785 5338 τοῖς
2804 5275 2901 5345 μὲν
2919 5277 3029 5349 γάρ
3053 5279 3085 5349 ἡ
3109 5280 3281 5334 πειθὼ
3301 5281 3448 5338 δοκεῖ
3466 5285 3728 5354 ἀϐίαστος

2151 5353 2321 5426 εἰναι,
2364 5363 2477 5424 τοῖς
2513 5362 2569 5416 δὲ
2599 5363 2627 5415 ό
2662 5365 2824 5434 φόϐος
2868 5369 3243 5442 ἀπαραίτητος
3287 5375 3575 5447 δεσπότης.
3613 5353 3724 5434 Καὶ

2149 5452 2198 5502 οἰ
2236 5451 2336 5520 μὲν
2373 5453 2450 5524 τῷ
2497 5453 2818 5524 καθυφεῖναι
2852 5461 2978 5524 τοὺς
3031 5465 3359 5529 ἀντιπάλους
3417 5470 3718 5538 ἡττῶνται·

2149 5543 2198 5593 οἰ
2239 5543 2295 5595 δὲ
2329 5544 2404 5614 τῷ
2433 5545 2507 5615 μὴ
2540 5547 2796 5602 ἐνδιδόναι
2839 5552 3120 5611 ὲνδιδόασι.
3156 5558 3247 5625 Μὴ
3294 5558 3472 5612 τοίνυν
3511 5562 3719 5629 πάντας

2151 5632 2229 5683 ἑνὶ
2272 5631 2577 5704 βοηθήματι
2624 5634 2945 5707 θεραπεύειν
2988 5644 3134 5697 οῐουο
3168 5645 3302 5700 ἀλλά
3345 5649 3458 5711 τοῖς
3516 5651 3717 5707 πάθεσι

2152 5723 2243 5775 καὶ
2268 5727 2384 5788 ταῖς
2410 5725 2673 5797 δυνάμεσι
2713 5730 2820 5782 τῶν
2852 5734 3168 5803 πασχόντων
3198 5738 3508 5809 κατάλληλα
3543 5760 3718 5814 προσο

2151 5815 2329 5881 φέρων
2359 5816 2425 5872 τά
2454 5819 2711 5887 παιώνια,
2740 5821 2923 5887 ἔλπιζε
2949 5826 3127 5881 αὐτῶν
3155 5829 3471 5900 κρατήσειν.
