4010 6422
225 318 341 382 16-2!
1112 310 1640 371 Epts'romnmt
1679 313 1785 371 Ui

1906 313 1933 370 '.
1976 337 2045 346 —
2083 308 2321 366 EPIST.
2365 305 2573 365 DXIX.
3355 293 3488 358 1623

219 438 403 504 ὁρμαῖς
449 433 858 504 χρησαμένους.
909 431 969 481 Εἰ
1023 429 1076 480 δὲ
1142 426 1294 478 ταῦθ’
1339 425 1510 488 οτῦτως
1547 427 1677 496 ἔχει,
1733 429 1781 478 οἱ

1907 426 1956 477 nl
1991 424 2244 478 virtutem
2276 423 2479 491 impetu
2512 427 2756 474 utantur.
2798 416 2929 483 Quztl
2962 429 3084 468 cum
3120 413 3192 465 ita
3229 411 3356 474 sint,
3392 412 3485 479 qui

222 520 348 588 μετά
392 521 556 590 νόμον
608 523 700 573 καὶ
741 519 895 589 χάριν
943 518 1248 580 πταίοντες,
1295 520 1387 569 καὶ
1439 518 1572 587 μηδὲ
1621 517 1785 587 αὐτὴν

1906 526 2015 584 post
2061 517 2228 586 legem
2272 516 2615 586 gratiamque
2656 519 2906 580 peccant,
2942 523 3003 563 ac
3040 521 3105 560 nc
3134 505 3237 559 via:
3267 502 3487 574 quidem

219 612 418 665 ὀξεῦσαι
469 601 774 672 ἐθέλοντες
797 610 934 671 ὁδον,
965 609 1151 678 ὥσπερ
1187 611 1234 660 cl
1276 608 1494 661 παλαιοὶ
1525 606 1784 672 ὥδευσαν,

1906 606 2094 661 abillis
2118 608 2404 671 ordinatae,
2432 620 2594 674 quam
2620 601 2854 669 majores
2878 599 3047 654 nostri
3085 596 3312 668 ingressi
3341 602 3487 658 sunt,

216 702 350 764 τίνος
381 701 609 772 τύχοιεν
642 701 794 753 ἐλέου
818 717 833 766 ;

1906 699 2082 754 volunt
2130 697 2408 763 insistere,
2439 710 2672 766 quanam
2719 693 2773 747 hi
2812 691 2960 762 digni
2995 686 3373 745 misericordia
3403 684 3488 738 vi-

1899 786 2171 845 deantur?

665 900 810 954 ots'.
860 929 929 939 -
963 900 1328 969 ΑΝΑΤΟΛΙῼ.

2362 895 2526 954 σιν.
2565 924 2636 937 —-
2668 891 3030 949 ANATOLIO.

1365 987 1592 1042 Vitanda
1625 989 1978 1057 improborum
2001 991 2333 1045 commercia.

277 1099 404 1150 Δίαν
458 1100 525 1152 σέ
583 1117 726 1164 τινες
760 1100 1065 1166 αίτιῶνται,
1107 1101 1188 1154 ὅτι
1227 1099 1319 1162 οὓς
1366 1101 1465 1169 μὲν
1511 1099 1618 1153 οὐδ’
1656 1101 1784 1171 ὁρᾷν

1964 1105 2239 1160 Accusant
2272 1111 2322 1157 te
2344 1101 2594 1172 quidam,
2638 1098 2782 1168 quod
2823 1108 2962 1165 quos
2994 1106 3060 1147 ne
3088 1091 3336 1161 aspicere
3368 1091 3489 1160 qui-

212 1191 378 1258 6é;t:;.
439 1192 657 1255 τούτοις
710 1193 784 1254 ὼς
832 1193 1025 1264 ἥδιστα
1085 1191 1284 1254 λαλεῖς.
1341 1185 1435 1254 Οἷς
1488 1191 1544 1244 δὲ
1603 1192 1784 1245 λαλεῖν

1906 1197 2016 1251 lem
2047 1195 2121 1251 sit
2151 1194 2254 1260 fas,
2287 1209 2409 1249 cum
2442 1193 2508 1247 iis
2531 1204 2695 1261 quam
2721 1185 3101 1248 lubentissime
3133 1181 3486 1250 colloquaris.

209 1297 499 1349 ασχιστον,
529 1284 749 1348 τούτους
776 1284 1025 1355 συνήθεις
1071 1285 1384 1356 πεποίησαι.
1420 1282 1526 1346 Οὓς
1556 1283 1613 1336 δὲ
1647 1301 1785 1354 παρ-

1906 1286 2029 1342 Cum
2055 1289 2251 1357 quibus
2277 1300 2403 1342 vero
2426 1284 2663 1353 colloqui
2695 1281 3069 1351 turpissimum
3097 1277 3189 1344 sil,
3219 1275 3301 1328 his
3329 1272 3486 1327 fanti-

210 1373 356 1430 ὁιταε
398 1377 573 1444 τιμᾷν
631 1377 861 1446 ἀτιμίας
920 1377 1088 1442 ἄξιον,
1149 1377 1371 1437 τούτους
1413 1376 1507 1428 καὶ
1556 1375 1785 1437 ἀπόντας

1906 1380 2104 1435 liariter
2137 1379 2327 1433 utaris.
2364 1378 2511 1445 Quos
2542 1389 2668 1430 vero
2699 1380 3000 1443 praesentes
3026 1369 3300 1424 honorare
3329 1373 3489 1435 turpe

210 1467 442 1534 ἀγαπᾷς.
492 1468 559 1520 ΕΞ
610 1470 788 1522 τοίνυν
837 1469 1197 1540 ἀληθεύουσι,
1233 1469 1606 1538 γνωσιμάχει·
1646 1469 1692 1520 εί
1736 1467 1785 1520 δὲ

1906 1473 1995 1537 sit,
2047 1474 2147 1527 bos
2197 1471 2324 1527 licet
2378 1471 2632 1525 absentes
2682 1467 2925 1522 adamas.
2989 1462 3152 1534 710
3209 1457 3492 1550 Resipisce

215 1554 300 1623 pi}.
355 1558 558 1626 δήλου·
605 1560 691 1612 ἵνα
741 1560 1187 1630 ἐπεστομίσωμεν
1219 1561 1344 1622 τοὺς
1380 1561 1470 1611 ἐπὶ
1512 1561 1633 1622 ταῖς
1670 1562 1785 1622 σαῖς

1906 1578 2046 1655 ergo,
2074 1564 2118 1618 si
2147 1579 2273 1617 vera
2302 1562 2375 1616 illi
2404 1571 2626 1616 narrant
2650 1578 2664 1627 ;
2700 1561 2781 1615 sin
2810 1571 2989 1616 secus.
3025 1553 3250 1610 ostende
3287 1549 3484 1605 falsum

210 1651 483 1715 διαϐολαῖς
526 1655 947 1724 ἀγαλλομένους.

432 1857 606 1923 φιτ.
646 1886 706 1896 -
756 1857 984 1928 nemo,
1019 1858 1264 1928 ΠΕΤΡῼ,
1305 1856 1558 1927 name.

1899 1641 2051 1721 esse,
2089 1663 2146 1707 ut
2185 1669 2247 1708 os
2300 1653 2365 1709 iis
2391 1653 2709 1708 obturemus
2739 1650 2829 1720 qui
2887 1648 2972 1701 his
3017 1647 3070 1700 in
3111 1655 3164 1699 tc
3198 1641 3488 1698 calumniis

1899 1745 2192 1800 exsultant.

2111 1853 2297 1908 DXVI.
2331 1883 2401 1894 -—
2440 1846 2624 1914 NILO,
2661 1845 2888 1902 PETRO
2922 1857 2974 1900 ct
3016 1841 3268 1900 PAULO.

1577 1947 1653 1999 De
1675 1948 1942 2014 radentia:
1968 1948 2121 2002 bono.

290 2055 354 2108 Ἠ
401 2057 499 2110 ἐπὶ
545 2060 665 2120 ταῖς
704 2056 926 2128 ὕϐρεσιν
974 2058 1294 2126 ἀνεξικακία
1340 2058 1458 2111 λίαν
1488 2059 1583 2126 τὴν
1613 2056 1790 2126 ψυχὴν

210 2143 432 2213 ὠφελεῖ·
467 2147 541 2218 ἦν
573 2151 621 2201 εί
653 2149 765 2218 (Ἠ)
801 2149 1182 2220 συμφέρουσαν
1218 2151 1316 2220 μὲν
1344 2150 1512 2220 ᾔδειν,
1546 2148 1788 2218 χαλεπὴν

212 2235 263 2288 δὲ
279 2237 564 2305 γενέσθαι,
584 2241 779 2312 κομιδῇ
805 2241 869 2293 ἂν
899 2242 1164 2313 ἠχθέσθην
1187 2245 1204 2262 '
1235 2242 1309 2312 μὴ
1340 2243 1398 2294 τὸ
1431 2243 1530 2312 τὴν
1559 2238 1793 2311 προσοῦ-

214 2343 307 2380 σαν
332 2331 729 2400 πραγματείαν
770 2331 1011 2400 φεύγειν,
1060 2336 1120 2386 τὸ
1166 2333 1440 2397 λυσιτελὲς
1492 2332 1787 2408 προέσθαι·

211 2419 257 2470 εί
298 2417 353 2471 δὲ
383 2419 484 2473 καὶ
516 2421 679 2492 ῥᾳδία
708 2425 801 2475 καὶ
830 2423 1080 2495 βελτίστη
1115 2426 1393 2495 τυγχάνει.
1435 2425 1507 2477 Τὸ
1546 2424 1654 2494 γὰρ
1689 2425 1787 2477 ἑπ-

211 2507 403 2572 εξιέναι
429 2512 530 2564 καὶ
553 2512 809 2566 δύσκολον
836 2517 929 2568 καὶ
956 2517 1374 2587 ἐργωδέστερον.
1408 2517 1500 2568 καὶ
1523 2513 1788 2586 χειμῶνος

211 2598 302 2667 τὴν
334 2600 520 2670 ψυχὴν
550 2602 774 2673 πληροῐο
811 2606 1035 2674 ἄμεινον
1067 2608 1125 2658 τὸ
1156 2607 1482 2676 φιλοσοφεῖν.

471 2799 618 2855 ΦΙΖ’.
655 2834 724 2842 -
763 2803 1004 2875 ΩΦΕΛΙῼ
1047 2803 1526 2875 ΙῬΑΜΜΑἸΊΚῼ.

1966 2057 2229 2112 Patientia
2282 2053 2716 2125 injuriarumque
2771 2046 3058 2103 tolerantia
3111 2044 3292 2099 animo
3327 2044 3484 2095 valde

1893 2151 2146 2222 prodest;
2173 2165 2333 2219 quam
2365 2149 2410 2202 si
2442 2135 2626 2202 utilem
2646 2143 2863 2215 quidem
2890 2155 3012 2196 esse
3037 2138 3304 2202 sciebam,
3339 2131 3482 2189 ditii-

1893 2244 2049 2298 cileut
2078 2255 2285 2306 tamen,
2317 2237 2542 2294 moleste
2564 2235 2692 2302 tuli,
2721 2233 2870 2304 quod
2911 2238 3235 2302 praesentem
3268 2226 3482 2295 fugiens

1893 2333 2296 2397 (liﬂicultatem,
2330 2322 2750 2386 emolumentum
2778 2321 3231 2394 ejusamiserim,
3267 2319 3367 2373 etsi
3404 2315 3484 2370 fa-

1895 2426 2011 2481 cilis
2059 2426 2307 2494 bonaque
2344 2422 2621 2478 obveniat.
2681 2416 2882 2475 Ulcisci
2928 2416 3074 2472 enim
3121 2410 3376 2481 injuriam
3428 2418 3482 2464 et

1895 2530 2059 2586 grave
2081 2525 2161 2570 est
2186 2525 2238 2568 et
2269 2511 2623 2575 laboriosum,
2649 2509 2890 2562 animum
2919 2503 3246 2560 turbulentis
3269 2502 3484 2573 agitans

1897 2607 2158 2663 motibus.
2195 2603 2573 2673 Pltilosophari
2614 2602 2802 2672 itaque
2833 2601 3079 2667 beneque
3109 2597 3294 2652 vivere
3326 2593 3485 2665 longe

1893 2697 2258 2769 praestabilius
2285 2706 2388 2752 est.

2107 2801 2319 2858 DXVII.
2350 2832 2421 2841 —
2457 2796 2761 2858 OPHELIO
2788 2788 3267 2851 GRAMMATICO.

931 2901 971 2951 Α
998 2894 1305 2963 spectandis
1329 2899 1683 2952 de/tortandos
1713 2907 1882 2952 monet
1923 2897 2184 2964 homines,
2215 2909 2270 2952 ut
2298 2899 2451 2965 epist.
2482 2895 2608 2962 185,
2639 2891 2762 2948 186.

278 3001 338 3053 Ei
395 3002 457 3054 ὲν
515 3003 612 3070 μὲν
667 3005 732 3074 τῇ
772 3008 946 3075 σκηνῇ
998 3005 1230 3072 γελῶσιν
1292 3007 1342 3058 οἱ
1398 3005 1784 3077 φιλοθεάμονες

1965 3006 2023 3062 Si
2054 3007 2270 3076 quidem
2295 3007 2347 3061 in
2373 3021 2538 3063 scena
2567 3000 2850 3075 spectandi
2883 2995 3236 3068 perstudiosi,
3267 2993 3483 3049 mollius

210 3089 559 3161 ἁπαλώτερον
605 3070 970 3156 τοῦτ-δέοντος,
1005 3070 1062 3145 έν
1101 3094 1158 3146 δὲ
1189 3093 1267 3162 τῷ
1323 3070 1646 3165 ἱπποδρόμῴ
1697 3095 1785 3148 θυ·

1906 3113 2057 3168 quam
2096 3115 2192 3167 par
2223 3100 2293 3154 sit
2323 3100 2558 3164 rideant,
2592 3097 2644 3150 in
2675 3092 3015 3150 circensibus
3043 3103 3170 3144 vero
3200 3087 3343 3147 ludis
3367 3099 3482 3140 am-

214 3183 432 3250 μοῦνται
451 3184 619 3236 πλέον
643 3183 674 3254 ἢ
701 3185 996 3254 προσῆκεν·
1029 3187 1144 3239 ἐκεῖ
1162 3187 1259 3256 μὲν
1286 3186 1390 3239 ὑπὸ
1417 3185 1524 3239 τῶν
1547 3187 1789 3258 αἰσχρῶν

207 3274 498 3344 δραμάτων
526 3277 966 3346 ὲκθηλυνόμενοι,
988 3277 1220 3331 ἐνταῦθα
1236 3277 1292 3330 δὲ
1316 3281 1436 3340 ταῖς
1465 3279 1573 3331 τῶν
1591 3281 1608 3299 ⁴
1633 3280 1792 3350 ἀμί-λ-

209 3363 323 3430 λαις
363 3369 506 3437 πρὸς
553 3368 747 3437 μανίαν
781 3368 1246 3440 ὲκϐακχευόμενοι
1301 3370 1539 3440 (μικροῦ
1583 3373 1691 3442 γὰρ
1721 3372 1792 3425 τά

210 3457 310 3512 τῶν
343 3459 664 3530 κενταύριον
703 3461 1052 3532 μιμοῦνται)ι
1086 3462 1214 3515 πότε
1244 3465 1300 3515 ὲν
1330 3465 1398 3536 τῇ
1432 3464 1785 3536 προσηκούσῃ

211 3553 545 3606 καταστάσει
589 3552 953 3623 ὀφθήσονταις
1014 3552 1211 3623 ῆπὸτε
1266 3554 1334 3608 τὰ
1380 3555 1607 3625 ἀνδράσι
1653 3555 1788 3626 πρέ-

211 3657 372 3695 ποντα
404 3641 692 3714 πράξειανς
720 3642 929 3696 Οὐκοῦν
951 3644 1056 3714 χρὴ
1074 3644 1181 3696 εἴτε
1213 3644 1408 3710 πειθοῖ,
1434 3647 1541 3698 εἴτε
1571 3645 1788 3719 ἀνάγκῃ

209 3732 409 3800 εἵργειν
458 3735 585 3796 τοὺς
610 3734 890 3797 τοιούτους
917 3735 1024 3786 ἀπὸ
1056 3733 1156 3802 τῆς
1188 3735 1446 3805 τοιαύτης
1473 3736 1764 3805 ἀκοσμίας.

498 3845 651 3898 ΦΠΡ.
691 3875 759 3886 -—
791 3843 1147 3916 ΛΛΜΠΕΤΙῼ
1181 3845 1499 3917 ΔΙΑΚΟΝῼ.

1893 3190 2034 3260 plius
2066 3204 2228 3258 quam
2268 3197 2483 3257 oportet
2523 3187 2873 3256 indignentur
2909 3205 2921 3239 :
2971 3181 3081 3236 illic
3111 3179 3328 3250 quidem
3368 3187 3482 3232 tur-

1891 3281 2040 3351 pium
2066 3278 2380 3349 spectaculo
2404 3277 2674 3342 enervati,
2703 3277 2793 3331 hic
2819 3289 2948 3331 vero
2971 3270 3359 3328 certaminibus
3389 3268 3485 3324 de-

1894 3372 2118 3425 mentati
2173 3370 2486 3439 (centauros
2534 3371 2679 3425 enim
2736 3365 3125 3438 pr0pemodum
3178 3359 3480 3428 imitantur)

1891 3463 2110 3535 quando
2141 3472 2436 3518 cernentur
2477 3462 2530 3517 in
2565 3471 2709 3518 statu
2741 3456 2998 3515 decenti?
3039 3454 3122 3510 vel
3150 3453 3282 3509 viris
3318 3453 3478 3523 digna

1893 3560 2109 3627 quando
2143 3555 2418 3613 fecerint?
2475 3562 2652 3610 nonne
2699 3553 2867 3622 igitur
2901 3555 3153 3619 oportet,
3198 3546 3313 3600 sive
3351 3556 3478 3614 per-

1892 3649 2175 3714 suasione,
2207 3648 2322 3703 sive
2354 3645 2682 3701 necessitate
2706 3642 2886 3698 arceri
2937 3638 3075 3695 tales
3105 3652 3136 3692 a
3164 3651 3224 3694 re
3249 3644 3359 3692 tam
3391 3633 3479 3689 ln-

1893 3739 2090 3793 decora
2116 3739 2140 3791 ἲ

2152 3846 2387 3902 υΧνιιι.
2419 3875 2492 3887 —-
2528 3841 2881 3899 LAMPETIO
2902 3837 3228 3897 DIACONO.

708 3940 1020 3999 Constantia
1052 3952 1100 3994 et
1131 3944 1372 3995 censoria
1400 3944 1634 4011 gravitas
1659 3945 1772 3998 sine
1803 3955 2015 3998 austera
2054 3955 2102 3999 et
2125 3944 2300 4014 rigida
2321 3943 2628 3998 morositate
2652 3940 2949 3995 laudanda.

279 4048 444 4103 Ὅταν
473 4065 580 4113 τις,
616 4043 660 4102 ῶ
710 4050 902 4116 σοφίας
942 4049 1210 4118 αὐτοφυὲς
1240 4049 1485 4120 ἄγαλμα,
1518 4048 1647 4105 ἄνευ
1682 4050 1780 4121 μὲν

209 4140 545 4208 προπετείας
576 4140 887 4209 παρέχηται
920 4140 980 4192 τὸ
1019 4140 1282 4210 ἀνδρεῖον,
1313 4139 1440 4194 ἄνευ
1481 4140 1536 4193 δὲ
1569 4139 1782 4210 ὕϐρεως

209 4229 266 4281 τὺ
287 4228 548 4299 βλοσυρόν
567 4246 580 4260 ο
612 4231 707 4283 καὶ⁵
734 4231 794 4282 τὸ
820 4230 919 4298 μὲν
947 4230 1202 4302 ἐμϐριθὲς
1229 4230 1534 4302 καθαρεῦον
1556 4233 1781 4300 στυγνὸ·

1961 4054 2096 4110 Cum
2150 4054 2308 4125 quis,
2371 4069 2406 4109 ο
2449 4051 2727 4121 sapientiae
2777 4047 3013 4120 genuina
3088 4045 3296 4116 imago,
3359 4043 3480 4100 sine

1891 4140 2086 4210 linguae
2130 4141 2427 4210 petulantia
2477 4141 2674 4194 fortem
2721 4153 2782 4194 se
2825 4143 3100 4200 ostentet,
3135 4143 3190 4190 et
3241 4133 3476 4204 rigorem

1889 4233 2095 4302 absque
2132 4232 2415 4298 conviciis,
2443 4229 2500 4286 et
2532 4231 2859 4302 gravitatem
2893 4227 3138 4283 molestia
3171 4235 3471 4288 carentem.

208 4334 382 4389 τητος,
419 4321 480 4373 τὸ
511 4319 566 4372 δὲ
600 4319 815 4391 σῶιρρον
860 4321 960 4374 οὐκ
993 4323 1381 4392 ἀπάνθρωπον,
1417 4323 1531 4376 ἀλλ’
1555 4324 1781 4395 ἀρρήτῳ

1910 4325 2302 4394 emperantiam
2330 4339 2458 4380 vero
2488 4338 2593 4378 non
2625 4323 3002 4386 inhumanam,
3039 4320 3135 4376 sed
3171 4319 3474 4390 inexplica-

211 4411 544 4481 κεκραμένον
595 4412 946 4483 φαιδρότητι·
987 4413 1108 4465 τότε
1143 4412 1391 4484 καθαρὰς
1423 4415 1530 4467 τῶν
1571 4415 1779 4468 κακιῶν

1906 4417 1977 4471 ›ἰ1ἰ
2006 4418 2217 4471 mistam
2246 4417 2530 4480 ltilaritati,
2558 4426 2684 4471 tunc
2712 4417 2805 4486 qui
2835 4430 3000 4487 puras
3015 4425 3070 4469 et
3098 4413 3296 4470 illmsas
3320 4413 3470 4470 omni

210 4500 310 4553 τῶν
337 4503 818 4574 παραππηγυιῶν
849 4506 968 4567 ταῖς
989 4505 1228 4574 ἀρεταῖς,
1262 4506 1431 4568 αὐτὰς
1462 4505 1560 4570 τὰς
1577 4507 1780 4578 ἀρετὰς

1906 4506 2142 4561 vitiorum
2182 4506 2420 4562 conﬁnio
2451 4507 2682 4562 virtutes
2711 4505 2968 4570 exhibet,
2999 4503 3215 4561 celeber
3259 4503 3366 4560 erit
3419 4513 3472 4559 et

210 4590 670 4664 ἐπιδεικνύμενος,
703 4594 944 4666 ἀοίδιμος
973 4595 1126 4649 ἔσται
1162 4597 1255 4650 καὶ
1283 4596 1532 4665 εὐκλεής.

423 4697 569 4752 φιθι.
610 4729 680 4740 -
705 4700 1094 4772 ΣΤΡΑΤΗΓΙῼ
1135 4702 1556 4758 MONAZONTI.

1891 4599 2175 4668 gloriosus.

2119 4705 2307 4761 DXIX.
2346 4736 2418 4747 —
2470 4704 2866 4762 STRATEGIO
2901 4702 3256 4761 ΜοΝΑιιΗο.

915 4814 1282 4876 [inproborum
1315 4816 1529 4884 fraudes
1572 4818 1768 4874 homini
1793 4821 2017 4889 sapienti
2048 4822 2429 4890 deprehendere
2456 4822 2615 4893 facile
2650 4832 2748 4876 est.

277 4923 335 4977 Ei
382 4925 476 4978 καὶ
527 4925 634 4977 είσί
661 4942 808 4989 τινες
851 4925 1015 4979 δεινοὶ
1061 4925 1161 4996 μὲν
1199 4926 1517 4992 ἀπατῶντες
1566 4927 1772 4995 λαθεῖν,

1954 4935 2067 4992 Etsi
2111 4937 2330 5007 quidam
2382 4937 2634 4993 industrii
2664 4936 2772 4992 sint
2807 4936 2858 4990 in
2891 4935 3014 4990 aliis
3041 4932 3254 4989 occulte
3279 4930 3472 4987 fallen-

212 5010 369 5068 δεινοὶ
406 5015 462 5068 δὲ
507 5015 854 5086 φωραθέντες
888 5016 1388 5087 παραλογίσασθαιο
1440 5018 1552 5070 ἀλλ’
1586 5021 1614 5072 ὁ
1664 5019 1784 5073 θεο-

1906 5029 1990 5094 Iis,
2043 5044 2198 5085 acres
2230 5031 2393 5084 etiam
2424 5044 2550 5086 cum
2586 5029 2696 5084 sint
2742 5027 3066 5098 deprehensi
3114 5026 3164 5080 in
3213 5039 3273 5080 se
3303 5039 3468 5079 excu-

214 5102 366 5173 φιλὴς
411 5104 677 5174 κρείττων
715 5105 922 5159 τούτων
975 5106 1312 5178 εὑρίσκεται.
1363 5108 1532 5177 Σοφὸς
1576 5109 1675 5180 μὲν
1708 5109 1785 5165 ὢν

1906 5118 2087 5185 αηιίὶε,
2139 5118 2252 5174 Deo
2283 5119 2483 5176 cbarus
2525 5118 2610 5173 his
2646 5117 2902 5172 omnibus
2933 5115 3150 5171 exsistit
3187 5114 3461 5184 superior.

213 5196 434 5248 συνιδεῖν
462 5195 562 5264 τὴν
592 5197 829 5266 ἀπάτην,
863 5197 1168 5268 σοφώτερος
1199 5198 1256 5251 δὲ
1283 5198 1552 5268 διελέγξαι
1586 5200 1685 5271 τὴν
1725 5202 1783 5255 ἐν

1906 5209 2127 5266 ’rudeus
2160 5212 2374 5280 quidem
2406 5209 2673 5264 fallaciam
2706 5205 3466 5280 cognoscendo,.prudeutior

213 5287 313 5347 τοῖς
342 5287 520 5354 λόγοις
544 5288 928 5360 κρυπτομένην
956 5289 1258 5362 δεινότητα.

1887 5316 2012 5356 vero
2074 5301 2124 5354 in
2187 5303 2524 5366 rationibus,
2577 5301 3028 5370 captionibusque
3075 5297 3304 5356 occultis
3371 5296 3466 5350 de-

1884 5390 2182 5447 ﬂectendis.

1299 5517 1530 5572 VARIAE
1582 5517 1969 5579 LECTIONES
2012 5524 2098 5578 ET
2129 5525 2362 5581 NOTAE.

277 5629 389 5697 (54)
449 5630 687 5711 Elualli?
739 5631 978 5710 συμφέρ.
1033 5641 1234 5711 mutant
1293 5633 1471 5711 ἰπὶ-μὴ
1513 5636 1672 5693 codd.
1714 5635 1785 5690 Va

1906 5640 1987 5695 εεο
2025 5651 2077 5693 et
2121 5641 2226 5696 Alt.
2275 5639 2425 5698 Vers.
2465 5641 2498 5695 5
2529 5655 2627 5711 pro
2657 5639 2919 5708 προέσθαι
2967 5639 3079 5697 Alt.
3130 5641 3367 5710 suggerit
3408 5641 3462 5696 itt

213 5713 444 5769 margine
474 5701 631 5753 aliam
663 5700 943 5755 lectionem
983 5703 1306 5774 προσῆσθαι.
1345 5700 1556 5757 casm.
