4010 6458
565 337 696 404 1631
1743 337 1801 382 δ.
1849 337 2034 380 ιδωι

627 446 790 520 715
819 447 995 504 DXLI.
1040 477 1109 489 —-
1137 435 1526 499 ATHANASIO
1564 425 2034 488 PRESBYTERO.

1743 324 1801 382 S.
1848 316 2139 380 ISIDORI
2173 311 2610 375 PELUSIOT/E

2145 441 2194 490 Δ

3643 299 3783 368 1632

2410 421 2588 475 ΦΜΑἎ
2619 448 2689 461 -ο
2727 414 3065 486 ΑΘΔΝΔΣΙῼ
3093 409 3558 480 ΠΡΕΣΒΥΤΕΡῼ.

1892 539 2260 610 Philosophari
2293 538 2440 608 quid.

629 670 906 740 Siquidem
953 683 1062 723 non
1111 665 1282 721 videri
1325 659 1709 733 philosophari,
1742 665 1802 711 ut
1838 655 1941 719 ais,
1971 652 2113 723 opti-

557 779 701 818 mam
726 778 846 819 esse
875 761 1158 817 arbitraris
1198 753 1614 830 philosophandi
1655 751 1943 816 rationem,
1974 747 2114 801 bene

560 854 744 909 habet.
799 853 856 908 Si
898 867 1026 908 vero
1067 848 1388 921 principium
1433 843 1677 916 ignaviae.
1717 847 1770 895 et
1814 845 2115 894 commuta-

567 946 769 1000 tionem
802 944 1063 999 institutae
1089 943 1216 998 vitae
1245 938 1563 1008 imaginatus
1598 931 1726 989 illud
1760 929 1998 999 speciose
2031 925 2117 996 ja-

561 1034 740 1100 ctasti,
767 1034 995 1102 pessima
1024 1047 1084 1088 es
1109 1045 1236 1087 usus
1257 1027 1542 1084 sententia.
1573 1024 1739 1080 Recte
1764 1019 1908 1077 enim
1934 1017 2116 1073 vivere

563 1124 736 1186 decet,
775 1133 878 1175 non
927 1120 992 1173 ad
1026 1115 1440 1174 ostentationem
1491 1121 1546 1168 et
1591 1123 1865 1183 pompam.
1906 1106 1962 1162 Si
1994 1104 2116 1176 quis

563 1209 729 1280 igitur
781 1209 1004 1278 ignaviae
1044 1207 1320 1262 convictus
1361 1204 1462 1260 hoc
1507 1202 1649 1261 idem
1689 1201 1871 1257 dicere
1918 1198 2113 1253 erube-

563 1311 722 1354 scens
756 1299 987 1367 primum
1029 1297 1151 1351 inde
1187 1295 1434 1366 coeperit,
1464 1308 1531 1349 ne
1563 1289 1932 1363 philosophari
1965 1287 2116 1342 vide-

562 1394 739 1450 retur,
794 1393 979 1454 postea
1021 1385 1244 1440 desierit
1289 1383 1342 1438 in
1377 1397 1468 1448 eo,
1509 1388 1568 1436 ut
1603 1379 1824 1436 omnino
1864 1391 1970 1434 non
2005 1377 2120 1447 phi-

564 1475 965 1544 losopharetur,
1002 1475 1278 1532 meliorem
1310 1474 1354 1529 is
1379 1472 1676 1528 ostenderit
1704 1485 1849 1534 eum,
1881 1467 1972 1540 qui
2002 1482 2124 1522 ma-

567 1565 824 1622 nifestare
864 1567 1090 1634 studuit,
1122 1583 1182 1622 se
1223 1563 1638 1637 philosophandi
1685 1562 1923 1618 studium
1961 1568 2122 1617 antea

565 1663 854 1711 sectatum.

789 1762 990 1820 DXL".
1018 1792 1090 1806 -
1115 1761 1387 1818 DANIELI
1425 1757 1896 1818 PBESBYTERO.

2289 649 2353 702 Ei
2385 648 2484 718 μὲν
2518 646 2576 698 τὸ
2630 644 2703 715 μή
2741 643 2917 696 δοκεῖν
2947 640 3272 710 φιλοσοφεῖν,
3304 637 3379 700 ὡς
3406 634 3533 705 φὴς,
3565 631 3784 702 φιλοσο-

2222 740 2347 810 φίαν
2381 737 2607 808 ἀρίστην
2630 731 2766 789 εἶναι
2811 733 3116 802 νενόμικας,
3141 725 3200 783 εὖ
3229 727 3294 781 ἂν
3321 727 3434 798 ἔχοι
3455 743 3468 755 ’
3501 726 3552 779 εί
3600 723 3659 776 δὲ
3683 723 3786 792 ἀρ-

2221 832 2323 903 χήν
2358 828 2658 902 ῥᾳθυμίας,
2690 827 2784 882 καὶ
2814 823 3113 896 μεταϐολὴν
3144 811 3414 883 πολιτέίας
3437 814 3787 888 φαντασθεὶς,

2222 921 2380 976 τοῦτο
2417 915 2866 989 κατεκομψεύσω,
2901 914 3139 987 κακίστη
3168 910 3361 982 γνώμῃ
3390 912 3631 980 ἐχρήσω.
3661 908 3786 978 Χρὴ

2224 1011 2323 1084 μὶν
2350 1010 2459 1082 γὰρ
2485 1009 2662 1080 ὀρθῶς
2682 1047 2698 1072 ,
2736 1007 2832 1062 καλ⁸
2867 1005 2942 1077 μὴ
2971 1005 3110 1077 πρὸς
3149 1001 3406 1066 ἐπίδειξιν
3430 998 3598 1070 βιοῦν.
3633 997 3697 1050 Εἰ
3728 995 3788 1050 δέ

2219 1121 2306 1169 τις
2330 1102 2493 1166 ἀλοὺς
2524 1098 2786 1172 ῥᾳθυμίᾳ,
2816 1096 2947 1152 αὐτὸ
2971 1095 3128 1150 τοῦτο
3154 1092 3419 1166 ἐρυθριῶν
3445 1092 3644 1152 εἰπεῖν,
3673 1087 3787 1142 ἀπὸ

2221 1189 2315 1246 τοῦ
2348 1191 2423 1262 μή
2446 1188 2593 1255 δόξαι
2622 1187 2929 1257 φιλοσοφεῖν
2957 1183 3282 1256 ἀρξάμενος,
3331 1182 3410 1245 είς
3440 1180 3503 1235 τὸ
3543 1179 3793 1252 μηδόλως

2220 1282 2523 1352 φιλοσοφεῖν
2539 1280 2930 1350 τελευτήσειεν,
2954 1277 3213 1348 ἀμείνονα
3234 1273 3519 1340 ἐπιδείξειε
3538 1272 3631 1326 τὸν
3654 1269 3792 1323 αὐτὸ

2219 1371 2375 1426 τοῦτο
2407 1369 2784 1426 σπουδάσαντα
2835 1365 3120 1432 ἐπιδεῖξαι,
3153 1365 3236 1418 δτι
3292 1361 3602 1434 φιλοσοφεῖν
3651 1375 3796 1429 προσ

2220 1464 2443 1537 ήρηται.

2464 1755 2641 1812 ann.
2671 1783 2742 1796 —
2761 1752 3022 1809 ΔΔΝΙΗΛ
3053 1747 3524 1819 maxumam.

1348 1851 1535 1909 Gratia
1565 1869 1667 1910 non
1703 1851 2104 1921 corrumpenda.
2139 1852 2230 1909 sed
2256 1851 2526 1924 referenda
2554 1858 2780 1918 tempore
2801 1847 2997 1902 alieno.

634 1953 875 2014 Gratiam
924 1957 1272 2028 rependendo
1315 1965 1560 2013 mutuum
1597 1956 1652 2014 in
1706 1957 1868 2013 rebus
1905 1953 2124 2025 iniustis

565 2044 748 2102 vitiari
788 2046 1009 2103 minime
1055 2048 1327 2105 convenit.
1377 2046 1480 2115 Qui
1539 2047 1684 2103 enim
1721 2047 1866 2117 iuste
1904 2045 2120 2118 quidem

566 2133 801 2203 adjutus,
828 2136 880 2190 in
910 2136 1127 2204 iniustis
1157 2151 1286 2193 vero
1314 2137 1476 2193 rebus
1513 2135 1790 2191 auxilianti
1831 2135 2120 2202 succurrit,

566 2221 772 2291 injuste
792 2223 992 2294 justam
1025 2227 1322 2298 corrumpit
1350 2227 1603 2299 gratiam.
1626 2225 1864 2297 Mihique
1888 2226 2120 2293 videtur,

565 2315 655 2382 qui
702 2328 809 2369 non
855 2315 928 2370 ita
972 2317 1253 2386 rependit,
1307 2317 1600 2374 benevolus
1648 2332 1788 2375 esse.
1833 2317 1937 2384 Qui
1980 2320 2124 2373 enim

560 2404 765 2473 iustum
803 2405 1030 2479 adeptus
1067 2411 1324 2466 auxilium
1368 2421 1475 2472 est.
1508 2409 1655 2479 juste
1679 2425 1776 2481 par
1811 2410 2015 2467 referre
2042 2413 2128 2468 de-

566 2489 677 2560 bet,
715 2503 775 2549 ut
801 2497 988 2566 gratia:
1014 2511 1127 2554 suae
1170 2508 1414 2557 servetur
1451 2499 1759 2570 appellatio.
1791 2500 1895 2557 Sed
1937 2513 2114 2570 neque

567 2581 643 2638 illi
672 2585 762 2653 qui
793 2585 848 2639 in
891 2584 1053 2643 licitis
1081 2588 1449 2658 benefaciunt,
1494 2590 1548 2644 in
1594 2591 1800 2647 illicitis
1842 2602 1988 2648 recte
2031 2607 2117 2648 re-

567 2675 988 2732 munerationem
1017 2686 1224 2749 petunt,
1249 2695 1423 2750 neque
1440 2690 1498 2736 ut
1519 2681 1713 2753 ingrati
1731 2683 2130 2753 reprehenden-

567 2761 642 2830 di,
674 2764 766 2838 qui
790 2765 975 2824 illicita
1005 2782 1111 2823 non
1137 2771 1457 2840 rependunt.

741 2961 969 3022 DXLIII.
1037 2997 1085 3009 —
1114 2967 1343 3025 PETRO
1380 2969 1584 3026 REMP.
1625 2969 1947 3030 GERENTI.

2295 1957 2372 2013 Οὐ
2403 1955 2510 2030 χρὴ
2560 1952 2915 2026 λυμαίνεσθαι
2944 1951 3042 2016 τὰς
3089 1951 3317 2022 χάριτας
3362 1946 3441 2019 τῷ
3473 1948 3532 2000 ιν
3581 1944 3796 2009 ἀδίκοις

2227 2049 2545 2121 πράγμασιν
2590 2043 2996 2101 ἀνταποδιδόναι
3039 2041 3139 2105 τάς
3185 2038 3438 2111 ἀμοιϐάς.
3483 2037 3543 2090 ’0
3572 2033 3684 2105 γὰρ
3711 2034 3796 2088 διο

2229 2141 2401 2206 καίως
2433 2140 2534 2211 μὶν
2572 2137 2878 2210 βοηθηθεὶς,
2927 2136 2987 2189 ιν
3030 2133 3235 2196 ἀδίκοις
3280 2131 3339 2207 ει
3387 2127 3682 2202 πράγμασι
3715 2126 3800 2197 τῷ

2232 2233 2559 2308 βοηθήσαντι
2614 2229 2928 2302 ὶπαμύνων,
2977 2226 3038 2280 οὐ
3077 2224 3301 2288 δικαίως
3357 2221 3572 2276 δικαίαν
3611 2219 3801 2308 ,χάριν

2228 2321 2566 2393 διαφθείρειέ
2583 2319 2693 2375 Καί
2726 2335 2815 2390 μοι
2864 2317 3009 2371 δοκεῖ
3049 2319 3077 2369 ό
3112 2314 3187 2385 μὴ
3219 2312 3360 2366 οὕτω
3414 2307 3800 2387 ἀμειψάμενος

2231 2415 2529 2485 εὐγνώμων
2559 2407 2716 2466 εἶναι.
2757 2410 2816 2463 Ὃ
2845 2409 2954 2479 γὰρ
2979 2407 3195 2469 δικαίας
3245 2401 3563 2471 ἱπικουρίας
3591 2395 3799 2469 τυχὼν,

2229 2503 2450 2567 δικαίως
2470 2502 2565 2556 καὶ
2591 2500 2689 2572 τὴν
2717 2498 2950 2568 ἀμοιϐήν
2974 2494 3263 2551 ἀποδοῦναι
3288 2491 3512 2562 ὀφείλει,
3557 2489 3646 2544 ῐνα
3677 2504 3795 2542 σω-

2230 2594 2349 2665 θείη
2388 2593 2488 2664 τῆς
2531 2593 2751 2664 χάριτος
2788 2592 2823 2663 ή
2859 2587 3218 2662 προσηγορία.
3270 2584 3432 2639 ’Λλλά
3474 2582 3610 2654 μηδὲ
3646 2582 3698 2634 oi
3732 2580 3799 2632 εν

2231 2681 2312 2750 οἷς
2344 2685 2501 2756 θέμις
2552 2683 3034 2754 εὐεργετήσαντες,
3064 2681 3122 2732 ὲν
3146 2673 3227 2743 οἷς
3257 2677 3333 2750 μὴ
3359 2676 3519 2746 θέμις
3541 2670 3802 2729 ἀπαιτεί-

2231 2792 2413 2832 τωσαν
2457 2775 2554 2839 τάς
2597 2771 2852 2845 ἀμοιϐὰς,
2889 2771 3025 2844 μηδὲ
3078 2770 3406 2842 ἀχαρίστους
3459 2765 3803 2821 καλείτωσαν

2233 2868 2361 2931 τοὺς
2381 2867 2439 2921 ἐν
2457 2860 2538 2928 οἷς
2574 2865 2648 2936 μὴ
2678 2863 2853 2930 ἔξεστι
2888 2861 2964 2934 μὴ
2992 2859 3420 2932 ἀμειψαμίνους.

2457 2973 2634 3029 ΦΜΓ.
2655 3001 2725 3013 --
2751 2969 2981 3041 ΠΕΤΡῼ
3002 2967 3561 3037 ΠΟΛΙΤΕΥΟΜΕΝῼ.

563 3076 607 3131 Α
635 3075 890 3148 legatione
917 3079 1050 3149 {also
1075 3083 1214 3137 obita
1249 3084 1500 3139 abstinere
1523 3085 1694 3156 jubet,
1725 3085 1875 3154 cujus
1904 3083 2152 3140 .Eschim

2266 3089 2481 3135 accusat
2537 3078 2900 3133 Demosthenes
2939 3088 3078 3133 orat.
3103 3078 3244 3147 Περὶ
3289 3073 3798 3148 παραπρεσϐείας,

634 3181 828 3238 Missus
873 3195 932 3239 es
969 3185 1037 3240 ad
1079 3188 1494 3258 expediendum,
1538 3203 1645 3246 non
1681 3190 1750 3245 ad
1787 3189 2127 3246 vendendum
2157 3183 2200 3242 C

566 3271 855 3326 commissa
881 3274 1112 3344 negotia,
1141 3274 1463 3346 legationem
1490 3279 1738 3335 obiturus
1756 3295 1863 3336 non
1893 3279 2117 3334 falsam:

566 3369 622 3414 et
673 3361 1080 3431 emendaturus,
1138 3382 1246 3422 non
1297 3383 1607 3426 eversurus.
1654 3369 1735 3426 Ne
1779 3371 1941 3442 igitur
1976 3371 2124 3425 falsa:

568 3451 727 3507 obita:
769 3454 1052 3525 legationis
1091 3463 1363 3516 accuseris
1401 3463 1519 3516 veni
1565 3463 1747 3519 statim
1783 3472 1835 3519 te
1871 3461 2126 3519 defensu-

571 3557 692 3607 rus,
721 3554 776 3599 et
803 3544 1151 3615 ignominiam
1184 3548 1480 3606 deleturus.

763 3652 987 3710 DXLIV.
1018 3684 1089 3696 —
1115 3653 1409 3712 OPHELIO
1447 3656 1921 3716 GRAMMATICO.

2318 3187 2636 3258 Ἐπὲμφθης
2671 3185 2884 3240 ἀνύσω-θ
2914 3186 2975 3238 οὐ
3009 3183 3359 3255 προξενήσων
3404 3186 3516 3247 τοῖς
3547 3183 3800 3252 πέμψασι

2228 3279 2549 3350 πράγματα’
2579 3277 2956 3349 πρεσϐεύσων,
2985 3277 3047 3330 οὐ
3093 3274 3625 3347 παραπρεσϐεύσων·
3661 3291 3802 3329 κατι

2229 3369 2504 3439 ορθώσων,
2545 3370 2605 3422 οὺ
2642 3367 3050 3439 καταστρέφων.
3088 3366 3203 3440 (5⁵1)
3231 3368 3345 3422 Ἰνα
3371 3363 3464 3421 οὖν
3496 3365 3572 3438 μὴ
3622 3382 3803 3437 παρα-

2232 3460 2526 3532 πρεσϐείας
2583 3459 2882 3528 ὑποσταίης
2945 3457 3182 3532 γραφὴν,
3223 3454 3329 3531 ἧκε
3373 3460 3474 3529 τὴν
3530 3459 3799 3528 ταχίστην

2229 3549 2695 3620 ἀπολογησόμενος
2720 3588 2735 3614 ,
2770 3547 2864 3602 καὶ
2896 3548 2994 3620 τὴν
3029 3549 3245 3613 ἀδοξίαν
3274 3548 3708 3620 ἀποτριψόμενος

2481 3656 2655 3711 φΜΔι.
2688 3685 2759 3696 -
2790 3654 3034 3727 nemo
3061 3656 3540 3727 ΓΡΑΜΜΑΤΙΚῼ.

1573 3751 1702 3815 Quae
1728 3751 1888 3804 virtus
1927 3748 2199 3804 Historias.
2226 3746 2447 3818 (Similis
2476 3747 2626 3811 epist.
2659 3744 2807 3816 450.)

640 3851 888 3917 Maxima,
912 3868 946 3909 ο
976 3857 1167 3923 amice,
1186 3858 1426 3914 historia
1453 3867 1506 3916 et
1529 3856 1997 3928 contemplationis
2019 3857 2125 3912 vir-

572 3951 658 3998 tus
683 3952 765 3998 est
800 3944 1083 4001 articulata
1115 3962 1293 4004 causa;
1318 3951 1478 4016 ratio,
1519 3948 1774 4020 quodque
1809 3958 2123 4019 argumenta

571 4034 944 4103 ignorantibus
987 4038 1259 4107 explanat.
1302 4039 1420 4105 Qua
1464 4042 1666 4098 virtute
1707 4041 1755 4097 si
1795 4047 1999 4106 careat,
2031 4042 2127 4095 de-

571 4127 961 4182 monstratione
989 4130 1154 4183 etiam
1181 4129 1408 4186 carebit.

1043 4240 1247 4298 DXLV.
1277 4270 1344 4284 —--
1372 4241 1658 4300 MARONI.

2297 3855 2566 3926 Μεγίστη,
2596 3848 2640 3908 ὦ
2666 3853 2834 3922 φίλος,
2863 3853 3100 3925 ἱστορίας
3144 3853 3238 3907 καὶ
3273 3852 3507 3924 θεωρίας
3542 3853 3713 3926 ἀρετή
3744 3872 3804 3908 τε

2232 3946 2329 4002 καὶ
2359 3946 2684 4018 διάρθρωσις
2709 3945 3026 4014 αίτιολογία,
3061 3947 3153 3999 καὶ
3173 3946 3231 4001 τὸ
3258 3945 3354 4010 τάς
3379 3944 3666 4010 ὑποθέσεις
3686 3950 3804 4013 τοῖς

2233 4036 2514 4105 ἀγνοοῦσιν
2545 4037 2909 4107 ἀπογυμνοῦν.
2949 4039 3010 4091 Εἰ
3051 4037 3106 4091 δὲ
3151 4037 3354 4109 ταύτης
3377 4037 3665 4112 χηρεύσειε
3702 4039 3805 4110 τῆς

2232 4128 2430 4199 ἀρετῆς
2450 4167 2466 4194 ,
2499 4129 2594 4182 καὶ
2627 4131 2726 4200 τῆς
2761 4130 3081 4196 ἀποδείξεως
3111 4130 3314 4202 ἔρημος
3342 4132 3448 4202 εῖη.

2721 4240 2899 4294 ΦΜΗ.
2929 4270 2998 4283 -—
3035 4239 3318 4295 ΜΛΡΩΝΙ.

572 4329 781 4387 Divitiae
804 4349 904 4389 non
933 4333 1149 4390 satiant.
1180 4334 1355 4406 (Conf.
1389 4339 1540 4404 epist.
1580 4333 1707 4402 488,
1735 4332 1839 4389 496
1859 4343 1906 4388 et
1926 4329 2518 4456 5§?;oe';.Tgiog;lrers.
2557 4328 2694 4393 £55;
2723 4327 2900 4383 Solon.
2929 4346 3057 4385 vers.
3091 4329 3194 4396 99;
3235 4341 3281 4384 et
3328 4329 3494 4387 Clem.
3532 4333 3795 4388 Ales-and.

643 4532 801 4588 Disce
832 4549 941 4590 non
968 4549 997 4589 a
1019 4549 1124 4602 me,
1169 4536 1266 4592 sed
1305 4537 1371 4592 ab
1417 4539 1530 4608 ipsa
1578 4538 1658 4594 rei
1690 4544 1902 4605 natura,
1933 4538 1978 4595 si
2009 4537 2130 4593 inii-

2303 4533 2394 4606 Μή
2426 4534 2552 4603 παρ’
2583 4531 2738 4604 ἐμοῦ,
2781 4532 2914 4586 ἀλλά
2953 4533 3085 4602 παρ’
3114 4532 3281 4602 αὐτῆς
3307 4532 3407 4602 τῆς
3451 4531 3670 4601 φύσεως
3704 4533 3804 4588 τοῦ

574 4625 714 4679 nitas
741 4625 1037 4694 quaerenda:
1065 4626 1304 4696 pecuniae
1328 4627 1441 4683 vias
1464 4627 1810 4700 excogitaris,
1828 4631 2128 4687 satietatem

575 4717 796 4770 minime
841 4717 1096 4786 reperies.
1147 4715 1263 4772 Non
1305 4717 1447 4774 enim
1490 4719 1714 4775 satietas
1767 4733 1888 4776 cum
1926 4719 2130 4775 divitiis

575 4806 843 4860 convenit.
879 4804 1011 4860 Cum
1060 4805 1375 4862 suilicientia
1421 4822 1549 4864 vero
1593 4823 1884 4880 rerumque
1929 4824 2130 4881 pauca-

578 4911 697 4951 rum
741 4895 1032 4965 indigentia
1068 4895 1226 4952 facile
1272 4897 1612 4960 conciliatur,
1655 4900 1902 4956 convenit
1969 4908 2132 4969 atque

579 4983 872 5038 cohabitat.
905 4985 1102 5042 Desine
1130 4986 1312 5058 itaque
1338 5003 1457 5056 quae
1482 4989 1858 5058 comprehendi
1903 5003 1968 5045 ac
2006 5005 2133 5060 pos-

580 5074 746 5130 sideri
765 5085 1031 5145 nequeant
1058 5079 1378 5135 consectari.
1421 5079 1586 5150 716
1604 5080 1972 5137 Cousectando
1991 5083 2134 5137 enim

583 5181 688 5221 non
735 5169 1179 5236 comprehendas.
1223 5170 1277 5228 Si
1319 5185 1444 5227 vero
1488 5186 1596 5228 non
1644 5174 1995 5238 consecteris,
2030 5190 2134 5227 non

584 5268 764 5328 rogata
805 5259 946 5316 ultro
977 5262 1212 5328 advenit,
1269 5278 1371 5318 non
1419 5264 1715 5335 requietem
1762 5266 1918 5320 modo
1945 5263 2037 5320 sed
2081 5277 2135 5320 et

586 5347 823 5407 laetitiam
838 5351 1096 5424 ‘pariens.

2231 4626 2553 4698 πράγματος
2594 4626 2866 4695 μάνθανε,
2918 4625 3003 4678 ὃτι
3053 4625 3156 4678 κῖιν
3227 4625 3452 4697 μυρίους
3498 4625 3806 4697 χρημάτων

2231 4719 2432 4791 πόρους
2479 4719 2770 4791 ἑπινοήσῃς
2794 4758 2810 4783 ,
2851 4719 3011 4787 κόρον
3057 4717 3154 4787 οὐχ
3192 4719 3447 4789 εὑρήσεις
3471 4733 3486 4750 ·
3524 4719 3639 4781 τοῖς
3684 4717 3787 4787 μὲν

2230 4811 2338 4883 γάρ
2368 4811 2555 4882 πόροις
2580 4811 2608 4863 ό
2644 4811 2802 4882 κόρος
2823 4808 3232 4873 ἀκατάλλακτός
3262 4810 3379 4863 ὲστι
3403 4851 3417 4875 ,
3462 4811 3525 4880 τῇ
3558 4808 3616 4862 δὲ
3660 4809 3805 4864 αὐτ-

2231 4902 2426 4975 αρκείᾳ
2482 4902 2577 4955 καὶ
2631 4901 2925 4972 όλιγοδείᾳ,
2989 4901 3082 4953 καὶ
3123 4900 3444 4966 σπένδεται,
3483 4899 3573 4955 καὶ
3610 4917 3807 4971 συγχο-

2242 4994 2387 5065 ρεὺει
2409 5033 2424 5056 ,
2464 4993 2560 5046 καὶ
2593 4995 2846 5046 συνοικεῖ.
2879 4991 3136 5046 Πέπαυσο
3173 4993 3350 5046 τοίνυν
3402 4991 3637 5064 ἀκίχητα
3678 4991 3807 5045 διώ-

2238 5104 2367 5141 κων.
2393 5085 2725 5154 Διωκόμενος
2750 5085 2856 5156 γάρ
2885 5084 2945 5139 οὑ
2981 5085 3461 5156 καταλαμϐάνεται
3477 5127 3492 5152 ,
3524 5085 3598 5157 μή
3617 5085 3807 5138 διωκό-

2241 5193 2398 5247 μενος
2426 5176 2481 5230 δὲ
2506 5176 2937 5246 αὐτεπάγγελτος
2970 5178 3242 5250 ἐπιφοιτᾷ,
3275 5178 3335 5232 οὐ
3365 5177 3524 5251 μόνον
3554 5176 3807 5233 ἀνάπαυ-

2239 5284 2322 5321 σιν
2341 5307 2354 5330 ,
2390 5267 2524 5320 ἀλλὰ
2546 5268 2636 5321 καὶ
2665 5266 3002 5340 εὐφροσύνην
3027 5267 3252 5323 ὠδίνων.

1690 5513 1920 5571 VARI/li
1971 5512 2348 5571 [.ECTlONES
2389 5514 2472 5572 ET
2507 5513 2735 5572 NOTJE.

666 5658 771 5732 (57)
812 5662 1043 5733 Utor-quc
1074 5667 1190 5722 cod.
1239 5682 1332 5736 pro
1365 5669 1747 5740 καταστρέφων
1791 5670 1915 5738 Ingil
1945 5686 2149 5724 sanae:

2231 5668 2422 5740 μωμεν.
2462 5669 2667 5724 Possm.
