4010 6428
196 321 326 389 1633
1148 311 1688 376 EPISTOLARUM
1732 313 1779 371 LI

1917 312 2072 372 V.--
2109 313 2349 376 EPIST.
2403 314 2551 376 DLI.
3348 311 3485 381 1638

437 432 650 500 οιιΜςσ.
686 459 752 470 -η
794 430 1153 501 ΛΣΚΛΗΠΙῼ
1193 427 1502 500 ΣΟΦΙΣΤῌ.
1813 432 1859 486 Α

1813 432 1859 486 Α
2136 427 2372 485 DXLVI.
2403 461 2473 472 —
2514 424 2857 487 ASCLEPIO
2897 427 3233 488 RllETORl.

997 539 1200 595 Labore
1223 542 1411 604 Itonos,
1436 551 1484 594 et
1511 543 1616 595 vita
1639 553 1868 609 paratur
1888 554 2108 600 (eterna.
2140 540 2321 613 (Cani.
2345 543 2498 612 epist.
2521 543 2672 610 553.)

251 652 567 723 Θαυμὰζω,
606 651 729 714 πῶς
767 650 1021 722 Ὄμηρος
1056 650 1155 720 μὲν
1189 650 1281 704 καὶ
1305 649 1568 720 Πίνδαρος
1600 649 1784 715 ἁξιοῦ-

1963 650 2134 709 Hiror
2181 651 2430 721 eqnidem
2502 649 2795 706 Homerum
2849 660 2904 706 et
2961 649 3257 707 Pindarum
3311 650 3485 708 fortes

186 762 266 799 σιν
294 744 581 814 ἀλκίμους
617 739 761 798 εἶναι
793 745 919 806 τοὺς
951 742 1013 796 ού
1044 741 1336 812 μέλλοντας
1356 741 1566 812 λήσειν,
1598 741 1769 797 εἴποτε

1902 745 2240 802 existimasse
2279 756 2394 808 eos,
2439 743 2532 813 qui
2570 756 2675 797 non
2707 742 2972 809 latebunt,
3017 742 3065 799 si
3099 759 3339 812 unquam
3369 743 3485 799 lue-

187 837 464 907 ἐγένοντο.
510 835 854 908 Θουκυδίδης
887 835 944 890 δὲ
981 832 1168 904 σαφῶς
1219 833 1476 899 ίκετεύει,
1523 834 1598 905 μὴ
1647 835 1770 905 φεύ·-

1900 835 2025 893 rint.
2057 834 2400 906 Thucydides
2443 849 2575 890 vero
2607 834 2753 891 clare
2795 834 3092 905 supplicat,
3126 834 3340 890 labores
3375 849 3483 889 non

182 945 295 995 γειν
324 929 459 991 τοὺς
517 926 746 991 πόνους,
795 927 828 1000 ἢ
862 925 994 997 μηδὲ
1024 924 1122 989 τὰς
1144 923 1309 995 τιμὰς
1341 923 1580 978 διώκειν·
1614 925 1765 994 Σοφα

1901 928 2106 1000 lugere,
2140 935 2238 982 aut
2267 938 2444 996 neque
2483 925 2723 982 honores
2756 926 2979 981 sectari.
3017 925 3321 995 Sophocles
3351 939 3484 981 vero

182 1017 312 1089 κλῆς
348 1017 410 1071 δὲ
437 1016 675 1088 φάσκεν
710 1017 884 1070 Πόνου
911 1033 997 1070 τοι
1018 1017 1187 1087 χωρὶς
1214 1015 1370 1069 οὐδὲν
1403 1016 1624 1086 εὐτυχεῖ
1642 1013 1765 1088 (58)

1900 1017 1996 1084 ait,
2036 1015 2240 1085 absque
2288 1014 2474 1072 labore
2525 1014 2661 1069 nihil
2707 1024 2857 1070 recte
2907 1013 3048 1079 ﬂeri,
3090 1014 3366 1070 docentes
3414 1016 3483 1071 ab

181 1110 266 1162 διὰ
297 1107 488 1162 πόνων
521 1108 628 1180 τὴν
653 1107 750 1162 τοῦ
786 1106 897 1180 (59)
936 1107 1054 1178 βίου
1087 1105 1418 1189 ἀείμνηστον
1442 1106 1600 1174 δόξαν
1626 1108 1764 1161 ὠνεῖ·

1897 1109 1982 1176 iis,
2009 1108 2210 1179 quibus
2259 1105 2311 1161 id
2353 1115 2769 1176 persuaserunt,
2824 1114 3143 1175 perpetuam
3193 1107 3316 1160 vitae
3363 1104 3480 1174 glo-

185 1199 306 1254 σθαι
347 1200 489 1263 τοὺς
553 1198 921 1269 πειθομένους
975 1196 1339 1260 διδάσκοντες.
1390 1199 1453 1251 Ol
1501 1197 1560 1252 δὲ
1620 1198 1768 1272 δόξης

1898 1201 2028 1255 riam
2072 1198 2348 1255 laboribus
2377 1197 2707 1268 comparari.
2744 1196 3008 1254 Oratores
3047 1199 3214 1253 etiam
3263 1203 3481 1254 docent.

185 1291 516 1362 ἁμαράντου
564 1292 749 1361 τυχεῖν
783 1288 1134 1360 γλιχόμενοι,
1187 1290 1281 1343 καὶ⁸
1313 1287 1591 1360 βασιλείας
1619 1292 1768 1362 ούρα-

1896 1288 1959 1343 At
1986 1288 2080 1358 qui
2111 1285 2619 1343 immarcessibilem
2657 1296 2912 1358 appetunt
2945 1286 3199 1356 gloriam,
3231 1288 3479 1344 coelesti-

184 1382 288 1436 νῶν
318 1381 682 1454 ὀρεγόμενοι,
713 1383 814 1436 ούκ
843 1377 940 1436 οἷδ’
963 1382 1113 1445 ὅπως
1143 1380 1424 1452 νομίζουσι
1450 1383 1539 1437 διὰ
1571 1384 1767 1456 ρᾳστώι

1895 1394 1992 1450 que
2039 1378 2256 1433 inhiant
2298 1392 2486 1449 regno,
2523 1377 2710 1433 nescio
2740 1380 3015 1448 quomodo
3047 1389 3240 1449 putant
3289 1395 3357 1437 ex
3392 1378 3478 1434 fa-

184 1491 278 1546 νης
304 1472 498 1545 φιλεῖν
530 1475 649 1539 τοῖς
677 1471 989 1544 ἀνθρώποις
1009 1472 1081 1526 τὰ
1102 1472 1315 1545 χρηστὰ
1348 1473 1767 1546 παραγίνεσθαι.

1896 1471 2093 1528 cilitate
2141 1468 2424 1539 animique
2481 1468 2778 1536 laxatione,
2840 1469 2982 1526 velle
3035 1469 3289 1527 homines
3339 1472 3479 1529 bona

1884 1561 2131 1633 adipisci.

669 1673 849 1728 ωτι.
887 1702 962 1717 -
992 1673 1080 1745 το
1107 1671 1312 1745 arra.

2367 1667 2626 1727 DXLVII.
2659 1697 2733 1710 —
2762 1668 3004 1726 EIDEM.

885 1764 1082 1820 Orator
1115 1780 1218 1819 non
1241 1780 1442 1835 semper
1479 1766 1781 1834 persuadet.
1834 1758 2021 1837 (Conf.
2053 1761 2208 1831 epist.
2244 1760 2374 1828 M2,
2403 1759 2504 1816 521
2544 1770 2594 1815 et
2632 1760 2782 1832 568.)

272 1877 516 1949 Ἐπειδὴ
540 1878 642 1949 οὐχ
687 1879 716 1932 δ
753 1875 929 1946 λέγων
955 1874 1233 1942 τοσοῦτον,
1271 1876 1321 1930 sl
1353 1876 1447 1930 καὶ
1483 1878 1663 1932 πᾶσαν
1693 1895 1781 1931 κι-
1816 1863 1855 1920 Β

1959 1872 2413 1945 Quandoquidem
2455 1883 2663 1940 orator,
2705 1874 2810 1929 etsi
2841 1871 3208 1943 eloquentiam
3237 1886 3455 1928 omnem

183 1973 320 2040 νήση
355 1967 656 2038 δεινότητα
687 1966 785 2021 καὶ
808 1966 1004 2037 τέχνην
1030 1963 1348 2037 ῥητορικὴν,
1375 1965 1646 2020 τεκταίνει
1680 1965 1766 2038 sip

1900 1974 2174 2038 artemque
2206 1965 2538 2022 rhetoricam
2567 1965 2825 2031 concitet,
2863 1980 2971 2020 non
3019 1973 3228 2019 tantum
3258 1977 3483 2034 persua-

181 2057 376 2125 πειθὼ,
415 2057 551 2112 ὅσον
570 2057 600 2111 ὁ
624 2056 840 2111 ἁκούων
862 2071 876 2085 ο
905 2055 966 2108 ού
995 2053 1153 2126 θέμις
1187 2053 1278 2107 τὸν
1305 2053 1534 2122 λέγοντα
1564 2054 1669 2125 μὲν
1707 2055 1764 2109 τὰ

1896 2059 2034 2124 deat,
2075 2070 2342 2131 quantum
2393 2059 2485 2129 qui
2536 2057 2730 2126 audit;
2788 2072 2898 2113 non
2943 2063 3160 2127 oportet
3205 2055 3479 2112 dicentem

179 2150 412 2221 ἁριστα,
461 2147 545 2220 μὴ
585 2146 843 2201 πείθοντα
888 2145 979 2213 δὲ,
1023 2145 1216 2216 ψέγειν
1244 2163 1260 2178 ο
1298 2146 1413 2201 ἀλλ’
1441 2148 1653 2202 ἐκεῖνον
1681 2146 1762 2201 sbi

1898 2153 2106 2223 tuidetu
2133 2153 2360 2224 optima,
2411 2167 2522 2208 non
2573 2151 2999 2224 persuadentem
3049 2159 3228 2205 tamen
3261 2148 3481 2220 vitupea

179 2239 289 2300 τοῖς
321 2236 652 2309 κρατίστοις
684 2235 972 2306 πεισθῆναι
1014 2234 1092 2308 μὴ
1128 2235 1486 2308 ιθελήσαντα.

1885 2257 2032 2311 rare,
2062 2246 2157 2300 sed
2191 2244 2346 2300 illum
2371 2245 2464 2315 qui
2492 2244 2720 2315 optimis
2753 2241 3074 2315 persuaderi
3104 2255 3214 2297 non
3248 2238 3401 2295 velit.

653 2345 841 2400 eum.
867 2375 939 2387 -
967 2345 1054 2418 Tn
1085 2345 1292 2418 arra.
2353 2353 2633 2412 DXLVIII.
2668 2384 2740 2397 —
2772 2351 3012 2409 EloEu.

694 2457 884 2511 Anima
915 2458 1104 2513 uirtute
1128 2459 1355 2521 munita,
1378 2458 1576 2530 Deique
1603 2464 1738 2528 freta
1772 2468 2000 2536 auxilio,
2036 2472 2176 2525 arcis
2207 2470 2277 2524 im

1388 2458 1576 2530 Deique
1603 2464 1738 2528 freta
1772 2468 2000 2536 auxilio,
2036 2472 2176 2525 arcis
2207 2470 2382 2524 instar
2409 2476 2488 2523 est
2517 2463 2971 2537 inexpugnabilis.

244 2569 471 2640 Ὠσπερ
502 2567 801 2639 ἀκρόπολις
853 2568 1182 2640 ἀπορθήτοις
1209 2569 1416 2640 τείχεσι
1468 2586 1764 2643 πεπυργω-

1963 2579 2030 2636 Ut
2080 2595 2179 2636 arx
2215 2576 2730 2650 inexpugnabilibus
2781 2573 2955 2630 muris
3004 2572 3177 2628 cincta
3229 2585 3289 2627 se
3334 2570 3480 2628 obsi-

192 2663 330 2735 μένη
354 2702 374 2728 ,
439 2661 722 2733 καταγελᾷ
757 2661 866 2715 τῶν
919 2662 1359 2734 πολιορκούντων
1389 2665 1584 2737 αὐτὴν,
1633 2666 1775 2720 οὓτω

1895 2671 2080 2726 dentes
2121 2671 2333 2737 irridet,
2369 2670 2442 2724 Ita
2489 2679 2545 2726 et
2577 2669 2784 2734 anima,
2827 2666 2976 2722 omni
3008 2665 3267 2720 virtutum
3300 2663 3478 2719 cincta

183 2756 278 2810 ml.
309 2755 494 2826 ψυχὴ,
525 2756 571 2807 εί
616 2756 819 2818 πάσαις
845 2757 965 2818 ταῖς
999 2755 1226 2826 ἀρεταῖς
1267 2757 1466 2827 ἑαυτὴν
1508 2759 1766 2829 περιφρά·

1896 2775 2108 2828 genere,
2155 2758 2363 2830 Deique
2392 2760 2733 2815 communita
2766 2758 3063 2828 adiutorio,
3102 2755 3358 2812 ruborem
3393 2755 3479 2811 in-

184 2849 315 2916 ξειε,
355 2849 459 2902 καὶ
487 2849 557 2918 τῇ
604 2846 726 2919 θείᾳ
775 2848 1062 2919 συμμαχίᾳ
1093 2847 1455 2919 πυργὼσειεν,
1480 2852 1560 2915 είς
1585 2852 1767 2924 αίσχύι

1708 2852 1778 2924 ιύο
1885 2849 2056 2904 cutiet
2091 2849 2401 2920 ridebitque
2427 2863 2547 2905 eam
2573 2847 3009 2919 oppugnantium
3038 2853 3291 2903 conatus.

185 2958 281 3013 νην
323 2941 430 2995 καὶ
480 2940 692 3010 γέλωτα
725 2940 1136 3010 παρασκευάζει
1165 2942 1486 3014 τελευτῆσαι
1520 2947 1636 3010 τοῖς
1679 2963 1777 3001 πο-

186 3032 505 3109 λιορκοῦσιν
535 3031 704 3105 αὐτὴν
731 3031 802 3086 τὰ
833 3034 1227 3105 μηχανήματα.

727 3142 905 3197 aue.
931 3172 1005 3184 -
1034 3142 1262 3215 unus.

2373 3140 2606 3197 DXLIX.
2636 3170 2710 3182 —
2738 3139 2970 3197 ISAIE.

754 3256 852 3313 Dei
875 3257 1243 3329 longanimitas
1271 3260 1340 3313 ad
1372 3260 1732 3325 penitentiam
1757 3259 1968 3314 inritat.
2001 3257 2175 3330 (Rom.
2210 3271 2275 3324 ιι,
2311 3256 2366 3312 4.
2396 3255 2529 3328 Sup.
2562 3259 2716 3326 epist.
2753 3255 2905 3328 526.)

257 3374 356 3445 Ili]
385 3375 426 3447 ἦ
458 3372 577 3427 θεία
604 3370 955 3444 μακροθυμία
985 3372 1311 3443 ἐπιτριϐἑτω
1354 3388 1413 3426 σε
1436 3374 1517 3436 είς
1550 3373 1777 3439 κακίαν,
1813 3358 1840 3423 (

1965 3368 2108 3425 Cave
2140 3382 2211 3425 ne
2237 3366 2332 3423 Dei
2362 3365 2748 3438 longanimitas
2773 3367 2842 3422 ad
2869 3364 3071 3422 malum
3115 3374 3167 3423 te
3194 3381 3477 3438 provocet,

189 3468 306 3522 ἀλλ’
338 3469 428 3532 εις
470 3465 674 3537 ἀρετὴν
705 3464 1115 3535 παρακαλείτω.
1166 3464 1543 3519 Ἀτοπώτατον
1567 3465 1677 3540 γὰρ
1716 3466 1772 3520 τὸ

1894 3461 2020 3533 quin
2052 3461 2120 3517 ad
2153 3460 2410 3517 virtutem
2455 3470 2509 3517 te
2540 3461 2726 3531 potius
2760 3461 2971 3516 invitet.
3008 3461 3477 3521 Absurdissimum

189 3559 277 3614 διὰ
299 3559 416 3612 τῶν
449 3557 674 3626 ἀγαθῶν
707 3556 1039 3628 βλάπτεσθαι
1061 3571 1076 3586 ⁸
1103 3557 1306 3626 ἀγαθὸν
1332 3556 1390 3610 δὲ
1428 3559 1461 3627 ἡ
1499 3558 1772 3630 μακροθυ-

1899 3551 2032 3607 enim
2063 3566 2095 3606 a
2131 3565 2192 3608 re
2237 3553 2381 3608 bona
2414 3551 2559 3608 laedi.
2595 3551 2742 3608 Bona
2787 3561 2972 3608 autem
3007 3551 3104 3609 Dei
3151 3561 3236 3610 est
3265 3555 3482 3625 patien-

195 3650 293 3720 μία
314 3649 476 3702 ἔλεον
513 3648 611 3717 μὲν
649 3650 765 3711 τοῖς
797 3646 1118 3718 μετανοοῦσι
1138 3688 1153 3714 ,
1195 3646 1378 3717 κρίσιν
1409 3646 1465 3701 δὲ
1495 3649 1606 3712 τοῖς
1640 3649 1776 3718 ἀμε-

1896 3643 1982 3711 Lia,
2017 3643 2080 3698 ad
2117 3643 2555 3699 misericordiam
2586 3643 2963 3712 resipiscenti;
3012 3655 3074 3700 ut
3104 3654 3293 3702 contra
3333 3644 3479 3717 Judl-

190 3739 482 3811 τανοήτοις
514 3736 802 3791 ὠδίνουσα.

1890 3736 2034 3792 cium
2063 3735 2235 3806 gignit
2263 3750 2368 3791 non
2405 3736 2821 3807 penitentibus.

509 3847 637 3902 ψΝι.
665 3873 737 3888 -
773 3845 1118 3917 musam
1144 3844 1469 3917 ΑιΑιςοΝιι.

2125 3862 2129 3864 ⁷
2211 3845 2320 3903 DL.
2348 3877 2422 3889 —
2447 3846 2791 3904 PALLADIO
2831 3846 3154 3904 DIACONO.

1152 3959 1402 4016 Summus
1437 3958 1739 4014 morborum
1773 3962 1942 4017 animi
1981 3964 2214 4019 medicus
2244 3960 2382 4018 Deus
2421 3971 2522 4018 est.

265 4072 626 4144 Πυνθάνομαι
650 4114 666 4138 ,
697 4072 779 4126 ὅτι
822 4070 885 4124 τὸ
913 4070 1128 4142 νόσημα
1177 4071 1276 4142 τῆς
1319 4071 1419 4142 σῆς
1463 4070 1644 4143 ψυχῆς
1671 4070 1782 4126 ἀπὸ

1957 4075 2131 4131 Audio
2193 4075 2362 4130 animi
2414 4075 2492 4130 tui
2539 4075 2823 4138 morbum,
2893 4088 2923 4129 e
2973 4073 3160 4144 parvis
3212 4075 3477 4148 malisque

198 4167 420 4240 μικρῶν
473 4166 568 4219 καὶ
620 4163 840 4233 φαύλων
879 4162 1119 4234 ὁρμηθὲν
1175 4162 1321 4216 κατὰ
1378 4161 1488 4215 τῶν
1547 4162 1780 4234 καιρίων

1894 4163 2053 4221 rebus
2075 4173 2281 4231 ortum,
2313 4164 2575 4236 temporis
2601 4165 2765 4219 ductu
2789 4172 3034 4232 auctum,
3062 4179 3280 4220 omnem
3313 4180 3477 4221 exce-

196 4258 505 4329 ἐχώρησεν,
553 4253 804 4326 ἰατρικῆς
832 4253 1028 4324 τέχνης
1073 4257 1323 4323 κρεῖττον
1351 4253 1666 4324 γενόμενον.
1716 4254 1779 4307 El

1893 4257 2016 4313 dere
2056 4256 2393 4314 medicorum
2443 4257 2786 4312 industriam.
2837 4254 2990 4323 Quod
3038 4256 3081 4311 si
3129 4270 3318 4311 verum
3365 4266 3476 4322 est,

193 4348 381 4402 τοίνυν
411 4343 564 4398 ταῦθ’
605 4341 780 4406 οὕτως
808 4343 943 4412 ἔχει,
975 4341 1270 4413 ἐπίτρεψον
1304 4341 1498 4398 ἑαυτὸν
1556 4344 1623 4414 τῇ
1659 4343 1776 4396 ἑπι-

1894 4351 2193 4405 curandum
2228 4348 2322 4404 tibi
2353 4358 2412 4403 ut
2440 4349 2724 4420 sapientiae
2755 4349 2957 4418 Deique
2987 4349 3226 4404 dexterae
3248 4359 3301 4403 te
3327 4365 3477 4404 com-

195 4440 505 4512 στημονικῇ
535 4435 630 4489 καὶ
663 4435 780 4508 θείᾳ
808 4437 950 4506 χειρί
971 4451 982 4464 ’
1072 4434 1194 4488 οὕτε
1227 4436 1460 4506 νόσημα,
1492 4433 1616 4488 οὔτε
1653 4435 1778 4507 χρό-

1894 4440 2076 4493 mittas
2106 4457 2120 4493 :
2151 4439 2230 4494 sic
2293 4453 2466 4508 neque
2519 4441 2690 4493 morbi
2741 4437 2855 4506 vis,
2912 4453 3088 4509 neque
3139 4448 3352 4508 tempus
3411 4455 3477 4496 ac

198 4550 310 4598 νος,
367 4530 494 4585 οὕτε
544 4528 705 4600 φύσις
759 4529 907 4583 ἐστὶν
953 4528 1277 4592 ἀντίπαλος,
1311 4528 1406 4580 καὶ
1457 4527 1655 4600 ῥᾳδίως
1701 4529 1781 4591 είς

1892 4541 2088 4583 natura
2121 4530 2520 4594 adversabitur,
2575 4531 2762 4600 itaque
2811 4530 2973 4586 facile
3019 4532 3263 4600 pristina:
3315 4531 3475 4587 resti-

194 4624 412 4692 ὑγίειαν
444 4622 964 4694 ἀναστοιχειωθήσῃ.

826 4622 964 4693 mea.
1816 4610 1861 4665 Ι)
1892 4620 2058 4673 tueris
2093 4619 2409 4674 valetudini.

669 4731 843 4783 oux.
885 4761 954 4772 .-
992 4729 1355 4801 ΘεοφΑΝιᾳ.
2249 4729 2252 4759 ι

2249 4728 2410 4800 71⁸1
2435 4727 3114 4786 ῡιιρ-ΤιιιιῑοριιΑΝιο.

795 4845 1014 4898 Animus
1043 4862 1072 4897 a
1104 4845 1434 4912 prwserttium
1462 4843 1724 4897 malorum
1753 4858 1907 4898 sensu
1935 4858 2022 4910 spe
2044 4842 2215 4912 futuri
2255 4843 2377 4895 boni
2415 4841 2757 4896 abducendus
2792 4851 2890 4896 est.

267 4956 379 5012 Τοῦ
421 4955 738 5027 παραυτίκα
776 4953 951 5007 δεινοῦ
997 4953 1088 5006 τὸν
1153 4951 1413 5023 λογισμὸν
1477 4951 1691 5016 θᾶττον,
1735 4946 1782 5005 ὦ

1963 4949 2165 5004 Rerum
2220 4951 2571 5005 molestarutn
2621 4950 2804 5004 statim
2861 4951 3250 5021 cogitationem
3306 4951 3473 5022 depo-

199 5049 345 5120 φίλε,
379 5043 708 5115 ἀπαγαγὼν,
743 5044 864 5107 ὅλος
894 5041 1054 5112 γενοῦ
1078 5043 1179 5112 τῆς
1208 5042 1506 5114 μελλούσης
1533 5042 1747 5106 ἐλπίδος
1767 5060 1781 5073 ο

1894 5057 2046 5108 nens,
2073 5057 2104 5096 ο
2145 5043 2338 5108 amice,
2374 5057 2522 5112 spem
2541 5044 2764 5113 concipe
2792 5042 3095 5108 meliorem,
3132 5058 3258 5099 cum
3286 5053 3344 5100 et
3375 5059 3476 5100 nos

1310 5218 1541 5276 VABIIE
1582 5217 1970 5276 LECTIONES
2008 5218 2098 5274 ET
2132 5215 2371 5273 NOTIE.

271 5381 385 5452 (58)
420 5379 704 5450 Sophoclis
743 5396 930 5437 versus
981 5381 1088 5452 hic,
1128 5379 1186 5452 in
1232 5377 1447 5452 Electra
1479 5387 1562 5452 est.
1599 5395 1612 5434 :
1653 5379 1780 5434 Sine
1886 5377 2276 5452 citatioomnia
2307 5385 2495 5452 potest.
2521 5375 2697 5452 Locus
2749 5375 2967 5452 Homeri
2999 5392 3163 5452 supra
3205 5379 3474 5452 excitatus

199 5445 383 5506 labore
413 5445 662 5520 magnum
687 5468 747 5504 ac
779 5452 908 5520 felix
948 5451 1099 5504 nihil.
1134 5450 1339 5504 Similis
1381 5449 1627 5520 ejusdem
1672 5461 1780 5504 tra-
1891 5445 2195 5520 estHOclyss.
2236 5464 2324 5511 xv,
2359 5447 2484 5501 597.
2539 5449 2734 5520 Cicero
2764 5461 2826 5500 ex
2883 5447 3162 5515 Euripide,
3203 5449 3295 5503 lib.
3334 5465 3368 5503 ιι
3405 5450 3480 5505 De

201 5523 308 5592 gici
348 5517 805 5592 apudrstobmum
846 5529 1044 5575 exstat.
1412 5517 1424 5520 “
1891 5517 2104 5592 ﬁnibus,
2127 5536 2146 5569 ι
2174 5532 2394 5592 suavem
2422 5517 2819 5592 esselaborum
2849 5519 3482 5592 prayterilorutnmemo-

673 5639 685 5656 ,
726 5638 843 5658 “AA
883 5637 991 5658 ψι-
1436 5637 1617 5658 -ληνη
1896 5587 2032 5640 riam
2073 5605 2097 5658 ξ
2135 5589 2228 5642 ait.
2259 5585 2594 5657 Thucydidis
2630 5597 2807 5640 auletu
2846 5585 3006 5658 verba
3044 5588 3187 5658 legas
3227 5590 3316 5644 lib.
3353 5604 3388 5643 ιι
3423 5591 3478 5644 in

349 5638 434 5692 Οὔ
472 5639 530 5691 τί
553 5639 685 5693 ποθ’
717 5638 846 5705 ἣξει
876 5637 993 5691 τῶν
1013 5637 1213 5704 ἄκρων
1240 5636 1386 5690 ἄνευ
1427 5637 1639 5690 πόνου.

1498 5637 1639 5690 ῖνυυν
1891 5666 2032 5712 orat.
2072 5655 2296 5712 Periclis
2328 5661 2392 5709 ad
2419 5636 2806 5712 JAthonienses.
2841 5657 3081 5712 Scuorr.

206 5729 526 5799 Phocylides
552 5729 688 5783 idem
723 5732 898 5799 prodit
934 5745 982 5783 v.
1014 5729 1133 5784 155.
1159 5727 1294 5785 Vide
1324 5730 1571 5799 proverb.
1614 5729 1782 5782 E.rer-
1965 5727 2077 5798 (59)
2101 5727 2265 5784 Codd.
2301 5725 2475 5782 Vatic.
2505 5729 2609 5783 650
2639 5737 2690 5782 ct
2728 5729 2853 5794 ML,
2886 5729 3102 5784 τούτου.
3149 5727 3358 5785 Possm.
