4010 6464
531 339 666 406 1639

1707 335 1769 395 S.
1812 329 2100 395 ISlDORI
2143 333 2572 397 PELUSIOT‘E

3626 337 3767 404 1640

530 466 642 520 prie
670 453 826 506 aetate
855 448 1130 505 desinere?
1157 445 1285 526 Cur,
1311 459 1514 516 quaeso,
1535 445 1669 499 adeo
1688 443 1927 500 insanis?
1954 443 2090 511 Quid

2204 442 2437 514 ἡλικίανς
2461 444 2526 498 Τί
2546 445 2794 500 τοσοῦτον
2824 447 3018 519 λυττᾷς
3042 467 3057 515 ;
3085 449 3150 502 Τί
3173 450 3297 514 τοὺς
3323 449 3430 503 τῶν
3455 449 3766 521 ἐπιθυμιῶν

528 541 838 614 cupiditatis
870 539 1087 596 excedis
1116 538 1287 594 lines?
1321 537 1419 594 Vel
1449 540 1632 607 itaque
1660 535 1728 591 ab
1751 535 1836 592 his
1863 537 2080 598 desiste,

529 637 612 692 vel
637 636 705 691 ab
746 634 901 690 altari
929 633 1157 688 abstine.

804 742 1028 798 DLXIII.
1051 771 1121 783 —
1147 738 1416 798 SERENO
1469 738 1796 797 TRIBUNO.

2191 534 2538 606 ὑπερϐαίνεις
2554 537 2745 608 ὄρους;
2771 539 2839 590 Ἥ
2865 538 3118 594 πέπαυσο
3141 543 3321 596 τοίνυν
3347 541 3570 598 τοιαῦτα
3588 542 3763 615 δρῶν,

2191 626 2225 696 ἢ
2260 621 2413 698 εἶργε
2447 628 2641 681 σαυτὸν
2668 626 2762 681 τοῦ
2793 628 3202 702 θυσιαστηρίου.

2487 735 2647 792 ΦΞΓ.
2684 759 2750 777 -έ-
2791 736 3065 807 ΣΕΡΗΝῼ
3097 738 3462 811 ΤΡΙΒΟΥΝῼ.

972 832 1170 887 Virtuti
1197 835 1371 902 potius
1396 848 1553 903 quam
1580 832 1762 902 gloria
1786 826 2113 885 serviendum
2138 844 2158 895 ;
2183 827 2291 883 hac
2331 829 2469 884 snitu
2495 829 2648 897 ﬂuxa
2671 838 2722 883 et
2743 828 2930 900 fugax,
2957 827 3054 882 illa
3074 841 3295 885 merita.

599 942 781 998 Mundi
821 941 978 1009 hujus
1002 942 1170 1012 gloria
1219 939 1580 997 hemerocales
1603 948 1686 994 est
1718 937 1847 1011 [hoc
1874 949 1959 992 est
1984 936 2082 991 llos

527 1049 636 1091 uno
682 1034 771 1089 die
816 1033 1082 1087 duntaxat
1128 1029 1375 1102 ﬂoreas].
1401 1031 1472 1084 At
1511 1028 1729 1084 virtutis
1763 1029 1930 1085 decus
1961 1042 2084 1083 esse

529 1120 967 1180 immarcessibile
1002 1123 1212 1193 ﬁneque
1243 1135 1458 1186 carens,
1487 1118 1686 1190 quivis,
1714 1117 1801 1174 cui
1846 1131 1996 1173 meus
2017 1119 2090 1171 sit

527 1229 592 1269 ac
633 1213 1249 1282 prudentia,ailirmarit.
1282 1208 1427 1265 Nihil
1477 1225 1608 1265 vero
1657 1210 1874 1273 mirum,
1897 1207 2096 1261 multos

529 1306 676 1359 illam
705 1317 980 1376 expetere,
1019 1304 1160 1358 hanc
1178 1317 1308 1358 vero
1342 1302 1648 1371 repudiare,
1681 1316 1802 1356 cum
1823 1309 1878 1356 et
1906 1299 2095 1369 aegroti

530 1397 776 1453 salubres
805 1394 1054 1465 rejiciant
1085 1395 1260 1461 cibos,
1283 1395 1616 1450 delectentur
1658 1401 1835 1447 autem
1869 1391 2047 1446 noxiis
2076 1409 2090 1444 :

528 1499 585 1543 et
614 1487 879 1543 libidinosi
910 1485 1265 1542 concubinam
1294 1484 1530 1541 cordata:
1553 1491 1886 1554 anteponant
1915 1481 2091 1536 uxori.

531 1578 700 1635 Decet
731 1581 910 1648 itaque
951 1577 1329 1649 prudentiores
1364 1591 1474 1632 non
1498 1577 1567 1633 ab
1611 1577 1792 1647 aegris,
1813 1577 1907 1632 sed
1936 1591 1967 1630 ε
2001 1590 2092 1632 sa-

535 1671 620 1726 nis
643 1673 902 1741 bonaque
927 1670 1124 1725 mentis
1151 1683 1364 1735 sumere
1391 1666 1714 1738 exemplum.

2261 940 2385 993 Ὅτι
2415 938 2758 1012 ἡμεροκαλές
2786 938 2900 1008 (65)
2927 939 3043 993 lost
3065 978 3080 1004 ,
3103 941 3407 1005 τουτέστιν,
3437 925 3598 1008 ﬂio;
3628 944 3766 1013 πρὸς

2191 1024 2319 1101 μίαν
2350 1029 2518 1102 μόνην
2551 1030 2738 1101 σχεδὸν
2761 1029 2975 1102 ἡμέραν
3002 1031 3275 1101 ἀκμάζον,
3309 1031 3372 1085 τὸ
3393 1031 3642 1103 δοξάριον
3668 1033 3766 1087 τοῦ

2189 1118 2396 1190 κόσμου
2421 1118 2646 1186 τούτου,
2683 1122 2718 1192 ἡ
2757 1121 2815 1176 δὲ
2839 1121 2938 1191 τῆς
2969 1121 3170 1191 ἀρετῆς
3203 1120 3422 1176 εὔκλεια
3449 1123 3768 1196 ἀμάραντός

2188 1226 2248 1263 τε
2293 1209 2390 1263 καὶ
2419 1209 2798 1283 ἀτελεύτητος,
2839 1211 2947 1276 πᾶς
2973 1229 3057 1276 τις
3075 1211 3186 1265 τῶν
3214 1211 3306 1266 νοῦ
3334 1213 3430 1267 καὶ
3449 1215 3769 1286 φρονήσεως

2189 1300 2289 1354 οὐκ
2324 1300 2700 1374 ἀμοιρούντων
2749 1303 3113 1374 ίσχυρίζαιτο.
3145 1304 3210 1358 Εί
3247 1303 3306 1356 δὲ
3336 1304 3768 1360 ¹ιιιολλοὶεὲκείνου

2194 1392 2294 1462 μὲν
2329 1392 2770 1456 ἀντιποιοῦνται,
2803 1393 3009 1463 ταύτης
3055 1393 3116 1447 δι
3161 1395 3599 1464 καταφρονοῦσι,
3631 1396 3769 1451 θαυο

2192 1484 2398 1554 μαστὸν
2425 1484 2604 1539 οὐδέν·
2650 1485 2774 1538 ἐπεὶ
2801 1485 2896 1539 καὶ
2919 1486 2970 1539 oi
3002 1483 3288 1551 νοσοῦντες
3318 1485 3418 1552 τὰς
3451 1486 3551 1557 μὲν
3592 1487 3768 1556 ὑγιει-

2188 1574 2286 1639 νάς
2319 1575 2711 1648 παραιτοῦνται
2743 1579 2973 1649 τροφὰς,
3013 1579 3138 1642 ταῖς
3180 1579 3238 1632 δὲ
3279 1577 3565 1635 νοσώδεσιν
3608 1579 3770 1651 ἡδον-

2189 1684 2277 1721 ται
2299 1683 2314 1698 ’
2340 1667 2436 1721 καὶ
2461 1669 2511 1721 oi
2546 1669 2805 1741 ἀκρατεῖς
2827 1670 2927 1740 τὴν
2953 1669 3176 1741 εταίραν
3201 1670 3325 1724 ἀντὶ
3355 1672 3456 1742 τῆς
3487 1671 3772 1744 σώφρονος

530 1761 810 1835 αἱροῦνται
852 1762 1130 1832 γυναικός.
1178 1761 1338 1816 me
1370 1763 1476 1836 χρὴ
1525 1764 1652 1826 τοὺς
1684 1761 1978 1832 ἑχέφρονας
2021 1760 2096 1834 μὴ
2131 1761 2239 1816 ἀπὸ
2272 1761 2382 1818 τῶν
2428 1763 2874 1836 ἀρρωστούντων,
2917 1763 3033 1819 ἀλλ’
3073 1751 3184 1820 ἀπὸ
3250 1763 3360 1820 τῶν
3420 1765 3774 1836 ὑγιαινόντων

530 1852 824 1930 λαμϐάνειν
849 1858 948 1924 τὰς
973 1858 1205 1930 ψήφους.

1021 1967 1251 2024 DLXIV.
1282 1999 1352 2011 —
1374 1967 1598 2024 EIDEM.
2128 1962 2172 2018 Β

2661 1969 2821 2028 eam.
2858 2001 2931 2013 -
2964 1972 3053 2044 ra
3087 1972 3290 2046 arm.

532 2061 610 2117 De
638 2060 884 2127 Eutonio,
909 2070 958 2116 et
995 2059 1241 2116 Eusebio.
1288 2059 1560 2130 Episcopis
1581 2060 1798 2137 aliisque
1821 2062 1883 2137 in
1901 2061 2490 2137 dignitatcconstitutis,
2519 2063 2611 2137 sibi
2653 2064 2790 2118 male
2833 2073 3016 2134 agant,
3042 2063 3275 2118 blandiri
3311 2074 3468 2137 atque
3504 2069 3773 2122 assentari

1757 2131 1972 2198 impium
2006 2131 2184 2203 (σοιτί.
2207 2135 2358 2202 epist.
2385 2133 2538 2203 470.)

601 2241 824 2312 Semper
873 2240 1178 2298 existimavi
1237 2240 1458 2312 impium
1504 2254 1645 2308 esse,
1683 2257 1986 2312 parumque
2017 2243 2099 2296 vi-

527 2333 646 2397 rile,
676 2332 815 2388 male
847 2333 1122 2400 viventes,
1141 2331 1186 2388 si
1237 2332 1464 2403 imperio
1494 2333 1792 2403 potiantur,
1818 2334 2097 2389 observari

533 2429 586 2482 in
615 2423 890 2496 oculisque
919 2423 1303 2479 ferri:virtute
1349 2439 1478 2480 vero
1524 2423 1801 2494 praeditos,
1826 2425 1871 2480 si
1906 2425 2100 2495 privati

532 2521 751 2590 degant,
783 2516 1153 2582 contemni,et
1203 2515 1324 2571 illos
1388 2516 1603 2586 quidem
1653 2516 1904 2573 laudibus
1933 2515 2094 2583 καὶεί,

532 2610 634 2667 hos
664 2624 791 2665 vero
820 2609 1138 2680 vituperari.
1158 2606 1279 2664 Noli
1336 2609 1517 2677 itaque
1569 2608 1780 2674 mirari,
1807 2609 1851 2664 si
1884 2609 2087 2679 justum

533 2697 652 2753 utili
675 2703 1088 2767 anteponam,et
1124 2695 1379 2760 decorum
1444 2695 1616 2760 lucro,
1645 2694 1896 2750 virtutem
1932 2695 2089 2750 deni-

533 2803 640 2860 que
654 2788 905 2858 potentize
937 2785 1241 2856 [ιι-πίθηαι.
1273 2784 1329 2842 ld
1381 2786 1434 2841 ni
1468 2785 1894 2856 iaciam,videar
1919 2785 2088 2840 Euto-

535 2881 682 2934 nium
713 2879 925 2933 insidiis
951 2879 1247 2949 appetitum
1301 2876 1610 2946 aspernari;
1641 2874 1929 2931 Eusebium
1965 2890 2095 2930 con-

536 2984 640 3037 tra,
663 2971 789 3040 quia
827 2970 1101 3040 tyrannica
1147 2968 1281 3038 agit,
1306 2970 1617 3025 observare.
1646 2967 1932 3022 Eutouium
1971 2969 2094 3038 qui-

532 3065 654 3121 dem
722 3064 1006 3117 universus
1065 3067 1338 3131 oppugnat
1397 3059 1611 3122 clerus,
1659 3072 1796 3111 unus
1871 3059 2088 3127 quidem

534 3164 741 3226 sponte,
769 3154 906 3208 alius
934 3169 1060 3208 vero
1105 3161 1324 3222 propter
1360 3151 1690 3207 dominantis
1739 3150 2028 3220 imperium
2071 3167 2084 3202 :

2271 2245 2382 2308 Καὶ
2419 2243 2616 2308 ἀσεϐὲς
2657 2239 2795 2299 εἶναι
2826 2246 2920 2300 καὶ
2953 2246 3212 2318 ἄνανδρον
3245 2247 3507 2318 νενόμικα
3536 2249 3665 2312 τοὺς
3693 2249 3774 2321 μὴ

2198 2330 2258 2390 εὖ
2287 2335 2534 2406 βιοῦντας
2569 2336 2689 2407 μὲν,
2715 2335 3034 2392 δυναστείαν
3056 2337 3113 2392 δὲ
3145 2337 3640 2410 περιϐεϐλημένους
3669 2356 3775 2394 πε-

2199 2426 2438 2510 ptinet»:
2448 2427 2556 2481 τῶν
2580 2426 2638 2480 δι
2661 2429 2829 2500 ἀρετῇ
2855 2427 3302 2501 κεκοσμημένων,
3335 2429 3384 2484 εί
3421 2429 3774 2496 ίδιωτεύοιεν,

2198 2517 2561 2592 καταφρονεῖν
2584 2535 2600 2550 ·
2632 2521 2916 2587 κάκείνους
2949 2523 3213 2588 ἐπαινεῖν,
3244 2520 3470 2586 τούτους
3495 2521 3552 2576 δὲ
3578 2522 3772 2576 διασύ-

2197 2625 2333 2682 ρειν.
2378 2609 2471 2681 Μὴ
2511 2609 2691 2665 τοίνυν
2724 2611 3005 2682 θαύμαζε,
3065 2613 3114 2666 εἰ
3159 2613 3221 2667 τὸ
3265 2613 3474 2669 δίκαιον
3516 2613 3623 2686 πρὸ
3672 2613 3774 2668 τοῦ

2195 2702 2569 2774 συμφέροντος
2614 2702 2854 2774 τίθεμαι,
2903 2704 3087 2758 καὶτὸ
3127 2705 3337 2776 πρέπον
3365 2704 3472 2777 πρὸ
3514 2706 3609 2760 τοῦ
3639 2706 3769 2778 κέρ-

2194 2795 2336 2858 δους,
2383 2795 2480 2848 καὶ
2509 2794 2610 2867 τὴν
2639 2795 2841 2868 ἀρετὴν
2885 2796 2993 2869 πρὸ
3039 2797 3140 2866 τῆς
3175 2797 3512 2862 δυναστείας.
3564 2799 3628 2851 El
3659 2799 3772 2870 γάρ

2202 2886 2276 2957 μὴ
2299 2884 2440 2940 τοῦτ’
2471 2887 2720 2952 ἐποίουν,
2750 2887 2905 2953 ἔδοξα
2925 2887 2991 2941 ἂν
3015 2888 3266 2943 Εύτόνιον
3298 2889 3418 2960 μὲν,
3447 2889 3530 2943 ὅτι
3552 2887 3775 2944 έαιτιϐουα⁵

2200 2975 2447 3038 λεύεται,
2499 2977 2949 3049 παρεωρακέναι,
3002 2978 3264 3033 Εύσὲϐιον
3298 2981 3353 3034 δὲ
3397 2981 3481 3035 ὅτι
3517 2981 3777 3053 τυραννεῖ

2198 3065 2676 3136 τεθεραπευκέναι.
2722 3064 2959 3139 Εύτονίῳ
2988 3067 3098 3139 γὰρ
3143 3069 3376 3138 πολεμεῖ
3419 3070 3517 3141 μὲν
3565 3069 3717 3136 ἀπας
3743 3073 3775 3125 ὁ

2199 3157 2421 3229 κλῆρος,
2458 3159 2486 3210 6
2515 3159 2613 3228 μὲν
2645 3157 2786 3212 ἑκὼν
2807 3198 2822 3226 ,
2849 3161 2877 3212 ό
2905 3159 2962 3212 δὲ
2997 3161 3091 3213 καὶ
3116 3160 3252 3231 πρὸς
3280 3161 3342 3214 τὸ
3377 3160 3472 3215 τοῦ
3505 3161 3774 3233 κρατοῦν-

533 3245 744 3314 culpam
778 3258 905 3297 vero
955 3242 1404 3310 occasionemque
1431 3240 1553 3296 belli
1587 3241 1746 3310 hujus
1805 3255 1910 3295 non
1937 3241 2089 3308 equi-

2204 3267 2281 3314 τος
2315 3249 2567 3321 σύνθημα
2594 3265 2607 3279 ⁸
2644 3250 2897 3322 ἔγκλημα
2927 3250 2983 3304 δὲ
3016 3251 3113 3304 τοῦ
3144 3252 3382 3323 πολέμου
3411 3252 3625 3319 τούτου,
3660 3253 3775 3324 ἐγὼ

533 3336 655 3391 dem
678 3335 808 3389 satis
823 3334 954 3389 scio.
986 3332 1122 3387 Sunt
1145 3333 1235 3402 qui
1261 3345 1321 3386 se
1370 3332 1587 3386 audisse
1635 3332 1842 3396 dicant,
1869 3331 2089 3385 virtutis

535 3427 683 3480 illum
715 3438 832 3479 esse
857 3424 1128 3478 alumnum
1181 3424 1480 3494 egregium,
1507 3423 1648 3476 hunc
1707 3437 1832 3476 vero
1869 3423 1992 3475 belli
2027 3407 2089 3475 ex

534 3517 830 3586 composito
877 3531 1061 3570 ansam
1093 3515 1355 3584 praebere,
1377 3523 1554 3568 tamen
1590 3522 1936 3568 assenteutur
1965 3514 2012 3566 ei
2045 3523 2098 3568 et
2135 3523 2137 3526 ‘

536 3617 873 3673 accusantes,
889 3615 1051 3676 atque
1076 3606 1198 3660 odio
1225 3614 1612 3674 prosequentes
1643 3604 1884 3674 plurimi.
1924 3603 2089 3673 Equi-

526 3699 660 3754 dem
690 3697 841 3767 quasi
895 3699 1112 3752 virtutis
1146 3696 1424 3751 inimicum
1454 3710 1519 3752 ac
1567 3695 1780 3751 diabolo
1816 3696 2093 3772 culludett-

540 3798 670 3856 tem,
696 3788 790 3859 qui
824 3787 1032 3842 zizania
1095 3786 1366 3842 mentibus
1417 3785 1621 3841 inserat
1684 3775 2102 3848 mortaliumme

538 3881 712 3948 anguis
739 3880 956 3950 quidem
1010 3878 1255 3948 aspicere
1302 3891 1514 3948 possunt
1571 3875 1765 3939 oculis,
1797 3876 1900 3930 etsi
1953 3876 2101 3928 mille

543 3974 925 4029 inter-minetur
949 3972 1078 4026 tuihi
1109 3980 1330 4027 mortes.

682 4084 844 4155 πο
871 4053 1406 4138 out—10AM!
1463 4078 1957 4137 SCHOLASTICO.

2200 3342 2296 3410 μὲν
2323 3342 2423 3395 οὐκ
2470 3337 2589 3396 οῖδα
2619 3343 2790 3398 οὐδέν.
2826 3343 2966 3396 Φασὶ
3003 3343 3061 3398 δὲ
3101 3344 3371 3412 λεγόντων
3399 3345 3650 3413 ἀκούειν,
3687 3345 3772 3401 ὅτι

2199 3431 2398 3502 ἀρετῆς
2439 3433 2556 3484 ἔστι
2599 3431 2822 3502 θρέμμα
2873 3432 3268 3504 περίϐλεπτον·
3315 3434 3406 3489 τὸν
3442 3435 3499 3489 δὲ
3546 3435 3607 3489 τὸ
3649 3435 3776 3491 σύν-

2200 3521 2349 3592 θημα
2397 3520 2491 3574 τοῦ
2543 3520 2781 3592 πολέμου
2814 3521 2974 3577 δόντα
3017 3527 3066 3577 εί
3110 3525 3205 3579 καὶ
3246 3525 3433 3579 πολλοὶ
3485 3522 3776 3596 μισοῦντες

2199 3612 2294 3665 καὶ
2331 3611 2770 3683 κακηγοροῦντες
2827 3615 3242 3682 κολακεύουσιν,
3293 3615 3404 3684 ἐγὼ
3443 3617 3537 3671 ἅτε
3579 3615 3777 3690 ἐχθρὸν

2197 3703 2295 3772 τῆς
2324 3703 2547 3774 ἀρετῆς,
2573 3704 2669 3758 καὶ⁵
2696 3703 2777 3775 τῷ
2813 3704 3045 3777 διαϐόλῳ
3075 3708 3493 3778 συμπράττοντα
3520 3707 3598 3780 τῷ
3631 3708 3777 3765 κατά

2196 3791 2305 3846 τῶν
2345 3791 2702 3864 ἀνθρωπίνων
2730 3795 2922 3866 ψυχῶν
2953 3796 3230 3870 σπείροντι
3268 3797 3338 3851 τά
3371 3797 3620 3864 ζιζάνια,
3662 3798 3778 3854 οὐδ’

2201 3880 2329 3935 ίδεϊν
2350 3879 2606 3952 δύναμαι,
2632 3883 2743 3937 οὐδ’
2769 3884 2836 3938 ἂν
2867 3886 3097 3956 μυρίους
3118 3887 3387 3960 ἀπειλήσει
3413 3888 3703 3953 θανάτους.

2461 4080 2623 4148 ψειεν.
2662 4109 2728 4125 —
2764 4084 3026 4158 taANNu
3061 4086 3512 4162 ΣΧΟΛΑΣΊῚΚῼ.

1428 4193 1646 4250 Virtutis
1679 4213 1740 4251 ac
1770 4195 1884 4253 uitii
1911 4195 2270 4267 παραλλήλως
2313 4197 2521 4267 elegans
2546 4201 2890 4268 comparatio.

614 4308 1060 4381 Quandoquidem
1136 4309 1453 4379 improbitas
1499 4322 1594 4378 per
1640 4323 1704 4363 ea
1755 4323 1874 4378 qua:
1916 4309 2103 4363 statim

548 4404 796 4459 videntur
845 4417 964 4458 esse
1021 4399 1357 4456 delectabilia
1409 4400 1631 4466 incedit,
1665 4409 1720 4454 et
1773 4399 2102 4470 voluptatem

2292 4311 2570 4384 Ἐπειδὴή
2604 4311 2704 4382 μὲν
2734 4312 2903 4366 κακία
2943 4312 3031 4366 διὰ
3065 4313 3176 4368 τῶν
3215 4314 3530 4386 παραυτίκα
3559 4315 3785 4374 δοκούν⁴

2209 4418 2316 4456 των
2350 4399 2488 4456 εἶναι
2519 4400 2768 4473 τερπνῶν
2815 4403 3106 4475 πορεύεται
3125 4445 3140 4470 ,
3173 4404 3265 4458 καὶ⁸
3300 4405 3399 4475 τὴν
3443 4404 3634 4478 ἡδονὴν
3663 4405 3782 4478 ἔχει

491 4559 505 4570 _
549 4495 714 4552 habet
757 4495 1191 4550 commetie'ntem
1247 4493 1350 4548 sibi
1388 4491 1888 4557 adminiculantem,
1935 4492 2098 4550 virtus

2212 4493 2660 4566 συμμετροῦσαν·
2699 4496 2733 4564 ἡ
2780 4493 2839 4548 δὲ
2876 4496 3044 4567 ἀρετὴ
3072 4496 3269 4560 πόνους
3317 4497 3655 4568 προτείνεται
3683 4501 3786 4553 καὶ

550 4603 680 4645 vero
719 4587 933 4642 labores
982 4586 1226 4649 exhibet,
1272 4593 1434 4668 atque
1492 4586 1866 4640 contentiones
1918 4603 1931 4639 :
1985 4586 2111 4640 hinc

550 4679 799 4737 usuvenit
826 4677 970 4733 illam
1000 4693 1030 4732 a
1058 4677 1301 4747 pluribus
1348 4677 1614 4741 adamari,
1647 4677 1788 4730 hanc
1834 4677 2122 4745 pauciores

555 4771 624 4828 ad
672 4785 730 4826 se
777 4771 1064 4825 amandum
1123 4769 1373 4824 invitare.
1420 4767 1876 4823 Considerandum
1938 4771 2117 4838 itaque

561 4863 702 4916 illius
757 4861 1089 4930 voluptatem
1151 4859 1545 4929 quamprimunt
1597 4861 2119 4930 exstingui,virtutis

562 4967 688 5007 vero
721 4953 970 5022 gaudium
1016 4962 1329 5022 perpetuum
1359 4965 1498 5016 esse,
1540 4961 1594 5005 et
1643 4953 1777 5006 mori
1827 4954 2105 5020 nescium;

554 5043 843 5114 voluptatis
902 5043 1086 5098 vitium
1140 5056 1327 5112 parere
1375 5041 1672 5108 infamiam,
1708 5046 2105 5114 ruboremque;

556 5137 698 5191 hanc
720 5142 907 5189 contra
933 5133 1143 5187 Iaudem
1174 5144 1226 5186 et
1257 5133 1481 5203 gloriam
1506 5151 1518 5184 ε
1550 5133 1694 5186 illam
1723 5149 1880 5203 poena
1909 5144 2108 5203 manet,

557 5229 699 5282 hanc
750 5226 912 5280 decus
936 5233 990 5278 et
1031 5228 1201 5280 honos
1231 5227 1544 5283 comitatur.
1579 5226 1778 5280 Vitium
1816 5227 2109 5283 daemonem

557 5318 772 5388 quidem
805 5318 965 5371 habet
991 5327 1311 5386 patronum;
1343 5317 1513 5372 virtus
1547 5332 1673 5372 vero
1700 5317 1867 5372 Deum
1892 5320 2108 5389 legisla-

2209 4586 2425 4653 ἀγῶνας
2445 4603 2459 4618 ’
2493 4585 2582 4640 διὰ
2612 4587 2767 4640 τοῦτο
2792 4589 2972 4659 ἐκείνη
3007 4588 3106 4660 μὲν
3133 4588 3359 4652 πολλοὺς
3377 4627 3392 4654 ,
3419 4589 3557 4660 αὐτὴ
3585 4589 3641 4643 δὲ
3669 4589 3787 4644 ὀλί-

2211 4698 2340 4748 γους
2372 4681 2723 4735 ἐπεσπάσατο
2758 4682 2837 4744 είς
2875 4680 2963 4735 τὸν
2996 4682 3194 4753 ἑαυτῆς
3238 4682 3437 4753 ἔρωτα.
3473 4681 3602 4735 Δέον
3633 4681 3786 4754 γὰρ,

2216 4771 2554 4841 συνορῶντας
2581 4772 2714 4841 ὅτιή
2751 4772 2848 4841 μὲν
2867 4772 2963 4842 τῆς
2988 4773 3185 4837 κακίας
3210 4773 3372 4844 ἡδονὴ
3400 4773 3597 4846 ῥᾳδίως
3627 4773 3788 4829 σϐέν-

2218 4880 2392 4928 νυται,
2419 4865 2453 4934 ἡ
2482 4863 2538 4915 δὲ
2567 4863 2664 4933 τῆς
2696 4865 2895 4936 ἀρετῆς
2926 4865 3230 4937 εὐφροσύνη
3265 4865 3506 4936 ἀοίδιμός
3541 4867 3656 4919 εστι
3688 4868 3789 4920 καὶ

2215 4959 2512 5021 ἀθάνατος·
2547 4960 2642 5013 καὶ
2677 4961 2760 5015 ὅτι
2801 4962 2835 5031 ἡ
2882 4961 2978 5030 μὲν
3015 4961 3232 5028 ἀδοξίαν
3274 4962 3368 5015 καὶ
3408 4959 3706 5032 αἰσχύνην,
3749 4963 3787 5034 ἡ

2217 5051 2272 5104 δὲ
2310 5050 2564 5114 ἐπαίνους
2604 5052 2700 5104 καὶ
2737 5051 2894 5116 δόξαν
2938 5051 3148 5104 τίκτει*
3182 5052 3278 5105 καὶ
3321 5051 3462 5121 arti)
3505 5048 3601 5120 μὲν
3645 5048 3789 5119 πρὸς

2216 5141 2487 5212 τιμωρίαν
2509 5184 2522 5207 ,
2557 5143 2590 5212 ἠ
2618 5141 2677 5195 δὲ
2717 5141 2853 5213 πρὸς
2888 5143 3056 5214 τιμὴν
3088 5143 3328 5213 τελευτᾷ.
3362 5141 3472 5196 Καὶ
3503 5142 3535 5212 ἡ
3567 5140 3666 5210 μὲν
3693 5138 3790 5193 τὸν

2215 5232 2455 5285 διάϐολον
2501 5232 2615 5303 ἔχει
2647 5234 3039 5305 συνήγορον,ή
3090 5234 3147 5287 δὲ
3196 5235 3287 5287 τὸν
3333 5234 3441 5287 τῶν
3487 5231 3790 5286 καλλίστων

2218 5324 2513 5394 νομοθέτην
2538 5324 2691 5381 Θεό-θ.
2729 5325 2834 5380 Καὶ
2863 5327 2895 5397 ἡ
2930 5326 3027 5395 μὲν
3057 5325 3374 5398 ἀνατρέπει,
3407 5328 3440 5394 ἡ
3463 5324 3519 5377 δὲ
3551 5337 3788 5393 συγκρο-

1677 5496 1912 5552 VARIIE
1951 5493 2333 5553 LECTIONES
2374 5500 2459 5553 ET
2497 5489 2726 5554 ΝΟΤᾸΞ.

637 5651 747 5735 ςϐὅ).
790 5652 1207 5735 Ἡμερολιαᾼές.
1238 5656 1412 5735 floris
1448 5656 1625 5726 huius,
1665 5658 1756 5712 lilii
1803 5658 2049 5726 agrestis,
2081 5657 2367 5712 meminere
2416 5656 2773 5723 Dioscorides,
2799 5655 3202 5727 Theophrastus
3244 5672 3307 5712 ac
3345 5656 3584 5730 Plinius;
3623 5657 3791 5735 Hesy-

563 5724 716 5778 chius
737 5724 864 5780 item
897 5743 957 5782 ae
991 5727 1203 5782 Suidas.
1238 5727 1474 5783 SCHM'T.
