4010 6470
515 361 649 433 Iw

731 480 963 538 DLXIX.
987 511 1051 524 -
1083 473 1338 536 ZOSIMO
1386 471 1861 531 PBESBYTERO.

1710 361 1773 422 S.
1809 354 2101 419 ISIDORI
2138 347 2578 415 PELUSIOT/E

3626 336 3779 407 im

2449 462 2609 516 οεθυ.
2645 489 2713 500 -
2754 457 3002 528 ΖΩΣΙΜῼ
3039 454 3512 523 ΠΡΕΣΒΥΤΕΡῼ.

515 614 830 676 Detestanda
862 612 1061 668 Zosimi
1092 611 1265 681 carpit
1295 609 1489 665 diserte
1518 608 1669 675 t-itta,
1700 618 1754 661 ut
1788 608 2039 660 [iactantis
2068 614 2291 671 sentper,
2314 594 2360 652 et
2385 594 2683 651 sacerdotio
2707 592 2979 663 indignum
3001 608 3035 646 α
3071 592 3239 644 sacris
3267 590 3549 643 arcendum
3574 598 3773 641 censet.

585 770 733 827 liciti
762 771 811 824 in
845 767 1102 839 dignitate
1153 762 1455 829 constituti,
1519 760 1841 833 egregieque
1890 755 2085 811 divina:

520 863 693 920 aﬂ'ecti
741 860 1008 930 religioni,
1073 857 1228 912 nobis
1285 853 1533 925 quotidie
1611 852 1834 913 instant,
1916 846 2083 901 vitam

520 965 665 1011 tuam
710 963 992 1020 moresque
1042 955 1349 1010 narrantes,
1375 946 1426 999 in
1484 956 1714 1011 eumque
1742 938 1940 995 invecti
1991 938 2085 1007 qui

519 1056 572 1100 te
637 1030 1323 1100 sacerdotenr'ordinavit,
1375 1043 1432 1091 et
1482 1032 1829 1088 immaculata
1882 1043 1980 1099 per
2028 1038 2082 1082 te

523 1133 793 1204 inquinari
850 1131 1045 1201 templa
1069 1129 1355 1197 iactantes,
1387 1122 1857 1192 sacerdotinmqne
1892 1116 2093 1190 probro

524 1229 729 1282 aientes
754 1224 911 1289 allici,
935 1233 1093 1291 atque
1128 1219 1354 1288 impuris
1409 1217 1514 1272 tuis
1547 1214 1797 1270 manibus
1827 1211 2089 1286 baptizari

525 1332 633 1372 non
697 1330 917 1388 paucos,
964 1328 1027 1367 ea
1077 1324 1134 1365 re
1176 1306 1458 1365 salutifera
1504 1292 1843 1362 sacramenta
1895 1301 2089 1372 injuria

525 1408 661 1464 uilici
709 1408 1013 1479 perhibent.
1043 1402 1187 1470 Quos
1215 1417 1319 1458 non
1360 1400 1537 1470 plane,
1572 1397 1667 1453 sed
1718 1397 1872 1451 valde
1923 1395 2087 1449 etiam

526 1498 806 1557 sullleienti
835 1494 1113 1568 apparatu,
1146 1501 1206 1549 ut
1236 1491 1487 1563 equidem
1552 1488 1826 1551 existimo,
1867 1500 2091 1554 respon-

528 1592 700 1646 dendo
727 1590 913 1659 repuli,
944 1601 1047 1642 non
1080 1585 1198 1640 vita:
1223 1593 1327 1639 tuae
1344 1583 1563 1650 {verum
1600 1590 1683 1636 est
1717 1579 1863 1635 enim
1916 1576 2095 1632 faten-

527 1681 677 1744 dum)
698 1680 906 1750 objecta
969 1675 1129 1733 veluti
1184 1676 1372 1746 clypeo
1418 1672 1763 1744 patrocinans
1792 1687 1807 1725 :
1838 1668 1917 1725 sic
1954 1668 2096 1750 enim

530 1775 725 1828 merito
784 1771 1016 1837 reicitur,
1057 1742 1433 1824 VBI'llllinilllId
1482 1765 1864 1820 demonstrans
1915 1742 2111 1815 ιιιίΙιίιΧ

2265 747 2459 805 Πολλοὶ
2486 745 2595 800 τῶν
2622 744 2683 799 ὲν
2705 742 2847 799 τέλει
2875 741 3240 814 διαφερόντως
3265 739 3331 809 τῇ
3361 736 3616 808 θειοτάτῃ
3641 734 3779 806 θρη-

2197 839 2355 911 σκείᾳ
2396 839 2775 911 ἀνακείμενοι,
2828 833 3064 905 συνεχῶς
3109 834 3239 904 ἡμῖν
3289 830 3642 899 ἐπιφύονται,
3686 828 3783 880 τὸν

2199 933 2314 1003 βίον
2342 932 2436 985 τὸν
2465 931 2558 985 σὸν
2611 929 3000 1001 προφέροντες,
3039 925 3130 979 καὶ
3160 922 3254 977 τοῦ
3295 920 3783 992 χειρπονήσαντός

2201 1042 2261 1079 σε
2297 1023 2704 1087 καταϐοῶντες,
2746 1022 2839 1074 καὶ
2880 1020 2947 1074 τά
2989 1017 3234 1088 ἄκραντα
3288 1015 3564 1084 ἀνάκτορα
3613 1011 3783 1081 μολύ-

2201 1114 2389 1169 νεσθαι
2446 1114 2733 1183 λέγοντες,
2769 1112 2862 1166 καὶ
2909 1110 3006 1182 τὴν
3057 1106 3355 1179 ἱερωσύνην
3401 1102 3784 1176 παροινεῖσθαι

2204 1212 2534 1283 φράζοντες,
2583 1209 2708 1272 τοὺς
2762 1205 3188 1279 βαπτιζομένους
3250 1202 3337 1255 διά
3391 1199 3497 1251 τῶν
3568 1196 3788 1267 μιαρῶν

2208 1321 2302 1357 σου
2353 1302 2551 1375 χειρῶν
2594 1304 2672 1363 είς
2714 1301 2783 1353 τὰ
2839 1290 3154 1367 σωτηριὼδη
3195 1292 3496 1347 ἀδικεῖσθαι
3538 1286 3789 1356 σύμϐολα

2208 1397 2525 1465 φάσκοντες.
2560 1392 2670 1455 Οὓς
2704 1392 2799 1461 οὐχ
2845 1388 3061 1451 ἁπλῶς,
3097 1385 3233 1440 ἀλλὰ
3266 1386 3361 1436 καὶ
3405 1380 3609 1465 σφόδρα
3646 1380 3792 1447 μετὰ

2203 1485 2547 1554 κατασκευῆς
2584 1483 2798 1553 ίκανῆς,
2844 1481 2920 1544 ὡς
2948 1479 3125 1547 ἔγωγε
3155 1475 3397 1546 ἡγοῦμαι
3426 1517 3438 1537 ,
3484 1450 3792 1539 dra/expuli-

2205 1592 2361 1647 μενος
2396 1574 2739 1643 ἐτρεψάμηψ
2766 1573 2829 1626 ού
2849 1570 2945 1624 τοῦ
2978 1570 3070 1623 σοῦ
3100 1568 3215 1639 βίου
3253 1566 3387 1637 (χρὴ
3426 1566 3535 1631 γάρ
3574 1560 3791 1628 τάληθῆ

2200 1666 2413 1736 λέγειν)
2447 1663 2837 1735 ύπερασπίζων
2864 1680 2876 1692 ·
2902 1659 2938 1732 ἦ
2964 1660 3073 1730 γάρ
3100 1659 3166 1712 ἂν
3190 1655 3578 1724 κατεγνώσθην
3604 1668 3617 1681 ·
3648 1648 3793 1704 άλλά

2200 1755 2357 1811 τοῦτο
2379 1756 2589 1819 δεικνὺς
2608 1794 2621 1819 ,
2651 1754 2725 1817 ὡς
2760 1752 2911 1806 οὐδὲν
2939 1752 2968 1804 ό
2998 1749 3185 1812 λαῖκὸς
3209 1745 3661 1818 παραὸλάπτεται
3694 1739 3796 1795 τοῦ

536 1865 720 1920 violari
768 1865 933 1918 luicos
987 1835 1267 1933 inquinata
1312 1858 1657 1914 sacerdotum
1709 1856 1841 1908 vita.
1874 1852 1942 1907 Ut
1973 1850 2102 1920 ipsis

2220 1848 2395 1920 ,ερέως
2420 1846 2494 1919 μὴ
2526 1842 2584 1900 εὖ
2616 1845 2877 1916 βιοῦντος.
2913 1842 2999 1905 Ὠς
3019 1840 3075 1894 δὲ
3103 1840 3225 1894 οὐδὲ
3268 1838 3439 1901 οὕτως
3485 1835 3648 1888 αὑτὸν
3692 1836 3798 1887 ἐπ·-

533 1972 664 2014 vero
694 1957 928 2011 nondum
969 1956 1049 2009 sic
1076 1969 1137 2009 os
1168 1951 1440 2014 ohturavi,
1462 1949 1608 2005 clare
1651 1946 1921 2010 dicebant,
1954 1944 2107 1998 nobis

535 2052 590 2104 id
610 2049 821 2119 quidem
848 2047 980 2105 satis
1025 2042 1365 2115 persuasisti,
1397 2041 1518 2097 aliis
1559 2053 1685 2094 vero
1710 2037 1963 2092 omnibus
1982 2050 2106 2089 eum

533 2139 710 2194 doctis
744 2148 854 2193 tum
883 2135 1133 2198 indoctis,
1180 2134 1301 2202 quis
1341 2128 1714 2202 persuaserit?
1746 2128 1835 2197 qui
1869 2124 2109 2192 quotidie

528 2231 795 2288 conviciis
822 2245 943 2285 cum
991 2225 1360 2297 proscindunt,
1416 2231 1729 2278 evomentes
1756 2233 1818 2273 ea
1846 2232 1961 2279 ore,
1990 2228 2110 2283 quae

537 2323 696 2379 silere
752 2322 919 2376 multo
970 2319 1041 2373 sit
1087 2316 1300 2379 melius,
1335 2323 1395 2368 ut
1425 2321 1480 2369 et
1521 2313 1575 2369 in
1617 2325 1837 2366 scenam
1879 2306 2110 2377 denique

534 2413 883 2484 proferantur
908 2423 995 2465 tua
1024 2408 1248 2477 ﬂagitia.
1286 2406 1393 2462 Sed
1430 2405 1523 2460 illa
1580 2402 1743 2458 missa
1780 2399 2015 2465 iaciens,
2043 2397 2110 2453 ad

540 2505 803 2561 malorum
830 2503 1070 2559 omnium
1097 2500 1331 2555 radicem
1376 2496 1679 2553 veniamus.
1708 2492 1823 2560 Qua
1853 2494 1918 2546 de
1946 2504 2107 2549 causa

538 2610 647 2652 non
688 2595 1012 2667 persuadeas
1049 2592 1241 2647 horum
1277 2588 1543 2643 malorum
1575 2594 1875 2649 auctorem,
1909 2599 1941 2638 e
1964 2592 2111 2637 tanta

541 2685 792 2744 suscitari
824 2681 1178 2740 tetnulentia?
1212 2679 1449 2738 Duorum
1480 2680 1626 2733 enim
1664 2676 1894 2731 alterum
1919 2688 2110 2728 ncces-

551 2778 698 2835 sario
765 2776 1137 2847 cogitandum,
1168 2772 1253 2828 vel
1309 2769 1452 2827 nolle
1501 2768 1841 2840 persuaderi,
1896 2762 2115 2820 tametsi

536 2868 735 2937 possit,
765 2867 846 2920 vel
880 2881 987 2921 non
1030 2878 1207 2934 posse,
1245 2860 1484 2931 tametsi‘
1522 2858 1671 2914 velit.
1702 2857 1769 2912 At
1816 2869 1945 2909 vero
1991 2868 2114 2908 cum

546 2959 699 3030 prius
760 2957 911 3021 illud,
936 2970 1130 3024 nempe
1162 2954 1303 3021 quod
1353 2966 1476 3006 eum
1543 2949 1741 3019 possis,
1793 2945 2117 3015 persuadere

545 3049 704 3114 nolis,
746 3049 814 3103 de
870 3056 922 3102 te
970 3046 1176 3101 sentire
1235 3041 1388 3097 nefas
1414 3041 1525 3096 sit:
1556 3047 1725 3094 restat
1752 3036 1803 3091 id
1833 3036 2116 3091 existime-

545 3155 687 3205 mus,
719 3139 860 3209 quod
902 3152 1025 3194 eum
1076 3146 1129 3191 te
1175 3132 1591 3189 insuiiieientem
1650 3128 1959 3184 arbitreris.
1987 3124 2119 3181 cori-

543 3234 828 3300 quiescero
877 3228 1182 3283 decreveris
1235 3239 1299 3278 ac
1352 3223 1728 3291 supersedere.
1758 3218 1889 3285 Quae
1907 3217 2008 3272 etsi
2042 3218 2118 3270 ita

546 3320 1072 3391 sebabeant,722
1130 3332 1230 3384 ego
1270 3328 1447 3370 tamen
1500 3312 1707 3382 pudore
1758 3314 1953 3365 ductus
2013 3324 2120 3362 non

558 3413 784 3485 perinde
813 3410 1056 3476 fatebar;
1085 3409 1178 3466 sed
1205 3408 1315 3463 dixi
1344 3426 1359 3463 :
1396 3407 1511 3461 hmo
1552 3404 1767 3473 quidem
1796 3415 1895 3455 vos
1941 3398 2122 3468 splen-

549 3506 676 3562 dide
699 3505 901 3569 dicitis,
934 3504 1028 3560 sed
1051 3503 1363 3572 ignorantes
1410 3497 1549 3552 forte
1577 3496 1855 3551 eoaetione
1879 3490 2023 3561 adigi
2055 3490 2122 3544 ad

550 3598 750 3654 bonum
779 3609 900 3653 esse
930 3594 1223 3650 neminem.
1250 3592 1361 3662 Ego
1385 3603 1515 3644 vero
1558 3602 1678 3658 quae
1705 3588 1806 3641 mei
1838 3593 1967 3639 sunt
1997 3581 2116 3637 oiIi-

552 3687 624 3741 cii
648 3686 875 3741 iterabo.
932 3683 1057 3739 llaec
1106 3680 1251 3736 fatus
1292 3680 1412 3735 illos
1435 3677 1638 3744 dimisi,
1663 3686 1718 3731 et
1752 3683 2120 3730 atramentum

553 3776 805 3847 lacrymis
837 3775 1091 3838 miscens,
1116 3774 1256 3828 hanc
1288 3772 1463 3827 denuo
1487 3770 1731 3823 scribere
1751 3751 1982 3821 'decrevi
2006 3763 2120 3834 epi-

554 3867 767 3924 stolam.
813 3866 926 3920 Etsi
976 3865 1110 3918 alias
1166 3863 1235 3917 ad
1299 3872 1352 3916 te
1390 3858 1605 3929 scripsi
1645 3856 1982 3927 frequenter,
2004 3868 2125 3924 quae

553 3960 715 4015 bruta
745 3958 906 4012 etiam
929 3965 984 4011 et
1011 3957 1064 4010 in
1098 3955 1277 4010 anima
1307 3962 1510 4023 queant
1544 3950 1838 4021 percellere
1863 3961 2118 4028 corpora,

558 4045 732 4113 ipsum
768 4054 821 4100 te
858 4052 1048 4100 testem
1108 4041 1349 4113 appello,
1386 4040 1627 4117 noluisse
1661 4047 1714 4094 te
1746 4055 1776 4093 a
1807 4037 2125 4093 libidinibus

556 4135 653 4191 tibi
697 4143 1024 4205 temperare,
1065 4144 1126 4190 ut
1173 4144 1259 4199 te,
1284 4142 1339 4189 et
1390 4148 1490 4189 nos
1518 4132 1679 4203 culpa
1710 4130 2017 4195 .liberares,
2070 4138 2128 4183 et

554 4223 962 4295 obloquentium
1011 4239 1106 4281 ora
1133 4226 1391 4280 obturare
1438 4227 1650 4293 posses.
1684 4220 1838 4287 Quod
1869 4234 2001 4274 vero
2026 4233 2127 4275 ne-

559 4330 664 4386 que
692 4331 836 4373 nunc
861 4317 913 4372 in
963 4326 1017 4373 te
1046 4316 1321 4372 monendo
1359 4314 1766 4386 supersedeam.
1802 4312 1896 4368 sed
1929 4312 2125 4367 iterum

564 4422 754 4464 manus
780 4407 1038 4481 injiciam,
1076 4409 1179 4463 etsi
1207 4407 1490 4463 incurabili
1525 4405 1760 4470 vulneri,
1792 4415 1849 4459 ut
1878 4405 2120 4468 videtur,

2208 1940 2489 2011 εστόμισα,
2514 1936 2877 2007 γεγωνότερον
2898 1935 3106 2003 ἔφησαν
3125 1947 3141 1963 ο
3172 1932 3256 1985 ὅτι
3277 1930 3423 2000 ἡμᾶς
3454 1927 3551 1997 μὲν
3585 1922 3795 1987 ἱκανῶς

2208 2030 2430 2093 ἔπεισας
2450 2070 2463 2095 ,
2496 2028 2621 2091 τοὺς
2642 2027 2699 2081 δὲ
2729 2026 2921 2089 ἄλλους
2952 2025 3157 2087 πάντας
3175 2062 3189 2086 ,
3213 2021 3341 2084 τούς
3362 2037 3422 2073 τε
3445 2017 3796 2086 ἐλλογίμους,

2208 2121 2339 2184 τούς
2386 2138 2444 2173 τε
2494 2118 2786 2188 ἀγελαίους
2829 2116 2913 2180 τίς
2965 2115 3180 2179 πείσει,
3216 2115 3341 2175 τοὺς
3390 2109 3508 2165 καθ’
3554 2108 3801 2177 ἑκάστην

2208 2213 2379 2267 ταῦτα
2408 2192 2801 2281 κωμῳδόῦντας
2824 2208 2915 2280 τὴν
2938 2208 3189 2279 ἡμέραν;
3214 2202 3479 2259 Τοσοῦτον
3526 2199 3802 2254 ὲκπτύονσ

2210 2322 2338 2371 τας,
2395 2305 2430 2359 ἃ
2482 2302 2737 2373 σιγᾶσθαι
2771 2302 3048 2374 ἔπρεπεν,
3091 2301 3169 2363 ὡς
3211 2299 3305 2353 καὶ
3338 2291 3799 2368 σκηνοϐατεῖσθαι

2212 2396 2396 2450 λοιπὸν
2424 2396 2489 2449 τά
2524 2397 2653 2465 παρ’
2680 2393 2844 2447 αὐτοῦ
2877 2391 3166 2465 δρώμενα;
3195 2391 3310 2444 Ἵνα
3336 2388 3393 2443 δὲ
3426 2387 3649 2441 ἐκείνων
3686 2385 3803 2453 ἀφ-

2191 2488 2433 2560 ιέμενοι,
2484 2488 2560 2551 είς
2608 2487 2708 2557 τὴν
2738 2484 2894 2557 ῥίζαν
2934 2484 3044 2537 τῶν
3098 2484 3283 2538 κακῶν
3333 2479 3801 2548 καταγενοίμεθα,

2216 2585 2281 2637 δι’
2321 2584 2387 2654 ἢν
2426 2582 2603 2635 αἰτίαν
2630 2580 2791 2634 αὑτὸν
2821 2578 2912 2633 τὸν
2952 2578 3136 2633 κακῶν
3172 2576 3531 2649 ἀρχιτέκτονα
3568 2574 3630 2626 οὐ
3673 2575 3801 2627 πεί-

2215 2675 2327 2740 θεις
2378 2676 2689 2742 ἀνενεγκεῖν
2726 2674 2791 2725 ὲκ
2837 2672 2935 2741 τῆς
2967 2669 3234 2740 τοσαύτης
3274 2668 3480 2739 μὲθης’;-
3506 2668 3661 2719 Δυοῖν
3690 2666 3803 2737 γάρ

2217 2764 2443 2835 θάτερον
2473 2762 2897 2831 ἀναγκαζόμεθα
2926 2763 3147 2829 ἐννοεῖν,
3182 2760 3215 2833 ἢ
3249 2760 3323 2832 μὴ
3355 2759 3641 2830 βούλεσθαι
3675 2761 3804 2811 πεῖ-

2220 2874 2309 2910 σαι
2343 2856 2437 2910 καὶ
2472 2854 2687 2926 σφόδρα
2707 2854 3033 2925 δυνάμενον,
3073 2853 3107 2925 ἢ
3141 2854 3216 2924 μὴ
3246 2852 3505 2907 δύνασθαι
3534 2851 3627 2905 καὶ
3663 2852 3801 2918 σφό-

2218 2946 2319 3018 δρα
2360 2945 2703 3016 βουλόμενον.
2753 2942 2913 2996 Ἆλλά
2950 2942 3056 3012 μὴν
3081 2945 3130 2996 εί
3162 2941 3223 2994 τὸ
3253 2940 3518 3013 πρότερον
3548 2941 3650 2995 οὐκ
3682 2938 3805 2993 ἐστι

2221 3036 2511 3090 πιστεῦσαι
2548 3034 2687 3089 κατά
2721 3033 2846 3098 σοῦ,
2882 3034 2958 3097 ὡς
2981 3032 3100 3099 ἐξὸν
3136 3033 3347 3088 ἐκείνου
3380 3031 3541 3086 λῦσαι
3568 3032 3669 3104 τὴν
3702 3049 3808 3087 κα-

2220 3130 2344 3183 κίαν
2363 3171 2376 3194 ,
2413 3129 2472 3183 οὗ
2506 3127 2684 3199 βούλει
2703 3144 2718 3159 ·
2753 3127 3002 3181 λείπεται
3024 3127 3085 3180 τὸ
3105 3167 3121 3193 ,
3156 3127 3231 3189 ὡς
3256 3126 3518 3189 ἀδύνατος
3545 3123 3685 3180 εἶναι
3711 3141 3804 3177 νο-

2225 3214 2425 3284 μίζων,
2468 3216 2568 3286 τὴν
2598 3214 2831 3287 ἡσυχίαν
2865 3216 3112 3285 ἀγαγεῖν.
3152 3213 3295 3285 Ἐγὼ
3334 3215 3392 3269 δὲ
3428 3216 3476 3268 εί
3508 3214 3603 3268 καὶ
3644 3214 3806 3268 ταῦθ’

2222 3304 2394 3369 οὕτως
2427 3305 2588 3376 ἔχει,Γ
2627 3304 2786 3360 τοῦτο
2837 3306 2936 3377 μὲν
2983 3308 3082 3377 οὐχ
3133 3304 3462 3377 ὡμολόγησα
3506 3304 3802 3377 ἐρυθριῶν.

2222 3396 2486 3449 Τοσοῦτον
2530 3397 2588 3449 δὲ
2625 3396 2783 3468 ἔφην,
2824 3398 2906 3451 ὅτι
2950 3397 3143 3466 Ὑμεῖς
3183 3399 3282 3468 μὲν
3326 3397 3496 3452 ταῦτα
3549 3396 3810 3467 σεμνολο-

2222 3486 2435 3555 γεῖσθε,
2471 3486 2572 3540 οὐκ
2613 3488 2812 3552 εἰδότες
2844 3489 2998 3552 ίσως,
3028 3488 3110 3543 ὅτι
3153 3488 3366 3560 ἀνάγκη
3415 3487 3637 3559 ποιῆσαί
3684 3505 3809 3542 τινα

2223 3578 2424 3647 ἀγαθὸν
2468 3578 2567 3632 ούκ
2614 3577 2780 3633 ἐστιν.
2834 3578 2976 3648 Ἐγὼ
3008 3579 3163 3634 δὲτὰ
3202 3581 3331 3652 παρ’
3364 3577 3601 3651 ἐμαυτοῦ
3639 3579 3810 3634 πάλιν

2223 3670 2454 3741 ποιήσω.
2505 3668 2692 3734 Οὕτως
2731 3668 3067 3741 ἀποπέμψας
3112 3671 3392 3736 ἐκείνους,
3429 3672 3525 3724 καὶ⁵
3569 3671 3809 3742 δάκρυσι

2224 3761 2411 3831 σχεδὸν
2472 3760 2711 3832 κεράσας
2755 3762 2817 3815 τὸ
2861 3761 3067 3831 μέλαν,
3108 3762 3203 3816 καὶ
3248 3762 3402 3816 τοῦτο
3434 3762 3669 3834 χαράξαι
3720 3764 3805 3818 δι-

2224 3854 2396 3924 έγνων
2421 3856 2482 3907 τὸ
2514 3855 2768 3925 γράμμα.
2805 3855 2928 3909 Ὀτι
2965 3850 3075 3927 γὰρ
3116 3856 3377 3921 πολλάκις
3420 3874 3499 3911 σοι
3522 3856 3805 3930 γέγραφα,

2223 3947 2261 4002 ἃ
2288 3948 2382 4001 καὶ
2419 3946 2517 4017 τὴν
2549 3947 2754 4017 ἄψυχον
2798 3945 2958 4017 φύσιν
2988 3947 3204 4019 κάμψαι
3237 3950 3467 4020 ἠδύνατο
3488 3990 3503 4015 ,
3540 3950 3707 4005 αὐτόν
3745 3967 3807 4004 σε

2225 4040 2375 4095 καλῶ
2410 4041 2697 4112 μάρτυρα,
2729 4039 2821 4093 τὸν
2866 4039 2942 4111 μὴ
2985 4039 3311 4113 βουλόμενον
3351 4042 3657 4114 ἀποστῆναι
3704 4042 3809 4113 τῆς

2182 4158 2189 4162 ν
2225 4131 2500 4201 λαγνείας,
2530 4132 2617 4185 ἵνα
2637 4133 2731 4185 καὶ
2754 4132 2946 4185 σαυτὸν
2972 4133 3065 4186 καὶ
3086 4134 3232 4204 ἡμᾶς
3257 4134 3622 4206 ἐγκλημάτων.
3638 4137 3810 4190 άπαλο

2226 4224 2421 4297 λάξῃς,
2455 4212 2546 4277 καὶ
2593 4226 2721 4289 τοὺς
2750 4225 3116 4293 ἐγκαλοῦντας
3150 4228 3527 4299 ὲπιστομίσῃς.
3575 4227 3701 4283 Ὀτι
3750 4229 3808 4282 δὲ

2227 4316 2347 4369 οὐδὲ
2364 4314 2457 4368 νῦν
2476 4332 2557 4369 σοι
2571 4316 2964 4383 άποτάττομαι,
2978 4318 3115 4371 ἀλλὰ
3132 4319 3373 4391 κεκρατη
3382 4320 3527 4391 μένῳ
3548 4320 3806 4392 ἐγχειρῶ,

2232 4408 2326 4461 καὶ
2368 4408 2428 4460 τὸ
2472 4406 2664 4461 δοκοῦν
2703 4408 3001 4479 άχείρωτον
3031 4405 3173 4465 εἶναι
3210 4410 3401 4477 πάθος,
3437 4412 3811 4484 χειρώσασθαι

563 4500 872 4564 tractando,
906 4499 1106 4555 litteras
1151 4502 1266 4554 istze
1308 4497 1650 4553 testabuntur
1698 4496 1915 4565 scriptze
1960 4494 2116 4550 vehe-

2240 4499 2547 4569 πειρῶμαι,
2576 4497 2752 4553 ταῦτα
2798 4502 3139 4573 μαρτυρήσει
3177 4500 3247 4555 τά
3279 4503 3583 4573 γράμματα
3609 4505 3810 4576 δριμύ-

553 4590 819 4655 'mentius,
846 4604 1006 4660 quam
1027 4604 1163 4659 quas
1186 4603 1356 4657 nuper
1388 4588 1528 4644 misi.
1556 4587 1690 4642 Cum
1739 4588 1889 4641 enim
1911 4587 2132 4643 suavio-

563 4696 677 4738 rem
721 4681 1071 4736 directionem
1119 4678 1647 4747 admonitionemque
1701 4676 2122 4747 contempseris,

566 4770 866 4843 potentiore
895 4781 979 4827 est
1006 4769 1290 4825 utendum.
1317 4768 1434 4823 Cur
1483 4769 1647 4840 igitur
1680 4770 1732 4822 in
1761 4777 1812 4823 te
1855 4770 1970 4837 ipse
1996 4769 2132 4824 adeo

568 4866 774 4921 insanis
795 4864 981 4936 (cogor
1003 4864 1143 4916 enim
1177 4877 1296 4932 qua:
1322 4862 1517 4916 nollem
1544 4861 1847 4932 proloqui)?
1872 4859 1982 4917 Cur
2012 4876 2132 4915 ma-

570 4958 621 5011 lo
679 4956 1031 5025 pertinaciter
1091 4953 1362 5008 inhaeres?
1397 4952 1539 5019 Quid
1581 4964 1844 5023 quantum
1889 4954 2024 5007 inte
2053 4964 2136 5007 est

570 5048 826 5101 virtutem
858 5044 1025 5101 silicis
1047 5041 1279 5115 injuria?
1308 5041 1417 5097 Cur
1469 5058 1679 5098 sacrum
1710 5044 1879 5098 violas
1930 5044 2136 5097 altare?

572 5138 709 5207 Quid
754 5153 908 5193 saera
954 5137 1441 5193 non‘exhorrescis
1493 5135 1787 5205 profanare
1835 5136 2134 5206 mysteria?

573 5232 711 5298 Quid
741 5233 812 5286 ita
838 5240 889 5286 te
910 5232 1149 5303 geris.ut
1179 5231 1426 5286 homines
1448 5236 1596 5283 tuam
1616 5228 1777 5283 vitam
1843 5230 2134 5295 intuentes,

572 5323 885 5406 existiment
911 5323 1073 5377 etiam
1124 5336 1220 5391 per
1262 5321 1405 5375 illam
1439 5336 1594 5376 sacra
1650 5320 1987 5389 coinquinari
2022 5336 2139 5392 my-

574 5413 778 5469 steria?
814 5412 952 5480 Quid
982 5421 1170 5487 gentes
1225 5414 1291 5465 ad
1334 5412 1539 5468 Christi
1603 5410 1906 5467 Ecelesiam
1954 5413 2138 5467 venire

573 5503 943 5574 paratissimas
962 5503 1158 5572 injuria
1183 5502 1373 5570 ailicis,
1393 5505 1589 5559 ostium
1626 5504 1789 5558 etiam
1824 5503 1931 5558 illis
1958 5503 2140 5558 ucelu-

577 5595 779 5652 dendo?
814 5598 953 5665 Quid
1004 5592 1227 5652 scenam
1266 5600 1419 5653 novis
1474 5597 1665 5667 imples
1726 5596 2031 5651 dramatis?
2069 5595 2142 5652 Ut

576 5686 706 5755 quid
748 5702 911 5742 novus
962 5687 1085 5741 vita:
1142 5687 1404 5756 importes
1454 5687 1735 5743 actiones?
1768 5688 1878 5743 Cur
1930 5699 2143 5743 veteres

568 5774 838 5833 obscuras
901 5778 1231 5849 tragmdias?
1265 5778 1320 5835 Si
1389 5778 1557 5837 Deum
1623 5798 1728 5837 non
1791 5783 1971 5849 times,
2006 5784 2129 5854 quia

2232 4606 2365 4661 τερα
2378 4588 2507 4643 ὄντα
2534 4589 2641 4643 τῶν
2670 4590 2860 4661 πρώην
2886 4608 2969 4645 σοι
2990 4592 3413 4648 ίπισταλὲντων.
3458 4596 3678 4669 Ἐπειδὴ
3702 4600 3814 4671 γάρ

2230 4681 2330 4752 τῆς
2375 4681 2686 4754 πραοτέρας
2729 4684 2953 4754 ἀγωγῆς
2990 4686 3428 4757 κατεφρόνησας,
3469 4688 3687 4762 ἀνάγκη
3716 4695 3813 4747 καὶ

2235 4775 2299 4843 τῇ
2346 4773 2759 4844 δραστικωτὲρα
2805 4774 3139 4846 χρήσασθαι.
3187 4777 3254 4829 Τί
3282 4778 3572 4849 τοιγαροῦν
3616 4782 3813 4835 τοσοῦ-

2233 4881 2325 4917 τον
2354 4864 2772 4935 (ἀναγκάζομαι
2799 4866 2906 4936 γάρ
2937 4862 2973 4917 ἃ
2999 4864 3074 4937 μὴ
3105 4865 3364 4938 βούλομαι
3396 4869 3633 4940 φράσαι)
3669 4873 3815 4925 κατὰ

2239 4956 2435 5011 σαυτοῦ
2462 4957 2703 5028 ὲμάνης;
2747 4957 2812 5009 Τί
2840 4956 2938 5027 τῆς
2968 4960 3167 5022 κακίας
3194 4961 3361 5032 ἀπρὶξ
3390 4961 3519 5033 ἐχη;
3557 4963 3622 5015 Τί
3662 4963 3818 5033 ὑδρί-

2236 5049 2349 5112 ζεις
2386 5047 2510 5117 τόγε
2540 5046 2753 5101 σαυτοῦ
2774 5047 2939 5118 μέρος
2972 5048 3070 5121 τὴν
3101 5051 3334 5122 άρετήν;
3375 5051 3439 5104 Τί
3471 5052 3716 5122 χραίνεις
3750 5055 3817 5108 τά

2238 5139 2546 5209 άνάκτορα;
2604 5139 2656 5192 τί
2706 5137 2804 5210 τὴν
2843 5138 2992 5193 θείαν
3042 5140 3262 5213 τελετὴν
3311 5142 3704 5214 ἐξορχούμενος
3752 5147 3815 5199 ού

2238 5232 2516 5300 φρίττεις;
2552 5230 2615 5283 Τί
2649 5232 3091 5302 παρασκευάζεις
3120 5235 3245 5298 τοὺς
3273 5235 3593 5307 ἀνθρώπους
3623 5237 3701 5307 τῷ
3737 5237 3819 5309 σῷ

2242 5322 2343 5391 βίῳ
2381 5322 2746 5393 προσέχοντας
2796 5323 3288 5395 παραὸλάπτεσθαι
3339 5327 3580 5398 νομίζειν
3608 5332 3702 5383 καὶ
3732 5333 3818 5395 εἰς

2240 5416 2307 5469 τὰ
2338 5415 2654 5487 ωτηριὼδη
2684 5415 2960 5486 σύμϐολα;
2990 5418 3057 5471 Τί
3094 5419 3186 5472 καὶ
3213 5421 3338 5482 τοὺς
3370 5420 3480 5474 ἀπὸ
3505 5420 3615 5475 τῶν
3642 5421 3817 5476 ἐθνῶν

2242 5509 2625 5579 ἑτοιμοτάτους
2660 5508 2819 5573 ὄντας
2854 5512 2933 5572 είς
2965 5510 3064 5580 τὴν
3104 5511 3431 5584 Ἐκκλησίαν
3481 5515 3820 5584 μιταφοιτῆ-

2245 5617 2369 5666 σαι,
2414 5601 2619 5663 ἀδικεῖς
2670 5601 2953 5656 ἀποσοϐῶν
2998 5606 3097 5675 τῂν
3128 5602 3333 5675 θύραν;
3371 5606 3437 5659 Τί
3468 5605 3566 5678 τὴν
3610 5607 3819 5678 σκηνὴν

2245 5692 2523 5763 νεωτέρων
2567 5692 2861 5765 δραμάτων
2911 5695 3251 5765 ὲνέπλησας;
3285 5697 3350 5750 Τί
3396 5698 3560 5753 καινὰ
3600 5696 3680 5767 τῷ
3713 5697 3818 5767 βιίῳ

2247 5783 2523 5854 εἰσφέρεις
2565 5784 2630 5837 τά
2660 5784 2943 5857 δράματα;
2972 5788 3037 5845 Τί
3076 5788 3173 5854 τὰς
3204 5789 3442 5856 παλαιὰς
3488 5788 3817 5863 ἀπέκρυψαε
