4010 6428
187 341 322 415 nu
507 347 618 414 π

1076 337 1613 402 EPISTOLARUM
1654 335 1802 396 LIB.
1843 336 1910 396 V.
1949 358 2020 370 ·--
2059 333 2295 395 EPIST.
2343 334 2608 397 DLXIX.

3349 327 3488 394 1616

191 419 522 534 τραγῳδίας
685 458 746 513 τὸ
776 457 917 513 θεῖον
958 457 1019 510 οὐ
1055 453 1194 525 φοϐῇ
1219 495 1234 519 ,
1284 451 1587 522 ἐπειδήπερ
1636 447 1778 510 τέως

1890 446 2227 503 hactenusin
2265 454 2318 501 te
2345 443 2672 515 longanimis
2694 442 2928 515 egstitit,
2965 440 3048 496 vel
3085 439 3343 496 homines
3377 439 3490 497 sal-

192 547 566 624 μιιροθυμιῐ,
587 549 700 606 κᾶν
729 550 857 613 τοὺς
885 545 1210 618 ἀνθρώπους
1230 540 1510 612 αίδέσθητι
1532 557 1545 570 ·
1577 540 1624 592 εί
1657 537 1748 609 κρί
1766 565 1782 578 ο

193 657 269 695 σιν
315 640 388 712 μὴ
436 641 654 706 δέδιας,
705 641 808 695 κᾶν
847 639 1091 711 χρηστῆς
1135 634 1462 706 ὑπολήψεως
1503 629 1786 702 ἀντιποίη-

191 751 291 792 eat.
339 735 400 788 El
434 733 612 805 μηδὲν
658 728 800 786 εἶναι
838 734 947 804 ἡγῇ
991 729 1135 802 μετὰ
1163 726 1260 799 τὴν
1296 725 1548 779 ἐντεῦθεν
1577 721 1784 791 ἀποδη-

194 826 312 894 μίαν
349 823 552 896 (τοῦτο
593 823 707 896 γὰρ
750 825 808 878 αἱ
851 821 1044 893 σεμναί
1095 837 1188 873 σου
1234 818 1465 890 πράξεις
1515 813 1784 886 λαμπρῶς

191 915 347 986 βοῶσι
366 918 407 984 ),
447 916 560 970 κᾶν
589 917 692 985 τὴν
738 913 848 968 τῶν
881 911 1185 984 ἀνθρώπων
1215 908 1510 990 κωμῳδίαν
1532 905 1788 976 “εὑλα6ή-

190 1009 322 1080 θητι.
360 1010 424 1062 El
454 1008 516 1062 δὲ
559 1009 696 1080 μηδέ
725 1007 928 1077 ταύτης
957 1005 1114 1074 λόγον
1144 1006 1270 1074 ποιῇ
1296 1043 1310 1068 ,
1346 1001 1450 1055 κᾶν
1495 1002 1553 1054 τὸ
1588 999 1785 1054 καθαι-

191 1097 406 1168 ρεθῆναι
443 1097 740 1169 φοϐήθητι.
789 1095 948 1158 Εἰκὸς
992 1094 1102 1165 γάρ
1153 1109 1211 1146 σε
1255 1092 1413 1146 τοῦτο
1476 1089 1686 1144 παθεῖν.
1722 1089 1786 1142 El

189 1186 290 1255 γὰρ
316 1186 412 1239 καὶ
442 1187 544 1240 νῦν
571 1185 748 1240 ταῦτα
775 1184 920 1256 δρῶν
945 1185 1047 1236 οὐκ
1076 1180 1438 1253 ἐξοστρακίξῃ
1462 1198 1476 1212 ο
1502 1180 1648 1234 ἔοικε
1676 1181 1784 1252 γάρ

188 1277 214 1328 ὁ
258 1277 657 1348 χειροτονήσας
700 1293 760 1330 σε
795 1278 863 1346 τῇ
913 1275 1084 1344 κακίᾳ
1133 1272 1381 1344 χαίρειν,
1425 1272 1560 1325 ἀλλὰ
1600 1270 1730 1335 ἴσως
1757 1273 1786 1326 ὁ

193 1365 304 1435 μετ’
343 1366 515 1421 αὐτὸν
547 1365 707 1420 τοῦτο
743 1365 1120 1437 ποιήσει.·Καὶ
1145 1364 1225 1435 τῷ
1263 1363 1410 1435 θείῳ,
1448 1363 1540 1416 καὶ
1571 1361 1648 1432 τῷ
1693 1361 1786 1416 θυ-

192 1459 518 1530 σιαστηρίῳ,
551 1459 790 1521 καὶτοῖς
828 1458 1117 1529 άχράντοις
1155 1456 1500 1528 μυστηρίοις,
1541 1455 1636 1508 καὶ
1673 1455 1786 1517 τοῖς

190 1549 500 1620 ἀνθρώποις
555 1549 1043 1620 ἀπολογησάμενος
1087 1547 1223 1619 (64).
1279 1546 1492 1610 Πολλοὶ,
1539 1540 1584 1599 ὧ
1631 1544 1785 1600 ἄθλιε

192 1639 406 1710 Ζῶσιμε
444 1641 464 1711 (
485 1641 877 1711 ἀναγκάζομαι
899 1641 994 1695 καὶ
1017 1643 1098 1704 είς
1122 1640 1353 1712 θρήνους
1381 1638 1650 1708 ἐξελθεῖν)
1680 1636 1788 1709 πρὸ

197 1731 285 1784 σοῦ
330 1733 632 1800 γεγόνασιν
665 1730 886 1792 ἀσεϐεῖς
916 1747 976 1783 τε
1025 1731 1118 1784 καὶ
1170 1729 1510 1803 ἁμαρτωλοὶ,
1547 1729 1684 1799 μήτε
1724 1725 1786 1780 τὸ

193 1822 329 1875 θεῖον
344 1797 720 1894 Ῠφοόηθέντες,
757 1823 893 1892 μήτε
921 1820 1036 1891 βίου
1065 1797 1306 1892 χρηστοῦ
1325 1797 1749 1890 mmmam;
1769 1833 1782 1847 ·
1819 1797 1861 1852 Β

191 1912 322 1966 ἀλλά
350 1913 568 1978 πάντας
597 1913 663 1966 σὺ
695 1913 1024 1984 παρήλασας
1043 1928 1059 1945 ·
1091 1911 1311 1965 πάντων
1337 1910 1563 1963 ἐκείνων
1589 1909 1780 1977 ἐγένου

192 2011 490 2080 κορυφαῖος
514 2023 530 2038 ·
583 2008 814 2062 ἄπιστον
845 2008 939 2060 καὶ
974 2007 1254 2078 ἀμίμητον
1295 2003 1648 2076 παράδειγμα
1697 2002 1790 2073 γέ·-

191 2115 369 2166 γονας.
405 2100 612 2169 Ἔσκον
629 2100 738 2168 γὰρ
761 2097 956 2152 ἐκεῖνοί
984 2114 1136 2160 τινας
1162 2096 1384 2167 ἀρετὰς,
1412 2096 1476 2149 σὺ
1503 2094 1561 2148 δέ
1587 2097 1653 2166 τῇ
1689 2095 1788 2165 μὲν

192 2191 357 2262 κακίᾳ
391 2190 496 2244 καὶ
541 2191 667 2254 ταῖς
701 2189 916 2261 ἡδοναῖς
951 2188 1212 2252 ἐσπείσω,
1249 2186 1385 2258 πρὸς
1418 2186 1475 2240 δὲ
1519 2184 1617 2257 τὴν
1661 2187 1790 2256 ἀρε-

190 2283 285 2353 τὴν
312 2284 638 2352 ἀκήρυκτον
679 2279 963 2334 ἐπανείλου
997 2278 1089 2333 τὸν
1121 2278 1360 2348 πόλεμον
1381 2294 1394 2306 ·
1427 2277 1648 2331 πάντων
1693 2275 1788 2346 γέο

189 2391 350 2444 γονας
385 2373 660 2444 κωμῳδία
699 2374 796 2427 καὶ
828 2369 1002 2438 γέλως
1023 2372 1119 2425 καὶ
1151 2370 1448 2425 σκάνδαλον
1475 2389 1487 2403 ·
1522 2367 1787 2441 θεώμενοι

191 2470 290 2540 γάρ
335 2483 397 2522 σε
446 2469 572 2531 ταῖς
621 2468 849 2538 μιαραῖς
905 2465 1062 2537 χερσὶ
1112 2463 1221 2517 τῶν
1263 2461 1424 2534 ιερῶν
1479 2462 1788 2533 ἁπτόμενον

191 2560 551 2632 μυστηρίων,
605 2557 994 2627 ἀποπηδῶσιν,
1047 2554 1288 2628 ἀμύητοι
1342 2554 1544 2626 μᾶλλον
1596 2552 1786 2626 αίροῦ-

191 2669 339 2722 μενοι
371 2649 542 2713 εἶναι,
573 2649 606 2720 ἢ
654 2649 809 2719 παρὰ
844 2647 1171 2718 ἀκαθάρτων
1205 2645 1302 2700 καὶ
1333 2646 1545 2716 μιαρῶν
1585 2644 1788 2716 χειρῶν

185 2742 250 2795 τὰ
283 2743 544 2814 ἄκραντα
576 2738 830 2803 δέξασθαι
864 2738 1035 2807 δῶρα,
1075 2738 1253 2790 καίτοι
1307 2736 1478 2790 πολλὰ
1526 2735 1788 2800 πολλάκις

189 2831 313 2903 παρ’
353 2829 499 2902 ἐμοῦ
555 2826 883 2890 ἀκούοντες,
923 2826 1008 2889 εὼς
1074 2825 1228 2878 οὐδὲν
1276 2823 1452 2897 ταύτῃ
1504 2821 1787 2892 παραόλά-

188 2925 439 2988 πτονται,
482 2921 628 2984 τινὲς
662 2919 762 2990 μέν
789 2917 967 2972 αὐτῶν
997 2917 1057 2971 οὒ
1083 2915 1388 2980 πείθονται,
1417 2915 1560 2978 τινὲς
1577 2915 1632 2967 δὲ
1663 2911 1786 2967 οὑδέ

187 3016 282 3080 τὰς
306 3015 489 3077 ἀκοάς
533 3012 799 3082 ὑπέχουσι
839 3008 1108 3082 ρᾳψωδεῖν
1142 3008 1272 3078 περὶ
1307 3005 1500 3061 τούτου
1535 3005 1786 3076 νομίζον-

186 3125 295 3172 τες.
324 3106 444 3162 Καὶ
471 3099 565 3158 τὸν
595 3101 825 3172 Βαλαάμ
845 3100 1063 3196 καὶᾼτὺν
1089 3099 1348 3196 Ιςαῖάφαν
1377 3097 1781 3196 προεόαλόμῖλν,
1811 3137 1855 3196 C

188 3196 600 3257 άσεδεστάτους
635 3192 733 3264 μὲν
769 3191 863 3245 καὶ
903 3188 1271 3254 ἀδικωτάτους
1304 3187 1630 3258 γεγονότας,
1665 3182 1786 3240 εἶτα

189 3289 278 3344 τὸν
315 3288 421 3360 μὲν
451 3286 553 3350 τὰς
589 3283 840 3353 εὐλογίας
882 3280 1388 3351 άποφθεγξάμενον,
1420 3281 1512 3334 τὸν
1550 3278 1609 3332 δέ
1653 3295 1787 3350 προ-

191 3380 570 3452 φητεύσαντα.
602 3377 714 3430 Καὶ
743 3375 838 3428 τοῦ
873 3374 1106 3445 κόρακος
1132 3372 1189 3427 δὲ
1221 3371 1314 3425 τοῦ
1347 3371 1658 3442 ἀκαθάρτου
1690 3370 1787 3424 καὶ

193 3471 520 3541 μισοτέκνου
549 3465 752 3538 πτηνοῦ
779 3465 890 3539 (65)
923 3465 1329 3536 ἐμνημόνευσα,
1357 3464 1422 3518 δι’
1447 3455 1508 3516 οὗ
1537 3464 1566 3516 ὁ
1600 3463 1786 3525 Ἠλίας

190 3564 430 3634 ἐτράφη.
485 3558 646 3612 Ἀλλά
680 3557 859 3612 καίτοι
890 3558 948 3611 ἐν
985 3557 1118 3609 πᾶσι
1154 3557 1265 3619 τοῖς
1309 3554 1492 3619 ἄλλοις
1529 3553 1787 3624 πειθόμε-

193 3671 294 3718 νοι,
323 3656 424 3708 καὶ
450 3651 849 3716 ἐκθειάζοντες,
873 3650 973 3701 οὐκ
1000 3647 1245 3700 ἐθέλουσι
1277 3647 1563 3700 πείθεσθαι
1593 3649 1652 3701 ἐν
1675 3649 1787 3710 τοῖς

191 3748 319 3820 περὶ
367 3746 470 3800 σοῦ
517 3743 855 3815 λεγομένοις.
909 3736 1006 3794 Ἐκ
1035 3742 1145 3812 γὰρ
1192 3742 1292 3811 τῆς
1339 3740 1646 3811 ὑπερϐολῆς
1679 3738 1786 3792 τῶν

190 3837 752 3910 πεπλημμελημένων
815 3851 898 3887 σοι
959 3833 1052 3886 καὶ
1116 3831 1627 3903 πλημμελουμένων
1686 3830 1786 3902 τὴν

191 3931 450 3986 ἐναντίαν
510 3929 736 3999 φέρουσι
783 3925 962 3996 ψῆφον
987 3965 1001 3990 ,
1036 3924 1096 3978 οὑ
1131 3927 1242 3987 τοῖς
1296 3924 1612 3996 λεγομένοις
1655 3925 1786 3995 παρ’

190 4024 352 4096 ἐμοῦ,
375 4020 520 4078 ἀλλά
546 4023 658 4084 τοῖς
684 4018 1084 4091 πραττομένοις
1105 4017 1257 4088 παρὰ
1283 4017 1378 4070 σοῦ
1404 4017 1784 4088 προσέχοντες,

192 4115 284 4169 καὶ
307 4115 413 4177 τὰς
445 4110 802 4182 παραινέσεις
831 4108 1233 4179 ἀποσειόμενοι.
1269 4107 1410 4161 Ἀλλ’
1435 4102 1502 4173 ὧ,
1531 4107 1584 4159 τί
1609 4124 1667 4160 σε
1690 4125 1789 4161 κα-

190 4206 354 4269 λέσας
412 4201 784 4274 προσάψωμαι
819 4201 914 4254 καὶ
964 4201 1064 4269 τῆς
1094 4199 1385 4270 ἀληθείας;
1430 4199 1495 4252 Τί
1523 4199 1580 4252 δὲ
1615 4198 1786 4253 εἰπὼν

191 4297 497 4364 ἀπαλλάξω
539 4312 600 4348 σε
631 4295 732 4365 τῆς
777 4294 1007 4364 μανίας;
1046 4293 1111 4346 Τί
1140 4292 1197 4346 δὲ
1227 4293 1448 4365 γράψας
1487 4291 1682 4355 παύσω
1724 4309 1785 4347 σε

189 4393 288 4462 τῆς
311 4385 638 4456 ἀσελγείας;
663 4384 698 4457 ἢ
720 4384 970 4438 πέπαυσο
995 4382 1222 4437 τοιαῦτα
1252 4382 1416 4456 δρῶν,
1447 4383 1479 4455 ἢ
1505 4382 1604 4455 τῆς
1634 4384 1788 4455 ἱερᾶς

1890 549 1998 594 tem
2066 551 2346 592 reverere.
2382 536 2440 590 Si
2469 536 2733 607 judicium
2776 535 2896 606 ejus
2958 549 3065 588 non
3115 533 3486 603 pertimescis.

1889 630 2044 682 home
2079 637 2258 681 tamen
2293 626 2452 682 fama:
2478 627 2745 682 rationem
2779 626 2946 681 habe.
2978 626 3033 679 Si
3059 623 3194 680 nihil
3227 633 3353 696 post
3384 626 3489 681 hoc

1887 721 2012 776 vitae
2040 721 2297 776 exsilium
2334 719 2450 774 fore
2479 719 2786 783 existimas,
2820 718 2967 788 quod
3017 719 3206 786 gravia
3262 727 3350 772 tua
3379 720 3492 772 cri-

1889 815 2035 870 mina
2086 815 2221 870 satis
2268 822 2524 883 arguunt,
2557 812 2869 866 mortalium
2930 811 3125 866 saltem
3186 811 3492 880 reprehen-

1887 909 2097 962 sionem
2148 906 2402 961 l'ormitla.
2438 903 2534 960 Sin
2594 904 2789 958 borum
2843 901 2979 957 nihil
3038 916 3222 967 curas,
3250 901 3486 956 rescindi

1888 999 2078 1052 saltem
2117 1006 2168 1051 te
2215 996 2284 1051 ab
2319 995 2568 1051 Ecclesia
2607 1010 2706 1064 par
2731 1003 2874 1050 erat.
2906 991 3146 1061 Equum
3203 992 3350 1046 enim
3384 991 3490 1046 hoc

1891 1099 1942 1144 te
1974 1089 2106 1158 pati.
2138 1087 2194 1144 Si
2235 1088 2381 1142 euiut
2410 1089 2716 1142 etiamnum
2745 1085 2873 1140 talia
2903 1085 3251 1140 committens
3282 1081 3488 1153 ﬂagitia

1890 1196 1995 1234 non
2055 1179 2344 1250 expelleris
2409 1177 2664 1251 (videtur
2732 1178 2881 1233 enim
2937 1176 3030 1246 qui
3090 1184 3145 1232 te
3205 1173 3487 1230 ordinavit

1888 1273 2227 1329 sacerdotem
2251 1273 2600 1342 improbitate
2631 1271 2930 1342 gaudere),
2967 1279 3151 1323 tamen
3185 1267 3307 1337 ejus
3337 1267 3483 1323 forte

1888 1379 2174 1422 successor
2199 1363 2250 1419 id
2276 1362 2463 1429 faciet,
2505 1372 2560 1418 et
2581 1364 2716 1432 Deo,
2747 1362 3018 1431 altarique
3072 1370 3129 1415 et
3170 1361 3323 1430 puris
3358 1376 3476 1432 my-

1887 1455 2093 1519 steriis,
2123 1454 2549 1525 hominibusque
2575 1468 2690 1509 rem
2724 1464 2939 1524 gratam
2984 1452 3167 1507 faciet.
3196 1451 3474 1522 Plerique,

1887 1562 1921 1603 ο
1976 1547 2142 1604 miser
2188 1547 2529 1615 Zosimeﬁn
2582 1546 2822 1602 lamenta
2878 1547 3044 1602 etiam
3111 1559 3475 1614 prcrtuupere

1889 1639 2194 1712 cogimur),
2231 1622 2362 1694 ante
2393 1648 2443 1694 te
2471 1637 2693 1694 fuerunt
2729 1638 2883 1709 impii
2928 1639 3171 1707 quidem,
3195 1646 3250 1692 et
3286 1649 3487 1706 pecca-

1894 1742 2060 1797 tores,
2079 1746 2255 1801 neque
2272 1729 2443 1786 Deum
2464 1731 2742 1797 timentes,
2764 1744 2940 1800 neque
2957 1730 3127 1800 frugi,
3152 1729 3481 1784 honestam-

1893 1836 2000 1892 que
2027 1831 2287 1877 curantes
2311 1820 2498 1886 vitam,
2528 1822 2626 1876 sed
2681 1823 2938 1876 omnibus
2993 1836 3024 1875 a
3067 1829 3218 1892 tergo
3256 1820 3485 1884 relictis,

1894 1915 2072 1968 lactus
2095 1919 2280 1967 tamen
2318 1926 2378 1968 es
2407 1915 2753 1985 corypbazus,
2788 1912 3013 1967 inﬁdum
3044 1923 3101 1967 et
3129 1927 3235 1968 non
3267 1912 3484 1966 imitan-

1895 2006 2022 2060 dum
2050 2005 2300 2074 praebens
2334 2001 2666 2073 exemplum.
2692 2001 2938 2058 Habeant
2960 2003 3107 2058 enim
3138 2001 3215 2056 illi
3253 2001 3489 2056 virtutes

1893 2089 2130 2156 aliquas,
2165 2100 2221 2144 tu
2266 2104 2398 2144 vero
2441 2106 2563 2144 cum
2602 2091 2976 2160 improbitate.
3008 2107 3074 2146 ac
3121 2090 3490 2160 voluptatibus

1891 2179 2068 2237 fmdus
2099 2181 2324 2244 inivisti,
2361 2192 2525 2249 atque
2570 2181 2918 2248 implacabile
2974 2198 3098 2237 cum
3135 2183 3340 2238 virtute
3375 2182 3488 2238 bel-

1891 2271 2000 2327 lum
2038 2274 2349 2343 suscepisti.
2399 2272 2656 2327 Omnium
2702 2273 2937 2344 denique
2963 2273 3142 2331 factus
3183 2290 3244 2331 es
3279 2273 3486 2339 fabula,

1891 2365 2036 2418 risus
2089 2373 2146 2420 et
2183 2363 2521 2421 scandalum.
2556 2363 2718 2434 723
2762 2365 2993 2436 Cognito
3045 2367 3190 2421 enim
3231 2374 3286 2421 te
3328 2379 3486 2422 exse-

1891 2455 2110 2511 crandis
2147 2465 2386 2511 tractare
2428 2457 2680 2512 manibus
2703 2472 2862 2513 sacra
2890 2457 3070 2514 missa:
3096 2459 3488 2530 mysteria,re-

1891 2545 2092 2602 cedunt
2113 2546 2392 2612 homines,
2423 2547 2741 2616 maluntque
2765 2562 2873 2602 non
2901 2547 3128 2612 initiari,
3149 2563 3312 2618 quam
3343 2558 3400 2602 ut
3418 2547 3487 2602 ab

1892 2639 2136 2708 impuris,
2178 2638 2568 2709 sceleratisque
2606 2639 2860 2695 manibus
2899 2655 3031 2709 pura
3059 2649 3115 2694 et
3139 2638 3497 2696 immaculata‘

1889 2732 2192 2800 suscipiant
2224 2745 2477 2786 munera.
2512 2731 2580 2786 Et
2613 2733 2829 2786 tametsi
2870 2731 3021 2786 multi
3073 2731 3273 2800 sapius
3301 2745 3370 2786 ex
3401 2745 3489 2786 me

1888 2823 2162 2878 audierint
2189 2823 2543 2891 nihil,horum
2574 2824 2790 2888 obesse,
2815 2823 3037 2892 quidam
3066 2831 3246 2878 tamen
3271 2823 3485 2879 assensi

1891 2932 1995 2971 non
2043 2925 2198 2982 sunt,
2224 2914 2448 2986 quidam
2495 2928 2627 2971 vero
2664 2929 2732 2970 ne
2782 2914 3010 2970 auribus
3046 2915 3266 2985 quidem
3315 2915 3488 2984 aequis

1890 3008 2187 3078 accipiuut,
2212 3007 2401 3077 nugari
2439 3019 2527 3061 me
2555 3005 2867 3075 opinantes.
2898 3005 2963 3059 Et
3012 3005 3255 3070 Balaam,
3279 3014 3334 3060 el
3355 3004 3482 3061 Cai-

1889 3098 2050 3169 pharn
2105 3099 2158 3152 in
2213 3098 2453 3152 medium
2515 3098 2692 3164 attuli,
2730 3097 3092 3168 impiissimos
3149 3099 3397 3168 quidem,
3431 3107 3487 3154 et

1889 3191 2297 3259 injustlssimos,
2313 3190 2461 3244 illum
2495 3191 2715 3260 quidem
2739 3189 3176 3245 benedictionem
3200 3188 3455 3260 proleren
3475 3216 3489 3228 -

1893 3291 2023 3347 tem,
2055 3281 2198 3337 hunc
2221 3283 2387 3337 etiam
2439 3283 2886 3352 prophetantem.
2919 3280 3216 3337 Memoravi
3263 3291 3318 3336 et
3365 3297 3490 3337 cor-

1888 3389 2014 3428 thm
2050 3388 2204 3427 avem
2240 3373 2533 3443 impuram,
2571 3373 2746 3443 pullos
2779 3373 2908 3429 odio
2965 3373 3284 3439 habentem,
3319 3389 3349 3427 a
3379 3389 3487 3444 qua

1893 3464 2038 3520 Elias
2066 3466 2117 3519 iu
2148 3463 2371 3518 deserto
2415 3465 2686 3520 alebatur.
2723 3462 2830 3519 Sed
2859 3463 2982 3519 aliis
3029 3465 3283 3520 omnibus
3325 3464 3488 3519 rebus

1890 3557 2120 3624 assensi,
2152 3555 2506 3627 religionique
2547 3557 2828 3622 ducentes,
2857 3556 2910 3610 in
2957 3555 3044 3611 his
3097 3566 3282 3611 tamen
3339 3557 3407 3612 de
3434 3567 3485 3611 te

1889 3649 2145 3704 assentiri
2183 3657 2531 3704 recusarunt.
2563 3647 2608 3702 A
2635 3647 2792 3717 cupla
2821 3647 2968 3704 enim
3021 3647 3357 3718 ﬂagitiorum
3385 3648 3483 3704 abs

1892 3741 2404 3808 teconuuissorum,
2445 3755 2676 3811 qumque
2706 3741 2762 3795 iu
2820 3741 2939 3797 dies
2983 3740 3179 3796 delicta
3211 3741 3482 3804 admittis,

1890 3835 1944 3890 in
1963 3833 2297 3889 contrarium
2328 3833 2509 3888 ferunt
2555 3833 2910 3901 sententiam,
2941 3849 3050 3889 non
3090 3834 3157 3888 iis
3185 3848 3308 3905 qua:
3337 3849 3366 3888 a
3394 3848 3482 3888 me

1891 3927 2168 3992 dicuntur,
2189 3926 2282 3981 sed
2309 3940 2432 3996 quae
2456 3940 2486 3980 a
2519 3934 2572 3981 te
2601 3927 3044 3994 committuntur,
3079 3924 3274 3982 intenti
3302 3927 3486 3982 admo-

1891 4019 2124 4075 nitiones
2149 4019 2312 4074 etiam
2353 4017 2723 4090 repudiautes.
2755 4017 2862 4074 Sed
2918 4019 3049 4089 quid
3078 4030 3131 4074 te
3179 4035 3408 4084 vocans,
3428 4030 3485 4076 et

1891 4110 2176 4166 adliazrebo
2199 4108 2438 4166 veritati.
2465 4109 2606 4175 Quid
2637 4111 2825 4164 dicens
2858 4109 2927 4164 ab
2951 4110 3192 4165 amentia
3229 4109 3481 4165 liberabo

1891 4202 1975 4257 te?
2005 4201 2141 4268 Quid
2171 4202 2423 4258 scribens
2447 4216 2477 4256 a
2502 4201 2726 4257 libidine
2749 4211 2804 4256 et
2837 4201 3155 4272 impuritate
3193 4210 3245 4258 te
3293 4202 3476 4257 vindi-

1892 4293 2066 4351 cabo?
2100 4293 2183 4349 vel
2207 4294 2333 4349 talia
2365 4295 2708 4350 committere
2726 4294 2937 4362 desine,
2961 4294 3042 4349 vel
3070 4311 3099 4350 a
3128 4309 3290 4350 sacra
3329 4310 3485 4350 men-

1892 4404 1948 4444 sa
2001 4389 2243 4456 discede,
2281 4399 2342 4445 ut
2400 4398 2516 4446 tuto
2551 4391 2790 4461 denique
2845 4389 3104 4446 Ecclesia:
3153 4391 3359 4445 alumni
3417 4393 3484 4444 ad

191 4479 484 4550 τραπέζης
529 4477 725 4530 σαυτὸν
765 4474 1027 4547 χὼρισονο
1060 4475 1126 4529 ἵν’
1169 4475 1342 4540 ἀδεῶς
1385 4475 1572 4529 λοιπὸν
1606 4476 1656 4528 οί
1688 4477 1788 4548 τῆς

1893 4499 2049 4540 sacra
2077 4484 2342 4539 accedant
2371 4487 2654 4556 mysteria,
2688 4486 2810 4542 siue
2854 4486 3052 4556 quibus
3081 4485 3316 4542 salutem
3347 4499 3482 4542 con-

205 4571 546 4642 Ἐκκλησίας
573 4569 833 4640 τρόφιμοι
859 4570 972 4632 τοῖς
1003 4568 1169 4632 θείοις
1213 4569 1628 4640 προσέρχωνται
1681 4587 1798 4642 μυ-,

197 4661 471 4734 στηρίοις,
506 4653 581 4714 ὧν
607 4660 736 4712 ἀνευ
771 4658 1007 4728 σωθῆναι
1037 4657 1135 4728 οὐχ
1163 4653 1274 4710 οἷόν
1303 4675 1383 4713 τε.

1895 4578 2048 4649 sequi
2083 4587 2378 4649 nequeant.

1340 4841 1576 4898 VARUE
1619 4839 2002 4900 LECTIONES
2041 4842 2128 4898 ET
2170 4842 2404 4902 NOTAE.

271 5001 394 5076 (64)
439 4996 944 5076 Ἀπολογησάμενος
975 4996 1136 5076 a‘mbo
1170 4997 1327 5052 codd.
1376 5000 1429 5053 in
1479 4998 1661 5053 futuro
1695 5013 1790 5067 po-

199 5069 694 5150 nuit:t“:sc_r_ibeutes'
711 5069 1018 5140 ἁπολογησό
1026 5085 1205 5150 μενος,

269 5147 392 5219 (65)
421 5143 796 5219 Mtaoréggrov
824 5137 1076 5219 arma-oi}.
1125 5141 1292 5219 Aliter
1323 5137 1787 5219 uteoréxvou;;_q.

199 5199 415 5273 Pli‘ui'u's
439 5208 535 5270 lib.
571 5231 605 5269 κ
635 5213 834 5268 Natur.
861 5199 1029 5273 Ηὲἐι..
1056 5225 1178 5280 cap.
1211 5211 1296 5278 l2,
1323 5199 1394 5264 'de
1415 5199 1591 5265 corvis
1621 5199 1786 5262 :Vl’el-

213 5289 334 5344 lunt
354 5284 496 5342 nidis
528 5283 722 5356 pullos,
748 5300 810 5340 ac
841 5293 1012 5338 vetare
1049 5294 1275 5351 cogunt;
1325 5284 1414 5348 qui
1454 5291 1501 5335 et
1539 5282 1636 5350 ipsi
1689 5296 1788 5334 non

1897 5015 2054 5054 carne
2081 5010 2279 5055 tantum
2310 5001 2552 5066 altmtur,
2576 5002 2664 5056 sed
2691 5001 2927 5056 robustos
2948 5017 3151 5070 quoque
3171 5001 3341 5070 facta:
3361 5020 3487 5059 suos

1896 5070 2083 5140 fugant
2134 5072 2365 5140 longius.
2419 5075 2483 5127 Et
2528 5087 2650 5128 mox
2710 5088 2724 5126 :
2780 5074 2975 5141 singuli
3021 5084 3269 5141 perpetuo
3312 5075 3488 5129 volam

1895 5142 2155 5208 genitore;
2209 5143 2376 5196 soboli
2426 5144 2540 5198 loco
2583 5145 2790 5198 cedunt.
2839 5141 2999 5197 Plura
3053 5159 3119 5198 ex
3159 5143 3386 5197 Aristot.
3434 5156 3490 5200 et

1899 5210 2118 5267 [Eliauo
2152 5211 2235 5269 ιο.
2271 5212 2500 5270 Buchius
2532 5215 2598 5270 ad
2627 5215 2764 5284 psal.
2794 5230 2952 5271 cum
2987 5216 3038 5270 in
3089 5213 3216 5270 ﬁne.
3239 5212 3484 5274 δοκοῖ-τ.
