4010 6424
187 420 312 486 1681

1633 404 2032 478 ALLOQUIA.

3323 385 3459 449 1682

183 552 334 607 ματι·
402 532 871 605 Ἐνανθρωπήσας
911 530 938 581 ὀ
984 527 1077 580 τοῦ
1122 525 1256 581 Θεοῦ
1307 522 1478 594 Λόγος
1532 522 1775 592 μεγάλην

1894 528 2022 573 :tum
2064 516 2226 572 homo
2263 511 2354 569 Dei
2389 511 2646 576 Verbum,
2684 520 2931 577 magnam
2962 501 3192 576 gratiam
3226 503 3450 572 pra‘bu't

181 630 342 698 χάριν
372 625 624 694 παρέσχε
649 627 759 685 τοῖς
787 619 1169 678 πιστεύσασιν,
1189 619 1267 680 εἰς
1289 616 1449 671 αὑτὸν
1483 613 1772 667 πιστεύου-

184 731 287 766 σιν.
303 713 538 777 Ἔξεστι
568 711 676 780 γάρ
699 709 792 763 καὶ
816 706 911 760 νῦν
941 707 1250 772 πιστεῦσαι,
1270 706 1362 759 καὶ
1375 703 1643 778 ἄρξασθαι
1667 701 1775 756 ἀπὸ

181 799 281 867 τῆς
301 801 571 870 σήμερον,
601 799 697 851 ἐὰν
721 795 985 864 θέλωμεν’
1005 795 1197 862 ὄτιτῆς
1225 793 1597 864 προαιρέσεως
1614 791 1773 862 ἡμῶν

181 890 499 958 ποθούσης,
529 893 624 943 καὶ
657 890 754 956 τῆς
785 887 1007 956 χάριτος
1029 884 1368 954 ἐνεργούσης
1400 883 1579 950 ἔξεστι
1613 881 1774 934 παντὶ

184 979 509 1048 βουλομένῳ
548 977 693 1046 ἔχειν
724 976 796 1038 ὡς
835 974 990 1027 οὐδὲν
1022 974 1196 1027 πάντα
1240 972 1332 1026 τὸν
1385 973 1609 1041 κόσμον.
1663 971 1775 1024 Kal.

184 1070 500 1137 ἐλάμϐανεν
545 1071 597 1120 ετ
622 1085 674 1120 τι
703 1065 976 1136 εὕρισκεν,
1011 1064 1118 1118 εἴτε
1149 1064 1365 1135 κάρφος
1380 1064 1489 1118 εἴτε
1523 1066 1707 1134 ῥάκος,
1739 1064 1773 1136 ἢ

182 1162 310 1215 ἄλλο
332 1179 389 1214 τι
423 1160 641 1221 εὐτελὲς
663 1200 676 1224 ,
708 1159 799 1211 καὶ
826 1157 976 1226 ἔλεγε
995 1173 1008 1189 ο
1045 1157 1140 1220 Τίς
1162 1157 1250 1209 διὰ
1277 1155 1434 1209 τοῦτο
1471 1157 1703 1228 μάχεται
1739 1155 1773 1228 ἢ

187 1253 517 1319 φιλονεικεῖ,
550 1251 583 1320 ἢ
620 1251 968 1320 μνησικακεῖ,
1000 1245 1331 1318 ἢθλίϐεται,
1363 1247 1411 1299 εἰ
1441 1246 1516 1318 μή
1548 1246 1631 1309 τίς
1660 1248 1776 1299 ἐστι

185 1346 305 1397 κατ’
331 1345 605 1412 ἀλήθειαν
635 1342 906 1405 ἀπολέσας
937 1342 1026 1394 τὸν
1047 1341 1200 1408 νοῦν;
1227 1338 1426 1394 οὐκοῦν
1450 1339 1778 1409 προκόπτων

187 1438 278 1488 καὶ
309 1435 636 1505 προϐαίνων
673 1437 701 1487 ὁ
731 1434 825 1487 τοῦ
855 1433 988 1486 Θεοῦ
1020 1432 1305 1502 ἄνθρωπος
1330 1431 1443 1502 ἔχει
1481 1433 1660 1485 πάντα
1687 1431 1780 1485 τὸν

187 1529 396 1599 κόσμον
445 1529 530 1591 ὡς
567 1529 628 1581 τὸ
679 1529 891 1599 κάρφος
918 1526 1108 1590 τοῦτο,
1144 1525 1245 1580 κᾶν
1291 1524 1390 1596 ἔχῃ
1433 1526 1554 1579 ὅλον
1593 1524 1775 1578 αὐτόν’

187 1622 280 1673 καὶ
308 1621 450 1691 γὰρ,
473 1621 551 1684 ὡς
574 1620 738 1688 λέγω,
765 1621 824 1672 οὐ
854 1619 911 1672 τὸ
926 1619 1068 1690 ἔχειν
1087 1619 1334 1689 βλάπτει,
1367 1617 1503 1672 ἀλλὰ
1525 1617 1585 1670 τὸ
1615 1634 1782 1688 προσ-

193 1713 384 1778 παθῶς
421 1713 590 1782 ἔχειν.
619 1714 715 1775 Τίς
741 1712 843 1766 οὐκ
872 1708 1009 1765 οἶδεν
1036 1713 1117 1765 ὅτι
1170 1709 1500 1782 τιμιώτερόν
1541 1712 1687 1764 ἐστιν
1721 1708 1781 1774 ἐξ

190 1799 264 1856 ὦν
299 1809 530 1858 πάντων
571 1805 815 1874 εἴχομεν,
855 1805 914 1856 τὸ
951 1803 1142 1873 σῶμα;
1177 1804 1301 1867 Πῶς
1331 1798 1423 1856 οὖν
1459 1801 1652 1874 καιροῦ
1684 1819 1774 1856 κα-

190 1897 415 1958 λοῦντος
447 1896 906 1965 προστετάγμεθα
933 1899 1329 1967 καταφρονεῖνς
1361 1895 1475 1949 Καὶ
1500 1894 1595 1949 ἐὰν
1616 1895 1783 1949 αὑτοῦ

189 1988 284 2042 τοῦ
334 1989 622 2057 σ;τ)ματος,
657 1987 836 2058 πολλῷ
893 1987 1092 2056 μᾶλλον
1143 1988 1240 2040 καὶ
1291 1987 1400 2041 τῶν
1443 1987 1621 2051 ἐκτός.
1673 1987 1786 2042 Καὶ

191 2074 475 2144 ἐμέμνητο
500 2074 594 2126 τοῦ
625 2074 855 2143 ἀδελφοῦ
890 2074 1100 2145 ἔχοντος
1132 2077 1198 2130 τὰ
1227 2076 1458 2147 λάχανα,
1490 2079 1586 2131 καὶ
1607 2077 1782 2147 ἔλεγε*

191 2163 282 2232 Μὴ
311 2165 424 2232 γὰρ
448 2163 550 2214 οὐκ
572 2163 847 2229 ἔσπειρεν,
876 2164 974 2217 οὐκ
999 2165 1319 2228 ἐκοπίασεν,
1345 2165 1446 2218 οὐκ
1468 2165 1783 2234 ἐφύτευσεν,

190 2254 292 2306 οὐκ
316 2254 730 2332 ὲεριλοκάλησεν,
760 2254 833 2324 μὴ
865 2255 1220 2326 ἑξερῤίζωσεν
1251 2255 1388 2310 αὐτὰ
1423 2257 1515 2309 καὶ
1541 2256 1784 2328 ἔρριψενο

190 2346 309 2398 ἀλλ’
338 2349 493 2416 ὅμως
523 2344 670 2416 εἶχεν
697 2333 836 2400 αὐτὰ
859 2348 932 2412 ὡς
963 2350 1036 2418 μὴ
1093 2348 1253 2418 ἔχων
1297 2349 1488 2419 ἀμέλει
1521 2350 1607 2403 ὅτε
1642 2367 1786 2421 παρ-

192 2438 424 2492 έϐαλλεν
453 2441 480 2492 ὁ
511 2439 692 2510 γέρων
723 2439 1014 2510 δοκιμάσαι
1048 2441 1218 2494 θέλων
1244 2441 1425 2494 αὐτόν’
1457 2443 1553 2511 καὶ
1585 2442 1788 2514 ἦρξατο

1882 608 2130 665 fidelibus
2157 605 2213 660 in
2251 604 2428 673 ipsum
2460 598 2826 658 credentibus.
2856 595 3009 650 Licet
3039 593 3269 673 enimet
3313 606 3456 643 turne

1876 701 2129 764 credere;
2175 671 2334 752 etab
2373 695 2475 749 hac
2502 692 2589 746 die
2620 689 2875 759 incipere,
2927 687 2972 740 si
3023 671 3271 739 velimus.
3319 681 3456 735 Nam

1876 790 2104 844 arbitrio
2144 792 2332 840 nostro
2385 783 2733 837 desiderante
2779 786 2833 832 et
2875 774 3052 846 gratia
3079 774 3210 827 ‘vim
3269 773 3456 838 dante,

1877 884 2003 938 licet
2039 879 2212 936 cuivis
2239 875 2436 932 volenti
2472 881 2644 928 totum
2694 869 2952 925 mundum
2997 882 3092 936 pro
3144 865 3314 920 nihilo
3359 864 3460 917 ba-

1877 977 2024 1030 hcre.
2068 971 2137 1027 Et
2169 969 2417 1038 capiebat
2447 967 2501 1021 in
2549 978 2768 1020 manum
2803 961 3066 1031 quidquid
3101 959 3333 1029 primum
3363 970 3460 1009 oe-

1877 1072 2145 1130 curreret,
2188 1072 2318 1133 puta
2362 1060 2654 1124 festucam,
2699 1054 2946 1111 centonis
2998 1051 3310 1114 frustulum,
3369 1055 3462 1101 aut

1877 1156 1981 1212 vile
2006 1155 2280 1226 quidpiam
2312 1150 2616 1208 istiusmodi
2653 1167 2666 1203 :
2699 1159 2752 1202 et
2778 1147 2994 1202 dicebat
3024 1165 3035 1200 :
3067 1143 3201 1211 Quis
3243 1148 3463 1212 propter

1879 1251 1980 1306 hoc
2030 1255 2252 1320 pugnat,
2299 1254 2393 1302 aut
2437 1242 2739 1307 contendit,
2788 1250 2880 1296 aut
2928 1239 3172 1294 infensus
3228 1235 3321 1288 ulli
3359 1241 3461 1296 est,

1878 1351 1972 1396 aut
2001 1340 2236 1412 angitur,
2270 1337 2370 1391 nisi
2415 1336 2506 1406 qui
2539 1350 2666 1390 vere
2713 1347 2871 1388 usum
2910 1329 3138 1385 rationis
3181 1323 3464 1381 amiserit?

1880 1433 2046 1503 Igitur
2070 1429 2422 1502 progrediens
2453 1439 2505 1483 et
2532 1427 2824 1498 proficiens
2848 1425 2900 1478 in
2928 1423 3009 1476 via
3036 1421 3275 1492 Spiritus
3305 1419 3466 1471 homo

1883 1528 1977 1583 Dei
2011 1535 2177 1581 totum
2215 1523 2492 1586 mundum,
2516 1519 2619 1575 etsi
2654 1518 2965 1573 universum
3008 1513 3304 1584 possideat,
3359 1524 3466 1560 non

1882 1618 2075 1689 majori
2105 1615 2339 1672 aestimat
2371 1612 2543 1684 pretio
2576 1625 2739 1681 quam
2785 1608 3045 1663 festucam
3080 1603 3243 1657 hanc.
3278 1599 3468 1654 Enim-

1881 1727 2034 1780 vero,
2062 1710 2215 1777 juxta
2267 1721 2442 1762 meam
2488 1701 2839 1764 sententiam,
2877 1697 2926 1752 id
2967 1697 3111 1766 quod
3147 1690 3468 1764 perfectioni

1888 1803 1981 1859 Dei
2017 1816 2305 1860 servorum
2375 1805 2549 1860 nocet,
2603 1809 2706 1848 non
2760 1799 2869 1854 est,
2917 1787 3148 1852 habere;
3207 1783 3302 1840 sed
3347 1796 3469 1836 eum

1890 1897 2198 1954 adlucsione
2223 1892 2446 1948 allectus
2489 1887 2712 1944 trahere.
2742 1884 2876 1952 Quis
2909 1882 3081 1937 nescit
3123 1893 3303 1933 rerum
3335 1889 3471 1944 quas

1889 1989 2154 2045 habemus
2176 1985 2417 2041 omnium
2448 1977 2902 2050 pretiosissimum
2935 1971 3233 2029 existimari
3271 1981 3471 2035 corpus

1888 2082 2083 2148 cuique
2124 2077 2318 2134 suum?
2340 2079 2420 2130 An
2462 2088 2568 2128 non
2606 2081 2783 2127 tamen
2810 2068 2863 2122 in
2894 2064 3062 2122 certis
3091 2060 3473 2118 occasioalbus

1888 2170 2261 2241 praescribitur
2291 2166 2447 2222 nobis
2479 2164 2608 2218 illud
2639 2158 3028 2218 contemnere?
3061 2155 3214 2223 Quod
3249 2153 3293 2206 si
3327 2151 3471 2221 peri-

1888 2266 2010 2322 eulu
2060 2263 2328 2319 interdum
2396 2273 2461 2314 ac
2513 2270 2668 2312 noxa:
2725 2251 3071 2325 prmeipimur
3123 2261 3321 2316 corpus
3386 2257 3474 2297 no-

1889 2367 2060 2412 strum
2103 2354 2370 2421 objicere,
2423 2356 2631 2419 quanto
2685 2346 2860 2416 magis
2909 2358 2994 2398 res
3047 2335 3346 2396 externas?
3395 2336 3474 2389 Ac

1891 2446 2229 2502 memorabat
2259 2443 2310 2496 in
2364 2441 2412 2495 id
2447 2438 2780 2510 propositum
2815 2433 3120 2503 exemplum
3161 2428 3345 2484 fratris
3379 2441 3475 2482 cu-

195 2528 509 2598 συντρίϐειν
576 2529 736 2590 αὐτὰ,
771 2529 891 2582 οὐδὲ
927 2528 1177 2600 ἐλογίσθη
1211 2528 1370 2582 αὐτὼ
1403 2530 1498 2582 καὶ
1536 2530 1626 2582 ὅτε
1682 2530 1787 2582 ἀπ-

1894 2538 2097 2605 iusdam
2134 2537 2212 2591 sie
2253 2534 2505 2590 habentis
2546 2534 2697 2588 olera
2731 2541 2787 2586 ut
2817 2531 2952 2586 iiber
2995 2530 3062 2584 ab
3104 2525 3296 2584 affectu
3345 2539 3474 2594 erga

194 2619 417 2686 ἔμεινεν
439 2619 538 2689 μία
556 2618 701 2689 ῥίζα,
721 2619 838 2672 τότε
859 2615 1012 2672 εἴπεν
1040 2619 1208 2688 αὐτῷ’
1228 2619 1352 2672 Ἐάν
1369 2618 1550 2690 θέλῃς,
1581 2619 1784 2691 Πάτερ,

197 2709 336 2778 ἄφες
361 2710 519 2773 αὐτὸ,
547 2711 641 2763 καὶ
668 2710 932 2780 ποιοῦμεν
963 2713 1042 2774 εἰς
1070 2710 1202 2764 αὐτὸ
1222 2710 1466 2780 ἀγάπην,
1499 2710 1619 2763 τότε
1643 2709 1784 2779 ἔγνω

195 2805 224 2856 ὁ
257 2804 435 2869 ἅγιος·
470 2804 553 2856 ὅτι
586 2803 772 2867 δοῦλος
799 2804 892 2857 τοῦ
928 2803 1063 2856 Θεοῦ
1097 2804 1249 2869 ἐστι,
1274 2803 1369 2856 καὶ
1401 2803 1520 2872 οὐχὶ
1553 2801 1658 2855 τῶν
1688 2802 1786 2855 λα-

195 2895 402 2966 χάνων·
434 2895 530 2949 καὶ
551 2894 704 2964 λέγει
727 2894 895 2964 αὐτῷ·
915 2893 1328 2947 ’Λναπέπαυται
1358 2893 1419 2946 τὸ
1440 2891 1664 2963 Πνεῦμα
1691 2890 1785 2946 τοῦ

197 2988 331 3042 Θεοῦ
373 2989 470 3041 ἐπὶ
512 2987 607 3052 σὲ,
640 2987 856 3055 ἀδελφέ.
895 2987 958 3038 Et
988 2985 1046 3038 δὲ
1081 2985 1414 3057 πῳσπαθῶς
1447 2980 1558 3054 εἶχε
1593 2985 1660 3038 τά
1688 2983 1786 3038 λά-

198 3097 375 3150 χανα,
411 3079 719 3132 ὲδεικνύετο
751 3078 955 3140 εὐθέως
995 3077 1084 3132 διὰ
1129 3078 1192 3131 τὸ
1240 3076 1523 3130 θλίῦεσθαι
1555 3077 1652 3129 καὶ
1685 3093 1784 3128 τα-

1887 2646 1950 2686 ca
1987 2631 2145 2702 plane
2181 2629 2340 2684 foret.
2393 2627 2602 2683 llahere
2632 2625 2784 2680 illum
2812 2625 2955 2681 olera
3009 2621 3191 2693 negati
3225 2636 3328 2673 non
3376 2633 3473 2689 po-

1891 2733 2060 2788 terat;
2103 2737 2169 2775 an
2204 2736 2307 2775 non
2344 2720 2489 2776 enim
2535 2735 2600 2774 ea
2639 2727 2874 2782 severat,
2907 2716 3178 2771 laboriose
3221 2711 3477 2781 irrigare-

1889 2824 1995 2879 rat,
2023 2828 2152 2867 cura
2186 2812 2353 2866 multa
2393 2819 2737 2881 promoverat
2778 2808 2830 2862 in
2863 2807 3096 2862 virorem
3150 2803 3389 2859 adultum
3421 2810 3476 2856 et

1891 2904 2104 2976 plenam
2137 2901 2509 2958 habitudinem
2539 2901 2563 2955 ‘I
2589 2910 2845 2955 caeterum
2888 2913 2955 2954 an
2994 2913 3099 2953 non
3138 2899 3279 2951 idem
3324 2893 3476 2950 evul-

1892 2998 1964 3051 sit
1998 2996 2140 3051 ultro
2195 2995 2383 3049 eadem
2428 3009 2492 3048 ac
2538 2991 2786 3063 projecit,
2823 3006 2946 3045 cum
3003 2991 3055 3044 id
3106 2989 3220 3044 fieri
3265 2985 3479 3043 decuit?

1889 3085 2153 3141 Nimirum
2191 3086 2270 3142 sic
2301 3086 2536 3140 habebat
2574 3099 2637 3139 ea
2674 3084 2826 3152 quasi
2875 3099 2980 3138 non
3020 3083 3287 3136 haberet:
3320 3086 3481 3150 prout

203 3171 530 3242 ράσσεσθαι·
559 3170 673 3224 ἀλλ’
712 3169 912 3234 ἔδειξεν
941 3171 1020 3222 ὃτι
1068 3165 1180 3240 εἶχε
1214 3170 1352 3222 αὐτὰ
1394 3169 1470 3231 ὡς
1503 3169 1576 3239 μὴ
1621 3168 1782 3239 ἔχων.

1894 3179 2142 3246 apparuit
2190 3177 2409 3246 quando
2457 3178 2734 3246 ingressus
2777 3178 2990 3229 hortum
3044 3188 3208 3228 Senex
3261 3169 3380 3239 eius
3423 3171 3479 3225 in

201 3264 312 3317 Kal.
343 3262 538 3330 ἔλεγεν
564 3263 645 3315 ὅτι
687 3260 1038 3331 σημειοῦνται
1065 3261 1132 3314 τὰ
1161 3260 1384 3314 τοιαῦτα
1411 3263 1459 3314 oi
1494 3260 1747 3331 δαίμονες
1772 3279 1786 3293 ·

203 3354 298 3408 καὶ
335 3355 432 3407 ἐὰν
458 3353 610 3407 ἴδωσί
640 3369 761 3406 τινα
790 3351 1160 3423 ἀπροσπαθῶς
1197 3352 1388 3423 ἔχοντα
1433 3354 1513 3416 είς
1546 3354 1616 3407 τὰ
1642 3355 1787 3425 πρά-

205 3461 393 3516 γματα
430 3443 522 3496 διὰ
548 3443 608 3497 τὸ
642 3443 718 3514 μὴ
755 3443 1143 3515 ταράττεσθαι,
1177 3444 1545 3511 γινώσκουσιν
1578 3445 1662 3498 ὅτι
1695 3439 1787 3500 οὗ-

206 3553 294 3600 τος
328 3537 432 3606 μὲν
476 3538 771 3607 περιπατεῖ
799 3536 858 3588 ὲν
895 3538 960 3606 τῇ
992 3539 1097 3608 γῇ·
1148 3536 1249 3590 οὐκ
1286 3535 1401 3607 ἔχει
1428 3536 1486 3590 δὲ
1531 3537 1790 3610 φρόνημα

207 3629 364 3697 ὶπὲγε
373 3645 454 3682 ιον
488 3629 546 3680 ὲν
578 3628 778 3700 ἐαυτῷ.

1900 3268 2101 3339 Spiritu
2146 3270 2428 3339 magister,
2460 3268 2648 3323 volens
2693 3267 2942 3336 discipuli
2996 3265 3330 3336 propositum
3379 3276 3481 3318 cx-

1898 3357 2130 3426 plorare,
2177 3357 2344 3426 cmpit
2375 3356 2696 3412 conculca‘re
2737 3370 2799 3410 ae
2835 3365 3120 3410 conterere
3165 3354 3316 3423 ipsa,
3363 3351 3482 3406 ttul-

1895 3450 2004 3502 lum
2046 3447 2249 3502 doloris
2295 3448 2510 3517 signum
2545 3447 2834 3501 hortulano
2877 3449 3072 3502 edente
3094 3486 3110 3510 ,
3145 3447 3225 3500 sic
3257 3460 3483 3515 prorsus

1901 3551 2153 3610 tanquam
2185 3539 2316 3595 nihil
2349 3541 2416 3594 ad
2449 3540 2624 3610 ipsqu
2655 3539 2708 3595 id
2732 3547 3024 3610 spectaret.
3056 3538 3194 3603 Quin
3234 3536 3484 3592 animad-

1898 3643 2115 3688 vertens
2163 3633 2417 3686 omissam
2470 3647 2500 3685 a
2559 3630 2702 3686 fesso
2752 3631 2998 3685 vastandi
3057 3643 3188 3684 sene
3241 3638 3484 3683 teneram

209 3737 368 3777 unam
403 3722 576 3776 caulis
601 3723 860 3790 plantam,
893 3722 1008 3787 Vis,
1047 3723 1147 3789 ait,
1173 3723 1356 3789 Pater,
1385 3730 1439 3778 et
1500 3723 1642 3778 hanc
1708 3725 2043 3789 excidamus,
2069 3735 2124 3780 et
2185 3740 2483 3794 cnquamus
2524 3738 2645 3778 eam
2719 3723 2772 3778 in
2805 3738 3016 3777 credam
3064 3721 3303 3790 hospiti?
3333 3718 3489 3773 Tune

207 3823 433 3869 sanctus
469 3813 557 3866 ille
596 3816 858 3885 magister
899 3815 1119 3885 agnovit
1146 3815 1400 3885 juvenem
1443 3817 1772 3872 monachum
1817 3819 1907 3873 Dei
1952 3834 2169 3874 servum
2251 3832 2390 3884 esse,
2441 3830 2546 3872 non
2623 3825 2803 3870 autem
2833 3815 3086 3871 olerum:
3132 3823 3188 3869 et
3219 3813 3358 3868 dixit
3391 3813 3481 3868 ei:

210 3905 498 3976 Requievit
531 3906 764 3977 Spiritus
796 3907 890 3962 Dei
918 3923 1108 3979 super,
1142 3918 1218 3976 te,
1260 3907 1449 3966 frater.
1483 3908 1584 3966 Hie
1625 3911 1671 3966 si
1721 3911 1918 3967 aﬂ'ectu
1964 3913 2247 3969 devinctus
2322 3912 2561 3968 oleribus
2609 3910 2821 3978 fuisset,
2891 3910 2943 3964 id
2995 3906 3326 3964 ostendisset
3373 3915 3485 3961 sta-

211 4003 327 4068 tim,
381 4001 726 4058 aﬂlictionem
783 4012 837 4058 et
895 4006 1386 4062 consternationem
1438 4009 1792 4064 monstrando
1831 4008 1955 4064 dum
1997 4024 2111 4064 rem
2145 4009 2248 4064 sibi
2279 4022 2463 4064 caram
2493 4008 2704 4062 videret
2767 4003 3152 4076 pessumdaci;
3209 4016 3353 4056 nunc
3381 4001 3486 4055 ista

210 4096 468 4164 patientia
500 4095 843 4152 manifestum
864 4097 1010 4167 fecit,
1040 4114 1099 4154 se
1131 4099 1386 4156 habuisse
1416 4100 1505 4155 illa
1534 4110 1795 4171 tanquam
1843 4117 1952 4158 non
1998 4104 2249 4158 haberet.
2283 4101 2527 4157 Addebat
2565 4099 2812 4155 Zosimas
2843 4115 2858 4152 :
2925 4096 3102 4152 notari
3138 4095 3254 4150 hate
3295 4109 3324 4147 a
3380 4093 3489 4147 dm-

211 4193 464 4248 monibus
497 4212 510 4248 :
539 4208 740 4263 eosque
772 4195 860 4250 ubi
903 4196 1140 4252 viderint
1206 4197 1492 4268 quemdam
1545 4197 1912 4257 declarantem
1944 4199 2088 4255 haud
2126 4215 2186 4256 se
2250 4197 2447 4255 affectu
2472 4197 2754 4253 adhaerere
2803 4193 2963 4250 rebus
3037 4206 3173 4262 quas
3225 4187 3485 4258 possidet,

211 4285 338 4337 dum
373 4301 562 4339 earum
588 4286 860 4354 iacturam
894 4303 1088 4344 sereno
1125 4296 1183 4344 et
1219 4289 1615 4360 imperturbata
1659 4291 1861 4361 patitur
1927 4291 2134 4356 animo,
2203 4290 2528 4362 intelligere,
2569 4287 2732 4344 talem
2793 4285 2876 4340 sie
2909 4285 2960 4339 in
2996 4294 3139 4339 terra
3173 4278 3484 4344 ambulare,

213 4389 270 4432 ut
299 4387 479 4432 tamen
517 4386 729 4431 terrena
759 4393 866 4433 non
896 4381 1090 4450 sapiat.

282 4469 359 4530 B’.
421 4468 620 4536 Ἔλεγε
664 4466 828 4520 πάλιν
876 4469 958 4522 ὅτι
1004 4470 1174 4541 ὁρμαὶ
1223 4470 1599 4544 προαιρέσεὼν
1647 4474 1785 4526 εἰσιο
1821 4486 1866 4543 ι)

212 4563 306 4614 καὶ
340 4561 565 4614 δύναται
592 4562 909 4633 προαίρεσις
943 4561 1119 4633 θερμὴ
1146 4564 1203 4616 ὲν
1235 4565 1335 4634 μιᾷ
1361 4564 1483 4634 ὥρᾳ
1525 4564 1788 4636 προσενέ-

212 4670 345 4720 γκαι
376 4651 458 4722 τῷ
486 4650 604 4721 ῥεῷ
634 4652 776 4721 άπερ
803 4654 864 4705 οὐ
891 4655 1214 4726 προσφέρει·
1248 4655 1361 4708 ἀλλ’
1400 4658 1434 4726 ἡ
1467 4655 1790 4729 προαίρεσις

215 4741 398 4812 νωθρὰ
430 4737 566 4793 οὖσα
594 4743 694 4794 οὐκ
725 4743 956 4813 ἐνεργεῖ.

216 4847 269 4888 et
311 4837 600 4898 modicam,

1965 4469 2030 4526 ll.
2073 4467 2211 4524 dixit
2258 4481 2449 4522 rursus
2478 4465 2730 4522 Zosimas
2758 4500 2772 4526 ,
2806 4465 3214 4534 Propositorum
3251 4465 3486 4534 impetus

1895 4561 2112 4633 quidam
2143 4568 2288 4626 sunt,
2323 4559 2481 4631 queis
2533 4573 2596 4614 ea
2629 4557 3098 4614 discriminantur.
3137 4557 3484 4633 Propositum

1897 4631 2180 4709 incitatum
2227 4662 2282 4706 et
2313 4651 2532 4706 fervens
2576 4667 2682 4705 una
2725 4651 2856 4706 hora
2902 4647 3022 4717 plus
3065 4658 3243 4716 potest
3286 4631 3487 4702 offerre

1897 4745 2008 4800 Deo
2037 4759 2199 4815 quam
2240 4758 2297 4798 re
2339 4744 2452 4813 ipsa
2482 4741 2710 4806 offerat;
2761 4751 2817 4796 et
2865 4755 2975 4796 rem
3010 4741 3275 4796 exhibens
3322 4754 3486 4794 unam

682 4837 910 4903 plurium
961 4847 1016 4892 et
1091 4855 1405 4908 magnarum
1484 4843 1735 4896 meritum
1811 4840 2031 4895 lucrari.
2075 4838 2117 4892 E
2163 4839 2438 4894 contrario
2489 4837 2823 4906 propositum
2911 4835 3124 4905 pigrum
3175 4842 3230 4887 et
3271 4831 3484 4902 langui-

215 4931 367 4993 dum,
399 4944 466 4983 ne
490 4932 542 4984 id
582 4932 796 5001 quidem
838 4934 949 5003 agit
982 4936 1123 5002 quod
1187 4937 1399 4990 videtur
1436 4951 1617 5008 agere,
1693 4936 1928 4992 invalido
1998 4943 2054 4990 et
2098 4935 2248 5004 segni
2331 4943 2479 4989 motu
2519 4948 2623 4988 non
2690 4931 3002 5002 pertingens
3049 4943 3220 4999 usque
3269 4930 3335 4984 ad
3371 4928 3490 5000 pla-

216 5023 446 5075 cendum
479 5023 607 5075 Deo.

291 5115 402 5168 Kal
444 5116 539 5167 ἐὰν
590 5116 776 5169 ἴδωσιν
822 5117 872 5169 ol
920 5117 1176 5187 δαίμονες
1238 5121 1321 5173 ὅτι
1354 5120 1586 5193 ὑϐρίσθη
1638 5140 1721 5186 τις
1761 5125 1795 5193 ἢ

215 5204 522 5274 ἡτιμάσθη,
552 5206 585 5276 ἢ
610 5207 888 5280 ἐζημιώθη
907 5249 922 5273 ,
946 5211 979 5280 ἢ
1009 5213 1116 5264 πᾶν
1139 5213 1318 5265 ὁτιοῦν
1340 5211 1506 5266 ἔπαθε
1525 5254 1539 5278 ,
1567 5216 1661 5268 καὶ
1691 5215 1804 5268 θλίο

218 5299 372 5350 ῦεται
397 5338 411 5362 ,
444 5299 544 5367 οὐκ
587 5299 669 5350 ὅτι
713 5299 881 5353 ἔπαθε
922 5304 1140 5369 κακῶς,
1189 5304 1302 5357 ἀλλ’
1333 5307 1415 5359 ὅτι
1461 5306 1560 5360 οὐκ
1594 5308 1794 5378 ἤνεγκε

218 5389 482 5456 γενναίως
516 5389 612 5458 τὴν
642 5392 896 5462 τοιαύτην
939 5395 1137 5464 ὁρμὴν,
1192 5396 1485 5466 φοῦοῦνται
1521 5401 1570 5451 oi
1615 5399 1804 5468 δαίμο-

218 5496 326 5541 νεςο
361 5481 686 5547 γινώσκουσι
736 5481 842 5551 γὰρ
874 5483 954 5536 ὅτι
986 5485 1163 5554 ἥψατο
1207 5488 1305 5557 τῆς
1365 5487 1485 5542 ὀδοῦ
1528 5488 1624 5558 τῆς
1671 5488 1804 5558 άλη-

222 5571 408 5633 θείας,
465 5573 558 5625 καὶ
603 5572 850 5642 βούλεται
900 5581 1220 5646 περιπατεῖν
1270 5580 1411 5633 κατὰ
1444 5580 1542 5644 τὰς
1585 5579 1803 5642 ἐντολὰς

221 5663 317 5715 τοῦ
355 5664 512 5716 Θεοῦ·
559 5666 656 5718 καὶ
696 5667 972 5736 ἐμέμνητο
1009 5670 1102 5721 τοῦ
1147 5671 1304 5737 ἁγίου
1362 5672 1656 5742 Ιίαχωμὶου
1715 5673 1803 5724 ὅτε

221 5754 564 5824 κατέκραζεν
593 5757 621 5806 ὁ
663 5757 888 5826 ἁδελφὸς
927 5759 1148 5820 αὑτοῦ-6
1186 5761 1383 5830 μείζων
1426 5762 1618 5829 λέγων·
1662 5761 1801 5814 Παῦ-

229 5861 318 5898 σαι
365 5845 638 5916 Ripa-cepe;
680 5847 753 5902 ὢν
791 5850 1050 5905 πλατῦναι
1102 5844 1269 5906 θέλων
1312 5855 1368 5905 τὸ
1416 5833 1796 5923 μοναστήριον,

1979 5121 2036 5177 Si
2069 5121 2301 5175 viderint
2331 5121 2602 5173 tiiCIIIOIICS
2651 5116 2960 5187 quempiam
3003 5125 3096 5169 aut
3130 5113 3350 5182 injuria,
3394 5124 3490 5170 aut

1906 5211 2257 5276 contumelia,
2300 5220 2391 5264 aut
2419 5211 2618 5264 damno
2674 5207 2948 5271 allectum,
2980 5206 3062 5261 vel
3100 5207 3244 5260 aliud
3287 5207 3486 5261 malum

1905 5297 2266 5372 quodcunque
2313 5316 2528 5369 passum
2562 5300 2696 5368 :qui
2738 5301 3002 5364 tristetur,
3048 5314 3155 5354 non
3214 5301 3339 5372 quia
3389 5301 3491 5355 ἰηι-

1907 5394 2100 5448 merito
2129 5394 2182 5448 id
2219 5393 2344 5447 ntali
2395 5408 2588 5462 passus
2635 5400 2760 5456 est,
2795 5392 2888 5446 sed
2933 5391 3076 5461 quod
3113 5391 3163 5444 id
3195 5393 3489 5461 qualecun-

1905 5499 2011 5555 que
2039 5486 2440 5541 incommodum
2469 5500 2573 5539 non
2602 5484 2785 5539 tulerit
2810 5499 3068 5552 generose
3093 5499 3106 5538 :
3137 5485 3298 5539 talem
3333 5486 3491 5541 istius

1907 5587 2112 5631 motum
2167 5575 2334 5631 animi
2407 5577 2680 5631 daemones
2745 5575 3121 5631 reformidant.
3180 5573 3493 5645 Intelligunt

1903 5671 2046 5723 cnim
2081 5669 2218 5725 hunc
2254 5679 2440 5723 tenere
2475 5671 2616 5722 viam
2659 5668 2929 5734 veritatis,
2973 5678 3028 5723 ct
3063 5668 3198 5722 velle
3236 5667 3492 5726 incedere

1898 5759 2049 5826 juxta
2088 5761 2340 5836 mandata
2378 5759 2468 5812 Dei
2499 5777 2510 5812 :
2542 5759 2739 5828 quippe
2779 5759 2869 5828 qui
2909 5759 3215 5813 meminerit
3253 5759 3489 5827 esctttpli

1907 5851 2016 5906 dati
2064 5867 2092 5906 a
2132 5860 2321 5906 sancto
2371 5849 2680 5917 l‘acltuntin,
2720 5850 2770 5904 id
2823 5849 3107 5907 imitando.
3156 5850 3290 5906 tium
3340 5851 3497 5906 cuius
