4010 6460
523 404 656 468 1683

1838 401 2128 464 ZOSleE
2164 400 2402 460 ABBAT
2412 400 2424 457 l
2439 400 2476 455 ,ἶ

3596 381 3734 449 ιδει

511 533 757 578 sanctum
805 521 951 591 illum
999 522 1324 591 increpasset
1369 518 1536 575 l'rater
1585 515 1935 586 ejus‘major,
1984 516 2064 572 di-

2185 515 2248 568 ith
2281 515 2372 566 τὸν
2403 512 2586 565 θεόθεν
2639 507 2787 578 αὐτῷ
2821 505 3040 560 δοθέντα
3071 502 3336 575 χρησμόν·
3370 501 3518 563 ὅστις
3560 500 3735 552 ἀκού-

510 628 641 667 cens
674 630 688 666 :
720 609 909 672 Desinis
953 625 1230 681 perperam
1275 625 1434 681 agere
1482 609 1753 662 dilatando
1794 617 2061 661 monaste-

516 700 680 769 rium(
713 699 808 754 hoc
830 707 1007 753 autem
1033 699 1350 754 Pachomius
1378 698 1571 767 agebat
1592 699 1893 766 obsequens
1918 698 2062 752 edito

514 789 617 844 sibi
645 787 900 842 divinitus
934 788 1202 862 oraculo),
1238 791 1317 844 his
1357 802 1514 858 porro
1554 789 1634 842 vir
1669 799 1882 842 sanctus
1913 788 2064 840 audi-

516 880 604 942 tis,
643 886 817 932 motus
847 880 1066 933 interius
1110 890 1193 932 est
1243 879 1606 947 indignatiOue
1653 893 1810 945 quam
1844 878 2066 946 putabat

516 970 728 1032 honam,
764 968 892 1022 nihil
918 977 1096 1023 tamen
1126 980 1312 1022 contra
1357 969 1607 1036 reposuit.
1647 970 1750 1021 Sed
1787 979 2063 1037 postquam

513 1056 582 1110 ab
629 1056 716 1109 illa
769 1056 954 1110 intima
987 1058 1062 1110 ira
1118 1072 1210 1112 cor
1251 1073 1404 1112 suum
1443 1067 1787 1112 revocasset:
1822 1058 2061 1126 sequenti

520 1159 676 1203 nocte
725 1147 779 1203 in
827 1159 1090 1204 secretum
1145 1149 1493 1204 uratoriolum
1536 1148 1886 1214 descendens,
1937 1147 2066 1203 ﬂere

518 1240 679 1310 coepit
707 1248 761 1294 et
815 1255 976 1295 orans
1026 1241 1160 1294 dixit
1209 1257 1221 1294 :
1268 1240 1312 1295 Ο
1367 1240 1524 1304 Deus,
1580 1239 1823 1294 carnales
1877 1253 2067 1294 sensus

517 1331 691 1384 adhuc
723 1331 773 1384 in
817 1345 899 1384 me
943 1339 1064 1384 sunt
1092 1341 1106 1382 :
1137 1330 1305 1383 adhuc
1337 1329 1625 1386 secundum
1665 1343 1880 1384 carnem
1908 1329 2066 1384 vivo:

516 1436 596 1475 vae
637 1419 785 1484 mihi,
823 1419 1021 1473 moriar
1060 1421 1224 1486 enim,
1271 1421 1409 1475 sicut
1455 1421 1712 1490 scriptum
1761 1428 1843 1475 est
1868 1420 1906 1472 ί.
1945 1417 2071 1474 Post

521 1521 628 1565 tam
681 1512 982 1567 diuturnam
1039 1513 1481 1567 exercitationem
1536 1514 1660 1566 vitae
1712 1509 1973 1582 religiosa:
2019 1519 2074 1566 et

521 1601 958 1669 praeparationem
1011 1600 1209 1664 cordis,
1258 1601 1496 1662 abripior
1546 1600 1722 1654 adhuc
1769 1599 2069 1664 iracundia,

523 1697 787 1756 utcunque
812 1689 862 1742 id
893 1690 960 1743 sit
986 1690 1037 1744 in
1070 1706 1125 1745 re
1155 1692 1311 1746 bona.
1337 1689 1593 1745 Miserere
1616 1691 1716 1744 mei
1742 1704 1807 1744 ne
1837 1704 2073 1758 peream,

521 1777 767 1832 Domine.
801 1778 854 1831 Si
887 1778 1026 1832 enim
1062 1781 1323 1832 invenerit
1358 1781 1409 1833 in
1449 1793 1531 1832 nte
1565 1789 1769 1847 partem
1803 1779 2070 1840 inimicus,

523 1884 647 1936 mox
681 1884 826 1936 mox,
882 1870 980 1924 nisi
1028 1884 1112 1924 me
1160 1869 1501 1934 stabiliveris,
1535 1870 1880 1924 succumbam
1933 1869 2062 1938 ipsi,

524 1957 756 2026 fiamque
787 1958 1026 2027 captivus
1057 1958 1192 2027 eius.
1224 1959 1336 2012 Etsi
1372 1959 1512 2012 enim
1557 1959 1724 2029 legem
1761 1961 2065 2014 universam

525 2046 889 2102 observaverit
926 2048 1223 2118 quispiam,
1277 2049 1548 2118 delinquat
1592 2060 1770 2105 autem
1825 2049 1876 2103 in
1929 2065 2070 2114 uno,

526 2138 698 2192 factus
730 2148 809 2194 est
837 2139 1076 2193 omnium
1106 2142 1291 2194 reus’.
1322 2139 1545 2194 Conﬁdo
1576 2150 1750 2194 autem
1781 2140 1894 2195 fore
1919 2151 1996 2205 ut,
2026 2143 2070 2197 si

526 2240 626 2283 tua:
661 2229 839 2283 multa:
882 2231 1252 2285 miserationes
1295 2230 1597 2300 adiuverint
1636 2245 1737 2293 me,
1779 2231 1973 2285 docear
2007 2231 2072 2284 de

525 2326 716 2374 cartero
751 2319 996 2375 incedere
1041 2335 1133 2390 per
1161 2323 1299 2376 viam
1336 2331 1662 2386 sanctorum,
1695 2321 1759 2374 ad
1803 2322 2070 2374 anteriora

443 2436 450 2446 ι
526 2422 612 2462 me
643 2409 956 2464 extendens.
990 2407 1096 2478 lpsi
1142 2412 1306 2477 enim,
1357 2421 1415 2466 ut
1449 2420 1677 2479 oportet,
1716 2411 1915 2478 pudore
1946 2409 2071 2465 διτο-

527 2511 716 2555 cerunt
747 2501 972 2556 hostem.
1001 2501 1274 2568 Quomodo
1304 2513 1478 2556 autem
1513 2503 1785 2556 instituam
1821 2517 1913 2557 eos
1942 2517 2073 2572 quos

527 2593 834 2646 vocastiad
883 2591 1020 2646 hanc
1051 2593 1213 2645 vitam
1264 2607 1472 2646 mecum
1507 2593 1786 2662 agendam,
1832 2593 1931 2647 nisi
1976 2593 2080 2662 pri-

528 2694 672 2732 mum
700 2680 813 2748 ipse
843 2695 926 2735 me
956 2682 1128 2750 ipsum
1157 2684 1357 2737 vicero.
1394 2685 1460 2738 Et
1493 2685 1602 2738 hate
1643 2699 1800 2739 orare
1832 2700 2085 2753 perseve-

529 2770 669 2822 ravit
697 2779 854 2823 nocte
895 2769 981 2824 illa
1012 2782 1137 2836 tota,
1172 2773 1355 2827 eadem
1388 2788 1508 2828 cum
1541 2773 1827 2843 gemitibus
1855 2774 2080 2839 iterans,

529 2861 706 2927 quoad
741 2861 895 2918 rediit
942 2863 1080 2927 dies;
1115 2874 1166 2918 et
1198 2879 1261 2938 ea
1296 2864 1462 2917 multo
1510 2865 1707 2919 sudore
1754 2865 1889 2931 ejus,
1923 2865 2086 2920 vesti-

530 2948 615 3018 gia
652 2949 842 3018 pedum
875 2951 1041 3018 ipsius
1067 2951 1205 3006 facta
1236 2961 1359 3006 sunt
1386 2963 1444 3006 ut
1474 2953 1680 3006 lutum:
1711 2941 1866 3007 testas
1892 2955 2088 3022 quippe

2164 619 2260 666 σας
2281 603 2410 673 φησι
2431 620 2443 633 ο
2472 597 2812 672 Παρεκινήθη
2843 598 2915 659 ὡς
2960 598 3048 649 ἐπ’ι
3072 592 3275 662 ἀγαθῷ·
3313 593 3371 644 οὗ
3404 589 3584 659 μέντοί
3612 591 3738 641 ἀντ’

2165 699 2314 749 εἷπεν
2353 693 2524 746 οὐδέν·
2580 691 2692 744 ἀλλ’
2723 688 2995 758 ἐγκρατὴς
3026 686 3125 754 τῆς
3182 683 3405 756 καρδίας
3449 679 3737 749 ὑπάρχων,

2165 790 2230 858 τῇ
2256 785 2482 855 ἐπιούσῃ
2504 783 2656 837 νυκτὶ
2687 779 2923 840 καταῦὰς
2949 779 3029 840 εἰς
3053 777 3113 830 τὸ
3143 774 3483 841 καταγώγιον
3513 771 3734 840 μικρὸν,

2168 878 2370 948 ἤρξατο
2395 875 2620 938 κλαίειν,
2652 873 2743 926 καὶ
2787 870 3074 939 εὐχόμενος
3111 868 3312 934 ἔλεγεν·
3363 861 3432 916 Ὦ
3478 862 3611 922 Θεὸς
3633 901 3648 926 9
3678 859 3740 910 τὸ

2168 969 2419 1040 φρόνημα
2455 967 2554 1034 τῆς
2599 962 2796 1032 σαρκὸς
2832 963 2887 1011 ἐν
2917 959 3038 1029 ἐμοί
3067 959 3235 1010 ἐστιν·
3270 956 3347 1008 ἔτι
3375 953 3515 1007 κατὰ
3556 952 3740 1040 σάρκα

2169 1039 2263 1121 ζῶ·
2315 1055 2434 1108 οὐαί
2482 1071 2570 1122 μοι
2595 1069 2607 1083 ’
2643 1051 2819 1121 μέλλω
2861 1049 2968 1118 γὰρ
3010 1045 3372 1115 ἀποθνήσκειν
3416 1041 3491 1104 ὼς
3529 1039 3742 1108 γέγρα-

2169 1165 2334 1209 πται,
2397 1145 2667 1214 τοσαύτην
2725 1142 2954 1210 ἄσκησιν
3007 1140 3099 1191 καὶ
3142 1134 3460 1205 έτοιμασίαν
3513 1129 3743 1200 καρδίας

2170 1241 2325 1310 έχων,
2359 1238 2518 1293 πάλιν
2567 1233 2757 1304 θυμῷ·
2815 1231 3168 1303 ἁρπάζομαι,
3218 1225 3317 1281 κᾶν
3362 1225 3453 1277 ἐπὶ
3500 1221 3694 1291 ἀγαθῷ
3725 1235 3739 1249 '

2169 1329 2390 1400 ἐλέησόν
2445 1345 2533 1396 με,
2569 1325 2644 1396 μὴ
2667 1324 2975 1391 ἀπόλωμαι,
3009 1319 3178 1390 Κύριε
3203 1333 3216 1346 ⁸
3248 1315 3342 1368 ἐὰν
3369 1314 3477 1384 γάρ
3512 1312 3651 1383 εὕρῃ
3680 1313 3743 1362 ὲν

2171 1422 2293 1492 ἐμοὶ
2329 1419 2494 1491 μέρος
2527 1418 2556 1469 ὀ
2579 1413 2768 1485 ἐχθρὸς
2799 1415 2920 1466 ὅσον
2944 1413 3085 1474 ὅσον,
3123 1405 3217 1460 ὲάν
3245 1407 3318 1477 μὴ
3352 1402 3615 1475 στηρίξῃς
3644 1417 3739 1470 με,

2172 1513 2360 1582 ἔσομαι
2391 1507 2699 1578 ὑποχεῖριος
2740 1503 2926 1559 αύτοῦο
2958 1502 3050 1556 ἐὰν
3085 1501 3193 1569 γὰρ
3227 1499 3401 1552 πάντα
3434 1495 3523 1547 τὸν
3575 1492 3743 1562 νόμον

2175 1622 2265 1658 σου
2310 1602 2519 1673 τηρήσῃ
2547 1616 2648 1662 τις,
2682 1595 2886 1667 πταίσῃ
2946 1593 3002 1646 δὲ
3045 1594 3102 1644 ὲν
3141 1592 3240 1653 ἐνὶ,
3282 1587 3469 1656 γέγονε
3520 1583 3744 1673 πάντων

2175 1672 2636 1764 ἐνοχοςέγπιστεύω
2657 1688 2712 1741 δὲ
2751 1688 2830 1740 ὅτι
2852 1725 2867 1748 ,
2911 1686 3004 1738 ἐὰν
3040 1683 3090 1735 οἱ
3131 1677 3312 1733 πολλοί
3343 1694 3436 1729 σου
3464 1672 3746 1764 οἱκτιρμοὶ

2179 1763 2485 1856 βοηθήσωσι
2515 1799 2634 1852 μοι,
2669 1777 3060 1846 διδαχθήσομαι
3093 1771 3276 1824 λοιπὸν
3302 1769 3402 1840 τὴν
3429 1767 3538 1819 τῶν
3566 1763 3745 1833 ἁγίων

2179 1895 2272 1930 σου
2298 1875 2415 1930 ὁδὸν
2445 1869 2772 1942 πορεύεσθαι
2795 1870 2907 1928 τοῖς
2932 1862 3238 1935 ἔμπροσθεν
3270 1857 3741 1925 ἐπεκτεινόμενος·

2170 1967 2329 2023 αὑτὸν
2366 1965 2492 2035 γὰρ,
2530 1963 2603 2026 ὡς
2627 1961 2724 2026 δεῖ,
2756 1959 3064 2027 κατῄσχυνα
3113 1953 3205 2016 τὸν
3259 1949 3467 2020 ἐχθρόν·
3502 1947 3596 1998 καὶ
3625 1943 3748 2035 πῶς

2169 2057 2382 2120 διδάξω,
2413 2054 2603 2124 Κύριε,
2635 2048 2725 2112 οὓς
2753 2049 3001 2109 καλέσεις
3037 2046 3130 2098 σὺν
3162 2042 3282 2112 ἐμοὶ
3310 2039 3497 2092 τοῦτον
3524 2034 3747 2088 ἑλέσθαι

2171 2149 2261 2200 τον
2293 2124 2437 2216 βίον,
2463 2143 2536 2213 μὴ
2564 2141 2778 2212 πρῶτον
2806 2138 2966 2199 αὐτὸς
3005 2136 3261 2204 νικήσας;
3297 2131 3406 2182 Καὶ
3452 2127 3623 2180 ταῦτα
3650 2124 3748 2176 εύ-

2175 2215 2398 2309 ξάμενος
2426 2235 2697 2304 διέμεινεν
2728 2231 2854 2300 ὅλην
2883 2230 2981 2297 τὴν
3010 2226 3200 2285 νύκτα,
3233 2220 3372 2274 αὐτὰ
3399 2218 3540 2309 μετὰ
3568 2215 3740 2309 κλαυ-

2171 2305 2319 2399 θμιῦν
2339 2328 2532 2394 λέγων,
2561 2325 2666 2385 ἓως
2698 2316 2757 2375 οὗ
2784 2321 3014 2389 εφθασεν
3038 2320 3069 2386 ἡ
3096 2316 3292 2384 ἡμέρα·
3325 2311 3420 2364 καιἱ
3444 2308 3551 2399 ῖῶν
3580 2305 3743 2399 £69“?-

2170 2394 2277 2470 των
2325 2414 2488 2468 αὐτοῦ
2532 2413 2600 2465 τὰ
2642 2412 2759 2481 ἴχνη
2806 2410 2913 2461 τῶν
2968 2406 3140 2458 ποδῶν
3193 2400 3356 2455 αὐτοῦ
3402 2397 3628 2466 γέγονεν
3671 2394 3750 2457 ὡς

2175 2507 2363 2582 πηλός.
2398 2507 2566 2578 Θέρος
2610 2507 2720 2576 γὰρ
2757 2502 2844 2576 ἦν,
2882 2504 3029 2556 καὶὸ
3058 2501 3218 2587 τόπος
3249 2495 3615 2587 κατάθῌερμοςῖ
3650 2489 3750 2587 καὶ

2183 2598 2336 2666 ἔλεγε
2384 2598 2677 2667 θαυμάζων
2706 2599 2733 2650 ὀ
2776 2597 3073 2667 μακάριος·
3122 2581 3212 2661 Μὴ
3245 2589 3350 2656 γὰρ
3383 2582 3526 2654 εἶχον
3561 2582 3630 2635 τὰ
3654 2581 3753 2633 δά-

2179 2707 2319 2760 κρυα
2349 2691 2510 2742 αὐτοῦ
2547 2690 2762 2760 μέτρον·
2809 2688 2934 2750 Πῶς
2971 2686 3044 2755 μὴ
3100 2682 3383 2753 χαρίσεται
3426 2679 3454 2728 ὁ
3499 2675 3632 2736 θεὶς
3680 2674 3748 2742 τῇ

2177 2780 2399 2848 τοιαύτῃ
2431 2779 2747 2848 προαιρέσει
2795 2777 2968 2830 πάντα
2996 2772 3160 2826 αὐτοῦ
3208 2769 3274 2822 τὰ
3316 2765 3493 2834 ἀγαθὰ
3535 2764 3570 2816 ἃ.
3613 2762 3753 2832 ᾐτή-

2184 2881 2313 2917 σατο
2358 2865 2486 2935 παρ’
2515 2865 2712 2930 αὐτοῦ,
2739 2863 2830 2918 τοῦ
2864 2861 3003 2916 εἶναι
3047 2858 3206 2913 αὑτὸν
3246 2855 3352 2910 ἀπὸ
3401 2855 3619 2906 πάντων
3657 2865 3752 2901 νε-

2185 2956 2336 3025 κρόν;

529 3045 667 3103 erat,
712 3049 766 3092 et
804 3039 952 3094 locus
1000 3041 1086 3094 ille
1116 3039 1489 3095 calidissimus.
1535 3040 1602 3094 Et
1644 3041 1777 3094 dixit
1808 3042 2080 3096 admirans
2121 3043 2342 3097 beatus:
2378 3060 2480 3099 non
2511 3045 2651 3098 enim
2697 3042 2962 3098 habebant
3017 3041 3134 3109 ejus
3197 3038 3442 3108 lacrymte
3488 3033 3748 3092 modum:

520 3130 801 3200 Quomodo
854 3147 955 3184 non
1004 3132 1296 3202 indulgebit
1350 3133 1439 3186 tali
1485 3134 1756 3203 proposito
1806 3133 1947 3190 Deus
1993 3149 2087 3189 sua
2126 3136 2304 3190 omnia
2335 3152 2453 3207 quae
2493 3137 2589 3192 ~ab
2632 3137 2746 3206 ipso
2773 3134 2927 3206 petiit
2993 3134 3153 3198 bona,
3199 3145 3264 3186 eo
3311 3127 3450 3198 quod
3495 3123 3642 3179 illum
3670 3121 3752 3174 vi-

531 3223 654 3276 deat
690 3221 897 3277 cunetis
929 3222 1086 3276 rebus
1117 3222 1423 3278 mortuum?

601 3311 690 3366 lll.
738 3311 882 3365 Dixit
925 3327 1110 3367 rursus
1144 3313 1280 3367 idem
1313 3310 1555 3367 Zosimas
1584 3332 1595 3368 :
1629 3313 1853 3381 Quando
1884 3315 2083 3385 excipit

2253 3313 2326 3367 Γ¹.
2367 3284 2477 3366 ιιοέι
2506 3311 2688 3379 ἔλεγεν
2709 3353 2722 3376 ,
2753 3311 2833 3364 ὅτι
2883 3311 3007 3364 Ἐάν
3042 3308 3182 3380 λάϐῃ
3212 3325 3295 3368 τις
3316 3305 3496 3377 νόημα
3529 3305 3755 3376 eirea»-

534 3402 656 3470 quis
701 3403 878 3454 animo
907 3402 1180 3472 appulsam
1227 3405 1602 3473 cogitationem
1649 3406 1715 3459 de
1768 3407 1946 3474 aliquo
1993 3407 2084 3474 qui

535 3494 706 3562 ipsum
742 3494 972 3558 vexavit,
1006 3496 1218 3561 damno,
1251 3496 1590 3561 contumelia,
1623 3495 1702 3549 vel
1735 3497 1978 3552 convicio
2010 3495 2090 3550 al-

537 3581 706 3650 fecit,
762 3595 853 3638 aut
903 3584 1005 3637 alia
1057 3586 1244 3653 quavis
1292 3584 1486 3655 injuria
1541 3587 1756 3640 violavit
1797 3597 1894 3641 :et
1947 3585 2088 3640 fovet

538 3675 818 3729 adhaerens
867 3677 1101 3745 texitque
1147 3692 1333 3732 sensus
1361 3684 1547 3733 contra
1593 3679 1867 3733 inimicum
1915 3680 2088 3733 rabio-

538 3779 675 3820 sos:
717 3767 996 3821 insidiatur
1044 3769 1269 3837 propriae
1312 3769 1503 3823 animat
1544 3770 1722 3824 instar-
1764 3770 2087 3836 daemonum,

542 3853 736 3910 suﬂlcit
785 3858 925 3910 enim
963 3857 1074 3927 ipse
1105 3859 1204 3913 sibi
1255 3859 1371 3913 sine
1411 3875 1574 3930 opera
1609 3861 1816 3914 illorum
1862 3861 1926 3913 ad
1973 3877 2092 3930 per-

544 3946 771 4000 dendum
823 3961 901 4002 se.
963 3947 1028 4002 Et
1082 3949 1206 4016 quid
1268 3943 1420 4024 dico:
1463 3951 1675 4019 quando
1744 3951 2094 4020 cogitationes

544 4036 679 4092 tales
728 4039 961 4092 contexit
1005 4048 1165 4106 atque
1207 4039 1603 4108 implicat?Aio
1653 4052 1938 4107 praeterea,
1991 4041 2091 4096 nisi

545 4127 842 4182 adversarii
889 4129 1187 4185 meminerit
1223 4140 1469 4200 tanquam
1510 4131 1867 4187 henel'actoris
1903 4144 1955 4187 et
1986 4149 2096 4187 me-

546 4218 672 4282 dici,
707 4228 863 4273 nocet
893 4219 1356 4276 immedicabiliter
1391 4222 1492 4276 sibi
1524 4222 1642 4291 ipsi.
1673 4223 1808 4287 Quid
1838 4225 1979 4278 enim
2013 4224 2095 4280 ais

546 4320 600 4366 te
622 4311 913 4365 vexatum?
944 4312 992 4365 ls
1021 4327 1048 4364 a
1081 4328 1186 4380 quo
1213 4329 1423 4383 passum
1455 4324 1504 4367 te
1531 4316 1795 4382 quereris,
1826 4324 1877 4368 te
1904 4330 2103 4387 purga-

548 4403 642 4467 vit,
679 4412 824 4456 tuum
857 4404 1065 4457 curavit
1097 4405 1364 4467 morbum,
1397 4417 1451 4458 et
1479 4405 1642 4461 debes
1686 4407 1954 4460 recordari
1988 4408 2100 4476 ejus

548 4502 800 4562 tanquam
859 4495 1046 4554 medici
1105 4495 1196 4549 tibi
1259 4511 1288 4548 a
1349 4495 1559 4550 Christo
1622 4496 1768 4551 missi
1828 4515 1840 4550 :
1892 4497 2102 4551 debitor

551 4583 762 4640 Christo
799 4598 857 4639 es
895 4586 974 4638 vel
1024 4585 1090 4638 ob
1135 4586 1235 4640 hoc
1275 4586 1448 4639 solum
1487 4586 1802 4640 beneﬁcium
1843 4587 2100 4654 quidlibet

2188 3422 2277 3468 τος
2303 3403 2483 3468 αὑτὸν,
2509 3403 2542 3474 ἢ
2579 3401 2955 3472 ζημιώσαντος
2979 3401 3050 3470 ,ἢ
3083 3400 3516 3468 λοιδορήσαντος,
3548 3398 3580 3468 ἢ
3616 3399 3755 3450 ὀνει-

2187 3497 2454 3560 δίσαντος,
2495 3494 2710 3564 ἢ-εικῆ
2739 3493 3121 3564 διασύραντος,
3156 3491 3190 3563 ἢ
3226 3493 3333 3545 πᾶν
3371 3491 3548 3544 ὁτιοῦν
3581 3489 3754 3544 κακὸν

2189 3591 2532 3660 ποιήσαντος,
2562 3589 2658 3641 καὶ
2690 3587 2879 3640 πλέκει
2909 3585 3357 3655 λογισμοὺς-κατ’
3393 3582 3559 3638 αὑτοῦ
3582 3623 3596 3644 ,
3630 3584 3754 3636 ἑπι-

2188 3681 2428 3735 6ουλεύει
2462 3683 2524 3751 τῇ
2571 3679 2676 3750 ἰδίᾳ
2717 3678 2861 3749 ψυχῇ
2913 3678 2987 3741 ὠς
3030 3679 3078 3730 οἱ
3120 3677 3392 3745 δαίμονες·
3443 3677 3604 3746 άρκεῖ
3647 3675 3755 3748 γὰρ

2189 3773 2365 3842 ἐαυτῷ
2412 3772 2548 3838 πρὸς
2577 3770 2888 3841 ἐπιϐουλήν·
2927 3769 3022 3822 καὶ
3053 3769 3105 3820 τί
3141 3768 3314 3836 λέγω,
3357 3767 3584 3833 πλέκει;
3629 3767 3757 3822 Ἐὰν

2195 3865 2268 3934 μὴ
2315 3864 2584 3934 μέμνηται
2613 3861 2777 3915 αὐτοῦ
2821 3861 2895 3923 ὡς
2938 3860 3226 3930 εὐεργέτου
3255 3859 3348 3912 καλ¹
3389 3859 3574 3929 ἰατροῦ
3600 3899 3614 3923 ,
3641 3859 3760 3912 ἀδι-

2192 3959 2279 4008 κεῖ
2319 3955 2477 4010 αύτὸν
2504 3956 2569 4008 τὰ
2601 3954 2850 4024 μέγιστα·
2882 3952 2932 4005 τί
2961 3952 3068 4021 γὰρ
3100 3951 3275 4020 λέγεις
3318 3951 3571 4020 πάσχειν;
3600 3945 3758 4013 οὗτος

2193 4047 2464 4117 καθαίρειο
2513 4047 2605 4099 καὶ
2633 4046 2870 4115 ὀφείλεις
2907 4045 3215 4114 μεμνῆσθαι
3257 4041 3422 4095 αὑτοῦ
3459 4041 3532 4103 ὡς
3568 4039 3759 4111 ἰατροῦ

2193 4140 2531 4207 πεμφθέντος
2581 4155 2659 4190 σοι
2693 4138 2799 4190 ἀπὸ
2839 4136 2930 4188 τοῦ
2982 4134 3236 4206 Χριστοῦ·
3281 4137 3573 4205 χρεωστεῖς
3619 4134 3762 4204 ὑπὲρ

2194 4229 2286 4283 τοῦ
2317 4229 2577 4298 ὀνόματος
2603 4227 2768 4281 αὑτοῦ
2796 4227 3012 4290 παθεῖν,
3046 4226 3138 4278 καὶ
3157 4225 3390 4292 ὀφείλεις
3420 4224 3564 4292 ἐχειν
3598 4224 3764 4276 αὐτὸν

2196 4319 2270 4382 ὡς
2316 4318 2629 4387 εὐεργέτην.
2675 4319 2737 4369 El
2775 4317 2829 4368 δὲ
2866 4317 2967 4369 οὐκ
3009 4314 3329 4385 ἀπαλλάσσῃ
3372 4313 3604 4386 κακίας,
3642 4313 3766 4366 οὐδὲ

2198 4395 2490 4476 ἐπιθυμεῖς
2527 4406 2943 4474 ἀπαλλαγῆναι,
2984 4406 3221 4467 ἀναίτιος
3266 4404 3468 4474 Κύριος
3519 4405 3546 4456 ό
3599 4403 3761 4465 Θεός·

2201 4500 2328 4553 αὐτὸ
2356 4500 2412 4553 δὲ
2441 4499 2499 4551 τὸ
2550 4499 2800 4568 πάσχειν,
2848 4498 3107 4565 νοσούσης
3152 4497 3327 4565 ψυχῆς
3378 4498 3544 4559 εστιν,
3587 4496 3636 4545 εἰ
3691 4495 3767 4564 μὴ

2202 4590 2402 4650 ὲνόσεις
2431 4590 2529 4639 ούκ
2563 4587 2798 4656 έπασχες
2825 4627 2839 4651 ,
2870 4589 2963 4640 καὶ
2991 4587 3222 4654 ὀφείλεις
3254 4586 3412 4657 χάριν
3442 4584 3519 4655 τῷ
3553 4584 3768 4656 ἀδελφῷ

552 4666 786 4744 patiendi
815 4689 909 4745 pro
949 4675 1061 4742 ejus
1100 4675 1332 4729 nomine.
1367 4673 1669 4729 Ministruui
1699 4684 1874 4729 autem
1915 4677 1966 4729 in
2000 4679 2083 4730 hor

2202 4679 2283 4732 ὅτι
2316 4679 2381 4730 δι’
2431 4677 2592 4730 αὐτοῦ
2642 4678 2809 4744 ἔγνως
2859 4679 2958 4747 τὴν
3007 4677 3121 4730 ὁδὸν
3165 4677 3261 4744 τῆς
3304 4676 3459 4729 νόσου
3502 4693 3616 4728 σου·
3671 4677 3768 4728 καὶ

552 4767 666 4833 ejus
697 4768 832 4835 grati
873 4767 1046 4821 olIicio
1091 4767 1251 4820 animi
1296 4767 1609 4835 astringeris
1655 4767 1704 4820 in
1749 4766 1864 4821 loco
1906 4768 2102 4821 habere

553 4856 931 4911 benefactoris.
978 4857 1032 4910 Si
1071 4865 1246 4909 autem
1291 4872 1318 4908 a
1353 4856 1556 4909 malitia
1589 4873 1695 4911 non
1741 4858 1985 4923 recedis;
2014 4865 2104 4911 aut

555 4963 660 5001 non
707 4946 858 5015 cupis
903 4945 1090 5000 saltem
1134 4946 1402 4999 recedere.
1454 4946 1699 5016 Explevit
1740 4959 1920 5017 partes
1975 4964 2104 5004 suas

559 5036 814 5091 Dominus
857 5036 996 5090 Deus
1044 5037 1131 5106 qui
1177 5045 1226 5090 te
1260 5037 1463 5090 studuit
1509 5052 1730 5091 curare:
1779 5039 1998 5106 frustra,
2036 5041 2103 5092 ob

563 5137 704 5182 tuam
745 5128 1082 5181 retinentiam
1115 5145 1129 5180 :
1163 5127 1315 5196 culpa
1367 5127 1534 5181 solius
1573 5137 1659 5181 tua
1694 5138 1776 5182 est
1805 5131 1892 5198 qui
1930 5145 2105 5184 reme-

561 5219 706 5273 dium
751 5219 974 5286 respuis,
1011 5219 1150 5287 quod
1195 5219 1393 5287 pateris
1441 5233 1544 5271 non
1593 5217 1706 5286 ejus
1747 5235 1904 5288 quem
1949 5236 2107 5276 vocas

562 5309 924 5364 adversarium
980 5308 1173 5378 injuria
1228 5318 1344 5374 est,
1389 5309 1480 5362 sed
1537 5316 1637 5362 tua:
1695 5310 1860 5377 ipsius
1917 5312 2110 5366 anima:

563 5399 866 5468 aegrotantis
911 5409 960 5452 et
997 5399 1237 5453 morbum
1273 5414 1427 5452 suum
1473 5401 1726 5455 amantis.
1777 5400 1833 5455 Si
1884 5419 1987 5458 non
2032 5403 2111 5458 sic

564 5499 872 5556 aegrotares,
925 5488 1051 5541 nihil
1100 5489 1167 5543 ab
1222 5489 1436 5543 inimico
1483 5491 1768 5556 patereris.
1827 5489 2011 5559 Itaque
2064 5494 2110 5548 si

569 5591 710 5635 recte
738 5596 922 5637 censes
949 5582 1300 5652 ohstringeris
1329 5583 1393 5634 ad
1424 5583 1625 5651 gratias
1660 5583 1931 5640 habendas
1960 5585 2110 5641 fratri

634 5733 648 5773 ³
693 5733 843 5796 Rom.
873 5751 984 5802 vni,
1030 5735 1114 5791 l2.
1187 5739 1206 5768 ²
1237 5735 1350 5793 Jac.
1386 5750 1448 5802 ιι,
1478 5733 1557 5793 l0.

2201 4769 2433 4837 ὀφείλεις
2459 4769 2709 4838 δέχεσθαι
2737 4770 2804 4820 τὰ
2836 4767 2960 4838 παρ’
2994 4767 3158 4820 αὑτοῦ
3189 4767 3261 4830 ὡς
3297 4769 3564 4836 φάρμακα
3599 4767 3768 4837 θερα-

2203 4861 2429 4912 πευτικὲι
2467 4859 2780 4927 πεμφθέντα
2825 4874 2906 4910 σοι
2944 4860 3094 4928 παρὰ
3131 4856 3224 4909 τοῦ
3275 4856 3468 4926 Ἰησοῦ.
3508 4857 3568 4909 Εἰ
3599 4856 3653 4908 δὲ
3693 4857 3768 4927 μὴ

2206 4954 2364 5025 μόνον
2393 4952 2492 5004 οὐκ
2525 4952 2862 5021 εὐχαριστεῖς
2882 4989 2896 5013 ,
2928 4950 3064 5002 ἀλλὰ
3112 4950 3203 5002 καλ⁸
3235 4951 3379 5019 λυπῇ
3400 4987 3414 5008 ,
3451 4947 3543 4999 καὶ
3573 4949 3769 5001 διασύ-

2209 5062 2339 5114 ρεις,
2371 5044 2464 5094 καὶ
2498 5041 2745 5109 ἐγκαλεῖς
2765 5081 2778 5104 ,
2811 5043 2904 5094 καὶ
2938 5040 3154 5103 πλέκεις
3193 5039 3486 5108 λογισμοὺς
3516 5041 3634 5091 κατ’
3666 5040 3770 5091 αύ-

2211 5134 2302 5186 τοῦ
2322 5175 2335 5198 ,
2363 5133 2584 5201 δυνάμει
2617 5131 2793 5199 λέγεις
2822 5130 2898 5200 τῷ
2938 5129 3110 5200 Ἰησοῦ
3130 5169 3143 5192 ,
3183 5128 3380 5198 μᾶλλον
3409 5127 3464 5179 δὲ
3495 5129 3672 5195 γυμνῇ
3702 5128 3769 5198 τῇ

2213 5225 2440 5295 κεφαλῇ’
2475 5225 2546 5277 Ού
2579 5223 2716 5299 θέλω
2744 5221 2958 5290 ἰαθῆναι
2984 5221 3086 5273 ὑπὸ
3108 5220 3224 5272 σοῦ·
3256 5221 3316 5274 οὐ
3342 5219 3477 5271 θέλω
3504 5217 3763 5282 δέξασθαι

2206 5316 2276 5369 τὰ
2311 5315 2574 5387 φάρμακά
2620 5331 2736 5367 σου·
2787 5313 3023 5381 σαπῆναι
3065 5310 3202 5364 θέλω
3251 5312 3308 5363 ὲν
3335 5311 3448 5372 τοῖς
3491 5308 3773 5379 τραύμασὶ

2213 5423 2330 5477 μου·
2361 5407 2598 5475 ὑπήκοος
2629 5390 2768 5457 θέλω
2798 5404 3048 5472 γενέσθαι
3078 5402 3186 5455 τῶν
3210 5401 3497 5469 δαιμόνωκν
3534 5400 3632 5450 ούκ
3657 5396 3774 5451 οἴδα

2209 5497 2299 5548 τὸν
2326 5496 2544 5566 Κύριον.
2581 5498 2690 5550 Καὶ
2717 5497 2798 5559 τίς
2828 5497 2972 5548 ἐστιν
2999 5486 3058 5547 οὗ
3103 5492 3492 5559 εἰσακούσομαι
3524 5489 3624 5558 τῆς
3653 5507 3771 5556 φω-

2213 5587 2308 5657 νῆς
2338 5587 2497 5642 αὑτοῦ
2521 5569 2532 5616 λ
2579 5588 2672 5641 καὶ
2700 5587 2750 5640 τί
2768 5587 2948 5643 λοιπὸν
2976 5587 3188 5656 ποιήσει
3215 5587 3241 5638 ὀ
3270 5583 3505 5654 Κύριος;
3542 5579 3772 5652 ’Δγαθδς

3803 62 3830 76 -..-'
3847 62 3860 72 ν

3821 77 3840 92 ":

3831 109 3854 118 υ.

3887 62 3910 94 '.
3917 62 3945 98 ἒ
