  <div class='ocr_page' id='page_1' title='image "/cluster/home/n/w/nwhite01/storage/ocr_20150623/78/ien.35556001661065/850.png"; bbox 0 0 4010 6428; ppageno 0'>
   <div class='ocr_carea' id='block_1_1' title="bbox 181 433 320 500">
    <p class='ocr_par' dir='ltr' id='par_1_1' title="bbox 181 433 320 500">
     <span class='ocr_line' id='line_1_1' title="bbox 181 433 320 500; baseline 0.014 -1"><span class='ocrx_word' id='word_1_1' title='bbox 181 433 320 500; x_wconf 75' lang='lat'><strong>1685</strong></span> 
     </span>
    </p>
   </div>
   <div class='ocr_carea' id='block_1_2' title="bbox 1633 412 2031 487">
    <p class='ocr_par' dir='ltr' id='par_1_2' title="bbox 1633 412 2031 487">
     <span class='ocr_line' id='line_1_2' title="bbox 1633 412 2031 487; baseline -0.013 -11"><span class='ocrx_word' id='word_1_2' title='bbox 1633 412 2031 487; x_wconf 74' lang='lat' dir='ltr'><strong>ALLOQUIA.</strong></span> 
     </span>
    </p>
   </div>
   <div class='ocr_carea' id='block_1_3' title="bbox 1978 249 1989 298">
    <p class='ocr_par' dir='ltr' id='par_1_3' title="bbox 1978 249 1989 298">
     <span class='ocr_line' id='line_1_3' title="bbox 1978 249 1989 298; baseline 0 0"><span class='ocrx_word' id='word_1_3' title='bbox 1978 249 1989 298; x_wconf 72' lang='grc' dir='ltr'><strong>ι</strong></span> 
     </span>
    </p>
   </div>
   <div class='ocr_carea' id='block_1_4' title="bbox 3324 401 3460 464">
    <p class='ocr_par' dir='ltr' id='par_1_4' title="bbox 3324 401 3460 464">
     <span class='ocr_line' id='line_1_4' title="bbox 3324 401 3460 464; baseline 0.015 -2"><span class='ocrx_word' id='word_1_4' title='bbox 3324 403 3340 462; x_wconf 82' lang='lat' dir='ltr'><strong>l</strong></span> <span class='ocrx_word' id='word_1_5' title='bbox 3355 401 3460 464; x_wconf 66' lang='lat'><strong>636</strong></span> 
     </span>
    </p>
   </div>
   <div class='ocr_carea' id='block_1_5' title="bbox 178 515 1758 610">
    <p class='ocr_par' dir='ltr' id='par_1_5' title="bbox 178 522 1758 610">
     <span class='ocr_line' id='line_1_5' title="bbox 178 522 1758 610; baseline -0.014 -14"><span class='ocrx_word' id='word_1_6' title='bbox 178 543 255 598; x_wconf 72' lang='grc' dir='ltr'>ὢν</span> <span class='ocrx_word' id='word_1_7' title='bbox 299 541 329 594; x_wconf 88' lang='lat'><strong>6</strong></span> <span class='ocrx_word' id='word_1_8' title='bbox 361 537 578 610; x_wconf 78' lang='grc' dir='ltr'>Κύριος</span> <span class='ocrx_word' id='word_1_9' title='bbox 618 534 773 607; x_wconf 79' lang='grc' dir='ltr'>ἡμῶν</span> <span class='ocrx_word' id='word_1_10' title='bbox 811 531 946 603; x_wconf 68' lang='grc' dir='ltr'>πρὸς</span> <span class='ocrx_word' id='word_1_11' title='bbox 973 527 1072 594; x_wconf 72' lang='grc' dir='ltr'><strong>τὰς</strong></span> <span class='ocrx_word' id='word_1_12' title='bbox 1107 527 1302 590; x_wconf 77' lang='grc' dir='ltr'>κακίας</span> <span class='ocrx_word' id='word_1_13' title='bbox 1357 525 1533 596; x_wconf 74' lang='grc' dir='ltr'>ἡμῶν,</span> <span class='ocrx_word' id='word_1_14' title='bbox 1565 522 1758 576; x_wconf 74' lang='grc' dir='ltr'>ἔδωκεν</span> 
     </span>
    </p>
   </div>
   <div class='ocr_carea' id='block_1_6' title="bbox 1863 515 3446 610">
    <p class='ocr_par' dir='ltr' id='par_1_6' title="bbox 1870 515 3446 590">
     <span class='ocr_line' id='line_1_6' title="bbox 1870 515 3446 590; baseline -0.007 -15"><span class='ocrx_word' id='word_1_15' title='bbox 1870 535 2028 590; x_wconf 85' lang='lat' dir='ltr'><strong>quem</strong></span> <span class='ocrx_word' id='word_1_16' title='bbox 2067 527 2120 572; x_wconf 89' lang='lat' dir='ltr'><strong>ut</strong></span> <span class='ocrx_word' id='word_1_17' title='bbox 2171 517 2491 574; x_wconf 80' lang='lat' dir='ltr'><strong>maledicum</strong></span> <span class='ocrx_word' id='word_1_18' title='bbox 2541 523 2635 570; x_wconf 88' lang='lat' dir='ltr'><strong>aut</strong></span> <span class='ocrx_word' id='word_1_19' title='bbox 2679 515 2980 571; x_wconf 80' lang='lat' dir='ltr'><strong>maleficum</strong></span> <span class='ocrx_word' id='word_1_20' title='bbox 3017 527 3266 579; x_wconf 77' lang='lat' dir='ltr'><strong>accusas,</strong></span> <span class='ocrx_word' id='word_1_21' title='bbox 3304 515 3446 582; x_wconf 87' lang='lat' dir='ltr'><strong>quod</strong></span> 
     </span>
    </p>
   </div>
   <div class='ocr_carea' id='block_1_7' title="bbox 178 614 1771 693">
    <p class='ocr_par' dir='ltr' id='par_1_7' title="bbox 178 614 1771 693">
     <span class='ocr_line' id='line_1_7' title="bbox 178 614 1771 693; baseline -0.011 -10"><span class='ocrx_word' id='word_1_22' title='bbox 178 627 408 691; x_wconf 74' lang='grc' dir='ltr'>ιντολὰς</span> <span class='ocrx_word' id='word_1_23' title='bbox 458 625 834 693; x_wconf 83' lang='grc' dir='ltr'>καθαιρούσας</span> <span class='ocrx_word' id='word_1_24' title='bbox 883 620 1052 683; x_wconf 75' lang='grc' dir='ltr'>αύτᾶς</span> <span class='ocrx_word' id='word_1_25' title='bbox 1098 618 1252 688; x_wconf 80' lang='grc' dir='ltr'>δίκην</span> <span class='ocrx_word' id='word_1_26' title='bbox 1303 616 1631 684; x_wconf 75' lang='grc' dir='ltr'>καυστήρων</span> <span class='ocrx_word' id='word_1_27' title='bbox 1675 614 1771 666; x_wconf 80' lang='grc' dir='ltr'>καὶ</span> 
     </span>
    </p>
   </div>
   <div class='ocr_carea' id='block_1_8' title="bbox 176 705 1768 792">
    <p class='ocr_par' dir='ltr' id='par_1_8' title="bbox 176 705 1768 792">
     <span class='ocr_line' id='line_1_8' title="bbox 176 705 1768 792; baseline -0.011 -17"><span class='ocrx_word' id='word_1_28' title='bbox 176 719 527 792; x_wconf 71' lang='grc' dir='ltr'>καθαρσίωνο</span> <span class='ocrx_word' id='word_1_29' title='bbox 556 721 584 771; x_wconf 97' lang='lat'><strong>6</strong></span> <span class='ocrx_word' id='word_1_30' title='bbox 614 717 797 769; x_wconf 89' lang='grc' dir='ltr'>τοίνυν</span> <span class='ocrx_word' id='word_1_31' title='bbox 829 713 1154 784; x_wconf 83' lang='grc' dir='ltr'>βουλόμενος</span> <span class='ocrx_word' id='word_1_32' title='bbox 1183 710 1278 764; x_wconf 86' lang='grc' dir='ltr'><strong>καί</strong></span> <span class='ocrx_word' id='word_1_33' title='bbox 1301 707 1482 762; x_wconf 85' lang='grc' dir='ltr'>ποθῶν</span> <span class='ocrx_word' id='word_1_34' title='bbox 1515 705 1768 774; x_wconf 73' lang='grc' dir='ltr'>ἰαθῆναι,</span> 
     </span>
    </p>
   </div>
   <div class='ocr_carea' id='block_1_9' title="bbox 174 797 1769 881">
    <p class='ocr_par' dir='ltr' id='par_1_9' title="bbox 174 797 1769 881">
     <span class='ocr_line' id='line_1_9' title="bbox 174 797 1769 881; baseline -0.009 -16"><span class='ocrx_word' id='word_1_35' title='bbox 174 810 397 880; x_wconf 82' lang='grc' dir='ltr'><strong>ἀνάγκη</strong></span> <span class='ocrx_word' id='word_1_36' title='bbox 441 807 606 863; x_wconf 79' lang='grc' dir='ltr'>αὐτὸν</span> <span class='ocrx_word' id='word_1_37' title='bbox 652 807 946 874; x_wconf 83' lang='grc' dir='ltr'>ὑπομεῖναι</span> <span class='ocrx_word' id='word_1_38' title='bbox 991 803 1068 881; x_wconf 67' lang='lat' dir='ltr'><strong>«ca</strong></span> <span class='ocrx_word' id='word_1_39' title='bbox 1103 802 1474 871; x_wconf 80' lang='grc' dir='ltr'><strong>ἐπιφερόμενα</strong></span> <span class='ocrx_word' id='word_1_40' title='bbox 1522 798 1626 852; x_wconf 79' lang='grc' dir='ltr'><strong>ὑπὸ</strong></span> <span class='ocrx_word' id='word_1_41' title='bbox 1675 797 1769 852; x_wconf 80' lang='grc' dir='ltr'><strong>τοῦ</strong></span> 
     </span>
    </p>
   </div>
   <div class='ocr_carea' id='block_1_10' title="bbox 178 889 1769 970">
    <p class='ocr_par' dir='ltr' id='par_1_10' title="bbox 178 889 1769 970">
     <span class='ocr_line' id='line_1_10' title="bbox 178 889 1769 970; baseline -0.008 -17"><span class='ocrx_word' id='word_1_42' title='bbox 178 900 396 970; x_wconf 85' lang='grc' dir='ltr'>ίατροῦ,</span> <span class='ocrx_word' id='word_1_43' title='bbox 439 898 578 969; x_wconf 85' lang='grc' dir='ltr'><strong>μετά</strong></span> <span class='ocrx_word' id='word_1_44' title='bbox 619 896 782 949; x_wconf 83' lang='grc' dir='ltr'>πόνου</span> <span class='ocrx_word' id='word_1_45' title='bbox 832 895 930 949; x_wconf 76' lang='grc' dir='ltr'>καὶ</span> <span class='ocrx_word' id='word_1_46' title='bbox 969 893 1203 962; x_wconf 83' lang='grc' dir='ltr'><strong>σιωπῆς·</strong></span> <span class='ocrx_word' id='word_1_47' title='bbox 1253 892 1373 945; x_wconf 79' lang='grc' dir='ltr'>οὐδὲ</span> <span class='ocrx_word' id='word_1_48' title='bbox 1403 891 1512 962; x_wconf 78' lang='grc' dir='ltr'><strong>γὰρ</strong></span> <span class='ocrx_word' id='word_1_49' title='bbox 1542 892 1568 943; x_wconf 90' lang='lat'><strong>6</strong></span> <span class='ocrx_word' id='word_1_50' title='bbox 1597 889 1769 942; x_wconf 89' lang='grc' dir='ltr'>νοσῶν</span> 
     </span>
    </p>
   </div>
   <div class='ocr_carea' id='block_1_11' title="bbox 176 979 1767 1058">
    <p class='ocr_par' dir='ltr' id='par_1_11' title="bbox 176 979 1767 1058">
     <span class='ocr_line' id='line_1_11' title="bbox 176 979 1767 1058; baseline -0.008 -15"><span class='ocrx_word' id='word_1_51' title='bbox 176 989 354 1057; x_wconf 68' lang='grc' dir='ltr'>ἡδέως</span> <span class='ocrx_word' id='word_1_52' title='bbox 384 989 502 1058; x_wconf 75' lang='grc' dir='ltr'>ἔχει</span> <span class='ocrx_word' id='word_1_53' title='bbox 528 986 623 1041; x_wconf 81' lang='grc' dir='ltr'>τοῦ</span> <span class='ocrx_word' id='word_1_54' title='bbox 649 986 943 1058; x_wconf 80' lang='grc' dir='ltr'><strong>τέμνεσθαι</strong></span> <span class='ocrx_word' id='word_1_55' title='bbox 973 984 1068 1038; x_wconf 76' lang='grc' dir='ltr'>καὶ</span> <span class='ocrx_word' id='word_1_56' title='bbox 1096 982 1314 1037; x_wconf 81' lang='grc' dir='ltr'>καίεθαι</span> <span class='ocrx_word' id='word_1_57' title='bbox 1334 1023 1349 1048; x_wconf 93' lang='grc'><strong>,</strong></span> <span class='ocrx_word' id='word_1_58' title='bbox 1377 982 1410 1052; x_wconf 77' lang='grc' dir='ltr'><strong>ἢ</strong></span> <span class='ocrx_word' id='word_1_59' title='bbox 1447 979 1633 1034; x_wconf 79' lang='grc' dir='ltr'>λαϐεῖν</span> <span class='ocrx_word' id='word_1_60' title='bbox 1668 995 1767 1031; x_wconf 86' lang='grc' dir='ltr'>κα-</span> 
     </span>
    </p>
   </div>
   <div class='ocr_carea' id='block_1_12' title="bbox 176 1067 1768 1151">
    <p class='ocr_par' dir='ltr' id='par_1_12' title="bbox 176 1067 1768 1151">
     <span class='ocr_line' id='line_1_12' title="bbox 176 1067 1768 1151; baseline -0.007 -18"><span class='ocrx_word' id='word_1_61' title='bbox 176 1080 433 1151; x_wconf 74' lang='grc' dir='ltr'>θάρσιονο</span> <span class='ocrx_word' id='word_1_62' title='bbox 467 1078 618 1147; x_wconf 82' lang='grc' dir='ltr'>ὅμως</span> <span class='ocrx_word' id='word_1_63' title='bbox 648 1076 826 1131; x_wconf 78' lang='grc' dir='ltr'><strong>πείθει</strong></span> <span class='ocrx_word' id='word_1_64' title='bbox 866 1075 1049 1140; x_wconf 79' lang='grc' dir='ltr'>αὐτὸν,</span> <span class='ocrx_word' id='word_1_65' title='bbox 1091 1075 1172 1128; x_wconf 88' lang='grc' dir='ltr'>ὅτι</span> <span class='ocrx_word' id='word_1_66' title='bbox 1203 1072 1373 1144; x_wconf 77' lang='grc' dir='ltr'>χωρὶς</span> <span class='ocrx_word' id='word_1_67' title='bbox 1404 1070 1609 1124; x_wconf 87' lang='grc' dir='ltr'>τούτων</span> <span class='ocrx_word' id='word_1_68' title='bbox 1641 1067 1768 1124; x_wconf 80' lang='grc' dir='ltr'>ἀδύ-</span> 
     </span>
    </p>
   </div>
   <div class='ocr_carea' id='block_1_13' title="bbox 175 1161 1768 1239">
    <p class='ocr_par' dir='ltr' id='par_1_13' title="bbox 175 1161 1768 1239">
     <span class='ocr_line' id='line_1_13' title="bbox 175 1161 1768 1239; baseline -0.006 -17"><span class='ocrx_word' id='word_1_69' title='bbox 175 1186 339 1222; x_wconf 76' lang='grc' dir='ltr'>νατον</span> <span class='ocrx_word' id='word_1_70' title='bbox 369 1169 764 1239; x_wconf 77' lang='grc' dir='ltr'>ἀπαλλαγῆναι</span> <span class='ocrx_word' id='word_1_71' title='bbox 790 1168 890 1237; x_wconf 83' lang='grc' dir='ltr'>τῆς</span> <span class='ocrx_word' id='word_1_72' title='bbox 930 1166 1108 1219; x_wconf 83' lang='grc' dir='ltr'><strong>νόσου·</strong></span> <span class='ocrx_word' id='word_1_73' title='bbox 1141 1165 1234 1218; x_wconf 73' lang='grc' dir='ltr'>καὶ</span> <span class='ocrx_word' id='word_1_74' title='bbox 1274 1161 1462 1216; x_wconf 79' lang='grc' dir='ltr'>λοιπὸν</span> <span class='ocrx_word' id='word_1_75' title='bbox 1490 1161 1768 1215; x_wconf 74' lang='grc' dir='ltr'>ἐκδίδωσιν</span> 
     </span>
    </p>
   </div>
   <div class='ocr_carea' id='block_1_14' title="bbox 174 1253 1768 1331">
    <p class='ocr_par' dir='ltr' id='par_1_14' title="bbox 174 1253 1768 1331">
     <span class='ocr_line' id='line_1_14' title="bbox 174 1253 1768 1331; baseline -0.004 -18"><span class='ocrx_word' id='word_1_76' title='bbox 174 1261 376 1314; x_wconf 75' lang='grc' dir='ltr'>ἑαυτὸν</span> <span class='ocrx_word' id='word_1_77' title='bbox 404 1261 485 1331; x_wconf 81' lang='grc' dir='ltr'>τῷ</span> <span class='ocrx_word' id='word_1_78' title='bbox 518 1260 710 1331; x_wconf 66' lang='grc' dir='ltr'>ἰατρῷ,</span> <span class='ocrx_word' id='word_1_79' title='bbox 745 1259 898 1324; x_wconf 74' lang='grc' dir='ltr'>εἰδὼς</span> <span class='ocrx_word' id='word_1_80' title='bbox 921 1260 1001 1313; x_wconf 78' lang='grc' dir='ltr'>ὅτι</span> <span class='ocrx_word' id='word_1_81' title='bbox 1026 1257 1114 1311; x_wconf 80' lang='grc' dir='ltr'>διὰ</span> <span class='ocrx_word' id='word_1_82' title='bbox 1142 1257 1344 1327; x_wconf 77' lang='grc' dir='ltr'>μικρᾶς</span> <span class='ocrx_word' id='word_1_83' title='bbox 1370 1254 1565 1324; x_wconf 83' lang='grc' dir='ltr'><strong>ἀηδίας</strong></span> <span class='ocrx_word' id='word_1_84' title='bbox 1591 1253 1768 1307; x_wconf 83' lang='grc' dir='ltr'>ἀπαλ-</span> 
     </span>
    </p>
   </div>
   <div class='ocr_carea' id='block_1_15' title="bbox 172 1343 1760 1421">
    <p class='ocr_par' dir='ltr' id='par_1_15' title="bbox 172 1343 1760 1421">
     <span class='ocr_line' id='line_1_15' title="bbox 172 1343 1760 1421; baseline -0.004 -16"><span class='ocrx_word' id='word_1_85' title='bbox 172 1352 452 1406; x_wconf 79' lang='grc' dir='ltr'>λάσσεται</span> <span class='ocrx_word' id='word_1_86' title='bbox 472 1351 673 1420; x_wconf 79' lang='grc' dir='ltr'>πολλῆς</span> <span class='ocrx_word' id='word_1_87' title='bbox 697 1349 1040 1421; x_wconf 82' lang='grc' dir='ltr'>κακοχυμίας</span> <span class='ocrx_word' id='word_1_88' title='bbox 1067 1348 1162 1402; x_wconf 71' lang='grc' dir='ltr'>καὶ</span> <span class='ocrx_word' id='word_1_89' title='bbox 1194 1343 1554 1416; x_wconf 86' lang='grc' dir='ltr'>πολυχρονίας</span> <span class='ocrx_word' id='word_1_90' title='bbox 1581 1344 1760 1398; x_wconf 78' lang='grc' dir='ltr'>νόσου.</span> 
     </span>
    </p>
   </div>
   <div class='ocr_carea' id='block_1_16' title="bbox 1869 608 3449 682">
    <p class='ocr_par' dir='ltr' id='par_1_16' title="bbox 1869 608 3449 682">
     <span class='ocr_line' id='line_1_16' title="bbox 1869 608 3449 682; baseline -0.008 -15"><span class='ocrx_word' id='word_1_91' title='bbox 1869 627 1966 682; x_wconf 89' lang='lat' dir='ltr'><strong>per</strong></span> <span class='ocrx_word' id='word_1_92' title='bbox 1997 626 2124 666; x_wconf 89' lang='lat' dir='ltr'><strong>eum</strong></span> <span class='ocrx_word' id='word_1_93' title='bbox 2164 610 2461 680; x_wconf 86' lang='lat' dir='ltr'><strong>cognovisti</strong></span> <span class='ocrx_word' id='word_1_94' title='bbox 2495 608 2638 663; x_wconf 87' lang='lat' dir='ltr'><strong>viam</strong></span> <span class='ocrx_word' id='word_1_95' title='bbox 2681 608 2851 663; x_wconf 84' lang='lat' dir='ltr'><strong>morbi</strong></span> <span class='ocrx_word' id='word_1_96' title='bbox 2894 609 2992 673; x_wconf 89' lang='lat' dir='ltr'><strong>tui,</strong></span> <span class='ocrx_word' id='word_1_97' title='bbox 3029 623 3156 677; x_wconf 90' lang='lat' dir='ltr'><strong>qua,</strong></span> <span class='ocrx_word' id='word_1_98' title='bbox 3191 616 3246 660; x_wconf 89' lang='lat' dir='ltr'><strong>et</strong></span> <span class='ocrx_word' id='word_1_99' title='bbox 3272 619 3449 674; x_wconf 83' lang='lat' dir='ltr'><strong>quan-</strong></span> 
     </span>
    </p>
   </div>
   <div class='ocr_carea' id='block_1_17' title="bbox 1871 697 3454 775">
    <p class='ocr_par' dir='ltr' id='par_1_17' title="bbox 1871 697 3454 775">
     <span class='ocr_line' id='line_1_17' title="bbox 1871 697 3454 775; baseline -0.008 -13"><span class='ocrx_word' id='word_1_100' title='bbox 1871 720 1978 762; x_wconf 82' lang='lat' dir='ltr'><strong>tam</strong></span> <span class='ocrx_word' id='word_1_101' title='bbox 2006 716 2154 760; x_wconf 90' lang='lat' dir='ltr'><strong>tuam</strong></span> <span class='ocrx_word' id='word_1_102' title='bbox 2186 705 2251 758; x_wconf 93' lang='lat' dir='ltr'><strong>ad</strong></span> <span class='ocrx_word' id='word_1_103' title='bbox 2289 704 2586 775; x_wconf 87' lang='lat' dir='ltr'><strong>perniciem</strong></span> <span class='ocrx_word' id='word_1_104' title='bbox 2613 714 2898 774; x_wconf 73' lang='lat' dir='ltr'><strong>grassetur</strong></span> <span class='ocrx_word' id='word_1_105' title='bbox 2930 720 2944 756; x_wconf 92' lang='lat'>:</span> <span class='ocrx_word' id='word_1_106' title='bbox 2971 716 3141 772; x_wconf 88' lang='lat' dir='ltr'><strong>quare</strong></span> <span class='ocrx_word' id='word_1_107' title='bbox 3168 701 3308 754; x_wconf 89' lang='lat' dir='ltr'><strong>dicta</strong></span> <span class='ocrx_word' id='word_1_108' title='bbox 3336 697 3454 765; x_wconf 82' lang='lat' dir='ltr'><strong>ejus</strong></span> 
     </span>
    </p>
   </div>
   <div class='ocr_carea' id='block_1_18' title="bbox 1867 793 3448 860">
    <p class='ocr_par' dir='ltr' id='par_1_18' title="bbox 1867 793 3448 860">
     <span class='ocr_line' id='line_1_18' title="bbox 1867 793 3448 860; baseline -0.008 -7"><span class='ocrx_word' id='word_1_109' title='bbox 1867 807 1918 853; x_wconf 90' lang='lat' dir='ltr'><strong>et</strong></span> <span class='ocrx_word' id='word_1_110' title='bbox 1954 796 2092 850; x_wconf 86' lang='lat' dir='ltr'><strong>facta</strong></span> <span class='ocrx_word' id='word_1_111' title='bbox 2123 795 2365 848; x_wconf 78' lang='lat' dir='ltr'><strong>insuavia</strong></span> <span class='ocrx_word' id='word_1_112' title='bbox 2394 795 2511 860; x_wconf 89' lang='lat' dir='ltr'><strong>tibi,</strong></span> <span class='ocrx_word' id='word_1_113' title='bbox 2542 795 2707 848; x_wconf 87' lang='lat' dir='ltr'><strong>debes</strong></span> <span class='ocrx_word' id='word_1_114' title='bbox 2733 794 2886 846; x_wconf 88' lang='lat' dir='ltr'><strong>abeo</strong></span> <span class='ocrx_word' id='word_1_115' title='bbox 2917 793 3166 860; x_wconf 88' lang='lat' dir='ltr'><strong>accipere</strong></span> <span class='ocrx_word' id='word_1_116' title='bbox 3193 799 3448 860; x_wconf 87' lang='lat' dir='ltr'><strong>tanquam</strong></span> 
     </span>
    </p>
   </div>
   <div class='ocr_carea' id='block_1_19' title="bbox 1869 859 3452 950">
    <p class='ocr_par' dir='ltr' id='par_1_19' title="bbox 1869 859 3452 950">
     <span class='ocr_line' id='line_1_19' title="bbox 1869 859 3452 950; baseline -0.008 -8"><span class='ocrx_word' id='word_1_117' title='bbox 1869 886 2172 942; x_wconf 84' lang='lat' dir='ltr'><strong>medicinas</strong></span> <span class='ocrx_word' id='word_1_118' title='bbox 2219 884 2512 950; x_wconf 70' lang='lat' dir='ltr'><strong>salutares,</strong></span> <span class='ocrx_word' id='word_1_119' title='bbox 2566 884 2761 939; x_wconf 86' lang='lat' dir='ltr'><strong>missas</strong></span> <span class='ocrx_word' id='word_1_120' title='bbox 2799 883 2867 936; x_wconf 88' lang='lat' dir='ltr'><strong>ad</strong></span> <span class='ocrx_word' id='word_1_121' title='bbox 2920 891 2969 936; x_wconf 89' lang='lat' dir='ltr'><strong>te</strong></span> <span class='ocrx_word' id='word_1_122' title='bbox 3024 896 3052 936; x_wconf 72' lang='grc' dir='ltr'>ε</span> <span class='ocrx_word' id='word_1_123' title='bbox 3101 879 3257 934; x_wconf 80' lang='lat' dir='ltr'><strong>Jesu.</strong></span> <span class='ocrx_word' id='word_1_124' title='bbox 3300 859 3452 945; x_wconf 71' lang='lat' dir='ltr'><strong>Quod</strong></span> 
     </span>
    </p>
   </div>
   <div class='ocr_carea' id='block_1_20' title="bbox 1871 967 3454 1044">
    <p class='ocr_par' dir='ltr' id='par_1_20' title="bbox 1871 967 3454 1044">
     <span class='ocr_line' id='line_1_20' title="bbox 1871 967 3454 1044; baseline -0.009 -10"><span class='ocrx_word' id='word_1_125' title='bbox 1871 977 1915 1034; x_wconf 93' lang='lat' dir='ltr'><strong>si</strong></span> <span class='ocrx_word' id='word_1_126' title='bbox 1949 992 2052 1032; x_wconf 91' lang='lat' dir='ltr'><strong>nou</strong></span> <span class='ocrx_word' id='word_1_127' title='bbox 2076 977 2250 1032; x_wconf 87' lang='lat' dir='ltr'><strong>solum</strong></span> <span class='ocrx_word' id='word_1_128' title='bbox 2282 991 2390 1029; x_wconf 90' lang='lat' dir='ltr'><strong>non</strong></span> <span class='ocrx_word' id='word_1_129' title='bbox 2415 973 2624 1042; x_wconf 78' lang='lat' dir='ltr'><strong>gratias</strong></span> <span class='ocrx_word' id='word_1_130' title='bbox 2649 973 2764 1044; x_wconf 88' lang='lat' dir='ltr'><strong>agis</strong></span> <span class='ocrx_word' id='word_1_131' title='bbox 2795 991 2807 1028; x_wconf 93' lang='lat'><strong>:</strong></span> <span class='ocrx_word' id='word_1_132' title='bbox 2841 972 2934 1028; x_wconf 85' lang='lat' dir='ltr'><strong>sed</strong></span> <span class='ocrx_word' id='word_1_133' title='bbox 2969 970 3138 1036; x_wconf 86' lang='lat' dir='ltr'><strong>doles,</strong></span> <span class='ocrx_word' id='word_1_134' title='bbox 3168 969 3263 1024; x_wconf 87' lang='lat' dir='ltr'><strong>sed</strong></span> <span class='ocrx_word' id='word_1_135' title='bbox 3291 967 3454 1021; x_wconf 88' lang='lat' dir='ltr'><strong>vicis-</strong></span> 
     </span>
    </p>
   </div>
   <div class='ocr_carea' id='block_1_21' title="bbox 1873 1062 3451 1132">
    <p class='ocr_par' dir='ltr' id='par_1_21' title="bbox 1873 1062 3451 1132">
     <span class='ocr_line' id='line_1_21' title="bbox 1873 1062 3451 1132; baseline -0.008 -8"><span class='ocrx_word' id='word_1_136' title='bbox 1873 1070 1976 1125; x_wconf 85' lang='lat' dir='ltr'><strong>sim</strong></span> <span class='ocrx_word' id='word_1_137' title='bbox 2015 1067 2360 1132; x_wconf 80' lang='lat' dir='ltr'><strong>conviciaris,</strong></span> <span class='ocrx_word' id='word_1_138' title='bbox 2402 1067 2640 1121; x_wconf 79' lang='lat' dir='ltr'><strong>vicissim</strong></span> <span class='ocrx_word' id='word_1_139' title='bbox 2675 1080 2920 1132; x_wconf 81' lang='lat' dir='ltr'><strong>accusas,</strong></span> <span class='ocrx_word' id='word_1_140' title='bbox 2957 1075 3010 1120; x_wconf 91' lang='lat' dir='ltr'><strong>et</strong></span> <span class='ocrx_word' id='word_1_141' title='bbox 3053 1062 3224 1119; x_wconf 87' lang='lat' dir='ltr'><strong>nectis</strong></span> <span class='ocrx_word' id='word_1_142' title='bbox 3264 1068 3451 1114; x_wconf 84' lang='lat' dir='ltr'><strong>contra</strong></span> 
     </span>
    </p>
   </div>
   <div class='ocr_carea' id='block_1_22' title="bbox 1875 1151 3455 1231">
    <p class='ocr_par' dir='ltr' id='par_1_22' title="bbox 1875 1151 3455 1231">
     <span class='ocr_line' id='line_1_22' title="bbox 1875 1151 3455 1231; baseline -0.008 -15"><span class='ocrx_word' id='word_1_143' title='bbox 1875 1163 2047 1231; x_wconf 87' lang='lat' dir='ltr'><strong>ipsum</strong></span> <span class='ocrx_word' id='word_1_144' title='bbox 2107 1160 2546 1215; x_wconf 85' lang='lat' dir='ltr'><strong>machinationes</strong></span> <span class='ocrx_word' id='word_1_145' title='bbox 2586 1160 2878 1214; x_wconf 78' lang='lat' dir='ltr'><strong>vindictam</strong></span> <span class='ocrx_word' id='word_1_146' title='bbox 2937 1157 3244 1220; x_wconf 88' lang='lat' dir='ltr'><strong>meditans,</strong></span> <span class='ocrx_word' id='word_1_147' title='bbox 3290 1151 3455 1208; x_wconf 82' lang='lat' dir='ltr'><strong>tacite</strong></span> 
     </span>
    </p>
   </div>
   <div class='ocr_carea' id='block_1_23' title="bbox 1876 1244 3449 1320">
    <p class='ocr_par' dir='ltr' id='par_1_23' title="bbox 1876 1244 3449 1320">
     <span class='ocr_line' id='line_1_23' title="bbox 1876 1244 3449 1320; baseline -0.006 -16"><span class='ocrx_word' id='word_1_148' title='bbox 1876 1250 2011 1305; x_wconf 87' lang='lat' dir='ltr'><strong>dicis</strong></span> <span class='ocrx_word' id='word_1_149' title='bbox 2050 1249 2267 1305; x_wconf 89' lang='lat' dir='ltr'><strong>Christo</strong></span> <span class='ocrx_word' id='word_1_150' title='bbox 2294 1247 2447 1315; x_wconf 80' lang='lat' dir='ltr'><strong>Jesu,</strong></span> <span class='ocrx_word' id='word_1_151' title='bbox 2495 1260 2589 1304; x_wconf 90' lang='lat' dir='ltr'><strong>aut</strong></span> <span class='ocrx_word' id='word_1_152' title='bbox 2627 1253 2807 1320; x_wconf 90' lang='lat' dir='ltr'><strong>potius</strong></span> <span class='ocrx_word' id='word_1_153' title='bbox 2854 1257 3042 1304; x_wconf 79' lang='lat' dir='ltr'><strong>exerte</strong></span> <span class='ocrx_word' id='word_1_154' title='bbox 3091 1261 3156 1300; x_wconf 86' lang='lat' dir='ltr'><strong>ac</strong></span> <span class='ocrx_word' id='word_1_155' title='bbox 3200 1244 3449 1299; x_wconf 86' lang='lat' dir='ltr'><strong>diserte:</strong></span> 
     </span>
    </p>
   </div>
   <div class='ocr_carea' id='block_1_24' title="bbox 1863 1332 3454 1397">
    <p class='ocr_par' dir='ltr' id='par_1_24' title="bbox 1863 1332 3454 1397">
     <span class='ocr_line' id='line_1_24' title="bbox 1863 1332 3454 1397; baseline -0.006 -2"><span class='ocrx_word' id='word_1_156' title='bbox 1863 1339 1997 1397; x_wconf 85' lang='lat' dir='ltr'><strong>Nolo</strong></span> <span class='ocrx_word' id='word_1_157' title='bbox 2031 1342 2210 1396; x_wconf 87' lang='lat' dir='ltr'><strong>curari</strong></span> <span class='ocrx_word' id='word_1_158' title='bbox 2241 1357 2269 1395; x_wconf 88' lang='lat' dir='ltr'><strong>a</strong></span> <span class='ocrx_word' id='word_1_159' title='bbox 2303 1351 2389 1397; x_wconf 88' lang='lat' dir='ltr'><strong>te:</strong></span> <span class='ocrx_word' id='word_1_160' title='bbox 2418 1341 2542 1396; x_wconf 89' lang='lat' dir='ltr'><strong>nolo</strong></span> <span class='ocrx_word' id='word_1_161' title='bbox 2573 1355 2790 1395; x_wconf 85' lang='lat' dir='ltr'><strong>sumere</strong></span> <span class='ocrx_word' id='word_1_162' title='bbox 2819 1340 3112 1394; x_wconf 84' lang='lat' dir='ltr'><strong>medicinas</strong></span> <span class='ocrx_word' id='word_1_163' title='bbox 3139 1347 3294 1390; x_wconf 87' lang='lat' dir='ltr'><strong>tuas:</strong></span> <span class='ocrx_word' id='word_1_164' title='bbox 3334 1332 3454 1387; x_wconf 92' lang='lat' dir='ltr'><strong>volo</strong></span> 
     </span>
    </p>
   </div>
   <div class='ocr_carea' id='block_1_25' title="bbox 173 1407 1758 1516">
    <p class='ocr_par' dir='ltr' id='par_1_25' title="bbox 173 1407 1693 1516">
     <span class='ocr_line' id='line_1_25' title="bbox 173 1407 1693 1516; baseline -0.006 -18"><span class='ocrx_word' id='word_1_165' title='bbox 173 1444 452 1516; x_wconf 72' lang='grc' dir='ltr'>Καυστὴρ</span> <span class='ocrx_word' id='word_1_166' title='bbox 482 1445 541 1499; x_wconf 77' lang='grc' dir='ltr'>δὲ</span> <span class='ocrx_word' id='word_1_167' title='bbox 564 1407 669 1498; x_wconf 45' lang='lat'><strong>10&#39;6-</strong></span> <span class='ocrx_word' id='word_1_168' title='bbox 697 1407 870 1514; x_wconf 67' lang='lat' dir='ltr'><strong>‘lqooli</strong></span> <span class='ocrx_word' id='word_1_169' title='bbox 899 1407 1046 1496; x_wconf 58' lang='grc' dir='ltr'>ἐστιν</span> <span class='ocrx_word' id='word_1_170' title='bbox 1088 1440 1117 1492; x_wconf 91' lang='lat'><strong>6</strong></span> <span class='ocrx_word' id='word_1_171' title='bbox 1149 1407 1438 1507; x_wconf 62' lang='grc' dir='ltr'>ὑποφέρων</span> <span class='ocrx_word' id='word_1_172' title='bbox 1468 1407 1693 1506; x_wconf 78' lang='grc' dir='ltr'>ζημίαν.</span> 
     </span>
    </p>
   </div>
   <div class='ocr_carea' id='block_1_26' title="bbox 1863 1407 3453 1516">
    <p class='ocr_par' dir='ltr' id='par_1_26' title="bbox 1865 1407 3453 1503">
     <span class='ocr_line' id='line_1_26' title="bbox 1865 1407 3453 1503; baseline -0.006 -15"><span class='ocrx_word' id='word_1_173' title='bbox 1865 1407 2146 1503; x_wconf 57' lang='grc' dir='ltr'>βυιιεθετί</span> <span class='ocrx_word' id='word_1_174' title='bbox 2204 1433 2258 1486; x_wconf 91' lang='lat' dir='ltr'><strong>in</strong></span> <span class='ocrx_word' id='word_1_175' title='bbox 2325 1434 2464 1488; x_wconf 90' lang='lat' dir='ltr'><strong>meis</strong></span> <span class='ocrx_word' id='word_1_176' title='bbox 2513 1432 2828 1488; x_wconf 80' lang='lat' dir='ltr'><strong>vulneribus</strong></span> <span class='ocrx_word' id='word_1_177' title='bbox 2873 1449 2886 1485; x_wconf 91' lang='lat'><strong>:</strong></span> <span class='ocrx_word' id='word_1_178' title='bbox 2935 1429 3054 1485; x_wconf 87' lang='lat' dir='ltr'><strong>volo</strong></span> <span class='ocrx_word' id='word_1_179' title='bbox 3116 1425 3453 1484; x_wconf 79' lang='lat' dir='ltr'><strong>dzemonibus</strong></span> 
     </span>
    </p>
   </div>
   <div class='ocr_carea' id='block_1_27' title="bbox 172 1519 3454 1601">
    <p class='ocr_par' dir='ltr' id='par_1_27' title="bbox 172 1519 3454 1601">
     <span class='ocr_line' id='line_1_27' title="bbox 172 1519 3454 1601; baseline -0.005 -11"><span class='ocrx_word' id='word_1_180' title='bbox 172 1535 428 1590; x_wconf 70' lang='lat' dir='ltr'><strong>obedire.</strong></span> <span class='ocrx_word' id='word_1_181' title='bbox 461 1534 656 1590; x_wconf 81' lang='lat' dir='ltr'><strong>Nescio</strong></span> <span class='ocrx_word' id='word_1_182' title='bbox 685 1533 988 1589; x_wconf 87' lang='lat' dir='ltr'><strong>Dominum.</strong></span> <span class='ocrx_word' id='word_1_183' title='bbox 1019 1533 1080 1587; x_wconf 84' lang='lat' dir='ltr'><strong>Et</strong></span> <span class='ocrx_word' id='word_1_184' title='bbox 1109 1532 1230 1601; x_wconf 87' lang='lat' dir='ltr'><strong>quis</strong></span> <span class='ocrx_word' id='word_1_185' title='bbox 1260 1531 1348 1584; x_wconf 90' lang='lat' dir='ltr'><strong>ille</strong></span> <span class='ocrx_word' id='word_1_186' title='bbox 1382 1538 1488 1593; x_wconf 89' lang='lat' dir='ltr'><strong>est,</strong></span> <span class='ocrx_word' id='word_1_187' title='bbox 1533 1537 1593 1582; x_wconf 93' lang='lat' dir='ltr'><strong>ut</strong></span> <span class='ocrx_word' id='word_1_188' title='bbox 1636 1526 1887 1581; x_wconf 90' lang='lat' dir='ltr'><strong>obediam</strong></span> <span class='ocrx_word' id='word_1_189' title='bbox 1937 1525 2052 1580; x_wconf 88' lang='lat' dir='ltr'><strong>voci</strong></span> <span class='ocrx_word' id='word_1_190' title='bbox 2096 1523 2294 1594; x_wconf 73' lang='lat' dir='ltr'><strong>ejus&#39;?</strong></span> <span class='ocrx_word' id='word_1_191' title='bbox 2361 1524 2500 1592; x_wconf 85' lang='lat' dir='ltr'><strong>Quid</strong></span> <span class='ocrx_word' id='word_1_192' title='bbox 2577 1538 2707 1596; x_wconf 83' lang='lat' dir='ltr'><strong>ergo</strong></span> <span class='ocrx_word' id='word_1_193' title='bbox 2782 1525 2848 1579; x_wconf 91' lang='lat' dir='ltr'><strong>de</strong></span> <span class='ocrx_word' id='word_1_194' title='bbox 2919 1534 3117 1579; x_wconf 61' lang='lat' dir='ltr'><strong>caetero</strong></span> <span class='ocrx_word' id='word_1_195' title='bbox 3162 1521 3323 1576; x_wconf 85' lang='lat' dir='ltr'><strong>faciet</strong></span> <span class='ocrx_word' id='word_1_196' title='bbox 3358 1519 3454 1574; x_wconf 87' lang='lat' dir='ltr'><strong>Do-</strong></span> 
     </span>
    </p>
   </div>
   <div class='ocr_carea' id='block_1_28' title="bbox 175 1616 3438 1690">
    <p class='ocr_par' dir='ltr' id='par_1_28' title="bbox 175 1616 3438 1690">
     <span class='ocr_line' id='line_1_28' title="bbox 175 1616 3438 1690; baseline -0.003 -10"><span class='ocrx_word' id='word_1_197' title='bbox 175 1627 406 1680; x_wconf 81' lang='lat' dir='ltr'><strong>minus?</strong></span> <span class='ocrx_word' id='word_1_198' title='bbox 459 1625 592 1680; x_wconf 85' lang='lat' dir='ltr'><strong>Cntn</strong></span> <span class='ocrx_word' id='word_1_199' title='bbox 627 1626 699 1682; x_wconf 89' lang='lat' dir='ltr'><strong>sit</strong></span> <span class='ocrx_word' id='word_1_200' title='bbox 730 1627 902 1682; x_wconf 89' lang='lat' dir='ltr'><strong>bonus</strong></span> <span class='ocrx_word' id='word_1_201' title='bbox 945 1623 1208 1678; x_wconf 88' lang='lat' dir='ltr'><strong>Dominus</strong></span> <span class='ocrx_word' id='word_1_202' title='bbox 1252 1631 1437 1677; x_wconf 90' lang='lat' dir='ltr'><strong>noster</strong></span> <span class='ocrx_word' id='word_1_203' title='bbox 1495 1631 1551 1676; x_wconf 90' lang='lat' dir='ltr'><strong>et</strong></span> <span class='ocrx_word' id='word_1_204' title='bbox 1622 1619 1905 1690; x_wconf 88' lang='lat' dir='ltr'><strong>indulgens</strong></span> <span class='ocrx_word' id='word_1_205' title='bbox 1971 1634 2100 1690; x_wconf 89' lang='lat' dir='ltr'><strong>erga</strong></span> <span class='ocrx_word' id='word_1_206' title='bbox 2153 1627 2368 1674; x_wconf 90' lang='lat' dir='ltr'><strong>nostras</strong></span> <span class='ocrx_word' id='word_1_207' title='bbox 2410 1619 2776 1687; x_wconf 82' lang='lat' dir='ltr'><strong>iniquitates:</strong></span> <span class='ocrx_word' id='word_1_208' title='bbox 2821 1618 2970 1672; x_wconf 85' lang='lat' dir='ltr'><strong>dedit</strong></span> <span class='ocrx_word' id='word_1_209' title='bbox 3014 1616 3265 1671; x_wconf 88' lang='lat' dir='ltr'><strong>mandata</strong></span> <span class='ocrx_word' id='word_1_210' title='bbox 3309 1632 3438 1671; x_wconf 88' lang='lat' dir='ltr'><strong>san-</strong></span> 
     </span>
    </p>
   </div>
   <div class='ocr_carea' id='block_1_29' title="bbox 187 1706 3448 1788">
    <p class='ocr_par' dir='ltr' id='par_1_29' title="bbox 187 1706 3448 1788">
     <span class='ocr_line' id='line_1_29' title="bbox 187 1706 3448 1788; baseline -0.002 -17"><span class='ocrx_word' id='word_1_211' title='bbox 187 1727 272 1771; x_wconf 82' lang='lat' dir='ltr'><strong>cta</strong></span> <span class='ocrx_word' id='word_1_212' title='bbox 303 1719 596 1786; x_wconf 85' lang='lat' dir='ltr'><strong>purgautia</strong></span> <span class='ocrx_word' id='word_1_213' title='bbox 639 1717 784 1788; x_wconf 86' lang='lat' dir='ltr'><strong>ipsas</strong></span> <span class='ocrx_word' id='word_1_214' title='bbox 813 1718 987 1771; x_wconf 86' lang='lat' dir='ltr'><strong>instar</strong></span> <span class='ocrx_word' id='word_1_215' title='bbox 1018 1715 1383 1770; x_wconf 88' lang='lat' dir='ltr'><strong>cauteriorum</strong></span> <span class='ocrx_word' id='word_1_216' title='bbox 1426 1724 1478 1768; x_wconf 94' lang='lat' dir='ltr'><strong>et</strong></span> <span class='ocrx_word' id='word_1_217' title='bbox 1507 1713 1944 1783; x_wconf 88' lang='lat' dir='ltr'><strong>pharmaeorum.</strong></span> <span class='ocrx_word' id='word_1_218' title='bbox 2009 1710 2110 1777; x_wconf 84' lang='lat' dir='ltr'><strong>Qui</strong></span> <span class='ocrx_word' id='word_1_219' title='bbox 2141 1725 2273 1781; x_wconf 87' lang='lat' dir='ltr'><strong>ergo</strong></span> <span class='ocrx_word' id='word_1_220' title='bbox 2334 1709 2448 1764; x_wconf 86' lang='lat' dir='ltr'><strong>vult</strong></span> <span class='ocrx_word' id='word_1_221' title='bbox 2478 1718 2533 1766; x_wconf 89' lang='lat' dir='ltr'><strong>et</strong></span> <span class='ocrx_word' id='word_1_222' title='bbox 2595 1706 2872 1766; x_wconf 87' lang='lat' dir='ltr'><strong>desiderat</strong></span> <span class='ocrx_word' id='word_1_223' title='bbox 2919 1710 3124 1773; x_wconf 89' lang='lat' dir='ltr'><strong>curari,</strong></span> <span class='ocrx_word' id='word_1_224' title='bbox 3192 1709 3448 1766; x_wconf 82' lang='lat' dir='ltr'><strong>admittat</strong></span> 
     </span>
    </p>
   </div>
   <div class='ocr_carea' id='block_1_30' title="bbox 173 1800 3454 1878">
    <p class='ocr_par' dir='ltr' id='par_1_30' title="bbox 173 1800 3454 1878">
     <span class='ocr_line' id='line_1_30' title="bbox 173 1800 3454 1878; baseline -0.002 -18"><span class='ocrx_word' id='word_1_225' title='bbox 173 1819 397 1875; x_wconf 78' lang='lat' dir='ltr'><strong>oportet</strong></span> <span class='ocrx_word' id='word_1_226' title='bbox 427 1819 481 1865; x_wconf 90' lang='lat' dir='ltr'><strong>et</strong></span> <span class='ocrx_word' id='word_1_227' title='bbox 521 1811 786 1865; x_wconf 88' lang='lat' dir='ltr'><strong>sustineat</strong></span> <span class='ocrx_word' id='word_1_228' title='bbox 817 1823 1149 1878; x_wconf 65' lang='lat' dir='ltr'><strong>quacunque</strong></span> <span class='ocrx_word' id='word_1_229' title='bbox 1177 1807 1258 1863; x_wconf 86' lang='lat' dir='ltr'><strong>vel</strong></span> <span class='ocrx_word' id='word_1_230' title='bbox 1301 1805 1622 1872; x_wconf 77' lang='lat' dir='ltr'><strong>offeruntur,</strong></span> <span class='ocrx_word' id='word_1_231' title='bbox 1676 1803 1758 1859; x_wconf 89' lang='lat' dir='ltr'><strong>vel</strong></span> <span class='ocrx_word' id='word_1_232' title='bbox 1799 1804 2109 1859; x_wconf 82' lang='lat' dir='ltr'><strong>inferuntur</strong></span> <span class='ocrx_word' id='word_1_233' title='bbox 2130 1804 2180 1858; x_wconf 93' lang='lat' dir='ltr'><strong>ei</strong></span> <span class='ocrx_word' id='word_1_234' title='bbox 2213 1817 2241 1856; x_wconf 90' lang='lat' dir='ltr'><strong>a</strong></span> <span class='ocrx_word' id='word_1_235' title='bbox 2281 1802 2514 1869; x_wconf 84' lang='lat' dir='ltr'><strong>medico,</strong></span> <span class='ocrx_word' id='word_1_236' title='bbox 2587 1804 2873 1870; x_wconf 88' lang='lat' dir='ltr'><strong>sustineat,</strong></span> <span class='ocrx_word' id='word_1_237' title='bbox 2910 1800 3153 1875; x_wconf 89' lang='lat' dir='ltr'><strong>inquam,</strong></span> <span class='ocrx_word' id='word_1_238' title='bbox 3188 1816 3312 1856; x_wconf 90' lang='lat' dir='ltr'><strong>eum</strong></span> <span class='ocrx_word' id='word_1_239' title='bbox 3358 1816 3454 1871; x_wconf 86' lang='lat' dir='ltr'><strong>pa-</strong></span> 
     </span>
    </p>
   </div>
   <div class='ocr_carea' id='block_1_31' title="bbox 175 1891 3444 1965">
    <p class='ocr_par' dir='ltr' id='par_1_31' title="bbox 175 1891 3444 1965">
     <span class='ocr_line' id='line_1_31' title="bbox 175 1891 3444 1965; baseline -0.003 -13"><span class='ocrx_word' id='word_1_240' title='bbox 175 1900 365 1953; x_wconf 87' lang='lat' dir='ltr'><strong>tientia</strong></span> <span class='ocrx_word' id='word_1_241' title='bbox 398 1899 605 1957; x_wconf 88' lang='lat' dir='ltr'><strong>doloris</strong></span> <span class='ocrx_word' id='word_1_242' title='bbox 661 1912 870 1956; x_wconf 85' lang='lat' dir='ltr'><strong>etcum</strong></span> <span class='ocrx_word' id='word_1_243' title='bbox 902 1899 1138 1954; x_wconf 86' lang='lat' dir='ltr'><strong>silentio.</strong></span> <span class='ocrx_word' id='word_1_244' title='bbox 1189 1895 1327 1952; x_wconf 87' lang='lat' dir='ltr'><strong>Nam</strong></span> <span class='ocrx_word' id='word_1_245' title='bbox 1367 1911 1468 1952; x_wconf 85' lang='lat' dir='ltr'><strong>nec</strong></span> <span class='ocrx_word' id='word_1_246' title='bbox 1530 1896 1622 1965; x_wconf 90' lang='lat' dir='ltr'><strong>qui</strong></span> <span class='ocrx_word' id='word_1_247' title='bbox 1691 1903 1919 1962; x_wconf 69' lang='lat' dir='ltr'><strong>aegrotat</strong></span> <span class='ocrx_word' id='word_1_248' title='bbox 1964 1906 2214 1961; x_wconf 89' lang='lat' dir='ltr'><strong>corpore,</strong></span> <span class='ocrx_word' id='word_1_249' title='bbox 2252 1892 2550 1961; x_wconf 83' lang='lat' dir='ltr'><strong>jucundum</strong></span> <span class='ocrx_word' id='word_1_250' title='bbox 2612 1894 2912 1962; x_wconf 79' lang='lat' dir='ltr'><strong>experitur,</strong></span> <span class='ocrx_word' id='word_1_251' title='bbox 2974 1892 3174 1955; x_wconf 85' lang='lat' dir='ltr'><strong>secari,</strong></span> <span class='ocrx_word' id='word_1_252' title='bbox 3230 1891 3333 1956; x_wconf 88' lang='lat' dir='ltr'><strong>uri,</strong></span> <span class='ocrx_word' id='word_1_253' title='bbox 3387 1901 3444 1944; x_wconf 90' lang='lat' dir='ltr'><strong>et</strong></span> 
     </span>
    </p>
   </div>
   <div class='ocr_carea' id='block_1_32' title="bbox 174 1983 3453 2062">
    <p class='ocr_par' dir='ltr' id='par_1_32' title="bbox 174 1983 3453 2062">
     <span class='ocr_line' id='line_1_32' title="bbox 174 1983 3453 2062; baseline -0.002 -20"><span class='ocrx_word' id='word_1_254' title='bbox 174 1993 402 2046; x_wconf 79' lang='lat' dir='ltr'><strong>sorbere</strong></span> <span class='ocrx_word' id='word_1_255' title='bbox 432 2006 650 2046; x_wconf 84' lang='lat' dir='ltr'><strong>amaras</strong></span> <span class='ocrx_word' id='word_1_256' title='bbox 681 1992 959 2062; x_wconf 87' lang='lat' dir='ltr'><strong>p0tiones;</strong></span> <span class='ocrx_word' id='word_1_257' title='bbox 1001 2001 1180 2045; x_wconf 89' lang='lat' dir='ltr'><strong>tamen</strong></span> <span class='ocrx_word' id='word_1_258' title='bbox 1208 1988 1430 2044; x_wconf 85' lang='lat' dir='ltr'><strong>cohibet</strong></span> <span class='ocrx_word' id='word_1_259' title='bbox 1457 2001 1537 2051; x_wconf 81' lang='lat' dir='ltr'><strong>se,</strong></span> <span class='ocrx_word' id='word_1_260' title='bbox 1569 2000 1635 2040; x_wconf 84' lang='lat' dir='ltr'><strong>ac</strong></span> <span class='ocrx_word' id='word_1_261' title='bbox 1663 1985 1763 2040; x_wconf 85' lang='lat' dir='ltr'><strong>sibi</strong></span> <span class='ocrx_word' id='word_1_262' title='bbox 1803 1985 2094 2054; x_wconf 85' lang='lat' dir='ltr'><strong>persuadet</strong></span> <span class='ocrx_word' id='word_1_263' title='bbox 2167 1983 2504 2040; x_wconf 86' lang='lat' dir='ltr'><strong>tolerantiam</strong></span> <span class='ocrx_word' id='word_1_264' title='bbox 2585 1985 2771 2040; x_wconf 91' lang='lat' dir='ltr'><strong>talium</strong></span> <span class='ocrx_word' id='word_1_265' title='bbox 2810 1985 3196 2045; x_wconf 87' lang='lat' dir='ltr'><strong>acerbitatum,</strong></span> <span class='ocrx_word' id='word_1_266' title='bbox 3245 1984 3453 2052; x_wconf 82' lang='lat' dir='ltr'><strong>absque</strong></span> 
     </span>
    </p>
   </div>
   <div class='ocr_carea' id='block_1_33' title="bbox 175 2076 3455 2152">
    <p class='ocr_par' dir='ltr' id='par_1_33' title="bbox 175 2076 3455 2152">
     <span class='ocr_line' id='line_1_33' title="bbox 175 2076 3455 2152; baseline -0 -20"><span class='ocrx_word' id='word_1_267' title='bbox 175 2078 262 2132; x_wconf 88' lang='lat' dir='ltr'><strong>bis</strong></span> <span class='ocrx_word' id='word_1_268' title='bbox 292 2082 495 2146; x_wconf 87' lang='lat' dir='ltr'><strong>sciens,</strong></span> <span class='ocrx_word' id='word_1_269' title='bbox 536 2081 680 2135; x_wconf 88' lang='lat' dir='ltr'><strong>haud</strong></span> <span class='ocrx_word' id='word_1_270' title='bbox 747 2097 804 2137; x_wconf 90' lang='lat' dir='ltr'><strong>se</strong></span> <span class='ocrx_word' id='word_1_271' title='bbox 864 2095 1024 2152; x_wconf 86' lang='lat' dir='ltr'><strong>posse</strong></span> <span class='ocrx_word' id='word_1_272' title='bbox 1067 2080 1353 2136; x_wconf 88' lang='lat' dir='ltr'><strong>liberaria</strong></span> <span class='ocrx_word' id='word_1_273' title='bbox 1393 2079 1672 2149; x_wconf 81' lang='lat' dir='ltr'><strong>languore,</strong></span> <span class='ocrx_word' id='word_1_274' title='bbox 1742 2077 1998 2145; x_wconf 88' lang='lat' dir='ltr'><strong>quocirca</strong></span> <span class='ocrx_word' id='word_1_275' title='bbox 2056 2086 2224 2132; x_wconf 88' lang='lat' dir='ltr'><strong>totum</strong></span> <span class='ocrx_word' id='word_1_276' title='bbox 2279 2091 2339 2130; x_wconf 86' lang='lat' dir='ltr'><strong>se</strong></span> <span class='ocrx_word' id='word_1_277' title='bbox 2396 2076 2665 2146; x_wconf 86' lang='lat' dir='ltr'><strong>permittit</strong></span> <span class='ocrx_word' id='word_1_278' title='bbox 2733 2076 2984 2144; x_wconf 85' lang='lat' dir='ltr'><strong>medico;</strong></span> <span class='ocrx_word' id='word_1_279' title='bbox 3056 2090 3293 2144; x_wconf 79' lang='lat' dir='ltr'><strong>gnarus,</strong></span> <span class='ocrx_word' id='word_1_280' title='bbox 3357 2091 3455 2146; x_wconf 87' lang='lat' dir='ltr'><strong>per</strong></span> 
     </span>
    </p>
   </div>
   <div class='ocr_carea' id='block_1_34' title="bbox 177 2167 3458 2243">
    <p class='ocr_par' dir='ltr' id='par_1_34' title="bbox 177 2167 3458 2243">
     <span class='ocr_line' id='line_1_34' title="bbox 177 2167 3458 2243; baseline -0.001 -21"><span class='ocrx_word' id='word_1_281' title='bbox 177 2171 337 2226; x_wconf 81' lang='lat' dir='ltr'><strong>istam</strong></span> <span class='ocrx_word' id='word_1_282' title='bbox 379 2173 650 2229; x_wconf 77' lang='lat' dir='ltr'><strong>modicam</strong></span> <span class='ocrx_word' id='word_1_283' title='bbox 693 2173 994 2228; x_wconf 84' lang='lat' dir='ltr'><strong>molestiam</strong></span> <span class='ocrx_word' id='word_1_284' title='bbox 1024 2171 1311 2243; x_wconf 75' lang='lat' dir='ltr'><strong>expulsum</strong></span> <span class='ocrx_word' id='word_1_285' title='bbox 1392 2170 1458 2224; x_wconf 89' lang='lat' dir='ltr'><strong>iri</strong></span> <span class='ocrx_word' id='word_1_286' title='bbox 1502 2185 1532 2223; x_wconf 88' lang='lat' dir='ltr'><strong>a</strong></span> <span class='ocrx_word' id='word_1_287' title='bbox 1598 2183 1660 2224; x_wconf 89' lang='lat' dir='ltr'><strong>se</strong></span> <span class='ocrx_word' id='word_1_288' title='bbox 1731 2179 2049 2237; x_wconf 88' lang='lat' dir='ltr'><strong>conceptum</strong></span> <span class='ocrx_word' id='word_1_289' title='bbox 2131 2169 2430 2224; x_wconf 86' lang='lat' dir='ltr'><strong>visceribus</strong></span> <span class='ocrx_word' id='word_1_290' title='bbox 2474 2183 2580 2238; x_wconf 90' lang='lat' dir='ltr'><strong>quo</strong></span> <span class='ocrx_word' id='word_1_291' title='bbox 2626 2169 2766 2224; x_wconf 87' lang='lat' dir='ltr'><strong>male</strong></span> <span class='ocrx_word' id='word_1_292' title='bbox 2831 2177 3115 2238; x_wconf 87' lang='lat' dir='ltr'><strong>torquetur</strong></span> <span class='ocrx_word' id='word_1_293' title='bbox 3162 2167 3347 2232; x_wconf 85' lang='lat' dir='ltr'><strong>virus,</strong></span> <span class='ocrx_word' id='word_1_294' title='bbox 3398 2174 3458 2221; x_wconf 91' lang='lat' dir='ltr'><strong>et</strong></span> 
     </span>
    </p>
   </div>
   <div class='ocr_carea' id='block_1_35' title="bbox 174 2263 3448 2336">
    <p class='ocr_par' dir='ltr' id='par_1_35' title="bbox 174 2263 3448 2336">
     <span class='ocr_line' id='line_1_35' title="bbox 174 2263 3448 2336; baseline -0 -17"><span class='ocrx_word' id='word_1_295' title='bbox 174 2265 494 2322; x_wconf 84' lang='lat' dir='ltr'><strong>diuturnam</strong></span> <span class='ocrx_word' id='word_1_296' title='bbox 521 2283 629 2336; x_wconf 91' lang='lat' dir='ltr'><strong>qua</strong></span> <span class='ocrx_word' id='word_1_297' title='bbox 679 2267 880 2324; x_wconf 89' lang='lat' dir='ltr'><strong>sensim</strong></span> <span class='ocrx_word' id='word_1_298' title='bbox 954 2267 1254 2323; x_wconf 77' lang='lat' dir='ltr'><strong>absumitur</strong></span> <span class='ocrx_word' id='word_1_299' title='bbox 1330 2265 1705 2336; x_wconf 70' lang='lat' dir='ltr'><strong>mgritudinem</strong></span> <span class='ocrx_word' id='word_1_300' title='bbox 1738 2265 2139 2320; x_wconf 78' lang='lat' dir='ltr'><strong>excutiendam.</strong></span> <span class='ocrx_word' id='word_1_301' title='bbox 2182 2263 2488 2336; x_wconf 79' lang='lat' dir='ltr'><strong>Chirurgus</strong></span> <span class='ocrx_word' id='word_1_302' title='bbox 2530 2273 2708 2322; x_wconf 86' lang='lat' dir='ltr'><strong>autem</strong></span> <span class='ocrx_word' id='word_1_303' title='bbox 2777 2268 2970 2321; x_wconf 72' lang='lat' dir='ltr'><strong>secans</strong></span> <span class='ocrx_word' id='word_1_304' title='bbox 3035 2278 3306 2333; x_wconf 87' lang='lat' dir='ltr'><strong>urensque</strong></span> <span class='ocrx_word' id='word_1_305' title='bbox 3344 2264 3448 2318; x_wconf 82' lang='lat' dir='ltr'><strong>Do-</strong></span> 
     </span>
    </p>
   </div>
   <div class='ocr_carea' id='block_1_36' title="bbox 177 2356 1538 2427">
    <p class='ocr_par' dir='ltr' id='par_1_36' title="bbox 177 2356 1538 2427">
     <span class='ocr_line' id='line_1_36' title="bbox 177 2356 1538 2427; baseline 0.001 -17"><span class='ocrx_word' id='word_1_306' title='bbox 177 2359 311 2412; x_wconf 88' lang='lat' dir='ltr'><strong>mini</strong></span> <span class='ocrx_word' id='word_1_307' title='bbox 339 2356 470 2412; x_wconf 85' lang='lat' dir='ltr'><strong>Jesu</strong></span> <span class='ocrx_word' id='word_1_308' title='bbox 499 2366 605 2423; x_wconf 89' lang='lat' dir='ltr'><strong>est,</strong></span> <span class='ocrx_word' id='word_1_309' title='bbox 637 2359 740 2414; x_wconf 90' lang='lat' dir='ltr'><strong>iste</strong></span> <span class='ocrx_word' id='word_1_310' title='bbox 765 2358 944 2413; x_wconf 90' lang='lat' dir='ltr'><strong>damni</strong></span> <span class='ocrx_word' id='word_1_311' title='bbox 979 2368 1073 2412; x_wconf 89' lang='lat' dir='ltr'><strong>aut</strong></span> <span class='ocrx_word' id='word_1_312' title='bbox 1103 2358 1312 2427; x_wconf 73' lang='lat' dir='ltr'><strong>injuriae</strong></span> <span class='ocrx_word' id='word_1_313' title='bbox 1338 2357 1538 2412; x_wconf 79' lang='lat' dir='ltr'><strong>illator.</strong></span> 
     </span>
    </p>
   </div>
   <div class='ocr_carea' id='block_1_37' title="bbox 247 2450 1834 2524">
    <p class='ocr_par' dir='ltr' id='par_1_37' title="bbox 247 2450 1834 2524">
     <span class='ocr_line' id='line_1_37' title="bbox 247 2450 1834 2524; baseline 0 -21"><span class='ocrx_word' id='word_1_314' title='bbox 247 2454 322 2506; x_wconf 80' lang='lat' dir='ltr'><strong>A&#39;.</strong></span> <span class='ocrx_word' id='word_1_315' title='bbox 365 2453 480 2505; x_wconf 79' lang='grc' dir='ltr'><strong>Καὶ</strong></span> <span class='ocrx_word' id='word_1_316' title='bbox 532 2452 752 2521; x_wconf 65' lang='grc' dir='ltr'>ἔλεγεν·</span> <span class='ocrx_word' id='word_1_317' title='bbox 807 2454 1055 2524; x_wconf 79' lang='grc' dir='ltr'>Ἀπαρον</span> <span class='ocrx_word' id='word_1_318' title='bbox 1102 2455 1227 2516; x_wconf 83' lang='grc' dir='ltr'>τοὺς</span> <span class='ocrx_word' id='word_1_319' title='bbox 1271 2451 1615 2524; x_wconf 79' lang='grc' dir='ltr'>πειρασμοὺς</span> <span class='ocrx_word' id='word_1_320' title='bbox 1669 2450 1761 2504; x_wconf 72' lang='grc' dir='ltr'>καὶ</span> <span class='ocrx_word' id='word_1_321' title='bbox 1796 2463 1834 2516; x_wconf 80' lang='grc' dir='ltr'><strong>Β</strong></span> 
     </span>
    </p>
   </div>
   <div class='ocr_carea' id='block_1_38' title="bbox 175 2541 1760 2614">
    <p class='ocr_par' dir='ltr' id='par_1_38' title="bbox 175 2541 1760 2614">
     <span class='ocr_line' id='line_1_38' title="bbox 175 2541 1760 2614; baseline -0.001 -20"><span class='ocrx_word' id='word_1_322' title='bbox 175 2543 475 2614; x_wconf 68' lang='grc' dir='ltr'>ἳοτισμοῦς</span> <span class='ocrx_word' id='word_1_323' title='bbox 502 2583 517 2607; x_wconf 89' lang='grc'><strong>,</strong></span> <span class='ocrx_word' id='word_1_324' title='bbox 569 2545 663 2596; x_wconf 76' lang='grc' dir='ltr'>καὶ</span> <span class='ocrx_word' id='word_1_325' title='bbox 705 2545 879 2608; x_wconf 76' lang='grc' dir='ltr'>οὐδεὶς</span> <span class='ocrx_word' id='word_1_326' title='bbox 909 2544 1082 2613; x_wconf 75' lang='grc' dir='ltr'>ἅγιος·</span> <span class='ocrx_word' id='word_1_327' title='bbox 1120 2545 1149 2595; x_wconf 88' lang='lat'><strong>6</strong></span> <span class='ocrx_word' id='word_1_328' title='bbox 1206 2544 1423 2610; x_wconf 65' lang='grc' dir='ltr'>φεύγων</span> <span class='ocrx_word' id='word_1_329' title='bbox 1455 2541 1760 2612; x_wconf 77' lang='grc' dir='ltr'>πειρασμὸν</span> 
     </span>
    </p>
   </div>
   <div class='ocr_carea' id='block_1_39' title="bbox 176 2629 1760 2704">
    <p class='ocr_par' dir='ltr' id='par_1_39' title="bbox 176 2629 1760 2704">
     <span class='ocr_line' id='line_1_39' title="bbox 176 2629 1760 2704; baseline 0.01 -24"><span class='ocrx_word' id='word_1_330' title='bbox 176 2629 435 2700; x_wconf 74' lang='grc' dir='ltr'>ὲπωφελῆ</span> <span class='ocrx_word' id='word_1_331' title='bbox 461 2671 474 2693; x_wconf 90' lang='grc'><strong>,</strong></span> <span class='ocrx_word' id='word_1_332' title='bbox 509 2633 700 2700; x_wconf 76' lang='grc' dir='ltr'>φεύγει</span> <span class='ocrx_word' id='word_1_333' title='bbox 731 2633 878 2704; x_wconf 77' lang='grc' dir='ltr'>ζωὴν</span> <span class='ocrx_word' id='word_1_334' title='bbox 927 2635 1164 2688; x_wconf 78' lang='grc' dir='ltr'>αἰώνιον·</span> <span class='ocrx_word' id='word_1_335' title='bbox 1217 2630 1350 2686; x_wconf 64' lang='lat' dir='ltr'><strong>Elis:</strong></span> <span class='ocrx_word' id='word_1_336' title='bbox 1387 2633 1494 2703; x_wconf 76' lang='grc' dir='ltr'><strong>γάρ</strong></span> <span class='ocrx_word' id='word_1_337' title='bbox 1544 2648 1627 2694; x_wconf 82' lang='grc' dir='ltr'><strong>τις</strong></span> <span class='ocrx_word' id='word_1_338' title='bbox 1654 2633 1760 2685; x_wconf 78' lang='grc' dir='ltr'>τῶν</span> 
     </span>
    </p>
   </div>
   <div class='ocr_carea' id='block_1_40' title="bbox 202 2720 1759 2793">
    <p class='ocr_par' dir='ltr' id='par_1_40' title="bbox 202 2720 1759 2793">
     <span class='ocr_line' id='line_1_40' title="bbox 202 2720 1759 2793; baseline 0.003 -21"><span class='ocrx_word' id='word_1_339' title='bbox 202 2720 396 2787; x_wconf 79' lang='grc' dir='ltr'>ἁγίων·</span> <span class='ocrx_word' id='word_1_340' title='bbox 464 2721 562 2784; x_wconf 90' lang='grc' dir='ltr'><strong>Τίς</strong></span> <span class='ocrx_word' id='word_1_341' title='bbox 596 2722 926 2791; x_wconf 80' lang='grc' dir='ltr'>προεξὲνησε</span> <span class='ocrx_word' id='word_1_342' title='bbox 975 2727 1088 2786; x_wconf 84' lang='grc' dir='ltr'>τοῖς</span> <span class='ocrx_word' id='word_1_343' title='bbox 1132 2724 1310 2791; x_wconf 79' lang='grc' dir='ltr'>ἁγίοις</span> <span class='ocrx_word' id='word_1_344' title='bbox 1360 2724 1596 2793; x_wconf 81' lang='grc' dir='ltr'>μάρτυσι</span> <span class='ocrx_word' id='word_1_345' title='bbox 1633 2726 1759 2784; x_wconf 77' lang='grc' dir='ltr'>τοὺς</span> 
     </span>
    </p>
   </div>
   <div class='ocr_carea' id='block_1_41' title="bbox 177 2813 1757 2886">
    <p class='ocr_par' dir='ltr' id='par_1_41' title="bbox 177 2813 1757 2886">
     <span class='ocr_line' id='line_1_41' title="bbox 177 2813 1757 2886; baseline 0.003 -23"><span class='ocrx_word' id='word_1_346' title='bbox 177 2814 480 2880; x_wconf 79' lang='grc' dir='ltr'>στεφάνους</span> <span class='ocrx_word' id='word_1_347' title='bbox 530 2813 802 2878; x_wconf 76' lang='grc' dir='ltr'>ἐκείνους,</span> <span class='ocrx_word' id='word_1_348' title='bbox 851 2815 899 2867; x_wconf 85' lang='grc' dir='ltr'>εἰ</span> <span class='ocrx_word' id='word_1_349' title='bbox 933 2815 1008 2886; x_wconf 85' lang='grc' dir='ltr'>μὴ</span> <span class='ocrx_word' id='word_1_350' title='bbox 1041 2817 1089 2867; x_wconf 82' lang='grc' dir='ltr'>οἱ</span> <span class='ocrx_word' id='word_1_351' title='bbox 1134 2815 1490 2884; x_wconf 78' lang='grc' dir='ltr'><strong>ἀδικήσαντες</strong></span> <span class='ocrx_word' id='word_1_352' title='bbox 1519 2815 1757 2879; x_wconf 84' lang='grc' dir='ltr'>αύτούς;</span> 
     </span>
    </p>
   </div>
   <div class='ocr_carea' id='block_1_42' title="bbox 176 2903 1760 2976">
    <p class='ocr_par' dir='ltr' id='par_1_42' title="bbox 176 2903 1760 2976">
     <span class='ocr_line' id='line_1_42' title="bbox 176 2903 1760 2976; baseline 0.005 -22"><span class='ocrx_word' id='word_1_353' title='bbox 176 2903 272 2966; x_wconf 78' lang='grc' dir='ltr'>Τίς</span> <span class='ocrx_word' id='word_1_354' title='bbox 301 2904 619 2973; x_wconf 78' lang='grc' dir='ltr'>ἐδωρήσατο</span> <span class='ocrx_word' id='word_1_355' title='bbox 666 2905 742 2975; x_wconf 84' lang='grc' dir='ltr'>τῷ</span> <span class='ocrx_word' id='word_1_356' title='bbox 783 2906 922 2975; x_wconf 84' lang='grc' dir='ltr'>ἁγίῳ</span> <span class='ocrx_word' id='word_1_357' title='bbox 973 2908 1232 2976; x_wconf 81' lang='grc' dir='ltr'><strong>Στεφάνῳ</strong></span> <span class='ocrx_word' id='word_1_358' title='bbox 1280 2908 1535 2972; x_wconf 78' lang='grc' dir='ltr'><strong>τοιαύτην</strong></span> <span class='ocrx_word' id='word_1_359' title='bbox 1603 2906 1760 2973; x_wconf 80' lang='grc' dir='ltr'>δόξαν</span> 
     </span>
    </p>
   </div>
   <div class='ocr_carea' id='block_1_43' title="bbox 177 2995 1757 3071">
    <p class='ocr_par' dir='ltr' id='par_1_43' title="bbox 177 2995 1757 3071">
     <span class='ocr_line' id='line_1_43' title="bbox 177 2995 1757 3071; baseline 0.004 -26"><span class='ocrx_word' id='word_1_360' title='bbox 177 2995 243 3062; x_wconf 80' lang='grc' dir='ltr'>ἦν</span> <span class='ocrx_word' id='word_1_361' title='bbox 263 2995 546 3066; x_wconf 72' lang='grc' dir='ltr'>ἐποίησεν,</span> <span class='ocrx_word' id='word_1_362' title='bbox 579 2997 628 3048; x_wconf 84' lang='grc' dir='ltr'>εἰ</span> <span class='ocrx_word' id='word_1_363' title='bbox 672 2999 749 3068; x_wconf 83' lang='grc' dir='ltr'>μὴ</span> <span class='ocrx_word' id='word_1_364' title='bbox 783 3000 832 3050; x_wconf 75' lang='grc' dir='ltr'>οἱ</span> <span class='ocrx_word' id='word_1_365' title='bbox 868 2997 1186 3062; x_wconf 80' lang='grc' dir='ltr'>λιθάσαντες</span> <span class='ocrx_word' id='word_1_366' title='bbox 1220 3000 1422 3064; x_wconf 75' lang='grc' dir='ltr'>αύτόνε,</span> <span class='ocrx_word' id='word_1_367' title='bbox 1456 2999 1564 3052; x_wconf 69' lang='grc' dir='ltr'><strong>Καὶ</strong></span> <span class='ocrx_word' id='word_1_368' title='bbox 1620 3017 1757 3071; x_wconf 67' lang='grc' dir='ltr'>προσ</span> 
     </span>
    </p>
   </div>
   <div class='ocr_carea' id='block_1_44' title="bbox 175 3085 1759 3160">
    <p class='ocr_par' dir='ltr' id='par_1_44' title="bbox 175 3085 1759 3160">
     <span class='ocr_line' id='line_1_44' title="bbox 175 3085 1759 3160; baseline 0.003 -21"><span class='ocrx_word' id='word_1_369' title='bbox 175 3085 374 3158; x_wconf 69' lang='grc' dir='ltr'>ἐφερεν</span> <span class='ocrx_word' id='word_1_370' title='bbox 422 3086 510 3140; x_wconf 70' lang='grc' dir='ltr'>ἀεὶ</span> <span class='ocrx_word' id='word_1_371' title='bbox 543 3087 640 3156; x_wconf 74' lang='grc' dir='ltr'>τὴν</span> <span class='ocrx_word' id='word_1_372' title='bbox 670 3087 865 3158; x_wconf 77' lang='grc' dir='ltr'>χρῆσιν</span> <span class='ocrx_word' id='word_1_373' title='bbox 896 3088 986 3140; x_wconf 78' lang='grc' dir='ltr'>τοῦ</span> <span class='ocrx_word' id='word_1_374' title='bbox 1010 3090 1188 3156; x_wconf 82' lang='grc' dir='ltr'>ἁγίου,</span> <span class='ocrx_word' id='word_1_375' title='bbox 1214 3091 1294 3143; x_wconf 86' lang='grc' dir='ltr'>ὃτι</span> <span class='ocrx_word' id='word_1_376' title='bbox 1334 3088 1474 3158; x_wconf 78' lang='grc' dir='ltr'><strong>Ἐγὼ</strong></span> <span class='ocrx_word' id='word_1_377' title='bbox 1499 3090 1624 3152; x_wconf 78' lang='grc' dir='ltr'>τοὺς</span> <span class='ocrx_word' id='word_1_378' title='bbox 1660 3091 1759 3160; x_wconf 79' lang='grc' dir='ltr'><strong>ἐμὲ</strong></span> 
     </span>
    </p>
   </div>
   <div class='ocr_carea' id='block_1_45' title="bbox 179 3179 1758 3251">
    <p class='ocr_par' dir='ltr' id='par_1_45' title="bbox 179 3179 1758 3251">
     <span class='ocr_line' id='line_1_45' title="bbox 179 3179 1758 3251; baseline 0.002 -20"><span class='ocrx_word' id='word_1_379' title='bbox 179 3179 621 3251; x_wconf 82' lang='grc' dir='ltr'>κατηγοροῦντας</span> <span class='ocrx_word' id='word_1_380' title='bbox 673 3180 773 3232; x_wconf 85' lang='grc' dir='ltr'>οὐκ</span> <span class='ocrx_word' id='word_1_381' title='bbox 797 3179 1093 3250; x_wconf 83' lang='grc' dir='ltr'>αἰτιῶμαι,</span> <span class='ocrx_word' id='word_1_382' title='bbox 1141 3181 1276 3234; x_wconf 87' lang='grc' dir='ltr'><strong>ἀλλά</strong></span> <span class='ocrx_word' id='word_1_383' title='bbox 1327 3184 1420 3234; x_wconf 71' lang='grc' dir='ltr'>καὶ</span> <span class='ocrx_word' id='word_1_384' title='bbox 1465 3182 1758 3250; x_wconf 81' lang='grc' dir='ltr'>εὐεργέτας</span> 
     </span>
    </p>
   </div>
   <div class='ocr_carea' id='block_1_46' title="bbox 176 3272 1758 3344">
    <p class='ocr_par' dir='ltr' id='par_1_46' title="bbox 176 3272 1758 3344">
     <span class='ocr_line' id='line_1_46' title="bbox 176 3272 1758 3344; baseline 0.001 -18"><span class='ocrx_word' id='word_1_385' title='bbox 176 3273 325 3327; x_wconf 84' lang='grc' dir='ltr'>καλῶ</span> <span class='ocrx_word' id='word_1_386' title='bbox 348 3275 448 3327; x_wconf 74' lang='grc' dir='ltr'>καὶ</span> <span class='ocrx_word' id='word_1_387' title='bbox 480 3272 589 3343; x_wconf 69' lang='grc' dir='ltr'><strong>ἔχω</strong></span> <span class='ocrx_word' id='word_1_388' title='bbox 622 3273 810 3344; x_wconf 76' lang='grc' dir='ltr'>ἐμούςο</span> <span class='ocrx_word' id='word_1_389' title='bbox 837 3275 934 3343; x_wconf 31' lang='grc' dir='ltr'>,καὶ</span> <span class='ocrx_word' id='word_1_390' title='bbox 963 3274 1064 3327; x_wconf 82' lang='grc' dir='ltr'>οὐκ</span> <span class='ocrx_word' id='word_1_391' title='bbox 1090 3274 1420 3344; x_wconf 81' lang='grc' dir='ltr'>ἀπωθοῦμαι</span> <span class='ocrx_word' id='word_1_392' title='bbox 1453 3275 1545 3328; x_wconf 80' lang='grc' dir='ltr'>τὸν</span> <span class='ocrx_word' id='word_1_393' title='bbox 1576 3275 1758 3344; x_wconf 67' lang='grc' dir='ltr'>ἰατρὸν</span> 
     </span>
    </p>
   </div>
   <div class='ocr_carea' id='block_1_47' title="bbox 175 3364 1759 3439">
    <p class='ocr_par' dir='ltr' id='par_1_47' title="bbox 175 3364 1759 3439">
     <span class='ocr_line' id='line_1_47' title="bbox 175 3364 1759 3439; baseline 0.003 -23"><span class='ocrx_word' id='word_1_394' title='bbox 175 3365 282 3418; x_wconf 83' lang='grc' dir='ltr'><strong>τῶν</strong></span> <span class='ocrx_word' id='word_1_395' title='bbox 313 3364 504 3435; x_wconf 73' lang='grc' dir='ltr'>ψυχῶν</span> <span class='ocrx_word' id='word_1_396' title='bbox 532 3365 823 3436; x_wconf 80' lang='grc' dir='ltr'>φάρμακον</span> <span class='ocrx_word' id='word_1_397' title='bbox 857 3365 1079 3436; x_wconf 83' lang='grc' dir='ltr'>ἀτιμίας</span> <span class='ocrx_word' id='word_1_398' title='bbox 1109 3366 1454 3436; x_wconf 82' lang='grc' dir='ltr'>προσάγοντα</span> <span class='ocrx_word' id='word_1_399' title='bbox 1499 3368 1759 3439; x_wconf 80' lang='grc' dir='ltr'>κενοδόξῳ</span> 
     </span>
    </p>
   </div>
   <div class='ocr_carea' id='block_1_48' title="bbox 175 3457 1753 3531">
    <p class='ocr_par' dir='ltr' id='par_1_48' title="bbox 175 3457 1753 3531">
     <span class='ocr_line' id='line_1_48' title="bbox 175 3457 1753 3531; baseline 0.002 -22"><span class='ocrx_word' id='word_1_400' title='bbox 175 3457 344 3528; x_wconf 73' lang='grc' dir='ltr'>ψυχῇ·</span> <span class='ocrx_word' id='word_1_401' title='bbox 373 3457 472 3510; x_wconf 76' lang='grc' dir='ltr'>καὶ</span> <span class='ocrx_word' id='word_1_402' title='bbox 492 3457 707 3512; x_wconf 77' lang='grc' dir='ltr'>δέδοικα</span> <span class='ocrx_word' id='word_1_403' title='bbox 733 3459 806 3528; x_wconf 85' lang='grc' dir='ltr'>μή</span> <span class='ocrx_word' id='word_1_404' title='bbox 839 3475 969 3511; x_wconf 88' lang='grc' dir='ltr'>ποτε</span> <span class='ocrx_word' id='word_1_405' title='bbox 1000 3459 1094 3511; x_wconf 72' lang='grc' dir='ltr'>καὶ</span> <span class='ocrx_word' id='word_1_406' title='bbox 1121 3458 1249 3530; x_wconf 81' lang='grc' dir='ltr'>περὶ</span> <span class='ocrx_word' id='word_1_407' title='bbox 1271 3459 1372 3529; x_wconf 74' lang='grc' dir='ltr'>τῆς</span> <span class='ocrx_word' id='word_1_408' title='bbox 1399 3459 1578 3530; x_wconf 72' lang='grc' dir='ltr'>ψυχῆς</span> <span class='ocrx_word' id='word_1_409' title='bbox 1603 3461 1753 3531; x_wconf 78' lang='grc' dir='ltr'>εἴπῃ·</span> 
     </span>
    </p>
   </div>
   <div class='ocr_carea' id='block_1_49' title="bbox 177 3547 1758 3616">
    <p class='ocr_par' dir='ltr' id='par_1_49' title="bbox 177 3547 1758 3616">
     <span class='ocr_line' id='line_1_49' title="bbox 177 3547 1758 3616; baseline 0.001 -15"><span class='ocrx_word' id='word_1_410' title='bbox 177 3547 604 3616; x_wconf 75' lang='grc' dir='ltr'>ἰατρεύσαμεν</span> <span class='ocrx_word' id='word_1_411' title='bbox 644 3548 760 3614; x_wconf 72' lang='grc' dir='ltr'><strong>τὴν</strong></span> <span class='ocrx_word' id='word_1_412' title='bbox 801 3547 1152 3613; x_wconf 81' lang='grc' dir='ltr'>Βαϐυλῶνα,</span> <span class='ocrx_word' id='word_1_413' title='bbox 1187 3549 1286 3602; x_wconf 75' lang='grc' dir='ltr'>καὶ</span> <span class='ocrx_word' id='word_1_414' title='bbox 1320 3551 1432 3603; x_wconf 78' lang='grc' dir='ltr'>οὐκ</span> <span class='ocrx_word' id='word_1_415' title='bbox 1465 3549 1618 3616; x_wconf 78' lang='grc' dir='ltr'><strong>ἰάθη·</strong></span> <span class='ocrx_word' id='word_1_416' title='bbox 1663 3551 1758 3603; x_wconf 73' lang='grc' dir='ltr'>καὶ</span> 
     </span>
    </p>
   </div>
   <div class='ocr_carea' id='block_1_50' title="bbox 177 3637 1759 3708">
    <p class='ocr_par' dir='ltr' id='par_1_50' title="bbox 177 3637 1759 3708">
     <span class='ocr_line' id='line_1_50' title="bbox 177 3637 1759 3708; baseline 0.006 -21"><span class='ocrx_word' id='word_1_417' title='bbox 177 3637 358 3691; x_wconf 80' lang='grc' dir='ltr'>πάλιν·</span> <span class='ocrx_word' id='word_1_418' title='bbox 393 3637 659 3706; x_wconf 59' lang='lat' dir='ltr'><strong>(Iamiam;</strong></span> <span class='ocrx_word' id='word_1_419' title='bbox 683 3638 955 3707; x_wconf 76' lang='grc' dir='ltr'>ἠθέλησα</span> <span class='ocrx_word' id='word_1_420' title='bbox 991 3639 1455 3708; x_wconf 58' lang='grc' dir='ltr'>ἐπισυναῃαγεῐν</span> <span class='ocrx_word' id='word_1_421' title='bbox 1480 3643 1549 3696; x_wconf 76' lang='grc' dir='ltr'>τὰ</span> <span class='ocrx_word' id='word_1_422' title='bbox 1575 3642 1759 3696; x_wconf 76' lang='grc' dir='ltr'>τέκνα</span> 
     </span>
    </p>
   </div>
   <div class='ocr_carea' id='block_1_51' title="bbox 175 3729 1751 3804">
    <p class='ocr_par' dir='ltr' id='par_1_51' title="bbox 175 3729 1751 3804">
     <span class='ocr_line' id='line_1_51' title="bbox 175 3729 1751 3804; baseline 0.005 -23"><span class='ocrx_word' id='word_1_423' title='bbox 175 3744 292 3783; x_wconf 86' lang='grc' dir='ltr'><strong>σου</strong></span> <span class='ocrx_word' id='word_1_424' title='bbox 324 3730 408 3795; x_wconf 79' lang='grc' dir='ltr'>ὥς</span> <span class='ocrx_word' id='word_1_425' title='bbox 449 3729 612 3797; x_wconf 80' lang='grc' dir='ltr'>ὄρνις</span> <span class='ocrx_word' id='word_1_426' title='bbox 656 3732 769 3796; x_wconf 77' lang='grc' dir='ltr'><strong>τὴν</strong></span> <span class='ocrx_word' id='word_1_427' title='bbox 799 3732 1060 3785; x_wconf 80' lang='grc' dir='ltr'>νοσσιὰν</span> <span class='ocrx_word' id='word_1_428' title='bbox 1084 3731 1292 3796; x_wconf 82' lang='grc' dir='ltr'>αὐτοῦ,</span> <span class='ocrx_word' id='word_1_429' title='bbox 1345 3732 1444 3785; x_wconf 77' lang='grc' dir='ltr'>καὶ</span> <span class='ocrx_word' id='word_1_430' title='bbox 1475 3736 1587 3788; x_wconf 75' lang='grc' dir='ltr'>οὐκ</span> <span class='ocrx_word' id='word_1_431' title='bbox 1619 3735 1751 3804; x_wconf 77' lang='grc' dir='ltr'><strong>ἠθέ-</strong></span> 
     </span>
    </p>
   </div>
   <div class='ocr_carea' id='block_1_52' title="bbox 174 3819 1550 3895">
    <p class='ocr_par' dir='ltr' id='par_1_52' title="bbox 174 3819 1550 3895">
     <span class='ocr_line' id='line_1_52' title="bbox 174 3819 1550 3895; baseline 0.003 -22"><span class='ocrx_word' id='word_1_432' title='bbox 174 3821 395 3888; x_wconf 59' lang='grc' dir='ltr'>λησας</span> <span class='ocrx_word' id='word_1_433' title='bbox 436 3821 582 3875; x_wconf 84' lang='grc' dir='ltr'>Ἰδοὺ</span> <span class='ocrx_word' id='word_1_434' title='bbox 608 3821 838 3890; x_wconf 70' lang='grc' dir='ltr'>ἀφίεται</span> <span class='ocrx_word' id='word_1_435' title='bbox 860 3825 893 3876; x_wconf 82' lang='grc' dir='ltr'><em>ὁ</em></span> <span class='ocrx_word' id='word_1_436' title='bbox 921 3819 1082 3888; x_wconf 70' lang='grc' dir='ltr'>οἶκος</span> <span class='ocrx_word' id='word_1_437' title='bbox 1122 3823 1288 3891; x_wconf 77' lang='grc' dir='ltr'>ὑμῶν</span> <span class='ocrx_word' id='word_1_438' title='bbox 1314 3823 1550 3895; x_wconf 75' lang='grc' dir='ltr'>ἔρημος.</span> 
     </span>
    </p>
   </div>
   <div class='ocr_carea' id='block_1_53' title="bbox 246 3991 1756 4073">
    <p class='ocr_par' dir='ltr' id='par_1_53' title="bbox 246 3991 1756 4073">
     <span class='ocr_line' id='line_1_53' title="bbox 246 3991 1756 4073; baseline 0.006 -29"><span class='ocrx_word' id='word_1_439' title='bbox 246 3991 323 4046; x_wconf 84' lang='grc' dir='ltr'><strong>Ε’.</strong></span> <span class='ocrx_word' id='word_1_440' title='bbox 365 3991 478 4045; x_wconf 79' lang='grc' dir='ltr'><strong>Καὶ</strong></span> <span class='ocrx_word' id='word_1_441' title='bbox 501 3992 707 4060; x_wconf 75' lang='grc' dir='ltr'>ἔλεγενο</span> <span class='ocrx_word' id='word_1_442' title='bbox 753 3993 1030 4062; x_wconf 75' lang='grc' dir='ltr'>Ἐφοῦεῖτο</span> <span class='ocrx_word' id='word_1_443' title='bbox 1056 3997 1082 4049; x_wconf 86' lang='lat'><strong>6</strong></span> <span class='ocrx_word' id='word_1_444' title='bbox 1113 3995 1380 4068; x_wconf 87' lang='grc' dir='ltr'>Εύάγριος</span> <span class='ocrx_word' id='word_1_445' title='bbox 1412 3997 1487 4069; x_wconf 77' lang='grc' dir='ltr'>μὴ</span> <span class='ocrx_word' id='word_1_446' title='bbox 1516 3999 1756 4073; x_wconf 50' lang='lat' dir='ltr'><strong>ea).an</strong></span> 
     </span>
    </p>
   </div>
   <div class='ocr_carea' id='block_1_54' title="bbox 177 4082 1758 4163">
    <p class='ocr_par' dir='ltr' id='par_1_54' title="bbox 177 4082 1758 4163">
     <span class='ocr_line' id='line_1_54' title="bbox 177 4082 1758 4163; baseline 0.009 -29"><span class='ocrx_word' id='word_1_447' title='bbox 177 4082 282 4136; x_wconf 86' lang='grc' dir='ltr'><strong>ύπδ</strong></span> <span class='ocrx_word' id='word_1_448' title='bbox 313 4083 410 4136; x_wconf 79' lang='grc' dir='ltr'>τοῦ</span> <span class='ocrx_word' id='word_1_449' title='bbox 462 4085 699 4156; x_wconf 82' lang='grc' dir='ltr'>Χριστοῦ</span> <span class='ocrx_word' id='word_1_450' title='bbox 734 4087 828 4140; x_wconf 69' lang='grc' dir='ltr'>καὶ</span> <span class='ocrx_word' id='word_1_451' title='bbox 861 4090 992 4161; x_wconf 74' lang='grc' dir='ltr'>εἴπῃ</span> <span class='ocrx_word' id='word_1_452' title='bbox 1026 4089 1195 4157; x_wconf 77' lang='grc' dir='ltr'>αὐτῷ·</span> <span class='ocrx_word' id='word_1_453' title='bbox 1252 4091 1514 4163; x_wconf 80' lang='grc' dir='ltr'>Εὐάγριε,</span> <span class='ocrx_word' id='word_1_454' title='bbox 1553 4095 1758 4159; x_wconf 80' lang='grc' dir='ltr'>ἐνόσεις</span> 
     </span>
    </p>
   </div>
   <div class='ocr_carea' id='block_1_55' title="bbox 177 4174 1758 4254">
    <p class='ocr_par' dir='ltr' id='par_1_55' title="bbox 177 4174 1758 4254">
     <span class='ocr_line' id='line_1_55' title="bbox 177 4174 1758 4254; baseline 0.008 -27"><span class='ocrx_word' id='word_1_455' title='bbox 177 4174 506 4241; x_wconf 79' lang='grc' dir='ltr'>κενοδοξίαν,</span> <span class='ocrx_word' id='word_1_456' title='bbox 540 4178 633 4229; x_wconf 71' lang='grc' dir='ltr'><strong>καὶ</strong></span> <span class='ocrx_word' id='word_1_457' title='bbox 659 4178 937 4246; x_wconf 72' lang='grc' dir='ltr'><strong>ὲπήγαγόν</strong></span> <span class='ocrx_word' id='word_1_458' title='bbox 970 4195 1050 4232; x_wconf 89' lang='grc' dir='ltr'><strong>σοι</strong></span> <span class='ocrx_word' id='word_1_459' title='bbox 1077 4180 1366 4253; x_wconf 80' lang='grc' dir='ltr'>φάρμακον</span> <span class='ocrx_word' id='word_1_460' title='bbox 1392 4183 1635 4254; x_wconf 80' lang='grc' dir='ltr'>ἀτιμίας,</span> <span class='ocrx_word' id='word_1_461' title='bbox 1673 4186 1758 4239; x_wconf 76' lang='grc' dir='ltr'>ἵνα</span> 
     </span>
    </p>
   </div>
   <div class='ocr_carea' id='block_1_56' title="bbox 171 4264 1756 4344">
    <p class='ocr_par' dir='ltr' id='par_1_56' title="bbox 171 4264 1756 4344">
     <span class='ocr_line' id='line_1_56' title="bbox 171 4264 1756 4344; baseline 0.009 -28"><span class='ocrx_word' id='word_1_462' title='bbox 171 4264 242 4316; x_wconf 75' lang='grc' dir='ltr'>δι’</span> <span class='ocrx_word' id='word_1_463' title='bbox 266 4265 434 4319; x_wconf 74' lang='grc' dir='ltr'>αὐτοῦ</span> <span class='ocrx_word' id='word_1_464' title='bbox 466 4267 824 4338; x_wconf 79' lang='grc' dir='ltr'>καθαρισθῇς.</span> <span class='ocrx_word' id='word_1_465' title='bbox 853 4270 922 4322; x_wconf 87' lang='grc' dir='ltr'><strong>Σὺ</strong></span> <span class='ocrx_word' id='word_1_466' title='bbox 946 4269 1003 4324; x_wconf 86' lang='grc' dir='ltr'>δὲ</span> <span class='ocrx_word' id='word_1_467' title='bbox 1025 4272 1123 4323; x_wconf 75' lang='grc' dir='ltr'>οὐκ</span> <span class='ocrx_word' id='word_1_468' title='bbox 1149 4272 1522 4344; x_wconf 82' lang='grc' dir='ltr'>ὲθεραπεύθης</span> <span class='ocrx_word' id='word_1_469' title='bbox 1548 4293 1560 4306; x_wconf 88' lang='grc'>·</span> <span class='ocrx_word' id='word_1_470' title='bbox 1598 4277 1756 4330; x_wconf 79' lang='grc' dir='ltr'>τοῦτο</span> 
     </span>
    </p>
   </div>
   <div class='ocr_carea' id='block_1_57' title="bbox 181 4355 1754 4438">
    <p class='ocr_par' dir='ltr' id='par_1_57' title="bbox 181 4355 1754 4438">
     <span class='ocr_line' id='line_1_57' title="bbox 181 4355 1754 4438; baseline 0.008 -29"><span class='ocrx_word' id='word_1_471' title='bbox 181 4355 236 4409; x_wconf 80' lang='grc' dir='ltr'>δὲ</span> <span class='ocrx_word' id='word_1_472' title='bbox 259 4357 546 4426; x_wconf 79' lang='grc' dir='ltr'><strong>μάθωμεν,</strong></span> <span class='ocrx_word' id='word_1_473' title='bbox 587 4359 668 4410; x_wconf 85' lang='grc' dir='ltr'>ὅτι</span> <span class='ocrx_word' id='word_1_474' title='bbox 699 4360 871 4422; x_wconf 79' lang='grc' dir='ltr'>οὐδείς</span> <span class='ocrx_word' id='word_1_475' title='bbox 904 4363 1053 4414; x_wconf 83' lang='grc' dir='ltr'>ἐστιν</span> <span class='ocrx_word' id='word_1_476' title='bbox 1081 4363 1363 4432; x_wconf 75' lang='grc' dir='ltr'><strong>ἀληθεύων</strong></span> <span class='ocrx_word' id='word_1_477' title='bbox 1390 4367 1436 4419; x_wconf 79' lang='grc' dir='ltr'>εὶ</span> <span class='ocrx_word' id='word_1_478' title='bbox 1472 4367 1546 4438; x_wconf 84' lang='grc' dir='ltr'>μὴ</span> <span class='ocrx_word' id='word_1_479' title='bbox 1580 4369 1626 4420; x_wconf 83' lang='grc' dir='ltr'>οἱ</span> <span class='ocrx_word' id='word_1_480' title='bbox 1658 4369 1754 4438; x_wconf 64' lang='grc' dir='ltr'><strong>ψέ-</strong></span> 
     </span>
    </p>
   </div>
   <div class='ocr_carea' id='block_1_58' title="bbox 176 4446 1754 4528">
    <p class='ocr_par' dir='ltr' id='par_1_58' title="bbox 176 4446 1754 4528">
     <span class='ocr_line' id='line_1_58' title="bbox 176 4446 1754 4528; baseline 0.009 -31"><span class='ocrx_word' id='word_1_481' title='bbox 176 4462 360 4513; x_wconf 82' lang='grc' dir='ltr'>γοντες</span> <span class='ocrx_word' id='word_1_482' title='bbox 391 4447 562 4516; x_wconf 80' lang='grc' dir='ltr'>ἡμᾶς.</span> <span class='ocrx_word' id='word_1_483' title='bbox 594 4446 785 4514; x_wconf 80' lang='grc' dir='ltr'>’Ἔλεγε</span> <span class='ocrx_word' id='word_1_484' title='bbox 816 4448 891 4500; x_wconf 74' lang='grc' dir='ltr'><strong>δέ·</strong></span> <span class='ocrx_word' id='word_1_485' title='bbox 912 4451 967 4503; x_wconf 88' lang='grc' dir='ltr'><strong>Ὀ</strong></span> <span class='ocrx_word' id='word_1_486' title='bbox 993 4452 1216 4522; x_wconf 80' lang='grc' dir='ltr'>Κύριος,</span> <span class='ocrx_word' id='word_1_487' title='bbox 1241 4453 1268 4506; x_wconf 88' lang='grc' dir='ltr'>ὁ</span> <span class='ocrx_word' id='word_1_488' title='bbox 1290 4454 1496 4518; x_wconf 80' lang='grc' dir='ltr'>ὲτάζων</span> <span class='ocrx_word' id='word_1_489' title='bbox 1528 4459 1754 4528; x_wconf 87' lang='grc' dir='ltr'>καρδίας</span> 
     </span>
    </p>
   </div>
   <div class='ocr_carea' id='block_1_59' title="bbox 177 4536 1751 4617">
    <p class='ocr_par' dir='ltr' id='par_1_59' title="bbox 177 4536 1751 4617">
     <span class='ocr_line' id='line_1_59' title="bbox 177 4536 1751 4617; baseline 0.01 -28"><span class='ocrx_word' id='word_1_490' title='bbox 177 4536 268 4589; x_wconf 68' lang='grc' dir='ltr'>καὶ</span> <span class='ocrx_word' id='word_1_491' title='bbox 299 4540 564 4617; x_wconf 57' lang='grc' dir='ltr'>νεφροὺς,</span> <span class='ocrx_word' id='word_1_492' title='bbox 602 4536 742 4592; x_wconf 80' lang='grc' dir='ltr'>οῑδεν</span> <span class='ocrx_word' id='word_1_493' title='bbox 788 4541 867 4594; x_wconf 80' lang='grc' dir='ltr'>ὅτι</span> <span class='ocrx_word' id='word_1_494' title='bbox 905 4543 1000 4594; x_wconf 77' lang='grc' dir='ltr'><strong>ἐὰν</strong></span> <span class='ocrx_word' id='word_1_495' title='bbox 1035 4543 1236 4608; x_wconf 83' lang='grc' dir='ltr'>πάντες</span> <span class='ocrx_word' id='word_1_496' title='bbox 1279 4545 1555 4617; x_wconf 81' lang='grc' dir='ltr'>ἄνθρωποι</span> <span class='ocrx_word' id='word_1_497' title='bbox 1592 4551 1751 4603; x_wconf 78' lang='grc' dir='ltr'>ἐπαι-</span> 
     </span>
    </p>
   </div>
   <div class='ocr_carea' id='block_1_60' title="bbox 176 4605 1752 4708">
    <p class='ocr_par' dir='ltr' id='par_1_60' title="bbox 176 4605 1752 4708">
     <span class='ocr_line' id='line_1_60' title="bbox 176 4605 1752 4708; baseline 0.01 -28"><span class='ocrx_word' id='word_1_498' title='bbox 176 4629 303 4681; x_wconf 86' lang='grc' dir='ltr'>νῶσι</span> <span class='ocrx_word' id='word_1_499' title='bbox 331 4632 427 4682; x_wconf 78' lang='grc' dir='ltr'>καὶ</span> <span class='ocrx_word' id='word_1_500' title='bbox 461 4605 808 4700; x_wconf 61' lang='grc' dir='ltr'>μακαρίςωσι</span> <span class='ocrx_word' id='word_1_501' title='bbox 840 4632 906 4686; x_wconf 83' lang='grc' dir='ltr'>τὰ</span> <span class='ocrx_word' id='word_1_502' title='bbox 943 4634 1052 4702; x_wconf 67' lang='grc' dir='ltr'><strong>ἐμὲ</strong></span> <span class='ocrx_word' id='word_1_503' title='bbox 1083 4637 1278 4701; x_wconf 76' lang='grc' dir='ltr'>πάντα,</span> <span class='ocrx_word' id='word_1_504' title='bbox 1306 4638 1429 4702; x_wconf 77' lang='grc' dir='ltr'>ἀξια</span> <span class='ocrx_word' id='word_1_505' title='bbox 1457 4639 1626 4708; x_wconf 69' lang='grc' dir='ltr'>ψόγου</span> <span class='ocrx_word' id='word_1_506' title='bbox 1658 4642 1752 4696; x_wconf 75' lang='grc' dir='ltr'>καὶ</span> 
     </span>
    </p>
   </div>
   <div class='ocr_carea' id='block_1_61' title="bbox 173 4721 1750 4792">
    <p class='ocr_par' dir='ltr' id='par_1_61' title="bbox 173 4721 1750 4792">
     <span class='ocr_line' id='line_1_61' title="bbox 173 4721 1750 4792; baseline 0.009 -19"><span class='ocrx_word' id='word_1_507' title='bbox 173 4721 434 4790; x_wconf 72' lang='grc' dir='ltr'>αἰσχύνης</span> <span class='ocrx_word' id='word_1_508' title='bbox 467 4723 875 4792; x_wconf 81' lang='grc' dir='ltr'>ὲμπτυσμάτων</span> <span class='ocrx_word' id='word_1_509' title='bbox 906 4725 1065 4778; x_wconf 74' lang='grc' dir='ltr'>εἰσίνο</span> <span class='ocrx_word' id='word_1_510' title='bbox 1101 4727 1194 4779; x_wconf 77' lang='grc' dir='ltr'><strong>ἐὰν</strong></span> <span class='ocrx_word' id='word_1_511' title='bbox 1226 4727 1282 4780; x_wconf 78' lang='grc' dir='ltr'>δὲ</span> <span class='ocrx_word' id='word_1_512' title='bbox 1323 4730 1536 4783; x_wconf 76' lang='grc' dir='ltr'>εἴπωσι·</span> <span class='ocrx_word' id='word_1_513' title='bbox 1581 4735 1750 4786; x_wconf 82' lang='grc' dir='ltr'>Τοῦτο</span> 
     </span>
    </p>
   </div>
   <div class='ocr_carea' id='block_1_62' title="bbox 176 4811 1746 4890">
    <p class='ocr_par' dir='ltr' id='par_1_62' title="bbox 176 4811 1746 4890">
     <span class='ocr_line' id='line_1_62' title="bbox 176 4811 1746 4890; baseline 0.008 -25"><span class='ocrx_word' id='word_1_514' title='bbox 176 4814 265 4865; x_wconf 79' lang='grc' dir='ltr'>καὶ</span> <span class='ocrx_word' id='word_1_515' title='bbox 319 4815 493 4865; x_wconf 85' lang='grc' dir='ltr'>ἐκεῖνο</span> <span class='ocrx_word' id='word_1_516' title='bbox 532 4811 826 4882; x_wconf 76' lang='grc' dir='ltr'>ἐποίησας’</span> <span class='ocrx_word' id='word_1_517' title='bbox 865 4814 995 4882; x_wconf 69' lang='grc' dir='ltr'><strong>ἐγὼ,</strong></span> <span class='ocrx_word' id='word_1_518' title='bbox 1027 4817 1092 4868; x_wconf 78' lang='grc' dir='ltr'>Τί</span> <span class='ocrx_word' id='word_1_519' title='bbox 1138 4818 1246 4887; x_wconf 83' lang='grc' dir='ltr'><strong>γὰρ</strong></span> <span class='ocrx_word' id='word_1_520' title='bbox 1275 4819 1334 4871; x_wconf 82' lang='grc' dir='ltr'>τὸ</span> <span class='ocrx_word' id='word_1_521' title='bbox 1380 4821 1513 4890; x_wconf 76' lang='grc' dir='ltr'>ἐμὸν</span> <span class='ocrx_word' id='word_1_522' title='bbox 1554 4825 1746 4890; x_wconf 49' lang='lat' dir='ltr'><strong>madv;</strong></span> 
     </span>
    </p>
   </div>
   <div class='ocr_carea' id='block_1_63' title="bbox 159 4903 1746 4984">
    <p class='ocr_par' dir='ltr' id='par_1_63' title="bbox 159 4903 1746 4984">
     <span class='ocr_line' id='line_1_63' title="bbox 159 4903 1746 4984; baseline 0.008 -29"><span class='ocrx_word' id='word_1_523' title='bbox 159 4903 343 4965; x_wconf 71' lang='grc' dir='ltr'>Οὐδεὶς</span> <span class='ocrx_word' id='word_1_524' title='bbox 365 4905 475 4974; x_wconf 83' lang='grc' dir='ltr'><strong>γὰρ</strong></span> <span class='ocrx_word' id='word_1_525' title='bbox 505 4903 756 4974; x_wconf 74' lang='grc' dir='ltr'>ψεύδεται</span> <span class='ocrx_word' id='word_1_526' title='bbox 781 4906 826 4955; x_wconf 88' lang='grc' dir='ltr'>εί</span> <span class='ocrx_word' id='word_1_527' title='bbox 849 4905 921 4976; x_wconf 82' lang='grc' dir='ltr'>μὴ</span> <span class='ocrx_word' id='word_1_528' title='bbox 943 4907 991 4958; x_wconf 83' lang='grc' dir='ltr'>οἱ</span> <span class='ocrx_word' id='word_1_529' title='bbox 1027 4909 1373 4973; x_wconf 73' lang='grc' dir='ltr'>ἐπαινοῦντές</span> <span class='ocrx_word' id='word_1_530' title='bbox 1413 4929 1477 4980; x_wconf 84' lang='grc' dir='ltr'><strong>με</strong></span> <span class='ocrx_word' id='word_1_531' title='bbox 1514 4915 1606 4966; x_wconf 76' lang='grc' dir='ltr'>καὶ</span> <span class='ocrx_word' id='word_1_532' title='bbox 1643 4933 1746 4984; x_wconf 81' lang='grc' dir='ltr'>μα-</span> 
     </span>
    </p>
   </div>
   <div class='ocr_carea' id='block_1_64' title="bbox 175 4993 1769 5073">
    <p class='ocr_par' dir='ltr' id='par_1_64' title="bbox 175 4993 1769 5073">
     <span class='ocr_line' id='line_1_64' title="bbox 175 4993 1769 5073; baseline 0.009 -29"><span class='ocrx_word' id='word_1_533' title='bbox 175 4993 489 5064; x_wconf 73' lang='grc' dir='ltr'>καρίζοντες</span> <span class='ocrx_word' id='word_1_534' title='bbox 509 5011 596 5064; x_wconf 90' lang='grc' dir='ltr'><strong>με·</strong></span> <span class='ocrx_word' id='word_1_535' title='bbox 630 4996 723 5047; x_wconf 78' lang='grc' dir='ltr'>καὶ</span> <span class='ocrx_word' id='word_1_536' title='bbox 741 4997 912 5059; x_wconf 66' lang='grc' dir='ltr'>οὐδεὶς</span> <span class='ocrx_word' id='word_1_537' title='bbox 941 4998 1198 5069; x_wconf 83' lang='grc' dir='ltr'>ἀληθεύει</span> <span class='ocrx_word' id='word_1_538' title='bbox 1233 5003 1377 5072; x_wconf 83' lang='grc' dir='ltr'>εἰμὴ</span> <span class='ocrx_word' id='word_1_539' title='bbox 1408 5003 1456 5055; x_wconf 82' lang='grc' dir='ltr'>οἱ</span> <span class='ocrx_word' id='word_1_540' title='bbox 1486 5004 1769 5073; x_wconf 57' lang='grc' dir='ltr'>ψέγοντέςί</span> 
     </span>
    </p>
   </div>
   <div class='ocr_carea' id='block_1_65' title="bbox 1934 2445 3458 2526">
    <p class='ocr_par' dir='ltr' id='par_1_65' title="bbox 1934 2445 3458 2526">
     <span class='ocr_line' id='line_1_65' title="bbox 1934 2445 3458 2526; baseline 0.004 -24"><span class='ocrx_word' id='word_1_541' title='bbox 1934 2446 2022 2502; x_wconf 81' lang='lat' dir='ltr'><strong>IV.</strong></span> <span class='ocrx_word' id='word_1_542' title='bbox 2070 2445 2213 2499; x_wconf 78' lang='lat' dir='ltr'><strong>Dixit</strong></span> <span class='ocrx_word' id='word_1_543' title='bbox 2259 2447 2480 2518; x_wconf 88' lang='lat' dir='ltr'><strong>insuper</strong></span> <span class='ocrx_word' id='word_1_544' title='bbox 2521 2468 2532 2503; x_wconf 92' lang='lat'>:</span> <span class='ocrx_word' id='word_1_545' title='bbox 2570 2449 2721 2504; x_wconf 89' lang='lat' dir='ltr'><strong>Tolle</strong></span> <span class='ocrx_word' id='word_1_546' title='bbox 2770 2453 3098 2508; x_wconf 82' lang='lat' dir='ltr'><strong>tentationes</strong></span> <span class='ocrx_word' id='word_1_547' title='bbox 3153 2464 3206 2508; x_wconf 86' lang='lat' dir='ltr'><strong>et</strong></span> <span class='ocrx_word' id='word_1_548' title='bbox 3253 2457 3458 2526; x_wconf 77' lang='lat' dir='ltr'><strong>cogita-</strong></span> 
     </span>
    </p>
   </div>
   <div class='ocr_carea' id='block_1_66' title="bbox 1865 2537 3442 2615">
    <p class='ocr_par' dir='ltr' id='par_1_66' title="bbox 1865 2537 3442 2615">
     <span class='ocr_line' id='line_1_66' title="bbox 1865 2537 3442 2615; baseline 0.008 -24"><span class='ocrx_word' id='word_1_549' title='bbox 1865 2540 2058 2591; x_wconf 78' lang='lat' dir='ltr'><strong>tiones.</strong></span> <span class='ocrx_word' id='word_1_550' title='bbox 2097 2537 2214 2593; x_wconf 84' lang='lat' dir='ltr'><strong>Jam</strong></span> <span class='ocrx_word' id='word_1_551' title='bbox 2272 2555 2430 2595; x_wconf 89' lang='lat' dir='ltr'><strong>nemo</strong></span> <span class='ocrx_word' id='word_1_552' title='bbox 2476 2552 2560 2597; x_wconf 90' lang='lat' dir='ltr'><strong>est</strong></span> <span class='ocrx_word' id='word_1_553' title='bbox 2601 2554 2860 2608; x_wconf 75' lang='lat' dir='ltr'><strong>sanctus;</strong></span> <span class='ocrx_word' id='word_1_554' title='bbox 2894 2545 2983 2613; x_wconf 92' lang='lat' dir='ltr'><strong>qui</strong></span> <span class='ocrx_word' id='word_1_555' title='bbox 3022 2545 3157 2615; x_wconf 82' lang='lat' dir='ltr'><strong>fugit</strong></span> <span class='ocrx_word' id='word_1_556' title='bbox 3191 2550 3442 2603; x_wconf 86' lang='lat' dir='ltr'><strong>tentatio-</strong></span> 
     </span>
    </p>
   </div>
   <div class='ocr_carea' id='block_1_67' title="bbox 1862 2633 3453 2704">
    <p class='ocr_par' dir='ltr' id='par_1_67' title="bbox 1862 2633 3453 2704">
     <span class='ocr_line' id='line_1_67' title="bbox 1862 2633 3453 2704; baseline 0.006 -19"><span class='ocrx_word' id='word_1_557' title='bbox 1862 2647 1984 2685; x_wconf 84' lang='lat' dir='ltr'><strong>nem</strong></span> <span class='ocrx_word' id='word_1_558' title='bbox 2046 2648 2141 2701; x_wconf 78' lang='lat' dir='ltr'><strong>per</strong></span> <span class='ocrx_word' id='word_1_559' title='bbox 2189 2648 2247 2687; x_wconf 89' lang='lat' dir='ltr'><strong>se</strong></span> <span class='ocrx_word' id='word_1_560' title='bbox 2304 2634 2509 2697; x_wconf 87' lang='lat' dir='ltr'><strong>utilem,</strong></span> <span class='ocrx_word' id='word_1_561' title='bbox 2563 2633 2698 2704; x_wconf 80' lang='lat' dir='ltr'><strong>fugit</strong></span> <span class='ocrx_word' id='word_1_562' title='bbox 2746 2636 2908 2690; x_wconf 86' lang='lat' dir='ltr'><strong>vitam</strong></span> <span class='ocrx_word' id='word_1_563' title='bbox 2967 2647 3247 2694; x_wconf 77' lang='lat' dir='ltr'><strong>:rternam.</strong></span> <span class='ocrx_word' id='word_1_564' title='bbox 3306 2642 3453 2694; x_wconf 74' lang='lat' dir='ltr'><strong>Dixit</strong></span> 
     </span>
    </p>
   </div>
   <div class='ocr_carea' id='block_1_68' title="bbox 1861 2723 3449 2801">
    <p class='ocr_par' dir='ltr' id='par_1_68' title="bbox 1861 2723 3449 2801">
     <span class='ocr_line' id='line_1_68' title="bbox 1861 2723 3449 2801; baseline 0.006 -25"><span class='ocrx_word' id='word_1_565' title='bbox 1861 2723 2005 2776; x_wconf 87' lang='lat' dir='ltr'><strong>enim</strong></span> <span class='ocrx_word' id='word_1_566' title='bbox 2067 2738 2192 2779; x_wconf 88' lang='lat' dir='ltr'><strong>vere</strong></span> <span class='ocrx_word' id='word_1_567' title='bbox 2240 2725 2509 2795; x_wconf 72' lang='lat' dir='ltr'><strong>quispiam</strong></span> <span class='ocrx_word' id='word_1_568' title='bbox 2564 2738 2877 2783; x_wconf 86' lang='lat' dir='ltr'><strong>sanctorum</strong></span> <span class='ocrx_word' id='word_1_569' title='bbox 2913 2733 3074 2799; x_wconf 88' lang='lat' dir='ltr'><strong>:quis</strong></span> <span class='ocrx_word' id='word_1_570' title='bbox 3137 2734 3449 2801; x_wconf 72' lang='lat' dir='ltr'><strong>procuravit</strong></span> 
     </span>
    </p>
   </div>
   <div class='ocr_carea' id='block_1_69' title="bbox 1863 2814 3452 2892">
    <p class='ocr_par' dir='ltr' id='par_1_69' title="bbox 1863 2814 3452 2892">
     <span class='ocr_line' id='line_1_69' title="bbox 1863 2814 3452 2892; baseline 0.009 -29"><span class='ocrx_word' id='word_1_571' title='bbox 1863 2814 2196 2884; x_wconf 83' lang='lat' dir='ltr'><strong>martyribus</strong></span> <span class='ocrx_word' id='word_1_572' title='bbox 2241 2831 2474 2872; x_wconf 78' lang='lat' dir='ltr'><strong>coronas</strong></span> <span class='ocrx_word' id='word_1_573' title='bbox 2506 2818 2703 2885; x_wconf 87' lang='lat' dir='ltr'><strong>quibus</strong></span> <span class='ocrx_word' id='word_1_574' title='bbox 2735 2819 2963 2890; x_wconf 79' lang='lat' dir='ltr'><strong>fulgent,</strong></span> <span class='ocrx_word' id='word_1_575' title='bbox 3001 2823 3102 2876; x_wconf 87' lang='lat' dir='ltr'><strong>nisi</strong></span> <span class='ocrx_word' id='word_1_576' title='bbox 3133 2836 3452 2892; x_wconf 84' lang='lat' dir='ltr'><strong>persecuto-</strong></span> 
     </span>
    </p>
   </div>
   <div class='ocr_carea' id='block_1_70' title="bbox 1863 2904 3450 2980">
    <p class='ocr_par' dir='ltr' id='par_1_70' title="bbox 1863 2904 3450 2980">
     <span class='ocr_line' id='line_1_70' title="bbox 1863 2904 3450 2980; baseline 0.008 -25"><span class='ocrx_word' id='word_1_577' title='bbox 1863 2918 1951 2958; x_wconf 88' lang='lat' dir='ltr'><strong>res</strong></span> <span class='ocrx_word' id='word_1_578' title='bbox 1983 2904 2266 2972; x_wconf 88' lang='lat' dir='ltr'><strong>ipsorum?</strong></span> <span class='ocrx_word' id='word_1_579' title='bbox 2295 2907 2420 2975; x_wconf 89' lang='lat' dir='ltr'><strong>quis</strong></span> <span class='ocrx_word' id='word_1_580' title='bbox 2451 2907 2673 2962; x_wconf 89' lang='lat' dir='ltr'><strong>donavit</strong></span> <span class='ocrx_word' id='word_1_581' title='bbox 2702 2919 2895 2963; x_wconf 87' lang='lat' dir='ltr'><strong>sancto</strong></span> <span class='ocrx_word' id='word_1_582' title='bbox 2924 2912 3200 2980; x_wconf 82' lang='lat' dir='ltr'><strong>Stephano</strong></span> <span class='ocrx_word' id='word_1_583' title='bbox 3232 2923 3338 2967; x_wconf 87' lang='lat' dir='ltr'><strong>tam</strong></span> <span class='ocrx_word' id='word_1_584' title='bbox 3384 2915 3450 2968; x_wconf 84' lang='lat' dir='ltr'><strong>il-</strong></span> 
     </span>
    </p>
   </div>
   <div class='ocr_carea' id='block_1_71' title="bbox 1863 2992 3447 3073">
    <p class='ocr_par' dir='ltr' id='par_1_71' title="bbox 1863 2992 3447 3073">
     <span class='ocr_line' id='line_1_71' title="bbox 1863 2992 3447 3073; baseline 0.009 -28"><span class='ocrx_word' id='word_1_585' title='bbox 1863 2992 2087 3047; x_wconf 89' lang='lat' dir='ltr'><strong>lnstrem</strong></span> <span class='ocrx_word' id='word_1_586' title='bbox 2131 2994 2289 3048; x_wconf 87' lang='lat' dir='ltr'><strong>istam</strong></span> <span class='ocrx_word' id='word_1_587' title='bbox 2339 2995 2693 3065; x_wconf 16' lang='lat' dir='ltr'><strong>quaqfruitur</strong></span> <span class='ocrx_word' id='word_1_588' title='bbox 2739 2999 2988 3068; x_wconf 83' lang='lat' dir='ltr'><strong>gloriam,</strong></span> <span class='ocrx_word' id='word_1_589' title='bbox 3038 3003 3139 3056; x_wconf 88' lang='lat' dir='ltr'><strong>nisi</strong></span> <span class='ocrx_word' id='word_1_590' title='bbox 3183 3005 3274 3073; x_wconf 88' lang='lat' dir='ltr'><strong>qui</strong></span> <span class='ocrx_word' id='word_1_591' title='bbox 3325 3022 3447 3059; x_wconf 88' lang='lat' dir='ltr'><strong>eum</strong></span> 
     </span>
    </p>
   </div>
   <div class='ocr_carea' id='block_1_72' title="bbox 1864 3083 3449 3163">
    <p class='ocr_par' dir='ltr' id='par_1_72' title="bbox 1864 3083 3449 3163">
     <span class='ocr_line' id='line_1_72' title="bbox 1864 3083 3449 3163; baseline 0.012 -27"><span class='ocrx_word' id='word_1_592' title='bbox 1864 3083 2210 3153; x_wconf 84' lang='lat' dir='ltr'><strong>lapidarunt?</strong></span> <span class='ocrx_word' id='word_1_593' title='bbox 2245 3087 2313 3141; x_wconf 86' lang='lat' dir='ltr'><strong>Et</strong></span> <span class='ocrx_word' id='word_1_594' title='bbox 2342 3090 2656 3156; x_wconf 83' lang='lat' dir='ltr'><strong>proferebat</strong></span> <span class='ocrx_word' id='word_1_595' title='bbox 2700 3107 2917 3163; x_wconf 89' lang='lat' dir='ltr'><strong>semper</strong></span> <span class='ocrx_word' id='word_1_596' title='bbox 2963 3099 3287 3153; x_wconf 83' lang='lat' dir='ltr'><strong>sententiain</strong></span> <span class='ocrx_word' id='word_1_597' title='bbox 3329 3116 3449 3155; x_wconf 84' lang='lat' dir='ltr'><strong>san—</strong></span> 
     </span>
    </p>
   </div>
   <div class='ocr_carea' id='block_1_73' title="bbox 1860 3177 3449 3250">
    <p class='ocr_par' dir='ltr' id='par_1_73' title="bbox 1860 3177 3449 3250">
     <span class='ocr_line' id='line_1_73' title="bbox 1860 3177 3449 3250; baseline 0.01 -20"><span class='ocrx_word' id='word_1_598' title='bbox 1860 3178 1933 3230; x_wconf 89' lang='lat' dir='ltr'><strong>eti</strong></span> <span class='ocrx_word' id='word_1_599' title='bbox 1977 3177 2258 3246; x_wconf 84' lang='lat' dir='ltr'><strong>cujusdam</strong></span> <span class='ocrx_word' id='word_1_600' title='bbox 2308 3179 2503 3234; x_wconf 89' lang='lat' dir='ltr'><strong>aientis</strong></span> <span class='ocrx_word' id='word_1_601' title='bbox 2539 3198 2553 3234; x_wconf 89' lang='lat'><strong>:</strong></span> <span class='ocrx_word' id='word_1_602' title='bbox 2585 3179 2698 3250; x_wconf 85' lang='lat' dir='ltr'><strong>Ego</strong></span> <span class='ocrx_word' id='word_1_603' title='bbox 2738 3195 3059 3244; x_wconf 80' lang='lat' dir='ltr'><strong>accusantes</strong></span> <span class='ocrx_word' id='word_1_604' title='bbox 3098 3204 3184 3244; x_wconf 89' lang='lat' dir='ltr'><strong>me</strong></span> <span class='ocrx_word' id='word_1_605' title='bbox 3219 3205 3320 3244; x_wconf 92' lang='lat' dir='ltr'><strong>non</strong></span> <span class='ocrx_word' id='word_1_606' title='bbox 3363 3207 3449 3247; x_wconf 84' lang='lat' dir='ltr'><strong>re-</strong></span> 
     </span>
    </p>
   </div>
   <div class='ocr_carea' id='block_1_74' title="bbox 1861 3267 3444 3348">
    <p class='ocr_par' dir='ltr' id='par_1_74' title="bbox 1861 3267 3444 3348">
     <span class='ocr_line' id='line_1_74' title="bbox 1861 3267 3444 3348; baseline 0.011 -27"><span class='ocrx_word' id='word_1_607' title='bbox 1861 3267 2065 3336; x_wconf 83' lang='lat' dir='ltr'><strong>darguo</strong></span> <span class='ocrx_word' id='word_1_608' title='bbox 2096 3283 2109 3320; x_wconf 92' lang='lat'><strong>:</strong></span> <span class='ocrx_word' id='word_1_609' title='bbox 2138 3267 2232 3322; x_wconf 85' lang='lat' dir='ltr'><strong>sed</strong></span> <span class='ocrx_word' id='word_1_610' title='bbox 2273 3277 2329 3322; x_wconf 89' lang='lat' dir='ltr'><strong>et</strong></span> <span class='ocrx_word' id='word_1_611' title='bbox 2365 3268 2743 3326; x_wconf 88' lang='lat' dir='ltr'><strong>benefactores</strong></span> <span class='ocrx_word' id='word_1_612' title='bbox 2777 3288 2912 3330; x_wconf 90' lang='lat' dir='ltr'><strong>voco</strong></span> <span class='ocrx_word' id='word_1_613' title='bbox 2957 3276 3250 3348; x_wconf 82' lang='lat' dir='ltr'><strong>habeoque</strong></span> <span class='ocrx_word' id='word_1_614' title='bbox 3275 3297 3444 3338; x_wconf 83' lang='lat' dir='ltr'><strong>meos.</strong></span> 
     </span>
    </p>
   </div>
   <div class='ocr_carea' id='block_1_75' title="bbox 1844 3356 3446 3442">
    <p class='ocr_par' dir='ltr' id='par_1_75' title="bbox 1844 3356 3446 3442">
     <span class='ocr_line' id='line_1_75' title="bbox 1844 3356 3446 3442; baseline 0.009 -30"><span class='ocrx_word' id='word_1_615' title='bbox 1844 3356 1970 3413; x_wconf 85' lang='lat' dir='ltr'><strong>.Nec</strong></span> <span class='ocrx_word' id='word_1_616' title='bbox 2003 3360 2205 3428; x_wconf 78' lang='lat' dir='ltr'><strong>repello</strong></span> <span class='ocrx_word' id='word_1_617' title='bbox 2232 3361 2499 3416; x_wconf 89' lang='lat' dir='ltr'><strong>medicum</strong></span> <span class='ocrx_word' id='word_1_618' title='bbox 2535 3365 2838 3419; x_wconf 88' lang='lat' dir='ltr'><strong>animarum</strong></span> <span class='ocrx_word' id='word_1_619' title='bbox 2867 3369 3243 3439; x_wconf 86' lang='lat' dir='ltr'><strong>propinantem</strong></span> <span class='ocrx_word' id='word_1_620' title='bbox 3277 3375 3446 3442; x_wconf 83' lang='lat' dir='ltr'><strong>pltar-</strong></span> 
     </span>
    </p>
   </div>
   <div class='ocr_carea' id='block_1_76' title="bbox 1861 3442 3445 3524">
    <p class='ocr_par' dir='ltr' id='par_1_76' title="bbox 1861 3442 3445 3524">
     <span class='ocr_line' id='line_1_76' title="bbox 1861 3442 3445 3524; baseline 0.01 -22"><span class='ocrx_word' id='word_1_621' title='bbox 1861 3465 2072 3504; x_wconf 91' lang='lat' dir='ltr'><strong>macum</strong></span> <span class='ocrx_word' id='word_1_622' title='bbox 2117 3451 2424 3522; x_wconf 70' lang='lat' dir='ltr'><strong>ignominiaa</strong></span> <span class='ocrx_word' id='word_1_623' title='bbox 2464 3469 2623 3524; x_wconf 61' lang='grc' dir='ltr'>σιεγε</span> <span class='ocrx_word' id='word_1_624' title='bbox 2660 3442 2792 3510; x_wconf 74' lang='lat' dir='ltr'><strong>mea:</strong></span> <span class='ocrx_word' id='word_1_625' title='bbox 2841 3460 3033 3515; x_wconf 59' lang='lat' dir='ltr'><strong>animae</strong></span> <span class='ocrx_word' id='word_1_626' title='bbox 3072 3466 3261 3518; x_wconf 87' lang='lat' dir='ltr'><strong>morbo</strong></span> <span class='ocrx_word' id='word_1_627' title='bbox 3293 3482 3445 3520; x_wconf 72' lang='lat' dir='ltr'><strong>vana:</strong></span> 
     </span>
    </p>
   </div>
   <div class='ocr_carea' id='block_1_77' title="bbox 1859 3541 3438 3613">
    <p class='ocr_par' dir='ltr' id='par_1_77' title="bbox 1859 3541 3438 3613">
     <span class='ocr_line' id='line_1_77' title="bbox 1859 3541 3438 3613; baseline 0.013 -21"><span class='ocrx_word' id='word_1_628' title='bbox 1859 3542 2044 3612; x_wconf 82' lang='lat' dir='ltr'><strong>gloriae</strong></span> <span class='ocrx_word' id='word_1_629' title='bbox 2078 3541 2344 3598; x_wconf 87' lang='lat' dir='ltr'><strong>laboranti</strong></span> <span class='ocrx_word' id='word_1_630' title='bbox 2388 3565 2400 3600; x_wconf 89' lang='lat'><strong>:</strong></span> <span class='ocrx_word' id='word_1_631' title='bbox 2447 3561 2641 3602; x_wconf 86' lang='lat' dir='ltr'><strong>verens</strong></span> <span class='ocrx_word' id='word_1_632' title='bbox 2675 3563 2742 3603; x_wconf 90' lang='lat' dir='ltr'><strong>ne</strong></span> <span class='ocrx_word' id='word_1_633' title='bbox 2788 3549 2929 3605; x_wconf 88' lang='lat' dir='ltr'><strong>forte</strong></span> <span class='ocrx_word' id='word_1_634' title='bbox 2959 3553 3021 3605; x_wconf 88' lang='lat' dir='ltr'><strong>de</strong></span> <span class='ocrx_word' id='word_1_635' title='bbox 3055 3554 3143 3606; x_wconf 89' lang='lat' dir='ltr'><strong>illa</strong></span> <span class='ocrx_word' id='word_1_636' title='bbox 3172 3556 3390 3612; x_wconf 88' lang='lat' dir='ltr'><strong>dicatur</strong></span> <span class='ocrx_word' id='word_1_637' title='bbox 3425 3579 3438 3613; x_wconf 88' lang='lat'>:</span> 
     </span>
    </p>
   </div>
   <div class='ocr_carea' id='block_1_78' title="bbox 1860 3630 3443 3710">
    <p class='ocr_par' dir='ltr' id='par_1_78' title="bbox 1860 3630 3443 3710">
     <span class='ocr_line' id='line_1_78' title="bbox 1860 3630 3443 3710; baseline 0.011 -26"><span class='ocrx_word' id='word_1_638' title='bbox 1860 3630 2171 3686; x_wconf 76' lang='lat' dir='ltr'><strong>Curavimus</strong></span> <span class='ocrx_word' id='word_1_639' title='bbox 2210 3632 2526 3703; x_wconf 79' lang='lat' dir='ltr'><strong>Babylonem</strong></span> <span class='ocrx_word' id='word_1_640' title='bbox 2575 3646 2621 3690; x_wconf 88' lang='lat' dir='ltr'><strong>et</strong></span> <span class='ocrx_word' id='word_1_641' title='bbox 2661 3653 2763 3691; x_wconf 84' lang='lat' dir='ltr'><strong>non</strong></span> <span class='ocrx_word' id='word_1_642' title='bbox 2811 3650 2888 3693; x_wconf 81' lang='lat' dir='ltr'><strong>est</strong></span> <span class='ocrx_word' id='word_1_643' title='bbox 2919 3652 3108 3696; x_wconf 85' lang='lat' dir='ltr'><strong>sanata</strong></span> <span class='ocrx_word' id='word_1_644' title='bbox 3146 3642 3199 3710; x_wconf 66' lang='grc'><strong>’⁵,</strong></span> <span class='ocrx_word' id='word_1_645' title='bbox 3234 3655 3288 3700; x_wconf 89' lang='lat' dir='ltr'><strong>et</strong></span> <span class='ocrx_word' id='word_1_646' title='bbox 3326 3657 3443 3700; x_wconf 75' lang='lat' dir='ltr'><strong>ror-</strong></span> 
     </span>
    </p>
   </div>
   <div class='ocr_carea' id='block_1_79' title="bbox 1859 3724 3443 3804">
    <p class='ocr_par' dir='ltr' id='par_1_79' title="bbox 1859 3724 3443 3804">
     <span class='ocr_line' id='line_1_79' title="bbox 1859 3724 3443 3804; baseline 0.011 -28"><span class='ocrx_word' id='word_1_647' title='bbox 1859 3738 1951 3777; x_wconf 84' lang='lat' dir='ltr'><strong>Sus</strong></span> <span class='ocrx_word' id='word_1_648' title='bbox 1977 3741 1989 3776; x_wconf 93' lang='lat'><strong>:</strong></span> <span class='ocrx_word' id='word_1_649' title='bbox 2024 3724 2241 3788; x_wconf 77' lang='lat' dir='ltr'><strong>Quoties</strong></span> <span class='ocrx_word' id='word_1_650' title='bbox 2277 3725 2416 3778; x_wconf 76' lang='lat' dir='ltr'><strong>colui</strong></span> <span class='ocrx_word' id='word_1_651' title='bbox 2443 3743 2758 3798; x_wconf 77' lang='lat' dir='ltr'><strong>congregare</strong></span> <span class='ocrx_word' id='word_1_652' title='bbox 2783 3732 2924 3798; x_wconf 78' lang='lat' dir='ltr'><strong>ﬁlios</strong></span> <span class='ocrx_word' id='word_1_653' title='bbox 2955 3744 3071 3788; x_wconf 80' lang='lat' dir='ltr'><strong>(nos</strong></span> <span class='ocrx_word' id='word_1_654' title='bbox 3105 3740 3443 3804; x_wconf 81' lang='lat' dir='ltr'><strong>quemadmo-</strong></span> 
     </span>
    </p>
   </div>
   <div class='ocr_carea' id='block_1_80' title="bbox 1864 3815 3445 3894">
    <p class='ocr_par' dir='ltr' id='par_1_80' title="bbox 1864 3815 3445 3894">
     <span class='ocr_line' id='line_1_80' title="bbox 1864 3815 3445 3894; baseline 0.011 -27"><span class='ocrx_word' id='word_1_655' title='bbox 1864 3815 1987 3868; x_wconf 83' lang='lat' dir='ltr'><strong>dum</strong></span> <span class='ocrx_word' id='word_1_656' title='bbox 2023 3815 2221 3884; x_wconf 80' lang='lat' dir='ltr'><strong>gallina</strong></span> <span class='ocrx_word' id='word_1_657' title='bbox 2269 3832 2544 3887; x_wconf 82' lang='lat' dir='ltr'><strong>congregat</strong></span> <span class='ocrx_word' id='word_1_658' title='bbox 2582 3819 2753 3885; x_wconf 81' lang='lat' dir='ltr'><strong>pullos</strong></span> <span class='ocrx_word' id='word_1_659' title='bbox 2795 3825 2890 3894; x_wconf 66' lang='lat' dir='ltr'><strong>sub</strong></span> <span class='ocrx_word' id='word_1_660' title='bbox 2922 3827 3060 3889; x_wconf 80' lang='lat' dir='ltr'><strong>alas,</strong></span> <span class='ocrx_word' id='word_1_661' title='bbox 3101 3840 3146 3882; x_wconf 84' lang='lat' dir='ltr'><strong>et</strong></span> <span class='ocrx_word' id='word_1_662' title='bbox 3183 3830 3445 3885; x_wconf 77' lang='lat' dir='ltr'><strong>noluisti?</strong></span> 
     </span>
    </p>
   </div>
   <div class='ocr_carea' id='block_1_81' title="bbox 1863 3906 3261 3978">
    <p class='ocr_par' dir='ltr' id='par_1_81' title="bbox 1863 3906 3261 3978">
     <span class='ocr_line' id='line_1_81' title="bbox 1863 3906 3261 3978; baseline 0.011 -17"><span class='ocrx_word' id='word_1_663' title='bbox 1863 3906 1998 3963; x_wconf 81' lang='lat' dir='ltr'><strong>Ecce</strong></span> <span class='ocrx_word' id='word_1_664' title='bbox 2028 3909 2350 3978; x_wconf 75' lang='lat' dir='ltr'><strong>relinquetur</strong></span> <span class='ocrx_word' id='word_1_665' title='bbox 2387 3913 2527 3964; x_wconf 76' lang='lat' dir='ltr'><strong>vobis</strong></span> <span class='ocrx_word' id='word_1_666' title='bbox 2560 3917 2745 3967; x_wconf 79' lang='lat' dir='ltr'><strong>domus</strong></span> <span class='ocrx_word' id='word_1_667' title='bbox 2783 3928 2953 3970; x_wconf 73' lang='lat' dir='ltr'><strong>vestra</strong></span> <span class='ocrx_word' id='word_1_668' title='bbox 2989 3921 3197 3974; x_wconf 82' lang='lat' dir='ltr'><strong>deserta</strong></span> <span class='ocrx_word' id='word_1_669' title='bbox 3219 3923 3261 3976; x_wconf 81' lang='grc'><strong>⁵.</strong></span> 
     </span>
    </p>
   </div>
   <div class='ocr_carea' id='block_1_82' title="bbox 1933 3987 3444 4082">
    <p class='ocr_par' dir='ltr' id='par_1_82' title="bbox 1933 3987 3444 4082">
     <span class='ocr_line' id='line_1_82' title="bbox 1933 3987 3444 4082; baseline 0.012 -31"><span class='ocrx_word' id='word_1_670' title='bbox 1933 3999 1997 4052; x_wconf 81' lang='grc' dir='ltr'>ν.</span> <span class='ocrx_word' id='word_1_671' title='bbox 2043 4000 2109 4054; x_wconf 82' lang='grc' dir='ltr'>Ει</span> <span class='ocrx_word' id='word_1_672' title='bbox 2141 3987 2275 4055; x_wconf 82' lang='lat' dir='ltr'><strong>dixit</strong></span> <span class='ocrx_word' id='word_1_673' title='bbox 2309 4021 2322 4057; x_wconf 92' lang='lat'><strong>:</strong></span> <span class='ocrx_word' id='word_1_674' title='bbox 2355 4003 2606 4060; x_wconf 86' lang='lat' dir='ltr'><strong>Timebat</strong></span> <span class='ocrx_word' id='word_1_675' title='bbox 2655 4007 2918 4075; x_wconf 76' lang='lat' dir='ltr'><strong>Evagrius</strong></span> <span class='ocrx_word' id='word_1_676' title='bbox 2963 4026 3034 4066; x_wconf 88' lang='lat' dir='ltr'><strong>ne</strong></span> <span class='ocrx_word' id='word_1_677' title='bbox 3085 4015 3444 4082; x_wconf 82' lang='lat' dir='ltr'><strong>exprobraret</strong></span> 
     </span>
    </p>
   </div>
   <div class='ocr_carea' id='block_1_83' title="bbox 1859 4093 3442 4168">
    <p class='ocr_par' dir='ltr' id='par_1_83' title="bbox 1859 4093 3442 4168">
     <span class='ocr_line' id='line_1_83' title="bbox 1859 4093 3442 4168; baseline 0.008 -20"><span class='ocrx_word' id='word_1_678' title='bbox 1859 4093 1959 4149; x_wconf 88' lang='lat' dir='ltr'><strong>sibi</strong></span> <span class='ocrx_word' id='word_1_679' title='bbox 1985 4093 2238 4149; x_wconf 85' lang='lat' dir='ltr'><strong>Christus</strong></span> <span class='ocrx_word' id='word_1_680' title='bbox 2291 4106 2338 4149; x_wconf 88' lang='lat' dir='ltr'><strong>et</strong></span> <span class='ocrx_word' id='word_1_681' title='bbox 2377 4095 2582 4151; x_wconf 91' lang='lat' dir='ltr'><strong>diceret</strong></span> <span class='ocrx_word' id='word_1_682' title='bbox 2617 4117 2629 4153; x_wconf 90' lang='lat'><strong>:</strong></span> <span class='ocrx_word' id='word_1_683' title='bbox 2663 4098 2880 4168; x_wconf 78' lang='lat' dir='ltr'><strong>Evagri,</strong></span> <span class='ocrx_word' id='word_1_684' title='bbox 2921 4103 3204 4160; x_wconf 85' lang='lat' dir='ltr'><strong>laborabas</strong></span> <span class='ocrx_word' id='word_1_685' title='bbox 3254 4110 3442 4162; x_wconf 72' lang='lat' dir='ltr'><strong>morbo</strong></span> 
     </span>
    </p>
   </div>
   <div class='ocr_carea' id='block_1_84' title="bbox 1858 4188 3440 4266">
    <p class='ocr_par' dir='ltr' id='par_1_84' title="bbox 1858 4188 3440 4266">
     <span class='ocr_line' id='line_1_84' title="bbox 1858 4188 3440 4266; baseline 0.008 -27"><span class='ocrx_word' id='word_1_686' title='bbox 1858 4203 2008 4241; x_wconf 67' lang='lat' dir='ltr'><strong>vanae</strong></span> <span class='ocrx_word' id='word_1_687' title='bbox 2050 4188 2236 4258; x_wconf 74' lang='lat' dir='ltr'><strong>gloria:</strong></span> <span class='ocrx_word' id='word_1_688' title='bbox 2269 4205 2283 4243; x_wconf 92' lang='lat'><strong>:</strong></span> <span class='ocrx_word' id='word_1_689' title='bbox 2313 4197 2365 4245; x_wconf 90' lang='lat' dir='ltr'><strong>et</strong></span> <span class='ocrx_word' id='word_1_690' title='bbox 2405 4206 2504 4259; x_wconf 85' lang='lat' dir='ltr'><strong>ego</strong></span> <span class='ocrx_word' id='word_1_691' title='bbox 2564 4193 2887 4247; x_wconf 88' lang='lat' dir='ltr'><strong>medicinam</strong></span> <span class='ocrx_word' id='word_1_692' title='bbox 2927 4195 3020 4249; x_wconf 86' lang='lat' dir='ltr'><strong>tibi</strong></span> <span class='ocrx_word' id='word_1_693' title='bbox 3072 4197 3307 4266; x_wconf 83' lang='lat' dir='ltr'><strong>applicui</strong></span> <span class='ocrx_word' id='word_1_694' title='bbox 3349 4199 3440 4251; x_wconf 87' lang='lat' dir='ltr'><strong>de-</strong></span> 
     </span>
    </p>
   </div>
   <div class='ocr_carea' id='block_1_85' title="bbox 1857 4278 3436 4350">
    <p class='ocr_par' dir='ltr' id='par_1_85' title="bbox 1857 4278 3436 4350">
     <span class='ocr_line' id='line_1_85' title="bbox 1857 4278 3436 4350; baseline 0.006 -19"><span class='ocrx_word' id='word_1_695' title='bbox 1857 4278 2020 4332; x_wconf 83' lang='lat' dir='ltr'><strong>decus</strong></span> <span class='ocrx_word' id='word_1_696' title='bbox 2061 4279 2289 4347; x_wconf 87' lang='lat' dir='ltr'><strong>illatum,</strong></span> <span class='ocrx_word' id='word_1_697' title='bbox 2323 4289 2379 4334; x_wconf 87' lang='lat' dir='ltr'><strong>ut</strong></span> <span class='ocrx_word' id='word_1_698' title='bbox 2406 4297 2500 4350; x_wconf 90' lang='lat' dir='ltr'><strong>per</strong></span> <span class='ocrx_word' id='word_1_699' title='bbox 2526 4281 2655 4336; x_wconf 88' lang='lat' dir='ltr'><strong>illud</strong></span> <span class='ocrx_word' id='word_1_700' title='bbox 2690 4287 2982 4342; x_wconf 87' lang='lat' dir='ltr'><strong>curareris.</strong></span> <span class='ocrx_word' id='word_1_701' title='bbox 3020 4285 3098 4340; x_wconf 91' lang='grc' dir='ltr'>Τιι</span> <span class='ocrx_word' id='word_1_702' title='bbox 3134 4298 3312 4342; x_wconf 88' lang='lat' dir='ltr'><strong>tamen</strong></span> <span class='ocrx_word' id='word_1_703' title='bbox 3350 4306 3436 4342; x_wconf 84' lang='lat' dir='ltr'><strong>sa-</strong></span> 
     </span>
    </p>
   </div>
   <div class='ocr_carea' id='block_1_86' title="bbox 1855 4377 3434 4447">
    <p class='ocr_par' dir='ltr' id='par_1_86' title="bbox 1855 4377 3434 4447">
     <span class='ocr_line' id='line_1_86' title="bbox 1855 4377 3434 4447; baseline 0.005 -26"><span class='ocrx_word' id='word_1_704' title='bbox 1855 4377 2020 4423; x_wconf 86' lang='lat' dir='ltr'><strong>natus</strong></span> <span class='ocrx_word' id='word_1_705' title='bbox 2069 4385 2298 4437; x_wconf 87' lang='lat' dir='ltr'><strong>nones;</strong></span> <span class='ocrx_word' id='word_1_706' title='bbox 2346 4381 2401 4426; x_wconf 87' lang='lat' dir='ltr'><strong>et</strong></span> <span class='ocrx_word' id='word_1_707' title='bbox 2447 4387 2544 4440; x_wconf 89' lang='lat' dir='ltr'><strong>pro</strong></span> <span class='ocrx_word' id='word_1_708' title='bbox 2589 4387 2739 4429; x_wconf 81' lang='lat' dir='ltr'><strong>certo</strong></span> <span class='ocrx_word' id='word_1_709' title='bbox 2773 4387 3075 4442; x_wconf 87' lang='lat' dir='ltr'><strong>teneamus,</strong></span> <span class='ocrx_word' id='word_1_710' title='bbox 3133 4393 3200 4432; x_wconf 68' lang='lat' dir='ltr'><strong>ex</strong></span> <span class='ocrx_word' id='word_1_711' title='bbox 3248 4379 3312 4432; x_wconf 90' lang='lat' dir='ltr'><strong>iis</strong></span> <span class='ocrx_word' id='word_1_712' title='bbox 3343 4381 3434 4447; x_wconf 88' lang='lat' dir='ltr'><strong>qui</strong></span> 
     </span>
    </p>
   </div>
   <div class='ocr_carea' id='block_1_87' title="bbox 1855 4459 3434 4540">
    <p class='ocr_par' dir='ltr' id='par_1_87' title="bbox 1855 4459 3434 4540">
     <span class='ocr_line' id='line_1_87' title="bbox 1855 4459 3434 4540; baseline 0.009 -28"><span class='ocrx_word' id='word_1_713' title='bbox 1855 4459 1920 4515; x_wconf 87' lang='lat' dir='ltr'><strong>de</strong></span> <span class='ocrx_word' id='word_1_714' title='bbox 1955 4462 2110 4515; x_wconf 87' lang='lat' dir='ltr'><strong>nobis</strong></span> <span class='ocrx_word' id='word_1_715' title='bbox 2146 4462 2461 4531; x_wconf 88' lang='lat' dir='ltr'><strong>loquuntur,</strong></span> <span class='ocrx_word' id='word_1_716' title='bbox 2498 4480 2592 4520; x_wconf 84' lang='lat' dir='ltr'><strong>eos</strong></span> <span class='ocrx_word' id='word_1_717' title='bbox 2635 4465 2779 4522; x_wconf 89' lang='lat' dir='ltr'><strong>solos</strong></span> <span class='ocrx_word' id='word_1_718' title='bbox 2814 4484 2943 4522; x_wconf 79' lang='lat' dir='ltr'><strong>vera</strong></span> <span class='ocrx_word' id='word_1_719' title='bbox 2979 4470 3176 4538; x_wconf 84' lang='lat' dir='ltr'><strong>dicere,</strong></span> <span class='ocrx_word' id='word_1_720' title='bbox 3210 4471 3300 4540; x_wconf 87' lang='lat' dir='ltr'><strong>qui</strong></span> <span class='ocrx_word' id='word_1_721' title='bbox 3337 4485 3434 4527; x_wconf 88' lang='lat' dir='ltr'><strong>nos</strong></span> 
     </span>
    </p>
   </div>
   <div class='ocr_carea' id='block_1_88' title="bbox 1855 4553 3427 4628">
    <p class='ocr_par' dir='ltr' id='par_1_88' title="bbox 1855 4553 3427 4628">
     <span class='ocr_line' id='line_1_88' title="bbox 1855 4553 3427 4628; baseline 0.008 -25"><span class='ocrx_word' id='word_1_722' title='bbox 1855 4553 2180 4624; x_wconf 85' lang='lat' dir='ltr'><strong>vituperant.</strong></span> <span class='ocrx_word' id='word_1_723' title='bbox 2221 4556 2477 4612; x_wconf 91' lang='lat' dir='ltr'><strong>Dominus</strong></span> <span class='ocrx_word' id='word_1_724' title='bbox 2507 4560 2596 4628; x_wconf 90' lang='lat' dir='ltr'><strong>qui</strong></span> <span class='ocrx_word' id='word_1_725' title='bbox 2644 4569 2920 4615; x_wconf 87' lang='lat' dir='ltr'><strong>scrutatur</strong></span> <span class='ocrx_word' id='word_1_726' title='bbox 2959 4565 3120 4617; x_wconf 87' lang='lat' dir='ltr'><strong>corda</strong></span> <span class='ocrx_word' id='word_1_727' title='bbox 3155 4574 3206 4618; x_wconf 91' lang='lat' dir='ltr'><strong>et</strong></span> <span class='ocrx_word' id='word_1_728' title='bbox 3252 4579 3427 4625; x_wconf 72' lang='lat' dir='ltr'><strong>renes,</strong></span> 
     </span>
    </p>
   </div>
   <div class='ocr_carea' id='block_1_89' title="bbox 1855 4645 3431 4716">
    <p class='ocr_par' dir='ltr' id='par_1_89' title="bbox 1855 4645 3431 4716">
     <span class='ocr_line' id='line_1_89' title="bbox 1855 4645 3431 4716; baseline 0.004 -18"><span class='ocrx_word' id='word_1_729' title='bbox 1855 4645 1998 4699; x_wconf 85' lang='lat' dir='ltr'><strong>novit</strong></span> <span class='ocrx_word' id='word_1_730' title='bbox 2074 4662 2189 4700; x_wconf 88' lang='lat' dir='ltr'><strong>mea</strong></span> <span class='ocrx_word' id='word_1_731' title='bbox 2234 4647 2437 4713; x_wconf 86' lang='lat' dir='ltr'><strong>omnia,</strong></span> <span class='ocrx_word' id='word_1_732' title='bbox 2486 4653 2834 4716; x_wconf 87' lang='lat' dir='ltr'><strong>quantumvis</strong></span> <span class='ocrx_word' id='word_1_733' title='bbox 2885 4667 2980 4705; x_wconf 92' lang='lat' dir='ltr'><strong>ore</strong></span> <span class='ocrx_word' id='word_1_734' title='bbox 3017 4666 3254 4707; x_wconf 87' lang='lat' dir='ltr'><strong>consono</strong></span> <span class='ocrx_word' id='word_1_735' title='bbox 3299 4671 3431 4708; x_wconf 80' lang='lat' dir='ltr'><strong>eun-</strong></span> 
     </span>
    </p>
   </div>
   <div class='ocr_carea' id='block_1_90' title="bbox 1853 4737 3432 4810">
    <p class='ocr_par' dir='ltr' id='par_1_90' title="bbox 1853 4737 3432 4810">
     <span class='ocr_line' id='line_1_90' title="bbox 1853 4737 3432 4810; baseline 0.006 -20"><span class='ocrx_word' id='word_1_736' title='bbox 1853 4745 2060 4790; x_wconf 88' lang='lat' dir='ltr'><strong>ctorum</strong></span> <span class='ocrx_word' id='word_1_737' title='bbox 2093 4737 2369 4791; x_wconf 86' lang='lat' dir='ltr'><strong>hominum</strong></span> <span class='ocrx_word' id='word_1_738' title='bbox 2401 4739 2716 4808; x_wconf 81' lang='lat' dir='ltr'><strong>laudentur,</strong></span> <span class='ocrx_word' id='word_1_739' title='bbox 2752 4753 2805 4796; x_wconf 83' lang='lat' dir='ltr'><strong>et</strong></span> <span class='ocrx_word' id='word_1_740' title='bbox 2837 4743 3235 4810; x_wconf 85' lang='lat' dir='ltr'><strong>bcatiliccntnr,</strong></span> <span class='ocrx_word' id='word_1_741' title='bbox 3266 4749 3432 4802; x_wconf 85' lang='lat' dir='ltr'><strong>nihilo</strong></span> 
     </span>
    </p>
   </div>
   <div class='ocr_carea' id='block_1_91' title="bbox 1854 4830 3430 4906">
    <p class='ocr_par' dir='ltr' id='par_1_91' title="bbox 1854 4830 3430 4906">
     <span class='ocr_line' id='line_1_91' title="bbox 1854 4830 3430 4906; baseline 0.009 -26"><span class='ocrx_word' id='word_1_742' title='bbox 1854 4836 2032 4883; x_wconf 90' lang='lat' dir='ltr'><strong>tamen</strong></span> <span class='ocrx_word' id='word_1_743' title='bbox 2089 4830 2266 4884; x_wconf 90' lang='lat' dir='ltr'><strong>minus</strong></span> <span class='ocrx_word' id='word_1_744' title='bbox 2311 4832 2485 4899; x_wconf 89' lang='lat' dir='ltr'><strong>turpia</strong></span> <span class='ocrx_word' id='word_1_745' title='bbox 2535 4833 2893 4902; x_wconf 81' lang='lat' dir='ltr'><strong>desputabilia</strong></span> <span class='ocrx_word' id='word_1_746' title='bbox 2944 4847 2998 4890; x_wconf 88' lang='lat' dir='ltr'><strong>et</strong></span> <span class='ocrx_word' id='word_1_747' title='bbox 3043 4837 3238 4906; x_wconf 88' lang='lat' dir='ltr'><strong>probro</strong></span> <span class='ocrx_word' id='word_1_748' title='bbox 3273 4841 3430 4906; x_wconf 82' lang='lat' dir='ltr'><strong>digna</strong></span> 
     </span>
    </p>
   </div>
   <div class='ocr_carea' id='block_1_92' title="bbox 1850 4920 3430 4986">
    <p class='ocr_par' dir='ltr' id='par_1_92' title="bbox 1850 4920 3430 4986">
     <span class='ocr_line' id='line_1_92' title="bbox 1850 4920 3430 4986; baseline 0.005 -12"><span class='ocrx_word' id='word_1_749' title='bbox 1850 4934 1990 4974; x_wconf 88' lang='lat' dir='ltr'><strong>esse.</strong></span> <span class='ocrx_word' id='word_1_750' title='bbox 2027 4920 2080 4973; x_wconf 84' lang='lat' dir='ltr'><strong>Si</strong></span> <span class='ocrx_word' id='word_1_751' title='bbox 2112 4932 2290 4986; x_wconf 83' lang='lat' dir='ltr'><strong>autem</strong></span> <span class='ocrx_word' id='word_1_752' title='bbox 2339 4922 2625 4978; x_wconf 83' lang='lat' dir='ltr'><strong>adulantes</strong></span> <span class='ocrx_word' id='word_1_753' title='bbox 2655 4925 2784 4978; x_wconf 88' lang='lat' dir='ltr'><strong>mihi</strong></span> <span class='ocrx_word' id='word_1_754' title='bbox 2813 4926 2996 4980; x_wconf 81' lang='lat' dir='ltr'><strong>dicunt</strong></span> <span class='ocrx_word' id='word_1_755' title='bbox 3024 4942 3038 4978; x_wconf 86' lang='lat'><strong>:</strong></span> <span class='ocrx_word' id='word_1_756' title='bbox 3070 4925 3181 4981; x_wconf 83' lang='lat' dir='ltr'><strong>lloc</strong></span> <span class='ocrx_word' id='word_1_757' title='bbox 3208 4941 3259 4982; x_wconf 91' lang='lat' dir='ltr'><strong>et</strong></span> <span class='ocrx_word' id='word_1_758' title='bbox 3301 4931 3430 4982; x_wconf 88' lang='lat' dir='ltr'><strong>illud</strong></span> 
     </span>
    </p>
   </div>
   <div class='ocr_carea' id='block_1_93' title="bbox 1853 5014 3431 5088">
    <p class='ocr_par' dir='ltr' id='par_1_93' title="bbox 1853 5014 3431 5088">
     <span class='ocr_line' id='line_1_93' title="bbox 1853 5014 3431 5088; baseline 0.006 -20"><span class='ocrx_word' id='word_1_759' title='bbox 1853 5014 2047 5068; x_wconf 90' lang='lat' dir='ltr'><strong>bonum</strong></span> <span class='ocrx_word' id='word_1_760' title='bbox 2093 5015 2303 5084; x_wconf 77' lang='lat' dir='ltr'><strong>fecisti;</strong></span> <span class='ocrx_word' id='word_1_761' title='bbox 2351 5035 2451 5086; x_wconf 62' lang='lat' dir='ltr'><strong>ego</strong></span> <span class='ocrx_word' id='word_1_762' title='bbox 2507 5019 2851 5088; x_wconf 88' lang='lat' dir='ltr'><strong>respondeo:</strong></span> <span class='ocrx_word' id='word_1_763' title='bbox 2879 5021 3017 5085; x_wconf 84' lang='lat' dir='ltr'><strong>Quid</strong></span> <span class='ocrx_word' id='word_1_764' title='bbox 3071 5022 3214 5074; x_wconf 90' lang='lat' dir='ltr'><strong>enim</strong></span> <span class='ocrx_word' id='word_1_765' title='bbox 3256 5024 3308 5075; x_wconf 92' lang='lat' dir='ltr'><strong>in</strong></span> <span class='ocrx_word' id='word_1_766' title='bbox 3348 5025 3431 5077; x_wconf 87' lang='lat' dir='ltr'><strong>his</strong></span> 
     </span>
    </p>
   </div>
   <div class='ocr_carea' id='block_1_94' title="bbox 174 5084 1758 5177">
    <p class='ocr_par' dir='ltr' id='par_1_94' title="bbox 174 5084 1747 5165">
     <span class='ocr_line' id='line_1_94' title="bbox 174 5084 1747 5165; baseline 0.008 -28"><span class='ocrx_word' id='word_1_767' title='bbox 174 5101 238 5152; x_wconf 86' lang='grc' dir='ltr'><strong>με</strong></span> <span class='ocrx_word' id='word_1_768' title='bbox 275 5088 369 5138; x_wconf 73' lang='grc' dir='ltr'><strong>καὶ</strong></span> <span class='ocrx_word' id='word_1_769' title='bbox 395 5084 804 5150; x_wconf 80' lang='grc' dir='ltr'>ὲξουθενοῠντες</span> <span class='ocrx_word' id='word_1_770' title='bbox 829 5104 841 5115; x_wconf 92' lang='grc'><strong>·</strong></span> <span class='ocrx_word' id='word_1_771' title='bbox 880 5090 974 5142; x_wconf 77' lang='grc' dir='ltr'>καὶ</span> <span class='ocrx_word' id='word_1_772' title='bbox 1003 5090 1123 5142; x_wconf 80' lang='grc' dir='ltr'>οὐδὲ</span> <span class='ocrx_word' id='word_1_773' title='bbox 1153 5095 1334 5145; x_wconf 83' lang='grc' dir='ltr'>πᾶσαν</span> <span class='ocrx_word' id='word_1_774' title='bbox 1364 5095 1460 5163; x_wconf 83' lang='grc' dir='ltr'>τὴν</span> <span class='ocrx_word' id='word_1_775' title='bbox 1489 5095 1747 5165; x_wconf 78' lang='grc' dir='ltr'>ἀλήθειαν</span> 
     </span>
    </p>
   </div>
   <div class='ocr_carea' id='block_1_95' title="bbox 1863 5084 3430 5177">
    <p class='ocr_par' dir='ltr' id='par_1_95' title="bbox 1863 5110 3430 5171">
     <span class='ocr_line' id='line_1_95' title="bbox 1863 5110 3430 5171; baseline 0.008 -15"><span class='ocrx_word' id='word_1_776' title='bbox 1863 5120 2032 5159; x_wconf 88' lang='lat' dir='ltr'><strong>meum</strong></span> <span class='ocrx_word' id='word_1_777' title='bbox 2078 5119 2184 5171; x_wconf 85' lang='lat' dir='ltr'><strong>est,</strong></span> <span class='ocrx_word' id='word_1_778' title='bbox 2217 5124 2335 5161; x_wconf 76' lang='lat' dir='ltr'><strong>eum</strong></span> <span class='ocrx_word' id='word_1_779' title='bbox 2392 5110 2481 5164; x_wconf 82' lang='lat' dir='ltr'><strong>Dei</strong></span> <span class='ocrx_word' id='word_1_780' title='bbox 2524 5111 2632 5164; x_wconf 89' lang='lat' dir='ltr'><strong>sint</strong></span> <span class='ocrx_word' id='word_1_781' title='bbox 2677 5111 2728 5164; x_wconf 89' lang='lat' dir='ltr'><strong>in</strong></span> <span class='ocrx_word' id='word_1_782' title='bbox 2761 5110 2989 5164; x_wconf 88' lang='lat' dir='ltr'><strong>solidum</strong></span> <span class='ocrx_word' id='word_1_783' title='bbox 3038 5112 3174 5167; x_wconf 65' lang='lat' dir='ltr'><strong>bona</strong></span> <span class='ocrx_word' id='word_1_784' title='bbox 3208 5116 3430 5168; x_wconf 81' lang='lat' dir='ltr'><strong>omnia?</strong></span> 
     </span>
    </p>
   </div>
   <div class='ocr_carea' id='block_1_96' title="bbox 171 5175 1747 5254">
    <p class='ocr_par' dir='ltr' id='par_1_96' title="bbox 171 5175 1747 5254">
     <span class='ocr_line' id='line_1_96' title="bbox 171 5175 1747 5254; baseline 0.011 -28"><span class='ocrx_word' id='word_1_785' title='bbox 171 5175 412 5245; x_wconf 69' lang='grc' dir='ltr'>λέγουσι’</span> <span class='ocrx_word' id='word_1_786' title='bbox 441 5175 537 5230; x_wconf 62' lang='grc' dir='ltr'><strong>κα)⁵</strong></span> <span class='ocrx_word' id='word_1_787' title='bbox 586 5179 632 5230; x_wconf 77' lang='grc' dir='ltr'>εἰ</span> <span class='ocrx_word' id='word_1_788' title='bbox 659 5178 990 5248; x_wconf 77' lang='grc' dir='ltr'>ἠξιώθησαν,</span> <span class='ocrx_word' id='word_1_789' title='bbox 1019 5183 1080 5235; x_wconf 87' lang='grc' dir='ltr'><strong>ού</strong></span> <span class='ocrx_word' id='word_1_790' title='bbox 1112 5182 1254 5251; x_wconf 80' lang='grc' dir='ltr'>λέγω</span> <span class='ocrx_word' id='word_1_791' title='bbox 1282 5185 1342 5238; x_wconf 76' lang='grc' dir='ltr'>τὸ</span> <span class='ocrx_word' id='word_1_792' title='bbox 1373 5187 1609 5254; x_wconf 75' lang='grc' dir='ltr'>πέλαγος</span> <span class='ocrx_word' id='word_1_793' title='bbox 1639 5191 1747 5242; x_wconf 86' lang='grc' dir='ltr'><strong>τῶν</strong></span> 
     </span>
    </p>
   </div>
   <div class='ocr_carea' id='block_1_97' title="bbox 171 5267 1747 5349">
    <p class='ocr_par' dir='ltr' id='par_1_97' title="bbox 171 5267 1747 5349">
     <span class='ocr_line' id='line_1_97' title="bbox 171 5267 1747 5349; baseline 0.011 -32"><span class='ocrx_word' id='word_1_794' title='bbox 171 5267 315 5335; x_wconf 75' lang='grc' dir='ltr'>ἐμῶν</span> <span class='ocrx_word' id='word_1_795' title='bbox 358 5267 566 5319; x_wconf 82' lang='grc' dir='ltr'>κακῶν·</span> <span class='ocrx_word' id='word_1_796' title='bbox 611 5267 746 5321; x_wconf 82' lang='grc' dir='ltr'><strong>ἀλλά</strong></span> <span class='ocrx_word' id='word_1_797' title='bbox 799 5286 850 5321; x_wconf 90' lang='grc' dir='ltr'><strong>τι</strong></span> <span class='ocrx_word' id='word_1_798' title='bbox 909 5272 1074 5341; x_wconf 81' lang='grc' dir='ltr'>μέρος</span> <span class='ocrx_word' id='word_1_799' title='bbox 1125 5273 1274 5336; x_wconf 72' lang='grc' dir='ltr'>ἰδεῖν,</span> <span class='ocrx_word' id='word_1_800' title='bbox 1316 5276 1747 5349; x_wconf 75' lang='grc' dir='ltr'>ἀπεστράφησαν</span> 
     </span>
    </p>
   </div>
   <div class='ocr_carea' id='block_1_98' title="bbox 169 5357 1746 5442">
    <p class='ocr_par' dir='ltr' id='par_1_98' title="bbox 169 5357 1746 5442">
     <span class='ocr_line' id='line_1_98' title="bbox 169 5357 1746 5442; baseline 0.01 -31"><span class='ocrx_word' id='word_1_801' title='bbox 169 5357 232 5411; x_wconf 83' lang='grc' dir='ltr'>ἆν</span> <span class='ocrx_word' id='word_1_802' title='bbox 281 5357 377 5410; x_wconf 76' lang='grc' dir='ltr'>καὶ</span> <span class='ocrx_word' id='word_1_803' title='bbox 419 5358 529 5410; x_wconf 84' lang='grc' dir='ltr'>ἀπὸ</span> <span class='ocrx_word' id='word_1_804' title='bbox 561 5360 825 5433; x_wconf 79' lang='grc' dir='ltr'>βορϐόρου</span> <span class='ocrx_word' id='word_1_805' title='bbox 867 5365 960 5416; x_wconf 81' lang='grc' dir='ltr'>καὶ</span> <span class='ocrx_word' id='word_1_806' title='bbox 1006 5363 1269 5428; x_wconf 79' lang='grc' dir='ltr'>δυσωδίας</span> <span class='ocrx_word' id='word_1_807' title='bbox 1302 5369 1394 5420; x_wconf 77' lang='grc' dir='ltr'>καὶ</span> <span class='ocrx_word' id='word_1_808' title='bbox 1436 5371 1746 5442; x_wconf 82' lang='grc' dir='ltr'>ἀκαθάρτου</span> 
     </span>
    </p>
   </div>
   <div class='ocr_carea' id='block_1_99' title="bbox 169 5450 1745 5530">
    <p class='ocr_par' dir='ltr' id='par_1_99' title="bbox 169 5450 1745 5530">
     <span class='ocr_line' id='line_1_99' title="bbox 169 5450 1745 5530; baseline 0.011 -28"><span class='ocrx_word' id='word_1_809' title='bbox 169 5450 481 5520; x_wconf 87' lang='grc' dir='ltr'>πνεύματος</span> <span class='ocrx_word' id='word_1_810' title='bbox 526 5451 626 5520; x_wconf 81' lang='grc' dir='ltr'>τῆς</span> <span class='ocrx_word' id='word_1_811' title='bbox 671 5455 947 5525; x_wconf 80' lang='grc' dir='ltr'>ἡμετέρας</span> <span class='ocrx_word' id='word_1_812' title='bbox 977 5456 1174 5528; x_wconf 77' lang='grc' dir='ltr'>ψυχῆς·</span> <span class='ocrx_word' id='word_1_813' title='bbox 1213 5463 1306 5512; x_wconf 73' lang='grc' dir='ltr'>καὶ</span> <span class='ocrx_word' id='word_1_814' title='bbox 1341 5462 1436 5514; x_wconf 80' lang='grc' dir='ltr'><strong>ἐὰν</strong></span> <span class='ocrx_word' id='word_1_815' title='bbox 1482 5464 1745 5530; x_wconf 78' lang='grc' dir='ltr'>γένωνται</span> 
     </span>
    </p>
   </div>
   <div class='ocr_carea' id='block_1_100' title="bbox 168 5539 1740 5626">
    <p class='ocr_par' dir='ltr' id='par_1_100' title="bbox 168 5539 1740 5626">
     <span class='ocr_line' id='line_1_100' title="bbox 168 5539 1740 5626; baseline 0.011 -33"><span class='ocrx_word' id='word_1_816' title='bbox 168 5541 234 5594; x_wconf 74' lang='grc' dir='ltr'>τὰ</span> <span class='ocrx_word' id='word_1_817' title='bbox 257 5539 486 5612; x_wconf 81' lang='grc' dir='ltr'>σώματα</span> <span class='ocrx_word' id='word_1_818' title='bbox 531 5543 641 5598; x_wconf 83' lang='grc' dir='ltr'><strong>τῶν</strong></span> <span class='ocrx_word' id='word_1_819' title='bbox 670 5545 975 5616; x_wconf 86' lang='grc' dir='ltr'>ἀνθρώπων</span> <span class='ocrx_word' id='word_1_820' title='bbox 1004 5550 1247 5616; x_wconf 81' lang='grc' dir='ltr'>γλῶσσαι</span> <span class='ocrx_word' id='word_1_821' title='bbox 1282 5556 1362 5614; x_wconf 88' lang='grc' dir='ltr'><strong>είς</strong></span> <span class='ocrx_word' id='word_1_822' title='bbox 1388 5553 1449 5605; x_wconf 82' lang='grc' dir='ltr'>τὸ</span> <span class='ocrx_word' id='word_1_823' title='bbox 1482 5556 1740 5626; x_wconf 80' lang='grc' dir='ltr'>λοιδορεῖν</span> 
     </span>
    </p>
   </div>
   <div class='ocr_carea' id='block_1_101' title="bbox 169 5631 1738 5717">
    <p class='ocr_par' dir='ltr' id='par_1_101' title="bbox 169 5631 1738 5717">
     <span class='ocr_line' id='line_1_101' title="bbox 169 5631 1738 5717; baseline 0.01 -31"><span class='ocrx_word' id='word_1_824' title='bbox 169 5631 336 5703; x_wconf 72' lang='grc' dir='ltr'>ἡμᾶς,</span> <span class='ocrx_word' id='word_1_825' title='bbox 366 5636 671 5706; x_wconf 81' lang='grc' dir='ltr'>πέπεισμαι</span> <span class='ocrx_word' id='word_1_826' title='bbox 699 5638 780 5690; x_wconf 83' lang='grc' dir='ltr'>ὅτι</span> <span class='ocrx_word' id='word_1_827' title='bbox 806 5639 980 5703; x_wconf 77' lang='grc' dir='ltr'>οὐδεὶς</span> <span class='ocrx_word' id='word_1_828' title='bbox 1001 5641 1220 5697; x_wconf 87' lang='grc' dir='ltr'>δύναται</span> <span class='ocrx_word' id='word_1_829' title='bbox 1246 5644 1410 5712; x_wconf 78' lang='grc' dir='ltr'>ἀξίως</span> <span class='ocrx_word' id='word_1_830' title='bbox 1442 5648 1613 5699; x_wconf 79' lang='grc' dir='ltr'>εἰπεῖν</span> <span class='ocrx_word' id='word_1_831' title='bbox 1642 5648 1738 5717; x_wconf 79' lang='grc' dir='ltr'>τὴν</span> 
     </span>
    </p>
   </div>
   <div class='ocr_carea' id='block_1_102' title="bbox 244 5798 1593 5886">
    <p class='ocr_par' dir='ltr' id='par_1_102' title="bbox 244 5798 1593 5886">
     <span class='ocr_line' id='line_1_102' title="bbox 244 5798 1593 5886; baseline 0.017 -33"><span class='ocrx_word' id='word_1_832' title='bbox 244 5798 266 5832; x_wconf 88' lang='grc'><em>³</em></span> <span class='ocrx_word' id='word_1_833' title='bbox 291 5799 459 5859; x_wconf 73' lang='lat' dir='ltr'><strong>Exod.</strong></span> <span class='ocrx_word' id='word_1_834' title='bbox 495 5819 553 5872; x_wconf 88' lang='lat' dir='ltr'><strong>tt,</strong></span> <span class='ocrx_word' id='word_1_835' title='bbox 584 5805 671 5864; x_wconf 71' lang='lat'><strong>22.</strong></span> <span class='ocrx_word' id='word_1_836' title='bbox 753 5812 768 5842; x_wconf 71' lang='lat'>‘</span> <span class='ocrx_word' id='word_1_837' title='bbox 795 5810 903 5867; x_wconf 84' lang='lat' dir='ltr'><strong>Jcr.</strong></span> <span class='ocrx_word' id='word_1_838' title='bbox 938 5829 993 5880; x_wconf 86' lang='lat' dir='ltr'><strong>ll,</strong></span> <span class='ocrx_word' id='word_1_839' title='bbox 1034 5816 1083 5869; x_wconf 72' lang='lat'><strong>9.</strong></span> <span class='ocrx_word' id='word_1_840' title='bbox 1156 5816 1324 5873; x_wconf 63' lang='lat' dir='ltr'><strong>flare.</strong></span> <span class='ocrx_word' id='word_1_841' title='bbox 1365 5834 1482 5886; x_wconf 71' lang='lat' dir='ltr'><strong>xm,</strong></span> <span class='ocrx_word' id='word_1_842' title='bbox 1512 5818 1593 5876; x_wconf 72' lang='grc' dir='ltr'>δι.</span> 
     </span>
    </p>
   </div>
   <div class='ocr_carea' id='block_1_103' title="bbox 1856 5194 3429 5272">
    <p class='ocr_par' dir='ltr' id='par_1_103' title="bbox 1856 5194 3429 5272">
     <span class='ocr_line' id='line_1_103' title="bbox 1856 5194 3429 5272; baseline 0.008 -24"><span class='ocrx_word' id='word_1_843' title='bbox 1856 5194 2023 5249; x_wconf 89' lang='lat' dir='ltr'><strong>Nemo</strong></span> <span class='ocrx_word' id='word_1_844' title='bbox 2066 5198 2308 5266; x_wconf 88' lang='lat' dir='ltr'><strong>profecto</strong></span> <span class='ocrx_word' id='word_1_845' title='bbox 2344 5202 2408 5253; x_wconf 85' lang='lat' dir='ltr'><strong>de</strong></span> <span class='ocrx_word' id='word_1_846' title='bbox 2458 5217 2541 5255; x_wconf 78' lang='lat' dir='ltr'><strong>ure</strong></span> <span class='ocrx_word' id='word_1_847' title='bbox 2583 5203 2862 5265; x_wconf 84' lang='lat' dir='ltr'><strong>incutitur,</strong></span> <span class='ocrx_word' id='word_1_848' title='bbox 2915 5204 3013 5255; x_wconf 80' lang='lat' dir='ltr'><strong>nisi</strong></span> <span class='ocrx_word' id='word_1_849' title='bbox 3063 5204 3152 5272; x_wconf 89' lang='lat' dir='ltr'><strong>qui</strong></span> <span class='ocrx_word' id='word_1_850' title='bbox 3191 5221 3276 5260; x_wconf 87' lang='lat' dir='ltr'><strong>me</strong></span> <span class='ocrx_word' id='word_1_851' title='bbox 3323 5205 3429 5261; x_wconf 64' lang='lat' dir='ltr'><strong>lauo</strong></span> 
     </span>
    </p>
   </div>
   <div class='ocr_carea' id='block_1_104' title="bbox 1857 5286 3424 5364">
    <p class='ocr_par' dir='ltr' id='par_1_104' title="bbox 1857 5286 3424 5364">
     <span class='ocr_line' id='line_1_104' title="bbox 1857 5286 3424 5364; baseline 0.009 -26"><span class='ocrx_word' id='word_1_852' title='bbox 1857 5286 1984 5340; x_wconf 88' lang='lat' dir='ltr'><strong>dant</strong></span> <span class='ocrx_word' id='word_1_853' title='bbox 2034 5299 2084 5341; x_wconf 89' lang='lat' dir='ltr'><strong>et</strong></span> <span class='ocrx_word' id='word_1_854' title='bbox 2115 5290 2328 5344; x_wconf 86' lang='lat' dir='ltr'><strong>beatum</strong></span> <span class='ocrx_word' id='word_1_855' title='bbox 2359 5292 2670 5360; x_wconf 70' lang='lat' dir='ltr'><strong>prtetlieant.</strong></span> <span class='ocrx_word' id='word_1_856' title='bbox 2706 5292 2875 5348; x_wconf 74' lang='lat' dir='ltr'><strong>Nemo</strong></span> <span class='ocrx_word' id='word_1_857' title='bbox 2905 5296 2968 5348; x_wconf 91' lang='lat' dir='ltr'><strong>de</strong></span> <span class='ocrx_word' id='word_1_858' title='bbox 3003 5312 3085 5349; x_wconf 89' lang='lat' dir='ltr'><strong>me</strong></span> <span class='ocrx_word' id='word_1_859' title='bbox 3119 5311 3244 5351; x_wconf 88' lang='lat' dir='ltr'><strong>vera</strong></span> <span class='ocrx_word' id='word_1_860' title='bbox 3272 5298 3424 5364; x_wconf 84' lang='lat' dir='ltr'><strong>dicit,</strong></span> 
     </span>
    </p>
   </div>
   <div class='ocr_carea' id='block_1_105' title="bbox 1857 5377 3425 5448">
    <p class='ocr_par' dir='ltr' id='par_1_105' title="bbox 1857 5377 3425 5448">
     <span class='ocr_line' id='line_1_105' title="bbox 1857 5377 3425 5448; baseline 0.009 -19"><span class='ocrx_word' id='word_1_861' title='bbox 1857 5377 1954 5431; x_wconf 89' lang='lat' dir='ltr'><strong>nisi</strong></span> <span class='ocrx_word' id='word_1_862' title='bbox 1989 5378 2077 5445; x_wconf 90' lang='lat' dir='ltr'><strong>qui</strong></span> <span class='ocrx_word' id='word_1_863' title='bbox 2113 5395 2196 5434; x_wconf 90' lang='lat' dir='ltr'><strong>me</strong></span> <span class='ocrx_word' id='word_1_864' title='bbox 2230 5383 2439 5448; x_wconf 86' lang='lat' dir='ltr'><strong>probris</strong></span> <span class='ocrx_word' id='word_1_865' title='bbox 2473 5393 2701 5437; x_wconf 86' lang='lat' dir='ltr'><strong>onerant</strong></span> <span class='ocrx_word' id='word_1_866' title='bbox 2757 5394 2810 5438; x_wconf 78' lang='lat' dir='ltr'><strong>et</strong></span> <span class='ocrx_word' id='word_1_867' title='bbox 2847 5385 2996 5439; x_wconf 88' lang='lat' dir='ltr'><strong>nihili</strong></span> <span class='ocrx_word' id='word_1_868' title='bbox 3042 5387 3425 5443; x_wconf 86' lang='lat' dir='ltr'><strong>homunculum</strong></span> 
     </span>
    </p>
   </div>
   <div class='ocr_carea' id='block_1_106' title="bbox 1855 5468 3422 5544">
    <p class='ocr_par' dir='ltr' id='par_1_106' title="bbox 1855 5468 3422 5544">
     <span class='ocr_line' id='line_1_106' title="bbox 1855 5468 3422 5544; baseline 0.008 -25"><span class='ocrx_word' id='word_1_869' title='bbox 1855 5468 2002 5520; x_wconf 84' lang='lat' dir='ltr'><strong>aiunt</strong></span> <span class='ocrx_word' id='word_1_870' title='bbox 2026 5473 2164 5524; x_wconf 77' lang='lat' dir='ltr'><strong>esse.</strong></span> <span class='ocrx_word' id='word_1_871' title='bbox 2195 5472 2346 5536; x_wconf 78' lang='lat' dir='ltr'><strong>Quod</strong></span> <span class='ocrx_word' id='word_1_872' title='bbox 2375 5473 2418 5526; x_wconf 88' lang='lat' dir='ltr'><strong>si</strong></span> <span class='ocrx_word' id='word_1_873' title='bbox 2445 5471 2574 5542; x_wconf 87' lang='lat' dir='ltr'><strong>ipsis</strong></span> <span class='ocrx_word' id='word_1_874' title='bbox 2601 5476 2960 5544; x_wconf 81' lang='lat' dir='ltr'><strong>contingeret,</strong></span> <span class='ocrx_word' id='word_1_875' title='bbox 2984 5477 3227 5530; x_wconf 87' lang='lat' dir='ltr'><strong>uondieo</strong></span> <span class='ocrx_word' id='word_1_876' title='bbox 3255 5487 3422 5532; x_wconf 84' lang='lat' dir='ltr'><strong>totum</strong></span> 
     </span>
    </p>
   </div>
   <div class='ocr_carea' id='block_1_107' title="bbox 1848 5559 3426 5635">
    <p class='ocr_par' dir='ltr' id='par_1_107' title="bbox 1848 5559 3426 5635">
     <span class='ocr_line' id='line_1_107' title="bbox 1848 5559 3426 5635; baseline 0.006 -22"><span class='ocrx_word' id='word_1_877' title='bbox 1848 5559 2069 5627; x_wconf 82' lang='lat' dir='ltr'><strong>pelagus</strong></span> <span class='ocrx_word' id='word_1_878' title='bbox 2119 5563 2380 5616; x_wconf 84' lang='lat' dir='ltr'><strong>malorum</strong></span> <span class='ocrx_word' id='word_1_879' title='bbox 2417 5580 2681 5630; x_wconf 82' lang='lat' dir='ltr'><strong>nieorum,</strong></span> <span class='ocrx_word' id='word_1_880' title='bbox 2727 5567 2820 5620; x_wconf 90' lang='lat' dir='ltr'><strong>sed</strong></span> <span class='ocrx_word' id='word_1_881' title='bbox 2859 5567 2938 5620; x_wconf 91' lang='lat' dir='ltr'><strong>vel</strong></span> <span class='ocrx_word' id='word_1_882' title='bbox 2970 5577 3177 5635; x_wconf 84' lang='lat' dir='ltr'><strong>partem</strong></span> <span class='ocrx_word' id='word_1_883' title='bbox 3229 5570 3426 5623; x_wconf 86' lang='lat' dir='ltr'><strong>horum.</strong></span> 
     </span>
    </p>
   </div>
   <div class='ocr_carea' id='block_1_108' title="bbox 1848 5650 3426 5726">
    <p class='ocr_par' dir='ltr' id='par_1_108' title="bbox 1848 5650 3426 5726">
     <span class='ocr_line' id='line_1_108' title="bbox 1848 5650 3426 5726; baseline 0.007 -23"><span class='ocrx_word' id='word_1_884' title='bbox 1848 5650 2081 5718; x_wconf 83' lang='lat' dir='ltr'><strong>aliquam</strong></span> <span class='ocrx_word' id='word_1_885' title='bbox 2112 5653 2292 5708; x_wconf 81' lang='lat' dir='ltr'><strong>videre</strong></span> <span class='ocrx_word' id='word_1_886' title='bbox 2320 5693 2335 5716; x_wconf 83' lang='lat'>.</span> <span class='ocrx_word' id='word_1_887' title='bbox 2367 5666 2672 5711; x_wconf 83' lang='lat' dir='ltr'><strong>averterent</strong></span> <span class='ocrx_word' id='word_1_888' title='bbox 2709 5658 2892 5726; x_wconf 85' lang='lat' dir='ltr'><strong>Illique</strong></span> <span class='ocrx_word' id='word_1_889' title='bbox 2946 5673 3004 5712; x_wconf 87' lang='lat' dir='ltr'><strong>se</strong></span> <span class='ocrx_word' id='word_1_890' title='bbox 3052 5675 3079 5712; x_wconf 69' lang='grc' dir='ltr'><strong>ιι</strong></span> <span class='ocrx_word' id='word_1_891' title='bbox 3121 5659 3289 5714; x_wconf 72' lang='lat' dir='ltr'><strong>fetore</strong></span> <span class='ocrx_word' id='word_1_892' title='bbox 3320 5659 3426 5714; x_wconf 75' lang='lat' dir='ltr'><strong>luti.</strong></span> 
     </span>
    </p>
   </div>
  </div>
