4010 6460
530 437 666 504 1687

1818 441 2113 504 ΖΟΞΙΜᾹΞ
2147 439 2462 500 ABBATIS

3626 434 3766 498 1688

536 566 640 608 tam
700 553 866 619 foedi,
927 553 1264 624 pestilentem
1320 567 1505 609 auram
1558 552 1720 608 ﬂatus
1784 547 2089 610 nostrarum

2211 551 2351 624 lipth
2387 549 2633 622 ἀτιμίαν·
2663 549 2770 613 πᾶς
2791 549 2900 618 γὰρ
2927 546 3200 617 λοιδορῶν,
3237 545 3398 616 μέρος
3423 542 3592 612 λέγει·
3617 544 3686 597 τά
3709 543 3766 612 ίδ

527 647 832 700 animarum
865 643 1005 699 ferre
1053 658 1158 699 non
1202 643 1460 701 valentes.
1505 645 1644 714 Quin
1673 647 1757 701 vel
1800 646 1844 701 si
1896 653 2088 700 cuncta

534 739 892 791 humanorum
947 737 1187 792 membra
1236 752 1523 808 corporum
1567 739 1702 794 nihil
1755 739 1857 794 nisi
1895 739 2090 809 lingua:

530 839 711 884 essent
744 827 812 883 ad
860 842 958 883 nos
987 827 1344 897 increpandos
1387 837 1444 885 et
1483 830 1740 887 conviciis
1785 829 2089 885 obruendos

533 919 748 974 assidue
790 919 1062 986 clamosae,
1119 935 1414 990 persuasus
1462 936 1605 988 sum,
1661 934 1762 976 nec
1810 921 1890 976 sic
1930 933 2091 990 posse

530 1011 664 1066 satis
695 1010 857 1082 digne
899 1011 1157 1067 vilitatem
1211 1021 1451 1068 nostram
1498 1021 1551 1068 et
1593 1012 1944 1083 ignominiam
1982 1019 2091 1066 tra-

530 1103 672 1157 duci.
708 1102 841 1157 Nam
884 1104 1189 1173 quicunque
1235 1119 1333 1161 nos
1377 1104 1670 1174 vituperat,
1701 1113 1908 1172 partem
1953 1103 2092 1157 dun-

532 1202 680 1246 taxat
728 1194 904 1264 carpit
949 1208 1255 1250 memorans
1293 1194 1526 1265 aliquam
1578 1203 1883 1250 nostrorum
1929 1192 2090 1248 vitio-

532 1299 652 1337 rum
682 1301 696 1338 :
728 1284 949 1339 multum
993 1295 1170 1340 autem
1202 1287 1377 1354 abest,
1407 1288 1473 1341 ab
1501 1285 1751 1342 omnibus
1786 1284 2088 1340 noscendis.

533 1373 590 1429 Si
613 1375 756 1429 enim
781 1374 962 1443 iustus
981 1373 1079 1431 Job
1097 1377 1174 1431 ait
1199 1397 1212 1431 :
1238 1374 1435 1432 Plenus
1456 1377 1749 1447 ignominia
1769 1392 1860 1446 ego
1880 1391 1994 1431 sum
2009 1375 2052 1407 ⁸·
2074 1393 2088 1429 :

531 1477 585 1520 et
609 1467 751 1536 quod
779 1466 992 1536 plenum
1023 1476 1127 1534 est,
1164 1466 1368 1522 nullam
1399 1475 1604 1536 partem
1637 1465 1797 1521 habet
1822 1479 2044 1520 vacuam
2074 1482 2088 1519 :

531 1574 635 1614 nos
664 1559 792 1627 quid
824 1557 1086 1620 dicemus,
1135 1559 1225 1628 qui
1269 1571 1420 1613 mare
1464 1556 1727 1612 malorum
1767 1557 1992 1613 sumus?
2033 1553 2091 1610 ln

532 1651 680 1706 omni
708 1659 929 1720 peccato
967 1649 1270 1704 humiliavit
1312 1664 1412 1706 nos
1444 1649 1546 1705 sibi
1587 1648 1877 1715 subiiciens
1909 1647 2096 1703 diabo-

535 1742 637 1800 lus.
673 1741 864 1797 Nostra
908 1742 1136 1796 interest
1164 1747 1318 1812 grate
1364 1741 1611 1811 accipere
1639 1739 1853 1810 qu0ties
1898 1738 1968 1792 ab
1997 1738 2096 1792 ho-

2193 643 2371 698 πάντα
2390 645 2452 697 ού
2467 642 2689 696 δύναται
2714 641 2933 695 ειδέναι·
2956 641 3004 694 εί
3023 639 3130 711 γὰρ
3148 640 3178 691 ό
3199 638 3404 700 δίκαιος
3440 636 3558 690 Ἰὼϐ
3581 633 3762 701 εἶπεν,

2192 737 2274 790 ὅτι
2297 733 2542 804 Πλήρης
2561 733 2794 804 ἀτιμίας
2821 732 2958 803 ειμι·
2993 732 3052 785 τὸ
3073 732 3129 786 δέ
3157 729 3371 802 πλήρης
3402 729 3553 782 οὐδὲν
3581 728 3768 782 ἐπιδέ-

2193 843 2366 898 χεται·
2384 826 2542 898 ἡμεῖς
2565 826 2814 897 εἴπομεν,
2834 824 3070 891 πέλαγος
3097 821 3249 885 ὄντες
3277 820 3480 875 κακῶν·
3500 820 3589 872 Ἐν
3604 820 3771 874 παντὶ

2191 919 2550 989 ἁμαρτήματι
2576 915 2939 971 ἐταπείνωσεν
2962 916 3118 985 ἡμᾶς
3135 914 3163 966 ὁ
3189 913 3433 976 διάϐολος
3451 952 3465 976 ,
3503 913 3600 966 καὶ
3625 911 3774 981 ὀφείο

2191 1010 2357 1081 λομεν
2382 1008 2724 1082 εὐγνώμονες
2748 1006 3004 1077 γενέσθαι
3028 1008 3126 1078 τῆς
3172 1003 3556 1068 ταπεινώσεως
3585 1006 3619 1073 ἡ
3629 1003 3767 1073 μῶν·

2190 1100 2239 1154 oi
2264 1101 2372 1170 γὰρ
2396 1099 2735 1173 εὐγνώμονες
2754 1099 3034 1171 γενόμενοι
3057 1098 3156 1168 τῆς
3179 1096 3359 1150 αὐτῶν
3386 1093 3773 1157 ταπεινώσεως

2194 1188 2542 1264 συντρίϐουσι
2581 1194 2674 1248 τὸν
2698 1193 2962 1248 διάϐολον.
3001 1192 3112 1247 Καὶ
3147 1185 3327 1253 καθὼς
3358 1185 3509 1259 εἷπον
3547 1187 3595 1240 οἱ
3622 1185 3772 1253 ἅγιοι

2193 1286 2454 1357 Πατέρες·
2485 1285 2580 1339 ἐὰν
2612 1285 2906 1358 κατενεχθῇ
2935 1285 2969 1356 ἡ
3000 1284 3332 1347 ταπείνωσις
3365 1284 3443 1344 εἰς
3471 1279 3563 1333 τὸν
3609 1277 3770 1349 ᾅδην,

2193 1385 2273 1447 είς
2299 1383 2389 1436 τὸν
2422 1383 2650 1453 οὐρανὸν
2693 1382 2976 1450 ἀνάγεται·
3013 1381 3109 1435 καὶ
3136 1379 3232 1434 ἐάν
3262 1377 3449 1448 ύψωθῇ
3484 1377 3516 1444 ἡ
3558 1375 3774 1444 ὑπερη-

2193 1473 2360 1541 «pavi:
2391 1470 2496 1534 ἕως
2521 1469 2614 1524 τοῦ
2648 1469 2900 1540 ούρανοῦ,
2931 1468 3233 1536 κατάγεται
3260 1468 3340 1528 είς
3376 1465 3467 1517 τὸν
3499 1463 3655 1534 ᾅδην·
3689 1460 3776 1523 τίς

2195 1563 2370 1619 πείθει
2401 1562 2530 1617 ποτέ
2558 1561 3024 1632 τεταπεινωμένον
3069 1557 3263 1624 πλέξαι
3296 1556 3588 1625 λογισμοὺς
3631 1550 3777 1606 κατά

2193 1652 2417 1724 τινος,ἢ
2452 1652 2553 1706 κᾶν
2599 1651 2884 1718 ἀνέξεσθαι
2937 1649 3260 1723 μέμψασθαί
3300 1645 3517 1714 τινα,ἧ
3555 1642 3774 1712 βάλλειν

2195 1747 2379 1801 ἐπάνω
2409 1745 2568 1800 άλλου
2605 1745 2814 1811 αίτίαν;
2844 1745 2953 1798 πᾶν
2985 1743 3096 1813 γὰρ
3124 1739 3302 1796 ὁτιοῦν
3337 1738 3484 1808 πάθῃ
3513 1739 3540 1789 ό
3573 1749 3774 1788 ταπει-

533 1833 772 1889 minibus
829 1833 898 1888 ob
947 1831 1173 1904 quodvis
1221 1840 1500 1902 peccatum
1557 1831 1924 1886 humiliamur.
1992 1829 2091 1896 Qui

2211 1837 2344 1908 νδςῆ
2393 1836 2645 1899 ἀκούσει,
2679 1834 2933 1906 ἀφορμὴν
2971 1832 3239 1902 λαμϐάνει
3271 1831 3350 1892 είς
3383 1829 3443 1881 τὸ
3483 1823 3777 1893 καταμέμ-

532 1926 676 1980 enim
708 1926 788 1981 sic
825 1898 1033 1980 faciunt
1071 1898 1404 1980 ulciscuntur
1433 1923 1704 1979 diabolum
1732 1941 1746 1976 :
1778 1937 1902 1977 eum
1936 1923 2093 1977 vicis-

2211 1898 2392 1995 ρεσθαι
2423 1925 2518 1978 καὶ
2552 1898 3163 1995 ὑϐρίζειν-ἐαυτόνδκαὶ
3190 1920 3466 1990 ἐμέμνητο
3489 1915 3582 1968 τοῦ
3627 1911 3778 1968 ἀδεᾶ

535 2016 638 2072 sim
688 2017 741 2071 in
794 2017 936 2071 omni
979 2024 1226 2086 peccato,
1278 2016 1432 2085 cujus
1477 2029 1692 2086 poenam
1744 2013 1971 2069 libenter
2022 2014 2093 2067 ita

2211 2016 2480 2079 Μωῦσέως
2510 2017 2600 2069 ὅτε
2629 2014 2914 2082 ἐξέϐαλλον
2943 2013 3105 2066 αὑτὸν
3141 2013 3191 2064 ot
3221 2009 3471 2082 κληρικοὶ
3501 2006 3593 2059 τοῦ
3627 2007 3779 2072 ἱερα-

537 2108 770 2177 luimus,
824 2117 1186 2163 conterentes.
1243 2105 1555 2177 Siquidem,
1605 2115 1666 2161 ut
1714 2105 1866 2160 aiunt
1918 2102 2095 2159 sancti

2211 2108 2370 2170 τείου,
2399 2106 2644 2169 εἰπόντες
2675 2103 2846 2175 αύτῷ·
2874 2103 3093 2171 ’Υπαγε
3120 2102 3223 2167 ἔξω
3243 2141 3257 2165 ,
3281 2097 3491 2166 Αἰθίοψ.
3530 2096 3640 2149 Καὶ
3677 2095 3778 2165 ἧρ-

535 2197 748 2262 l'atres,
771 2198 817 2253 si
850 2198 1184 2268 deprimatur
1205 2196 1479 2252 humilitas
1503 2211 1669 2266 usque
1699 2196 1766 2251 ad
1790 2194 2058 2250 infernum
2078 2233 2094 2260 ,

2211 2200 2333 2266 Ξατο
2354 2198 2544 2252 ἐαυτὸν
2570 2198 2920 2267 ἐπιπλήττειν
2955 2197 3050 2250 καὶ
3071 2195 3271 2263 λέγειν·
3302 2188 3638 2258 Σποδόδερμε
3674 2200 3776 2254 με·

538 2303 706 2359 usque
736 2289 803 2344 ad
835 2288 1028 2344 ctelum
1062 2287 1403 2343 exaltabitur.
1434 2287 1503 2342 Et
1531 2288 1574 2343 si
1615 2286 1880 2342 exaltetur
1908 2299 2097 2356 super-

2211 2287 2352 2354 λανέ,
2381 2286 2563 2350 καλῶς
2585 2303 2665 2340 σοι
2698 2286 2977 2357 ἐποίησαν·
3013 2292 3087 2356 μὴ
3117 2283 3192 2338 ὢν
3221 2281 3500 2351 ἄνθρωπος
3525 2276 3659 2345 ἔρχῃ
3694 2273 3780 2335 εἰς

534 2379 622 2434 hia
653 2395 820 2450 usque
849 2381 914 2434 ad
946 2378 1163 2446 cmlum,
1190 2394 1361 2450 usque
1391 2380 1458 2435 ad
1492 2378 1762 2435 infernum
1787 2377 2093 2448 deiicietur.

2211 2378 2263 2431 τὸ
2291 2377 2454 2448 μέσον
2475 2376 2582 2429 τῶν
2615 2374 2940 2443 ἀνθρώπων·
2974 2374 3069 2427 καὶ
3093 2371 3275 2434 καλῶς
3307 2386 3388 2421 σοι
3413 2363 3700 2434 ἐποίησαν.

535 2469 670 2536 Quis
707 2485 946 2540 unquam
978 2470 1180 2527 homini
1226 2487 1352 2529 vere
1397 2471 1583 2528 humili
1649 2471 1971 2540 persuadeat
2031 2484 2253 2526 versare
2281 2470 2464 2524 animo
2501 2466 2853 2536 cogitationes
2925 2462 3368 2520 murmurationis
3433 2465 3525 2511 aut
3555 2450 3777 2508 machi-

537 2563 784 2618 nationes
822 2565 1078 2621 vindictte
1151 2575 1342 2622 contra
1395 2578 1720 2634 quemquam
1768 2582 1784 2620 :
1863 2570 1956 2617 aut
2001 2560 2398 2632 quantumlibet
2439 2576 2470 2615 a
2507 2559 2698 2630 quovis
2771 2557 3026 2627 patiatur,
3072 2554 3142 2610 de
3170 2561 3425 2607 vexatnre
3487 2543 3777 2614 conqueri,

535 2673 600 2714 ac
632 2657 867 2712 vicissim
901 2657 1279 2712 recriminari?
1317 2657 1448 2727 quin
1499 2671 1530 2712 e
1597 2654 1912 2720 contrario,
1951 2652 2208 2717 humilis,
2258 2651 2469 2721 quoties
2522 2649 2603 2704 illi
2689 2647 2945 2718 probrum
2997 2644 3269 2708 inlertur,
3320 2639 3535 2711 quoties
3620 2635 3777 2703 au‘tlit

536 2750 639 2805 sibi
681 2748 924 2806 convicia
959 2751 1191 2817 cantari,
1235 2750 1575 2805 occasionem
1622 2747 1749 2802 inde
1827 2746 1986 2801 sumit
2053 2744 2366 2816 increpandi
2412 2743 2681 2810 seipsum,
2746 2748 2800 2795 et
2863 2737 3018 2810 quasi
3063 2734 3345 2806 gratulans
3391 2729 3634 2799 adjuvari
3684 2742 3770 2794 se,

537 2846 733 2903 fortius
787 2847 1016 2916 insurgit
1072 2833 1442 2915 incumbitque
1489 2843 1776 2899 connitens
1817 2842 1886 2896 ad
1939 2854 2094 2896 suum
2173 2839 2414 2908 iniquum
2457 2835 2655 2890 fastum
2705 2831 2852 2902 iusta
2933 2828 3346 2886 conculcatione
3390 2822 3775 2880 obterendum.

537 2937 785 2992 Addebat
835 2938 922 2993 his
966 2937 1211 2992 Zosimas
1257 2934 1561 3005 exemplum
1607 2935 1821 2990 abbatis
1868 2932 2067 3004 Moysis
2097 2950 2114 2987 :
2153 2931 2375 3002 quando
2401 2943 2525 2986 eum
2558 2943 2590 2984 ο
2613 2925 2858 2983 sacrario
2893 2925 3172 2993 eiecerunt
3235 2921 3438 2986 clerici,
3471 2918 3718 2973 dicentes
3745 2931 3763 2968 :

538 3031 641 3085 Abi
665 3027 838 3098 foras,
861 3028 1132 3099 Ethiops.
1167 3026 1319 3084 Tunc
1359 3027 1505 3084 enim
1535 3026 1641 3080 illis
1709 3025 1964 3080 accinens
2026 3021 2241 3093 Moyses
2314 3020 2460 3091 cepit
2500 3020 2783 3086 increpare
2822 3017 3062 3084 seipsum
3119 3014 3171 3067 in
3222 3012 3366 3067 hunc
3413 3009 3627 3065 modum
3669 3005 3756 3059 lo-

537 3146 751 3201 quens:
781 3129 932 3186 Cutis
982 3139 1128 3197 atrae,
1170 3129 1407 3184 carbone
1457 3128 1665 3198 nigrior
1731 3127 2043 3194 homuncio,
2098 3125 2256 3196 digna
2291 3133 2343 3180 te
2372 3119 2771 3193 pateriszqnid
2811 3116 2957 3172 enim
3041 3110 3278 3173 attinuit,
3307 3117 3360 3163 te
3405 3103 3544 3201 infra
3585 3101 3774 3201 homi-

539 3242 669 3282 nem
701 3235 791 3280 tua
843 3221 1105 3292 deiectum
1140 3220 1366 3286 vilitate,
1402 3229 1581 3274 tamen
1624 3218 1823 3274 audere
1871 3223 1924 3272 te
1960 3191 2208 3287 ingerere
2276 3215 2332 3271 in
2373 3191 2574 3269 emtum
2639 3191 2919 3264 hominum
2969 3217 3089 3259 cum
3155 3202 3316 3255 homo
3369 3211 3471 3249 non
3500 3191 3608 3246 sis?
3637 3193 3781 3247 bene

537 3321 728 3390 ntiqne
757 3319 934 3375 fecere
964 3327 1018 3374 te
1048 3317 1194 3372 illinc
1222 3316 1596 3372 exturbantes.
1941 3335 1944 3338 ⁴
2804 3388 2825 3390 η
2872 3389 2878 3390 γ
3039 3385 3076 3390 __
3252 3381 3278 3390 _
3302 3381 3318 3390 _
3346 3380 3358 3390 -
3609 3374 3689 3390 Μ

615 3377 956 3481 Ᾰιηιιηεοιιιιι
1000 3417 1361 3478 opportunum
1392 3405 1522 3461 huic
1566 3406 1684 3462 loco
1715 3406 1980 3462 monitum
2007 3404 2100 3459 ab-

2271 3395 2384 3452 Καὶ
2421 3394 2697 3466 ἐμέμνητο
2733 3388 2828 3444 τοῦ
2859 3386 3005 3443 ἀδεᾶ
3038 3381 3280 3455 ’Δμμονᾶ
3302 3380 3573 3481 λέγρντος·
3609 3377 3781 3481 Τήρει

540 3465 716 3558 ιωιιί
743 3465 1089 3554 Ammone;
1114 3497 1352 3555 Observa
1409 3495 1673 3565 teipsum,
1730 3495 1978 3550 recolens
2023 3502 2109 3548 at-

2213 3486 2441 3542 σεαυτδν
2466 3482 2711 3554 ἀκριϐῶς
2735 3481 2802 3534 δι’
2826 3479 2856 3532 ὃ
2897 3476 3116 3548 ἐξῆλθες
3143 3475 3238 3528 καὶ
3386 3465 3431 3539 ᾧ
3467 3470 3652 3543 πάρει,
3690 3470 3784 3525 ίνα

545 3602 696 3648 tente
720 3591 786 3646 ad
818 3591 947 3659 quid
973 3589 1197 3655 exieris,
1233 3599 1289 3643 et
1317 3603 1423 3656 quo
1468 3561 1681 3643 lendas.
1717 3585 1791 3644 Ut
1822 3587 1867 3641 si
1901 3587 2022 3656 quis
2054 3585 2109 3640 in

2211 3579 2307 3641 ἐάν
2334 3577 2420 3639 τίς
2464 3592 2524 3629 σε
2557 3576 2615 3627 ἐν
2644 3572 2942 3644 οίῳδήποτε
2981 3563 3504 3659 πράγματι-θλίψῃ,
3545 3561 3783 3631 σιωπᾷν,

542 3685 904 3756 qualicunque
971 3682 1066 3737 tibi
1109 3695 1169 3737 re
1223 3679 1520 3744 obstiterit,
1567 3686 1661 3733 aut
1703 3679 1886 3749 gravis
1924 3677 2107 3744 fuerit,

544 3776 712 3831 sileas
754 3775 984 3845 primum
1040 3774 1300 3836 omnino,
1352 3786 1455 3826 nec
1509 3784 1694 3826 vocem
1743 3769 1894 3840 prius
1947 3769 2110 3825 ullam

545 3867 784 3933 emittas,
825 3880 986 3936 quam
1026 3864 1180 3934 longa
1225 3872 1282 3918 ct
1327 3871 1532 3916 attenta
1576 3871 1821 3917 oratione
1854 3873 1947 3915 cor
1979 3859 2116 3914 miti-

547 3957 786 4030 gaveris,
826 3966 881 4013 et
922 3955 1305 4026 tranquillitate
1339 3953 1714 4022 composueris
1762 3965 1973 4008 serena.
2022 3949 2114 4007 Sic

549 4053 763 4107 domum
799 4047 1091 4104 convenire
1133 4045 1354 4101 fratrem
1386 4046 1480 4100 tibi
1518 4044 1861 4100 adversatum
1889 4043 2112 4113 poteris,

550 4150 609 4194 et
634 4155 756 4195 eum
796 4148 956 4210 prout
992 4145 1354 4209 Opportunum
1391 4135 1738 4203 iudicaveris,
1779 4135 2111 4191 admonere:

551 4243 686 4288 sane
706 4230 851 4286 enim
885 4229 975 4298 qui
1017 4228 1165 4298 cupit
1203 4241 1269 4282 ex
1300 4224 1482 4282 animo
1512 4236 1713 4282 rectam
1742 4225 1880 4280 inire
1915 4224 2115 4280 verita-

551 4323 624 4378 tis
662 4321 801 4375 viam
847 4319 900 4376 in
943 4319 1191 4390 flagranti
1243 4334 1405 4375 sensu
1454 4318 1661 4389 iniuriae
1710 4319 2009 4388 praesentis,
2062 4325 2118 4372 et

552 4410 863 4468 turbatione
917 4409 1080 4464 animi
1140 4416 1384 4464 motuum
1437 4406 1561 4464 inde
1617 4417 1765 4474 nata,
1827 4416 1956 4463 tunc
1994 4421 2114 4462 cum

554 4502 790 4557 maxime
831 4511 957 4556 ante
995 4501 1176 4556 omnia
1208 4500 1457 4568 obiurgat
1492 4499 1730 4569 seipsum
1765 4497 2118 4568 increpatque

555 4594 923 4658 vehementer,
941 4593 1126 4648 dicens
1157 4611 1172 4648 :
1197 4588 1506 4660 Quorsum?
1524 4590 1657 4646 furis
1687 4604 1861 4662 quare
1889 4589 2117 4656 insanis,

555 4685 737 4740 anima
789 4681 945 4738 mea?
989 4697 1086 4738 cur
1135 4683 1308 4738 instar
1356 4681 1692 4737 rabiosarum
1741 4680 2119 4745 animantium,

2210 3670 2271 3724 τὸ
2299 3667 2528 3723 καθόλου
2566 3665 2640 3736 μὴ
2689 3659 3058 3733 φθέγγεσθαι,
3100 3657 3205 3720 ἕως
3248 3647 3310 3709 οὔ
3350 3656 3417 3725 τῇ
3448 3652 3786 3722 άδιαλείπτῳ

2211 3761 2488 3833 προσευχῇ
2528 3754 2778 3828 πραῦνθῇ
2820 3768 2918 3805 σου
2967 3751 3000 3821 ἡ
3047 3748 3264 3819 καρδία·
3296 3746 3390 3799 καὶ
3420 3743 3562 3797 οὕτω
3593 3742 3785 3833 λοιπὸν

2213 3832 2520 3922 παρακάλει
2549 3847 2641 3900 τὸν
2669 3842 2914 3913 ἀδελφόν·
2950 3841 3044 3894 καὶ
3066 3839 3174 3910 γὰρ
3205 3838 3233 3890 ὁ
3259 3835 3440 3890 ποθῶν
3467 3834 3566 3904 τὴν
3594 3832 3787 3904 ἀληθι-

2213 3942 2311 4013 νὴν
2355 3939 2568 3993 εὐθεῖαν
2615 3935 2754 4000 ὁδὸν,
2799 3935 2857 3986 ἐν
2918 3930 2996 4002 τῷ
3041 3927 3426 3998 ταράττεσθαι
3462 3923 3788 3992 ἐπιπλήττει

2218 4031 2440 4086 σεαυτὸν
2463 4025 2708 4099 σφοδρῶς
2739 4024 2834 4080 καὶ
2862 4023 2949 4077 ἀεὶ
2982 4020 3195 4090 ἐλέγχει
3225 4015 3446 4071 σεαυτὸν
3474 4015 3566 4067 καὶ
3594 4013 3744 4081 λέγει
3768 4025 3787 4043 ο

2216 4125 2282 4179 Ti
2304 4124 2492 4195 μαίνῃ,
2509 4120 2654 4192 ψυχή
2675 4134 2777 4188 μου
2797 4133 2814 4183 ;
2834 4111 3142 4185 τίταράττῃ
3154 4111 3228 4174 ὡς
3247 4107 3599 4180 ἀφρίζοντες;
3625 4101 3789 4173 Αὐτῷ

2215 4217 2389 4288 τούτῳ
2435 4215 2700 4275 δεικνύεις
2743 4211 2828 4264 ὅτι
2854 4208 3048 4270 νοσεῖς·
3100 4205 3148 4256 εἰ
3198 4201 3273 4273 μὴ
3305 4200 3510 4261 ἐνόσεις
3529 4239 3543 4262 ,
3572 4196 3688 4288 ούκᾷ
3720 4196 3790 4249 ἂν

2217 4286 2473 4379 ἔπασχες.
2510 4305 2576 4359 Τί
2605 4301 2765 4372 ἀφεὶς
2808 4299 2870 4353 τὸ
2905 4295 3114 4367 ἑαυτὴν
3141 4289 3486 4364 μέμφεσθαι,
3536 4286 3792 4379 ἐγκαλεῖς

2216 4400 2297 4472 τῷ
2324 4378 2536 4466 ἀδελφῷ
2561 4396 2643 4450 ὅτι
2669 4391 2837 4458 testes
2870 4406 2953 4442 σοι
2989 4387 3092 4458 τὴν
3123 4384 3277 4438 νόσον
3303 4399 3395 4435 σου
3417 4398 3432 4447 ;
3457 4378 3579 4472 ῨΚιιξι
3607 4378 3791 4472 πράγ-

2222 4465 2353 4562 ματι
2395 4465 2765 4554 καλγάληθείᾳ
2813 4480 2950 4553 μάθε
2985 4478 3084 4542 τὰς
3117 4474 3335 4538 ἐντολὰς
3385 4471 3479 4526 τοῦ
3512 4465 3787 4562 ,Χριστοῦο

2221 4560 2279 4646 δς
2320 4573 2754 4650 λοιδορούμενος,
2807 4573 2909 4627 οὐκ
2957 4568 3345 4639 ἀντελοιδόρει,
3383 4560 3795 4632 κατηγορούμε-

2223 4690 2311 4739 νος
2354 4668 2597 4733 ἐσιώπα,
2628 4664 3022 4739 χλευαζόμενος
3099 4655 3477 4730 ἐμακροθύμει
3500 4691 3515 4718 ,
3564 4653 3794 4720 πάσχων

556 4789 729 4844 usque
771 4774 838 4830 ad
871 4787 1090 4843 spumas
1132 4787 1228 4828 ore
1281 4771 1571 4829 mittendas
1602 4771 1980 4841 perturbaris?
2010 4740 2109 4826 Hot

2229 4765 2336 4818 ούκ-
2389 4759 2625 4832 ἠπείλει.
2687 4753 2928 4817 Ἀκούεις
2973 4750 3139 4825 αὐτοῦ
3197 4749 3448 4817 λέγοντος
3494 4743 3590 4796 καὶ
3647 4740 3794 4811 πρά-

559 4869 679 4938 ipso
731 4874 1006 4927 monstras
1048 4875 1312 4935 aegrotare
1354 4873 1428 4919 te.
1469 4861 1604 4917 Nam
1652 4863 1756 4939 nisi
1790 4873 1842 4918 te
1872 4862 2009 4916 mala
2051 4862 2129 4916 fe-

557 4960 672 5015 bris
709 4968 909 5022 ureret,
937 4957 1076 5012 haud
1096 4957 1174 5011 sic
1207 4955 1602 5012 accendereris.
1639 4954 1839 5022 Quare,
1872 4956 2127 5010 omlttens

561 5050 882 5119 vituperare,
923 5048 1000 5101 uti
1046 5047 1332 5112 debueras,
1365 5055 1417 5100 te
1457 5047 1648 5113 ipsam,
1691 5059 1982 5102 succenses
2017 5045 2126 5098 fra-

564 5141 656 5206 tri,
702 5154 766 5196 eo
788 5140 926 5209 quod
954 5141 998 5194 is
1037 5138 1282 5193 morbum
1315 5137 1410 5191 tibi
1447 5145 1595 5190 tuum
1622 5134 1961 5191 ostenderit?
1983 5133 2121 5203 Age-

567 5232 689 5286 dum
717 5231 812 5297 sis,
843 5230 993 5285 disce
1036 5243 1139 5282 non
1179 5226 1566 5298 perfunctorie,
1607 5225 1702 5280 sed
1732 5225 1875 5279 serio
1914 5233 1970 5279 et
2000 5237 2128 5278 vere

567 5321 818 5376 mandata
847 5319 1048 5376 Christi
1087 5320 1203 5390 ejus
1234 5317 1494 5389 exemplis
1526 5316 1735 5373 sancita
1771 5316 1898 5384 :qui
1929 5315 2134 5385 appeti-

570 5421 655 5466 tus
675 5411 927 5466 conviciis
953 5425 1059 5465 non
1082 5409 1319 5464 vicissim
1351 5408 1788 5472 conviciabatur;
1818 5415 2123 5470 accusatus,

570 5500 1044 5568 tacebat;‘lllusus,
1088 5499 1466 5569 longanimiter
1509 5499 1746 5564 ferebat;
1776 5497 1983 5568 patiens
2019 5510 2128 5550 non

571 5591 892 5645 minabatur.
920 5591 1090 5645 Audis
1108 5605 1230 5659 quae
1258 5589 1389 5644 dicit
1415 5589 1717 5655 iubentem,
1749 5597 1806 5641 et
1834 5600 1956 5657 quae
1975 5585 2128 5655 jubet

573 5679 819 5750 exemplo
852 5681 1066 5752 proprio
1097 5689 1486 5738 monstrantem
1513 5679 1769 5735 :Dorsum
1808 5692 1977 5732 meum
2007 5675 2127 5732 dedi

646 5835 684 5866 ⁵⁸
719 5834 817 5894 loli
847 5849 914 5899 Vt,
948 5837 998 5891 2.

2223 4871 2394 4926 γματι
2439 4847 2730 4914 δείξαντος·
2784 4843 2895 4900 Τὸν
2929 4841 3123 4898 νῶτόν
3150 4856 3267 4907 μου
3308 4836 3499 4890 ἔδωκα
3547 4835 3635 4900 εις

2222 4921 2457 5016 ἀτίτας,
2483 4942 2590 5008 τὰς
2604 4939 2671 4994 δὲ
2693 4937 2981 5007 σιαγόνας
3001 4951 3121 5003 μου
3147 4930 3601 4998 εἱςῤαίσματα·
3630 4924 3698 4978 τὸ
3726 4921 3799 4977 δὲ

2223 5034 2548 5105 πρόσωπόν
2602 5049 2720 5103 μου
2772 5031 2885 5084 οὐκ
2928 5025 3279 5094 ἀπέστρεψα
3324 5019 3440 5075 ἀπὸ
3492 5017 3796 5086 αἰσχύνης

2220 5113 2676 5200 έμπτυὶγμάτων.
2696 5123 2806 5176 Καὶ
2831 5122 2918 5185 σὺ,
2941 5119 3099 5173 ἀθλία
3114 5117 3279 5188 ψυχὴ,
3303 5115 3396 5169 ἐπὶ
3413 5111 3612 5185 μικρὰν
3636 5111 3799 5182 ὕϐριν

2228 5220 2322 5272 καὶ
2357 5211 2605 5288 ἀτιμίαν,
2623 5205 3538 5282 καταφρόνησιν,καὶἀποστροφὴν,
3565 5201 3798 5254 ὀνειδισ-

2233 5309 2380 5382 μδνῆ
2398 5305 2758 5378 συκοφαντίαν
2773 5305 2948 5358 κεῖσαι
2959 5300 3231 5354 πλέκουσα
3247 5293 3795 5369 μυρίους-λογισμοὺς,

2237 5400 2661 5454 ἐπιδουλεύουσα
2702 5396 2867 5465 ἐαυτῇ
2903 5394 2978 5457 ὡς
3020 5394 3068 5446 oi
3110 5390 3384 5461 δαίμονες.
3412 5387 3478 5440 Τί
3523 5385 3682 5438 πλέον
3709 5383 3803 5436 δύ-

2233 5509 2390 5546 ναται
2432 5492 2654 5560 ποιῆσαι
2693 5487 2902 5558 δαίμων
2927 5486 2995 5555 τῇ
3031 5480 3254 5551 τοιαύτῃ
3282 5479 3452 5550 ψυχῇ,
3493 5471 3606 5530 οἷον
3654 5473 3803 5527 ποιεί

2233 5581 2372 5653 αὐτὴ
2397 5581 2630 5652 ἐαυτήνς
2660 5578 2764 5631 Τὸν
2788 5576 3018 5647 σταυρὸν
3041 5571 3138 5627 τοῦ
3170 5568 3406 5642 Χριστοῦ
3437 5567 3654 5637 βλέπεις
3678 5581 3692 5594 ·
3731 5564 3804 5621 τὰ

2237 5672 2388 5743 πάθη
2422 5668 2867 5739 ἀναγινώσκομεν
2893 5664 3015 5720 καθ’
3044 5662 3280 5733 ἑκάστην
3308 5656 3541 5731 ἡμέραν,
3567 5657 3603 5710 ἃ
3628 5653 3801 5712 ἔπαθε
