4010 6420
214 421 351 484 ΐϐὃέ)
1673 422 1798 485 ALI

1904 423 2076 496 PUIA.
3354 421 3492 489 1690

207 539 278 593 δι’
300 540 478 610 ἡμᾶς·
505 538 602 592 καὶ
634 539 793 609 ἡμεῖς
828 538 1085 610 οὐδεμίαν
1113 535 1272 612 ὓϐριν
1297 536 1560 611 φέρομεν.
1592 537 1798 604 Ὄντως

1910 541 1964 594 in
1993 539 2225 610 ﬂagella,
2264 549 2313 594 et
2356 556 2514 611 genas
2557 554 2697 593 meas
2748 537 2801 591 in
2832 536 3019 608 alapas
3046 553 3065 591 :
3095 535 3284 605 faciem
3315 547 3487 592 autem

209 630 724 701 ἑξετράπημενλτῆς
750 628 966 693 εὐθείας
988 630 1129 685 ὀδοῦ.

1904 646 2006 684 non
2035 630 2200 685 auerti
2224 646 2256 684 a
2288 630 2606 685 contumelia
2645 638 2917 699 epularum
2935 629 2977 683 ⁸.
3010 625 3093 682 Tu
3133 642 3281 694 vero,
3309 629 3490 684 anima

209 723 438 786 misera,
473 724 546 778 ob
618 723 882 777 modicam
947 722 1221 792 iniuriam,
1269 725 1642 798 ignominiam,
1711 724 2050 793 despectum,
2105 721 2696 793 exprobratiunculam,
2742 731 2798 776 et
2852 719 3285 775 criminationem
3327 733 3488 789 quam

209 825 368 883 putas
411 816 628 882 falsam,
665 818 836 870 instas
868 819 1148 874 nectendis
1204 819 1579 890 plicandisque
1645 817 2068 889 cogitationibus
2151 816 2451 875 innumeris
2483 836 2497 874 :
2529 827 2586 872 at
2649 816 2973 872 machinans
3023 813 3174 876 talia,
3210 813 3489 871 insidiari:

211 906 304 960 tibi
343 907 471 976 ipsi,
507 921 729 974 cperam
757 905 1089 976 coniungens
1117 925 1241 964 cum
1271 909 1705 980 oppugnantibus
1736 919 1787 964 te
1826 910 2187 966 daemonibus.
2217 908 2373 969 Haud
2408 910 2554 964 enim
2622 922 2820 964 nocere
2882 921 3117 977 unquam
3151 905 3329 960 malus
3372 905 3480 960 dae-

208 1013 335 1050 mnn
371 999 574 1053 animae
625 1001 714 1053 tali
749 1009 952 1068 posset,
994 1011 1252 1070 quantum
1293 1003 1410 1073 ipsa
1455 1011 1615 1058 nocet
1658 1003 1784 1058 sibi.
1845 1001 2006 1058 Vides
2051 1017 2270 1059 crucem
2300 1001 2502 1058 Christi
2525 1019 2550 1068 ;-
2591 1000 2754 1067 mala,
2824 999 3077 1062 verbera,
3110 998 3360 1061 vulnera,
3390 1010 3488 1063 op-

207 1088 436 1190 probria
465 1104 584 1157 qua:
614 1105 712 1158 pro
734 1093 888 1147 nobis
917 1108 1103 1161 passus
1136 1103 1238 1158 est,
1265 1093 1510 1164 quotidie
1538 1094 1767 1164 legimus
1806 1112 1821 1150 :
1861 1104 1917 1149 et
1947 1095 2204 1152 inducere
2251 1095 2505 1151 nolumus
2536 1094 2590 1150 in
2636 1093 2901 1159 animum,
2952 1091 3278 1191 .quidquam
3326 1087 3485 1143 nobis

209 1178 491 1248 ingratum
533 1181 676 1236 ferre
717 1183 1011 1251 patienter.
1056 1185 1194 1240 Vere
1236 1186 1607 1241 aberravimus
1639 1202 1670 1240 a
1708 1185 1794 1241 via
1834 1195 2009 1243 recta.

280 1292 485 1360 Ἔλεγε
514 1293 570 1346 δὲ
601 1295 704 1358 ὅτε,
743 1295 867 1350 Ἐὰν
891 1297 1029 1368 ζήσῃ
1065 1315 1148 1361 τις
1176 1299 1270 1364 ἔτη
1298 1298 1390 1352 τοῦ
1423 1299 1756 1353 Μαθουσάλα
1779 1337 1797 1364 ,

207 1383 302 1434 καὶ
332 1383 414 1452 μὴ
445 1383 641 1456 όδεύσῃ
674 1384 882 1456 ταύτην
913 1387 1014 1455 τὴν
1046 1387 1262 1441 εὐθεῖαν
1290 1388 1410 1442 ὁδὸν
1453 1388 1518 1458 ἢν
1545 1387 1795 1442 ὥδευσαν

207 1472 419 1536 πάντες
463 1474 514 1526 oi
548 1473 724 1542 ἅγιοι·
754 1475 900 1544 λέγω
938 1477 1002 1549 δὴ
1041 1478 1141 1548 τὴν
1171 1478 1267 1532 τοῦ
1302 1479 1669 1550 ἀτιμάζεσθαι
1703 1480 1798 1532 καὶ

208 1564 405 1632 φέρειν
437 1565 722 1632 γενναίως·
759 1567 821 1618 οὐ
859 1567 932 1638 μὴ
961 1568 1159 1638 προϐῇ,
1188 1570 1246 1623 οὐ
1283 1571 1500 1640 μικρὸν,
1532 1570 1594 1622 οὐ
1631 1569 1793 1639 μέγα·

207 1648 332 1707 οὐδὲ
362 1655 593 1724 εὑρήσει
622 1656 714 1709 τὸν
753 1659 812 1708 ἐν
845 1659 964 1719 ταῖς
1002 1658 1243 1722 ἐντολαῖς
1278 1660 1658 1730 κρυπτόμενον
1703 1649 1800 1729 θη-

211 1747 452 1814 σαυρόν·-
476 1746 613 1799 ἀλλὰ
645 1747 806 1815 μόνον
828 1747 898 1800 τὰ
924 1747 1020 1818 ἔτη
1047 1749 1210 1804 αὑτοῦ
1235 1751 1512 1809 ἀναλίσκει
1534 1751 1795 1822 διηνεκῶς

1971 1299 2118 1354 Dixit
2140 1299 2302 1355 etiam
2338 1297 2588 1354 Zosimas
2621 1294 2714 1352 :Si
2754 1295 2876 1365 quis
2913 1293 3111 1349 vixerit
3161 1306 3332 1347 annos
3371 1288 3487 1345 Ila-

1902 1390 2150 1456 thusalae,
2193 1399 2381 1446 etnon
2431 1385 2764 1456 processerit
2797 1400 2896 1456 per
2931 1385 3068 1440 hanc
3105 1391 3307 1438 rectam
3343 1381 3483 1436 viam

1897 1496 2004 1551 qua
2049 1481 2388 1536 incesserunt
2430 1493 2623 1534 omnes
2670 1476 2882 1542 sancti,
2934 1478 3102 1540 viam,
3131 1470 3486 1543 inquam,fe-

1895 1569 2054 1624 rendi
2084 1567 2295 1624 fortiter
2328 1566 2682 1624 contumelias
2727 1576 2782 1621 et
2810 1565 3032 1630 damna,
3079 1578 3186 1618 non
3218 1561 3486 1632 proﬁciet,

1898 1649 1969 1718 ne
1998 1679 2190 1733 parum
2222 1664 2463 1733 quidem,
2489 1661 2686 1717 nedum
2725 1661 2953 1715 multum
2979 1677 2995 1727 ;
3033 1673 3208 1729 neque
3239 1657 3480 1712 inveniet

1902 1754 2279 1810 absconditum
2327 1754 2378 1808 in
2416 1752 2697 1808 mandatis
2740 1752 3074 1813 thesaurum.
3127 1750 3222 1806 sed
3277 1758 3486 1804 tantum

207 1835 497 1906 διακενῆς.
531 1838 687 1890 Ἐστι
719 1835 828 1908 γὰρ
854 1840 942 1892 ὅτε
969 1845 1300 1912 καταφρονεῖ
1332 1859 1416 1905 τις
1446 1842 1655 1896 πολλῶν
1677 1859 1798 1896 κεν-

1904 1858 2027 1898 suos
2053 1857 2226 1900 annos
2255 1851 2544 1900 consumet
2569 1840 2831 1897 continue
2864 1839 2916 1894 in
2957 1852 3154 1892 vanum
3187 1851 3204 1890 :
3231 1846 3314 1892 est
3342 1835 3487 1892 enim

207 1927 512 1998 τηναρίων,
558 1930 654 1983 καὶ
678 1925 899 2000 ἔρχεται
937 1932 1016 1993 είς
1062 1933 1327 2004 ραφίδιοψ
1356 1936 1502 2005 καὶὴ
1546 1934 1798 2006 προσπά-

211 2017 332 2070 ὑεια
378 2019 546 2073 αὑτοῦ
597 2024 738 2074 ποιεῖ
782 2023 945 2076 αὑτὸν
970 2026 1359 2094 ταράττεσθαι,
1404 2028 1498 2082 καὶ
1547 2029 1694 2080 ποιεῖ
1737 2028 1800 2080 τὸ

211 2112 464 2178 ραφίδιον
502 2115 679 2167 ἐκεῖνο
719 2116 882 2169 τόπον
912 2118 1290 2190 κεντηναρίου,
1335 2120 1430 2175 καὶ
1470 2119 1679 2189 γίνεταί
1714 2137 1800 2184 τις

209 2201 306 2255 τοῦ
353 2203 608 2274 ραφιδίου
639 2206 823 2270 δοῦλος
849 2247 864 2272 ,
895 2208 928 2278 ἢ
957 2209 1051 2261 τοῦ
1085 2210 1436 2278 κουκουλίου,
1465 2211 1497 2282 ἢ
1542 2211 1636 2264 τοῦ
1667 2228 1800 2282 μαν-

208 2291 418 2355 δυλὶου,
451 2293 483 2364 ἢ
517 2297 614 2350 τοῦ
647 2297 875 2366 βιὸλίου·
912 2300 1006 2353 καὶ
1044 2301 1144 2353 οὐκ
1175 2301 1289 2355 ἐστι
1313 2301 1497 2366 δοῦλος
1520 2303 1614 2356 τοῦ
1637 2301 1794 2356 Θεοῦ·

208 2388 307 2437 καὶ
338 2385 525 2451 καλῶς
553 2385 674 2442 εἶπέ
707 2407 791 2454 τις
815 2390 926 2444 τῶν
961 2392 1140 2460 σοφῶν
1167 2393 1246 2446 ὅτι
1275 2395 1378 2447 ὅσα
1410 2394 1557 2464 πάθη
1585 2394 1794 2465 ψυχῆς,

208 2477 459 2530 τοσοῦτοι
501 2481 597 2532 καὶ
622 2481 901 2536 δεσπόται.
937 2484 1046 2536 Καὶ
1070 2483 1099 2535 6
1138 2483 1361 2556 Κύριος·
1398 2486 1583 2540 Ὅπου
1625 2489 1658 2540 ὁ
1690 2489 1796 2553 θη·

209 2567 440 2633 σιιυρός
462 2584 602 2631 σου,
631 2570 762 2623 ἐκεῖ
786 2572 956 2625 ἔσται
987 2574 1025 2640 ἠ
1055 2573 1270 2641 καρδία
1302 2588 1445 2630 σου.
1486 2575 1596 2627 Καὶ
1634 2574 1797 2629 πάλιν

209 2660 240 2710 6
277 2659 628 2724 Ἀπόστολος·
659 2656 734 2733 τῼ
772 2679 861 2729 τις
903 2663 1178 2732 ἥττηται,
1221 2667 1410 2732 τούτῳ
1448 2667 1548 2720 καὶ
1587 2665 1795 2720 δεδού-

210 2751 412 2805 λωται.
981 2773 984 2776 ’

285 3050 360 3118 ς’.
405 3053 517 3106 Καὶ
558 3053 712 3123 ἔλεγε
759 3055 974 3110 πάλινό
1007 3055 1299 3128 μακάριοςο
1353 3057 1644 3131 Ὠδεύομεν
1683 3059 1797 3128 ἐγώ

1901 1934 2118 2004 quando
2144 1949 2370 1990 exorsus
2396 1931 2595 2002 aliquis
2624 1947 2654 1985 a
2697 1943 2966 2002 generoso
2993 1937 3302 1996 contemptu
3349 1925 3490 1981 mul-

1901 2035 2081 2082 torum
2111 2026 2578 2089 centenariorum,
2627 2022 3008 2093 progredietur
3030 2020 3155 2075 inde
3190 2020 3256 2074 ad
3286 2016 3492 2086 ample-

1899 2114 2152 2170 ctendam
2183 2129 2370 2182 amore
2412 2113 2584 2168 nimio
2609 2105 2924 2167 aciculam’:
2952 2118 3007 2164 et
3037 2110 3082 2165 is
3115 2107 3338 2163 aﬂ‘ectus
3367 2121 3489 2178 per-

1901 2207 2232 2262 turbationis
2277 2220 2382 2261 non
2440 2203 2670 2258 modica:
2723 2217 2888 2258 causa
2947 2201 3041 2269 fit;
3099 2209 3155 2256 et
3207 2197 3489 2254 substituit

1899 2297 2046 2353 illam
2087 2297 2354 2352 aciculam
2398 2295 2452 2349 in
2485 2295 2668 2350 locum
2696 2292 2998 2349 centenarii
3027 2290 3156 2346 olim
3199 2289 3388 2359 spreti.
3421 2286 3490 2342 Et

1899 2389 1962 2444 fit
2008 2388 2230 2459 aliquis,
2276 2402 2381 2443 non
2409 2387 2525 2455 jam
2574 2385 2672 2442 Dei
2715 2399 2924 2450 servus,
2981 2392 3040 2438 ut
3084 2381 3485 2451 spoponderat:

1897 2482 1994 2536 sed
2040 2494 2231 2536 servus
2293 2480 2540 2549 aciculze,
2589 2475 2838 2541 cucullaa,
2895 2473 3166 2539 mantilis,
3221 2472 3345 2526 libri
3377 2490 3393 2527 :
3423 2470 3490 2529 iis

1897 2574 2186 2627 adhaerens
2237 2570 2436 2627 aﬂectu
2482 2570 2705 2625 vitioso.
2758 2565 2895 2621 Nam
2929 2565 3066 2620 bene
3113 2563 3250 2618 dixit
3296 2562 3492 2632 aliquis

1897 2666 2227 2736 sapientum,
2259 2672 2338 2718 tot
2377 2661 2618 2716 animam
2651 2658 2874 2714 subesse
2917 2652 3154 2710 dominis
3183 2661 3313 2722 quot
3338 2649 3490 2706 fovet

1895 2759 1950 2813 in
2001 2772 2060 2812 se
2109 2754 2336 2810 aﬂ'ectus
2383 2754 2763 2809 vehementes.
2810 2748 2876 2804 Et
2913 2745 3176 2802 Dominus
3231 2742 3351 2797 ait:
3384 2738 3490 2796 Ubi

1895 2858 1972 2904 est
2020 2849 2300 2902 thesaurus
2344 2858 2488 2911 tuus,
2533 2844 2612 2898 ibi
2633 2843 2732 2896 erit
2777 2855 2872 2894 cor
2920 2849 3070 2892 tuum
3089 2837 3131 2890 ".
3185 2834 3252 2890 Et
3302 2849 3492 2892 rursus

1895 2938 2190 3008 Apostolus
2223 2954 2240 2993 :
2274 2937 2318 2990 Α
2343 2952 2445 3008 quo
2467 2935 2585 3006 quis
2613 2934 2774 2986 victus
2807 2936 2906 2994 est,
2931 2928 2980 2982 ei
3005 2936 3055 2981 et
3079 2927 3234 2981 seruit
3256 2925 3299 2980 ⁸.

1978 3067 2065 3127 Vl.
2121 3070 2266 3124 Dixit
2322 3082 2514 3124 rursus
2566 3069 2711 3124 idem
2753 3064 2946 3120 beatus
2992 3060 3145 3117 :lter
3196 3059 3492 3132 agebamus

211 3159 272 3196 τε
296 3145 394 3196 καὶ
448 3140 530 3209 εἷς
577 3145 807 3214 ἀδελφὸς
852 3147 993 3217 μετὰ
1043 3150 1136 3202 καὶ
1178 3149 1485 3220 κοσμικῶν,
1534 3151 1633 3221 τὴν
1676 3150 1795 3204 όδδν

1904 3175 1998 3232 ego
2045 3171 2101 3217 et
2130 3159 2301 3216 frater
2357 3174 2498 3216 unus
2535 3159 2619 3213 via
2667 3153 3047 3223 Neapolitana,
3094 3165 3217 3207 cum
3268 3151 3494 3221 quibus-

213 3233 566 3300 Νεαπόλεως,
589 3237 684 3290 καὶ
710 3235 944 3308 ήλθομεν
969 3239 1050 3302 είς
1072 3238 1236 3292 τόπον
1259 3240 1392 3301 ὅπου
1411 3239 1690 3294 τελὼνειον
1708 3235 1796 3312 ἦν·

215 3327 308 3380 καὶ
344 3328 395 3379 oi
431 3326 529 3396 μὶν
553 3329 806 3397 κοσμικοὶ
833 3330 1066 3394 είδόντες
1125 3331 1224 3402 τὴν
1255 3332 1544 3402 συνήθειαν
1593 3331 1802 3385 ἔδωκαν

214 3416 276 3470 τὸ
294 3416 471 3479 τέλος⁸
508 3419 537 3470 6
565 3416 624 3470 δὲ
655 3417 884 3487 ἁδελφὸς
911 3422 940 3473 6
985 3420 1061 3474 ῶν
1095 3422 1212 3491 μετ’
1242 3421 1379 3492 ἐμοῦ
1419 3421 1625 3493 ἤρξατο
1654 3419 1803 3475 ἀντὶ·

214 3507 412 3560 τείνειν
451 3507 546 3560 καὶ
577 3508 758 3575 λέγειν
796 3509 1000 3573 αὐτοῖς’
1035 3511 1285 3582 Τολμᾶτε
1335 3513 1588 3567 ἀπαιτεῖν
1635 3528 1802 3582 μονα-

217 3597 382 3667 χούςς
444 3595 588 3665 Ἐγὼ
635 3594 692 3651 et
741 3597 982 3662 ἀκούσας
1041 3595 1194 3654 εἷπον
1241 3602 1409 3673 αὐτῷ’
1472 3605 1538 3656 Τί
1600 3609 1796 3670 ποιεῖς,

217 3687 452 3756 ἀδελφέ;
488 3687 644 3741 οὐδὲν
672 3687 800 3742 ἄλλο
847 3689 1024 3758 λέγεις
1071 3691 1220 3761 αὐτῷ
1274 3691 1329 3762 ἢ,
1365 3693 1546 3747 Θέλων
1589 3696 1684 3749 καὶ
1725 3699 1798 3767 μὴ

218 3780 388 3834 θέλων
408 3780 640 3850 τίμησόν
669 3798 738 3850 με
770 3782 1177 3851 ᾶγιον;’μᾶλλον
1202 3785 1363 3849 αὐτὸς
1389 3784 1640 3856 ὤφειλεν,
1676 3787 1800 3842 ίδὼν

217 3872 314 3939 τὴν
349 3869 671 3923 καλοθελίαν
705 3888 797 3924 σου
828 3872 924 3925 καὶ
961 3875 1312 3940 ταπείνωσιν,
1350 3877 1667 3948 αἰδεσθῆναι
1705 3881 1800 3934 καὶ

217 3962 414 4016 είπεῖνο
449 3960 831 4033 Συγχώρησον.
869 3964 1080 4018 Οὐκοῦν
1108 3966 1184 4030 ὡς
1216 3967 1466 4041 μαθητὴς
1493 3971 1588 4026 τοῦ
1622 3973 1798 4044 πράου

217 4052 312 4106 καὶ
358 4051 620 4106 ταπεινοῦ
675 4053 785 4116 δὸς,
844 4055 936 4107 καὶ
989 4055 1350 4126 παρέλθωμεν
1387 4061 1506 4130 μετ’
1551 4063 1794 4136 εἰρήνης.

222 4145 453 4198 ’Δλλοτε
483 4144 781 4214 γενομένου
821 4162 922 4215 μου
955 4147 1033 4210 είς
1067 4147 1166 4217 τὴν
1196 4149 1359 4216 ἁγίαν
1395 4151 1550 4206 πόλιν
1579 4153 1798 4226 ἔρχεταί

219 4253 302 4298 τις
326 4236 689 4306 φιλοχρίστων
733 4238 830 4291 καὶ
867 4237 1013 4306 λέγει
1065 4257 1176 4309 μοι·
1215 4241 1434 4314 Ἐπειδὴ
1466 4246 1669 4316 μικρὰν
1699 4248 1801 4318 ἀη-

220 4325 338 4380 δίαν
367 4326 563 4397 ἔχομεν
595 4326 714 4396 μετ’
736 4327 977 4398 ἀλλήλων
1011 4329 1122 4398 ἐγὼ
1149 4349 1208 4383 τε
1236 4333 1330 4386 καὶ
1360 4334 1388 4386 6
1413 4334 1640 4404 ἀδελφός
1672 4357 1795 4410 μου,

1906 3251 2029 3306 dam
2077 3251 2451 3318 saecularibus,
2503 3251 2864 3318 venimusque
2902 3246 2968 3300 ad
3011 3244 3187 3300 locum
3243 3245 3330 3298 ubi
3373 3251 3493 3299 erat

1906 3343 2188 3406 telonium.
2241 3355 2297 3398 et
2341 3341 2635 3400 saeculares
2667 3339 2888 3413 quidem
2927 3339 3164 3393 scientes
3214 3345 3496 3390 consuetu-

1904 3436 2087 3491 dinem
2130 3436 2275 3490 ultro
2330 3434 2609 3491 solverunt
2637 3445 2890 3490 censum.
2942 3426 3137 3483 Frater
3185 3437 3368 3482 autem
3405 3442 3492 3481 re-

1904 3526 2146 3596 quisitas
2202 3542 2234 3581 a
2281 3526 2594 3597 publicano,
2645 3529 2972 3596 repugnavit
3011 3528 3492 3587 dicens:Audetis

1901 3619 2121 3687 exigere
2161 3632 2192 3671 a
2249 3614 2706 3685 monachilego
2756 3627 2931 3673 autem
2976 3619 3202 3675 audiens
3228 3618 3277 3674 ei
3326 3617 3489 3674 dixi:
3580 3651 3585 3656 -

1902 3707 2041 3774 Quid
2072 3709 2210 3776 agis,
2259 3703 2642 3772 fratertouod
2691 3709 2777 3763 ais
2816 3709 3152 3763 tantumdem
3202 3716 3288 3763 est
3331 3722 3397 3762 ac
3445 3709 3492 3762 si

1901 3800 2112 3853 diceres
2143 3815 2156 3852 :
2193 3795 2334 3852 Veiis
2357 3797 2518 3863 nolis,
2543 3797 2750 3854 honora
2775 3815 2859 3854 me
2891 3810 2952 3854 ut
2979 3809 3251 3855 sanctum.
3282 3799 3492 3854 Decue-

1903 3896 1989 3942 rat
2023 3889 2188 3942 istum
2221 3886 2384 3952 forte,
2431 3887 2549 3943 visa
2609 3889 2871 3958 religione
2914 3899 2971 3946 et
3025 3890 3328 3945 humilitate
3374 3900 3490 3957 tua,

1900 3979 2235 4035 verecundia
2268 3976 2506 4034 suﬂ'undi
2536 3981 2795 4050 quadam,
2823 3991 2878 4036 et
2907 3981 3120 4035 veniam
3159 3995 3319 4036 orare
3347 3980 3492 4049 quod

1902 4086 1970 4134 ex
1999 4079 2054 4126 te
2095 4071 2425 4141 poposcerit.
2480 4069 2638 4128 Nunc
2683 4074 2901 4144 quando
2932 4072 2984 4127 id
3015 4072 3219 4137 omisit,
3269 4087 3388 4143 age,
3433 4080 3493 4127 ut

1902 4163 2201 4234 discipulus
2235 4162 2384 4218 mitis
2412 4171 2468 4218 et
2510 4163 2732 4219 humilis
2763 4163 3002 4229 Domini,
3031 4163 3095 4218 da
3141 4162 3286 4233 quod
3318 4162 3494 4232 posci-

1903 4264 1990 4311 tur
2038 4263 2094 4310 et
2140 4254 2194 4308 in
2231 4269 2362 4321 pace
2407 4256 2791 4325 procedamus.
2845 4255 2996 4309 Alias
3029 4269 3151 4310 cum
3205 4269 3380 4309 essem
3434 4254 3487 4309 in

1899 4353 2086 4400 sancta
2118 4343 2362 4411 civitate,
2390 4345 2541 4400 venit
2561 4346 2629 4399 ad
2665 4359 2751 4400 me
2781 4345 2956 4401 bonus
2990 4344 3257 4415 quispiam
3285 4342 3487 4399 Christi

222 4417 300 4488 μὴ
345 4416 491 4469 θέλει
539 4416 896 4488 διαλλαγῆναί
933 4436 1040 4489 μοι·
1084 4420 1221 4486 mea
1273 4424 1654 4498 παρακλήθητι
1703 4432 1798 4484 καὶ

1904 4444 2135 4499 amator,
2176 4435 2364 4491 dicens
2393 4454 2408 4492 :
2438 4436 2704 4504 Quoniam
2735 4436 2804 4492 ob
2843 4451 3068 4506 parvam
3113 4434 3481 4490 offensiuncuo

220 4506 453 4597 λάλησον
483 4507 653 4577 αὐτῷ.
695 4509 837 4576 Ἐγὼ
869 4510 925 4562 δὲ
984 4511 1121 4580 μετὰ
1165 4515 1340 4582 χαρᾶς
1390 4515 1681 4586 δεξάμενος
1726 4522 1798 4575 τοι

1921 4528 2024 4582 lam
2062 4541 2162 4597 ego
2195 4536 2250 4580 et
2292 4524 2418 4581 talis
2463 4525 2634 4581 frater
2669 4541 2822 4582 meus
2867 4526 3096 4581 invicem
3142 4523 3484 4590 dissidemus,

219 4596 401 4666 λόγον,
428 4599 520 4651 καὶ
543 4599 778 4663 καλέσας
800 4601 1140 4682 τὸνκὰδελφὸν
1165 4603 1350 4669 αὑτοῦ,
1381 4606 1616 4679 ἐλάλησα
1645 4611 1794 4682 αὐτῷ

1904 4616 1984 4683 egi
2017 4623 2074 4669 ut
2107 4596 2592 4671 reconciliaremur
2619 4633 2632 4670 :
2663 4617 2758 4672 sed
2792 4617 2881 4672 ille
2913 4617 3218 4684 recusavit;
3259 4630 3368 4684 prae
3400 4630 3490 4669 se-

223 4689 564 4742 συντείνοντα
606 4693 684 4754 είς
725 4691 963 4762 ἀγάπην·
1006 4693 1100 4746 καὶ
1142 4694 1286 4759 ἔδοξε
1339 4697 1436 4767 μὲν
1483 4701 1783 4756 πείθεσθαι·

1904 4723 2002 4778 que
2045 4707 2168 4772 fert,
2221 4707 2361 4761 nolle
2407 4708 2474 4762 de
2521 4718 2720 4763 caetero
2773 4707 2953 4764 redire
3005 4723 3217 4763 mecum
3270 4708 3324 4761 in
3370 4721 3487 4778 gra-

221 4778 446 4867 ὕστερον
483 4781 540 4834 δὲ
572 4781 721 4850 λέγει
757 4799 866 4852 μοι·
896 4785 971 4837 Οὐ
997 4785 1230 4856 δύναμαι
1258 4786 1610 4859 διαλλαγῆναι
1645 4793 1792 4864 αὐτῷ

1904 4797 2030 4850 liam
2066 4814 2080 4851 :
2113 4811 2210 4851 oro
2237 4806 2310 4862 te,
2343 4794 2524 4862 Pater,
2569 4807 2628 4851 ut
2659 4812 2780 4852 eum
2812 4798 3118 4867 alloquens,
3145 4797 3384 4853 adducas
3413 4798 3484 4853 ad

219 4867 301 4960 ὅτι
335 4866 530 4937 ὤμοσα
559 4870 640 4932 είς
683 4869 772 4922 τὸν
803 4873 1057 4942 σταυρόν.
1119 4875 1260 4942 Ἐγὼ
1301 4877 1356 4930 δὲ
1405 4878 1794 4949 ὑπομειδιάσας

1905 4887 2043 4940 iram
2104 4887 2505 4956 deponendam.
2558 4888 2786 4960 Suscepi
2837 4866 3013 4944 libens
3068 4889 3380 4959 negotium,
3436 4898 3493 4944 et

219 4951 375 5009 εἷπον
411 4958 582 5028 αὐτῷ·
619 4959 678 5012 '0
725 4961 889 5030 ὅρκος
935 4979 1029 5015 σου
1073 4965 1329 5036 τοιαύτην
1375 4966 1603 5040 δύναμιν
1657 4971 1792 5041 ἔχει,

1907 4984 2101 5031 vocato
2131 4951 2301 5031 fratre
2339 4977 2450 5042 illo,
2493 4977 2605 5033 dixi
2654 4951 2775 5048 qua:
2819 4989 3122 5048 opportuna
3142 4951 3492 5034 vviderentur

220 5045 300 5098 ὅτι
325 5046 417 5099 Mi
439 5047 530 5099 τὸν
555 5047 735 5118 τίμιον
751 5052 990 5121 ’σταυρὸν
1019 5054 1078 5106 οὐ
1101 5055 1174 5124 μὴ
1208 5056 1429 5124 φυλάξω
1453 5059 1550 5123 τὰς
1583 5061 1798 5126 ἐντολάς

1904 5067 1970 5120 ad
2007 5067 2054 5120 ei
2107 5069 2541 5137 persuadendum
2577 5045 2764 5138 pacem
2809 5045 2868 5124 et
2893 5045 3230 5124 charitatem
3278 5081 3375 5125 :et
3411 5070 3493 5125 vi-

222 5153 338 5190 σου⁶
363 5138 498 5192 ἀλλὰ
520 5140 582 5192 τὸ
603 5141 814 5212 θέλημα
835 5143 931 5196 τοῦ
955 5145 1152 5217 ἐχθροῦ
1173 5148 1264 5201 τοῦ
1290 5149 1536 5205 διαϐόλου
1566 5155 1798 5226 ποιήσω.

220 5230 332 5283 Καὶ
359 5229 466 5301 γὰρ
495 5232 554 5283 οὐ
596 5233 755 5302 μόνον
788 5237 886 5288 οὐκ
917 5235 1112 5307 ὤφειλε
1145 5241 1339 5311 στῆσαι
1367 5243 1426 5296 τὸ
1461 5245 1650 5309 κακῶς
1687 5249 1802 5317 όρι-

221 5319 350 5374 σθεν
375 5322 466 5390 ὑφ’
494 5325 672 5393 ἡμῶν,
717 5327 850 5380 ἀλλὰ
884 5332 979 5382 καὶ
1007 5331 1208 5399 μᾶλλον
1241 5338 1523 5404 μετανοεῖν
1555 5340 1649 5390 καὶ
1683 5339 1799 5392 θλί-

221 5411 412 5466 ϐεσθαι
460 5415 546 5482 ιφ’
591 5410 671 5479 οἷς
727 5419 910 5481 κακῶς
964 5422 1258 5492 όριζόμεθα
1302 5425 1564 5490 ἑαυτοὺς,
1618 5428 1801 5493 καθώς

227 5515 394 5570 φησιν
424 5503 452 5555 6
483 5502 736 5574 θεοφόρος
765 5507 1062 5574 Βασίλειος·
1111 5530 1130 5563 ι
1164 5513 1273 5564 Καὶ
1309 5513 1417 5584 γὰρ
1464 5515 1708 5586 Ἡρώδης
1750 5519 1800 5571 ει

235 5590 533 5662 μετενόησε
562 5594 656 5646 καὶ
696 5593 771 5666 μὴ
809 5596 1002 5669 ἔστησε
1028 5599 1120 5653 τὸν
1160 5600 1322 5673 ὅρκον
1353 5603 1518 5657 αὑτοῦ
1544 5643 1559 5669 ,
1589 5607 1690 5660 οὐκ
1732 5608 1798 5661 ἂν

293 5780 317 5814 ⁸
340 5782 444 5841 lsa.
481 5803 517 5851 ι,
551 5786 604 5841 6.
680 5789 700 5826 ⁷
726 5787 914 5848 Mittit.
951 5808 1025 5861 γι,
1053 5794 1142 5848 21.
1220 5796 1240 5828 ⁸
1274 5797 1314 5850 ιι
1347 5796 1490 5854 Patr.
1521 5814 1582 5866 ιι,
1613 5799 1696 5856 19.

1905 5156 2137 5213 dehatur
2165 5163 2532 5229 acquiescere.
2575 5162 2844 5218 Czeterum
2892 5163 3109 5232 excepit
3139 5179 3154 5216 :
3183 5162 3328 5216 haud
3367 5176 3490 5218 esse

1903 5249 2005 5302 sibi
2039 5250 2247 5304 licitum
2287 5255 2624 5329 reconciliari
2671 5255 2850 5320 fratri,
2885 5254 3010 5324 quia
3042 5269 3141 5323 per
3169 5270 3386 5309 crucem
3409 5254 3492 5324 ju-

1903 5351 2100 5404 rasset,
2149 5356 2209 5395 se
2253 5359 2530 5412 nunquam
2577 5344 2630 5399 in
2681 5345 2734 5398 id
2792 5359 3207 5400 consensurum.
3258 5345 3340 5400 Ad
3386 5345 3490 5401 hoc

1902 5443 2002 5499 ego
2046 5432 2339 5489 subridens
2366 5435 2478 5489 dixi
2519 5454 2530 5489 :
2567 5435 2741 5491 Tuum
2767 5437 3129 5505 iuramentum
3182 5436 3339 5490 talem
3376 5435 3486 5490 vim

1902 5521 2061 5577 habet
2089 5538 2154 5579 ac
2195 5528 2240 5579 si
2282 5527 2530 5584 diceres:
2563 5528 2664 5585 Per
2691 5529 3074 5599 crucetnjuro,
3121 5527 3355 5594 Christe,
3400 5543 3490 5585 me

1903 5626 2182 5683 nunquam
2230 5614 2646 5675 observaturum
2685 5621 2945 5676 mandata
2997 5628 3087 5675 tua
3125 5636 3138 5675 :
3173 5618 3266 5676 sed
3297 5616 3490 5681 volun.
