4010 6466
480 368 610 456 ιθοι
1772 378 2065 441 κοειιιίιι
2103 373 2416 436 ABBATIS
3581 352 3719 419 me

481 512 641 556 tatem
679 497 849 553 hostis
881 495 953 550 tul
986 490 1182 549 diaboli
1231 489 1515 545 facturum.
1550 487 1837 544 Enimvero
1865 487 2035 556 jusju.
2065 541 2070 554 ‘

2177 483 2430 558 ἰργάσατο
2457 482 2518 536 τὸ
2552 482 2696 555 μέγα
2725 478 2885 534 τοῦτο
2912 475 3238 549 ἁμάρτημα,
3272 470 3331 526 τδ
3373 469 3718 540 ἀποκεφαλί-

482 589 706 644 randum
731 585 990 655 ejusmodi
1037 583 1169 637 adeo
1219 595 1324 636 non
1370 580 1530 635 debet
1582 577 1748 634 videri
1793 578 2032 634 stabilire

2177 593 2229 630 αι
2255 577 2346 630 τὸν
2370 572 2603 646 Χριστοῦ
2628 571 2956 644 πρόδρομον.
2993 586 3012 620 ι
3111 658 3122 665 ι
3253 656 3264 665 ⁸
3460 653 3490 665 η

481 679 620 746 quod
663 649 797 730 male
842 675 1211 738 decrevimus;
1262 680 1321 725 ut
1394 671 1577 741 potius
1630 684 1730 726 nos
1779 667 1975 738 obliget
2009 681 2074 722 au
2151 669 2293 724 serio
2340 664 2750 735 concipiendam
2813 660 2931 730 ejus
2982 656 3356 757 paenitentiam
3441 649 3725 757 tliilitigin:

480 741 714 838 dumque
751 778 910 838 atque
961 770 1014 823 in
1049 765 1380 824 contrarium
1431 765 1743 820 mutandmn
1773 763 2034 834 quidquid
2075 761 2276 818 temere
2339 776 2434 830 per
2464 759 2590 814 illud
2653 765 3043 812 statueramus.
3074 749 3229 849 _Sicut
3271 749 3346 802 ait
3381 745 3588 849 Spiritu
3623 741 3723 795 Dei

481 863 670 933 plenus
718 863 951 916 Basilius
981 880 993 916 :
1029 880 1045 912 ι
1074 862 1304 928 Etenim,
1356 861 1624 929 inquiens,
1675 858 1936 922 Herodes,
1987 859 2033 912 si
2065 855 2358 926 juramenti
2391 865 2593 909 temere
2637 851 2770 915 dati,
2838 856 2993 918 prout
3061 844 3292 899 debebat.
3333 844 3722 940 [tauri-luisset:

482 931 584 1010 nec
621 966 765 1011 stare
797 954 869 1010 illi
908 954 1178 1019 voluisset,
1209 969 1312 1006 non
1352 962 1627 1022 peccasset
1655 966 1876 1007 enorme
1903 950 2033 1006 illud
2072 961 2374 1022 peccatum,
2420 944 2744 1016 amputando
2814 948 2975 1011 caput
3049 934 3404 1007 prmcursoris
3433 931 3661 987 Οιιτίειί·
3702 944 3722 977 ³

553 1087 664 1142 VII.
708 1085 1070 1152 Interrogatus
1102 1083 1240 1136 idem
1267 1081 1558 1152 aliquando
1589 1091 1672 1136 est
1703 1098 1717 1135 :
1750 1079 2029 1148 Quomodo

487 1180 576 1236 fiet
625 1187 682 1231 ut
724 1177 916 1243 aliquis
971 1155 1181 1242 spretus
1219 1182 1273 1227 et
1333 1172 1592 1227 conviciis
1640 1171 1944 1242 proscissus
1993 1185 2024 1223 a

485 1267 824 1339 quibusdam,
873 1281 978 1320 non
1028 1264 1332 1318 irascatur?
1361 1264 1658 1334 Respondit
1689 1283 1701 1318 :
1733 1261 1789 1318 Si
1839 1263 2044 1317 habue-

487 1362 558 1416 rit
595 1359 685 1414 ille
734 1359 970 1426 seipsum
1007 1371 1102 1426 pro
1134 1356 1320 1417 nihilo,
1361 1370 1464 1410 non
1502 1354 1805 1410 turbabitur
1833 1373 1847 1410 :
1879 1364 2040 1424 prout

487 1449 625 1504 dixit
665 1449 830 1502 abbas
861 1446 1074 1501 Pmmeu
1104 1463 1115 1498 :
1147 1463 1166 1495 ι
1199 1445 1255 1498 Si
1312 1454 1363 1500 te
1411 1445 1582 1514 ipsum
1616 1459 1714 1514 pro
1752 1443 1919 1499 nihilo
1954 1443 2050 1498 ha-

488 1540 690 1605 bueris,
723 1540 944 1592 habebis
974 1539 1236 1606 requiem.
1276 1556 1294 1588 ι

559 1671 692 1727 VIII.
762 1671 905 1725 Dixit
967 1680 1222 1741 prazterea
1263 1670 1429 1725 :Fuit
1478 1669 1767 1740 aliquando
1826 1671 2048 1724 fratrum

2210 1086 2285 1140 Z'.
2331 1079 2617 1154 Ἦρωτήθη
2643 1077 2827 1138 πάλιν.
2853 1076 2980 1137 Πῶς
3007 1072 3213 1143 ὀφείλει
3243 1087 3328 1132 τις
3358 1065 3732 1134 ὲξουδενωμέ-

2143 1179 2290 1246 νοςῆ
2338 1170 2803 1241 κακολογούμενος
2847 1168 2999 1238 παρά
3043 1183 3226 1225 τινων.
3263 1161 3337 1233 μὴ
3373 1158 3728 1230 (lupo-330m;

2145 1267 2475 1339 ἀπεκρίνατο
2495 1265 2642 1334 γοῦν·
2673 1263 2800 1316 Ἐάν
2823 1279 2904 1324 τις
2926 1300 2939 1325 ,
2969 1255 3144 1319 εἶπεν,
3171 1257 3270 1330 ἔχῃ
3290 1253 3480 1308 ἑαυτὸν
3501 1250 3696 1318 εὐτελῆ
3713 1290 3729 1313 ,

2151 1362 2223 1432 μὴ
2254 1358 2606 1428 ταράσσεται·
2634 1354 2819 1418 καθὼς
2844 1346 2996 1406 εἷπεν
3017 1353 3047 1404 ὁ
3073 1348 3248 1411 άϐϐᾶς
3275 1345 3505 1417 Ποιμήν·
3541 1362 3558 1394 ι
3601 1341 3733 1393 Ἐὰν

2155 1451 2315 1505 αὑτὸν
2349 1448 2645 1520 εὐτελίσῃς,
2681 1447 2821 1513 ἔξεις
2843 1445 3168 1499 ἀνάπαυσιν.
3204 1459 3222 1492 ι

2228 1672 2307 1723 H'.
2347 1670 2454 1724 Καὶ
2503 1669 2706 1737 ἔλεγεν,
2754 1664 2993 1721 ὅτιΠοτέ
3039 1682 3123 1728 τις
3169 1662 3278 1716 τῶν
3324 1657 3569 1723 ἀδελφῶν
3622 1657 3739 1708 τῶν

491 1764 778 1836 quispiam,
817 1763 975 1817 exiis
1021 1763 1108 1830 qui
1144 1778 1348 1816 mecum
1397 1763 1706 1826 manebant,
1741 1771 1793 1815 et
1825 1776 2048 1829 accepe-

2177 1761 2450 1815 ιεινάντων
2505 1760 2620 1830 μετ’
2660 1756 2798 1828 ἐμοῦ
2851 1757 2946 1811 καὶ
2989 1754 3264 1807 λαϐόντων
3313 1749 3441 1820 παρ’
3493 1745 3628 1816 ἐμοῦ
3673 1745 3739 1797 τὸ

494 1866 615 1910 rant
645 1871 672 1908 a
711 1869 793 1907 me
839 1869 1052 1908 sacrum
1088 1851 1354 1916 habitum,
1399 1852 1561 1905 multa
1599 1868 1625 1904 a
1673 1869 1758 1906 me
1795 1861 2052 1907 tractatus

496 1943 844 2012 indulgentia.
882 1942 1008 1995 Erat
1044 1941 1184 1995 enim
1228 1939 1381 1995 ﬂuxa
1401 1941 1740 1997 valetudinis
1775 1957 1836 1994 ac
1866 1949 2048 2006 tener;

495 2044 550 2089 et
607 2031 1100 2089 condescendebam
1150 2033 1248 2100 ipsi
1317 2033 1384 2086 ob
1444 2032 1864 2086 imbecillitatem
1915 2031 2050 2099 ejus.

497 2124 732 2190 Quadam
786 2123 947 2191 igitur
981 2121 1025 2175 is
1072 2121 1157 2175 die
1192 2121 1320 2174 mihi
1374 2121 1508 2174 dixit
1541 2139 1554 2175 :
1589 2119 1734 2174 Abba
1788 2122 1880 2186 mi,
1915 2122 2055 2175 mul-

500 2226 612 2270 tum
649 2229 769 2270 amo
803 2223 873 2269 te.
921 2212 1020 2267 Aio
1043 2228 1140 2281 ego
1187 2212 1258 2266 illi
1293 2231 1307 2266 ;
1343 2210 1626 2280 Nunquam
1663 2212 1838 2266 adhuc
1870 2228 2056 2279 quem-

500 2321 661 2375 quam
699 2304 894 2373 reperi,
937 2303 1024 2371 qui
1061 2319 1143 2357 me
1179 2312 1384 2356 tantum
1420 2299 1628 2357 altiaer
1668 2315 1924 2370 quantum
1960 2320 2059 2374 ego

501 2412 621 2450 amo
673 2397 868 2464 ipsum.
923 2396 1062 2449 Ecce
1116 2411 1254 2448 nunc
1297 2395 1425 2448 mihi
1472 2394 1651 2450 dicis:
1687 2395 1823 2448 Amo
1874 2409 1957 2456 te;
2007 2403 2060 2448 et

502 2489 684 2544 credo.
739 2487 793 2540 Si
850 2498 1030 2540 autem
1069 2487 1160 2540 tibi
1206 2487 1332 2554 quid
1375 2503 1403 2542 a
1455 2502 1539 2541 me
1583 2487 1867 2556 contigerit
1918 2486 2060 2540 haud

503 2586 732 2645 gratum,
772 2590 876 2629 non
919 2589 1102 2628 ittanes
1132 2576 1304 2643 qualis
1339 2591 1458 2630 eras
1498 2590 1622 2646 erga
1672 2593 1774 2630 me.
1824 2577 1903 2630 Me
1937 2592 2062 2630 vero

502 2662 760 2733 quidquid
800 2677 828 2715 a
859 2673 908 2717 te
933 2663 1104 2730 patiar
1141 2663 1279 2716 haud
1313 2663 1508 2731 poterit
1540 2673 1784 2718 avertere
1816 2681 1843 2717 a
1877 2665 2061 2718 chari-

507 2764 612 2808 tate
643 2754 740 2808 tui.
775 2753 886 2806 Non
912 2755 1124 2822 longum
1155 2753 1279 2808 hinc
1311 2765 1519 2822 tempus
1552 2756 1701 2820 ahiit,
1737 2771 1854 2809 cuin
1882 2757 2062 2809 nescio

507 2847 634 2917 quid
669 2848 864 2902 accidit
885 2863 913 2899 a
945 2831 1029 2901 ine
1059 2841 1244 2914 parum
1275 2849 1370 2915 ipsi
1407 2848 1643 2915 placens,
1673 2857 1726 2901 et
1753 2850 1892 2915 cepit
1921 2865 2068 2924 mur-

511 2956 725 2992 murare
781 2950 969 2994 contra
1017 2955 1102 2995 me
1154 2941 1349 3003 multa,
1412 2956 1581 3007 usque
1635 2942 1699 2992 ad
1745 2940 1881 2994 foeda
1932 2956 2066 2995 con-

506 3031 662 3085 vicia.
688 3030 827 3084 Nihil
857 3033 1045 3085 horum
1080 3047 1163 3086 me
1213 3031 1386 3085 latuit.
1429 3032 1640 3085 Auditis
1679 3043 1855 3084 tamen
1891 3033 2066 3085 omni-

508 3115 626 3177 bus,
652 3117 776 3169 mihi
811 3116 921 3171 haec
953 3118 1146 3172 tacitus
1174 3117 1376 3185 subjeci
1403 3136 1415 3171 :
1449 3117 1752 3186 Chirurgus
1785 3118 1871 3172 hic
1907 3117 2066 3173 Chri-

509 3207 574 3260 sti
605 3205 727 3262 .Iesu
779 3219 879 3274 est,
915 3208 1112 3263 missus
1159 3207 1226 3262 ad
1267 3221 1351 3261 me
1394 3223 1514 3262 cum
1549 3210 1670 3277 igne
1707 3223 1766 3262 ac
1811 3208 1954 3262 ferro
2004 3210 2070 3263 ad

510 3313 684 3354 meam
737 3302 1026 3354 curandam
1080 3316 1228 3355 vana:
1270 3301 1450 3370 gloria:
1491 3302 1668 3356 studio
1713 3312 2067 3372 :cgrotantem

510 3390 763 3444 animam.
811 3391 851 3444 E
883 3391 1076 3444 talibus
1122 3399 1296 3457 potest
1330 3391 1523 3460 aliquis
1565 3391 1782 3455 lucrari,
1816 3393 1858 3445 si
1899 3401 2074 3444 atten-

512 3491 597 3535 tus
629 3483 692 3533 ad
721 3485 799 3535 sui
835 3483 1125 3548 profectum
1163 3482 1342 3536 fuerit.
1377 3483 1530 3536 Sicut
1572 3483 1808 3537 vicissim
1837 3483 1976 3538 idem
2010 3485 2076 3538 ab

513 3572 578 3624 iis
599 3573 686 3639 qui
710 3573 757 3624 ei
780 3572 1066 3625 adulantur
1083 3585 1135 3627 et
1160 3573 1510 3643 applaudunt,
1535 3573 1850 3642 plerumque
1878 3576 2076 3628 damno

515 3665 757 3719 afﬁcitur.
793 3665 893 3729 Qui
957 3682 1077 3720 eum
1123 3667 1325 3735 pungit,
1385 3682 1566 3721 revera
1616 3666 1927 3722 hencfactor
1969 3675 2071 3722 est.

517 3752 579 3807 lit
619 3754 940 3808 recordabar
976 3753 1091 3821 ejus
1125 3769 1179 3808 ut
1217 3756 1408 3809 medici
1445 3771 1504 3810 ac
1534 3755 1893 3810 benefactoris
1929 3756 2069 3809 inci:

517 3843 862 3912 dicebamque
923 3845 1200 3898 maledicta
1259 3846 1378 3915 ejus
1427 3846 1478 3898 in
1533 3860 1618 3900 me
1663 3846 2073 3901 referentibus:

490 3931 672 3986 Novit
701 3933 786 3986 hic
821 3933 1102 3987 manifesta
1144 3952 1256 3988 mea
1308 3935 1463 3997 rnala,
1499 3951 1598 3990 nec
1648 3945 1823 3990 tamen
1865 3937 2075 4002 omnia;

515 4022 608 4075 sed
645 4031 842 4090 partem
875 4034 1075 4078 tantum
1110 4026 1300 4079 borum
1349 4027 1640 4094 quamdam
1678 4045 1691 4080 :
1726 4028 1932 4081 occulta
1983 4043 2080 4080 au-

519 4121 623 4167 tem
675 4113 1087 4167 innumerabilia
1138 4126 1282 4169 sunt.
1316 4115 1496 4185 Longo
1534 4127 1652 4186 post
1691 4117 1792 4170 hoc
1841 4127 2078 4186 tempore

516 4205 750 4259 occurrit
797 4205 840 4259 is
894 4207 1020 4259 mihi
1073 4206 1367 4273 Cresarerc;
1425 4218 1478 4262 et
1535 4208 1765 4262 accessit
1819 4222 1884 4262 ex
1932 4224 2079 4262 more

519 4296 829 4363 amplexans
860 4305 912 4368 et
943 4296 1190 4351 osculans
1235 4315 1354 4364 me,
1406 4314 1610 4367 egoque
1659 4299 1895 4354 vicissim
1931 4301 2078 4368 paria

2154 1857 2336 1925 σχῆμα
2358 1893 2371 1916 ,
2397 1851 2564 1905 πολλὰ
2595 1849 2984 1921 συγκρυτηῦεὶς
3016 1848 3143 1915 παρ’
3175 1842 3328 1914 ἐμοῦ·
3358 1844 3450 1894 καὶ
3478 1842 3585 1908 γάρ
3618 1840 3733 1891 τῶν

2152 1942 2439 2014 τρυφερῶν
2471 1937 2556 2012 ἦν·
2590 1938 3016 2008 συγκατέϐαινον
3038 1934 3185 2005 αὐτῷ
3208 1933 3292 1985 διὰ
3318 1932 3416 2002 τὴν
3450 1929 3739 1982 ασύένειαν

2155 2033 2340 2088 αὐτοῦ.
2385 2033 2471 2085 Ἐν
2507 2033 2604 2102 μιᾷ
2630 2031 2813 2102 ἡμέρᾳ.
2842 2031 2988 2097 λέγει
3027 2043 3158 2098 μοι·
3205 2023 3370 2078 Ἀϐϐᾶ
3405 2041 3529 2091 μου,
3567 2018 3743 2072 πολλὰ

2157 2125 2352 2194 ἀγαπῶ
2389 2139 2469 2175 σε.
2500 2123 2603 2175 Καὶ
2632 2121 2774 2188 λέγω
2824 2119 2998 2189 αύτῷ·
3042 2116 3181 2186 Ἐγὼ
3224 2117 3408 2184 ἀκμὴν
3450 2114 3547 2179 οὐχ
3577 2104 3743 2176 εὗρόν

2157 2233 2276 2269 τινα
2305 2212 2602 2282 άγαπῶντά
2635 2229 2723 2282 με,
2763 2211 2838 2273 ὡς
2889 2207 3088 2277 ἀγαπῶ
3116 2207 3300 2261 αὐτόν.
3364 2205 3492 2256 Ἰδοὺ
3523 2201 3616 2253 νῦν
3652 2200 3745 2251 λέ-

2161 2324 2296 2375 γεις,
2324 2308 2404 2358 ὅτι
2443 2304 2663 2372 Ἀγαπῶ
2689 2319 2766 2355 σε·
2803 2302 2896 2354 καὶ
2922 2299 3202 2370 πείθομαι.
3231 2285 3361 2349 Ἐάν
3387 2295 3440 2347 δὲ
3474 2294 3656 2362 συμϐῇ
3689 2309 3742 2343 τι

2166 2397 2240 2467 μὴ
2271 2396 2501 2466 ἀρέσκον
2531 2413 2634 2458 σοι,
2658 2395 2718 2446 ού
2747 2395 2928 2463 μένεις
2952 2393 3173 2454 ὁαύτός·
3199 2389 3307 2457 ἐγὼ
3325 2389 3402 2452 δὲ,
3426 2389 3534 2438 πᾶν
3562 2384 3743 2437 ὁτιοῦν

2164 2487 2320 2542 πάθω
2357 2487 2504 2557 παρὰ
2532 2485 2647 2548 σοῦ,
2691 2486 2749 2538 οὐ
2785 2484 3003 2538 δύναται
3042 2479 3348 2550 ἀποστῆσαί
3380 2496 3446 2546 με
3474 2481 3570 2548 τῆς
3605 2477 3746 2542 ἁγά-

2165 2595 2272 2648 πης
2320 2595 2432 2630 σου.
2484 2577 2691 2646 Μικρὸς
2731 2578 2916 2647 χρῧνος
2953 2575 3219 2646 παρῆλθε,
3253 2575 3345 2626 καὶ
3387 2575 3485 2625 οὐκ
3525 2568 3644 2622 οἶδα
3688 2569 3744 2620 τί

2167 2669 2363 2739 συνέϐη
2399 2669 2564 2738 αὐτῷ.
2599 2670 2706 2722 Καὶ
2741 2669 2946 2738 ἤρξατο
2981 2667 3157 2734 λέγειν
3205 2666 3325 2717 κατ’
3357 2663 3493 2734 ἐμοῦ
3538 2661 3743 2722 πολλὰ,

2165 2760 2268 2822 ἓως
2304 2761 2396 2811 καὶ
2422 2758 2664 2828 αἰσχρῶν
2693 2759 2974 2827 ῥημάτων·
3021 2757 3113 2809 καὶ
3142 2757 3357 2809 πάντων
3401 2755 3619 2824 ἢκουον·
3651 2751 3748 2804 καὶ

2169 2849 2352 2916 ἔλεγον
2375 2851 2429 2900 ἐν
2444 2848 2618 2916 έαυτῴ
2641 2846 2829 2908 οὕτως·
2865 2849 3125 2915 Καυστήρ
3155 2848 3270 2897 ἐστι
3293 2845 3384 2896 τοῦ
3427 2843 3626 2915 Ἰησοῦ,
3651 2841 3748 2894 καὶ

2171 2940 2449 3009 ἀπεστάλη
2485 2937 2764 3008 ἰατρεῦσαι
2803 2937 2900 3008 τὴν
2933 2935 3206 3000 κενόδοξὸν
3243 2953 3342 3007 μου
3367 2934 3568 3004 ψυχήν.
3615 2931 3750 2984 Ἀπὸ

2171 3031 2277 3082 τῶν
2313 3029 2568 3082 τοιούτων
2596 3027 2816 3081 δύναταί
2844 3045 2926 3091 τις
2947 3029 3209 3098 κερδῆσαι
3240 3027 3334 3079 ἐὰν
3361 3025 3525 3097 νήψῃ,
3556 3022 3750 3091 ὥσπερ

2170 3123 2279 3175 ἀπὸ
2325 3122 2432 3174 τῶν
2495 3119 2911 3190 μακαριζόντων
2951 3117 3268 3196 ζημιοῦται.
3316 3111 3483 3174 Οὗτος
3531 3115 3750 3186 ἀληθῶς

2170 3214 2244 3277 ὡς
2280 3213 2575 3283 εὐεργέτης
2605 3213 2740 3266 ἐστί.
2770 3212 2875 3264 Καὶ
2902 3205 3230 3282 ἐμεμνήμην
3254 3208 3421 3262 αὑτοῦ
3456 3207 3529 3269 ὡς
3558 3206 3748 3274 ξατροῦ

2171 3308 2265 3360 καὶ
2290 3307 2599 3378 εὐεργέτου·
2627 3305 2720 3358 καὶ
2738 3304 2923 3372 ἔλεγον
2953 3307 3066 3368 τοῖς
3098 3302 3497 3371 ἁναγγέλλουσί
3531 3319 3644 3372 μοι·
3668 3301 3750 3354 Τὰ

2174 3397 2380 3465 φανερά
2429 3412 2527 3464 μου
2567 3395 2713 3447 κακὰ
2754 3395 2911 3464 μόνον
2957 3389 3084 3456 οἶδε,
3131 3394 3224 3447 καὶ
3269 3393 3392 3446 οὐδὲ
3447 3393 3564 3456 ὅλα,
3613 3392 3754 3446 ἀλλὰ

2177 3488 2339 3558 μέρος
2362 3501 2431 3539 τι·
2466 3485 2532 3538 τά
2556 3486 2612 3538 δὲ
2641 3485 2998 3556 κεκρυμμένα
3023 3485 3374 3554 ἀναρίθμητά
3403 3487 3559 3536 εἰσιν.
3590 3487 3750 3538 Μετὰ

2175 3576 2366 3646 καιρὸν
2408 3571 2501 3629 οὖν
2532 3576 2746 3645 ἅπαντᾷ
2775 3577 2979 3645 μοιλεὶς
3008 3577 3366 3647 Καισάρειαν·
3403 3576 3495 3627 καὶ
3530 3576 3753 3646 ἔρχεται

2174 3666 2315 3720 κατὰ
2349 3667 2408 3720 τὸ
2441 3667 2560 3729 ἔθος
2601 3666 2692 3720 καὶ
2729 3666 3156 3736 περιπτύσσεται
3204 3665 3295 3717 καὶ
3330 3667 3620 3732 καταφιλεῖ
3661 3683 3750 3737 με·

2175 3757 2330 3824 κάγὼ
2360 3757 2537 3822 αὐτὸν,
2561 3757 2633 3820 ὡς
2667 3756 2889 3827 μηδενὸς
2915 3757 3224 3827 γενομένου·
3251 3759 3345 3809 καὶ
3377 3759 3433 3809 ἐν
3466 3756 3544 3826 τῷ
3573 3756 3756 3825 λέγειν

2174 3849 2346 3903 ταῦτα
2383 3851 2472 3902 ὅτε
2515 3849 2762 3918 συνήντει
2807 3866 2894 3919 μοι
2934 3848 3366 3919 περιεπτύσσετό
3413 3867 3504 3920 μοι
3549 3851 3751 3904 πολλά·

2177 3938 2309 4008 ἐμοῦ
2343 3938 2675 4000 δεικνύοντος
2703 3938 2846 4007 αὐτῷ
2880 3937 3147 4008 μηδεμίαν
3179 3938 3432 4007 ύποιῖμίαν,
3466 3939 3587 4008 μηδ’
3617 3939 3755 4002 ὅλως

2177 4028 2424 4095 λείψανον
2501 4027 2714 4097 λύπης,
2767 4028 2968 4098 καίπερ
3032 4029 3207 4081 πάντα.
3265 4029 3498 4084 ἀκούων.
3561 4029 3758 4100 Ὅμως

2180 4117 2509 4188 προσπίπτει
2544 4135 2630 4188 μοι
2665 4118 2758 4170 καὶ
2787 4118 3033 4187 κατέχων
3080 4120 3206 4182 τοὺς
3250 4119 3413 4182 πόδας
3459 4136 3559 4189 μου
3610 4120 3758 4185 λέ,ει

2183 4225 2291 4278 μοι·
2321 4207 2680 4278 Συγχὼρησόν
2712 4224 2800 4276 μοι
2828 4207 2973 4260 ἀϐϐᾶ
3005 4225 3105 4278 μου
3127 4247 3141 4264 .
3181 4209 3269 4261 διὰ
3299 4210 3385 4260 τὸν
3419 4209 3642 4278 Κύριον,
3676 4213 3759 4263 ὅτι

2181 4298 2347 4351 πολλὰ
2382 4301 2475 4351 καὶ
2508 4297 2656 4350 δεινὰ
2705 4298 2938 4368 ἐλάλησα
2981 4300 3120 4352 κατὰ
3155 4299 3272 4353 σοῦ.
3318 4299 3460 4368 Ἐγὼ
3492 4301 3548 4353 δὲ
3583 4318 3760 4354 x11:-

522 4386 643 4447 t'eci,
691 4395 944 4455 tanquam
988 4389 1118 4441 nihil
1152 4389 1373 4442 omnino
1426 4391 1582 4443 modo
1629 4390 1897 4444 dictorum
1947 4407 2070 4460 prm-

2187 4389 2415 4458 φιλήσας
2461 4390 2622 4442 αὐτὸν
2648 4390 2791 4458 λέγω
2821 4391 2966 4461 αύτῷ
3003 4391 3141 4460 μετὰ
3164 4393 3556 4464 ,χαριεντισμοῦ
3583 4409 3596 4420 ·
3645 4394 3754 4446 Μέ-

522 4479 796 4534 cessisset.
847 4480 1248 4534 Ilecordabatur
1300 4482 1390 4535 ille
1449 4491 1671 4546 tamen,
1728 4490 1784 4535 et
1839 4482 2075 4538 uliiciosa

523 4569 684 4620 verba
712 4569 1009 4632 cumulatis,
1046 4573 1198 4638 quasi
1232 4573 1389 4624 tacite
1429 4583 1676 4625 retexere
1708 4583 1801 4626 aut
1831 4589 2082 4641 conmen-

522 4672 646 4712 sare
687 4660 813 4713 olim
859 4661 1117 4714 blaterata
1167 4663 1457 4727 nitebatur,
1494 4663 1735 4718 inserens
1777 4665 1938 4716 etiam
1991 4682 2083 4718 oc-

523 4765 684 4803 cursu
736 4750 839 4805 alio
898 4767 1060 4804 novos
1117 4752 1395 4820 amplexus
1447 4769 1579 4808 :me
1635 4755 1985 4808 nihilominus
2031 4757 2080 4810 in

525 4838 907 4893 dissimulando
943 4849 1133 4894 cuncta
1187 4853 1454 4896 transacta
1510 4855 1932 4912 perseverante,
1986 4861 2083 4898 nec

524 4931 811 4998 quidquam
849 4943 1039 5000 agente
1069 4942 1160 4984 aut
1204 4935 1418 4988 dicente
1445 4935 1583 5000 quod
1625 4935 1786 4987 ullum
1819 4938 2083 5004 attSpicio-

527 5021 612 5073 nis
643 5022 923 5088 vestigium
960 5032 1052 5074 aut
1086 5022 1287 5076 doloi-is
1330 5025 1582 5092 reliqui-is
1632 5026 1888 5095 signaret.
1928 5027 2082 5080 Scie-

530 5113 617 5163 bat
675 5119 849 5165 tamen
909 5112 994 5166 ille
1053 5113 1348 5167 innotuisse
1403 5114 1531 5166 mihi
1602 5132 1931 5182 quaecunque
1989 5117 2081 5170 irze

528 5203 829 5270 obsequens
881 5203 1117 5268 dixerat;
1169 5222 1338 5272 quare
1391 5207 1859 5274 tandcmprm-i'lit
1905 5224 2085 5261 coram

533 5307 633 5352 nte,
679 5294 944 5362 pedesque
991 5297 1270 5364 amplexus
1316 5312 1463 5351 meos
1510 5299 1584 5349 ait
1617 5319 1627 5353 :
1659 5298 1879 5365 Ignosce
1937 5300 2089 5363 mihi,

531 5384 683 5446 abba,
722 5400 816 5452 per
853 5385 1164 5454 Dominum;
1207 5389 1372 5441 multa
1415 5399 1468 5442 et
1520 5391 1701 5458 gravia
1746 5390 1852 5444 dixi
1902 5399 2090 5446 contra

535 5484 602 5527 te.
646 5476 753 5544 Ego
785 5477 954 5543 ipsum
985 5479 1258 5533 osculatus
1290 5482 1375 5533 aio
1409 5481 1480 5533 Illi
1516 5499 1526 5533 :
1559 5479 1888 5533 Ilecordatur
1915 5482 2093 5535 chari-

535 5571 616 5618 tas
642 5575 750 5633 tua,
778 5565 954 5631 Pater,
997 5569 1197 5624 dixisse
1241 5581 1290 5624 te
1337 5569 1460 5624 olim
1513 5571 1639 5624 mihi
1669 5589 1682 5625 :
1718 5572 1935 5625 Mullum
1971 5588 2092 5625 amo

539 5664 632 5718 te;
686 5673 874 5726 meque
917 5661 1008 5714 tibi
1063 5664 1444 5731 respondisse:
1479 5660 1723 5716 Nondum
1783 5663 1953 5717 inveni
2003 5665 2090 5732 qui

549 5761 630 5801 me
661 5756 860 5806 tantum
895 5764 1098 5810 amaret
1128 5765 1380 5822 quantum
1419 5769 1516 5823 ego
1562 5755 1754 5816 ipsum.
1789 5756 1920 5811 Ecce
1955 5771 2092 5809 nunc

2192 4498 2386 4554 μνηται
2421 4484 2454 4551 ἡ
2484 4481 2724 4549 Θεοφιλία
2762 4499 2877 4544 σου,
2899 4483 3100 4553 Πάτερ,
3142 4483 3221 4535 ὅτι
3257 4480 3407 4545 εἶπές
3444 4496 3556 4552 μοι·
3586 4485 3764 4539 [Ιολλᾶ

2190 4570 2388 4638 ἀγαπῶ
2424 4585 2510 4623 σε·
2566 4573 2657 4624 καὶ
2701 4566 2853 4624 εἶπόν
2883 4587 2982 4624 σοι·
3031 4571 3196 4625 Οῦπω
3248 4567 3408 4642 εὗρόν
3453 4589 3575 4626 τινα
3623 4575 3762 4641 dy:—

2193 4664 2377 4716 πῶντά
2427 4681 2492 4734 με
2538 4665 2612 4728 ὡς
2657 4665 2854 4732 ἀγαπῶ
2895 4666 3076 4719 αὐτόν.
3125 4667 3255 4720 Ἰδοὺ
3297 4667 3389 4719 νῦν
3435 4667 3639 4735 λέγεις,
3676 4670 3760 4722 ὅτι

2204 4754 2420 4821 Ἀγαπῶ
2459 4771 2535 4805 σε·
2569 4755 2663 4806 καὶ
2696 4755 2977 4824 πείθομαι·
3013 4756 3104 4808 ἐὰν
3134 4757 3188 4808 δὲ
3218 4757 3397 4828 συμϐῇ
3429 4775 3478 4810 τι
3519 4757 3593 4826 μὴ
3636 4761 3766 4827 ἀρέ-

2197 4861 2320 4898 σκον
2360 4863 2474 4909 σοι,
2517 4847 2577 4899 ού
2615 4847 2792 4916 μένεις
2837 4850 2864 4899 ὁ
2905 4847 3086 4909 αύτὸς.·
3134 4847 3271 4913 Ἐγὼ
3302 4849 3356 4900 δὲ
3381 4889 3393 4911 ,
3428 4849 3562 4900 εἴτι
3603 4849 3762 4902 πάθω

2194 4933 2346 5003 παρὰ
2381 4934 2493 4997 σοῦ,
2517 4935 2576 4986 ού
2605 4934 2824 4986 δύναται
2851 4933 3156 5002 άποστῆσαί
3186 4952 3249 5003 με
3276 4934 3373 5002 τῆς
3398 4935 3616 5004 ἀγάπης
3643 4951 3760 4990 σου.

2193 5025 2637 5096 Πληροφορηθεὶη
2664 5029 2697 5096 ἡ
2731 5027 3073 5097 καρδέα-σου,
3105 5027 3184 5078 ὅτι
3216 5026 3365 5077 οὐδὲν
3396 5025 3550 5078 ἔλαθέ
3587 5043 3656 5096 με
3688 5021 3765 5080 ὧν

2191 5117 2507 5186 λελάληκας·
2536 5117 2667 5169 ἀλλὰ
2688 5117 2781 5170 καὶ
2802 5116 2902 5170 ποῦ
2935 5119 3026 5169 καὶ
3050 5117 3184 5181 τίσι,
3210 5119 3383 5169 πάντα
3408 5118 3637 5186 ἥκουσα·
3673 5119 3770 5172 καὶ

2195 5209 2443 5260 οὐδέποτε
2471 5203 2643 5273 εἷπον,
2671 5209 2752 5260 ὅτι
2779 5209 2891 5260 Οὐκ
2921 5207 3063 5259 ἔστιν
3086 5207 3257 5271 οὕτως
3279 5228 3291 5240 ·
3317 5208 3422 5261 οὐδ’
3454 5209 3637 5260 ἔπεισέ
3676 5210 3768 5278 μοι

2189 5319 2270 5363 τις
2309 5303 2480 5354 εἰπεῖν
2527 5301 2664 5352 κατὰ
2712 5297 2826 5352 σοῦ·
2868 5299 2980 5351 ἀλλ’
3015 5299 3218 5365 ἔλεγον,
3251 5301 3331 5352 ὅτι
3379 5299 3558 5368 Ἀπερ
3587 5298 3765 5366 λέγει,

2191 5393 2362 5462 ἁληΘῆ
2408 5393 2584 5460 λέγει,
2635 5393 2726 5444 καὶ
2771 5391 2876 5443 άπὸ
2913 5391 3012 5459 τῆς
3055 5390 3294 5460 ἀγάπης·
3342 5389 3767 5458 Ξδιοποιούμενές

2193 5501 2304 5553 μοι,
2350 5484 2438 5535 καὶ
2475 5484 2532 5534 οὺ
2559 5481 2794 5534 διέλιπον
2838 5482 3182 5551 μεμνημένος
3217 5497 3308 5532 σου
3341 5481 3397 5532 ὲν
3425 5484 3541 5544 ταῖς
3573 5483 3768 5551 εὐχαῖς

2195 5590 2315 5641 μου.
2376 5574 2480 5625 Καὶ
2527 5574 2611 5623 ἵνα
2653 5572 2810 5637 δείξω
2859 5589 2934 5622 σοι
2992 5572 3285 5642 τεκμήριον
3329 5573 3578 5643 ἀγάπης·
3634 5573 3770 5625 ποτε

2202 5667 2441 5730 ἐπόνησα
2493 5668 2576 5715 τὸν
2617 5664 2891 5732 ὀςοαλμὸν
2936 5663 3212 5733 σφοδρῶς,
3254 5665 3346 5717 καὶ
3377 5663 3629 5733 μνησοεὶς
3668 5681 3765 5715 σου

2202 5757 2427 5825 ἐποίησα
2451 5755 2535 5807 tiu
2564 5755 2811 5827 σταυρὸν,
2837 5754 2928 5807 καὶ
2946 5749 3114 5806 εἷπον·
3143 5754 3306 5825 Κύριε
3346 5753 3515 5823 Ὶητιιῦ
3538 5755 3675 5824 Χριε»
3693 5759 3765 5819 .ε,
