4010 6452
121 125 178 150 εἶ,
249 119 296 158 ,ἢ
313 107 364 146 .-ιζ’

147 161 156 172 Α
279 161 292 176 ‘o

147 195 170 214 π.
199 169 268 218 ἐνί,
299 203 330 216 ι,
363 193 396 214 “.

193 249 324 288 *ἆρ”πηλν
333 251 342 258 ’

181 371 314 498 au

177 539 263 594 διὰ
287 538 399 594 τῶν
446 537 630 610 εὐχῶν
658 534 819 594 αὐτοῦ
870 534 1022 592 ἴασαι
1072 550 1158 606 με’
1198 531 1404 599 εὐθέως
1449 534 1639 608 ἰάθηνο
1670 538 1765 592 καὶ

1885 536 2006 592 licis
2034 553 2049 591 :
2075 537 2212 591 Amo
2262 543 2336 599 te,
2377 542 2432 590 et
2471 532 2671 600 credo;
2721 535 2863 605 quod
2908 535 2951 591 si
2990 536 3265 608 quidpiam
3300 538 3449 592 acci-

1630 429 1777 490 ALL

1885 429 2029 491 [ΠΛ.
3308 425 3446 494 1694

177 630 340 685 ταῦτα
373 629 478 701 μὲν
513 632 650 702 πρὸς
673 629 765 683 τὸν
795 627 1039 697 ἀδελφόν.

1885 627 2004 683 Ierit
2054 627 2150 682 tibi
2197 627 2512 696 displicens,
2545 641 2650 681 non
2679 628 3081 697 perseverabis.
3112 629 3228 699 Ego
3262 638 3442 683 autem

179 720 436 790 quidquid
479 736 511 773 a
555 730 607 774 te
641 720 836 788 patiar,
867 732 970 771 non
1011 728 1200 788 potero
1240 716 1418 773 divelli
1451 717 1519 772 ab
1565 730 1750 772 amore
1813 717 1912 772 tui.
1958 717 2121 773 Plena
2164 717 2315 773 cordi
2408 727 2499 772 tuo
2545 716 2687 772 facta
2733 719 2863 774 fides
2902 729 3011 783 est,
3055 720 3191 774 nihil
3233 734 3320 774 me
3366 720 3446 774 la-

181 813 345 867 tuisse
368 827 561 866 eorum
591 825 708 878 qua:
733 819 921 863 contra
954 825 1039 864 me
1059 810 1264 866 dixisti.
1293 809 1432 876 Quin
1473 817 1528 862 et
1602 809 1856 864 distincte
1923 810 2174 878 cognovi,
2208 825 2350 879 quia,
2424 809 2538 875 ubi,
2577 809 2795 878 quibus,
2839 808 3135 863 eil‘utiveris
3183 825 3443 878 quatenu-

179 919 280 975 que
326 906 382 959 iu
434 920 520 958 me
561 902 870 968 blaterasti;
925 915 1195 970 nunquam
1272 909 1452 953 tamen
1528 898 1821 968 quidquam
1863 900 2110 969 opposui,
2143 910 2234 954 aut
2265 899 2400 954 falsa
2453 914 2572 954 esse
2610 913 2731 968 quae
2769 899 2982 954 dicer‘es
3012 898 3295 952 allirmavi.
3337 896 3446 952 Ne-

178 1009 280 1064 que
339 995 485 1048 ullns
539 993 672 1046 milii
732 992 1058 1061 persuadere
1115 991 1416 1058 quantaevis
1475 991 1756 1061 gravitatis
1825 1002 2018 1047 auctor
2065 994 2262 1061 potuit,
2314 1002 2372 1047 ιιι
2407 992 2494 1046 vel
2550 992 2774 1045 verbum
2843 991 3134 1046 adversum
3183 1003 3234 1044 te
3269 991 3448 1045 hisce-

181 1106 314 1145 rem.
347 1090 392 1144 E
427 1087 706 1142 contrario
732 1087 839 1141 dixi
871 1085 1120 1140 Omnibus
1145 1087 1209 1138 de
1251 1096 1303 1140 te
1335 1103 1347 1139 :
1380 1087 1511 1151 Quae
1550 1086 1680 1139 dicit
1705 1100 1832 1141 vera
1872 1092 2016 1140 sunt.
2050 1085 2215 1156 quue
2241 1087 2342 1142 feci
2384 1102 2452 1142 ex
2478 1101 2604 1140 vera
2633 1086 2709 1138 ιιιί
2749 1085 3015 1140 cbaritate
3043 1094 3101 1138 ut
3146 1085 3239 1139 tibi
3276 1086 3448 1151 grati-

182 1187 396 1248 licarer,
437 1195 593 1252 teque
630 1190 687 1236 nt
738 1183 971 1235 amicum
1040 1195 1218 1234 meum
1306 1181 1546 1249 mihique
1587 1181 1970 1236 cbarissimum
2003 1181 2182 1237 colere
2214 1192 2270 1236 ιιι
2311 1196 2560 1251 ceperam
2637 1194 2942 1251 pergerem.
2979 1175 3166 1248 Neque
3209 1192 3445 1247 unquam

181 1279 386 1334 cessavi
445 1277 716 1330 recordari
768 1276 843 1328 tui
891 1276 943 1327 in
1027 1274 1162 1328 meis
1208 1273 1585 1339 orationibus,
1639 1283 1694 1329 et
1737 1286 1797 1330 ut
1869 1277 2105 1332 indicem
2173 1277 2606 1347 experimentum
2671 1289 2930 1328 arcanum
2991 1274 3153 1328 istius
3207 1285 3334 1341 erga
3398 1280 3450 1325 te

2811 1379 3018 1420 memor
3067 1363 3143 1418 tui
3216 1361 3445 1417 formavi

180 1365 584 1436 perseverantis
628 1367 680 1418 in
719 1379 805 1419 me
835 1364 1115 1418 cbaritatis
1160 1382 1174 1417 :
1209 1379 1332 1418 cum
1375 1363 1665 1434 aliquando
1698 1367 2002 1422 vehementi
2049 1368 2235 1423 dolore
2276 1383 2503 1422 vexarer
2570 1366 2736 1430 oculi,

1739 1483 1751 1516 :
1799 1463 2024 1518 Domine
2065 1461 2190 1520 Jesu
2261 1464 2497 1528 Christe,
2543 1477 2637 1533 per
2675 1475 2865 1532 preces
2938 1458 3109 1530 ipsius
3157 1472 3288 1513 sana
3320 1472 3446 1522 me;

181 1462 356 1515 crucis
401 1461 617 1530 signum
660 1473 825 1530 super
864 1467 1068 1526 partem
1115 1458 1557 1521 laborantem,et
1591 1461 1699 1515 dixi

181 1561 232 1608 et
263 1552 455 1606 statim
507 1561 732 1606 sanatus
777 1565 916 1605 sum.
965 1551 1032 1606 Et
1073 1551 1186 1604 tunc
1231 1551 1446 1619 quidem
1491 1553 1562 1606 illi
1605 1552 1753 1608 fratri
1800 1565 1925 1611 tunc
1957 1557 2088 1610 dixi.

247 1644 326 1698 8'.
384 1643 695 1714 Ἐμέμνητο
720 1643 776 1696 δέ
799 1645 828 1695 6
859 1644 1126 1714 μακάριος
1155 1647 1298 1709 τινὸς
1329 1647 1759 1714 ἀπαγγείλαντος

182 1735 342 1788 αὑτὸν
384 1736 469 1788 ὅτι
512 1731 658 1803 εἶχεν
686 1732 862 1786 ἀΰὸἄν
892 1734 1030 1788 πάνυ
1079 1735 1400 1805 πραότατον.
1437 1737 1545 1788 Καὶ
1576 1735 1763 1804 ἔλεγεν

1941 1647 2032 1702 IX.
2076 1645 2410 1704 Memorabat
2449 1648 2590 1702 idem
2621 1645 2814 1700 beatus
2839 1646 3126 1714 quemdam
3153 1645 3256 1700 sibi
3297 1655 3452 1699 retu-

1869 1739 2019 1805 lisse,
2056 1740 2311 1794 habuisse
2349 1753 2409 1795 se
2449 1738 2698 1793 abbatem
2729 1751 2888 1806 supra
2924 1743 3140 1790 modum
3175 1737 3362 1790 mitem
3396 1745 3454 1792 et
3494 1805 3495 1808 η

182 1827 261 1879 δτι
299 1825 394 1880 διὰ
432 1825 532 1896 τὴν
569 1824 811 1894 μεγάλην
844 1825 1008 1879 αὑτοῦ
1040 1827 1240 1897 ἀρετὴν
1272 1829 1367 1880 καὶ
1395 1827 1462 1880 τὰ
1500 1830 1701 1898 σημεῖα
1729 1826 1766 1882 ἃ

1885 1829 2386 1886 nansuetissimum.
2448 1829 2798 1896 Addebatque
2853 1863 2868 1890 ,
2917 1835 3140 1896 propter
3193 1827 3450 1880 eximiam
3489 1813 3495 1842 ⁵

183 1920 344 1981 ποιεῖ,
374 1913 522 1988 εἶχεν
545 1917 706 1970 αὑτὸν
726 1916 824 1986 ὅλη
848 1919 880 1988 ἡ
913 1916 1063 1988 χώρα
1088 1917 1162 1980 ὡς
1184 1919 1413 1986 ἄγγελον
1436 1917 1596 1972 Θεοῦ.
1627 1919 1766 1972 ﬂori:

182 2006 273 2064 οὖν
300 2007 622 2080 ἐνεργηθείς
663 2025 746 2069 τις
787 2008 891 2061 ὑπὸ
917 2009 1010 2061 τοῦ
1043 2009 1239 2079 ἐχθροῦ
1271 2009 1440 2062 ἐλθὼν
1479 2009 1765 2080 ἐξύϐρισεν

184 2099 348 2152 αὐτὸν
379 2099 648 2167 ἐσχάτως,
671 2097 890 2150 πάντων
921 2101 1248 2169 ἱσταμένων.
1276 2101 1368 2153 καὶ
1389 2101 1483 2153 τοῦ
1515 2101 1768 2171 γέροντος

187 2190 502 2258 στήκεντος,
531 2191 624 2242 καί
654 2190 1012 2259 προσέχοντος
1038 2193 1115 2254 εἰς
1145 2191 1205 2243 τὸ
1231 2191 1405 2261 στόμα
1441 2193 1606 2244 αὑτοῦ
1630 2233 1643 2255 ,
1676 2194 1770 2245 καὶ

184 2280 472 2348 λέγοντος·
524 2282 700 2351 Χάρις
734 2281 868 2334 Θεοῦ
920 2285 998 2345 εἰς
1039 2282 1096 2333 τὸ
1153 2282 1325 2351 στόμα
1371 2301 1494 2347 σου,
1534 2285 1765 2351 ἀδελφέ.

198 2373 436 2426 Ἐκείνου
480 2373 536 2426 δὲ
589 2374 914 2442 μαινομένου
959 2375 1052 2426 καὶ
1103 2374 1372 2441 λέγοντοςσ
1413 2375 1540 2436 Ναὶ,
1597 2375 1767 2443 φαῧλε

185 2464 508 2534 φαγοπόλιε,
529 2464 698 2516 ταῦτα
726 2463 904 2531 λέγεις
935 2465 1023 2517 ἵνα
1050 2465 1208 2535 δόξῃς
1249 2468 1423 2536 πρᾶος
1453 2465 1762 2532 φαίνεσθαι’

186 2555 333 2624 λέγει
364 2560 392 2609 6
434 2557 635 2625 γέρων·
674 2557 880 2619 Ὄντως
911 2556 938 2608 ὃ
977 2556 1177 2624 λέγεις,
1207 2557 1402 2625 ἀδελφέ
1439 2574 1561 2626 μου,
1595 2557 1768 2628 ἀληθῆ

186 2646 386 2715 λέγεις.
412 2647 568 2700 Μετά
594 2645 767 2699 ταῦτά
787 2663 868 2700 τις
889 2647 1174 2718 ἠρώτησεν
1198 2648 1358 2700 αὑτὸν
1379 2648 1574 2715 λέγων·
1610 2649 1769 2718 ’Λρτι

185 2740 287 2792 οὐκ
333 2738 643 2808 ἐταράχθης
666 2777 678 2799 ,
734 2738 1036 2805 καλόγερε;
1092 2739 1201 2792 Καὶ
1238 2739 1411 2806 λέγει’
1467 2739 1581 2792 Οὒκ
1607 2780 1621 2801 ,
1657 2739 1769 2792 ἀλλ’

188 2828 362 2891 οὕτως
395 2829 645 2899 ᾐσθόμην
681 2830 780 2897 τὴν
827 2828 1004 2900 ψυχήν
1039 2847 1139 2898 μου
1169 2869 1182 2894 ,
1212 2831 1287 2892 ὡς
1337 2832 1440 2883 ὑπὸ
1467 2830 1601 2883 Θεοῦ
1647 2848 1772 2884 σκε-

191 2919 455 2990 πομένην.
493 2920 604 2972 Καὶ
646 2920 831 2989 ἔλεγεν
872 2923 898 2973 6
939 2921 1227 2992 μακάριος·
1269 2922 1516 2993 Ἀληθῶς
1562 2921 1767 2991 ὀφείλει

188 3027 272 3076 τις
292 3014 642 3082 εὐχαριστεῖν
673 3014 782 3072 τοῖς
815 3011 1098 3075 τοιούτοις.

261 3272 321 3330 ι’.
377 3273 566 3343 Ἔλεγε
616 3273 781 3328 πάλιν
821 3275 849 3327 6
898 3276 1195 3346 μακάριος,
1224 3275 1304 3327 ὅτι
1352 3276 1542 3337 Ὄντος
1585 3293 1687 3345 μου
1719 3278 1777 3330 ἐν

198 3368 546 3439 μοναστηρίῳ
576 3371 632 3419 ἐν
656 3368 956 3439 Τύρῳκπρὸ
1000 3366 1092 3420 τοῦ
1129 3365 1362 3433 ἐξελθεῖν
1396 3384 1482 3438 με,
1536 3367 1779 3436 παρέδαο

194 3459 281 3511 λεν
313 3460 445 3528 ἡμῖν
492 3476 575 3521 τις
617 3458 796 3528 γέρων
834 3458 1123 3526 ἐνάρετοςο
1153 3458 1246 3511 καὶ
1291 3457 1780 3526 ἀναγινωσκόντων

200 3548 354 3617 ἡμῶν
405 3551 487 3609 εἰς
530 3547 597 3599 τὰ
652 3547 1054 3616 ἀποφθέγματα
1105 3546 1212 3600 τῶν
1260 3548 1434 3615 ἁγίων
1480 3548 1776 3617 γερόντιον·

196 3639 386 3708 ἠγάπα
419 3639 475 3691 δὲ
501 3641 529 3692 6
573 3639 845 3708 μακάριος
876 3639 1106 3691 πάντοτε
1134 3639 1446 3708 διέρχεσθαι
1477 3638 1639 3698 αὐτὰ,
1681 3638 1776 3690 καὶ

199 3728 383 3796 σχεδὸν
417 3725 630 3778 ἐπνεεψ
676 3725 798 3777 ὅθεν
837 3727 932 3777 καὶ
970 3725 1029 3788 ἐξ
1063 3725 1241 3777 αὐτῶν
1281 3725 1644 3792 ἐκαρπώσατο
1675 3726 1781 3778 πᾶ-

198 3831 292 3869 σαν
324 3816 550 3884 ἀρετήν.
603 3813 732 3865 Ὅτε
764 3813 997 3883 ἤλθομεν
1038 3817 1116 3876 εἰς
1161 3814 1252 3867 τὸν
1302 3816 1533 3884 γέροντα
1572 3817 1781 3868 ἐκεῖνον

197 3906 334 3976 πρὸς
379 3905 438 3957 ὃν
492 3903 740 3973 ἀπῆλθον
774 3905 822 3957 οἱ
856 3905 1085 3975 λῃσταὶ,
1144 3906 1241 3958 καὶ
1283 3903 1438 3959 εἷπον
1495 3906 1665 3977 αὐτῷ,
1699 3908 1780 3960 ὅτι

197 3997 381 4049 Πάντα
409 3997 478 4048 τὰ
502 3998 558 4049 ἐν
581 3999 648 4064 τῇ
674 3986 842 4065 κέλλῃ
875 4013 971 4049 σου
996 3995 1182 4048 λαϐεῖν
1210 3996 1458 4066 θέλομενο
1493 3999 1586 4051 καὶ
1614 3998 1780 4052 αὑτοῦ

199 4087 470 4150 εἰπόντος’
508 4087 651 4139 Ὅσα
683 4087 748 4139 ἂν
781 4085 911 4156 δοκῇ
946 4087 1092 4156 ὑμῖν,
1117 4082 1303 4150 τέκνα,
1340 4087 1558 4140 λάῦετεο
1589 4089 1783 4142 ἔλαϐον

199 4177 254 4230 δὲ
295 4177 477 4230 πάντα
519 4178 611 4228 καὶ
641 4175 902 4244 ἀπῆλθον’
937 4176 1032 4228 καὶ
1061 4175 1357 4228 κατέλιπον
1388 4175 1445 4228 ἓν
1486 4178 1778 4232 σκαλίδιον.

205 4265 268 4321 Ὀ
297 4263 393 4321 οὖν
429 4266 611 4336 γέρων
640 4265 819 4317 λαὸὼν
854 4265 986 4317 αὐτὸ
1026 4265 1328 4329 ὑπεδίωξεν
1381 4267 1557 4320 ὀπίσω
1605 4269 1783 4322 αὐτῶν

202 4357 337 4427 βοῶν
377 4357 473 4408 καὶ
502 4356 697 4421 λέγων·
733 4356 932 4419 Τέκνα,
965 4355 1161 4409 λάϐετε
1191 4357 1218 4409 ὃ
1241 4357 1595 4412 ἐπελάθεσθε.
1628 4361 1692 4412 Οἱ
1726 4361 1782 4414 δὲ

200 4449 580 4518 θαυμάσαντες
604 4447 695 4500 ἐπὶ
719 4447 1044 4519 ἀνεξικακίᾳ
1075 4449 1168 4501 τοῦ
1231 4449 1506 4519 γέροντος,
1537 4451 1784 4504 ἀποκατε-

203 4541 444 4608 έστησαν
475 4539 653 4592 πάντα
677 4540 734 4589 ἐν
760 4539 836 4609 τῷ
863 4539 1058 4609 κελλίῳ
1087 4539 1384 4593 αὑτοῦοκαὶ
1415 4547 1784 4613 μετανοῆσαν-ι
1815 4535 1860 4590 D

200 4648 290 4696 τες
317 4628 475 4684 εἶπον
503 4632 639 4702 πρὸς
665 4630 951 4708 ἀλλήλους⁹
993 4631 1231 4700 Ἀληθῶς
1252 4635 1279 4685 6
1311 4632 1600 4704 ἄνθρωπος
1628 4628 1790 4701 οὗτος

202 4722 296 4774 τοῦ
336 4721 476 4774 Θεοῦ
512 4723 684 4776 ἐστιν.
744 4723 827 4784 Ὠς
863 4705 1180 4791 ἀνέγνωμεν
1219 4723 1406 4789 τοῦτο,
1452 4725 1601 4794 λέγει
1634 4729 1662 4780 6
1688 4729 1786 4794 γέ-

207 4827 336 4882 ρων*
372 4809 556 4878 Οἶδας,
591 4813 734 4866 άῦὗᾶ
763 4831 890 4882 μουο
922 4814 1079 4867 τοῦτο
1109 4815 1168 4867 τὸ
1185 4815 1515 4887 ἀπόφθεγμα
1548 4818 1689 4872 πάνυ
1719 4836 1786 4888 με

203 4905 471 4974 ὠφέλησε.
502 4906 658 4972 Λέγω
687 4905 854 4975 αὐτῷ·
903 4907 1046 4969 Πῶς,
1093 4907 1302 4978 Πάτερ;
1345 4910 1453 4962 Καὶ
1488 4909 1634 4976 λέγει
1675 4924 1786 4982 μοι’

209 4993 344 5048 Ποτὲ
377 4995 531 5058 ὄντος
564 5012 667 5065 μου
696 4997 752 5048 ἐν
782 5000 893 5058 τοῖς
936 4996 1120 5061 τόποις
1159 4998 1300 5052 κατὰ
1339 5001 1430 5054 τὸν
1481 5001 1780 5072 Ἰορδάνην,

206 5087 447 5156 ἀνέγνων
475 5086 654 5152 τοῦτο,
687 5088 780 5140 καὶ
807 5087 1114 5158 ἐθαύμαζον
1136 5091 1224 5142 τὸν
1257 5091 1512 5162 γέροντα·
1545 5095 1642 5146 καὶ
1669 5094 1784 5146 ἔλε-

204 5197 321 5248 γον’
359 5179 532 5252 Κύριε
559 5221 573 5246 ,
605 5182 838 5245 ἀξίωσον
878 5201 944 5252 με
987 5187 1107 5237 κατ’
1139 5187 1285 5256 ἴχνος
1316 5190 1522 5243 τούτων
1557 5190 1786 5244 ἀκολου-

207 5273 340 5338 θεῖν,
367 5275 395 5327 6
427 5272 774 5338 καταξιώσας
809 5292 873 5344 με
905 5277 986 5339 εἰς
1020 5277 1206 5347 σχῆμα
1235 5279 1413 5333 αὐτῶν
1447 5281 1642 5337 ἐλθεῖν.
1697 5284 1786 5348 Ὠς

206 5365 297 5422 οὗν
331 5363 479 5438 εἶχον
508 5367 598 5421 τὸν
630 5368 792 5422 πόθον
819 5368 1030 5432 τοῦτον,
1064 5372 1202 5439 μετὰ
1230 5372 1324 5426 δύο
1353 5375 1566 5444 ἡμέρας
1589 5376 1785 5449 λῃσταὶ

205 5458 594 5530 παρεγένοντο⁸
642 5459 737 5510 καὶ
783 5459 906 5509 ἐπεὶ
962 5457 1230 5530 ἔκρουσαν
1288 5463 1386 5532 τὴν
1446 5463 1638 5534 θύραν,
1691 5467 1786 5520 καὶ

207 5548 377 5617 ἔγνων
427 5550 510 5602 ὅτι
554 5547 746 5620 λῃσταί
784 5549 944 5610 εἰσιν,
993 5544 1150 5602 εἷπον
1195 5552 1441 5624 ἐμαυτῷ·
1488 5557 1662 5626 Χάρις
1711 5559 1786 5623 τῷ

207 5637 343 5709 Θεῷ,
386 5639 497 5692 ἰδοὺ
530 5639 718 5707 καιρὸς
747 5638 1088 5704 ἐνδείξασθαι
1113 5641 1204 5694 τὸν
1225 5645 1437 5713 καρπὸν
1466 5645 1558 5698 τοῦ
1594 5647 1782 5702 πόθου.

221 5731 462 5799 ’Δνοιξας
485 5730 751 5803 ἐδεξάμην
775 5735 971 5798 αὐτοὺς
1001 5734 1139 5805 μετὰ
1170 5735 1495 5808 ἱλαρότητος·
1529 5739 1617 5792 καὶ
1646 5739 1788 5807 ἅψας

207 5819 401 5898 λύχνον
442 5821 698 5896 ἠρξάμην
727 5824 994 5881 δεικνύειν
1018 5827 1198 5892 αὐτοῖς
1237 5827 1304 5880 τά
1337 5829 1660 5901 πράγματα,
1697 5830 1783 5884 λέο

1870 1921 1986 1990 ejus
2031 1921 2284 1976 virtutem
2345 1931 2396 1974 et
2439 1921 2592 1989 signa
2639 1932 2760 1987 quae
2800 1915 3074 1983 faciebat,
3130 1917 3374 1972 habitum
3421 1932 3451 1970 a

1871 2013 2081 2068 cunctis
2121 2027 2219 2082 per
2255 2021 2421 2066 totam
2459 2012 2606 2064 illam
2638 2011 2914 2079 regionem
2963 2018 3021 2062 ut
3054 2009 3303 2087 angelum
3335 2008 3449 2062 Dei.

1871 2104 2179 2175 Aliquando
2225 2105 2387 2174 igitur
2437 2103 2730 2156 instinctus
2771 2101 3041 2171 quispiam
3091 2116 3120 2154 a
3167 2101 3306 2155 malo
3341 2103 3453 2155 «lie-

1873 2210 2032 2249 mone
2061 2194 2249 2248 adiens
2279 2209 2400 2247 eum
2429 2190 2744 2247 ftezlissimis
2776 2190 3080 2245 maledictis
3110 2199 3164 2244 et
3191 2190 3455 2246 conviciis

1871 2287 2152 2354 proscidit,
2207 2284 2391 2338 multis
2453 2283 2779 2348 astantibus,
2832 2296 2963 2337 sene
3019 2284 3134 2350 ipso
3181 2290 3357 2336 stante
3402 2292 3457 2336 et

1875 2378 2010 2431 fixos
2053 2376 2106 2430 in
2141 2391 2237 2430 ore
2268 2374 2516 2430 maledici
2561 2373 2748 2428 oculos
2801 2381 3022 2427 tenente
3047 2413 3060 2434 ,
3092 2372 3451 2442 dicenteque:

1873 2467 2057 2522 Gratia
2093 2467 2185 2521 Dei
2225 2467 2347 2521 beet
2393 2481 2454 2519 os
2513 2475 2661 2518 tuum
2717 2464 2904 2518 frater.
2947 2462 3044 2516 lllo
3077 2473 3256 2517 autem
3304 2475 3457 2517 tanto

1874 2559 2046 2627 magis
2094 2557 2274 2611 furere
2332 2566 2609 2626 pergente,
2664 2571 2728 2608 ac
2780 2539 3313 2608 dicentezl’rofectn
3364 2570 3458 2608 ne-

1874 2667 2032 2722 quam
2067 2659 2118 2704 et
2153 2665 2314 2703 vorax
2351 2647 2608 2712 scnicule,
2653 2647 2753 2700 hoc
2793 2645 2932 2699 dicis
2973 2655 3029 2697 ut
3078 2645 3311 2699 videaris
3359 2645 3460 2697 nii-

1876 2743 1965 2794 tis.
2009 2738 2308 2808 Respondit
2356 2752 2522 2790 senex
2560 2755 2572 2791 :
2611 2737 2682 2790 lla
2734 2746 2817 2791 est
2859 2745 2916 2788 ut
2961 2735 3063 2796 ais,
3101 2734 3286 2785 frater.
3331 2733 3460 2787 Post

1876 2832 1991 2884 lizrc
2021 2829 2371 2896 interrogavit
2411 2827 2678 2895 quispiam
2715 2828 2888 2894 ipsum
2924 2842 2936 2878 :
2966 2823 3081 2876 Non
3126 2839 3185 2876 es
3214 2823 3460 2879 turbatus

1876 2920 1993 2974 ltzec
2035 2919 2281 2984 audiens,
2326 2917 2468 2972 boiie
2510 2933 2671 2972 senex
2691 2915 2715 2970 ?
2738 2918 2802 2971 Et
2833 2917 3108 2985 respondit
3136 2933 3147 2968 :
3177 2913 3316 2979 Non,
3363 2915 3462 2970 sed

1879 3013 2183 3068 Sontiebam
2216 3025 2338 3064 cum
2379 3021 2539 3078 gustu
2584 3010 2774 3064 intimo
2805 3010 3042 3062 animam
3087 3025 3259 3062 meam
3301 3006 3458 3073 quasi

1881 3103 1991 3158 Deo
2014 3103 2183 3172 ipsam
2210 3103 2422 3156 fovente
2454 3109 2777 3169 proiectam.
2806 3098 2872 3152 Et
2901 3100 3036 3152 dixit
3064 3098 3252 3154 beatus
3277 3115 3290 3151 :
3321 3097 3463 3153 Vere

1801 3175 1844 3231 (ἶ
1881 3193 2042 3247 debet
2068 3191 2189 3260 quis
2225 3189 2429 3260 gratias
2451 3204 2613 3258 agere
2644 3203 2741 3258 pro
2775 3189 2996 3244 talibus.

1951 3281 2017 3336 Χ.
2063 3282 2206 3337 Dixit
2238 3295 2423 3334 rursus
2462 3279 2690 3333 beatus:
2725 3278 2860 3333 Cum
2891 3295 3065 3334 essent
3101 3279 3152 3331 iu
3191 3288 3466 3333 mouaSIe-

1884 3378 1962 3430 rio
1996 3375 2137 3444 quod
2189 3382 2274 3428 est
2327 3373 2465 3442 apud
2498 3371 2727 3441 Tyrum,
2777 3379 3063 3440 antequam
3105 3373 3335 3439 exirem,
3373 3387 3467 3424 su-

1881 3460 2125 3536 pervenit
2157 3465 2311 3518 nobis
2351 3477 2516 3517 senex
2572 3463 2752 3516 multa:
2799 3463 3012 3518 virtutis
3050 3463 3190 3519 forte
3237 3462 3464 3534 legenti-

1884 3557 1984 3622 bus
2043 3554 2347 3610 sententias
2402 3553 2650 3618 Patrum,
2683 3571 2789 3624 qua
2849 3556 2938 3610 ille
2994 3558 3186 3609 beatus
3235 3555 3466 3610 lectione

1883 3644 2172 3713 plurimum
2207 3643 2600 3708 delectabatur,
2629 3646 2918 3699 identidem
2959 3645 3077 3699 illas
3111 3659 3462 3713 percurrens;

1883 3733 2125 3803 adeoque
2171 3733 2283 3787 fere
2317 3734 2452 3788 nihil
2497 3735 2598 3789 nisi
2629 3736 2952 3789 doctrinam
3001 3752 3066 3791 ex
3118 3738 3186 3790 iis
3217 3737 3467 3791 haustam

1883 3823 2144 3893 spirans:
2183 3823 2323 3878 unde
2374 3823 2708 3878 uberrimum
2755 3823 2988 3879 fructum
3034 3826 3253 3890 tulerat,
3297 3827 3470 3896 plenae

1886 3915 2088 3969 notitias
2139 3913 2477 3985 perfectique
2548 3917 2794 3971 exercitii
2868 3917 3127 3970 virtutum
3201 3919 3465 3973 omnium.

1885 4003 2112 4070 Quando
2145 4015 2326 4058 autem
2356 4005 2408 4059 in
2445 4006 2534 4059 illo
2561 4007 2750 4061 codice
2776 4012 3122 4077 pervenimus
3150 4010 3376 4079 legendo
3399 4011 3466 4064 ad

1886 4096 2058 4150 locum
2090 4096 2175 4149 ubi
2213 4105 2543 4150 memoratur
2586 4112 2751 4151 senex
2799 4097 2886 4153 ille
2919 4099 2985 4153 ad
3021 4115 3182 4168 quem
3227 4100 3468 4154 latrones

1883 4198 2150 4242 venerunt
2184 4196 2236 4241 et
2261 4189 2515 4242 dixerunt
2546 4190 2647 4259 ipsi
2682 4205 2697 4243 :
2733 4189 2928 4245 Omnia
2971 4207 3088 4261 qua:
3123 4191 3175 4245 iu
3215 4191 3347 4247 cella
3380 4200 3468 4246 tua

1885 4288 2008 4332 sunt
2035 4279 2282 4333 volumus
2326 4277 2561 4334 auferre.
2618 4280 2734 4347 Quo
2766 4294 3014 4352 prompte
3060 4285 3462 4352 respondente:

1884 4370 2060 4435 Agite,
2105 4383 2198 4438 per
2231 4384 2315 4422 me
2347 4369 2492 4436 licet,
2535 4373 2680 4440 quod
2710 4372 2888 4436 vultis,
2943 4373 3075 4438 ﬁlii;
3131 4374 3202 4426 illi
3249 4382 3468 4427 strenue

1886 4462 2123 4516 corrosis
2181 4462 2449 4516 universis
2507 4463 2780 4517 abierunt.
2847 4463 3026 4518 Latuit
3084 4475 3260 4518 autem
3321 4467 3466 4534 ipsos

1889 4566 2054 4604 unum
2088 4551 2500 4605 instrumentum
2546 4555 2807 4608 rusticum
2850 4556 3115 4619 sarculus,
3149 4571 3258 4625 quo
3298 4569 3466 4610 senex

1890 4639 1942 4694 in
2002 4657 2218 4706 manus,
2276 4651 2563 4711 postquam
2627 4644 2882 4710 advertit,
2932 4656 3169 4711 sumpto,
3227 4647 3470 4702 cucurrit

1887 4740 2010 4800 post
2050 4731 2286 4786 latrones
2322 4734 2561 4788 clamans
2606 4743 2658 4788 et
2709 4735 2933 4790 dicens:
2964 4737 3137 4789 Etiam
3183 4738 3283 4791 boc
3326 4738 3470 4806 quod

1888 4837 1984 4878 vos
2023 4824 2196 4887 latuit,
2245 4824 2433 4879 tollite.
2489 4825 2569 4878 illi
2615 4835 2796 4879 autem
2848 4828 3100 4880 admirati
3151 4829 3466 4898 patientiam

1888 4913 2053 4979 senis,
2084 4917 2374 4972 redeuntes
2422 4930 2778 4988 reposuerunt
2817 4921 2868 4973 in
2905 4921 3091 4975 cellula
3125 4937 3468 4992 quaecunque

1888 5007 2260 5072 abstulerant;
2301 5018 2354 5062 et
2385 5010 2511 5063 tacti
2549 5011 2871 5078 pmuitentia
2911 5011 3140 5065 invicem
3171 5012 3464 5067 dicebant:

1889 5096 2030 5153 Vere
2083 5101 2169 5154 hic
2207 5102 2365 5155 homo
2403 5102 2496 5155 Dei
2548 5112 2653 5155 est.
2694 5102 2807 5156 Hoc
2854 5118 2976 5157 cum
3012 5105 3350 5172 legissemus,
3390 5107 3470 5160 ait

1889 5205 2053 5245 senex
2085 5191 2202 5245 ille:
2235 5189 2402 5258 Scito,
2443 5193 2510 5246 mi
2538 5193 2695 5258 abba,
2727 5195 2826 5247 hoc
2862 5195 2991 5248 mihi
3029 5195 3152 5249 boni
3179 5194 3362 5252 Patris
3385 5198 3468 5252 di-

1888 5295 2031 5339 ctum
2059 5299 2112 5341 et
2147 5288 2347 5341 factum
2394 5288 2677 5356 insigniter
2708 5287 2998 5358 profuisse.
3032 5289 3335 5358 Quomodo,
3388 5293 3469 5346 in-

1888 5390 2070 5444 quam,
2131 5376 2332 5431 Pater?
2391 5378 2454 5432 Et
2501 5378 2589 5432 ille
2638 5380 2869 5448 subjecit
2901 5399 2914 5434 :
2946 5381 3080 5435 Cum
3137 5399 3312 5438 essem
3366 5384 3469 5438 ali-

1889 5469 2104 5534 quando
2143 5467 2196 5520 in
2227 5467 2361 5522 locis
2394 5470 2459 5521 ad
2483 5467 2774 5524 Iordanem
2825 5484 3012 5524 recens
3042 5488 3068 5524 a
3104 5471 3332 5526 lectione
3367 5475 3470 5526 bu-

1883 5556 1973 5625 jus
2009 5559 2262 5626 exempli,
2308 5570 2363 5613 et
2408 5560 2596 5628 plenus
2641 5561 3000 5616 admiratione
3031 5561 3251 5617 virtutis
3297 5565 3464 5628 senis,

1889 5648 2019 5710 dixi,
2054 5650 2213 5703 Deum
2239 5665 2402 5705 orans
2435 5669 2446 5704 :
2483 5653 2708 5721 Dignare
2741 5666 2843 5716 me,
2885 5651 3128 5718 Domine,
3165 5655 3471 5711 imitatione

1894 5737 2082 5791 talium
2109 5740 2346 5804 Patrum,
2381 5755 2609 5808 quorum
2648 5739 2776 5793 mibi
2808 5739 3125 5794 concessisti
3162 5741 3466 5795 institutum

1892 5830 2130 5897 profiteri
2177 5846 2239 5884 ac
2277 5839 2476 5885 vestem
2528 5828 2771 5884 induere.
2828 5827 2952 5884 f‘ust
2984 5829 3115 5885 duos
3151 5829 3265 5886 dies
3304 5843 3464 5902 quam
