4010 6458
506 445 525 505 l
536 444 637 507 69b

1807 441 2101 509 ZOSIME
2137 443 2450 505 ABBATIS

3585 440 3722 507 1696

499 560 553 611 in
584 570 649 613 eo
685 550 950 613 desiderio
979 556 1204 625 fueram,
1250 565 1514 612 venerunt
1560 556 1634 614 ad
1674 572 1761 615 me
1794 558 2056 614 latrones.

2185 574 2270 611 ’ων
2297 558 2500 621 αὐτοῖς·
2533 556 2624 631 Μὴ
2660 556 2997 629 θορυϐεῖσθε·
3035 556 3271 639 πιστεύω
3300 558 3358 610 ἑν
3389 557 3599 629 Κυρίῳ,
3638 561 3725 613 ὅτι

499 648 643 712 Quos
669 647 937 717 pulsantes
969 645 1215 716 januam,
1259 660 1378 701 cum
1417 647 1508 715 qui
1552 656 1734 703 essent
1774 651 2057 716 cognovisc

2186 653 2213 704 ύ
2248 652 2322 722 μὴ
2355 650 2548 723 κρύψω
2581 650 2672 721 ἀφ’
2704 650 2857 721 ὑμῶν
2884 670 2958 705 τι.
2997 650 3107 704 Kal
3136 648 3359 717 λέγουσί
3385 665 3497 718 μοι’
3533 650 3727 720 Ἔχεις

499 754 636 801 sem,
667 738 773 793 dixi
802 738 929 791 mihi
967 737 1065 806 ipsi
1096 757 1109 790 :
1140 736 1251 792 Deo
1285 738 1487 809 gratias
1516 756 1529 792 :
1564 753 1634 794 en
1667 747 1874 806 tempus
1907 752 2058 792 mon-

500 829 705 881 strandi
735 827 965 881 fructum
998 828 1272 883 desiderii.
1324 830 1525 896 Aperta
1565 830 1728 900 igitur
1773 828 1914 884 ostio
1960 845 2055 884 ex-

500 919 615 985 cepi
646 934 737 972 eos
761 918 915 971 hilari
950 918 1121 982 vultu,
1163 926 1218 973 et
1250 926 1474 973 accensa
1512 920 1733 974 candela
1767 920 1879 987 cepi
1907 933 2059 973 mon-

501 1022 674 1063 strare
715 1010 843 1078 ipsis
868 1024 953 1063 res
982 1023 1170 1064 omnes
1200 1024 1364 1075 meas,
1392 1010 1576 1065 dicens
1606 1052 1619 1064 .
1646 1009 1721 1066 Ne
1749 1009 2005 1065 dubitetis
2039 1027 2055 1065 :

502 1097 711 1151 conlido
753 1098 803 1151 iu
853 1098 1098 1164 Domino,
1150 1113 1237 1153 me
1278 1099 1406 1153 nihil
1445 1100 1593 1155 vobis
1643 1100 2055 1156 absconsurum.

506 1187 695 1241 Dicunt
740 1188 811 1243 illi
864 1189 995 1243 mihi
1056 1207 1070 1244 :
1127 1192 1375 1246 Habesne
1421 1191 1643 1244 aurum?
1679 1188 1778 1257 Ita,
1816 1191 2058 1259 inquam.

2152 741 2397 811 χρυσίον;
2430 741 2587 810 Λέγω
2612 741 2810 804 αὐτοῖς’
2835 741 2962 803 Ναὶ,
2990 739 3096 810 ἔχω
3123 740 3247 810 τρία
3268 739 3599 807 νομίσματα.
3619 738 3731 792 Kal

2155 832 2342 901 ἡνοιξα
2381 832 2573 896 σκεῦος
2602 830 2911 901 ἔμπροσθεν
2936 830 3133 891 αὐτῶν,
3171 830 3263 883 καὶ
3298 828 3557 891 λαϐόντες
3588 826 3731 882 αὐτὰ

2154 922 2394 994 ἀπῆλθον
2446 924 2561 993 μετ’
2606 924 2848 992 εἰρήνης.
2911 920 3052 989 Ἐγὼ
3101 920 3158 974 δὲ
3204 920 3728 991 χαριεντισάμενος,

2162 1007 2313 1064 εἷπον
2352 1011 2490 1079 πρὸς
2527 1010 2708 1064 αὐτόν’
2766 1009 3162 1079 Ὑπέστρεψαν,
3206 1010 3279 1072 ὼς
3310 1011 3403 1061 καὶ
3443 1011 3492 1060 οἱ
3530 1009 3622 1060 ἐπὶ
3654 1006 3733 1075 τῷ

2158 1099 2406 1171 γέροντι;
2436 1101 2582 1167 λέγει
2612 1118 2702 1170 μοι
2732 1100 2949 1164 εὐθέως·
2985 1101 3057 1153 Οὐ
3098 1099 3172 1171 μὴ
3201 1100 3401 1170 ποιήσῃ
3427 1101 3453 1151 ό
3480 1097 3631 1160 Θεός·
3668 1097 3730 1148 ού

2159 1194 2268 1263 γὰρ
2294 1192 2452 1246 τοῦτο
2470 1191 2659 1263 ἠθελον
2692 1191 2777 1245 ἵνα
2800 1190 3203 1262 ύποστρέῲωσν
3234 1191 3325 1243 καὶ
3351 1189 3555 1257 ἔλεγεν·
3597 1188 3731 1241 ’ἰδοὺ

509 1277 678 1333 habeo
708 1293 953 1333 nummos
988 1292 1117 1335 tres.
1150 1282 1215 1335 Et
1249 1281 1431 1350 aperui
1459 1296 1642 1335 coram
1678 1280 1756 1335 eis
1790 1280 2061 1351 capsulam

2185 1308 2189 1328 ι
2237 1282 2401 1346 πόθος
2448 1282 2542 1335 τοῦ
2588 1282 2841 1353 γέροντος
2880 1282 2912 1351 ἡ
2968 1281 3257 1350 ἑτοιμασία
3290 1278 3452 1333 αὐτοῦ
3486 1279 3540 1330 τί
3582 1276 3735 1347 αὐτῷ

507 1366 558 1420 in
603 1381 705 1434 qua
735 1376 892 1421 erant
921 1370 1145 1424 nummi.
1172 1369 1245 1423 Iis
1292 1369 1366 1424 illi
1393 1370 1628 1438 acceptis
1670 1370 1723 1424 in
1750 1383 1881 1439 pace
1918 1370 2066 1426 abie-

509 1466 651 1510 runt.
683 1456 755 1512 Ea
789 1472 908 1511 cum
941 1473 1101 1514 senex
1133 1461 1379 1525 dixisset,
1405 1460 1605 1531 subjeci
1644 1476 1743 1530 ego
1771 1460 2017 1515 arridens
2046 1478 2060 1514 :

2162 1372 2453 1442 παρέσχεν·
2477 1372 2561 1425 ὅτι
2582 1373 2641 1426 ού
2667 1372 2826 1442 μόνον
2844 1372 2943 1426 οὐκ
2962 1371 3228 1443 ἐλυπήθη,
3254 1371 3389 1425 ἀλλᾶ
3416 1371 3510 1424 καὶ
3530 1369 3731 1441 ἐχάρη,

2161 1459 2238 1524 ὡς
2264 1460 2506 1514 τοιούτου
2537 1460 2742 1530 ἀγαθοῦ
2774 1460 3148 1527 καταξιωθείς.

508 1551 870 1607 lledieruntne
921 1554 1241 1623 ptenitentes
1274 1554 1506 1611 latrones
1536 1565 1592 1610 ut
1630 1557 1682 1611 in
1744 1554 1910 1626 priori
1951 1555 2098 1608 scnis
2136 1569 2294 1623 quem
2366 1555 2666 1610 imitabaris
2711 1556 2876 1610 casu?
2920 1554 3180 1611 Celeriter
3224 1555 3502 1623 reposuit:
3538 1552 3614 1608 Ne
3661 1553 3739 1608 si-

508 1642 640 1695 verit
689 1641 791 1695 hoc
838 1642 974 1696 Deus
1001 1663 1015 1698 :
1042 1659 1141 1699 nec
1184 1645 1327 1700 enim
1379 1645 1518 1701 volui
1567 1648 1744 1702 redire
1788 1646 1951 1714 ipsos.
1994 1642 2062 1700 Et
2097 1646 2302 1700 addidit
2359 1644 2745 1701 ZosimaszEu
2804 1646 3127 1701 desiderium
3152 1646 3298 1700 senis
3328 1646 3482 1716 hujus
3506 1656 3558 1698 et
3594 1660 3738 1715 pra:-

507 1733 714 1800 paratio
757 1734 922 1788 animi
966 1744 1221 1804 quantum
1273 1735 1345 1789 illi
1403 1737 1626 1807 profuit,
1673 1736 1909 1792 alliciens
1950 1750 2053 1790 non
2093 1736 2263 1790 solum
2304 1750 2371 1789 ne
2432 1737 2737 1791 tristaretur
2767 1736 2822 1790 in
2857 1746 2963 1789 tam
2998 1736 3149 1806 gravi
3212 1750 3360 1799 casu,
3393 1738 3484 1791 sed
3518 1736 3741 1790 laetare-

511 1835 598 1879 tur
617 1827 797 1892 etiam,
840 1829 1041 1898 ingenti
1084 1844 1141 1884 se
1168 1828 1320 1884 lucro
1358 1842 1575 1886 auctum
1617 1833 1934 1887 existimans
1967 1845 2064 1900 per
2096 1831 2363 1899 iacturam
2392 1830 2574 1883 talem.

577 1919 669 1975 XI.
708 1919 957 1975 Narravit
997 1922 1125 1976 mihi
1158 1924 1345 1978 beatus
1392 1923 1613 1993 Sergius
1658 1924 1711 1979 in
1760 1924 1905 1981 hunc
1952 1939 2065 1980 mo-

2238 1924 2343 1976 IA'.
2386 1921 2691 1995 Διηγήσατό
2730 1938 2821 1991 μοι
2855 1922 3126 1993 μακάριος
3156 1922 3385 1993 Σέργιος
3413 1920 3586 1983 οὕτως
3611 1959 3625 1981 .
3654 1921 3745 1976 ὅτι

511 2012 633 2065 dum
664 2028 679 2065 :
708 2012 1009 2079 Aliquando
1032 2013 1133 2067 iter
1158 2014 1442 2084 agentibus
1469 2014 1644 2080 nobis,
1669 2017 1893 2086 contigit
1927 2032 1956 2071 a
1983 2016 2070 2071 via

512 2103 763 2155 aberrare
794 2102 863 2156 ita
890 2110 948 2155 ut
974 2110 1176 2158 temere
1208 2115 1466 2171 vagantes
1496 2105 1666 2174 ignari
1695 2104 2072 2161 deveniremus

514 2192 565 2245 in
609 2206 796 2261 agrum
848 2193 1135 2259 consitum,
1185 2202 1240 2250 et
1277 2203 1393 2250 sala
1426 2196 1669 2264 quaedam
1722 2195 2071 2251 conculcare-

514 2296 653 2346 mus,
681 2296 785 2350 quo
813 2283 1187 2339 animadverso
1215 2285 1358 2352 cepit
1382 2284 1618 2352 agricola
1652 2286 1769 2355 cuja
1817 2300 1903 2340 res
1934 2295 2071 2351 erat,

514 2372 916 2449 vehementibus
950 2389 1048 2429 nos
1076 2374 1372 2429 maledictis
1398 2376 1476 2429 ira
1505 2374 1719 2431 fervens
1748 2377 2019 2431 incessere
2056 2393 2071 2431 :

513 2462 644 2529 Vos,
678 2466 945 2533 inquiens,
989 2466 1258 2534 monachi,
1284 2466 1329 2522 si
1366 2467 1531 2522 Deum
1559 2468 1844 2532 timeretis,
1874 2478 1928 2522 et
1951 2483 2073 2522 eum

517 2555 785 2609 haberetls
837 2565 964 2611 ante
1009 2556 1214 2622 oculos,
1265 2571 1370 2610 non
1418 2557 1531 2612 haec
1570 2558 1755 2628 utique
1803 2558 2074 2614 faceretis.

518 2646 754 2701 Audiens
794 2647 941 2711 talia,
988 2649 1170 2701 statim
1205 2648 1281 2701 ait
1306 2649 1461 2703 nobis
1484 2660 1739 2703 sanctus:
1768 2648 1870 2703 Per
1902 2647 2080 2703 Domi-

519 2751 643 2789 num
683 2750 840 2790 nemo
888 2735 1152 2805 loquatur.
1203 2735 1322 2808 Ipse
1357 2752 1517 2807 porro
1566 2738 1838 2807 respondit
1878 2738 2081 2794 rustico

518 2841 640 2879 cum
669 2827 1075 2880 mansuetudine
1103 2824 1276 2881 :Verc
1310 2829 1467 2891 dicis,
1498 2828 1593 2881 illi.
1623 2828 1679 2883 Si
1709 2829 1850 2883 enim
1886 2827 1979 2883 Dei
2011 2829 2079 2882 ti-

520 2932 635 2971 mor
679 2926 823 2971 esset
866 2917 918 2969 in
971 2917 1145 2981 nobis,
1193 2918 1334 2971 haud
1375 2932 1657 2987 ageremus
1686 2932 1803 2985 quae
1839 2918 1930 2972 tibi
1962 2919 2083 2988 iure

519 3007 819 3076 displicent.
862 3007 1041 3062 Nihilo
1077 3008 1166 3062 ille
1212 3009 1389 3063 secius
1429 3024 1618 3065 rursus
1647 3024 1768 3064 cum
1806 3009 2084 3064 stomacho

519 3100 875 3154 contumelias
900 3099 1146 3169 ingessit,
1178 3098 1480 3169 iterumque
1510 3100 1654 3153 mitis
1682 3114 1843 3154 senex
1876 3115 1893 3152 :
1920 3096 2083 3163 Vera,

518 3190 710 3260 inquit,
747 3189 1014 3259 loqueris;
1054 3190 1098 3245 si
1133 3189 1380 3243 monachi
1418 3204 1680 3255 essemus,
1715 3188 1908 3243 talibus
1937 3190 2065 3243 abs-

524 3283 839 3335 lineremus.
889 3278 1112 3344 Tamen,
1137 3294 1255 3345 oro,
1294 3294 1389 3348 per
1415 3278 1721 3346 Dominum,
1741 3279 1959 3349 ignosce
1988 3292 2082 3332 no-
2110 3264 2152 3322 (ἶ

521 3368 606 3425 bis
632 3370 773 3439 quod
814 3370 1179 3437 imprudentes
1209 3372 1567 3437 peccavimus.
1610 3369 1683 3423 Ea
1722 3368 1933 3424 tandem
1962 3384 2076 3424 mo-

521 3460 691 3514 destia
726 3458 980 3515 delinitus
1020 3460 1276 3527 agricola,
1310 3460 1538 3531 projeeit
1573 3475 1635 3516 se
1667 3460 1732 3514 ad
1778 3461 1940 3530 pedes
1968 3460 2086 3527 cius

523 3549 704 3605 dicens
734 3568 747 3604 :
776 3549 943 3605 Parce
972 3550 1101 3604 mihi
1141 3557 1342 3605 temere
1372 3551 1569 3617 locuto,
1597 3551 1758 3616 abba,
1785 3563 1879 3617 per
1903 3549 2087 3603 Domi-

523 3656 673 3707 num,
718 3656 909 3711 meque
950 3644 1058 3696 tuis
1109 3642 1379 3697 volentem
1431 3657 1680 3712 aggrega.
1732 3641 2087 3709 Addebatque

525 3731 717 3788 beatus
746 3732 1009 3804 Sergius:
1044 3731 1250 3786 Revera
1286 3734 1374 3788 hic
1412 3733 1573 3787 homo
1607 3746 1705 3787 nos
1742 3740 1958 3787 secutus
1999 3746 2090 3785 sa-

525 3837 675 3877 crum
705 3822 945 3878 habitum
974 3822 1221 3892 sumpsit.
1258 3821 1415 3877 Unde
1460 3820 1818 3891 subiungebat
1862 3820 1975 3874 haec
2006 3833 2091 3872 re-

526 3909 706 3967 ferens
732 3911 1008 3967 Zosimas:
1043 3912 1118 3965 En
1150 3912 1505 3966 mansuetudo
1546 3921 1601 3965 et
1655 3910 1892 3979 probitas
1917 3909 2093 3964 sancti

526 4004 627 4057 Viri
656 4012 929 4071 quantum,
961 4002 1070 4058 Deo
1091 4000 1332 4070 iuvante,
1363 4002 1614 4073 potuerit,
1646 4010 1993 4066 convertens,
2043 4010 2097 4055 et

2171 2012 2309 2067 Ποτὶ
2357 2012 2646 2067 ὁδευόντων
2693 2010 2852 2082 ήμῶν
2890 2013 3027 2083 μετά
3061 2029 3207 2077 τινος
3252 2012 3408 2079 ἁγίου
3457 2011 3744 2082 γέροντος,

2172 2102 2555 2175 ὲπλανήθημεν
2584 2104 2680 2172 τῆς
2706 2102 2849 2155 ὁδοῦ-
2883 2103 2977 2155 καὶ
3004 2102 3140 2174 μηδὲ
3179 2102 3553 2171 γινωσκόντων
3582 2102 3750 2171 ἡμῶν

2174 2191 2277 2247 ποῦ
2301 2192 2659 2264 πορευόμεθα,
2691 2191 3002 2264 ηύρέθημεν
3024 2195 3101 2256 είς
3126 2193 3195 2247 τὰ
3221 2194 3482 2264 σπόριμα’
3502 2193 3596 2247 καὶ
3612 2210 3748 2245 κατ-

2174 2289 2529 2357 επατήσαμεν
2574 2286 2731 2353 ὀλίγα
2772 2285 2877 2339 τῶν
2910 2284 3214 2355 σπορίμων.
3258 2284 3590 2354 Λίσθόμενος
3618 2286 3674 2339 δὲ
3709 2285 3741 2337 ό

2174 2377 2439 2446 γεωργὸς,
2466 2376 2669 2447 ἡρξατο
2697 2375 2943 2448 ὑϐρίζειν
2973 2375 3143 2429 πολλᾶ
3175 2376 3292 2447 μετ’
3326 2375 3745 2446 ὀργῆς³⁹Υμιῖςο

2179 2468 2421 2539 μοναχοὶ,
2457 2470 2504 2521 εί
2536 2467 2780 2538 ὲφοϐεϊτε
2813 2469 2904 2522 τὸν
2935 2468 3087 2533 Θεὸν,
3116 2470 3210 2521 καὶ
3236 2468 3409 2537 εἴχετε
3440 2466 3604 2520 αὑτὸν
3638 2466 3750 2537 πρὸ

2176 2558 2487 2630 ὀφθαλμῶν,
2516 2559 2618 2612 οὐκ
2648 2557 2713 2613 ἂν
2744 2560 2977 2611 ἐποιεῖτε
3012 2556 3190 2610 τοῦτο.
3230 2555 3444 2619 Εὐθέως
3472 2550 3565 2608 οὖν
3594 2555 3751 2622 λέγει

2176 2654 2309 2722 ἡμῖν
2336 2653 2364 2703 ὁ
2396 2653 2568 2718 ἅγιος
2615 2648 2713 2702 Διὰ
2750 2648 2841 2703 τδν
2889 2647 3092 2719 Κύριον
3130 2646 3320 2718 μηδεὶς
3352 2646 3583 2717 λαλήσῃ.
3635 2646 3754 2700 Kal

2179 2744 2361 2813 ελεγεν
2384 2741 2533 2813 αὐτῷ
2565 2741 2703 2812 μετὰ
2726 2741 3051 2811 πραότητοςο
3083 2738 3278 2800 Καλῶς
3303 2736 3504 2804 λέγεις,
3535 2736 3751 2789 τέκνον

2179 2838 2229 2889 εἰ
2253 2834 2362 2905 γὰρ
2392 2834 2611 2903 εἴχομεν
2644 2832 2735 2883 τὸν
2766 2828 2931 2899 φόϐον
2962 2828 3056 2883 τοῦ
3091 2828 3249 2890 Θεοῦ,
3283 2828 3386 2881 οὐκ
3416 2826 3482 2880 ἂν
3532 2824 3755 2879 ἑποιοῦ-

2187 2941 2282 2995 μεν
2311 2921 2503 2975 ταῦτα.
2541 2919 2707 2974 Πάλιν
2745 2921 2953 2981 ἐκεῖνος
2993 2917 3178 2990 ὒϐριζε
3221 2917 3362 2987 μετὰ
3406 2916 3602 2987 θυμοῦο
3651 2917 3753 2970 καὶ

2185 3013 2345 3067 πάλιν
2366 3014 2394 3065 ό
2422 3012 2599 3083 γέρων
2627 3011 2831 3078 ἔλεγεν·
2876 3010 2964 3062 Ἑν
2989 3008 3215 3080 ἀληθείᾳ
3238 3009 3418 3077 λέγεις
3452 3025 3467 3039 ⁸
3492 3011 3543 3062 εἰ
3571 3008 3759 3079 ἥμεθα.

2187 3103 2427 3175 μοναχοὶ,
2462 3101 2620 3154 τοῦτο
2649 3100 2748 3152 οὐκ
2777 3097 3095 3168 ἐποιοῦμεν·
3131 3097 3269 3153 ἀλλὰ
3298 3098 3386 3152 διὰ
3404 3098 3495 3153 τὸν
3523 3098 3756 3170 Κύριον,

2186 3191 2538 3263 συγχώρησον
2587 3190 2717 3259 ἡμῖν
2773 3189 2854 3241 ὅτι
2903 3187 3243 3259 ἡμάρτομεν.
3314 3189 3640 3256 Ἐκπλαγεὶς
3706 3186 3759 3241 δ’

2185 3281 2390 3341 ἐκεῖνος
2435 3278 2531 3332 καὶ
2579 3277 2750 3331 ἐλθὼν
2788 3276 3013 3347 ἔρριψεν
3058 3277 3251 3330 ἑαυτὸν
3293 3278 3373 3340 είς
3408 3277 3535 3340 τοὺς
3586 3276 3759 3339 πόδας

2189 3369 2375 3433 αὐτοῦ,
2403 3369 2597 3435 λέγων·
2626 3366 2953 3438 Συχώρησόν
2977 3384 3087 3436 μοι,
3114 3366 3279 3431 assa,
3305 3366 3395 3419 διὰ
3414 3367 3505 3420 τὸν
3526 3366 3758 3437 Κύριον,

2192 3460 2285 3513 καὶ
2312 3457 2442 3512 λάϐε
2466 3458 2582 3526 μεθ’
2611 3456 2786 3527 ὑμῶν.
2818 3456 2928 3509 Kal
2949 3456 3131 3524 ἔλεγεν
3156 3457 3185 3507 ό
3218 3455 3484 3526 μακάριος
3508 3454 3760 3524 Σέργιος,

2192 3549 2273 3602 ὅτι
2300 3548 2389 3601 Ἐν
2417 3546 2645 3617 ἀληθεία
2694 3547 2810 3616 μεθ’
2857 3548 3016 3619 ἡμῶν
3060 3548 3393 3619 ἠκολούθησε
3418 3587 3433 3611 ,
3467 3548 3560 3601 καὶ
3589 3546 3763 3602 ἐλθὼν

2192 3637 2351 3691 ἔλαϐε
2395 3636 2455 3690 τὸ
2502 3637 2710 3707 σχῆμα.
2759 3637 2869 3690 Kal
2906 3636 3094 3704 ἔλεγεν
3132 3639 3161 3691 ό
3212 3639 3500 3708 μακάριος·
3560 3637 3689 3691 Ἰδοὺ
3723 3640 3758 3708 ἡ

2191 3728 2435 3800 πραότης
2466 3729 2559 3781 καὶ
2601 3727 2663 3781 τὸ
2686 3727 2888 3798 ἀληθὲς
2926 3728 3021 3781 τοῦ
3051 3729 3207 3796 ἁγίου
3251 3729 3307 3801 τί
3340 3728 3575 3799 ἠδυνήθη
3618 3726 3767 3797 μετὰ

2189 3818 2322 3871 Θεὸν
2365 3818 2607 3886 ποιῆσαι·
2662 3818 2757 3869 καὶ
2807 3816 2978 3870 σῶσαι
3009 3815 3185 3888 ψυχὴν
3230 3817 3349 3871 κατ’
3394 3816 3578 3869 είκόνα
3624 3816 3768 3870 Θεοῦ

2195 3907 2533 3979 ποιηθεῖσαν,
2566 3906 2634 3977 ἢν
2676 3906 2822 3960 θέλει
2849 3909 2876 3960 ὁ
2912 3907 3045 3970 Θεὸς
3077 3907 3278 3975 μᾶλλον
3319 3907 3353 3978 ἢ
3400 3907 3627 3979 μυρίους
3676 3906 3771 3960 κό-

2200 4014 2369 4069 σμους
2404 3995 2543 4067 μετὰ
2564 3994 2675 4048 τῶν
2705 3994 3005 4065 χρημάτων
3034 3994 3235 4049 αὐτῶν.

533 4097 587 4152 in
618 4097 804 4152 salutis
838 4097 977 4150 viam
1010 4096 1270 4152 inducens
1297 4098 1535 4151 animam
1576 4098 1646 4151 ad
1676 4096 1769 4150 Dei
1836 4095 2122 4166 imaginem
2161 4103 2423 4155 creatam,
2484 4105 2645 4161 quam
2700 4089 2919 4159 praefert
2996 4089 3137 4144 Deus
3185 4087 3483 4143 innumeris
3527 4086 3769 4153 mundis,

529 4208 652 4249 cum
682 4194 889 4248 cunctis
915 4191 1119 4247 divitiis
1146 4194 1408 4262 ipsorum.

599 4283 715 4339 XII.
750 4283 893 4349 Dixit
938 4294 1191 4354 praeterea
1218 4296 1235 4338 :
1258 4280 1514 4340 Commisi
1557 4284 1841 4356 aliquando
1873 4268 2081 4340 libellos

532 4375 912 4433 describendos
959 4377 1168 4433 cuidam
1219 4379 1529 4433 amanuensi
1571 4378 1625 4433 in
1682 4377 1871 4449 primis
1914 4377 2085 4447 perito

533 4466 927 4538 ealligraphica:
971 4470 1126 4526 artis.
1179 4470 1247 4524 Et
1294 4470 1382 4525 ille
1422 4468 1663 4525 absoluta
1702 4468 2086 4536 descriptione,

2254 4280 2354 4336 IB'.
2393 4278 2507 4334 Kal
2553 4276 2758 4344 ἔλεγεν,
2809 4275 2891 4329 ὅτι
2938 4272 3074 4327 [loss
3126 4269 3366 4337 ὑπέταξα
3412 4269 3590 4340 βιϐλία
3645 4272 3771 4328 τινὰ

2188 4372 2543 4440 καλλιγρὰφῳ
2590 4369 2801 4437 εὐφυεῖ’
2846 4366 2940 4420 καὶ
2972 4364 3110 4434 μετὰ
3154 4365 3215 4418 τὸ
3256 4364 3471 4417 τελέσαι
3516 4362 3586 4416 τὰ
3628 4366 3772 4435 γρά-

2192 4462 2361 4533 ψιμα,
2396 4462 2605 4531 πέμπει
2631 4458 2727 4513 καὶ
2748 4456 2897 4525 λέγει
2930 4472 3043 4527 μοι’
3066 4454 3203 4508 Ἰδοὺ
3229 4454 3468 4508 ὲτέλεσα·
3502 4454 3595 4508 ὅτε
3617 4458 3772 4510 δοκεῖ

536 4558 682 4613 misit
736 4561 801 4614 ad
846 4576 930 4616 me
978 4561 1071 4631 qui
1129 4561 1424 4627 nuntiaret,
1465 4560 1761 4631 perfectum
1806 4559 1917 4627 jam
1960 4571 2082 4627 opus

2198 4571 2279 4607 σοι
2316 4552 2529 4623 πέμψον
2565 4551 2665 4604 καὶ
2685 4549 2818 4605 λάϐε
2843 4548 3003 4602 αὐτά.
3038 4544 3295 4616 ’Δδελφδς
3326 4545 3385 4599 δέ
3412 4562 3497 4610 τις
3520 4546 3770 4613 ἀκούσας

536 4663 656 4705 esse
684 4666 700 4704 :
732 4650 1018 4716 mitterem,
1059 4653 1105 4707 si
1147 4652 1440 4718 videretur,
1480 4651 1569 4720 qui
1616 4651 1815 4719 scripta
1858 4649 2090 4703 tolleret.

538 4739 637 4795 llis
677 4740 844 4797 frater
873 4743 1091 4812 quidam
1124 4744 1343 4808 auditis,
1390 4741 1522 4797 adiit
1569 4740 1805 4810 iniussus
1841 4740 2093 4808 calligra-

536 4834 724 4903 phum,
766 4835 1003 4900 nomine,
1032 4844 1091 4888 ut
1141 4835 1278 4889 falso
1315 4833 1514 4898 aiebat,
1559 4832 1924 4901 mandataque
1950 4846 2089 4895 meo,

536 4935 945 4996 numerataque,
976 4929 1118 4996 quod
1168 4935 1517 4991 convenerat,
1568 4939 1762 4980 manus
1788 4925 1984 4995 pretio,
2032 4923 2095 4979 li-

535 5014 704 5071 bellos
744 5017 983 5072 abstulit.
1031 5016 1140 5087 Ego
1171 5018 1389 5087 ignarus
1421 5015 1538 5086 ejus
1579 5017 1678 5079 rei,
1711 5016 1831 5071 misi
1870 5015 2093 5072 fratrem

540 5120 800 5175 nostrum,
826 5110 949 5163 dato
978 5108 1051 5164 illi
1083 5108 1348 5176 epistolio,
1383 5123 1505 5163 cum
1545 5108 1796 5163 mercede
1833 5117 1990 5177 pacta
2040 5116 2098 5161 ut

540 5199 735 5267 St'ripla
753 5199 1021 5267 acciperet
1051 5194 1325 5267 ferretque
1352 5200 1418 5252 ad
1451 5213 1554 5254 me.
1580 5200 1886 5268 intelligens
1907 5213 1973 5254 ex
1996 5199 2098 5253 hoc

541 5287 903 5358 calligraphus
935 5289 1142 5344 illusum
1191 5290 1295 5344 sibi
1340 5288 1507 5345 fuisse
1540 5304 1570 5343 a
1603 5290 1766 5358 priori
1814 5289 2095 5353 monacho.

543 5376 714 5432 iratus
754 5379 888 5433 dixit
914 5398 927 5433 :
953 5378 1044 5435 Ibo
1067 5379 1305 5450 profecto
1329 5390 1380 5435 et
1408 5380 1675 5436 infamabo
1699 5382 1872 5451 ipsum
1901 5382 1969 5436 ob
1994 5382 2099 5436 duo

542 5469 742 5522 nefaria
771 5486 887 5539 qua:
928 5472 1432 5541 admisitzprimum
1479 5473 1707 5528 irridens
1766 5487 1881 5539 me;
1909 5473 2100 5527 deinde

543 5572 661 5625 qua:
713 5561 778 5613 ad
827 5560 971 5613 illum
1024 5578 1126 5617 non
1174 5564 1517 5631 pertinebant
1558 5562 1831 5619 auferens.
1874 5563 1945 5617 At
2000 5577 2099 5632 ego

547 5645 729 5699 audito
761 5647 886 5714 quid
934 5658 1169 5718 pararet,
1216 5651 1333 5705 misi
1383 5652 1470 5721 qui
1509 5667 1538 5705 a
1587 5667 1671 5706 me
1709 5650 1809 5721 ipsi
1856 5651 2098 5707 diceret:

547 5730 688 5799 Scis,
734 5736 897 5792 frater
942 5739 1034 5805 mi,
1070 5755 1166 5795 nos
1204 5756 1269 5796 eo
1306 5742 1409 5797 [ille
1452 5758 1766 5811 comparare
1810 5758 1873 5797 ac
1921 5750 2103 5797 tenere

551 5824 776 5892 libellos,
819 5839 875 5882 ut
908 5844 972 5885 ex
1025 5831 1092 5887 iis
1142 5830 1417 5889 discamus
1466 5846 1719 5891 exercere
1752 5833 2097 5901 charitatcm,

2191 4643 2397 4709 ταῦτα,
2426 4641 2676 4696 ἀπελθὼν
2722 4640 2784 4705 ἑξ
2820 4638 3083 4711 ὀνόματός
3120 4654 3222 4708 μου
3271 4635 3408 4706 πρὸς
3437 4638 3529 4691 τὸν
3578 4637 3771 4690 καλλι-

2192 4737 2421 4807 γράφον,
2443 4736 2537 4789 καὶ
2563 4734 2685 4798 δοὺς
2711 4733 2770 4786 τὸ
2800 4728 3157 4802 συμφωνηθὲν
3192 4728 3382 4782 ἐλαϐεν
3408 4729 3572 4784 αὐτὰ.
3625 4727 3771 4796 Ἐγὼ

2195 4827 2250 4881 δὲ
2287 4827 2361 4897 μὴ
2390 4827 2551 4895 γνοὺς
2597 4824 2756 4878 τοῦτο
2802 4822 3025 4893 ἔπεμψα
3056 4819 3284 4890 ἀδελφὸν
3318 4820 3592 4891 ἡμέτερον
3626 4818 3775 4889 μετά

2194 4917 2539 4989 γραμμάτων
2584 4917 2681 4970 σὺν
2727 4915 2807 4987 τῷ
2850 4915 3032 4985 κόπῳ,
3065 4913 3203 4967 ὥστε
3233 4912 3419 4967 λαϐεῖν
3468 4908 3628 4965 αὑτά.
3681 4912 3775 4974 Ὠς

2194 5006 2286 5064 οὖν
2318 5009 2459 5077 ἔγνω
2491 5009 2519 5061 ό
2559 5007 2928 5077 καλλιγράφος
2957 5007 3040 5059 ὄτι
3076 5003 3372 5076 ἐνεπαίχθη
3402 5002 3509 5056 ene
3538 5001 3634 5055 τοῦ
3673 5002 3770 5056 λα-

2197 5102 2380 5165 ϐόντος
2402 5102 2560 5167 αὐτὰ,
2586 5100 2881 5173 ταραχθεὶς
2910 5096 3082 5153 εἶπεν·
3109 5101 3316 5162 Ὄντως
3338 5096 3651 5168 ἀπέρχομαι
3670 5097 3772 5150 καὶ

2196 5191 2402 5261 ἀηδίσω
2432 5191 2591 5245 αὐτὸν
2617 5192 2758 5245 κατὰ
2788 5189 2881 5243 δύο
2912 5189 3147 5259 τρόπους
3168 5227 3183 5250 ,
3216 5188 3298 5241 ὅτι
3346 5184 3604 5257 ἐχλεύασέ
3657 5200 3729 5255 με
3749 5225 3764 5251 ,

2197 5284 2293 5338 καὶ
2320 5286 2400 5338 ὅτι
2430 5283 2588 5337 ἔλαϐε
2632 5282 2701 5336 τὰ
2745 5281 2819 5353 μὴ
2846 5282 2974 5335 ὄντα
3012 5280 3198 5335 αὐτοῦ.
3245 5279 3383 5348 Ἐγὼ
3432 5278 3490 5331 δὲ
3519 5276 3762 5339 ἀκούσας

2196 5376 2370 5441 τοῦτο,
2416 5374 2635 5445 πέμψας
2672 5370 2823 5426 εἷπον
2854 5372 3022 5442 αὐτῷ·
3052 5369 3232 5438 Οἶδας,
3268 5370 3463 5437 ἀδελφέ
3510 5386 3643 5439 μου,
3670 5369 3755 5421 ὅτι

2198 5467 2286 5522 διὰ
2328 5468 2483 5522 τοῦτο
2540 5465 2796 5536 κτώμεθα
2839 5464 3016 5535 βιϐλία
3037 5503 3051 5525 ,
3084 5464 3172 5518 ἶνα
3204 5460 3463 5533 μάθωμεν
3492 5459 3551 5526 ἐξ
3592 5459 3777 5537 αὐτῶν

2201 5558 2441 5629 ἀγάπην,
2469 5558 2812 5622 ταπείνωσιν,
2836 5557 3135 5629 πραότητα,
3160 5557 3400 5625 εἰρήνηνο
3430 5554 3476 5606 εἰ
3497 5553 3554 5605 δὲ
3580 5552 3774 5622 ἡάρχὴ

2201 5652 2300 5719 τῆς
2329 5651 2576 5721 κτήσεως
2604 5648 2715 5701 τῶν
2745 5648 2963 5719 βιϐλίων
2997 5649 3145 5718 μάχη
3174 5648 3343 5709 ἔστὶν,
3370 5644 3430 5697 οὐ
3470 5641 3607 5695 θέλω
3638 5642 3774 5711 κτή-

2205 5740 2403 5796 σασθαι
2445 5738 2685 5809 βιϐλίον’
2726 5739 2821 5792 καὶ
2857 5738 3016 5807 μόνον
3067 5735 3141 5807 μὴ
3186 5736 3533 5805 μαχήσομαι·
3586 5729 3776 5785 δοῦλον

2205 5832 2313 5903 γὰρ
2343 5830 2547 5902 Κυρίου
2567 5830 2628 5885 ού
2654 5830 2734 5886 δεῖ
2757 5828 3043 5901 μάχεσθαι.
3078 5826 3209 5883 Ἰδοὺ
3230 5822 3322 5881 οὖν
3354 5820 3774 5894 καταφρονήσας
