4010 6414
238 366 370 434 169ἲ

1681 368 2086 440 ALLOQUIA.

3370 374 3506 440 1698

231 481 326 535 τοῦ
371 480 624 550 βιϐλίου,
671 479 900 552 ἐποίησα
941 477 1017 551 μὴ
1065 475 1343 541 παντελῶς
1387 475 1683 549 ὀχληοῆναι
1725 480 1814 532 τὸν

1923 479 2323 543 humilitatem,
2388 480 2895 546 mansuetudinem,
2952 496 3164 552 pacem.
3216 481 3274 537 Si
3324 496 3503 540 autem

227 570 490 640 ἀδελφόν.

1921 570 2135 623 initium
2185 571 2549 640 possessionis
2593 569 2898 626 libellorum
2933 573 3052 628 rixa
3102 583 3186 629 est
3215 571 3360 644 :jam
3409 590 3505 631 eos

224 663 356 718 nolo
402 663 649 719 habere:
684 677 791 731 quo
817 661 898 716 sic
944 661 1104 715 vitent
1139 660 1348 715 rixandi
1401 659 1810 715 necessitatem.
1891 662 2123 717 Servum
2192 665 2391 734 quippe
2423 665 2632 720 Domini
2668 667 2834 724 rixari
2887 682 2993 721 non
3046 670 3320 726 convenit.
3362 669 3505 724 Cou-

222 767 434 826 tempta
461 760 646 827 igitur,
677 767 734 829 et
768 757 987 826 insuper
1020 756 1202 810 habita
1239 757 1362 810 libri
1385 757 1620 824 jactura,
1655 756 1806 810 elIcci
1849 772 1916 811 ne
1947 758 2208 813 molestia:
2234 760 2529 829 quidquam
2558 761 2922 817 facesseretur
2953 763 3026 817 illi
3061 763 3240 818 fratri.

301 849 406 902 II".
475 849 587 902 Καὶ
631 847 815 915 ἔλεγεν
861 849 889 900 6
941 847 1138 911 αὐτὸς,
1189 848 1271 900 ὅτι
1337 845 1618 915 ’Δκηκοὼς
1666 847 1821 917 παρά

224 954 376 1000 ’τινος
403 936 692 1006 ἀγαπητοῦ
727 954 816 1005 μοι
851 936 1107 1005 μοναχοῦ,
1137 936 1218 988 ὃτι
1251 933 1376 1004 ἔσχε
1407 933 1529 988 τινὰ
1572 934 1819 989 διάκονον

227 1029 522 1099 ἀγαπητὸν
562 1028 663 1097 τῆς
707 1026 912 1096 λαύρας
961 1026 1053 1078 τοῦ
1101 1024 1249 1079 ἀϐσᾶ
1312 1024 1621 1095 ιἐρασίμου
1660 1041 1676 1056 ·
1724 1025 1819 1078 καὶ

227 1122 330 1174 οὐκ
351 1116 475 1173 οῖδα
506 1118 667 1171 πόθεν
697 1116 853 1186 ἔσχεν
885 1119 962 1179 εἰς
988 1116 1089 1187 ἐμὲ
1116 1116 1368 1168 ὑπόνοιαν
1397 1116 1526 1184 περὶ
1561 1116 1819 1186 πράγμα-

227 1231 321 1278 τος
335 1214 600 1282 φέροντος
622 1212 770 1281 αύτῷ
782 1211 980 1278 λύπην,
1007 1210 1100 1262 καὶ
1121 1207 1323 1279 ἧρξατο
1351 1206 1669 1276 στυγνάζειν
1698 1225 1812 1278 μοι.

240 1305 387 1357 Ἰδὼν
405 1303 569 1357 αὑτὸν
595 1300 706 1369 ἐγὼ
734 1302 978 1367 στυγνὸν,
1001 1299 1261 1370 ⁴1γρώτησα
1283 1296 1482 1367 μαθεῖν
1493 1296 1594 1366 τὴν
1613 1296 1812 1350 αἰτίανο

227 1397 321 1449 καὶ
350 1394 505 1461 λέγει
543 1409 654 1462 μοι,
682 1393 764 1445 ὅτι
793 1391 924 1444 Τόδε
945 1389 1006 1442 τὸ
1032 1389 1264 1459 πρᾶγμα
1303 1387 1587 1458 ἐποίησας’
1619 1383 1731 1453 ἐγὼ
1757 1384 1814 1438 δὲ

233 1487 306 1557 μὴ
367 1481 633 1547 συνειδὼς
685 1482 924 1554 ὲμαύτὸν
969 1479 1211 1534 τοιοῦτον
1278 1480 1511 1549 πρᾶγμα
1557 1477 1834 1545 ποιῆσαι..

228 1576 492 1648 ἠρξάμην
525 1575 887 1646 πληροφορεῖν
910 1571 1091 1625 αὐτόν.
1117 1570 1224 1625 Καὶ
1257 1570 1408 1637 λέγει
1442 1584 1556 1641 μοι’
1589 1567 1815 1640 Συγχώ.

232 1668 402 1736 ρητόν
432 1684 544 1736 μοι·
570 1667 630 1719 οὐ
656 1663 1123 1736 πληροφοροῦμαι.
1166 1662 1556 1733 Ἀναχωρήσας
1582 1656 1676 1714 οὖν
1702 1657 1815 1729 ἐγὼ

227 1762 309 1822 είς
359 1759 426 1812 τὸ
466 1757 681 1812 κελλίον
728 1773 827 1825 μου
849 1795 864 1818 ,
909 1754 1165 1824 ἠρξάμην
1195 1754 1424 1823 ὲρευνᾷν
1451 1751 1550 1823 τὴν
1585 1750 1812 1823 καρδίαν

229 1868 374 1921 μου,
409 1851 462 1903 εί
508 1847 749 1902 τοιοῦτον
796 1846 1054 1917 πέπραχα
1089 1846 1340 1916 πρᾶγμα·
1378 1842 1472 1896 καὶ
1521 1841 1620 1912 οὐχ
1666 1841 1816 1912 εὕρι-

227 1960 382 1996 σκον.
411 1941 606 1993 Βλέπω
635 1935 728 1992 οὖν
768 1938 932 1992 αὑτὸν
969 1937 1268 2007 κατέχοντα
1309 1936 1568 2005 ποτήριον
1611 1933 1704 1985 καὶ
1731 1933 1814 1986 δι-

226 2033 387 2086 δόντα
415 2048 430 2061 ·
482 2031 576 2084 καὶ
625 2028 842 2100 ὤμνυον
875 2026 1023 2097 αὐτῷ
1069 2029 1126 2078 ἐν
1172 2024 1323 2096 αύτῷ
1362 2026 1444 2078 ὅτι
1484 2025 1548 2077 οὐ
1597 2025 1814 2082 σύνοιδα

228 2119 474 2191 ἐμαυτὸν
505 2119 720 2173 τοιοῦτο
761 2118 1004 2186 ποιῆσαι.
1039 2117 1152 2170 Ούκ
1197 2114 1447 2184 ἐπείσθη.
1490 2113 1692 2167 Ἐλθὼν
1721 2109 1814 2168 οὖν

229 2211 397 2265 πάλιν
429 2212 509 2274 εἰς
539 2209 795 2280 ἐμαυτὸν,
832 2209 926 2262 καὶ
959 2208 1220 2278 μνησθεὶς
1265 2205 1374 2259 τῶν
1404 2204 1578 2273 λόγων
1609 2204 1814 2259 τούτων

226 2303 336 2356 τῶν
354 2301 548 2370 ἁγίων,
584 2302 678 2354 καὶ
700 2299 997 2363 πιστεύσας
1021 2300 1221 2362 αὐτοῖς,
1253 2296 1469 2367 στρέφω
1501 2296 1696 2368 μικρὸν
1724 2295 1814 2350 τὸν

225 2392 490 2464 λογισμόν
525 2409 650 2463 μου,
685 2393 779 2446 καὶ
796 2392 938 2461 λέγω
962 2389 1204 2461 ἐμαυτῷ·
1221 2390 1280 2443 '0
1305 2389 1546 2452 διάκονος
1577 2386 1814 2457 γνησίως

227 2487 422 2557 ἀγαπᾷ
463 2501 552 2556 με·
588 2483 682 2538 καὶ
711 2483 785 2549 ιξι
812 2483 1032 2553 ἀγάπης
1060 2483 1373 2554 κινούμενος
1401 2480 1683 2552 saepeque
1721 2496 1811 2550 μοι

228 2577 258 2628 6
285 2576 430 2647 εἶχεν
460 2580 494 2644 ἡ
526 2575 723 2645 καρδία
755 2574 919 2630 αὑτοῦ
949 2575 1077 2644 περὶ
1102 2573 1238 2644 ἐμοῦ
1261 2613 1277 2637 ,
1307 2572 1575 2644 ἴνα-νήψω
1599 2572 1812 2626 καὶτοῦ

227 2667 422 2722 λοιποῦ
468 2664 726 2735 φυλάξω,
764 2664 856 2716 καὶ
903 2664 979 2734 μὴ
1028 2665 1239 2735 ποιήσω
1281 2665 1435 2718 αὐτόσ
1485 2664 1626 2735 πλὴν
1666 2662 1812 2736 ψυχὴ

229 2756 393 2811 ἀθλία
413 2795 428 2821 ,
454 2754 644 2825 ἐπειδὴ
669 2754 868 2822 λέγεις,
925 2755 1007 2806 ὅτι
1042 2755 1154 2807 Οὐκ
1197 2755 1430 2824 ἐποίησα
1492 2754 1553 2806 τὸ
1583 2755 1814 2824 πρᾶγμα

228 2848 410 2901 τοῦτο·
461 2848 634 2917 μυρία
680 2846 828 2898 κακά
882 2845 1199 2916 πέπρακταί
1249 2863 1370 2909 σοι,
1415 2847 1509 2899 καὶ
1546 2845 1813 2899 ἐπελάθου

230 2940 432 2994 αὐτῶνθ
477 2937 580 2992 ποῦ
623 2941 762 2992 εἰςιν
792 2936 828 2991 ἃ
857 2937 1120 3008 ἐποίησας
1154 2937 1279 3006 χθὲς
1309 2937 1342 3009 ἦ
1370 2937 1477 3009 πρὸ
1512 2937 1646 2990 δέκα
1675 2939 1814 3008 ἠμε-

235 3028 374 3098 ρῶν;
418 3028 691 3098 μέμνησαι
712 3026 938 3100 ἀύτῶν;
969 3026 1176 3078 Οὐκοῦν
1205 3028 1298 3079 καὶ
1327 3026 1484 3078 τοῦτο
1525 3027 1809 3095 ἐποίησας,

1979 849 2134 918 ,ΧΙΙΙ.
2178 851 2472 907 Referebat
2512 863 2567 907 et
2601 853 2702 907 hoc
2738 853 2878 907 idem
2910 854 3154 910 ZOsimas
3188 875 3201 911 :
3233 856 3426 912 Audivi
3472 872 3506 914 ο

1921 943 2157 1010 quodam
2199 943 2331 998 mihi
2364 942 2564 998 dilecto
2599 944 2891 1010 monacho,
2943 960 3065 999 cum
3101 947 3305 1001 diceret
3334 964 3348 1001 :
3381 947 3504 1002 Fuit

1924 1033 2055 1088 ntihi
2083 1049 2210 1089 usus
2231 1034 2518 1089 familiaris
2547 1035 2802 1090 amicitiae
2837 1051 2960 1091 cum
2989 1038 3220 1091 diacono
3248 1040 3501 1106 quapiam

1921 1125 2088 1178 laure:
2121 1125 2335 1181 abbatis
2367 1125 2636 1181 Gerasimi
2671 1141 2685 1180 :
2719 1127 2806 1180 cui
2863 1129 3078 1193 oborta,
3114 1130 3299 1183 nescio
3338 1129 3502 1194 unde,

1922 1217 2158 1283 suspicio
2182 1225 2373 1272 contra
2407 1232 2494 1272 me
2527 1227 2632 1285 est,
2667 1199 2822 1288 quasi
2846 1219 3101 1288 quiddam
3134 1222 3362 1289 egissem
3396 1221 3499 1290 ipsi

1923 1305 2207 1360 molestum
2238 1309 2420 1361 :unde
2464 1307 2631 1376 caspit
2665 1309 2990 1363 contrahere
3023 1310 3077 1363 in
3123 1311 3227 1365 ntei
3274 1327 3504 1368 occursu

1918 1395 2174 1461 frontem,
2227 1395 2432 1450 vultum
2476 1398 2740 1453 exhibens
2792 1400 2992 1454 minaci
3049 1401 3270 1456 tristitia
3329 1405 3504 1459 turbi-

1911 1486 2061 1542 dum.
2090 1487 2146 1541 Id
2175 1486 2613 1558 animadvertens
2652 1488 2793 1544 ultro
2825 1491 3154 1562 interrogavi
3189 1493 3490 1561 hominem,

1913 1592 2009 1632 cur
2044 1577 2229 1632 me'ita
2267 1587 2418 1632 torve
2463 1579 2804 1634 intueretur?
2830 1579 3031 1636 Fassus
3051 1584 3240 1637 statim
3271 1599 3493 1640 causam

1914 1676 2020 1735 est,
2054 1667 2514 1738 aiens'quidpiam
2550 1683 2580 1722 a
2627 1685 2712 1726 me
2743 1682 2935 1726 contra
2986 1689 3046 1727 se
3079 1673 3309 1740 factum,
3353 1675 3506 1743 cujus

1917 1759 2060 1814 nulla
2106 1760 2238 1814 mihi
2286 1775 2418 1815 sane
2450 1762 2708 1816 memoria
2743 1763 2826 1817 vel
2862 1763 3196 1820 conscientia
3240 1774 3499 1822 restaret.

1914 1849 2101 1919 Itaque
2147 1851 2328 1906 multis
2372 1851 2553 1907 verbis
2607 1853 2826 1908 incubui
2876 1856 2942 1908 ad
2992 1869 3166 1910 meam
3209 1856 3284 1911 illi
3332 1872 3361 1910 a
3413 1857 3506 1914 tali

1915 1942 2136 2011 quidem
2159 1941 2313 2011 culpa
2334 1943 2702 1998 innocentiam
2728 1947 3182 2013 persuadendam.
3212 1947 3316 2001 Sed
3340 1951 3507 2003 surdo

1915 2031 2126 2097 cecini;
2179 2047 2302 2086 nam
2349 2047 2446 2087 sua
2495 2047 2556 2088 se
2607 2034 2889 2091 involvens
2951 2037 3216 2091 tristitia:
3246 2037 3501 2108 Ignosce,

1917 2122 2181 2190 reposuit,
2219 2121 2376 2178 ﬁdem
2405 2138 2511 2185 non
2544 2123 2700 2180 facis.
2731 2122 3035 2194 Regressus
3060 2126 3189 2182 hinc
3236 2127 3292 2182 in
3323 2144 3502 2184 meam

1916 2209 2165 2265 cellulam
2215 2211 2337 2266 dedi
2389 2225 2476 2266 me
2506 2211 2573 2266 ad
2620 2213 3104 2281 introspiciendum
3149 2217 3364 2284 penitus
3409 2231 3505 2272 cor

1917 2316 2120 2366 meum,
2151 2310 2207 2356 et
2249 2303 2399 2358 nullo
2430 2304 2499 2358 ibi
2530 2303 2760 2371 vesugio
2793 2304 2918 2359 talis
2957 2320 2987 2358 a
3031 2321 3116 2360 me
3157 2307 3388 2362 consciti
3418 2323 3506 2363 re-

1918 2396 2070 2457 perto
2101 2387 2383 2455 facinoris,
2422 2389 2597 2446 factus
2633 2394 2899 2458 securior,
2949 2408 3073 2448 cum
3118 2395 3280 2450 istum
3315 2396 3504 2452 diaco-

1916 2492 2046 2532 num
2075 2478 2314 2532 viderem
2348 2486 2622 2534 tenentem
2661 2479 2883 2535 calicem
2917 2496 3077 2551 quem
3128 2484 3500 2550 ministrabat,

1909 2566 2087 2635 juravi
2115 2584 2212 2640 per
2238 2568 2387 2623 illum
2433 2571 2576 2624 haud
2603 2585 2725 2625 esse
2767 2573 2896 2627 mihi
2929 2588 3014 2628 me
3062 2578 3340 2630 conscium
3385 2579 3504 2646 ejus

1915 2660 2058 2727 quod
2112 2658 2420 2729 objectabat
2462 2660 2613 2714 facti.
2657 2658 2737 2714 Ne
2779 2669 2890 2714 tum
2931 2663 3151 2733 quidem
3196 2667 3501 2734 acquievit,

1918 2760 2098 2806 motus
2122 2766 2253 2821 ergo
2281 2760 2528 2807 revertor
2552 2751 2619 2805 ad
2656 2767 2741 2807 me
2777 2753 2972 2820 ipsum,
2999 2768 3208 2808 memor
3238 2759 3493 2827 prmcepti

1909 2840 2152 2908 jubentis
2205 2843 2545 2897 reconciliari
2609 2843 2763 2896 fratri
2817 2844 3038 2898 habenti
3083 2846 3285 2916 aliquid
3317 2849 3504 2902 adver-

1917 2946 2035 2986 sum
2075 2946 2173 2986 nos
2216 2950 2230 2986 :
2262 2932 2422 2985 aliam
2457 2932 2586 2986 inivi
2635 2934 2710 2987 rei
2738 2931 2857 3000 ejus
2890 2937 3157 2990 tentanda:
3202 2938 3496 3006 rationem,

1916 3033 2101 3093 partes
2127 3023 2320 3078 oﬂ‘ensi
2357 3032 2543 3078 contra
2578 3025 2842 3094 meipsum
2875 3041 3096 3082 sumens
3120 3031 3359 3103 ,_sicqne
3399 3045 3505 3085 tne-

230 3119 303 3183 ti);
327 3121 535 3181 ἐκεῖνα,
565 3119 661 3171 καὶ
688 3116 876 3179 ἔλαθες
917 3117 994 3178 ὡς
1026 3119 1120 3170 καὶ
1156 3118 1224 3170 τὰ
1249 3117 1469 3185 πρῶται
1514 3117 1610 3170 καὶ
1642 3118 1813 3188 ἠρξά-

1918 3130 2040 3169 cum
2086 3123 2383 3184 reputans:
2422 3113 2693 3169 Diaconus
2737 3116 2840 3170 iste
2888 3127 3035 3172 amat
3075 3135 3180 3184 me,
3223 3128 3276 3174 et
3322 3129 3498 3174 motus

236 3229 342 3281 μην
368 3211 714 3279 εὐχαριστεῖν
757 3205 834 3277 τῷ
871 3206 990 3278 Θεῷ
1014 3248 1029 3273 ,
1079 3208 1173 3261 καὶ
1220 3206 1298 3277 τῷ
1332 3207 1563 3276 διακόνῳ
1584 3248 1598 3272 ,
1630 3209 1712 3260 ὅτι
1741 3207 1808 3260 δι’

233 3303 402 3356 αὐτοῦ
423 3301 625 3371 ἠξίωσέ
661 3319 728 3370 με
751 3299 881 3362 Θεὸς
905 3299 1204 3367 ἐπιγνῶναι
1234 3300 1296 3352 τὸ
1330 3298 1553 3368 σφάλμα
1585 3317 1686 3368 μου
1717 3299 1812 3352 καὶ

237 3391 568 3460 μετανοῆσαι
616 3389 744 3458 περὶ
783 3387 970 3440 αὑτοῦ.
1006 3386 1268 3449 ’Δναστάς
1311 3383 1405 3438 οὖν
1454 3387 1511 3440 ὲν
1549 3385 1810 3449 τοιούτοις

234 3483 541 3550 λογισμοῖς,
571 3476 734 3549 ἦλθον
771 3480 1101 3548 μετανοῆσαι
1137 3476 1215 3548 τῷ
1246 3477 1498 3546 διακόνῳ,
1528 3477 1624 3528 καὶ
1648 3478 1813 3546 εὐχα-

238 3574 496 3646 ριστῆσαι
525 3574 694 3643 αὐτῷ·
722 3573 814 3626 καὶ
833 3571 1069 3642 ἔκρουσα
1099 3572 1183 3634 είς
1205 3572 1302 3640 τὴν
1334 3570 1524 3640 θύραν·
1558 3570 1656 3621 καὶ
1679 3569 1815 3622 ἀνοί-

238 3664 330 3728 ξας
362 3664 551 3735 βάλλει
597 3680 686 3733 μοι
720 3663 1010 3732 μετάνοιαν
1034 3661 1247 3731 πρῶτος
1287 3659 1478 3726 λέγων’
1518 3659 1816 3728 Συγχώρη-

239 3758 326 3809 σόν
357 3773 448 3826 μοι
474 3757 554 3808 ὅτι
580 3755 683 3806 ὑπὸ
698 3753 967 3822 δαιμόνων
997 3750 1329 3821 ἐχλευάσθην
1350 3751 1653 3820 ὑπονοήσας
1680 3750 1814 3818 περὶ

240 3844 332 3897 σοῦ
364 3845 445 3905 εἰς
473 3843 533 3894 τι
567 3843 798 3912 πρᾶγμα
860 3841 1062 3893 ἐκεῖνο·
1106 3842 1163 3891 ὲν
1191 3838 1418 3908 ἀληθείᾳ
1445 3837 1552 3907 γὰρ
1581 3837 1813 3908 ἐπληρο-

238 3933 446 4004 φόρησέ
488 3949 577 4000 μοι
621 3933 650 3984 6
686 3929 836 3995 Θεὸς,
868 3930 948 3982 ὃτι
979 3929 1078 3982 οὐκ
1106 3929 1245 3998 ἔχεις
1280 3931 1533 3999 πρᾶγμαο
1567 3929 1661 3980 καὶ
1693 3927 1816 3979 οὐδὲ

236 4023 417 4093 άφῆκέ
471 4039 538 4090 με
580 4021 992 4092 πληροφορῆσαι
1050 4020 1232 4082 αὑτὸν,
1286 4019 1480 4086 λέγων’
1531 4018 1645 4070 Οὐκ
1695 4017 1812 4070 ἔστι

237 4117 415 4186 χρεία.
459 4114 566 4180 Καὶ
600 4112 785 4179 ἔλεγεν
820 4112 848 4162 6
903 4111 1190 4181 μακάριος·
1249 4109 1381 4162 Ἰδοὺ
1419 4111 1451 4179 ἡ
1484 4109 1683 4179 γνησία
1715 4125 1812 4162 τα-

237 4207 498 4268 πείνωσις
546 4204 661 4266 πῶς
709 4202 924 4272 διέθηκε
961 4202 1056 4272 τὴν
1101 4203 1330 4272 καρδίαν
1384 4201 1480 4254 τοῦ
1525 4199 1816 4262 ποθοῦντος

238 4295 428 4364 αὐτήν.
463 4294 567 4345 Σὺν
600 4292 772 4360 τούτῳ
797 4291 853 4343 δὲ
881 4292 1155 4361 ἐμέμνητο
1188 4290 1281 4343 καὶ
1312 4289 1405 4342 τοῦ
1439 4291 1691 4361 γέροντος
1718 4287 1814 4341 τοῦ

240 4385 609 4454 κλεπτομένου
659 4382 766 4435 ὑπὸ
795 4383 888 4435 τοῦ
918 4381 1258 4449 γειτνιῶντος
1295 4380 1476 4441 αὑτὸν,
1530 4380 1613 4432 ὃτι
1660 4377 1815 4441 εἰδὼς

1919 3205 2186 3259 charitate
2216 3204 2467 3258 ﬁduciam
2496 3207 2727 3274 sumpsit
2749 3206 3056 3264 eﬂundeudi
3097 3225 3192 3264 cor
3218 3226 3374 3265 suum
3407 3228 3501 3268 ac-

1913 3295 2154 3350 cusando
2187 3297 2330 3363 quod
2364 3311 2395 3349 a
2443 3311 2527 3350 me
2563 3309 2846 3364 perperam
2889 3308 3068 3352 actum
3120 3301 3389 3368 queritur.
3443 3301 3499 3356 Si

1912 3382 2144 3448 sapiam,
2193 3382 2398 3437 cavebo
2448 3397 2515 3438 ne
2551 3383 2791 3439 ulteriori
2821 3389 3224 3454 perseverantia
3268 3394 3497 3458 negandi

1913 3470 2102 3528 on‘ensi
2135 3472 2488 3542 pertinaciam
2524 3475 2756 3530 irritem.
2803 3476 2996 3531 Vitabo
3035 3479 3084 3532 id
3125 3491 3388 3548 quantum
3442 3484 3494 3537 in

1915 3576 2002 3616 me
2029 3561 2166 3626 erit;
2194 3571 2268 3625 et,
2297 3561 2339 3615 si
2366 3564 2610 3630 possum,
2641 3563 2693 3617 in
2725 3564 2842 3631 ejus
2873 3568 3201 3620 sententiam
3233 3571 3494 3627 transibo.

1915 3649 2053 3716 Quid
2086 3651 2364 3705 enimvero
2396 3661 2601 3706 tantum
2640 3654 2833 3708 niteris
2865 3659 3172 3712 testimonio
3212 3662 3502 3716 conscien-

1917 3741 2006 3795 tiae
2050 3740 2230 3796 anima
2288 3756 2408 3795 mea
2447 3744 2645 3797 misera
2675 3781 2692 3808 ,
2741 3748 2883 3814 quod
2921 3739 3105 3815 lapsus
3149 3748 3288 3803 forte
3326 3752 3505 3818 potius

1916 3842 2000 3886 est
2048 3832 2364 3887 memoriae?
2395 3832 2679 3890 Innumcra
2710 3840 3032 3906 perpelrasti
3077 3841 3218 3894 mala
3263 3857 3499 3910 quorum

1916 3936 1976 3976 es
2015 3921 2258 3976 funditus
2301 3921 2506 3976 oblita.
2564 3922 2818 3979 Fortasse
2848 3928 2994 3981 istud
3039 3944 3254 3999 quoque
3284 3932 3499 4000 feceris,

1916 4012 2012 4067 sed
2053 4021 2104 4067 te
2150 4011 2266 4080 ejus
2308 4013 2614 4069 recordatio
2660 4015 2878 4086 fugerit.
2914 4010 2992 4073 Ae
3043 4022 3330 4089 quiescens
3374 4024 3500 4080 huic

1916 4103 2246 4173 seusuicaspi
2292 4111 2348 4157 et
2379 4103 2490 4158 Deo
2533 4114 2588 4159 et
2638 4108 2886 4162 ministro
2916 4111 3119 4179 gratias
3151 4128 3331 4183 agere,
3366 4130 3502 4183 quo-

1917 4194 2062 4248 niam
2100 4204 2231 4248 nutu
2264 4182 2427 4262 illius,
2466 4193 2628 4264 hujus
2657 4211 2840 4265 opera,
2877 4200 3023 4254 velut
3064 4182 3495 4272 supplementum

1917 4288 2278 4342 adhibebatur
2303 4287 2485 4343 oblita.
2512 4290 2968 4347 conscientize'ad
3011 4295 3225 4364 culpam
3261 4298 3498 4366 ignotam

1918 4378 2143 4432 salutari
2175 4377 2460 4432 eluendum
2504 4381 2852 4448 poenitentia.
2890 4381 3086 4438 Plenus
3113 4399 3178 4439 eo
3212 4401 3372 4441 sensu
3411 4404 3501 4442 ac-

237 4480 337 4530 ούκ
365 4475 594 4546 ἤλεγξεν
621 4474 780 4528 αὐτόν
811 4490 941 4525 ποτε
967 4488 980 4500 ·
1009 4472 1143 4525 ἀλλὰ
1172 4472 1266 4524 καὶ
1299 4470 1685 4542 περισσότερον
1710 4470 1814 4540 είρ-

1927 4470 2068 4524 cessi
2106 4471 2172 4523 ad
2211 4470 2406 4524 cellam
2435 4469 2664 4536 famuli;
2704 4479 2758 4524 at
2786 4471 2994 4538 pulsato
3036 4475 3197 4540 ostio,
3246 4491 3367 4529 cum
3411 4477 3501 4531 ille

239 4565 475 4633 γάζετο,
518 4563 611 4617 καί
657 4555 1016 4632 φησι·’Τάχα
1061 4562 1252 4630 χρείαν
1299 4559 1412 4630 ἔχει
1462 4561 1490 4611 6
1538 4559 1800 4628 ἀδελφός.

253 4655 558 4726 Ἐθαύμαζε
592 4653 661 4706 τά
692 4653 974 4722 σπλάγχνα
1006 4652 1114 4704 τῶν
1147 4651 1319 4718 ἁγίων
1361 4651 1456 4703 καὶ
1514 4650 1813 4719 διηγήσατο

241 4748 434 4815 λέγων,
463 4747 545 4799 ὅτι
576 4745 711 4797 Ποτὲ
744 4745 1032 4812 γενόμενος
1067 4745 1124 4794 ὲν
1172 4745 1237 4814 τῇ
1275 4741 1484 4794 πεδιάδι
1515 4740 1814 4812 διηγήσατὸ

247 4838 334 4909 μοί
365 4855 449 4900 τις
476 4837 585 4889 τῶν
617 4835 954 4905 ἡγουμένων,
989 4836 1069 4886 ὅτι
1105 4835 1336 4904 Ἔμενεν
1361 4828 1534 4902 ἔγγὺς
1565 4832 1660 4884 τοῦ
1695 4847 1813 4884 κοι-

244 4929 604 4998 νοϐίουήμῶν
635 4927 813 4997 γέρων
856 4943 960 4988 τις⁹
1006 4921 1072 4996 ἦν
1126 4925 1184 4978 δὲ
1219 4925 1580 4994 ἀγαθωτάτης
1613 4922 1812 4993 ψυχῆςο

243 5020 544 5091 ἑγειτνίαζε
598 5020 654 5072 δὲ
702 5018 947 5087 ἁδελφός·
996 5017 1089 5068 καὶ
1140 5018 1372 5078 ἀπόντος
1415 5015 1508 5067 τοῦ
1563 5013 1817 5083 γέροντος

245 5112 488 5182 ἐγερθεὶς
531 5113 559 5163 6
591 5110 816 5178 ἀδελφὸς
861 5109 1038 5180 ἤνοιξε
1097 5109 1192 5179 τὴν
1222 5109 1416 5161 κέλλαν
1467 5103 1633 5159 αὑτοῦ
1661 5146 1675 5168 ,
1721 5105 1816 5158 καὶ

245 5204 497 5257 εἰσελθὼν
543 5201 699 5255 ἔλαϐε
726 5202 796 5254 τὰ
844 5201 1011 5270 σκεύη
1057 5199 1222 5254 αὑτοῦ
1263 5200 1356 5251 καὶ
1382 5190 1450 5251 τά
1483 5197 1684 5267 βιϐλία.
1729 5196 1818 5257 Ὧς

243 5292 333 5349 οὖν
359 5292 523 5365 ἦλθεν
547 5296 576 5344 6
611 5293 786 5362 γέρων
817 5292 1027 5356 ἀνοίξας
1056 5291 1117 5343 τὸ
1150 5290 1375 5354 κελλίον,
1405 5291 1500 5342 καὶ
1534 5288 1607 5360 μὴ
1640 5285 1817 5358 εὑρὼν

244 5391 309 5442 τά
341 5389 510 5456 σκεύη
544 5387 734 5446 αὐτοῦ,
775 5382 905 5457 ἦλθε
938 5388 1074 5458 πρὸς
1117 5388 1206 5440 τὸν
1244 5386 1470 5454 ἀδελφὸν
1499 5383 1818 5452 ἀναγγεῖλαι

246 5481 412 5551 αὐτῷ’
449 5475 608 5550 εὗρεν
637 5479 819 5548 ἀκμὴν
844 5477 936 5532 οὖν
966 5478 1033 5530 τὰ
1063 5479 1228 5547 σκεύη
1263 5476 1426 5529 αὑτοῦ
1450 5481 1504 5528 ὲν
1535 5477 1610 5544 τῷ
1645 5475 1813 5543 μέσῳσ

245 5569 528 5639 οὓπωγὰρ
566 5565 633 5638 ἦν
686 5570 713 5621 6
760 5568 985 5636 ἁδελφὸς
1034 5569 1318 5629 συστείλας
1369 5566 1543 5619 αὑτά·
1592 5567 1685 5617 καὶ
1741 5565 1817 5634 μὴ

248 5661 414 5714 θέλων
469 5662 497 5712 6
536 5659 713 5729 γέρων
766 5655 1123 5725 καταισχῦναι
1171 5657 1331 5709 αὑτὸν
1382 5657 1516 5724 μηδὲ
1565 5653 1816 5722 ἐλέγξαι,

246 5751 684 5824 προσεποιήσατο
738 5751 820 5803 ὃτι
879 5749 1059 5812 ἔνυξεν
1108 5747 1296 5808 ἑαυτὸν
1354 5749 1386 5817 ὴ
1436 5746 1666 5816 γαστήρ·
1723 5745 1817 5798 καὶ

1926 4561 2231 4629 aperuisset
2260 4600 2275 4626 ,
2311 4560 2460 4631 prior
2487 4563 2781 4630 prostravit
2815 4579 2875 4618 se
2899 4577 3081 4619 coram
3114 4581 3198 4621 me
3227 4567 3498 4635 pteniten-

1915 4649 2045 4702 tiam
2074 4649 2374 4718 postulans,
2400 4655 2455 4703 et
2481 4649 2666 4705 dicens
2695 4670 2709 4705 :
2748 4649 2971 4720 Ignosce
3001 4654 3155 4718 mihi,
3187 4657 3440 4723 quoniam
3468 4673 3498 4712 a

1914 4738 2254 4793 daemonibus
2286 4737 2475 4793 illusus
2504 4753 2622 4791 sum
2662 4739 2803 4793 male
2833 4740 3116 4808 suspicans
3142 4741 3208 4794 de
3234 4751 3305 4795 te.
3333 4741 3499 4800 Plane

1917 4828 2211 4897 siquidem,
2259 4827 2601 4884 illuminatus
2624 4829 2735 4897 jam
2785 4845 2816 4884 a
2861 4831 2990 4897 Deo,
3027 4843 3364 4901 perspectam
3403 4833 3499 4888 ha-

1915 4919 2020 4973 beo
2061 4919 2431 4973 innoceutiam
2468 4919 2614 4974 circa
2661 4920 2765 4974 hoc
2810 4930 2978 4974 tuam.
3013 4921 3104 4976 Sic
3141 4923 3232 4976 ille
3285 4938 3372 4978 me
3397 4939 3500 4979 vo-

1917 5009 2123 5065 lentem
2187 5025 2476 5077 excusare,
2525 5021 2684 5082 prout
2733 5021 2956 5082 paratus
3012 5028 3268 5069 veneram
3319 5017 3501 5072 renuit

1919 5102 2128 5166 audire,
2158 5103 2314 5157 aiens
2341 5117 2477 5173 opus
2502 5118 2607 5159 non
2638 5118 2778 5160 esse.
2809 5103 2988 5173 Super
3016 5104 3103 5158 his
3131 5106 3499 5174 pronuntians

1918 5193 2113 5248 beatus
2157 5193 2404 5249 Zosimas
2439 5193 2618 5250 dixit:
2647 5194 2723 5249 Eu
2762 5208 3043 5264 quousque
3093 5193 3326 5263 perpulit
3371 5178 3497 5249 νοτε

1920 5286 2198 5340 humilitas
2245 5300 2340 5340 cor
2381 5285 2741 5340 desiderantis
2784 5286 2980 5354 ipsam.
3019 5284 3150 5338 Cum
3199 5283 3303 5338 hoc
3345 5298 3495 5339 men-

1921 5377 2128 5432 tionem
2175 5378 2460 5446 conjunxit
2501 5377 2649 5432 senis
2690 5378 2962 5446 compilati
3018 5391 3048 5430 a
3101 5375 3324 5442 vicino,
3385 5375 3500 5444 ipso

1919 5471 2155 5536 sciente,
2188 5479 2242 5523 et
2283 5484 2388 5523 non
2436 5469 2594 5525 modo
2622 5484 2729 5524 non
2768 5477 3034 5539 querente
3061 5475 3154 5522 aut
3183 5477 3498 5531 accusante,

1921 5561 2016 5616 sed
2058 5571 2113 5615 et
2160 5563 2404 5628 impense
2450 5559 2666 5615 favente
2710 5577 2775 5616 ac
2825 5558 3197 5616 benefaciente
3242 5573 3340 5613 suo
3395 5557 3502 5613 sibi

1923 5649 2209 5705 notissimo
2235 5647 2523 5716 expilatori
2552 5665 2567 5714 ;
2598 5663 2664 5703 eo
2683 5650 2825 5719 quod
2863 5649 3038 5717 ipsum
3068 5661 3333 5702 excusans
3359 5646 3502 5713 apud

1922 5757 1980 5798 se
2019 5737 2385 5812 persuasisset
2412 5739 2538 5808 sibi,
2575 5741 2714 5796 citra
2758 5739 2970 5809 culpam
3019 5739 3071 5794 id
3102 5739 3169 5793 ab
3201 5752 3267 5793 eo
3292 5736 3499 5792 factum
