4010 6462
564 432 697 498 1699

1672 424 1963 487 ΖΟΞΙΜᾸΞ
1990 420 2301 481 ABBATiS
2339 418 2726 490 ALLOQUIA.

3796 68 3821 85 τ
3834 70 3839 75 .

3633 406 3781 473 1700

560 546 747 598 ultima
774 542 981 597 scilicet
1014 540 1080 592 ad
1123 538 1171 591 id
1207 536 1451 606 adigente
1481 533 1906 587 necessariorum
1934 529 1997 583 ad
2032 529 2104 581 vi-

2214 526 2459 579 ἀπελθὼν
2499 526 2707 597 ἔμεινεν
2743 526 2817 586 εἰς
2852 523 2917 578 τὰ
2946 524 3217 592 ἀναγκαῖα
3251 522 3437 590 ἱκανὴν
3466 520 3637 591 ὥραν,
3667 519 3774 581 ἕως

562 643 669 685 tam
712 638 964 697 egestate.
1016 627 1069 681 ln
1110 642 1213 695 quo
1264 624 1534 677 admirans
1578 620 1818 675 Zosimas
1867 616 2109 685 exempla

558 730 677 783 qua:
705 714 877 766 sancti
916 712 1189 766 dedissent
1217 709 1490 765 visceralis
1540 709 1591 760 in
1625 721 1973 775 quoscunque
2011 704 2111 757 mi-

558 802 879 865 sericordiae,
910 816 1133 854 narrans
1152 801 1418 854 referebat
1445 800 1494 851 iu
1523 798 1666 851 hunc
1697 798 1907 849 modum
1934 812 1947 849 :
1978 794 2109 849 Cum

557 907 729 946 essem
785 894 834 945 iu
885 884 1278 958 campestribus
1336 891 1573 943 narravit
1629 890 1757 941 ntibi
1807 887 2022 956 quidam
2080 902 2112 940 ο

557 984 876 1052 praepositis,
913 984 1186 1036 habitasse
1238 996 1400 1049 prope
1458 981 1761 1035 cmuobium
1814 979 1982 1046 ipsius
2020 992 2110 1033 se-

557 1086 679 1125 nem
726 1073 1012 1140 quemdam
1062 1070 1458 1139 benignissima:
1506 1062 1737 1123 animae:
1773 1070 1858 1121 cui
1902 1068 2110 1121 vicinus

559 1161 785 1228 degebat
811 1161 950 1215 alius
985 1159 1170 1213 frater.
1212 1158 1308 1212 llic
1340 1160 1625 1237 instinctus
1652 1172 1680 1210 a
1715 1157 1853 1209 malo
1894 1156 2107 1225 spiritu,

555 1232 767 1317 captato
801 1262 1057 1319 tempore,
1085 1266 1205 1305 cum
1254 1232 1504 1305 aberatia
1546 1251 1677 1303 cella
1712 1263 1893 1309 senex,
1935 1248 2105 1315 ipsam

554 1339 829 1407 ingressus
877 1352 1068 1394 cuncta
1123 1339 1240 1409 ejus
1294 1355 1416 1392 vasa
1462 1352 1514 1392 et
1570 1338 1733 1391 libros
1782 1336 2105 1406 cxportavit.

557 1429 821 1483 Reversus
871 1431 1041 1484 bonus
1076 1444 1262 1494 senex,
1297 1439 1348 1483 et
1385 1430 1656 1482 admirans
1699 1442 1814 1480 eam
1856 1426 2107 1480 exinani-

557 1531 686 1585 tam,
731 1522 968 1575 cucurrit
1008 1520 1073 1573 ad
1131 1520 1386 1591 vicinum,
1439 1534 1548 1572 rem
1608 1518 1679 1571 illi
1727 1532 1825 1587 pro
1869 1517 2106 1571 amicitia

554 1610 1600 1679 eonimunieaturus.Atecceingrediens
1638 1610 1781 1662 videt
1832 1609 1881 1661 in
1930 1610 2103 1662 medio

555 1718 641 1756 res
690 1718 834 1766 suas,
884 1705 1117 1756 nondum
1152 1703 1294 1755 enim
1331 1703 1447 1755 illas
1476 1701 1575 1757 fur
1603 1710 1846 1768 potuerat
1881 1702 1931 1753 in
1981 1715 2108 1768 apo-

554 1792 738 1846 thecas
781 1793 1103 1853 recondere;
1138 1801 1297 1859 atque
1344 1790 1476 1844 adeo
1513 1790 1564 1843 in
1614 1790 1715 1843 hoc
1747 1788 1863 1856 ipso
1903 1788 2109 1843 labora-

2211 608 2272 668 οὗ
2313 614 2562 686 συστείλῃ
2597 615 2625 665 6
2657 612 2876 679 ἀδελφὸς
2920 614 2984 665 ἐκ
3014 614 3105 665 τοῦ
3153 612 3313 682 μέσον
3346 611 3414 662 τὰ
3454 609 3644 677 σκεύη·
3678 605 3774 660 καὶ

2210 704 2383 757 ἐλθὼν
2407 706 2433 757 6
2458 704 2632 772 γέρων
2655 702 2853 771 ἤρξατο
2881 701 3061 755 λαλεῖν
3091 700 3239 769 αὐτῷ
3264 702 3390 769 περὶ
3414 699 3574 751 ἄλλον
3603 698 3778 767 πράγ-

2215 810 2400 867 ματος
2443 796 2569 863 περὶ
2609 794 2662 845 δὲ
2696 791 2801 843 τῶν
2832 793 3041 843 σκευῶν
3072 792 3168 844 οὐκ
3201 772 3445 859 ἤλεγξεν.
3470 786 3606 840 Μεθ’
3638 789 3776 853 ἠμε-

2213 904 2313 958 ρας
2337 886 2390 938 δὲ
2418 885 2824 955 ἐγνωρίσθησαν
2853 883 2920 936 τὰ
2957 884 3121 951 σκεύη
3149 883 3241 934 τοῦ
3263 884 3532 952 γέροντος,
3563 879 3658 931 καὶ
3684 878 3778 929 λα·-

2211 979 2394 1040 6όντες
2421 977 2563 1039 τινὲς
2591 977 2751 1029 αὑτὸν
2783 976 2967 1029 ἔϐαλον
3008 978 3085 1036 εἰς
3118 974 3220 1042 τὴν
3246 973 3515 1042 φυλακὴν,
3557 970 3653 1023 τοῦ
3685 968 3778 1036 γέο

2213 1084 2395 1137 ροντος
2429 1068 2500 1135 μὴ
2542 1065 2821 1135 μαθόντος.
2863 1064 3123 1125 ’Λκούςας
3158 1063 3214 1114 δὲ
3258 1063 3383 1132 περὶ
3418 1060 3511 1112 τοῦ
3544 1057 3777 1124 ἁδελφοῦ

2210 1158 2290 1209 ὅτι
2330 1159 2386 1219 ἐς
2427 1156 2669 1224 φυλακήν
2696 1158 2859 1219 ἐστιν,
2893 1157 2989 1207 οὐκ
3010 1154 3123 1225 ᾔδει
3167 1154 3265 1223 τὴν
3304 1152 3483 1203 αἰτίαν
3516 1150 3582 1201 δι’
3613 1150 3680 1218 ἢν
3708 1145 3779 1219 ἦν

2211 1252 2287 1312 ei;
2310 1250 2406 1319 τὴν
2428 1249 2689 1317 φυλακήν·
2716 1248 2827 1299 ἁλλ’
2851 1246 3018 1299 ἐλθὼν
3041 1245 3204 1314 φησὶν
3225 1248 3252 1297 6
3279 1242 3579 1311 ἡγούμενος
3644 1242 3779 1308 πρός

2214 1356 2279 1408 με
2309 1338 2674 1409 (ἐπνκνὰζετο
2697 1341 2804 1409 γὰρ
2832 1340 2963 1410 πρδλς
2988 1339 3131 1406 ἡμᾶς
3152 1338 3189 1404 ),
3218 1335 3363 1403 λέγει
3392 1346 3503 1403 μοι’
3542 1333 3778 1397 Ποίησον

2211 1429 2447 1496 ἀγάπην·
2493 1427 2583 1488 δός
2634 1444 2722 1495 μοι
2757 1429 2911 1495 ὀλίγα
2949 1426 3028 1477 ὠά
3059 1426 3150 1476 καὶ
3193 1424 3346 1488 ὀλίγα.
3395 1420 3632 1487 καθαρά.
3669 1417 3783 1469 Καὶ

2208 1517 2350 1585 λέγω
2382 1517 2547 1587 αὐτῷ·
2582 1518 2803 1579 Πάντως
2833 1517 2973 1586 ἔχεις
3000 1515 3115 1567 τινὰ
3148 1515 3416 1582 σήμερον;
3452 1511 3616 1576 Λέγει
3650 1526 3739 1577 μοι
3760 1524 3775 1538 ·

2208 1611 2334 1663 Ναί·
2362 1606 2427 1679 ἦν
2458 1609 2510 1661 δὲ
2545 1608 2721 1661 λαϐὼν
2759 1610 2895 1661 αὐτὰ
2941 1610 2967 1660 6
3011 1608 3187 1677 γέρων
3227 1605 3312 1656 ἵνα
3345 1602 3510 1654 ἐλθὼν
3554 1603 3634 1660 εἰς
3681 1600 3783 1667 τὴν

2209 1702 2473 1771 φυλακὴν,
2525 1703 2728 1771 ποιήσῃ
2762 1700 3106 1773 παράκλησιν
3149 1697 3226 1766 τῷ
3270 1693 3503 1763 ἀδ;λ;ρῴ.
3564 1694 3652 1753 Ὠς
3688 1690 3783 1744 οὖν

2206 1793 2451 1863 εἰσῆλθεν
2478 1796 2554 1853 εἰς
2582 1793 2676 1862 τὴν
2697 1792 2964 1863 φυλακὴν,
2996 1791 3187 1844 πίπτει
3216 1793 3244 1843 6
3273 1790 3496 1857 ἀδελφος
3533 1791 3613 1851 et;
3649 1790 3780 1847 τοὺς

548 1878 660 1934 bat.
709 1880 917 1935 Veritus
960 1881 1194 1935 clemens
1247 1895 1408 1934 senex
1453 1895 1574 1934 eum
1624 1880 1824 1947 pudore
1868 1879 2100 1943 allicere,

2208 1883 2373 1947 πόδας
2408 1884 2572 1937 αὑτοῦ
2601 1886 2690 1937 καὶ
2722 1885 2863 1951 λέγει
2890 1883 3056 1953 αὐτῷ*
3086 1886 3182 1935 Δια
3215 1883 3273 1935 σέ
3308 1884 3421 1950 ειμι
3449 1875 3572 1943 ὦδε,
3609 1878 3777 1931 666:1-

553 1969 705 2023 ﬁnxit
737 1971 949 2040 egregie
977 1969 1326 2024 dissimulans
1370 1971 1529 2038 pungi
1580 1970 1849 2024 desiderio
1892 1967 2101 2022 levandi

550 2063 773 2125 ventris,
814 2071 863 2115 et
911 2061 1080 2114 locum
1109 2061 1155 2114 ei
1199 2062 1273 2115 rei
1307 2061 1595 2128 sepositum
1643 2062 1938 2129 ingressus,
1982 2068 2103 2113 tan-

550 2152 638 2203 diu
674 2150 781 2206 illic
801 2152 954 2205 haesit
988 2152 1159 2220 quoad
1196 2151 1363 2205 sensit
1388 2148 1588 2227 furtum
1616 2165 1775 2205 omne
1794 2150 1904 2219 jam
1932 2166 1960 2204 a
1993 2150 2104 2205 fra-

538 2245 631 2293 Itre
657 2237 823 2293 fuisse
858 2239 910 2293 in
938 2241 1169 2294 latebras
1211 2241 1507 2294 conditum.
1538 2238 1690 2294 Tunc
1733 2256 1983 2296 reversus
2016 2256 2104 2296 se-

547 2342 651 2382 nex
683 2330 747 2382 de
781 2328 887 2382 alio
929 2329 1139 2396 negotio
1176 2329 1333 2383 solita
1374 2327 1742 2384 familiaritate
1780 2344 1901 2384 cum
1929 2330 2105 2385 vicino

548 2419 679 2486 egit.
720 2416 832 2472 Non
876 2418 1023 2472 multi
1071 2420 1193 2473 inde
1240 2419 1354 2474 dies
1382 2417 1852 2484 ellluxerant,cum
1884 2421 1951 2474 ab
1984 2420 2103 2477 aliis

549 2507 775 2575 aliisque
799 2508 943 2561 clare
988 2508 1165 2578 agnita
1194 2510 1244 2561 iu
1284 2510 1441 2562 vicini
1483 2508 1613 2564 cella
1650 2511 1795 2564 senis
1823 2525 1945 2565 vasa
1990 2526 2096 2565 mo.

549 2599 739 2643 verunt
789 2594 1044 2659 quosdam
1109 2594 1473 2663 indignatione
1512 2596 1806 2665 justissima
1867 2598 1932 2651 ad
1978 2612 2098 2651 sce-

547 2677 629 2732 lus
657 2680 993 2734 indicandum
1020 2681 1222 2749 judici;
1257 2685 1346 2753 qui
1384 2684 1555 2752 furem
1587 2687 1924 2740 titanifestum
1956 2705 2103 2743 com-

546 2770 800 2836 prehendi
850 2786 913 2824 ac
953 2770 1126 2826 claudi
1159 2790 1377 2828 carcere
1426 2776 1657 2841 curavit,
1704 2793 1833 2831 sene
1882 2794 2101 2847 proi-sus

547 2859 734 2913 inscio.
771 2860 947 2914 Faune
991 2874 1165 2915 autem
1203 2864 1401 2919 indicio
1446 2866 1677 2934 vulgaris
1721 2870 1942 2921 audiens
1980 2870 2102 2922 atti—

2209 1973 2320 2043 ὲγὼ
2351 1974 2459 2045 γάρ
2492 1978 2608 2046 εἰμι
2632 1978 2660 2028 6
2704 1977 2906 2045 κλέψας
2937 1977 3001 2027 τὰ
3048 1974 3215 2045 σκεύη
3264 1990 3377 2026 σου*
3415 1973 3529 2026 ἀλλ’
3573 1971 3685 2025 ἰδοὺ
3719 1970 3783 2024 τὸ

2213 2065 2416 2136 βιϐλίον
2442 2084 2533 2119 σου
2561 2068 2712 2137 παρὰ
2734 2067 2865 2137 τῴδέ
2900 2070 3033 2129 ἐστι,
3072 2071 3166 2119 κκὶ
3189 2068 3248 2118 τὸ
3274 2066 3482 2135 ἱμάτιόν
3509 2082 3602 2117 σου
3630 2063 3783 2131 παρὰ

2212 2153 2367 2223 τῷδε.
2394 2156 2553 2221 Λέγει
2578 2154 2728 2225 αὐτῷ
2759 2157 2785 2207 6
2807 2158 3005 2225 γέρων·
3041 2156 3484 2227 Πληροφορηθείη
3518 2157 3549 2224 ὴ
3582 2155 3783 2222 καρδία

2213 2260 2327 2309 σου,
2352 2246 2557 2309 τέκνον,
2589 2246 2648 2298 οὐ
2683 2245 2769 2299 διὰ
2797 2246 2953 2299 τοῦτο
2974 2247 3237 2315 εἰσῆλθον.
3272 2247 3378 2299 οὐδ’
3412 2247 3545 2308 ὅλως
3576 2245 3781 2313 ἔμαθον

2201 2334 2283 2387 ὅτι
2309 2336 2377 2388 δι’
2413 2336 2511 2406 ἐμὲ
2538 2332 2659 2399 ὦδε,
2698 2336 2811 2389 ἀλλ’
2838 2337 3071 2401 ἀκούσας
3108 2337 3190 2390 ὅτι
3220 2333 3320 2391 ὦδε
3358 2331 3427 2398 εἴ,
3478 2337 3571 2388 καὶ
3614 2336 3785 2405 λυπη-

2200 2423 2337 2485 θεὶς,
2371 2423 2621 2493 εἰσῆλθον
2646 2425 2865 2494 ποιῆσαί
2890 2420 2981 2478 ’σοι
3016 2426 3378 2496 παράκλησιν·
3417 2425 3513 2479 καὶ
3541 2424 3650 2477 ἰδοὺ
3676 2418 3781 2477 ὧδε

2199 2513 2270 2566 τὰ
2304 2513 2387 2567 tbi
2417 2515 2509 2567 καὶ
2556 2515 2623 2567 τὰ
2666 2515 2900 2585 καθαρά’
2946 2516 3038 2567 νῦν
3085 2515 3179 2569 οὖν
3229 2517 3405 2569 πάντα
3435 2516 3645 2584 ποιήσω
3675 2514 3782 2576 ἕως

2202 2597 2265 2657 οὗ
2293 2604 2507 2658 ἐκϐάλω
2554 2622 2612 2657 σε
2657 2607 2721 2658 ὲκ
2757 2608 2855 2674 τῆς
2879 2608 3141 2676 φυλακῆς.
3194 2607 3303 2658 Καὶ
3358 2605 3607 2659 ἀπελθὼν
3640 2621 3784 2673 παρ-

2220 2694 2445 2747 εκάλεσέ
2486 2713 2634 2759 τινας
2663 2696 2769 2749 τῶν
2798 2697 3067 2766 μεγάλων·
3094 2693 3160 2767 ἦν
3189 2698 3293 2767 γὰρ
3329 2698 3566 2764 γνωστὸς
3597 2699 3783 2761 αὐτοῖς

2205 2784 2289 2835 διὰ
2312 2784 2408 2855 τὴν
2430 2786 2628 2856 ἀρετὴν
2654 2788 2838 2840 αὐτοῦ’
2866 2788 2962 2841 καὶ
2988 2788 3297 2857 πέμψαντες
3323 2788 3575 2853 ἐξέϐαλον
3607 2788 3770 2841 αὑτὸν

2209 2875 2243 2925 ἀ
2254 2874 2316 2925 πὸ
2345 2875 2445 2942 τῆς
2475 2875 2740 2944 φυλακῆς.

548 2952 661 3003 neri
708 2955 949 3007 custodia
1032 2955 1290 3019 fratrem,
1337 2959 1403 3011 ob
1450 2974 1671 3013 causam
1716 2962 1951 3028 ignotam
2007 2963 2145 3032 sibi,
2185 2969 2331 3020 venit
2369 2971 2431 3021 ad
2505 2983 2813 3025 narrantem
2861 2972 2973 3026 haec
3017 2973 3127 3040 ipsa
3179 2973 3411 3024 cu‘uobii
3462 2970 3780 3039 pra-fectum

547 3048 760 3113 quicum
806 3051 1099 3116 provicinia
1146 3065 1299 3105 usum
1355 3055 1578 3107 multum
1632 3056 1863 3109 habebat
1940 3062 2145 3115 crebrae
2184 3065 2589 3129 ventitalionis,
2638 3075 2693 3118 et
2741 3068 2875 3120 dixit
2924 3087 2936 3121 :
2990 3066 3097 3121 Fac
3151 3068 3508 3129 charitstem,
3580 3067 3777 3127 Pater;

544 3140 819 3189 Cunttltoda
878 3139 1008 3192 mihi
1057 3154 1152 3191 uva
1213 3154 1379 3207 pauca
1423 3153 1471 3195 et
1516 3144 1753 3197 cathara.
1810 3143 2075 3215 Respondi
2142 3165 2240 3218 ego
2301 3153 2533 3220 (dicebat
2587 3157 2957 3210 cteuobiarcba
3003 3173 3220 3211 narrare
3278 3158 3782 3227 pergens):UalIc8

547 3241 737 3292 nempe
760 3231 1041 3294 quemdam
1068 3229 1226 3282 bodie
1254 3232 1391 3299 apud
1413 3232 1497 3285 te?
1520 3233 1612 3284 Sic
1644 3245 1747 3299 est,
1775 3235 1871 3296 ait,
1906 3247 1960 3290 et
2012 3254 2104 3306 qua

2208 3242 2419 3295 oscebat
2453 3243 2707 3299 auferens
2773 3246 2901 3299 abiit
2941 3248 3004 3300 ad
3050 3262 3319 3301 cari-orem
3351 3259 3491 3301 ret-ta
3525 3253 3781 3303 consola-

549 3323 701 3389 turus
739 3318 956 3370 fratrem
986 3333 1050 3371 eo
1089 3321 1382 3373 detentum.
1458 3320 1705 3391 ingresso
1745 3323 1871 3378 illuc
1929 3341 2013 3391 eo,
2055 3332 2283 3396 procidit
2347 3333 2432 3385 fur
2471 3337 2535 3387 ad
2568 3332 2681 3400 ejus
2726 3339 2907 3403 pedes,
2973 3339 3123 3392 aiens
3170 3341 3289 3408 ipsi.
3323 3340 3548 3409 Proiiter
3589 3352 3642 3396 te
3689 3344 3781 3395 hic.

556 3425 699 3478 sum,
737 3413 895 3478 abba,
920 3414 987 3466 ob
1025 3412 1221 3465 furtutn
1254 3427 1281 3465 a
1314 3429 1397 3467 me
1431 3414 1626 3469 factum
1656 3434 1833 3471 rerum
1870 3429 2103 3473 tuarum.
2149 3422 2342 3477 Verum
2412 3436 2467 3480 ut
2490 3444 2581 3481 eas
2614 3430 2787 3495 posais
2850 3446 3184 3498 recuperare,
3218 3448 3282 3488 en
3318 3432 3453 3487 liber
3488 3445 3610 3489 tuus
3634 3436 3778 3501 apud

546 3504 693 3558 illum
725 3516 827 3571 est,
858 3508 1021 3559 vestis
1050 3507 1188 3573 apud
1222 3503 1411 3571 alium,
1443 3522 1578 3575 quos
1644 3510 1974 3564 nominabat.
2022 3511 2143 3566 lirec
2213 3513 2514 3582 loquentem
2571 3517 2927 3585 interpellavit
2966 3536 3150 3586 senex,
3196 3524 3426 3579 dicens:
3468 3525 3781 3583 l’ersnasis-

547 3598 742 3651 simum
790 3600 1002 3664 habeto,
1037 3600 1129 3661 fili,
1162 3619 1246 3656 me
1277 3602 1414 3656 haud
1445 3617 1507 3656 ea
1555 3616 1715 3655 causa
1792 3604 1895 3657 huc
1939 3605 2235 3675 ingressum
2266 3625 2279 3661 :
2352 3624 2448 3663 nec
2482 3626 2703 3679 prorsus
2740 3617 2984 3681 scirisse,
3067 3630 3117 3673 te
3176 3622 3244 3674 ob
3287 3636 3373 3675 res
3402 3636 3547 3674 meas
3579 3625 3783 3693 compi-

547 3688 686 3743 lalas
715 3691 799 3743 hic
834 3692 1022 3746 teneri.
1064 3692 1196 3747 Veni
1231 3708 1409 3747 autem
1471 3704 1527 3746 ut
1558 3694 1868 3749 consolarer
1895 3704 1946 3748 te
1982 3696 2034 3749 in
2098 3697 2384 3755 afﬂictione
2419 3713 2529 3756 tua.
2599 3706 2775 3771 Quare
2810 3709 2911 3763 hoc
2983 3710 3075 3763 tibi
3122 3728 3150 3765 a
3196 3727 3279 3766 me
3318 3713 3453 3765 habe
3487 3688 3783 3771 munimen-

546 3778 677 3842 lum,
718 3796 816 3834 ova
853 3791 905 3834 et
956 3784 1211 3848 cathara;
1263 3787 1327 3838 de
1370 3797 1565 3839 caetero
1613 3782 1827 3840 omniain
1877 3790 2102 3843 movebo
2142 3790 2368 3857 lapidein
2405 3810 2512 3863 quo
2540 3805 2590 3850 te
2622 3798 2748 3853 hinc
2815 3801 3111 3854 extraham.
3154 3803 3246 3857 llis
3303 3806 3481 3870 dictis,
3510 3807 3642 3869 adﬁt
3677 3822 3786 3875 pr.-

548 3882 719 3927 mates
750 3874 889 3927 illius
914 3877 1166 3943 regionis,
1195 3878 1330 3945 apud
1370 3892 1505 3945 quos
1540 3878 1701 3931 multa
1726 3880 1934 3933 valebat
1971 3885 2160 3950 gratia,
2194 3888 2385 3940 merito
2449 3886 2614 3955 ipsius
2677 3894 2886 3948 cunctis
2958 3895 3250 3949 notissimae
3312 3898 3541 3951 virtutis.
3596 3874 3784 3969 itaque

548 3967 616 4020 ab
646 3967 729 4020 his
768 3968 921 4022 facile
950 3970 1199 4032 obtinuit.
1255 3981 1310 4025 ut
1351 3972 1528 4026 missis
1568 3987 1795 4039 propere
1844 3976 2103 4030 ministris
2144 3979 2365 4034 fratrem
2398 3982 2627 4037 vinculis
2655 3987 2887 4039 solutum
2914 4001 2944 4041 e
2967 3990 3207 4043 custodia
3234 3990 3562 4046 emitterent.

629 4056 771 4115 XIV.
812 4059 914 4110 Alii
946 4062 1012 4112 de
1061 4062 1161 4114 hoc
1211 4063 1396 4115 eodem
1439 4078 1565 4117 sene
1606 4062 1746 4117 aliud
1797 4070 2106 4121 narrabant.
2138 4079 2180 4135 ο

547 4146 749 4216 Nempe
774 4148 944 4216 ipsum
972 4149 1268 4217 profectum
1298 4153 1589 4219 aliquando
1616 4153 1680 4206 ad
1718 4165 2010 4209 mercatum
2046 4166 2104 4212 ut

546 4240 762 4309 pallium
805 4253 1027 4305 emeret,
1070 4258 1165 4311 pro
1209 4245 1364 4297 modo
1408 4246 1547 4313 pacti
1598 4245 1754 4312 pretii
1798 4262 1961 4300 unum
2004 4263 2101 4300 au-

548 4345 696 4384 reum
718 4332 958 4384 vendenti
984 4320 1340 4400 expendisse:
1368 4336 1488 4401 quia
1514 4350 1660 4397 vero,
1686 4335 1752 4388 ad
1777 4338 2097 4405 explendum

549 4423 690 4489 quod
718 4434 995 4487 supererat
1022 4425 1353 4489 ratiunculae,
1376 4441 1508 4493 opus
1536 4439 1652 4482 erat
1681 4429 1858 4498 aliquo
1880 4444 2103 4485 numero

550 4512 785 4576 pecunim
813 4512 1048 4577 minuta‘,
1081 4514 1348 4567 assedisse
1376 4517 1518 4568 illum
1539 4519 1603 4569 ad
1633 4522 1945 4573 mercatoris
1973 4521 2100 4573 aba-

547 4614 694 4663 cum,
734 4600 1005 4666 Suppositn
1040 4602 1138 4653 sibi
1181 4602 1337 4669 pallio
1374 4605 1484 4671 jam
1526 4618 1725 4675 empto,
1766 4620 1818 4661 et
1855 4610 1932 4663 sic
1980 4626 2099 4663 cru-

548 4700 703 4739 mena
738 4688 970 4740 resoluta
1009 4690 1194 4744 obolos
1228 4700 1276 4745 et
1310 4694 1631 4760 quadrantes
1657 4696 1929 4751 eduxisse.
1966 4699 2096 4752 Dum

549 4776 602 4828 in
636 4792 700 4830 eo
746 4789 847 4842 est,
882 4779 1015 4832 forte
1049 4796 1339 4835 conversus
1385 4785 1522 4839 videt
1553 4802 1580 4838 a
1630 4797 1778 4857 tergo
1816 4790 1883 4843 se'
1916 4792 2101 4843 admo-

548 4878 758 4921 ventem
820 4869 1082 4923 hominem
1137 4872 1223 4938 qui
1275 4874 1557 4927 videbatur
1603 4864 1862 4945 ailjei-isse
1915 4880 2098 4933 oculos

547 4958 851 5023 cupiditatis
874 4962 937 5010 ad
964 4961 1201 5026 pallium,
1229 4978 1370 5025 mox,
1394 4974 1450 5016 ιιι
1480 4967 2098 5033 appareb:it,conaturus

546 5046 721 5114 ipsum
747 5052 1082 5103 subtrahere.
1119 5050 1294 5105 Subiit
1334 5055 1567 5106 animum
1613 5059 1755 5111 senis
1793 5059 2100 5112 misericor-

544 5139 629 5191 dis
667 5141 1047 5209 benigniSsima
1089 5146 1363 5210 cogitatio,
1400 5144 1580 5215 Forte,
1630 5164 1809 5203 secum
1845 5152 2091 5217 dicentis,

545 5230 632 5283 hic
678 5231 842 5284 miser
867 5232 984 5298 plus
1024 5246 1140 5302 erret
1179 5234 1337 5302 pallio
1380 5250 1537 5303 quam
1589 5254 1717 5306 ego;
1764 5241 1880 5293 sine
1923 5247 2093 5311 Ipsum

545 5322 646 5374 sibi
678 5323 976 5376 consulere.
1010 5326 1083 5376 Ac
1122 5326 1218 5377 hoc
1244 5328 1382 5392 apud
1413 5342 1468 5378 se
1503 5336 1730 5394 statuto,
1768 5335 2011 5385 extendit
2037 5348 2095 5388 se

2285 4071 2382 4126 LV.
2425 4074 2714 4141 Διηγοῦντο
2734 4076 2788 4126 δὲ
2819 4077 2976 4129 πάλιν
3009 4078 3136 4148 περὶ
3162 4078 3252 4131 τοῦ
3284 4078 3533 4149 γέροντος
3563 4081 3782 4150 τούτου,

2210 4160 2291 4213 ὅτι
2346 4162 2666 4227 ἀπελθόντος
2718 4167 2847 4218 ποτὲ
2881 4170 2957 4230 εἰς
3008 4169 3210 4238 ἀγορὰν
3242 4171 3508 4239 ἀγοράσαι
3545 4173 3783 4241 ἱμάτιον,

2208 4253 2466 4321 ἠγόρασε*
2503 4254 2596 4307 καὶ
2632 4254 2755 4319 δοὺς
2782 4258 2842 4309 τὺ
2881 4256 2937 4309 ἓν
2966 4262 3208 4329 χρυσίον,
3251 4261 3434 4314 ἔλιπεν
3465 4264 3613 4334 αὐτῷ
3646 4267 3783 4317 ἀνα.-

2211 4342 2497 4411 πληρῶσαι
2541 4348 2753 4416 νουμξα.
2804 4350 2909 4400 Καὶ
2954 4348 3129 4402 λαῦὼν
3180 4353 3240 4404 τὸ
3286 4354 3531 4421 ἱμάτιον,
3581 4354 3783 4425 ἔθηκεν

2210 4432 2466 4487 ὑποκάτω
2496 4435 2677 4489 αὐτοῦ·
2712 4440 2804 4490 καὶ
2832 4439 2906 4502 ὡς
2962 4441 3177 4511 ἐμέτρει
3212 4445 3389 4514 κέρμα
3433 4446 3512 4507 εἰς
3555 4448 3617 4499 τὸ
3648 4448 3787 4499 πλα-

2209 4521 2347 4587 κίον,
2400 4523 2507 4576 ἰδού
2536 4542 2616 4588 τις
2638 4526 2854 4595 ἔρχεται
2885 4529 3049 4583 θέλων
3080 4534 3280 4604 ἐπᾶραι
3312 4535 3370 4586 τὸ
3420 4536 3655 4603 ἱμάτιον·
3688 4539 3786 4590 καὶ

2207 4611 2278 4673 di;
2306 4613 2499 4682 ᾔσθετο
2521 4618 2547 4667 6
2594 4618 2771 4687 γέρων
2803 4621 3087 4691 σπλάγχνα
3125 4625 3263 4694 ἔχων
3294 4627 3614 4696 οἰκτιρμῶν,
3644 4630 3786 4683 κατὰ

2211 4704 2401 4773 μικρὸν
2426 4707 2709 4775 ἐκούφιζεν
2737 4713 2913 4765 αὐτὸν·
2935 4715 3009 4777 ὡς
3038 4716 3193 4786 δῆθεν
3219 4721 3541 4771 ἐπεκτεῐνων
3570 4721 3704 4789 προς
3724 4721 3786 4773 τὸ
3846 4708 3851 4717 ’

2209 4792 2486 4866 διάστημα
2508 4799 2601 4850 τοῦ
2632 4802 2922 4871 κέρματος,
2950 4807 3050 4869 ἕως
3076 4806 3133 4862 οὗ
3156 4811 3333 4879 ἀπῆρε
3363 4812 3421 4863 τὸ
3448 4813 3662 4880 ἱμάτιον
3691 4816 3786 4866 καὶ

2207 4888 2439 4958 ἀπῆλθε
2472 4895 2561 4944 καὶ
2604 4896 2702 4946 οὐκ
2735 4896 2960 4965 ἤλεγξεν
2986 4900 3147 4952 αὑτὸν
3172 4903 3198 4952 6
3227 4901 3424 4971 γέρων·
3470 4902 3564 4955 καὶ
3592 4904 3785 4972 ἔλεγεν

2205 4976 2232 5026 6
2265 4978 2551 5048 μακάριος·
2587 4982 2760 5035 ῐίόςον
2799 4981 2866 5055 ἦν
2898 4988 3045 5052 ἄξιον
3075 4990 3135 5041 τὺ
3185 4990 3396 5059 ἱμάτιον
3438 4993 3468 5061 ἢ
3501 4992 3569 5044 τὰ
3611 4995 3783 5065 σκεύη

2205 5063 2240 5117 ἃ
2269 5066 2579 5137 ambienti;
2610 5072 2721 5125 ἀλλ’
2749 5076 2896 5145 ὅμως
2925 5080 2955 5149 ἡ
2998 5082 3314 5153 προαίρεσις
3349 5079 3433 5153 ἦν·
3466 5084 3661 5153 ἀμέλει
3689 5086 3783 5139 ὅτε

2206 5154 2528 5227 ἁπῄρθηςαν
2558 5165 2647 5216 καὶ
2670 5164 2885 5233 ἔμεινεν
2914 5172 2939 5220 ὁ
2979 5171 3138 5234 αὐτὸς
3165 5212 3176 5232 ,
3224 5174 3361 5241 μήτε
3406 5173 3779 5243 λυπούμενος,

2209 5249 2342 5316 μήτε
2365 5254 2780 5321 ταρασσόμενος·
2805 5259 2899 5310 καὶ
2922 5261 3047 5330 γὰρ,
3073 5262 3146 5324 ὡς
3175 5265 3256 5316 ἀεὶ
3285 5263 3445 5329 λέγω,
3471 5265 3530 5316 οὐ
3552 5266 3609 5317 τὺ
3634 5266 3782 5334 ἔχειν

2208 5335 2453 5404 βλάπτει,
2488 5342 2622 5395 ἀλλά
2650 5346 2709 5397 τὸ
2746 5351 3068 5418 προσπαθῶς
3094 5353 3259 5421 ἔχειν.
3291 5348 3457 5417 Οὗτος
3482 5352 3628 5425 εἶχεν
3656 5357 3779 5408 ὅλον

544 5426 784 5465 mensam
813 5403 1001 5466 ‘versus
1029 5415 1177 5481 quasi
1224 5418 1290 5469 ad
1339 5417 1708 5484 explicandam
1745 5433 1969 5476 moneta:
2015 5438 2100 5477 se-

2210 5403 2217 5404 ,
2784 5403 2794 5418 ,
3053 5403 3065 5413 ,
3124 5403 3203 5421 ,ιη
3247 5403 3258 5407 -
3302 5403 3771 5425 _-..,-.,.-_--._-

2208 5429 2295 5481 τὸν
2328 5434 2548 5501 κόσμον,
2582 5435 2752 5502 οὕτως
2776 5436 2842 5512 ἦν
2868 5443 2941 5506 ὡς
2979 5445 3052 5513 μὴ
3079 5445 3236 5514 ἕχωνσ
3267 5446 3325 5511 ἐξ
3350 5442 3423 5500 ὧν
3454 5448 3560 5518 γὰρ
3589 5450 3780 5519 ἐποίηο

544 5503 699 5568 riem,
746 5501 1148 5572 sublevavitque
1196 5520 1319 5560 snos
1345 5510 1492 5572 prius
1526 5511 1762 5564 sedentis
1807 5524 1953 5566 artus
1993 5531 2098 5583 quo

2209 5537 2297 5572 σεν
2322 5522 2522 5588 ἔδειξεν
2546 5528 2707 5582 αὑτὸν
2731 5533 3013 5605 ἐλεύθερον
3042 5538 3147 5589 ἀπὸ
3179 5540 3415 5592 πάντων.

543 5592 752 5700 Ιξιοίιίυε
791 5594 996 5647 detrahi
1067 5595 1279 5663 pallium
1328 5610 1548 5664 posset:
1612 5617 1712 5668 qua
1781 5615 1998 5660 strenue
2076 5614 2453 5669 commoditate
2485 5618 2567 5670 fur
2610 5636 2753 5688 usus,
2825 5592 3002 5680 ablato
3043 5631 3171 5683 abiit
3210 5631 3400 5700 pallio;
3432 5647 3559 5685 sene
3590 5634 3656 5687 de
3702 5633 3779 5685 iu-

547 5682 749 5735 dustria
798 5684 848 5735 in
882 5685 1261 5740 dissiumlando
1325 5703 1717 5757 perseverante.
1784 5698 1956 5759 quoad
1998 5702 2230 5755 nummis
2294 5708 2579 5771 persolutis
2624 5682 2749 5767 tam,
2795 5718 2857 5770 sia

2868 5736 2911 5770 te
2958 5723 3180 5786 pecunia
3248 5738 3405 5790 quam
3458 5726 3573 5777 sine
3614 5723 3777 5789 paliio

545 5772 755 5825 domum
795 5776 964 5831 rediit.
1000 5778 1077 5829 Ad
1112 5779 1207 5832 hoc
1272 5779 1328 5834 Β.
1369 5780 1615 5835 Zositnas
1654 5786 1850 5839 addidit
1888 5806 1896 5839 :
1932 5788 2127 5853 Quanti
2184 5804 2235 5847 et
2272 5811 2395 5853 vasa
2456 5814 2507 5856 ρι
2554 5803 2766 5873 mnium
2808 5823 2927 5878 qua:
2958 5772 3225 5880 ἠρειωί,ν
