4092 6200
393 387 466 458 ιο
1323 391 1708 458 ΡΒΕΕΔΤΙΟ
1749 389 1824 452 ΙΝ
1865 389 2009 454 ΙιῐΒῐ

2181 387 2856 456 SACBAMENTORUM.
3717 389 3797 455 20

389 519 650 598 quamvis
675 523 749 580 sit
777 522 980 598 eadem
1009 523 1300 597 utriusque
1327 525 1454 598 libri
1483 523 1806 598 methodus,
1835 527 1894 578 et
1920 523 2166 598 unusjab
2187 522 2370 598 altero
2402 523 2794 598 praefationem
2825 522 3218 598 emendicarit,
3244 521 3682 598 nonminimum
3717 526 3800 598 ta-

389 593 526 675 nien
544 595 844 675 intercedit
859 594 1008 675 inter
1024 593 1333 675 ntrnrn'que
1353 597 1678 675 discrimen.
1703 595 1910 675 Primo,
1930 593 2213 675 utmissas
2235 593 2442 675 faciam
2463 597 2762 675 Orationes
2775 613 2872 675 seu
2894 596 3166 675 Collectas
3185 595 3240 650 in
3259 595 3462 675 quibus
3489 594 3798 675 aliquando

391 667 747 738 Bodradi,et
785 666 1060 721 Grimoldi
1089 667 1212 722 libri
1244 666 1392 723 inter
1417 684 1476 724 se
1503 667 1798 738 dissident.
1832 666 1888 720 in
1921 666 2102 738 prima
2141 669 2298 735 parte
2322 667 2568 738 Rodradi
2599 669 2816 723 Codicis
2841 671 3074 723 exarata
3103 666 3349 738 reperies
3375 683 3502 738 quae
3541 671 3799 738 spectant

393 741 466 796 ad
493 737 812 808 superiores
842 738 1070 793 ordines
1095 740 1544 804 constituendos,
1574 737 1820 808 exceptis
1847 737 2184 806 quibusdam
2216 737 2473 802 rubricis,
2501 756 2744 808 quorum
2777 739 2933 793 nulla
2963 744 3049 793 est
3075 737 3288 794 mentio
3317 737 3406 804 ,in’
3425 743 3545 794 toto
3595 737 3796 792 Codice

393 809 694 867 Grimoldi.
724 810 984 864 Secundo
1006 809 1065 863 in
1095 813 1340 866 secunda
1375 814 1536 881 parte
1561 809 1809 865 Rodradi
1837 808 2124 881 habentur
2148 824 2214 881 ea
2241 808 2436 881 omnia
2464 827 2590 878 quae
2617 815 2877 880 spectant
2904 811 2976 864 ad
3008 809 3303 865 inferiores
3357 809 3584 864 ordines
3608 809 3798 881 confe-

393 882 602 937 rendos
615 897 742 936 cum
761 897 961 936 eorum
976 881 1214 936 rubricis
1245 899 1256 946 ;
1281 879 1389 938 sed
1406 881 1545 936 nihil
1572 882 1777 936 horum
1803 879 1988 935 simile
2003 880 2248 949 reperire
2277 879 2428 934 estin
2452 879 2660 936 Codice
2675 881 2975 944 Grimoldi,
2995 881 3096 935 etsi
3125 881 3182 934 in
3197 881 3316 948 ejus
3332 881 3664 950 praefatione
3679 879 3796 935 haec

393 952 568 1008 verba
589 951 774 1023 legere
789 951 888 1006 sit:
911 952 1126 1007 Necnon
1141 959 1193 1006 et
1215 953 1360 1008 illud
1375 953 1511 1023 quod
1535 954 1595 1007 in
1613 953 1849 1022 praefato
1871 950 2068 1007 Codice
2089 951 2235 1005 beati
2251 951 2512 1023 Gregorii
2531 954 2601 1007 ad
2618 953 2820 1023 gradus
2831 953 3126 1022 inferiores
3141 954 3195 1006 in
3215 953 3462 1007 Ecclesia
3473 952 3797 1023 constituent

393 970 568 1008 verna
589 970 774 1076 misre
789 970 888 1006 su:
911 970 1126 1007 necnon
1141 970 1193 1006 et
1215 970 1359 1008 uiua
1375 970 1511 1023 quoa
1535 971 1595 1007 in
1613 970 1849 1022 prwjaio
1871 970 2068 1007 UOdtCe
2089 970 2232 1005 oeau
2251 970 2509 1018 uregoru
2531 970 2600 1007 aa
2618 970 2820 1023 graaus
2831 970 3126 1022 inferiores
3141 970 3195 1006 in
3215 970 3462 1007 ILL‘Clt’sm
3473 970 3797 1005 consumen—

393 1023 487 1080 dos
515 1040 622 1078 non
721 1023 902 1078 betur.
943 1023 1130 1078 Tertio
1155 1024 1214 1078 in
1233 1025 1436 1079 Codice
1459 1023 1726 1078 Rodradi.
1745 1023 1800 1094 in
1823 1023 2067 1077 Sabbato
2081 1026 2276 1076 sancto
2289 1022 2836 1078 describunturritus
2857 1023 2946 1094 qui
2971 1023 3322 1094 baptismum
3337 1023 3682 1094 praacedunt,
3698 1021 3797 1076 sed

394 1094 742 1150 contractius
767 1110 940 1164 quam
965 1094 1024 1148 in
1045 1094 1252 1150 Codice
1292 1095 1589 1158 Grimoldi,
1613 1093 1831 1149 caeteris
1852 1095 1906 1165 in
1923 1095 2228 1147 secundam
2261 1099 2479 1162 partem
2510 1095 2752 1165 rejectis,
2769 1093 3111 1165 quibusdam
3131 1098 3322 1148 tamen
3341 1093 3456 1148 sub
3470 1095 3640 1148 tinem
3659 1109 3801 1165 prae-

394 1165 696 1236 termissis.
725 1163 937 1229 Quarto
957 1165 1074 1236 sub
1105 1165 1277 1220 finem
1306 1167 1506 1236 primae
1531 1167 1705 1236 partis
1718 1164 1938 1219 Codicis
1960 1165 2210 1236 Bodradi
2229 1165 2552 1236 continetur
2569 1163 2886 1236 baptismus
2905 1165 3284 1228 inﬁrmorum,
3310 1170 3367 1220 et
3384 1165 3654 1236 nonnulla
3685 1163 3801 1236 alia

395 1253 522 1308 quas
557 1235 612 1308 in
645 1236 846 1308 codice
871 1235 1146 1308 Grimoldi
1179 1234 1404 1296 abbatis
1426 1234 1836 1308 desiderantur.
1872 1235 2080 1308 Quinto
2105 1235 2534 1308 Benedictiones
2559 1234 2910 1307 episcopales
2940 1236 2996 1290 in
3055 1238 3304 1308 secunda
3335 1240 3496 1308 parte
3547 1234 3798 1290 Rodradi

396 1306 529 1364 sunt
551 1306 667 1367 fere
697 1307 753 1362 in
787 1306 1052 1362 omnibus
1089 1307 1246 1364 festis
1276 1314 1605 1364 sanctorum
1638 1329 1648 1373 ;
1679 1307 1733 1362 in
1766 1306 2074 1361 Dominicis
2105 1324 2236 1361 vero
2267 1307 2548 1362 habentur
2569 1306 2846 1362 duntaxat
2877 1325 3054 1377 usque
3105 1310 3177 1361 ad
3223 1307 3377 1361 diem
3435 1307 3798 1362 Pentecostes

397 1378 672 1433 inclusive
697 1395 710 1443 ;
731 1383 790 1433 at
819 1378 877 1432 in
905 1379 1108 1434 Codice
1134 1379 1433 1442 Grimoldi,
1467 1380 1524 1434 in
1546 1378 1854 1434 Dominicis
1868 1382 2094 1434 exstant.
2118 1377 2542 1433 benedictiones
2563 1379 2911 1448 episcopales
2937 1395 3114 1448 usque
3135 1381 3206 1432 ad
3237 1377 3592 1433 Dominicam
3625 1377 3803 1448 unde-

397 1451 609 1506 cimam
644 1454 771 1520 post
799 1450 1165 1505 Pentecosten
1190 1451 1461 1506 inclusive
1486 1471 1498 1519 _;
1519 1451 1575 1505 in
1599 1450 2057 1505 solemnitatibus
2083 1466 2216 1504 vero
2242 1456 2568 1520 sanctorum
2591 1447 2901 1519 pauciores,
2929 1447 3190 1504 videlicet
3206 1451 3274 1504 de
3301 1453 3500 1520 sancta
3524 1449 3717 1512 Cruce,
3741 1447 3800 1520 in

399 1520 580 1576 natali
611 1519 796 1575 sancti
823 1521 1062 1576 Joannis
1095 1523 1382 1592 Baptistae,
1413 1523 1470 1577 in
1503 1521 1677 1576 natali
1703 1521 2098 1592 apostolorum
2123 1519 2267 1574 Petri
2288 1524 2343 1574 et
2375 1520 2553 1582 Pauli,
2573 1520 2629 1574 in
2652 1520 2948 1575 nativitate
2970 1524 3182 1575 sanctae
3207 1519 3412 1583 Mariae,
3440 1519 3501 1592 in_
3523 1519 3801 1592 martyrio

399 1592 832 1663 sanctiJoannis
845 1593 914 1646 Ba
925 1593 1134 1663 ptistee,
1153 1590 1275 1648 etin
1292 1593 1841 1649 commemoratione
1859 1591 2116 1647 omnium
2139 1594 2500 1663 Sanctorum.
2525 1595 2714 1656 Sexto,
2732 1593 2787 1646 in
2813 1594 3062 1646 secunda
3077 1597 3236 1662 parte
3255 1590 3503 1663 Rodradi
3523 1590 3804 1645 habentur

399 1662 780 1734 praefationes
795 1661 1158 1733 quae—absunt
1175 1665 1428 1720 aCodice
1445 1664 1854 1729 Grimoldi,etsi
1877 1665 1929 1718 in
1948 1681 2051 1718 sua
2074 1662 2411 1734 praefatione
2433 1663 2660 1734 illarum
2685 1664 3036 1734 mentionem
3057 1661 3248 1717 faciat.
3273 1661 3562 1716 Pamelius
3584 1666 3800 1723 tamen,

398 1733 493 1806 qui
521 1733 740 1806 primus
770 1733 920 1789 hunc
943 1735 1219 1790 Grimoldi
1260 1736 1466 1790 librum
1497 1735 1553 1790 in
1584 1736 1770 1791 lucem
1800 1735 1998 1806 edidit,
2031 1733 2242 1806 multas
2271 1733 2564 1804 subiunxit
2594 1733 2960 1806 praefationes
3001 1751 3088 1806 exp
3118 1733 3260 1806 libro
3295 1735 3799 1806 Sacramentorum

401 1803 647 1861 Alcuini.
677 1807 932 1860 Tandem
956 1806 1011 1860 in
1047 1806 1252 1862 Codice
1285 1806 1532 1862 Rodradi
1560 1807 1824 1862 secundae
1849 1805 1993 1876 parti
2027 1805 2409 1876 subjiciuntur
2429 1805 2950 1874 appendicisinstar
2975 1804 3170 1858 multas
3187 1804 3368 1876 Missae
3381 1821 3508 1858 cum
3529 1803 3802 1876 apologiis

403 1880 460 1932 et
487 1876 710 1931 ratione
740 1877 1402 1934 conferendiextremam
1429 1878 1779 1939 unctionem,
1796 1873 1920 1947 quae
1946 1873 2278 1945 neutiquam
2294 1873 2522 1930 exstant.
2549 1893 2604 1929 in
2621 1877 2824 1930 Codice
2843 1876 3141 1930 Grimoldi.
3163 1877 3238 1929 Ex
3257 1875 3341 1930 his
3357 1876 3624 1947 omnibus
3639 1873 3804 1947 facile

385 1947 688 2019 colligitur
718 1948 966 2002 Rodradi
997 1947 1207 2003 librum
1239 1949 1412 2004 alium
1446 1966 1568 2003 esse
1619 1967 1651 2004 a
1683 1945 1959 2004 Grimoldi
1987 1947 2208 2019 Codice,
2241 1947 2429 2019 ethos
2457 1952 2716 2019 auctores
2758 1947 2994 2002 seorsim
3045 1947 3377 2019 scripsisse,_
3412 1951 3464 1999 et
3508 1945 3805 2019 collegisse
3841 1963 3848 1966 ·

401 2015 568 2074 suum
602 2019 1108 2074 Sacramentorum
1130 2020 1362 2074 librum.
1399 2020 1532 2086 Quis
1564 2024 1757 2075 autem
1785 2019 1953 2073 fuerit
1985 2018 2074 2072 hic
2098 2015 2427 2072 Grimoldus
2457 2018 2634 2072 abbas
2664 2035 2776 2072 non
2805 2018 2945 2073 satis
2964 2015 3205 2072 constat.
3230 2019 3286 2071 In
3318 2015 3444 2071 Vita
3463 2016 3644 2071 sancti
3669 2015 3806 2070 Not-

401 2089 517 2145 lteri
549 2089 763 2144 Balbuli
795 2091 946 2160 apud
979 2090 1304 2146 Henricium
1337 2091 1652 2154 Canisium,
1685 2095 1825 2145 tom.
1853 2090 1923 2144 Vl
1951 2090 2214 2160 antiquae
2235 2089 2516 2160 lectionis,
2546 2090 2760 2144 mentio
2793 2089 2855 2143 fit
2885 2088 3160 2160 Grimaldi
3193 2088 3512 2160 cujusdam,
3538 2087 3656 2160 iqui
3701 2086 3808 2160 fuit

395 2161 572 2216 abbas
601 2159 909 2215 canonic’us
935 2161 1290 2216 celeberrimi
1341 2163 1584 2218 coenobii
1613 2162 1794 2217 sancti
1826 2161 1988 2222 Galli.
2025 2164 2080 2214 et
2105 2159 2595 2229 archicapellanus
2629 2161 2889 2215 Ludovici
2927 2159 3004 2214 l’ii
3035 2159 3422 2228 imperatoris,
3453 2159 3554 2213 sed
3585 2174 3658 2213 an
3713 2159 3803 2212 hic

396 2231 550 2286 idem
581 2231 650 2302 sit
677 2248 807 2286 cum
839 2231 1128 2286 Grimoldo
1153 2235 1526 2302 quaerendum
1559 2237 1664 2288 est.
1689 2233 1920 2291 Verum,
1953 2236 2015 2286 ut
2029 2231 2102 2302 ad
2132 2232 2398 2302 eumdem
2430 2231 2672 2286 Rodradi
2695 2231 2904 2286 librum
2937 2235 3130 2285 nostra
3157 2235 3472 2302 revertatur
3501 2229 3708 2302 oratio,
3753 2245 3798 2283 Si

398 2302 573 2374 ﬁdem
599 2301 886 2374 habemus
909 2299 1234 2374 Micrologb.
1265 2303 1513 2358 similem
1541 2304 1750 2357 librum
1774 2301 2130 2374 contexuisse
2152 2301 2374 2358 videtur
2403 2303 2666 2369 Magister
2691 2302 2948 2367 Albinus,
2972 2302 3066 2371 qui
3093 2301 3256 2370 vulgo
3284 2300 3553 2374 élcuinus
3575 2299 3801 2354 dicitur.

401 2372 497 2428 Sic
519 2371 674 2444 enim
702 2372 784 2428 ait
811 2390 934 2444 cap.
953 2375 1008 2436 6,
1041 2375 1111 2428 de
1142 2371 1544 2429 Ecclesiasticis
1575 2373 2072 2429 Observationibus
2105 2390 2128 2444 τί
2153 2374 2302 2428 Fecit
2330 2379 2507 2428 tamen
2532 2374 2667 2428 idem
2696 2374 2942 2428 Albinus
2973 2376 3032 2426 in
3063 2383 3250 2426 sancta
3273 2372 3520 2444 Ecclesia
3545 2387 3661 2426 non
3679 2387 3806 2424 con-

401 2443 747 2498 temnendum
775 2443 936 2516 opas.
958 2445 1103 2500 Nam
1128 2445 1500 2516 Gregorianas
1524 2445 1814 2500 Orationes
1829 2447 1898 2516 in
1918 2443 2589 2516 librisSncramentormn
2605 2445 2878 2516 collegisse
2901 2446 3174 2497 asseritur
3204 2444 3398 2506 paucis
3411 2443 3545 2516 a_/iis
3557 2444 3804 2510 adjectis,

401 2531 533 2586 quas
562 2521 744 2570 tamen
771 2513 868 2569 sub
888 2515 1030 2570 obelo
1048 2513 1322 2572 notandus
1344 2533 1454 2571 esse
1481 2517 1750 2571 indicavit
1767 2539 1784 2582 ,-
1801 2515 1988 2570 deinde
2017 2515 2160 2569 alias
2181 2515 2480 2580 Orationes,
2522 2516 2635 2569 sive
2687 2514 3066 2584 Prw/(itiones.
3119 2517 3220 2568 etsi
3264 2531 3366 2586 non
3404 2513 3808 2586 Gregorzanns,

402 2583 785 2656 ecclesiasticae
811 2591 988 2640 tamen
1017 2587 1320 2642 celebritati
1339 2587 1554 2641 idoneas
1570 2587 1802 2655 collegit,
1819 2587 1964 2641 sicut
1987 2586 2242 2656 prologue
2263 2591 2520 2648 testatur,
2546 2603 2700 2656 quem
2729 2583 2842 2654 post
2865 2586 3232 2654 Geegorianas
3255 2584 3541 2656 Orationes
3559 2587 3614 2637 in
3637 2583 3812 2656 medio

398 2655 638 2727 ejusdem
653 2656 793 2710 libri
805 2658 1259 2722 collocavitouaa
1274 2675 1412 2714 sane
1423 2661 1596 2713 verba
1613 2653 1871 2712 indicant
1888 2658 1946 2712 Al
1957 2653 2152 2712 binum
2172 2656 2460 2727 scripsisse
2478 2653 2683 2712 librum
2699 2653 3205 2712 Sacramentorum
3221 2655 3467 2727 similem
3493 2653 3738 2708 Hodradi
3753 2657 3813 2708 et

403 2726 681 2800 Grimoldi
713 2727 1030 2782 Codicibus.
1062 2731 1209 2784 Nam
1239 2729 1529 2800 utriusque
1557 2729 1776 2784 Codicis
1806 2745 1977 2798 supra
1992 2733 2199 2800 notata
2218 2726 2478 2800 praefatio
2497 2733 2582 2800 est.
2607 2728 2662 2781 in
2685 2728 2872 2800 medio
2901 2728 3086 2798 operis
3107 2727 3253 2800 inter
3273 2726 3594 2800 primamet
3613 2741 3811 2780 secun-

406 2799 541 2852 dam
565 2800 808 2868 partem.
845 2802 954 2853 Nec
982 2803 1169 2869 potest
1192 2816 1315 2855 esse
1340 2797 1500 2855 error
1521 2800 1760 2864 librarii,
1788 2803 1851 2854 ut
1877 2797 1996 2854 vult
2017 2799 2317 2864 Pamelius,
2352 2799 2444 2869 qui
2470 2797 3004 2868 scripseritAtbinns
3031 2815 3130 2868 pro
3149 2798 3491 2852 Grimoldus.
3515 2797 3659 2869 Nam
3681 2812 3810 2869 cum

408 2866 701 2940 videamus
720 2869 970 2925 Rodradi
986 2866 1203 2925 librum
1238 2871 1524 2928 diversum
1552 2888 1676 2926 esse
1705 2889 1738 2926 a
1761 2871 1964 2926 Codice
1989 2871 2287 2935 Grimoldi,
2319 2866 2436 2924 ﬁeri
2459 2866 2645 2940 potest
2664 2875 2727 2924 ut
2749 2886 2916 2924 suum
2958 2866 3131 2925 etiam
3165 2869 3401 2923 Albinus
3431 2866 3807 2922 concinnarit.

406 2939 518 2995 Sed
547 2939 727 2995 miror
755 2957 855 2996 cur
883 2941 1009 2996 haec
1039 2941 1349 3007 distinctio,
1377 2959 1473 2998 seu
1507 2942 1707 2998 divisio
1738 2941 2054 2997 ofﬁciorum
2080 2947 2137 2997 et
2167 2939 2474 2996 Missurum
2503 2941 2587 2994 his
2618 2941 2944 2996 auctoribus
2977 2941 3032 2994 in
3065 2945 3315 2994 mentem
3346 2939 3579 2994 venerit.
3605 2943 3667 2992 ut
3697 2953 3814 2992 una

406 3027 564 3094 pars,
579 3011 786 3094 paucis
813 3011 1158 3094 quibusdam
1189 3013 1459 3094 e_§_ceptis,
1490 3015 1753 3094 videatur
1771 3030 1894 3068 esse
1921 3013 2117 3094 sancti
2137 3011 2810 3094 Gregorii_pap¢e.laltera
2841 3028 2972 3094 vero
3005 3010 3263 3094 minime.
3287 3010 3580 3094 Siquidem
3604 3008 3663 3094 in
3686 3007 3813 3094 \fita

409 3079 606 3155 sancti
623 3079 876 3155 Gregorii
895 3100 943 3155 Aa
966 3083 1185 3138 Joanne
1205 3079 1452 3139 Diacono
1463 3085 1693 3155 scripta,
1725 3101 1856 3140 cum
1874 3083 2071 3154 agitde
2085 3079 2588 3139 Sacra—mentorum
2613 3083 2756 3136 libro
2771 3083 3007 3155 collecto
3033 3087 3279 3136 asancto
3301 3079 3593 3151 Gregorio,
3610 3079 3815 3155 dicitnr

375 3153 379 3157 ’
408 3150 776 3223 simpliciter:
804 3153 908 3211 Sed
929 3161 983 3210 et
1005 3155 1320 3210 Getasinum
1345 3150 1596 3212 Codiceni
1624 3156 1686 3210 de
1714 3150 2009 3210 Missariem
2029 3155 2312 3209 solemniis
2337 3155 2514 3208 multa
2559 3153 2906 3216 subtrahens,
2948 3169 3129 3222 pauca
3165 3150 3499 3214 convertens,
3546 3150 3814 3223 nonnulla

407 3221 839 3296 superadjiciens
863 3226 920 3280 in
947 3225 1123 3280 unius
1143 3225 1314 3296 libelli
1339 3227 1608 3281 volumine
1627 3229 1952 3282 coarctavit.
1979 3227 2137 3280 Idem
2162 3225 2375 3295 profert
2395 3223 2716 3280 Walfridus
2734 3221 2961 3286 Strabo,
2985 3223 3080 3276 lib.
3104 3223 3173 3296 de
3196 3224 3382 3296 ttebus
3396 3221 3813 3296 ecclesiasticis,

407 3292 660 3367 cap._ZZI
688 3297 881 3367 Neque
911 3299 998 3352 est
1024 3295 1210 3352 simile
1242 3313 1374 3352 vero
1405 3298 1774 3354 Gelasiauum
1799 3296 2089 3360 Codicem,
2121 3292 2180 3352 et
2207 3297 2250 3349 si
2285 3297 2340 3350 in
2375 3296 2715 3365 quibusdam
2735 3296 3096 3367 correctione
3127 3293 3429 3367 indigeret,
3459 3292 3632 3367 fuisse
3671 3293 3814 3346 adeo

410 3365 701 3426 mutilum.
732 3365 999 3438 ut'Missas
1027 3385 1153 3437 quae
1177 3384 1276 3438 per
1290 3367 1962 3424 totiusannicurriculum
1981 3367 2238 3422 dicenda!
2251 3372 2416 3422 erant
2431 3383 2545 3420 non
2559 3366 3049 3438 complecteretur.
3069 3365 3231 3438 Quod
3249 3369 3305 3418 et
3323 3365 3370 3418 si
3385 3365 3812 3438 concederetur,

410 3453 528 3510 non
548 3437 815 3510 credibile
841 3443 926 3510 est
951 3435 1213 3510 sanctum
1241 3439 1592 3510 Gregorium,
1623 3439 1720 3510 qui
1746 3438 2111 3510 Gelasianum
2139 3438 2346 3493 librum
2361 3437 2663 3510 recensuit,
2689 3436 2980 3510 nonnullis
2990 3435 3288 3510 detractis,
3320 3435 3664 3510 quibusdam
3684 3451 3816 3510 vero

412 3507 540 3562 aliis
562 3509 822 3581 adjectis,
858 3509 1061 3564 librum
1093 3505 1392 3565 Missarum
1419 3528 1548 3581 quae
1578 3505 1676 3580 per
1699 3509 2032 3581 totiusanni
2059 3510 2333 3564 circulum
2366 3508 2648 3581 dicuntur,
2683 3508 2828 3581 adeo
2843 3505 3453 3581 mutilum_reliquisse,
3511 3511 3580 3581 _ut
3610 3505 3818 3581 major

412 3595 546 3650 pars
575 3575 1026 3652 Dominicarum,
1045 3597 1140 3636 seu
1166 3575 1465 3637 Missurum
1490 3575 1617 3652 quae
1647 3583 1703 3636 in
1734 3580 2044 3652 Dominicis
2075 3581 2184 3636 dici
2211 3581 2474 3652 debeant,
2516 3579 2579 3652 in
2603 3595 2670 3652 eo
2713 3578 3084 3652 desideretur.
3109 3575 3449 3646 Nam’iuxta
3493 3575 3818 3652 doctrinam

411 3646 585 3722 supra
613 3650 917 3722 citatorum
950 3652 1294 3722 scriptorum
1324 3652 1381 3706 in
1427 3646 1531 3708 hoc
1559 3651 1816 3721 Gregorii
1847 3652 2051 3708 Codice
2077 3651 2276 3722 Missas
2309 3650 2702 3714 dominicales,
2735 3649 3212 3722 quaeinterjectze
3266 3653 3478 3722 sunt__a
3518 3646 3818 3722 nativitate

413 3717 634 3795 pomini
649 3739 827 3793 usque
840 3725 912 3778 ad
925 3717 1258 3787 Adventum,
1277 3724 1524 3794 exceptis
1540 3717 2410 3795 Septuagesimre,Sexagesima,
2430 3728 2485 3776 et
2501 3717 3017 3795 Quinqnagesiinte,
3037 3718 3262 3795 Pascha;
3289 3717 3820 3795 et_us_octa_va_a,et

412 3787 797 3854 Pentecostés.
821 3810 936 3849 non
962 3799 1097 3850 sunt
1119 3795 1300 3849 sancti
1328 3787 1600 3864 Gregorii,
1619 3787 1786 3864 ’ψιοᾶ
1815 3795 2002 3848 dicere
2028 3787 2340 3864 absurdum
2367 3797 2453 3864 est
2521 3787 2684 3845 Nam‘
2711 3787 3041 3864 incredibile
3062 3862 3076 3864 Α
3100 3795 3186 3844 est
3228 3788 3284 3842 in
3335 3788 3467 3864 illis
3501 3787 3818 3864 Dominicis

413 3813 936 3854 renLCCOSLBSJIOD
962 3813 1097 3850 sunt
1119 3813 1300 3849 sancu
1328 3813 1600 3864 uregoru,
1674 3813 1786 3850 uoa
1815 3813 2002 3848 dicere
2028 3813 2340 3848 ansuroum
2367 3813 2453 3846 εει
2521 3813 2668 3845 nam
2711 3813 3041 3846 lllcrctllDlle
3100 3813 3186 3844 εει,
3228 3813 3284 3842 ιιι
3335 3813 3447 3843 nus
3501 3813 3818 3842 umuuucns

413 3867 674 3934 tempore
701 3865 906 3920 Gelasii
932 3870 990 3919 et
1023 3865 1204 3919 sancti
1246 3865 1500 3933 Gregorii
1547 3813 1735 3919 nuiias
1778 3865 1975 3918 Missas
2026 3863 2300 3918 celebrari
2327 3862 2584 3934 “solitas;
2626 3861 2872 3934 quodsi
2933 3862 3380 3934 celebrarentur,
3437 3860 3605 3914 detur
3633 3859 3818 3934 _ratio

414 3929 593 4014 quare
633 3939 1006 4014 nonne-ssent
1055 3937 1112 3988 in
1163 3929 1461 4014 Codicibus
1500 3935 1823 4014 Gelasii__et
1865 3935 2052 4014 sancti
2106 3933 2359 4014 Gregorii
2409 3929 2724 4014 deseriptTe-e.
2787 3933 3053 4014 Nostram
3112 3931 3463 4014 opinionem.
3510 3929 3820 4014 c‘oniirrnat

411 4001 708 4075 inscriptio
732 4003 857 4058 libri
877 4007 1381 4060 Sacramentorum
1411 4009 1530 4060 tam
1565 4005 1619 4059 in
1645 4005 1808 4059 editis
1833 4021 2008 4075 quam
2039 4004 2095 4058 in
2123 4004 2424 4058 Codicibus
2451 4003 2658 4057 nostris
2681 4002 3101 4072 manuscriptis,
3149 4001 3258 4056 imo
3281 4002 3338 4056 in
3361 4001 3497 4072 ipsis
3518 4001 3819 4075 Codicibus

417 4072 688 4148 Rodradi,
722 4078 780 4130 et
805 4075 1104 4148 Grimoldi,
1131 4093 1260 4146 quae
1285 4081 1369 4130 est
1387 4076 1703 4148 ejusmodi:
1731 4072 1932 4148 Incipit
1971 4075 2112 4148 liber
2128 4077 2620 4148 ,S'ucramentorum
2647 4075 2708 4126 de
2737 4074 2943 4128 circulo
2971 4091 3108 4148 anni
3125 4075 3405 4148 expositus
3428 4089 3462 4126 a
3489 4072 3822 4148 sanotoGre-

417 4147 577 4218 goria
591 4161 759 4215 papa,
773 4143 1188 4218 qnnlilerrllissa
1207 4143 1446 4218 Romana
1459 4147 1790 4202 celebratur.
1805 4143 1978 4218 cujus
1993 4146 2145 4218 tituli
2165 4146 2371 4218 veritas
2385 4151 2532 4218 stare
2553 4161 2662 4198 non
2679 4150 2864 4218 potest
2888 4161 3016 4198 cum
3042 4143 3512 4218 adversariorum
3532 4143 3820 4214 opinione,

419 4214 620 4288 enmin
636 4214 835 4288 eorum
850 4217 1336 4288 codicibusmajor
1351 4235 1475 4287 pars
1508 4218 1806 4272 Missarum
1836 4214 2249 4271 dominicalium
2283 4217 2440 4270 desit.
2487 4214 2750 4288 Nostram
2768 4216 3097 4288 opinionem
3122 4215 3367 4288 suadent
3383 4214 3825 4288 Codicesmanu-

419 4285 612 4367 scripti
639 4287 820 4367 sancti
832 4287 1003 4367 _Eligii
1023 4292 1079 4342 et
1091 4284 1406 4367 Remensis,
1425 4289 1776 4367 antiquiores
1788 4289 1929 4367 ipsis
1939 4290 2054 4367 Rod
2063 4288 2185 4342 radi
2209 4292 2261 4342 et
2275 4287 2652 4367 Gri_m_olc.li_vol
2665 4284 2952 4367 ominibus
2966 4287 3057 4367 qui
3083 4285 3365 4367 ejusmodi
3388 4284 3596 4367 codicis
3619 4285 3824 4367 Grego-

419 4357 566 4412 riani
596 4356 1018 4428 separationém
1051 4375 1167 4414 non
1198 4356 1864 4416 admittunt.Conﬁrmat
1894 4361 2082 4414 Codex
2097 4358 2515 4428 manuscriptus
2543 4357 2784 4418 llatoldi.
2812 4356 3051 4417 abbatis.
3080 4359 3150 4410 de
3178 4373 3289 4426 quo
3313 4356 3506 4428 statim
3536 4356 3823 4428 agendum

420 4431 525 4491 est,
558 4431 616 4483 et
643 4427 689 4482 si
715 4430 994 4499 posterior
1017 4430 1091 4485 sit
1120 4430 1417 4486 Codicibus
1444 4430 1692 4487 Rodradi
1711 4435 1767 4484 et
1787 4430 1978 4484 forsan
2005 4430 2301 4494 Grimoldi,
2327 4426 2417 4498 qui
2452 4428 2735 4498 ejusmodi
2754 4428 3089 4482 divisionem
3121 4443 3235 4499 non
3260 4427 3535 4496 agnoscit,
3555 4426 3827 4496 quemad-

421 4499 658 4570 modum
690 4497 795 4570 nec
825 4500 968 4555 liber
989 4503 1494 4558 Sacramentorum
1527 4507 1784 4570 tempore
1815 4499 2124 4556 Clementis
2153 4501 2290 4558 Vlll.
2319 4497 2382 4552 ex
2413 4497 2751 4552 bibliotheca
2783 4499 3058 4570 Vaticana
3087 4497 3292 4570 editus.

492 4569 714 4643 Tertius
744 4569 990 4643 liberti)
1019 4573 1525 4628 Sacramentorum
1565 4567 1987 4643 manuscriptus
2035 4589 2146 4642 quo
2168 4571 2251 4643 usi
2281 4587 2478 4643 sumus
2504 4575 2586 4624 est
2636 4570 2811 4643 etiam
2844 4569 3200 4643 bibliotheca?
3223 4567 3624 4643 Corbeiensis,
3657 4581 3824 4643 quem

421 4640 913 4716 nominettatoldi
921 4637 1162 4716 abbatis
1187 4643 1580 4716 indigitamus,
1613 4645 1763 4716 quod
1793 4637 1916 4716 ejus
1935 4637 2098 4715 jussu
2125 4642 2364 4713 scriptus
2385 4642 2476 4706 sit,
2512 4646 2572 4694 ut
2600 4641 2820 4696 clarum
2836 4644 2924 4695 est
2950 4655 3016 4694 ex
3034 4639 3364 4694 calendario
3393 4639 3650 4710 ejusdem
3677 4637 3824 4701 libri,

421 4709 482 4766 in
505 4729 618 4784 quo
649 4712 842 4769 Idibus
862 4713 1077 4769 Martiis
1108 4713 1200 4770 hic
1225 4709 1498 4770 distichus
1524 4709 1840 4786 reperitur?

1291 4811 1510 4862 Abbatis
1535 4811 1718 4861 domni
1751 4803 1855 4860 stat
1885 4812 2084 4861 mentio
2117 4814 2302 4859 sancta.
2323 4809 2532 4858 Ratoldi

1414 4875 1580 4924 Istum
1606 4877 1696 4938 qui
1721 4875 1848 4924 fecit
1877 4875 2102 4923 scribere
2123 4874 2320 4937 quippe
2349 4873 2561 4920 librum.

421 4958 699 5034 Ratoldns
718 4965 913 5018 autem
948 4961 1253 5034 fuitabbas
1283 4961 1638 5034 Corbeiensis
1669 4961 1981 5034 vigesimus
2002 4967 2210 5034 sextus,
2241 4959 2336 5030 qui
2368 4964 2423 5014 et
2454 4957 2872 5034 mortem_o_biit
2924 4974 3078 5034 anno
3108 4956 3334 5011 Domini
3387 4954 3827 5034 nongentesimo

423 5030 770 5104 octogesimo
787 5038 967 5099 sexto,
994 5033 1183 5089 Idibus
1217 5033 1452 5099 Martiis,
1476 5051 1541 5088 ex
1573 5051 1683 5104 quo
1709 5027 1940 5104 apparet
1971 5033 2121 5104 hunc
2153 5027 2359 5104 librum
2390 5031 2670 5104 scripturn
2698 5029 2869 5104 fuisse
2901 5033 3032 5104 ante
3066 5029 3215 5104 hunc
3247 5044 3482 5104 annum.
3517 5027 3828 5104 llic_Cod_ex

421 5097 671 5182 optimus
701 5106 805 5169 est,
834 5097 1381 5182 et_correctissimus,
1405 5097 2214 5182 plures-babét'cteremonias,
2247 5103 2368 5156 dies
2404 5097 2596 5166 festos,
2643 5099 3072 5156 Benedictiones
3105 5099 3472 5170 episcopales,
3508 5103 3564 5153 et
3611 5097 3828 5151 Praefa-

421 5174 626 5246 tiones,
650 5189 824 5246 quam
855 5175 976 5246 alli,
997 5176 1130 5246 quia
1147 5175 1430 5230 recentior
1451 5181 1552 5230 est.

493 5244 576 5298 Ad
603 5237 707 5316 bos
734 5237 973 5301 Codices"
998 5237 1236 5302 accessit
1265 5247 1406 5302 liber
1435 5246 1856 5316 manuscriptus
1884 5243 2238 5299 bibliothecae
2280 5243 2538 5316 'l'ilianae,
2585 5241 2681 5312 qui
2711 5246 2797 5316 est
2827 5243 2977 5316 Ordo
3001 5241 3315 5316 Romanus,
3355 5239 3512 5308 cujus
3558 5237 3709 5316 mihi
3741 5254 3830 5316 co:

421 5312 577 5394 piam
603 5313 842 5394 iecitjir
865 5317 1216 5394 clarissimus
1241 5319 1492 5394 Joannes
1514 5317 1706 5394 Titius.
1731 5311 1891 5394 Sunt.
1912 5321 2106 5394 tamen
2133 5315 2396 5394 qu:erl_z_1.-.~.i
2430 5315 2482 5366 in
2515 5329 2578 5394 (ιό
2603 5311 2726 5394 qna?
2761 5313 3054 5394 in_0rdine
3089 5313 3473 5394 ttomnuonon
3495 5313 3751 5394 exstant;
3770 5311 3829 5361 ut

420 5379 477 5438 in
505 5385 716 5458 Ordine
739 5389 993 5443 Romano
1024 5390 1287 5458 quaedam
1313 5388 1558 5458 reperire
1587 5392 1671 5442 est
1699 5405 1824 5456 quae
1853 5387 1909 5441 in
1935 5387 2040 5458 hoc
2060 5379 2262 5458 (lodice
2284 5385 2502 5458 'l‘iliano
2517 5379 2934 5458 desiderantur.
2963 5381 3060 5458 Hic
3094 5381 3234 5458 liber
3259 5381 3417 5458 initio
3449 5379 3830 5458 caret.,_priore

417 5457 796 5528 quaternionc
825 5451 1056 5514 avulso:
1073 5459 1310 5513 Videtur
1334 5451 1472 5511 olim
1502 5458 1670 5513 fuisse
1700 5451 1957 5513 Ecclesiae
1991 5455 2279 5528 Sagiensis
2299 5455 2724 5528 inNormannia
2750 5457 2852 5509 sub
2871 5452 3166 5528 metropoli
3193 5451 3659 5528 Rotbomagensi.
3688 5451 3829 5528 Nam

421 5520 480 5582 in
499 5544 564 5582 eo
586 5527 790 5584 Codice
817 5530 910 5584 ubi
970 5529 1158 5600 agitur
1191 5531 1258 5584 de
1299 5529 1612 5600 ordinibus,
1645 5529 1788 5600 iure
1817 5520 2100 5600 habentur
2127 5526 2519 5600 Δτί«ςτιιίινὶεενη..‹ιιίς
2554 5527 2799 5600 Ecclesia
2838 5531 3002 5600 atque
3028 5520 3346 5600 episropdlis
3375 5524 3674 5600 auctoritas
3727 5520 3832 5600 tibi

419 5600 731 5671 concedunt,
763 5602 861 5656 etc.
896 5593 1236 5655 Salziriensis
1262 5599 1415 5671 enim
1447 5599 1694 5671 Ecclesia
1723 5605 1773 5654 et
1808 5599 2103 5671 Sagiensis
2125 5597 2276 5671 idem
2303 5602 2453 5663 sunt,
2483 5602 2539 5651 et
2569 5596 2800 5671 Sagium
2835 5596 3048 5648 dictum
3084 5593 3386 5671 fuitetiam
3429 5593 3735 5671 salarium,
3770 5595 3830 5671 ut

417 5667 636 5740 clarum
664 5661 750 5726 est
779 5687 844 5726 ex
875 5671 1141 5728 Orderico
1167 5669 1354 5732 Vitali,
1390 5670 1482 5740 qui
1515 5671 1657 5724 libro
1692 5687 1787 5724 vm
1823 5661 1960 5724 Hist.
1995 5669 2130 5724 eccl.
2161 5661 2457 5724 Serlonem
2489 5661 2952 5740 anteanbbatem
2987 5664 3316 5740 monasterii
3350 5661 3824 5740 sanct.i_l3brulphi

545 5743 864 5824 nominavit.
885 5743 1214 5824 episcopum
1240 5731 1593 5824 Sagiensem,
1621 5741 1720 5797 lib.
1749 5757 1828 5798 χιι
1854 5741 2109 5813 ejusdem
2133 5740 2393 5796 Historiae
2425 5740 2483 5794 in
2506 5736 2803 5810 Epitaphio
2839 5735 3056 5808 Rogeri,
3089 5735 3185 5808 qui
3207 5735 3475 5791 successit
3513 5731 3822 5790 Serlouiin

418 5809 713 5868 abbatiam
743 5809 1240 5886 sanctiEbrulphi,
1277 5809 1368 5870 ait
1403 5828 1416 5868 :

485 5960 564 6038 (1)
604 5960 892 6037 Spectmen
913 5950 1193 6043 scriptun-aa
1223 5963 1402 6041 bujus‘
1425 5962 1546 6023 libri
1567 5964 1738 6024 habes
1759 5965 1816 6023 in
1843 5963 1941 6022 lib.
1976 5963 2046 6021 de
2067 5961 2151 6021 Re
2185 5961 2447 6037 Diplom.,
2475 5977 2530 6034 p.
2561 5959 2702 6034 :367.
