4086 6198
256 410 319 474 η
922 470 929 474 ,
980 414 995 427 ’
1162 405 1553 471 PREFATIO
1591 406 1669 468 IN
1710 403 1986 467 LIBRUM
2027 403 2697 470 SACRAMENTORUM.
3548 396 3626 462 22

1116 566 1344 617 Praesule
1371 566 1483 629 jam
1517 567 1653 617 facto
1683 567 1898 617 Serlone
1921 567 2210 623 Salaribus.
2240 566 2339 617 iste

1118 630 1350 681 Crenobii
1382 631 1550 680 sancti
1583 633 1818 690 regimen
1850 633 2083 695 suscepit
2112 630 2388 694 Ebrulphi.

252 725 310 778 Et
334 719 505 792 intra:
540 718 736 792 Eodem
762 713 943 774 mense
970 720 1321 792 uenerandus
1344 720 1497 774 Ser-lo
1528 727 1804 792 postquam
1835 720 2202 776 Salariensem
2223 735 2374 775 xxxu
2394 719 2553 774 annis
2577 719 3171 792 rexitEcclesiam,etc.
3204 721 3359 779 Adde
3383 724 3533 792 quod
3561 721 3619 780 in

250 793 341 848 hoc
365 790 553 847 Codice
583 790 802 846 Tiliano
828 790 1042 860 passim
1074 790 1319 847 habetur
1354 791 1590 847 celebris
1621 792 1902 845 memoria
1933 796 2260 847 sanctorum
2289 796 2609 857 martvrum
2643 791 2893 847 Gervasii
2922 796 2977 845 et.
3007 792 3271 858 Protasii,
3305 798 3362 849 et
3381 790 3436 849 in
3459 810 3622 851 com-

251 862 638 921 memoratione
670 863 1032 927 Sanctorum.
1062 867 1188 931 post
1219 862 1549 917 Orationem
1584 863 1942 918 Dominicam
1966 862 2054 918 his
2074 862 2277 923 verbis.
2311 863 2480 932 Atque
2513 864 2753 922 Andrea.
2789 862 3181 931 subiungitur:
3210 880 3417 919 necnon
3447 866 3620 921 beatis

248 934 558 1003 martyribus
595 936 704 989 tuis
734 934 993 988 Ger-casio
1012 942 1061 988 et
1089 935 1353 989 Pretnsio.
1378 934 1537 999 Quod
1564 934 1792 1003 quidem
1827 935 2039 989 factum
2071 938 2151 988 est
2175 935 2327 1001 quod
2353 934 2596 990 Ecclesia
2627 934 2915 993 Saeiensis
2941 935 3201 990 dedicata
3232 935 3301 990 sit
3329 935 3431 989 sub
3451 938 3617 993 titulo

248 1010 539 1063 sanctorum
572 1009 890 1059 martvrum
915 1004 1164 1060 Gervasii
1198 1010 1253 1062 et
1280 1005 1540 1061 Protasii.
1573 1010 1637 1059 ut
1660 1006 1892 1063 planum
1927 1010 2086 1061 estex
2120 1006 2391 1060 Orderico
2408 1006 2600 1067 Vitali.
2629 1007 2772 1060 libro
2797 1006 2993 1067 citato.
3016 1012 3073 1062 et
3101 1006 3405 1061 Guillelmo
3423 1008 3619 1063 Geme.

248 1077 441 1132 ticensi.
472 1077 567 1130 lib.
600 1076 941 1149 vu_Histor.,
973 1093 1077 1143 cap
1135 1077 1198 1129 13
1229 1080 1279 1128 et
1316 1079 1402 1149 l5.
1436 1079 1550 1130 Sub
1580 1078 1747 1130 finem
1776 1076 1947 1145 huius
1969 1077 2189 1132 Codicis
2220 1081 2304 1149 est
2334 1078 2611 1132 successio
2670 1079 3052 1132 Romanorum
3109 1078 3463 1136 Pontificum.
3494 1098 3617 1149 qua)

246 1148 425 1203 desinit
456 1148 510 1201 in
544 1147 740 1217 Sergio
759 1147 1230 1218 tertio.Sequitur
1261 1148 1584 1203 Chronicon
1614 1150 1684 1201 ab
1715 1154 1840 1203 ortu
1875 1149 2069 1203 mundi
2101 1149 2155 1201 in
2180 1148 2335 1213 cujus
2361 1149 2472 1203 fine
2505 1149 2627 1203 lucc
2656 1149 2938 1203 habentur
2970 1168 2982 1204 :
3021 1150 3089 1203 Et
3130 1166 3163 1203 a
3195 1150 3371 1211 Carlo,
3396 1158 3443 1203 et
3477 1147 3619 1206 Cor-

248 1221 468 1274 lomanno
488 1235 660 1288 usque
692 1219 765 1272 ad
797 1220 1015 1274 Carlmn
1040 1221 1191 1273 anni
1217 1228 1467 1291 quatuor,
1496 1228 1543 1273 et
1564 1220 1753 1273 deinde
1774 1220 2008 1273 domnus
2036 1221 2232 1273 Fartus
2259 1220 2400 1274 solus
2425 1237 2651 1283 regnum
2681 1222 2926 1279 suscepit.
2960 1228 3008 1274 et
3042 1220 3151 1276 Deo
3180 1228 3493 1291 proteqente
3520 1238 3620 1286 gu-

246 1291 434 1347 bernat.
459 1286 636 1359 usque
664 1290 723 1343 in
754 1298 1074 1357 praesentem
1106 1286 1306 1344 (mth
1334 1292 1591 1359 feliciter.
1609 1292 1956 1360 φύρειν-ρσηί
1971 1291 2549 1359 eiusqundraqcsimus
2561 1291 2840 1345 secundus.
2857 1286 3189 1346 Suntauteni
3206 1292 3375 1346 totius
3396 1309 3619 1348 summa;

243 1362 298 1415 ab
314 1364 514 1427 origmc
542 1362 753 1423 mundi.
794 1377 958 1417 usque
986 1361 1055 1415 ad
1077 1370 1393 1430 praesentem
1422 1379 1627 1415 annum
1663 1378 1968 1416 IVMDCCLXI.
1996 1364 2055 1416 ln
2088 1364 2287 1417 eodem
2322 1363 2522 1417 Codice
2552 1363 2723 1417 series
2747 1363 2983 1417 habetur
3012 1379 3209 1430 regum
3244 1365 3615 1432 Francorum,

243 1435 289 1488 in
312 1434 463 1499 cujus
494 1431 604 1487 ﬁne
635 1432 754 1487 haec
786 1432 994 1501 scripta
1020 1438 1149 1489 sunt
1185 1450 1197 1486 :
1224 1435 1442 1487 Mortuo
1474 1433 1703 1488 Rnberto
1728 1450 1847 1497 rege
1882 1434 2152 1487 Henricus
2182 1434 2326 1501 ﬁlius
2344 1436 2479 1499 eius.
2508 1434 2688 1488 adhuc
2714 1434 3053 1499 invenculm.
3086 1434 3289 1489 multas
3310 1435 3545 1490 insidias
3566 1431 3621 1491 et

241 1505 567 1559 calamitates
591 1520 875 1573 perpessus
904 1510 979 1557 est
1010 1520 1047 1557 ιι
1078 1505 1423 1559 principibus
1448 1507 1603 1570 regni
1636 1518 1656 1563 .°
1683 1505 1897 1557 auxilio
1932 1506 2026 1559 Dei
2045 1507 2311 1567 munitus,
2337 1522 2513 1559 omnes
2531 1508 2772 1558 inimicos
2803 1521 2926 1561 suos
2954 1506 3277 1569 subiugavit
3306 1522 3421 1559 sum
3450 1509 3615 1559 serui-

239 1576 350 1630 tuti.
384 1576 456 1629 Ex
486 1575 691 1644 quibus
722 1576 954 1644 planum
982 1579 1069 1647 est
1092 1575 1242 1630 hunc
1272 1576 1536 1629 Codicem
1564 1575 1831 1641 scriptum
1862 1577 2053 1630 fuisse.
2086 1576 2324 1630 Henrico
2360 1576 2479 1642 illo,
2506 1576 2599 1647 qui
2634 1576 2849 1645 primus
2907 1577 3247 1645 appellatur,
3293 1576 3348 1631 in
3381 1577 3620 1633 Francia

240 1650 512 1717 regnante.
534 1647 638 1718 qui
662 1663 906 1718 regnum
934 1646 1063 1700 iniit
1092 1663 1241 1701 anno
1270 1647 1498 1703 Domini
1530 1647 1682 1711 1032,
1708 1648 1872 1717 juxta
1905 1648 2250 1718 Sigibertum
2279 1647 2333 1701 in
2348 1647 2646 1711 Chronico,
2668 1649 2816 1718 quod
2841 1648 3014 1704 etiam
3043 1648 3265 1704 videtur
3281 1649 3466 1704 forma
3487 1650 3617 1705 cha-

239 1723 498 1772 racterum
532 1717 705 1787 hujus
733 1717 857 1771 libri
887 1719 1145 1772 suadere.

304 1788 387 1844 Usi
404 1788 581 1865 etiam
610 1806 812 1865 sumus
841 1789 1325 1865 ordine‘Bomano
1347 1789 1734 1865 vetustissimo
1760 1790 2148 1861 manuscripto
2201 1789 2559 1845 bibliothecas
2604 1789 2957 1846 Corbeiensis
2982 1809 2994 1853 ;
3030 1792 3128 1847 sed
3155 1791 3288 1862 quia
3310 1807 3522 1865 magna
3550 1808 3617 1848 ex

240 1865 385 1930 parte
404 1859 552 1915 lacer
589 1863 696 1923 est,
732 1877 909 1929 pauca
941 1877 1007 1914 ex
1039 1860 1135 1914 illo
1162 1860 1392 1915 haurire
1422 1860 1730 1930 potuimus.

304 1933 413 1984 Non
447 1930 581 1984 mihi
603 1932 781 1985 etiam
813 1948 1012 1997 parum
1030 1932 1245 1997 profuit
1275 1933 1426 1986 Ordo
1450 1932 1681 2001 quidam
1700 1931 2121 1999 manuscriptus
2145 1932 2504 1986 bibliothecm
2527 1933 2858 1988 monasterii
2882 1934 3059 1988 sancti
3092 1933 3363 1988 Germani
3392 1933 3619 1989 aPratis

240 2018 396 2071 prope
426 2002 710 2057 Lutetiam
740 2002 1084 2056 Parisiorum
1105 2003 1219 2063 siti.
1252 2002 1307 2057 in
1336 2020 1448 2071 quo
1478 2007 1808 2072 prresentem
1841 2003 2415 2065 lucubratiunculam,
2452 2004 2566 2057 Deo
2596 2005 2844 2067 iuvante.
2901 2004 3211 2059 composui.
3261 2004 3447 2060 Codex
3480 2006 3618 2060 satis

241 2073 487 2140 antiquus
510 2073 759 2146 videtur.
792 2078 844 2127 et
873 2073 1113 2139 scriptus
1140 2079 1272 2129 ante
1294 2074 1636 2143 quingentos
1667 2091 1849 2146 annos
1880 2092 1893 2131 :
1927 2075 1997 2128 ad
2030 2075 2191 2139 cujus
2205 2076 2417 2129 calcem
2442 2076 2942 2133 estordoungendi
2963 2076 3302 2137 inﬁrmi.sed
3327 2077 3619 2146 scripturae

241 2160 271 2197 a
296 2148 405 2198 toto
432 2161 602 2213 opere
634 2145 1028 2217 discrepantis.
1080 2163 1185 2200 nec
1212 2147 1356 2200 adeo
1389 2150 1645 2201 vetustae.
1681 2145 1964 2217 siquidem
1990 2149 2274 2201 trecentos
2306 2163 2487 2199 annos
2552 2147 2643 2200 vix
2685 2163 2955 2211 superare
2980 2146 3227 2209 videtur,
3250 2145 3620 2217 sequiturque

240 2232 387 2289 usum
418 2220 688 2271 extremm
714 2216 997 2289 unctionis
1020 2218 1414 2289 recentiorem.
1452 2217 1731 2289 habetque
1755 2216 2002 2271 formam
2031 2218 2504 2288 deprecatoriam,
2528 2217 2933 2289 hodiernmque
2958 2218 3227 2281 similem,
3262 2216 3376 2274 non
3407 2219 3622 2275 indica-

242 2286 421 2345 tivam.
447 2304 619 2356 quam
654 2288 993 2343 vetustiores
1027 2288 1262 2343 Codices
1292 2288 1662 2356 manuscripti
1698 2291 2031 2351 agnoscunt.

299 2359 516 2412 Insuper
546 2359 897 2413 collectanea
930 2361 1188 2428 quaedam
1222 2359 1379 2414 misit
1402 2360 1472 2413 ad
1507 2376 1598 2413 me
1618 2360 1702 2412 vir
1719 2359 2078 2413 doctissimus
2107 2361 2356 2413 Joannes
2380 2358 2433 2411 le
2450 2359 2705 2421 Prevost,
2735 2360 3040 2415 canonicus
3071 2365 3127 2414 et
3154 2360 3621 2416 bibliothecarius

232 2428 444 2501 insignis
476 2429 741 2483 Ecclesize
772 2431 1269 2501 Rothomagensis.
1308 2448 1372 2485 ex
1406 2432 1624 2485 duobus
1653 2430 1901 2499 antiquis
1934 2430 2407 2485 Sacramentariis
2448 2447 2542 2484 seu
2583 2432 3012 2486 Pontificalibus
3043 2432 3466 2501 manuscriptis.
3492 2449 3622 2501 qua

233 2499 280 2572 in
304 2500 549 2567 ejusdem
579 2500 847 2555 Ecclesiae
877 2503 1182 2556 secretario
1214 2506 1599 2558 asservantur.
1633 2518 1877 2571 quorum
1910 2502 2151 2555 alterum
2213 2502 2434 2555 videtur
2479 2519 2602 2556 esse
2653 2504 3051 2566 Anglicanum.
3086 2508 3147 2557 ut
3176 2503 3294 2572 ipse
3326 2499 3618 2572 opinatur,

232 2568 384 2639 idque
412 2575 563 2637 patet
587 2589 655 2625 ex
690 2572 902 2627 sanctis
932 2574 1278 2637 Anglicanis.
1304 2573 1396 2642 qui
1426 2568 1663 2637 passiml
1693 2574 1749 2626 in
1784 2573 1891 2626 hoc
1943 2572 2087 2626 libro
2140 2573 2536 2629 nominantur.
2565 2578 2622 2627 et
2653 2591 2717 2629 ex
2751 2575 3123 2629 coronatione
3149 2568 3347 2639 regum
3369 2568 3619 2641 'Angliae.

231 2658 343 2710 quia
374 2642 424 2696 in
448 2642 559 2715 hoc
576 2643 785 2715 Codice
811 2648 1014 2698 exstat.
1050 2644 1300 2699 Alterum
1336 2644 1558 2698 videtur
1588 2643 1759 2697 fuisse
1790 2643 1925 2698 olim
1960 2644 2218 2698 Ecclesiae
2252 2645 2610 2705 Rbemensis,
2644 2645 2777 2715 quia
2812 2646 2866 2700 in
2903 2646 3099 2700 litania
3129 2646 3516 2701 coronationis
3538 2663 3624 2701 re~

228 2728 518 2839 gumbqutte
548 2714 666 2769 illic
693 2714 955 2778 habetur,
989 2715 1043 2769 hi
1075 2716 1253 2770 sancti
1283 2716 1544 2771 Ecclesiae
1572 2715 1908 2770 Rbemensis
1925 2717 2337 2771 nominantur:
2369 2714 2991 2790 Nicasius,7Remig1us,
3026 2716 3237 2772 Sixtus.
3274 2718 3531 2781 Sinicius,
3568 2720 3624 2773 et

271 2801 354 2839 mo
392 2800 450 2839 er
475 2802 558 2839 us.

232 2783 558 2851 Rigobertus.

292 2856 427 2910 Usus
452 2873 578 2910 sum
612 2857 791 2912 etiam
815 2856 1021 2912 Codice
1052 2857 1440 2925 manuscripto
1472 2856 1612 2911 mihi
1641 2858 1858 2911 tradito
1884 2874 1950 2913 ex
1982 2858 2323 2912 bibliotheca
2345 2859 2678 2914 monasterii
2707 2860 2886 2915 sancti
2915 2860 3180 2926 Remigii,
3218 2859 3450 2915 Rbemis
3495 2858 3623 2914 fun-

234 2926 358 3001 dati,
387 2927 595 2997 scripto
621 2928 848 3001 circiter
874 2945 1090 3001 annum
1125 2929 1329 2983 Christi
1361 2928 1755 2989 millesimum.
1780 2932 1837 2983 in
1864 2946 1975 2998 quo
2004 2935 2208 2993 praeter
2237 2930 2347 2983 alia
2372 2930 2554 2984 multa
2579 2947 2706 2996 qum
2739 2933 2809 2985 ad
2840 2936 3097 2986 nostrum
3130 2931 3484 3001 propositum
3514 2930 3616 2985 mi-

233 2996 656 3074 pime_spectant
682 3000 794 3054 duo
823 3004 956 3074 sunt
980 3000 1230 3074 ordines,
1258 3000 1404 3054 alter
1432 3001 1503 3054 ad
1531 3000 1791 3074 dandam
1811 2996 2230 3065 prenitentiam.
2255 3001 2402 3055 alter
2429 3003 2499 3056 ad
2532 3002 2880 3058 visitandum
2909 2996 3348 3074 infirmum,'qui
3382 3001 3521 3058 mihi
3550 3002 3623 3057 ad

234 3066 468 3123 bmcduo
500 3074 867 3125 sacramenta
894 3071 1233 3125 illustranda
1267 3088 1378 3125 non
1414 3072 1961 3127 mediocremlucem
1995 3074 2326 3127 attulerunt.

295 3139 409 3215 Non
441 3141 791 3215 mihietiam
810 3159 1020 3215 parum
1048 3142 1288 3215 contulit
1317 3143 1439 3207 opis
1469 3142 1932 3215 Martyrologium
1966 3146 2143 3200 sancti
2171 3144 2495 3212 Hieronymi
2521 3161 2709 3199 ms.ex
2740 3145 3083 3200 bibliotheca
3117 3143 3624 3215 Corbeiensi.quod

235 3210 465 3286 quidem.
498 3218 561 3266 ut
586 3212 765 3268 libere
790 3213 977 3286 dicam
1009 3213 1143 3280 quid
1173 3215 1241 3267 de
1264 3231 1329 3286 eo
1358 3213 1626 3269 sentiam.
1652 3230 1765 3286 non
1794 3214 2019 3269 videtur
2048 3233 2275 3274 nurum.
2301 3210 2422 3268 cum
2455 3214 2510 3270 in
2543 3233 2609 3271 eo
2642 3217 2821 3272 multa
2842 3222 3196 3276 sanctorum.
3220 3217 3312 3286 qui
3348 3220 3475 3271 post
3494 3210 3624 3270 san-

235 3283 814 3355 ctumHieronymum
842 3284 1132 3341 vixerunt.
1165 3285 1401 3339 nomina
1434 3286 1659 3352 adjecta
1689 3284 1987 3341 videantur
2010 3288 2080 3341 ab
2106 3287 2229 3354 ipso
2252 3287 2541 3353 scriptore.
2571 3287 2814 3355 quisane
2837 3289 2943 3343 fuit
2970 3283 3286 3344 monachus
3313 3288 3624 3343 Corbeien-

235 3352 318 3423 sis.
342 3352 632 3423 Siquidem
663 3355 739 3408 ibi
773 3360 1004 3409 notatur
1037 3356 1335 3410 translatio
1375 3356 1554 3410 sancti
1586 3357 1908 3413 Prmcordii.
1941 3360 2100 3421 cuius
2132 3352 2358 3419 Vcorpus
2385 3359 2440 3412 in
2475 3352 2625 3413 dicto
2683 3360 3033 3416 monasterio
3088 3365 3364 3419 servatur.
3434 3359 3624 3413 obitus

234 3422 509 3499 Theot’redi
536 3425 708 3499 primi
744 3428 967 3481 abbatis
990 3428 1362 3483 Corbeiensis.
1382 3428 1567 3481 obitus
1598 3428 1821 3499 Ratoldi
1850 3430 2069 3482 abbatis
2125 3431 2381 3494 eiusdem
2436 3430 2699 3489 emnobii.
2758 3432 3021 3486 dedicato
3082 3431 3335 3486 ecclesias
3363 3431 3623 3499 ejusdem

236 3491 348 3571 loci.
375 3500 427 3549 et
457 3491 872 3552 nonnullorum
900 3499 1261 3571 sacellorum.
1279 3516 1405 3568 quae,
1428 3499 1615 3552 adhuc
1629 3498 1879 3553 Corbeiae
1903 3491 2184 3554 visuntur.
2207 3501 2393 3555 Codex
2417 3505 2611 3554 tamen
2636 3502 2903 3571 antiquus
2929 3508 3034 3567 est,
3055 3507 3112 3558 et
3136 3504 3360 3558 videtur
3381 3491 3621 3570 scriptus

237 3569 353 3645 ante
376 3583 558 3645 annos
584 3572 901 3623 sexcentos.
938 3570 1075 3645 Huic
1096 3575 1453 3625 accesserunt
1476 3574 1683 3625 caetera
1717 3573 1976 3641 quaedam
2008 3572 2409 3642 Martyrologia
2434 3576 2487 3627 et
2517 3569 2869 3628 Kalendaria
2890 3574 3278 3644 manuscripta
3308 3590 3434 3645 quae
3459 3569 3622 3626 nubis

236 3635 390 3690 etiam
417 3638 470 3692 in
500 3640 616 3693 hoc
647 3656 819 3708 opere
845 3641 1256 3697 praeluxerunt-

297 3708 411 3761 Non
442 3715 527 3763 est
556 3710 653 3765 hic
680 3711 1026 3767 omittendus
1054 3713 1133 3779 (1)
1166 3713 1318 3766 Ordo
1346 3712 1637 3766 Romanus
1658 3711 2008 3780 jampridem
2025 3712 2515 3780 typismandatus,
2544 3729 2711 3777 quem
2740 3714 2913 3768 etiam
2933 3714 3237 3781 diligenter
3273 3713 3623 3769 contulimus

236 3795 346 3832 cum
380 3781 583 3836 Codice
616 3783 794 3837 sancti
836 3782 1016 3841 Elieii.
1050 3783 1330 3838 Honorius
1362 3784 1911 3849 Augustodunensis.
1937 3783 2032 3837 lib.
2063 3784 2132 3837 de
2181 3783 2495 3838 illustribus
2543 3784 2805 3840 Ecclesiae
2838 3785 3237 3844 Scriptoribus.
3268 3784 3495 3838 Ordinis
3516 3787 3622 3838 Ho-

236 3850 375 3925 mani
406 3858 705 3907 auctorem
741 3854 877 3907 facit
904 3855 1247 3909 Bernoldum
1279 3856 1588 3915 quemdam
1623 3855 1881 3908 Ecclesiae
1900 3854 2346 3909 Constantiensis
2370 3857 2787 3919 presbvterum.
2807 3857 2899 3925 qui
2932 3857 3123 3911 ﬂoruit
3152 3858 3254 3911 sub
3279 3855 3520 3911 Henrico
3541 3855 3620 3911 IV

238 3919 563 3989 imperatore
595 3942 608 3981 :
641 3925 719 3978 ita
753 3925 905 3979 enim
938 3926 1017 3980 ait
1045 3943 1057 3980 :
1091 3925 1400 3980 Bernoldus
1419 3924 1864 3982 Conslantiensz's
1886 3926 2125 3979 Ecclesiae
2146 3927 2415 3993 presbyter
2431 3926 2685 3983 Ordinem
2722 3919 3028 3981 Romanum
3048 3929 3148 3982 sub
3168 3936 3367 3996 quarto
3391 3927 3621 3981 Henrico

235 3996 519 4067 composuit.
545 3996 709 4060 Quod
738 4000 929 4050 tamen
962 4014 1072 4051 non
1106 3997 1326 4051 videtur
1346 4012 1749 4065 usquequaque
1808 4014 2022 4051 verum.
2060 3997 2349 4060 Siquidem
2394 3998 2486 4052 hic
2542 3999 2695 4051 Ordo
2751 4000 3044 4053 Romanus
3073 4004 3159 4054 est
3179 3999 3466 4067 antiquior
3496 3997 3619 4066 ipso

240 4063 518 4137 Βθιῖοοῐόο.
563 4071 615 4119 et
654 4068 893 4123 Henrico
915 4073 1117 4137 quarto
1149 4068 1491 4130 imperatore
1554 4063 1776 4121 Etenim
1829 4069 1979 4122 Ordo
2008 4070 2298 4122 Romanus
2346 4069 2553 4123 citatur
2596 4069 2650 4123 in
2680 4069 2823 4123 libro
2879 4063 3386 4125 Sacramentorum
3413 4063 3618 4123 manu-

239 4134 433 4208 scripto
457 4137 685 4191 Ratoldi
719 4134 963 4200 abbatis.
997 4141 1065 4193 de
1090 4156 1201 4207 quo
1232 4156 1403 4199 supra
1430 4138 1670 4199 egimus,
1700 4139 1753 4193 in
1783 4138 1923 4193 feria
1953 4140 2153 4208 quinta
2180 4140 2233 4193 in
2270 4140 2443 4193 Cmna
2503 4140 2751 4197 Domini.
2785 4141 2876 4195 ubi
2904 4142 3092 4197 agitur
3117 4144 3185 4197 de
3216 4141 3617 4208 poenitentium

240 4207 704 4267 reconciliatione.
734 4209 789 4263 in
824 4210 946 4265 haec
976 4212 1144 4264 verba
1178 4226 1189 4264 :
1222 4211 1511 4278 Faciatque
1540 4226 1835 4263 sermonem
1865 4207 1981 4265 tam
1999 4212 2209 4271 populis
2238 4227 2393 4269 quam
2423 4212 2818 4272 pmnitenlibus.
2841 4213 2975 4266 sicut
3000 4214 3138 4266 Ordo
3158 4207 3407 4268 memorat!
3432 4215 3620 4267 Roma-

239 4278 457 4348 nusﬂic
487 4284 685 4333 autem
717 4281 861 4335 liber
885 4282 1124 4348 scriptus
1146 4286 1228 4334 est
1261 4287 1393 4334 ante
1426 4298 1639 4335 annum
1666 4282 1787 4339 986.
1824 4283 2076 4336 nondum
2103 4286 2238 4334 nato
2264 4281 2561 4335 Bcrnoldo.
2584 4283 2926 4337 Mentionem
2955 4284 3295 4339 etiamillius
3314 4283 3619 4337 facitlsaac

242 4346 598 4421 bingonensis
627 4352 941 4420 episcopus,
968 4346 1095 4407 can.
1128 4354 1215 4406 33.
1242 4352 1334 4421 qui
1358 4352 1545 4406 ﬂoruit
1574 4356 1829 4419 tempore
1855 4353 2039 4407 Caroli
2072 4352 2224 4407 Calvi
2250 4353 2634 4412 imperatoris.
2660 4353 2825 4413 longe
2840 4359 2973 4408 ante
2998 4356 3341 4410 Bcrooldum
3376 4358 3573 4407 natum
3600 4368 3613 4407 :

244 4419 296 4470 El
321 4419 411 4483 ibi,
440 4421 647 4489 inquit.
682 4423 747 4475 ab
776 4424 1018 4477 eniscono
1041 4419 1296 4477 canonice
1316 4431 1362 4477 et
1389 4423 1801 4479 ordinum/iter.
1828 4425 1966 4479 sicut
1998 4426 2057 4478 in
2090 4424 2551 4479 Sacramentm'io.
2607 4430 2657 4476 et
2709 4426 2959 4479 Romam
3022 4428 3236 4480 Ordine.
3290 4426 3614 4486 continetur,

240 4493 657 4563 reconci'ientur.
688 4494 906 4548 Citatur
934 4496 1106 4549 etiam
1140 4496 1209 4548 ab
1244 4494 1552 4550 Amalario.
1581 4494 1673 4563 qui
1701 4495 1883 4548 ﬂoruit
1911 4500 2166 4557 tempore
2198 4495 2458 4549 Ludovici
2494 4495 2571 4548 Pii
2602 4495 2983 4563 imperatoris.
3020 4498 3152 4551 lib.l
3188 4499 3255 4551 de
3288 4496 3501 4550 Officiis
3524 4496 3618 4548 Ec-

240 4558 356 4614 cles.
398 4608 411 4621 .
441 4581 567 4633 cap.
604 4566 672 4618 1‘2
702 4583 712 4618 :
752 4566 928 4620 Restat
953 4584 1119 4620 unum
1150 4567 1205 4618 in
1236 4566 1438 4618 Ordine
1495 4558 1762 4627 Romano,
1818 4568 1908 4617 ubi
1959 4568 2280 4631 prmcinitur
2332 4567 2509 4618 adhuc
2567 4558 2850 4629 uta-feria
2879 4571 3091 4635 quinm,
3117 4584 3286 4636 usque
3310 4570 3365 4621 in
3389 4567 3620 4619 Sub/mia

235 4638 403 4706 {aucto
431 4636 584 4688 nuda
608 4636 719 4691 sint
744 4638 981 4691 altaria.
1016 4638 1173 4701 Quod
1202 4641 1387 4691 exstat.
1416 4636 1470 4689 in
1506 4636 1715 4690 Ordine
1779 4639 2055 4697 Romano.
2106 4638 2247 4691 feria
2290 4637 2488 4706 quinta
2547 4636 2601 4691 in
2633 4641 2802 4693 Cmna
2827 4639 3053 4692 Domini
3090 4656 3100 4692 :
3135 4640 3171 4693 Α
3210 4643 3616 4695 vesper/mutem

240 4700 382 4773 hujus
410 4706 529 4759 diei
553 4707 700 4760 nulla
727 4708 844 4760 sint
865 4700 1074 4761 alteri};
1100 4725 1269 4773 usque
1300 4708 1357 4760 in
1392 4725 1543 4760 mrme
1570 4707 1809 4759 Sahhati.
1878 4710 2062 4772 Quare
2094 4726 2205 4762 non
2278 4700 2501 4773 proprie
2564 4708 2671 4762 dici
2740 4714 2923 4768 potest
2955 4710 3045 4764 hic
3077 4711 3389 4764 Bernoldus
3421 4711 3621 4763 auctor

240 4772 451 4829 Ordinis
480 4779 747 4841 Romani,
776 4781 872 4832 sed
896 4784 1118 4833 tantum
1152 4779 1520 4837 instaurator.
1551 4777 1644 4845 qui
1678 4779 1834 4833 illum
1892 4780 2220 4833 recognovit.
2272 4780 2613 4847 quibusdam
2670 4780 2939 4833 detractis
2965 4786 3019 4833 et,
3045 4782 3252 4835 additis
3276 4782 3427 4845 juxta
3454 4795 3618 4833 usum

242 4861 394 4919 quem
429 4848 483 4901 in
508 4849 759 4903 Ecclesia
784 4866 885 4903 suo
908 4855 1162 4918 tempore
1188 4849 1436 4902 videbat.
1472 4850 1631 4914 Quod
1666 4849 1802 4903 satis
1834 4851 2099 4904 credibile
2130 4854 2233 4906 est.
2278 4867 2405 4904 cum
2459 4850 2554 4905 ille
2604 4851 2754 4903 Ordo
2805 4854 3115 4907 Romanus.
3147 4854 3237 4919 qui
3274 4851 3620 4911 iampridem

243 4916 373 4989 typis
392 4919 579 4973 editus
610 4925 715 4982 est,
750 4937 919 4988 purus
950 4916 1059 4974 non
1092 4921 1182 4983 sit.
1214 4921 1347 4989 quia
1374 4921 1427 4973 in
1464 4921 1659 4974 multis
1686 4923 1756 4972 ab
1787 4922 2035 4983 antiquis
2087 4922 2582 4975 Sacramentorum
2616 4921 2772 4975 libris
2820 4924 3024 4977 deﬁcit.
3091 4916 3210 4978 lm'o
3244 4924 3361 4977 inse
3391 4923 3533 4975 liber
3563 4921 3619 4975 in

244 4988 425 5043 ordine
453 4991 689 5045 Sabbati
716 4992 894 5046 sancti
923 4994 1023 5046 sub
1057 4988 1639 5046 tinem'ordinationis
1671 4992 1854 5045 Missae
1888 4993 2024 5047 citat
2086 4993 2353 5047 Ordinem
2407 4995 2745 5046 Romanum.
2783 4998 2832 5047 et
2902 4996 2972 5048 ab
3007 4995 3154 5049 illius
3220 4995 3328 5049 ritu
3386 4993 3621 5047 recedit.

246 5056 453 5119 Deinde.
491 5061 696 5131 inquit.
727 5063 860 5115 dicit
900 5064 1176 5123 diaconus,
1217 5064 1292 5117 lle
1320 5065 1483 5115 missa
1515 5068 1605 5115 est.
1634 5063 1923 5115 secundum
1963 5066 2256 5118 Romanum
2326 5063 2603 5119 Ordinem.
2665 5064 2752 5116 sed
2783 5082 2906 5119 usus
2931 5068 3190 5121 Ecclesiae
3236 5084 3335 5119 non
3366 5065 3488 5119 vult
3524 5064 3623 5117 hoc

243 5135 450 5195 propter:
480 5133 610 5200 νην
627 5150 753 5188 eras.
795 5135 857 5187 In
887 5135 980 5189 hac
1006 5142 1151 5187 nocte
1175 5134 1236 5186 de
1260 5133 1619 5189 vespertinali
1654 5134 1854 5201 syri/tri
1878 5135 2029 5193 apud
2100 5136 2353 5187 Romanos
2379 5134 2522 5186 nihil
2581 5137 2786 5198 agitur.
2816 5154 2986 5201 neque
3009 5147 3135 5191 ante
3186 5140 3425 5192 missam.
3462 5150 3625 5203 neque

244 5207 349 5273 post
380 5205 627 5259 missam.
651 5205 802 5261 Apud
823 5222 919 5259 nos
947 5212 1127 5260 autem
1150 5222 1290 5258 unus
1317 5206 1378 5257 de
1407 5205 1621 5267 schol/1.
1654 5206 1742 5259 cui
1766 5206 1971 5263 iussum
1999 5206 2184 5267 fuerit.
2228 5223 2323 5269 pro
2346 5205 2667 5259 Antiphone
2690 5206 2884 5263 incinit
2912 5209 3151 5264 Alleluia
3177 5209 3250 5263 ad
3282 5210 3575 5273 Vespeer
3605 5221 3621 5268 ;

244 5276 287 5322 et
311 5271 994 5351 dum_commum’rnverint.
1027 5281 1291 5351 cantatur
1318 5292 1417 5343 pro
1445 5277 2019 5351 uespera‘festinunter
2071 5276 2314 5351 psalmus
2356 5276 2607 5351 Laudate
2634 5278 2963 5340 Dominum,
2995 5297 3196 5337 omnes
3254 5271 3472 5351 gentes.
3504 5283 3624 5341 εἶα,

247 5346 539 5400 secundum
570 5348 914 5402 hodiernum
952 5366 1138 5403 usum.
1172 5348 1265 5405 qui
1300 5351 1493 5405 postea
1526 5346 1763 5399 invaluit
1789 5348 1962 5400 etiam
1994 5347 2046 5400 in
2071 5348 2319 5403 Ecclesia
2356 5349 2633 5401 Romana.

309 5413 457 5489 Hunc
478 5418 650 5473 etiam
677 5418 942 5473 Codicem
974 5418 1153 5473 sancti
1178 5418 1336 5475 Eliaii
1372 5417 1673 5481 diligenter
1711 5418 1923 5472 contuli
1991 5435 2117 5471 cum
2188 5418 2339 5471 edito
2399 5419 2895 5474 Sacramentorum
2928 5422 3071 5476 libro
3098 5423 3189 5489 qui
3223 5426 3477 5485 tempore
3510 5416 3630 5489 Cle-

251 5486 442 5557 mentis
463 5490 578 5545 Vill
609 5491 746 5545 exiit.
776 5508 839 5543 ex
868 5491 1209 5543 bibliotheca
1240 5490 1516 5541 Vaticana
1547 5511 1556 5547 ;
1592 5490 1688 5541 sed
1720 5507 1829 5542 non
1900 5489 2203 5543 minimum
2273 5490 2575 5543 discrimen
2631 5490 2778 5545 inter
2832 5486 3135 5555 utrumque.
3176 5492 3382 5557 reperi.
3416 5489 3542 5541 licet
3571 5486 3632 5540 in

250 5556 429 5611 multis
457 5565 814 5616 conveniant.
844 5563 986 5616 Nam
1014 5563 1197 5615 Codex
1232 5559 1650 5623 manuscriptus
1683 5560 2041 5615 bibliothecae
2074 5562 2384 5617 Vaticanae.
2407 5562 2557 5614 unde
2597 5561 2781 5614 editus
2814 5565 3186 5629 transcriptus
3209 5556 3309 5618 est.
3338 5577 3448 5615 non
3484 5559 3635 5614 vide-

251 5628 334 5705 tur
360 5645 478 5685 esse
507 5636 647 5686 adeo
680 5633 968 5697 antiquus.
994 5650 1121 5705 cum
1153 5631 1423 5705 nonnulla
1451 5632 1863 5705 complectatur
1888 5651 2009 5698 qum
2041 5634 2439 5705 antiquitatem
2473 5649 2582 5705 non
2626 5634 2939 5692 redoleant.
2972 5641 3028 5689 ut
3062 5635 3305 5705 plurima
3340 5631 3483 5685 festa
3509 5647 3637 5705 quas

254 5695 407 5771 101)εο
445 5709 562 5771 post
595 5695 854 5765 tempore
880 5706 932 5757 in
966 5722 1066 5757 usu
1104 5703 1278 5763 tuere.
1306 5703 1606 5764 nullasque
1637 5702 1691 5755 in
1726 5721 1792 5757 eo
1826 5695 2255 5758 Benediction'es
2283 5703 2629 5769 episcopales
2660 5706 2909 5767 reperire
2933 5712 3035 5763 est.
3064 5695 3194 5771 quas
3227 5710 3420 5758 tamen
3454 5703 3644 5757 adhuc

259 5769 462 5845 usitatre
492 5782 647 5830 erant
681 5781 943 5845 tempore
974 5774 1203 5829 Honorii
1236 5774 1763 5839 Augustodunensis
1796 5777 2041 5828 auctoris
2074 5776 2198 5829 libri
2236 5776 2327 5844 qui
2363 5774 2690 5827 inscribitur
2721 5776 2946 5830 Gemma
2980 5769 3194 5837 (initam.
3233 5776 3286 5831 in
3312 5792 3422 5841 quo
3442 5789 3643 5829 earum

262 5840 388 5897 ratio
416 5850 469 5900 et
489 5847 796 5904 methodus
812 5840 1180 5913 describitur,
1212 5845 1303 5916 qui
1336 5845 1473 5900 vixit
1493 5861 1645 5900 anno
1670 5845 1827 5910 1120,
1855 5846 2022 5919 juxta
2046 5840 2447 5909 Trithemium,
2480 5844 2597 5899 imo
2629 5846 2813 5902 adhuc
2842 5847 2896 5901 in
2920 5849 3264 5918 quibusdam
3287 5840 3649 5905 ECclesiisce-

325 5973 495 6053 (1)00
524 5976 730 6035 Ordine
755 5974 1009 6032 Romano
1038 5973 1644 6049 legeyommentarium
1670 5974 1928 6047 prmium
1954 5975 2013 6031 in
2039 5974 2219 6048 ipsum
2245 5975 2311 6031 D.
2338 5970 2526 6031 Mabill
2568 5970 2702 6028 tom.
2735 5971 2783 6029 Il
2806 5971 2983 6028 Muséi
3012 5971 3208 6034 Italici.
