4092 6200
195 348 258 412 29
1386 345 1594 411 LIBER
1635 334 2309 412 SACRAMENTORUM.
3470 353 3545 416 30

248 493 271 525 ι
314 497 361 538 ix
403 496 626 538 unane.
690 498 956 539 unum].
1023 513 1091 523 -—
1122 500 1171 538 in
1222 499 1429 540 VIGILIA
1493 497 1718 536 NATALIS
1819 470 1869 530 A
1976 484 2275 552 Praefatio.
2309 484 2543 540 -Vere
2583 482 2826 555 dignum
2849 483 3153 555 etjustum
3204 490 3292 542 est
3315 501 3548 558 aequum

853 589 1041 627 DOMINI
1050 615 1062 627 .

190 659 648 731 Ad(89)Nonam.
682 662 887 734 —(90)
929 663 1083 717 Deus
1134 662 1234 735 qui
1261 677 1372 716 nos
1427 658 1789 730 Redemptio.

188 748 463 804 nisaostraa
475 766 678 805 annua
690 752 1125 821 exspectatione
1139 750 1425 816 ltetiticas,
1440 752 1527 816 (9i
1544 768 1558 811 ›
1576 754 1796 816 praesta

187 845 236 893 ut
259 839 612 897 Unicenitum
631 844 800 895 tuum
827 857 1001 912 quem
1018 841 1472 912 Redemptorem
1494 838 1603 894 laeti
1624 852 1795 892 susce

188 927 344 996 pimus
364 928 697 985 venientem
718 945 960 1003 quoque
980 930 1244 999 judicem
1278 929 1470 985 securi
1494 927 1795 983 videamus

191 1015 467 1072 Dominum
496 1024 770 1073 nostrum
799 1021 1002 1074 Jesum
1042 1018 1349 1084 Christum,
1385 1016 1593 1072 Filium
1623 1020 1792 1070 tuum

187 1106 381 1176 t9‘liqui
411 1112 604 1162 tecum
635 1108 775 1163 vivit
805 1112 861 1162 et
885 1113 1095 1173 regnat
1125 1108 1300 1171 Deus,
1326 1107 1383 1163 in
1420 1107 1642 1162 unitate
1671 1104 1793 1176 Spi-

182 1193 300 1247 ritus
322 1193 501 1247 sancti
537 1193 650 1262 (93)
672 1210 778 1265 per
798 1196 994 1251 omnia
1025 1197 1236 1251 sacula
1274 1194 1649 1251 saeculorum.

238 1281 331 1351 (94)
349 1282 540 1350 Super
565 1283 790 1339 oblata.
819 1316 890 1326 —
911 1286 992 1340 Da
1025 1284 1221 1345 nobis.
1251 1280 1790 1349 quaesumusomni-

180 1376 358 1440 potens
381 1373 532 1425 Deus
562 1377 644 1439 ut,
691 1374 843 1429 sicut
895 1374 1205 1431 adoranda
1254 1374 1379 1428 Filii
1433 1374 1512 1428 tui
1570 1372 1796 1428 Natalia

181 1459 541 1527 prevenimus
575 1462 656 1516 sic
687 1463 817 1532 ejus
840 1479 1088 1519 munera
1106 1463 1421 1535 capiamus
1437 1462 1795 1533 sempiterna

178 1545 492 1615 gaudentes.
528 1551 632 1604 Per
656 1550 959 1606 eumdem.

235 1636 336 1703 (95)
369 1638 653 1706 Praefatio
680 1638 728 1693 ι).
764 1673 830 1681 -
863 1643 1001 1696 Vere
1029 1641 1277 1710 dignum
1323 1646 1378 1696 et
1424 1642 1656 1712 justum
1687 1643 1792 1704 est,

178 1740 379 1796 aequum
410 1732 463 1781 et
486 1727 867 1784 salutarenos
892 1729 987 1784 tibi
1004 1734 1312 1797 semperet
1340 1729 1797 1801 ubiquegratias

181 1828 348 1875 acere.
381 1817 618 1871 Domine
651 1823 872 1882 sancte,
924 1819 1093 1874 Pater
1135 1820 1531 1890 omnipotens,
1580 1823 1796 1873 aeterne
1834 1830 1881 1889 Β

180 1904 328 1957 Dens.
353 1903 454 1958 Per
484 1906 784 1961 Christum
818 1908 1128 1962 Dominum
1146 1916 1411 1963 nostrum
1432 1907 1603 1977 cujus
1622 1905 1800 1961 hodie

176 1991 422 2047 faciemin
454 1994 830 2050 confessione
862 1997 1255 2064 praevenimus
1274 2000 1328 2050 et
1354 2012 1502 2049 voce
1552 1992 1799 2065 supplici

177 2094 482 2145 exoramus,
503 2087 563 2135 ut
580 2091 1023 2149 superventurae
1040 2085 1225 2138 noctis
1239 2084 1449 2138 ofﬁciis
1469 2100 1577 2138 nos
1591 2084 1802 2150 itaper—

176 2168 346 2235 vigiles
376 2170 604 2233 reddat,
636 2176 696 2227 ut
719 2171 963 2227 sinceris
1002 2173 1301 2227 mentibus
1334 2173 1461 2242 ejus
1499 2172 1801 2240 percipere

177 2270 473 2312 mereamur
503 2260 705 2314 Natale
724 2261 1105 2315 venturnmin
1120 2276 1243 2331 quo
1272 2259 1579 2315 invisibilis
1595 2276 1661 2313 ex
1676 2260 1800 2312 sub-

173 2347 359 2401 stantia
390 2354 486 2402 tua
516 2348 771 2403 visibilis
813 2365 917 2421 per
936 2366 1176 2405 carnem
1211 2349 1487 2419 apparuit
1517 2349 1573 2404 in
1599 2354 1799 2403 nostra

173 2439 461 2505 tecumque
492 2452 653 2490 unus
684 2452 804 2493 non
838 2444 1098 2507 tempore
1124 2439 1378 2499 genitus,
1406 2453 1527 2492 non
1588 2443 1801 2491 natura

172 2520 402 2589 inferior,
467 2524 551 2580 ad
605 2541 713 2581 nos
768 2527 922 2581 venit
955 2542 1027 2582 ex
1082 2532 1351 2597 tempore
1444 2531 1638 2581 natus.
1691 2525 1801 2579 Per

172 2625 350 2679 quem,
377 2619 489 2668 etc.

228 2699 431 2769 (96iAd
445 2702 863 2773 Complendum
887 2716 932 2758 ο.
952 2735 1020 2745 -—
1045 2707 1128 2760 Da
1146 2704 1338 2767 nobis,
1357 2703 1626 2767 Domine,
1641 2710 1802 2774 quee-

172 2802 376 2855 sumus,
411 2792 706 2860 Unigcniti
730 2792 850 2847 Filii
882 2793 965 2849 tui
993 2794 1283 2848 recensita
1305 2791 1803 2860 Nativitaterespi-

170 2890 283 2932 rare
322 2879 495 2950 cujus
563 2881 787 2937 ccelesti
820 2882 1100 2953 mysterio
1129 2882 1439 2953 pascimur
1458 2886 1802 2951 etpotamur

171 2964 284 3031 (97).
316 2966 423 3023 Per
467 2971 774 3037 eumdem,
836 2977 945 3026 etc.

228 3055 300 3109 Ad
334 3056 630 3126 Vespera.
662 3090 730 3101 —
762 3063 977 3115 Praesta
1008 3060 1338 3116 misericors
1408 3061 1555 3114 Deus
1606 3064 1668 3114 ut
1723 3057 1801 3113 ad

172 3145 603 3239 suscipiendum
628 3147 746 3203 Filii
789 3148 870 3203 tui
906 3149 1203 3219 singulare
1236 3148 1559 3204 Nativitatis
1594 3152 1804 3218 myste—
1835 3185 1879 3247 Ο

169 3230 283 3286 riun
305 3240 361 3287 et
391 3242 624 3290 mentes
641 3238 1010 3293 credentium
1034 3243 1437 3309 praeparentur
1456 3240 1510 3290 et
1537 3251 1657 3292 non
1684 3250 1804 3291 cre-

169 3320 411 3378 dentium
446 3324 639 3380 corda
668 3326 1025 3390 subdantur,
1052 3327 1157 3381 Per
1195 3326 1492 3381 eumdem.

616 3416 729 3481 (98)
760 3432 814 3468 in
833 3416 1032 3471 vimus
1058 3415 1246 3471 Domni
1272 3429 1531 3470 mnocrs.

228 3499 391 3563 Deus,
408 3501 513 3572 qui
542 3500 1162 3559 hancsacratissimam
1179 3508 1413 3559 noctem
1435 3502 1553 3557 veri
1570 3501 1802 3557 luminis

167 3582 329 3641 fecisti
358 3588 1117 3653 illustrationeclarescere.
1138 3592 1217 3647 da
1238 3607 1581 3663 quresumus
1612 3599 1674 3646 ut
1703 3606 1802 3647 cu-

162 3672 245 3741 jus
262 3673 406 3731 lucis
428 3680 721 3749 mysteria
743 3679 799 3734 in
820 3685 972 3736 terra
985 3681 1402 3748 cognovimus,
1417 3681 1546 3749 ejus
1567 3694 1806 3751 quoque

170 3764 384 3825 gaudiis
406 3767 468 3822 in
491 3767 647 3822 caelo
671 3768 1064 3838 perfruamur.
1094 3769 1205 3835 Qui
1231 3774 1426 3824 tecum
1445 3768 1599 3833 vivit,
1625 3772 1733 3823 etc.

170 3849 218 3920 6
244 3854 258 3887 ¹
286 3851 471 3921 Super
500 3856 723 3911 oblata.
756 3888 825 3897 —
846 3857 1100 3926 Accepta
1127 3858 1202 3911 sit
1232 3857 1338 3913 tibi
1360 3858 1625 3921 Domine,
1649 3870 1810 3928 quai-

170 3954 359 3995 sumus
379 3943 698 3999 hodiernae
714 3944 1043 3999 festivitatis
1071 3944 1310 4008 oblatio,
1327 3951 1441 4011 fat.
1475 3950 1598 4014 tua,
1618 3944 1810 4010 gratia

168 4023 453 4095 largiente,
484 4047 597 4102 per
618 4031 744 4087 haec
774 4039 1154 4089 sacrosancta
1183 4033 1545 4099 commercia,-
1565 4033 1621 4086 i-n
1642 4031 1832 4107 illius;

168 4114 522 4174 inveniamur
556 4119 819 4176 formain
845 4136 970 4193 quo
997 4126 1191 4176 tecum
1215 4127 1511 4177 estnostra
1528 4122 1855 4175 substa'n-w

169 4206 255 4260 tia.
277 4208 382 4273 Qui
404 4215 615 4264 tecum
643 4209 790 4264 vivit
809 4216 867 4266 et
895 4218 1103 4283 regnat
1125 4213 1282 4277 Deus;
1302 4212 1363 4277 in
1388 4211 1628 4277 unitate,

174 4379 432 4455 hodiernis
464 4384 811 4440 Missalibus.
844 4386 899 4439 lu
924 4386 981 4440 C.
1001 4385 1138 4452 Reg.
1174 4344 1497 4440 Suadenti;
1519 4340 1703 4455 lignus
1720 4354 1815 4441 Dia-3'

175 4454 372 4528 ponitur
410 4455 738 4528 Benedictio
767 4455 1165 4528 episcoporum,
1196 4458 1377 4511 adesto
1406 4454 1616 4527 suppl.,
1673 4464 1729 4510 ut
1760 4458 1812 4511 in

1903 579 1957 627 et
1978 572 2233 628 salutare
2265 588 2375 628 nos
2392 571 2497 627 tibi
2525 588 2761 642 semper
2785 578 2835 626 et
2866 573 3086 646 ubique
3109 574 3327 642 gratias
3349 591 3545 640 agere,

1907 662 2152 716 Domine
2198 666 2418 727 sancte,
2467 664 2633 716 Pater
2678 662 3069 733 omnipotens,
3111 668 3326 719 aeterne
3370 665 3545 729 Deus,

1904 762 1928 794 ο
1957 754 2059 805 Per
2087 751 2381 807 Christum
2416 750 2731 806 Dominum
2755 756 3041 806 ucstrum.
3095 753 3275 821 Cujus
3329 753 3548 809 divina)

1905 842 2230 897 Nativitatis
2244 842 2559 912 potentiam
2573 841 2835 905 ingenita
2850 842 3076 896 virtutis
3092 847 3207 897 tum
3222 843 3421 909 genuit
3434 859 3550 899 ma-

1907 930 2177 999 gnitudo.
2204 932 2390 996 Quem
2435 946 2671 1000 semper
2714 931 2941 994 Filium,
2994 935 3049 985 et
3111 936 3246 988 ante
3277 936 3548 1002 tempore.

1905 1024 2125 1075 aeterna
2147 1021 2436 1079 genitum.
2485 1020 2628 1091 quia
2686 1019 2787 1075 tibi
2837 1020 3013 1091 pleno
3066 1026 3242 1091 atque
3293 1021 3548 1092 perfecto

1905 1108 2106 1164 aeterni
2135 1109 2318 1164 Patris
2348 1125 2564 1164 nomen
2591 1125 2703 1163 non
2728 1108 2933 1175 defuit,
2953 1109 3550 1180 praedicamus,elho—

1905 1213 2067 1261 nore,
2095 1199 2400 1266 majestate
2422 1203 2596 1269 atque
2617 1197 2828 1253 virtute
2841 1198 3133 1269 aequalem
3152 1198 3252 1253 tibi
3268 1213 3402 1252 cum
3427 1199 3552 1268 Spi-

1904 1288 2014 1341 ritu
2047 1292 2254 1342 sancto
2283 1287 2645 1351 confitemur,
2679 1291 2733 1342 et
2784 1287 2893 1357 (99)
2944 1287 3003 1342 in
3049 1287 3196 1342 trino
3261 1287 3553 1343 vocabulo

1907 1377 2144 1431 unicam
2180 1376 2479 1431 credimus
2508 1377 2897 1444 Majestatem.
2924 1378 2986 1430 Et
3004 1376 3132 1430 ideo
3163 1392 3301 1432 cum
3322 1374 3551 1441 angelis

1904 1472 1960 1519 et
1981 1464 2374 1528 archangelis,
2404 1481 2539 1521 cum
2559 1465 2784 1520 thronis
2801 1470 2856 1518 et
2869 1464 3374 1519 dominationibus
3390 1479 3554 1518 cum-

1904 1568 2022 1625 que
2051 1554 2215 1608 omni
2241 1552 2445 1608 militia
2461 1553 2711 1608 cmlestis
2742 1552 3031 1607 exercitus
3048 1552 3341 1623 hymnum
3357 1551 3553 1622 glorias

1906 1647 2020 1697 tuae
2049 1643 2321 1699 canimus
2338 1643 2462 1696 sine
2494 1642 2603 1697 ﬁne
2629 1642 2890 1697 dicentes
2935 1661 2949 1698 :

1977 1732 2052 1785 Te
2079 1731 2269 1794 igitur,
2303 1730 2759 1786 clementissime
2802 1732 2993 1790 Pater,
3018 1734 3127 1784 etc.

1983 1820 2130 1890 (100)
2166 1819 2513 1876 Benedictio.
2548 1852 2612 1859 —
2646 1819 3035 1890 Omnipotens
3061 1821 3212 1873 Deus
3240 1817 3337 1889 qui
3370 1816 3559 1872 incar-

1910 1908 2147 1963 natione
2177 1907 2465 1967 Unieeniti
2500 1908 2588 1961 sui
2631 1908 2834 1962 mundi
2861 1906 3129 1961 tenebras
3174 1906 3472 1973 eﬂugavit,
3501 1909 3558 1961 et

1912 1996 2168 2064 gloriosa
2183 1997 2479 2051 nativitate
2496 1996 2652 2051 hanc
2675 1996 3139 2051 sacratissimam
3161 2001 3391 2051 noctem
3418 1995 3559 2050 irra-

1910 2083 2114 2149 diavit,
2147 2083 2415 2151 eﬂ‘ngeta
2438 2085 2605 2139 vobis
2632 2083 2902 2138 tenebras
2932 2084 3203 2137 vitiorum
3233 2091 3287 2138 et
3318 2082 3558 2138 irradiet

1911 2172 2091 2227 corda
2114 2176 2309 2227 vestra
2340 2173 2470 2228 luce
2503 2174 2796 2229 virtutum.
2832 2178 3035 2227 Amen.
3069 2172 3293 2241 Quique
3325 2172 3454 2240 ejus
3474 2187 3558 2225 sa-

1911 2260 2245 2317 cratissimae
2259 2261 2583 2316 Nativitatis
2599 2261 2858 2333 gaudium
2875 2276 3132 2325 magnum
3150 2258 3556 2327 pastOribusab

1912 2352 2125 2417 angelo
2145 2349 2595 2404 voluitnnntiari
2634 2350 2758 2420 ipse
2780 2365 2958 2418 super
2975 2364 3082 2403 vos
3131 2348 3556 2403 benedictionis

1912 2453 2032 2491 suae
2050 2437 2437 2509 gratissimum
2453 2437 2685 2503 imbrem
2701 2437 2985 2500 infundat,
3002 2444 3181 2508 atque
3195 2438 3559 2509 ipsopastore

1910 2541 2015 2578 vos
2046 2526 2117 2580 ad
2140 2531 2495 2581 aeternorum
2513 2526 2865 2591 gaudiorum
2880 2542 3095 2596 pascua
3114 2530 3327 2580 aeterna
3355 2524 3562 2595 perdu-

1911 2618 2019 2669 cat.
2055 2619 2261 2669 Amen.
2298 2618 2360 2670 Et
2391 2615 2485 2683 qui
2512 2631 2616 2685 per
2641 2616 2767 2684 ejus
2812 2615 3276 2670 incarnationem
3328 2619 3559 2668 terrena
3604 2670 3611 2673 _

1910 2702 2247 2759 caelestibus
2272 2703 2772 2759 sociavitinterna:
2787 2704 2952 2772 pacis
2984 2708 3039 2758 et
3054 2704 3224 2757 honre
3242 2702 3561 2757 voluntatis

1912 2807 2018 2844 vos
2039 2792 2532 2862 nectarerepleat.
2580 2798 2635 2847 et
2693 2791 2948 2846 ccelestis
2996 2790 3207 2846 militiae
3258 2795 3563 2845 consortes

1911 2878 2127 2936 efﬁciat
2152 2882 2360 2937 Amen.
2388 2880 2553 2945 Quod
2583 2881 2733 2951 ipse,
2766 2886 2856 2935 etc
2883 2879 2920 2934 ί.

1980 2970 2066 3025 Ad
2100 2968 2532 3036 Complendum.
2560 2969 3297 3038 —Danobis,quaesumus,
3316 2966 3565 3022 Domine

1915 3060 2067 3112 Deus
2091 3062 2296 3113 noster
2316 3063 2377 3111 ut
2414 3056 2509 3127 qui
2539 3058 2902 3113 Nativitatem
2954 3057 3187 3112 Domini
3216 3058 3399 3112 nostri
3427 3057 3562 3110 Jesu

1912 3146 2118 3201 Christi
2146 3162 2250 3201 nos
2269 3145 2647 3216 frequentare
2661 3147 3022 3215 gaudemus,
3046 3146 3243 3211 dignis
3259 3160 3566 3200 conversa-

1914 3235 2168 3290 tionibus
2198 3235 2275 3290 ad
2314 3235 2440 3303 ejus
2482 3250 2804 3291 mereamur
2834 3236 3127 3306 pertinere
3178 3234 3559 3291 consortium.

1915 3326 2020 3389 Qui
2046 3330 2244 3379 tecum
2271 3323 2432 3387 vivit,
2458 3328 2566 3378 etc.

1984 3413 2075 3468 Ad
2108 3413 2484 3470 Matutinum.
2506 3445 2575 3454 ——
2601 3413 2845 3483 Respice
2871 3429 2997 3469 nos.
3016 3414 3352 3469 misericors
3386 3413 3562 3478 Deus,

1916 3507 1971 3558 et
2000 3501 2301 3557 mentibus
2332 3499 2648 3555 clementer
2667 3500 2953 3563 humanis,
2996 3508 3272 3556 nascente
3311 3500 3565 3564 Christo,

1919 3607 2162 3645 summae
2192 3589 2451 3645 veritatis
2472 3589 2672 3644 lumen
2697 3588 2960 3644 ostende.
2994 3588 3099 3656 Qui
3132 3594 3314 3644 tecum
3347 3590 3489 3644 vivit
3513 3593 3569 3644 et

1917 3683 2145 3747 regnat.

1918 3767 1968 3837 7
2030 3782 2179 3820 mssa
2232 3763 2465 3835 (100m
2491 3779 2631 3819 usus
2677 3779 2843 3818 enim
2903 3782 3021 3818 rm.
3055 3780 3207 3829 nou,
3264 3778 3389 3819 stve
3442 3780 3570 3819 SAN-

2450 3869 2570 3909 CTJE
2608 3863 2633 3906 α
2673 3868 3017 3909 ΔΝΑΒΤΑΞῘΒ.

1994 3946 2074 3999 Da
2103 3940 2271 4014 (102),
2323 3957 2694 4015 quaesumus,
2726 3943 3088 4012 omnipotens
3141 3943 3316 4004 Deus,
3358 3946 3439 4006 ut,
3473 3941 3570 4012 qui
3662 4010 3667 4013 _

1920 4043 2075 4086 nova
2102 4031 2393 4107 inc_arnati
2424 4031 2592 4113 γενὺὶ
2622 4030 2701 4084 tui
2755 4030 2884 4084 luce
2934 4029 3340 4100 perfundimur
3365 4029 3479 4082 hoc
3510 4027 3569 4082 in

1923 4108 2523 4207 -Jos‘tro“re§piendeat
2546 4134 2741 4187 opere,
2775 4116 2937 4190 quod
2960 4134 3063 4188 per
3091 4118 3271 4171 fidem
3302 4117 3483 4184 fulget
3512 4116 3570 4170 iu

1922 4197 2132 4263 mente.
2178 4197 2295 4262 Per"
2316 4197 2609 4261 etim'dem.

1926 4385 2062 4451 Reg.
2099 4384 2284 4443 Ξυπεοᾷ
2319 4375 2583 4437 θπθωόὶιεῐ
2607 4382 2873 4436 Theoder.
2909 4383 3047 4441 Post
3084 4381 3305 4437 Priefat.
3369 4381 3569 4437 Pamel.

1924 4456 2127 4509 habet:
2158 4454 2311 4519 infra
2331 4456 2595 4522 actionem
2649 4454 3116 4509 Communicantcs
3155 4461 3203 4507 et
3233 4461 3433 4509 noctem
3486 4469 3573 4509 sa-

182 4522 408 4597 Pontific.
465 4526 630 4581 Rom.
681 4534 868 4596 postea
919 4522 1265 4582 Consecratio
1301 4545 1312 4581 :
1373 4522 1521 4581 Deus
1552 4529 1818 4582 honorum
1855 4540 1896 4597 ι)
1925 4528 2116 4581 cratis.
2145 4526 2369 4597 celebr.,
2405 4532 2460 4579 ut
2486 4524 2538 4578 in
2577 4524 2803 4597 lVlissali.
2840 4528 3039 4597 Pavent
3068 4526 3201 4597 Mss.
3228 4525 3575 4597 'l‘heodernet

176 4596 419 4665 omnium.
478 4596 698 4651 Deinde
717 4614 881 4665 super
907 4597 1104 4663 oblata,
1137 4599 1249 4654 haec
1292 4599 1484 4663 hostia,
1516 4605 1643 4658 etc.,
1677 4605 1734 4652 ut
1763 4599 1815 4652 in

180 4664 360 4740 Ppntif.
396 4668 589 4740 Rom.,
642 4664 924 4733 Praefatio,
975 4671 1134 4724 Hanc
1164 4670 1358 4740 igitur,
1409 4675 1512 4724 etc.
1561 4670 1644 4723 Ad
1676 4686 1819 4723 com-

179 4733 441 4812 plendum,
618 4756 712 4792 nos
735 4741 1053 4812 communio,
1084 4733 1207 4796 etc:
1222 4741 1345 4795 Haec
1377 4741 1652 4812 excipiunt
1676 4740 1818 4795 ordi-

180 4807 412 4880 nationes
444 4809 754 4880 presbyteri
782 4818 835 4865 et
860 4810 1096 4865 diaconi.

238 4889 261 4917 ι
293 4879 391 4954 ilic
427 4879 556 4954 non
598 4882 946 4935 consentiunt
991 4882 1150 4950 Mss.,
1183 4882 1285 4937 nisi
1312 4882 1363 4936 in
1389 4882 1603 4938 duabus
1631 4881 1818 4954 priori-

182 4945 269 5001 bus
293 4950 668 5005 Orationibus.

240 5018 461 5075 hAbest
510 5021 764 5077 Praefatio
806 5022 940 5078 Cod.
984 5023 1187 5078 Pamel.
1242 5029 1296 5078 et
1353 5023 1491 5087 Reg.
1545 5023 1706 5077 Suec.
1757 5024 1815 5077 In

179 5086 370 5165 (ἐρωεῖ.
422 5093 760 5165 assignatur
818 5094 1070 5150 Praefatio
1118 5112 1237 5165 quae
1265 5096 1317 5149 in
1367 5096 1510 5149 Edit.
1556 5094 1731 5149 Vatic.
1763 5100 1817 5149 et

181 5158 480 5219 Gussanvil.
503 5158 727 5232 ponitur
748 5181 843 5234 pro
864 5167 1021 5220 tertia
1056 5158 1224 5219 missa
1258 5165 1463 5220 Natalis
1509 5165 1740 5219 Domini.

238 5244 261 5271 ε
290 5234 343 5286 In
373 5234 514 5287 Cod.
547 5234 685 5305 Reg.
718 5235 877 5306 Suec.
926 5243 978 5290 et
1009 5236 1153 5306 apud
1210 5236 1408 5290 Pamel.
1462 5236 1660 5305 legitur
1701 5239 1816 5306 post

183 5300 658 5377 Communr'onenf
697 5305 958 5376 Seiuit'ir
1022 5300 1091 5363 ad
1158 5307 1363 5361 Pamel.
1425 5300 1609 5363 Oratio
1651 5300 1818 5376 super

181 5375 561 5489 $3.5?qu
590 5376 749 5431 abeSt
774 5375 807 5431 ³
836 5378 965 5432 COd'
994 5378 1131 5449 Heg.
1171 5377 1335 5434 SUPC.
1396 5379 1538 5432 sicut
1590 5376 1697 5433 alia
1723 5375 1817 5431 fall

228 5460 331 5512 esp:
336 5464 426 5499 ros
435 5490 447 5499 .

184 5584 212 5635 S
241 5512 263 5550 ἀ
292 5515 343 5567 ln
368 5517 429 5571 Ε.
467 5517 706 5581 Pamel.,
735 5526 967 5582 secreta,
1016 5519 1421 5574 contradicente
1479 5518 1613 5572 Cod.
1674 5517 1812 5590 Reg.

218 5601 330 5635 uec-

218 5601 307 5638 ιιρο
318 5631 330 5641 .

239 5668 262 5693 ε
292 5659 445 5727 Apud
474 5659 706 5723 Pamel.,
740 5660 869 5729 quin
891 5678 993 5725 per
1013 5664 1293 5716 inc-amati
1317 5659 1813 5729 verbimysterz'um,

188 5732 292 5790 etc,
324 5735 381 5783 ut
430 5729 486 5784 iu
514 5729 827 5785 Missalibus
882 5732 1181 5788 hodiernis.
1238 5730 1603 5789 Consentiunt
1668 5732 1806 5787 Cod.

1928 4597 2136 4655 Gemet.
2199 4596 2368 4651 Abest
2419 4597 2521 4650 hoc
2545 4614 2575 4649 a
2606 4596 2738 4650 Cod.
2770 4596 2909 4661 Reg.
2956 4596 3114 4650 Suec.
3149 4596 3241 4649 Sic
3273 4596 3410 4650 adeo
3466 4595 3575 4649 dis-

1927 4672 2150 4737 crepant
2177 4668 2402 4722 Codices
2427 4667 2497 4721 ab
2523 4666 2771 4725 invicem.
2800 4673 2852 4719 ut
2875 4666 3121 4720 immensi
3145 4682 3312 4738 prope
3369 4665 3575 4721 laboris

1928 4738 1995 4793 sit
2027 4754 2214 4792 omnes
2244 4739 2521 4793 variantes
2551 4738 2811 4793 lectiones
2837 4737 3142 4791 observare.

2000 4809 2021 4850 τ
2059 4809 2183 4864 Haec
2238 4809 2556 4863 Benedictio
2617 4826 2740 4879 quae
2770 4809 2854 4861 hic
2882 4826 2987 4863 non
3016 4813 3199 4863 exstat
3226 4809 3278 4863 in
3308 4807 3405 4862 Ed.
3435 4808 3565 4864 Vat.

1928 4886 1980 4935 et
2005 4880 2127 4935 aliis
2158 4884 2359 4952 poster.
2392 4879 2573 4952 est__in
2614 4879 2998 4952 Benedictioali
3029 4898 3062 4952 a
3092 4879 3574 4952 Lambecioedito,

1926 4953 2068 5023 quod
2130 4949 2297 5006 habes
2330 4950 2400 5023 in
2471 4949 2612 5023 Edit.
2644 4950 3196 5023 Gussanvil._‘lbidem
3233 4951 3578 5023 reperiuntur

1927 5020 2116 5077 omnes
2146 5022 2267 5076 aliae
2314 5020 2727 5076 Benedictiones
2780 5021 2834 5074 in
2858 5020 3056 5075 Codice
3083 5021 3418 5078 Menardino.
3456 5022 3578 5076 Mis-

1927 5110 2106 5148 sarum
2158 5092 2352 5147 officiis
2410 5092 2648 5147 insertae.
2709 5092 2802 5163 Sic
2831 5090 3132 5146 absolvitur
3175 5092 3317 5163 apud
3354 5092 3577 5146 Lambe-

1925 5165 2104 5219 cium:
2137 5164 2274 5233 quod
2306 5166 2417 5230 ipse
2448 5170 2719 5234 prmstare
2744 5162 3001 5233 dignetur
3055 5162 3219 5231 cujus
3252 5181 3483 5233 regnum
3527 5167 3579 5218 et

1926 5235 2209 5305 imperium
2234 5235 2346 5288 sine
2389 5235 2498 5303 ﬁne
2543 5241 2823 5303 permanet
2876 5236 2934 5286 in
2965 5236 3169 5289 szecula
3225 5237 3573 5291 szeculorum.

1923 5307 2119 5360 Amen.
2151 5306 2451 5358 Benedictio
2484 5306 2584 5358 Dei
2607 5307 2805 5361 Patris.
2835 5312 2882 5358 et
2915 5305 3064 5371 Filii,
3090 5314 3136 5360 et
3161 5306 3405 5376 Spiritus
3421 5322 3572 5359 sanc-

1927 5378 1986 5441 ti,
2019 5384 2065 5429 et
2094 5394 2207 5446 pax
2230 5376 2441 5430 Domini
2457 5378 2528 5429 sit
2549 5393 2760 5443 semper
2788 5376 3074 5430 vobiscum.

1994 5458 2027 5501 8
2052 5448 2378 5513 Assignatur
2412 5464 2634 5517 quoque
2654 5448 2836 5511 statio,
2866 5447 2943 5499 ad
2959 5453 3195 5502 sanctam
3219 5446 3576 5517 Anni-Iasium

1924 5516 2108 5571 tumin
2143 5517 2413 5587 plerisque
2433 5514 2604 5572 Codd.
2641 5518 2840 5572 tumiin
2868 5518 3105 5575 Kalend.
3144 5517 3310 5571 Rom.
3350 5516 3403 5566 In
3437 5514 3569 5587 God.

1926 5588 2064 5655 Reg.
2104 5584 2261 5642 Suec.
2298 5584 2417 5643 dum
2456 5596 2589 5661 sunt
2613 5591 2772 5661 hujus
2818 5588 2997 5661 missae
3020 5588 3394 5648 Prcefationes.
3428 5584 3576 5657 prior

1927 5662 1994 5715 de
2026 5672 2217 5717 sancta
2242 5660 2554 5726 Anastasia,
2589 5660 2695 5716 alia
2721 5662 2785 5715 de
2813 5660 3128 5715 Nativitate.

3945 6094 3977 6104 ⁵
