4092 6200
397 339 472 400 31
1631 339 1896 404 SANCTI
1933 337 2284 410 GREGORII
2320 350 2560 421 MAGNI
3719 367 3795 432 3i

466 472 626 531 Alia.
660 509 728 519 --
753 479 857 540 Da,
891 465 1228 547 quaesumus
1253 472 1613 544 omnipotens
1646 477 1797 533 Deus
1847 482 1907 533 ut
1936 475 2038 550 qui
2071 470 2122 534 Α
2149 483 2332 546 ducat
2346 490 2422 546 ad
2435 491 2762 550 saiietatem
2777 498 3118 553 mternorum
3151 495 3560 570 praemiorum.
3588 500 3797 558 Amen.

393 568 578 627 beatae
592 571 916 627 Anastasim
933 569 1197 641 martyris
1211 574 1326 626 tute
1341 569 1629 626 solemnia
1645 569 1896 627 colimus
1917 571 2041 642 ejus

395 659 555 732 apud
576 665 626 715 te
644 659 978 728 patrocinia
992 659 1331 716 sentiamus.
1350 660 1454 716 Per
1469 659 1660 715 Domin
1671 677 1770 716 um
1789 665 2042 717 nostrum

392 750 583 805 Jesum
625 747 942 804 Christum.

464 852 652 926 'Super
679 855 892 912 oblata.
914 887 982 896 --
1021 855 1264 912 Munera
1292 858 1498 912 nostra
1535 871 1906 924 quaesumus,
1939 858 2045 912 Do-

393 945 564 1008 mine,
583 945 902 1000 Nativitatis
921 943 1216 999 hodiernae
1227 944 1512 1016 mysteriis
1525 949 1657 1014 apta
1677 945 2040 1014 proveniant,

395 1037 461 1088 ut
491 1034 638 1101 (103)
676 1033 824 1088 sicut
849 1032 1034 1088 homo
1065 1033 1298 1099 genitus
1317 1033 1478 1090 idem
1500 1033 1728 1090 refulsit
1761 1037 1928 1096 Deus.
1963 1033 2046 1090 sic

394 1122 570 1178 nobis
599 1123 720 1178 haec
738 1127 966 1178 terrena
981 1121 1318 1179 substantia
1331 1122 1594 1179 conferat
1605 1123 1769 1196 quod
1783 1123 2044 1180 divinum

393 1215 501 1268 est.
533 1212 641 1267 Per
668 1211 970 1268 eumdem.

465 1319 622 1375 Alia.
651 1351 721 1360 —
746 1320 978 1390 Accipe,
1011 1337 1380 1392 quaesumus,
1411 1320 1680 1385 Domine,
1699 1319 2048 1377 muneradi-

335 1451 340 1462 .
395 1411 649 1478 gnanter
669 1407 891 1474 oblata,
925 1413 1000 1475 et,
1021 1411 1204 1466 beaten
1227 1410 1555 1466 Anastasiae
1588 1409 2052 1476 suffragantibus

397 1497 622 1552 meritis
644 1497 721 1552 ad
745 1502 966 1554 nostrae
999 1497 1205 1554 salutis
1237 1498 1520 1554 auxilium
1576 1499 1886 1569 provenire
1913 1515 2052 1556 con-

393 1585 557 1642 cede.
589 1587 696 1642 Per
728 1587 1043 1642 Dominum
1065 1592 1324 1644 nostrum
1339 1589 1530 1645 Iesum
1548 1588 2046 1646 ChristumFilium

393 1680 584 1732 tuum.
623 1675 728 1742 Qui
754 1681 950 1732 tecum
989 1676 1149 1734 vivit.

465 1783 620 1852 (1M)
653 1783 938 1853 Praefatio.
969 1815 1038 1825 —
1067 1785 1210 1838 Vere
1241 1784 1494 1856 dignum
1557 1789 1611 1840 et
1645 1785 1876 1856 justum
1936 1787 2042 1849 est,

393 1887 628 1942 mquum
662 1876 717 1927 et
749 1873 1008 1928 salutare
1040 1889 1150 1927 nos
1182 1873 1530 1944 tibisemper
1560 1879 1614 1929 et
1655 1873 1878 1944 ubique
1911 1889 2048 1938 gra-

394 1961 504 2017 tias
527 1977 702 2026 agere
723 1961 972 2018 Domine
1005 1967 1226 2027 sancte,
1244 1963 2048 2034 Pateromnipotens,mterne

395 2053 580 2108 Deus:
623 2051 763 2124 quia
791 2051 970 2106 nostri
1007 2051 1324 2108 Salvatoris
1355 2051 1640 2108 hodielux
1662 2067 1808 2108 vera
1837 2067 2048 2123 proces

395 2140 485 2201 sit,
511 2156 642 2210 quae
672 2139 833 2194 clara
863 2139 1038 2194 nobis
1054 2140 1256 2195 omnia
1275 2141 1638 2196 etintellectu
1659 2140 2050 2197 manifestavit

394 2233 452 2285 et
480 2228 626 2283 visu.
659 2231 723 2283 Et
749 2228 882 2283 ideo
915 2245 1042 2284 cum
1076 2229 1305 2288 angelis
1355 2233 1413 2285 et
1465 2230 1862 2295 archangelis,
1917 2247 2044 2286 cum

391 2316 620 2374 thronis
641 2321 693 2370 et
723 2315 1240 2372 dominationibus
1269 2319 1693 2390 cumqueomni
1723 2318 1921 2374 militia
1935 2336 2043 2375 cm-

392 2403 556 2460 lestis
585 2405 900 2472 exercitus,
923 2403 1213 2477 hymnum
1234 2405 1430 2474 gloriae
1455 2411 1567 2464 tum
1594 2407 2047 2473 canimus,sines

392 2493 513 2548 fine
563 2492 839 2548 dicentes.

451 2600 562 2655 ‘Ad
591 2599 1026 2666 Complendum.
1054 2601 1580 2672 —(105)Ejusnos,
1613 2603 1875 2670 Domine,
1895 2604 2048 2677 (lO6l

400 2689 758 2745 sacramenti
783 2689 1040 2760 semper(
1050 2691 1169 2759 107)
1184 2691 1400 2746 natalis
1418 2691 1702 2748 instauret
1717 2694 1912 2765 cujus(
1923 2696 2046 2754 108)

395 2778 677 2833 Nativitas
689 2778 1000 2846 singularis
1017 2779 1226 2836 human
1236 2795 1323 2836 am
1336 2779 2046 2852 repulitvetustatemﬂui

395 2870 590 2922 tecum
623 2867 678 2921 vi
691 2865 792 2922 vit.

465 2972 619 3028 Alia.
645 3010 718 3021 —
747 2973 1004 3038 Satiasti,
1042 2974 1284 3032 Domine
1309 2974 1768 3033 familiamtuam
1795 2979 2046 3034 muneri-

393 3058 510 3116 bus
542 3060 725 3117 sacris
755 3079 769 3130 ;
795 3061 944 3131 ejus,
969 3077 1313 3132 quaesumus
1339 3081 1573 3136 semper
1617 3064 2043 3124 interventione

2151 575 2300 648 (111)
2314 580 2667 655 Quiqueejus
2684 584 3196 643 infantiamvilibus
3213 587 3554 644 voluitindui
3573 587 3796 660 pannis,

2149 667 2277 736 ipse
2293 685 2397 725 vos
2416 672 2730 728 caelestium
2747 677 3210 732 vestimentorum
3231 677 3434 734 induat
3451 675 3800 734 ornamentis

2152 756 2361 814 Hmen.
2391 761 2556 826 Quod
2589 763 2713 828 ipse
2743 765 3336 836 prmstaredignetur,
3361 767 3529 837 cujus
3543 782 3798 836 regnum

2151 849 2208 902 et
2225 844 2517 916 imperium
2534 850 2660 906 sine
2675 851 2794 908 ﬁne
2807 858 3114 922 permanet
3130 852 3191 908 in
3206 853 3416 910 saecula
3432 855 3774 910 smculorum
3786 897 3798 909 .

2153 935 2352 990 Amen.
2384 938 2724 996 Benedictio
2757 939 2855 996 Dei
2893 942 3077 997 Patris
3131 947 3189 998 et
3238 942 3383 1011 Filii,
3438 947 3496 999 et
3557 942 3800 1015 Spiritus

2155 1023 2370 1079 Sancti.
2405 1028 2467 1082 Et
2489 1041 2604 1098 pax
2632 1028 2863 1086 Domini
2901 1031 2978 1087 sit
3003 1045 3241 1102 semper
3269 1030 3608 1088 vobiscum.

2226 1129 2319 1186 Ad
2348 1130 2777 1201 Complendum.
2818 1167 2885 1178 —
2940 1137 3087 1204 (112)
3149 1138 3396 1218 Praesta,
3435 1153 3802 1212 quaesumus,

2155 1219 2537 1290 omnipotens
2571 1224 2740 1287 Deus.
2781 1228 2845 1280 ut
2866 1230 3041 1292 natus
3072 1225 3240 1280 hodie
3265 1225 3538 1282 Salvator
3569 1225 3800 1290 mundi,

2160 1305 2309 1362 sicut
2332 1308 2548 1365 divinae
2580 1311 2755 1367 nobis
2792 1314 3194 1382 generationis
3247 1320 3338 1370 est
3385 1321 3594 1371 auctor
3619 1315 3702 1370 ita
3749 1320 3806 1370 et

2159 1393 2617 1455 immortalitatis
2643 1401 2864 1474 sitipse
2887 1402 3155 1474 largitor.
3197 1405 3305 1470 Qui
3336 1409 3531 1461 tecum
3574 1403 3711 1460 vivit
3749 1408 3808 1460 et

2160 1490 2372 1556 regnat
2411 1489 2584 1544 Deus.

2159 1601 2312 1656 Αιίιε
2349 1603 2670 1661 Οναιεοηεε.
2722 1637 2786 1646 -
2842 1606 3113 1666 Concede
3195 1608 3390 1674 nobis,
3444 1607 3808 1681 omnipotens

2161 1689 2337 1755 Deus,
2358 1700 2420 1747 ut
2446 1693 2709 1750 Salutare
2735 1700 2907 1752 tuum
2935 1713 3088 1753 nova
3104 1695 3386 1754 ccelorum
3403 1696 3533 1754 luce
3548 1696 3808 1756 mirabile

2159 1780 2318 1850 quod
2337 1782 2409 1836 ad
2431 1783 2669 1839 salutem
2687 1783 3189 1843 mundibodierna
3228 1787 3537 1846 festivitate
3569 1803 3806 1859 proces-

2160 1868 2252 1932 sit,
2273 1871 2486 1926 DOSil‘iS
2513 1889 2752 1946 semper
2776 1875 3134 1931 innovandis
3153 1875 3430 1932 cordibus
3446 1875 3683 1932 oriatur.
3701 1877 3806 1950 Qui

2161 1961 2379 2013 tecum.

2229 2064 2378 2122 Alia.
2411 2097 2478 2107 —
2515 2067 2903 2140 Omnipotens
2933 2069 3285 2142 sempiterno
3309 2073 3482 2135 Deus,
3515 2069 3618 2141 qui
3644 2069 3804 2126 hunc

2157 2151 2313 2208 diem
2347 2171 2454 2224 per
2476 2155 2938 2214 incarnationem
2965 2159 3139 2216 Verbi
3162 2157 3244 2215 tui
3271 2163 3577 2230 etpartum
3612 2158 3801 2214 beatis

2157 2241 2347 2297 Mariae
2379 2244 2618 2308 virginis
2645 2247 3024 2313 consecrasti,
3067 2247 3147 2303 da
3177 2247 3410 2318 populis
3441 2247 3555 2302 tuis
3597 2247 3655 2302 in
3687 2247 3801 2302 hac

2156 2329 2490 2386 celebritate
2513 2335 2878 2391 consortium
2899 2341 2982 2400 ut,
3005 2336 3105 2407 qui
3124 2341 3215 2392 tua
3231 2336 3419 2401 gratia
3433 2340 3566 2390 suut
3585 2335 3799 2393 redem-

2156 2420 2239 2490 pti
2268 2424 2370 2475 tua
2390 2421 2511 2477 sint
2537 2422 2848 2494 adoptione
2875 2425 3085 2480 securi.
3115 2425 3224 2480 Per
3255 2423 3548 2479 eumdem.

2227 2526 2367 2582 Alta
2393 2558 2456 2568 -
2490 2528 2955 2586 Fundamentum
2987 2530 3125 2586 fidei
3168 2535 3385 2585 nostra
3440 2530 3616 2594 Deus,
3647 2530 3802 2601 (113)

2155 2613 2255 2685 qui
2287 2615 2346 2669 in
2379 2617 2677 2672 mentibus
2699 2620 2919 2674 sanctis
2947 2619 3307 2691 tanquamin
3334 2619 3580 2674 excelsis
3595 2618 3801 2675 monti-

2154 2700 2268 2757 bus
2285 2705 2620 2761 aeternitatis
2635 2712 2856 2778 portas,
2875 2708 3107 2779 justitia
3119 2709 3438 2773 muniente,
3457 2710 3795 2780 componis.

2154 2793 2415 2848 concede
2428 2793 2600 2849 nobis
2615 2795 2670 2850 in
2688 2801 2742 2852 te
2755 2795 3005 2865 gloriose
3030 2796 3288 2862 credere,
3301 2803 3582 2870 tuumque
3601 2797 3800 2852 Filium

2156 2881 2474 2938 Dominum
2506 2889 2776 2940 nostrum
2808 2885 2884 2940 ad
2925 2885 3404 2956 Redemptionem
3455 2885 3796 2942 animarum

2151 2967 2446 3027 hominem
2472 2970 2694 3028 factum
2724 2973 3177 3044 prmdicabiliter
3206 2974 3496 3030 conﬁteri.
3553 2975 3660 3040 Qui
3720 2978 3800 3029 te-

2151 3073 2310 3125 cum,
2339 3064 2450 3116 etc.

394 3164 500 3205 nos
519 3149 711 3205 refove
724 3151 894 3218 cujus
906 3151 1198 3207 solemnia
1210 3152 1598 3210 celebramus.
1618 3155 1727 3210 Per
1742 3155 2039 3212 Dominum
2072 3186 2118 3249 ο
2226 3164 2380 3222 Alia.
2413 3197 2480 3207 —
2510 3167 3138 3240 Largire.quaasumus.
3154 3168 3402 3224 Domine
3417 3168 3659 3225 famulis
3678 3167 3793 3224 tuis

392 3242 661 3294 nostrum
692 3240 894 3294 Jesum
927 3240 1246 3305 Christum,
1279 3246 1392 3299 etc.

501 3343 596 3382 vm
623 3343 742 3383 KAL.
795 3340 1115 3384 “suasua.
1150 3346 1289 3384 —1N
1331 3347 1415 3384 me
1440 3333 1669 3388 muns
1707 3347 1923 3391 eoum.

464 3414 614 3486 (109)
645 3416 914 3472 Concede
935 3434 1284 3489 quaesumus
1353 3419 1730 3491 omnipotens
1780 3424 1954 3482 Deus.
1979 3425 2044 3479 ut

393 3519 502 3559 nos
525 3505 813 3574 Unigeniti
837 3507 958 3562 Filii
991 3508 1076 3563 tui
1110 3523 1268 3564 nova
1305 3523 1408 3580 per
1443 3525 1677 3566 carnem
1758 3511 2041 3568 Nativitas

391 3591 594 3651 liberet
622 3611 771 3664 quos
789 3595 904 3652 sub
929 3597 1160 3667 peccati
1181 3598 1331 3668 jugo
1347 3602 1574 3656 vetusta
1597 3599 1852 3656 servitus
1865 3606 2037 3658 tenet.

395 3686 504 3752 Qui
535 3691 718 3744 tecum
741 3688 900 3745 vivit.

462 3766 644 3838 Super
671 3769 965 3824 oblata.—
995 3769 1225 3834 Oblata.
1277 3771 1524 3826 Domine
1582 3789 1834 3829 munera
1887 3789 2042 3830 nova

393 3855 684 3920 Unigeniti
718 3857 802 3912 tui
828 3859 1138 3914 Nativitate
1164 3860 1497 3923 sanctifica,
1518 3875 1752 3932 nosque
1777 3877 1812 3915 a
1842 3877 2043 3931 pecca-

393 3947 586 4000 torum
619 3949 958 4002 nostrorum
991 3947 1050 4018 8
1090 3946 1342 4003 maculis
1395 3948 1676 4004 emunda.
1723 3949 1832 4004 Per
1878 3965 2041 4004 eum-

390 4031 688 4098 dem,etc.
1551 4107 1558 4112 _
1627 4094 1686 4104 ._
1735 4083 1780 4106 ι.

463 4122 782 4191 Ρνκίαιίο.
798 4155 866 4164 -
890 4125 1031 4180 Vere
1046 4123 1288 4190 dignum
1313 4129 1368 4180 et
1383 4107 1602 4193 justum
1619 4105 2048 4198 estgepquumet—

395 4208 651 4264 salutare
679 4226 788 4265 nos
809 4211 912 4267 tibi
946 4227 1185 4282 semper
1215 4217 1271 4267 et
1314 4212 1537 4284 ubique
1591 4214 1814 4278 gratias
1843 4229 2039 4284 agere,

2151 3253 2301 3324 (114)
2336 3254 2468 3310 fidei
2501 3261 2556 3311 et
2588 3257 2918 3314 securitatis
2940 3258 3540 3330 augmentum,utqui
3562 3256 3796 3313 deNati-

2149 3341 2322 3397 vitate
2349 3342 2473 3399 Filii
2495 3345 2570 3399 tui
2607 3344 2852 3400 Domine
2883 3345 3071 3400 nostri
3098 3346 3424 3415 gloriantur
3450 3350 3508 3401 et
3551 3345 3799 3400 adversa

2149 3429 2372 3491 mundi,
2402 3437 2455 3486 te
2481 3432 2870 3501 gubernante,
2907 3447 3021 3488 non
3045 3433 3316 3497 sentiant,
3336 3438 3392 3490 et
3420 3450 3556 3506 qum
3575 3439 3798 3504 tempo-

2147 3517 2350 3575 raliter
2376 3521 2434 3592 9
2455 3520 2754 3577 celebrare
2783 3521 3145 3587 desiderant,
3171 3522 3301 3578 sine
3316 3522 3431 3578 fine
3456 3521 3796 3594 percipiant,

2148 3607 2273 3663 Per.

2219 3698 2364 3753 Alia.
2391 3729 2460 3739 -—
2487 3697 2661 3762 Deus,
2714 3699 2816 3772 qui
2849 3715 2954 3771 per
2983 3699 3165 3756 beatae
3178 3700 3368 3755 Maria:
3399 3699 3640 3768 virginis
3666 3715 3798 3769 par-

2149 3788 2274 3840 tum
2301 3787 2427 3842 sine
2451 3787 2710 3844 humana
2727 3788 3234 3860 conscupiscentia
3249 3788 3699 3857 procreatum,iu
3717 3787 3801 3844 Fi-

2147 3872 2206 3928 lii
2237 3875 2316 3928 tui
2347 3875 2620 3932 membra
2650 3883 2938 3933 venantes
2975 3877 3126 3950 (115)
3154 3875 3413 3948 paternis
3437 3875 3620 3931 fecisti
3654 3892 3799 3946 prte-

2150 3960 3004 4046 judiciisnonoteqeri.prmsta,
3029 3981 3400 4037 quaesumus,
3425 3968 3488 4019 ut
3513 3965 3662 4036 (116)
3686 3965 3796 4020 bu-

1824 4072 1848 4122 -,
1927 4063 1977 4106 ι·
2026 4057 2034 4135 ς
2142 4047 2243 4135 jus
2261 4037 2558 4135 creatuth
2576 4037 2834 4116 niivitate
2864 4057 3141 4124 suscepta
3195 4051 3504 4109 vetustatis
3533 4053 3795 4125 antiquae

2149 4127 2450 4206 contagiis
2464 4127 2771 4196 extiamur.
2805 4142 2911 4198 Per
2934 4142 3225 4197 eumdem.

2220 4224 2834 4313 Alia,
2869 4231 2972 4303 qui
3001 4231 3287 4286 humanae
3333 4228 3679 4284 substantias
3710 4229 3799 4284 di-

391 4297 636 4354 Domine
659 4305 880 4370 sancte,
895 4301 1477 4368 Pateromnipotens.
1494 4307 1711 4388 reterns
1733 4303 2045 4391 Degis;un

2165 4297 2874 4396 ςέίῖξὶᾴἧεὲᾖιᾶἤειῦἷῆὧν
2890 4297 3208 4375 condidisti
3241 4323 3297 4374 et
3329 4317 3660 4373 mirabilius
3713 4333 3798 4373 re-

390 4401 498 4457 per
521 4385 810 4442 incarnati
843 4389 1013 4444 Verbi
1049 4389 1384 4459 mysterium
1407 4385 2045 4481 ῐῑρξιᾶτῐῄθίιῑίκξιρςξωῷ

2165 4385 2444 4475 ῗᾴιεσξιιιέιῖξ
2470 4385 2548 4461 ἆέ
2570 4385 2741 4461 nobis
2767 4424 3113 4480 quaesumus
3143 4408 3272 4476 ejus
3307 4405 3636 4460 divinitatis
3670 4420 3798 4460 esse

391 4474 580 4530 οουιίς
607 4475 704 4530 illX
727 4482 843 4532 tum
875 4477 1155 4532 claritatis
1177 4474 1710 4541 ἰηΐιιιείισυίζιῖἰάαῖ
2077 4543 2118 4567 n
2149 4474 2453 4548 cionsnrtes
2475 4496 2574 4567 qui
2605 4474 2994 4550 hilma—nitatig
3026 4474 3238 4549 nostpag
3255 4494 3375 4548 ﬁeri
3400 4492 3682 4565 dignatus
3712 4499 3799 4548 est

400 4563 583 4619 neum
615 4565 1206 4655 cognoscimusper
1248 4567 1406 4622 hunc
1464 4567 1611 4638 (κο)
1653 4567 2040 4624 ίηνῑείδίιίυω
2077 4543 2119 4602 ο
2151 4543 3169 4655 estates};sane;"ait...
3227 4589 3386 4650 tuus,
3441 4543 3546 4655 (fui
3602 4587 3797 4638 tecum

393 4665 598 4707 amore
625 4653 954 4724 rapiamur.
973 4657 1038 4708 Et
1076 4653 1211 4709 ideo
1239 4671 1373 4709 cum
1399 4655 1646 4724 angelis.

461 4741 534 4794 Te
557 4740 750 4804 igitur,
769 4741 1225 4798 clementissime
1259 4743 1446 4809 Pater,
1477 4748 1614 4808 etc.,
1641 4749 1704 4798 ut
1729 4744 1967 4815 suprab.

421 4881 431 4892 ,
467 4828 806 4886 Benedictio.
839 4860 905 4870 —
930 4829 1245 4885 Benedicat
1275 4830 1837 4903 vobisomnipotens
1869 4835 2040 4896 Deus,

391 4920 772 4988 vestramque
792 4918 867 4974 ad
886 4934 1144 4991 superna
1156 4919 1866 4992 excitetintentionemqui
1888 4920 2046 4977 hanc

392 5005 858 5063 sacratissimam
886 5007 1036 5062 diem
1063 5006 1372 5064 Nativitate
1399 5007 1519 5064 Filii
1549 5009 1638 5065 sui
1664 5008 1941 5066 fecitesse
1955 5025 2046 5064 so-

385 5081 662 5148 lemnem.
681 5104 886 5150 Amen.
917 5095 1548 5167 thuieumquiPanis
1576 5100 1665 5152 est
1693 5097 2044 5167 angelorum

392 5181 453 5237 in
484 5183 730 5254 prmsepi
749 5183 1018 5240 Ecclesia:
1045 5182 1244 5239 cibum
1263 5182 1537 5240 fecitesse
1557 5184 1819 5240 ﬁdelium
1838 5185 2048 5241 anima-

391 5268 537 5326 lium
570 5269 697 5341 ipse
722 5287 830 5326 vos
845 5275 900 5326 et
931 5271 987 5327 in
1009 5271 1281 5343 praesenti
1304 5272 1525 5327 saeculo
1546 5272 1852 5340 degustare
1869 5272 2048 5330 faciat

389 5363 748 5416 aeternorum
771 5359 1142 5415 dulcedinem
1158 5359 1518 5430 gaudiorum
1547 5368 1602 5414 et
1629 5359 1688 5415 in
1708 5359 1906 5418 futuro
1919 5377 2049 5434 per-

463 5520 489 5552 ι
521 5509 580 5564 In
627 5509 855 5581 Kalend.
911 5508 1095 5572 Rom.,
1130 5508 1272 5562 sicut
1315 5507 1370 5581 i_n
1403 5507 1500 5562 Ed.
1539 5507 1746 5581 Pamel.
1773 5513 1831 5581 et
1859 5509 2049 5581 pleris-

397 5595 503 5651 que
528 5581 684 5646 Ms.,
716 5580 918 5652 legitur
945 5581 1017 5634 ad
1043 5586 1287 5635 sanctum
1307 5578 1550 5644 Petrum,
1585 5579 1678 5634 ubi
1708 5578 1873 5635 statio
1901 5581 2044 5636 indi-

400 5655 686 5792 caiiuXpud
715 5721 1012 5778 Pamelium
1051 5725 1174 5794 post
1231 5718 1615 5777 Praefationem
1663 5719 1856 5790 babes,
1894 5721 2048 5794 infra

2152 4671 2306 4726 vivit.

2222 4743 2378 4797 Alia.
2413 4771 2482 4783 —
2504 4741 2894 4812 Omnipotens
2917 4741 3443 4812 sempiterneDeus
3470 4741 3570 4812 qui
3596 4741 3653 4795 in
3679 4739 3798 4796 Filii

2151 4829 2237 4886 tui
2269 4829 2492 4885 Domini
2525 4830 2702 4884 nostri
2737 4830 3042 4886 Nativitate
3072 4829 3322 4885 tribuisti
3351 4827 3525 4884 totius
3571 4829 3799 4884 religio-

2153 4918 2248 4973 nis
2291 4917 2523 4972 initium
2585 4917 3126 4990 perfectionemque
3181 4923 3448 4973 constare
3501 4917 3580 4972 da
3635 4915 3802 4973 nobis

2153 5022 2523 5077 quaesumus,
2551 5005 2612 5061 in
2638 5006 2766 5076 ejus
2790 5006 3057 5078 portione
3085 5006 3329 5070 censeri,
3358 5009 3415 5060 in
3469 5021 3591 5078 quo
3625 5005 3802 5086 totius

2155 5092 2361 5148 salutis
2381 5093 2664 5149 humanm
2709 5111 2950 5150 summa
2977 5094 3262 5150 consistit.
3297 5094 3406 5158 Qui
3435 5099 3632 5150 tecum
3664 5095 3804 5150 vivit

2155 5189 2210 5238 et
2241 5187 2444 5252 regnat
2478 5185 2648 5238 Deus.

2227 5272 2373 5326 Alia.
2405 5301 2471 5311 —
2505 5273 2605 5336 Da,
2644 5287 3017 5344 qumsumus,
3054 5271 3308 5335 Domine,
3339 5271 3560 5342 populo
3592 5276 3692 5327 tuo
3720 5271 3805 5326 in-

2153 5358 2490 5416 violabilem
2507 5359 2640 5416 fidei
2657 5360 3005 5425 ﬁrmitatem,
3025 5365 3086 5414 ut
3101 5362 3202 5432 qui
3225 5359 3603 5430 Uuigenitum
3618 5365 3800 5430 tuum,

2153 5511 2264 5581 act.
2291 5510 2760 5565 Communicantes
2779 5515 2831 5564 et
2850 5509 2986 5564 diem
3003 5510 3282 5566 sacratiss.
3303 5509 3492 5564 σειρὸν.
3511 5527 3618 5581 quo
3640 5509 3701 5563 Β.
3722 5508 3800 5581 Μ.

2153 5579 2340 5649 intem,
2371 5583 2662 5651 virginitas
2693 5581 2810 5652 (per
2834 5598 3069 5652 errorem
3096 5581 3402 5652 nativitas).
3433 5579 3558 5652 etc.,
3590 5597 3708 5652 qua)
3733 5579 3803 5632 le-

2157 5658 2366 5724 guntur
2392 5652 2446 5706 in
2465 5650 2787 5724 Ed.‘Vatic_.
2814 5658 2866 5706 et
2909 5651 3246 5723 Gussanvil.,
3270 5667 3478 5706 necnon
3507 5650 3559 5706 in
3588 5650 3796 5706 Gemet.

2160 5721 2385 5780 'Abesta
2414 5723 2544 5780 Cod.
2578 5721 2717 5796 Reg.
2751 5722 2913 5779 Suec.
