4086 6198
257 249 322 308 37
1444 224 1652 294 LIBER
1693 220 1864 288 SACF

1989 214 2365 285 TENTORUM.
3527 187 3602 284 538

254 371 496 435 fecunda,
521 370 783 426 humano
808 366 1008 438 generi
1028 366 1271 438 praemia
1288 363 1617 436 praestitisti,
1641 359 1848 422 tribue,
1885 357 1930 416 A
2034 352 2341 410 Przfatio.
2375 383 2443 393 —
2464 354 2604 408 Vere
2628 340 2871 421 dignum
2905 356 2960 406 et
2986 351 3211 422 iustum
3242 355 3349 417 est.
3381 369 3613 425 aequum

253 476 566 536 quasumus,
596 457 870 528 utipsam
897 472 1001 527 pro
1022 455 1196 509 nobis
1231 454 1590 509 intercedere
1629 449 1854 506 sentia-

251 568 377 613 mus,
403 564 499 621 per
524 562 706 620 quam
741 546 1069 601 meruimus
1092 550 1381 597 auctorem
1402 542 1529 595 vita:
1560 540 1853 609 suscipere

252 638 527 694 Dominum
560 638 829 690 nastrum
854 634 1051 688 lesum
1081 631 1373 686 Christum
1405 630 1612 685 Filium
1664 632 1852 682 tuum.

304 726 442 782 Alia.
467 755 525 765 —
544 724 713 787 Deus,
732 723 828 795 qui
854 720 1027 776 nobis
1042 719 1164 775 nati
1191 719 1503 774 Salvatoris
1529 717 1686 771 diem
1710 715 1856 770 cele-

248 817 387 870 brare
417 811 522 884 14
547 809 827 867 concedis
857 818 1153 869 octavum,
1197 806 1286 862 fac
1324 822 1693 879 quaesumus,
1748 820 1857 858 nos

246 906 350 973 ejus
379 907 656 974 perpetua
696 897 1004 954 divinitate
1044 896 1262 952 muniri
1295 896 1467 966 cujus
1506 910 1711 949 sumus
1733 908 1854 948 car-

245 992 343 1048 nali
371 987 728 1046 commercio
775 986 1054 1058 reparati.
1081 986 1186 1048 Qui
1210 990 1413 1040 .tecum
1448 983 1605 1044 vivit.
1640 986 1746 1037 etc.

298 1077 692 1148 Superoblata.
734 1106 794 1116 -
826 1075 1065 1142 Praesta,
1104 1090 1469 1145 quaesumus,
1505 1070 1755 1134 Domini,
1801 1076 1859 1125 ut

243 1185 328 1239 per
350 1167 461 1221 brcc
513 1180 784 1227 munera,
826 1179 955 1236 quas
1004 1162 1232 1218 Domini
1281 1160 1626 1216 n0striJesu
1654 1158 1861 1215 Christi

240 1272 431 1313 arcente
444 1254 628 1310 Nativi
638 1253 767 1308 tatis
782 1252 1053 1324 mysterio
1068 1251 1340 1321 gerimus,
1375 1248 1691 1321 purilicatae
1713 1264 1861 1302 men-

241 1347 301 1400 tis
320 1341 763 1411 intelligentiam
792 1355 1248 1411 consequamur.
1282 1339 1386 1394 Per
1411 1337 1716 1393 eumdem.

297 1432 575 1500 Prw/alio.
606 1461 676 1470 —
705 1430 842 1483 Vere
871 1428 1121 1499 dignum
1144 1427 1441 1498 etjustum
1488 1431 1597 1486 est,
1623 1441 1860 1497 mquum

238 1528 283 1576 et
311 1520 576 1583 salutare,
596 1535 705 1572 nos
731 1516 834 1571 tibi
851 1532 1085 1587 semper
1107 1519 1163 1569 et
1180 1516 1399 1586 ubique
1420 1514 1642 1584 gratias
1663 1528 1856 1581 agere,

243 1608 459 1665 Domine
472 1611 699 1670 sancte,
722 1607 891 1660 Pater
909 1605 1309 1674 omnipotens,
1326 1608 1540 1657 a-terne
1576 1605 1745 1666 Deus,
1764 1618 1862 1674 per

237 1697 502 1753 Christum
529 1694 840 1749 Dominum
874 1698 1145 1747 nostrum
1177 1692 1378 1762 :cujus
1411 1691 1585 1745 hodie
1607 1690 1863 1745 Circum-

240 1784 451 1840 cisionis
483 1775 670 1843 diem.
718 1786 775 1836 et
822 1782 1101 1836 Navitatis
1150 1787 1428 1835 octavum
1473 1778 1859 1845 celebrantes,

241 1882 345 1929 tua.
375 1872 642 1933 Domine,
672 1870 863 1925 mirab
890 1870 984 1934 lia,
1022 1885 1380 1925 veneramur.
1417 1869 1584 1934 Quia,
1613 1884 1743 1939 quae
1769 1883 1865 1938 pe-

240 1961 388 2034 perit,
420 1968 469 2015 et
503 1965 696 2014 mater
715 1965 771 2013 et
795 1960 962 2028 virgo
988 1962 1108 2022 est;
1152 1959 1458 2029 qui_natus
1485 1964 1569 2013 est
1597 1956 1864 2011 etinfans

239 2056 287 2105 et
315 2049 455 2103 Deus
479 2055 590 2103 est.
624 2050 689 2103 Et
718 2047 852 2102 ideo
883 2063 1018 2101 cum
1045 2046 1298 2115 angelis,
1328 2052 1437 2100 etc.

301 2138 650 2192 Benedictio.
673 2167 742 2175 —
755 2136 1136 2206 Omnipotens
1154 2134 1326 2200 Deus,
1344 2134 1506 2203 cujus
1523 2133 1866 2203 Unigenitus

239 2225 498 2281 hodierna
528 2225 654 2289 die,
682 2239 758 2279 ne
783 2224 973 2293 legem
1010 2223 1282 2291 solveret,
1332 2238 1514 2294 quam
1546 2221 1867 2293 adimplere

239 2320 475 2377 venerat,
509 2313 887 2384 corporalem
912 2313 1175 2383 suscepit
1190 2310 1731 2374 circumcisionem,
1749 2309 1870 2381 spi—

236 2402 367 2458 ritali
390 2401 835 2457 circumcisione
864 2404 1091 2455 mentes
1125 2404 1353 2454 vestras
1382 2400 1459 2454 ab
1490 2398 1764 2454 omnibus
1788 2401 1865 2453 vi-

239 2492 430 2545 tiorum
457 2488 779 2546 incentivis
805 2492 1112 2560 expurget,
1133 2492 1188 2543 et
1206 2503 1372 2544 suam
1404 2489 1461 2542 in
1479 2504 1582 2541 vos
1597 2488 1865 2542 infundat

236 2579 720 2634 benedictionem.
753 2579 959 2631 Amen.
997 2579 1059 2631 Et
1098 2578 1199 2650 qui
1255 2576 1447 2645 legem
1486 2592 1591 2648 per
1625 2579 1864 2647 Moysen

236 2667 398 2731 dedit,
424 2674 482 2721 ut
511 2682 619 2738 per
648 2667 1021 2723 Mediatorem
1055 2674 1325 2721 nostrum
1388 2666 1862 2721 benedictionem

237 2757 403 2817 daret,
423 2762 603 2811 exuat
623 2771 728 2810 vos
743 2754 1186 2810 mortiﬁcatione
1203 2754 1466 2808 vitiorum
1481 2759 1535 2808 et
1549 2753 1727 2809 faciat
1746 2770 1866 2825 per-

235 2861 480 2900 severare
506 2845 566 2899 in
608 2845 865 2899 novitate
897 2842 1197 2898 virtutum.
1220 2848 1417 2898 Amen.
1449 2845 1576 2908 Quo
1598 2842 1682 2896 sic
1704 2843 1761 2897 in
1782 2857 1867 2897 se-

236 2935 365 2988 narii
394 2935 628 2988 numeri
644 2931 1082 3003 perfectionem
1108 2932 1221 2987 hoc
1249 2933 1461 2987 saeculo
1494 2931 1866 2993 v1vatis,etin

237 3023 544 3093 septenario
562 3022 717 3076 inter
737 3020 1041 3076 beatorum
1066 3022 1362 3090 spirituum
1392 3021 1626 3091 agmina
1642 3021 1869 3092 requie-

236 3112 411 3166 scatis.
435 3111 595 3181 (135)
621 3112 925 3175 Quatenus
946 3111 1004 3164 in
1022 3118 1233 3165 octavo
1251 3111 1681 3164 resurrectione
1712 3124 1869 3164 reno-

237 3203 358 3263 vati,
382 3199 617 3270 jubitaei
644 3198 993 3254 remissione
1014 3197 1368 3269 ditati,(136)
1400 3198 1475 3253 ad
1506 3197 1729 3267 gaudia
1745 3198 1870 3253 sine

240 3286 339 3343 ﬁne
356 3304 630 3344 mansura
646 3286 1025 3358 perveniatis.
1042 3292 1081 3341 Α
1093 3301 1240 3342 men.
1261 3288 1430 3353 Quod
1443 3286 1568 3359 ipse
1586 3293 1871 3359 prmstare

238 3375 505 3446 dignetur,
537 3376 720 3447 cujus
741 3390 1016 3445 regnum.

300 3483 384 3537 Ad
399 3481 810 3554 complendum.
842 3512 913 3523 -
940 3484 1174 3549 Praesta,
1197 3497 1565 3554 quaesumus,
1601 3481 1870 3550 Domine,

238 3572 447 3643 utquod
478 3571 810 3627 Salvatoris
833 3571 1242 3627 nostriiterata
1278 3570 1644 3628 solemnitate
1676 3588 1872 3644 perce-

238 3660 420 3730 pimus,
450 3659 947 3732 perpetuaanobis
969 3659 1394 3732 redemptionis
1424 3659 1873 3718 conferatmedi-

237 3746 436 3804 cinam.
469 3748 581 3804 Per
629 3746 927 3803 eumdem.

295 3853 475 3923 Super
501 3854 805 3924 populum.
822 3885 887 3893 —
906 3852 1295 3925 Omnipotens
1319 3854 1676 3925 sempiterne
1694 3856 1869 3923 Deus,

236 3940 321 4011 qui
349 3943 404 3997 in
432 3942 747 4011 nnigenito
771 3948 871 3997 tuo
894 3957 1117 3996 novam
1141 3943 1482 3997 Creaturam
1506 3944 1722 3998 nostibi
1744 3960 1871 3999 esse

235 4030 423 4092 fecisti,
442 4032 680 4086 custodi
706 4046 894 4102 opera
911 4029 1324 4085 misericordia:
1345 4038 1473 4095 tuae,
1509 4034 1566 4085 et
1590 4031 1663 4086 ab
1685 4032 1873 4087 omni-

236 4116 331 4172 bus
353 4136 461 4174 nos
494 4118 743 4175 maculis
766 4118 1076 4174 vetustatis
1090 4119 1364 4183 emunda,
1391 4123 1454 4173 ut
1471 4136 1572 4191 per
1592 4120 1868 4175 auxilium

233 4208 547 4276 gratimtua;
570 4208 631 4263 in
662 4208 814 4279 (137)
838 4207 993 4262 illius
1028 4206 1406 4263 inveniamur
1430 4207 1634 4273 forma,
1658 4210 1717 4264 in
1749 4225 1870 4282 quo

235 4300 409 4351 tecum
435 4302 523 4351 est
556 4302 767 4352 nostra
789 4296 1163 4351 susbstantia.
1198 4296 1307 4361 Qui
1339 4302 1535 4353 tecum
1562 4297 1720 4353 vivit.

426 4412 573 4484 (138)
605 4422 633 4451 ι
666 4425 923 4466 DOMINICA
965 4425 1102 4466 rosr
1131 4426 1377 4465 unum
1406 4426 1617 4467 comm.

296 4515 663 4589 Omnipotens
681 4517 1033 4587 sempiterna
1053 4516 1197 4571 Deus
1231 4516 1413 4587 dirige
1449 4525 1612 4574 actus
1642 4525 1869 4577 nostros

230 4601 282 4657 in
313 4602 684 4678 beneplacito
722 4605 995 4671 tuo,utin
1025 4604 1268 4660 nomine
1285 4604 1619 4662 dilectiFilii
1651 4610 1732 4664 tui
1759 4626 1869 4666 me-

229 4705 457 4748 reamur
486 4696 665 4749 bonis
697 4694 982 4765 operibus
1015 4693 1350 4749 abundare.
1381 4695 1489 4760 Qui
1509 4700 1725 4753 tecum.

291 4780 688 4853 Superoblala.
713 4815 769 4823 —
800 4782 1088 4848 Concede,
1116 4796 1491 4856 quazsumus,
1523 4785 1783 4849 Domine,
1810 4792 1872 4844 ut

231 4869 400 4924 oculis
414 4876 531 4926 tua:
551 4870 596 4941 ι
612 4871 665 4943 5
678 4872 996 4941 Majestatis
1020 4887 1236 4926 munus
1250 4870 1513 4930 oblatum
1526 4917 1539 4941 ,
1552 4878 1607 4928 et
1628 4875 1868 4944 gratiam

229 4959 385 5014 nobis
413 4959 756 5015 devotionis
777 4960 1061 5023 obtineat,
1085 4967 1141 5015 et
1164 4958 1440 5016 effectum
1462 4961 1648 5018 beatas
1667 4979 1867 5035 peren-

230 5047 730 5121 nitatisacquirat.
763 5048 871 5103 Per
925 5049 1234 5104 Dominum
1292 5056 1581 5106 nostrum.

226 5183 456 5264 diaria;
500 5189 651 5264 quod
696 5187 899 5261 optime
943 5189 1339 5264 convenitcum
1370 5191 1542 5245 sancti
1620 5193 1868 5264 Gregorii

226 5257 631 5330 Antiptionario,
693 5257 749 5313 ut
794 5279 827 5316 a
859 5262 1094 5315 l‘amelio
1134 5261 1442 5315 exhibetur.
1493 5264 1569 5317 Ea
1615 5257 1756 5318 forte
1799 5265 1866 5320 de

228 5344 375 5383 causa
393 5332 563 5407 etiam
586 5350 738 5407 nunc
772 5332 889 5407 festi
922 5332 1368 5407 (lircumcisionis
1395 5332 1630 5407 officium
1662 5351 1866 5407 magna

229 5412 283 5452 ex
311 5411 458 5473 parte
489 5404 559 5457 ad
586 5404 954 5458 beatissimam
985 5404 1262 5473 Virginem
1295 5403 1548 5473 pertinet.

287 5480 311 5511 ι
342 5472 515 5550 Hujus
543 5475 842 5550 Dominicae
868 5472 1209 5550 nihil‘ex’stat
1237 5472 1509 5550 ini’amel.
1539 5475 1702 5530 autin
1721 5475 1860 5550 Reg.

228 5536 369 5618 §uec.
399 5536 741 5618 Codtcibus,
770 5551 959 5618 praeter
987 5547 1318 5613 Orationem,
1350 5548 1714 5618 omnipotens,
1743 5536 1853 5604 etc.

230 5609 279 5668 ln
306 5613 437 5674 Cod.
470 5619 688 5674 Gemet.
719 5609 907 5673 Oratio
936 5623 1037 5687 est,
1074 5619 1220 5674 Deus
1265 5609 1365 5693 qui
1400 5609 1519 5674 sal:
1556 5625 1650 5675 (et.
1692 5609 1863 5678 beam

1964 446 2019 496 et
2057 440 2337 509 salutare,
2368 441 2589 496 nostibi
2606 455 2839 512 semper
2868 440 3160 511 etubique
3175 442 3396 509 gratias
3414 458 3607 511 agere,

1967 530 2208 586 Domine
2240 535 2462 585 sancte.
2508 532 2674 584 Pater
2721 528 3125 599 omnipotens,
3168 535 3379 585 aeterne
3413 532 3563 586 Deus
3596 547 3608 585 :

1968 617 2075 683 Qui
2103 621 2349 688 peccato
2372 618 2544 690 primi
2567 618 2823 688 parentis
2850 618 3154 672 hominem
3186 633 3221 672 a
3251 619 3461 673 salutis
3477 619 3611 674 tini—
3706 676 3713 681 κ

1968 707 2082 761 bus
2107 706 2500 766 exsulantem.
2535 706 2770 777 pietatis
2804 704 3171 773 indulgentia
3185 706 3263 761 ad
3278 708 3512 763 veniam
3530 708 3611 763 vi-

1966 801 2209 866 tamque
2223 794 2526 859 revocasti,
2544 794 2814 850 mitando
2828 794 3000 849 nobis
3018 794 3387 864 unigenitum
3412 796 3613 851 Filium

1968 890 2136 938 tuum
2170 882 2489 938 Dominum
2519 890 2576 939 et
2600 882 2957 940 Salvatorem
2989 887 3242 936 nostrum
3274 899 3406 954 ;per
3430 900 3614 956 quem

1970 971 2333 1042 Majestatem
2369 978 2547 1038 tuam,
2572 978 2681 1026 etc.

2040 1059 2392 1115 Benedictio.
2420 1090 2485 1098 —
2507 1062 2677 1127 Deus,
2703 1059 2805 1132 qui
2837 1058 3212 1127 Unigenitum
3244 1075 3419 1114 suum
3436 1061 3612 1127 misit,

1946 1210 1953 1215 ,
1970 1152 2033 1202 ut
2065 1151 2358 1203 mundum
2375 1147 2651 1213 salvaret,
2669 1148 2936 1218 ejusdem
2955 1146 3164 1202 salutis
3178 1163 3284 1202 vos
3303 1149 3617 1219 participes

1970 1236 2201 1302 efﬁciat,
2228 1242 2280 1291 et
2305 1237 2360 1290 in
2385 1252 2457 1291 ea
2488 1235 2952 1308 perseverabiles
2976 1235 3199 1292 reddat.
3233 1238 3442 1303 Amen,
3468 1237 3618 1292 Iram

1970 1342 2105 1399 quae
2140 1341 2317 1397 super
2332 1325 2598 1380 inﬁdeles
2619 1332 2871 1382 manete.
2894 1325 3067 1381 vobis
3081 1333 3436 1392 amoveat,et
3451 1327 3530 1384 ab
3546 1343 3619 1384 ea

1971 1432 2080 1470 vos
2103 1415 2162 1470 in
2197 1420 2540 1486 perpetuum
2568 1415 2785 1471 liberos
2810 1414 3047 1471 efﬁciat.
3095 1418 3304 1471 Amen.
3334 1417 3618 1488 Spiritum

1974 1502 2095 1558 Filii
2136 1503 2224 1558 sui
2257 1503 2427 1557 vobis
2460 1503 2759 1569 attribuat,
2788 1503 3032 1575 ejusque
3053 1503 3229 1560 donis
3261 1521 3364 1560 vos
3389 1504 3617 1561 affatim

1972 1591 2298 1647 exuberare
2317 1591 2627 1647 concedat.
2653 1594 2860 1647 Amen.
2890 1590 3059 1659 Quod
3081 1592 3206 1664 ipse
3231 1599 3509 1664 praestare
3532 1594 3621 1649 di-

1903 1718 1943 1775 Β
1971 1688 2181 1750 gnetur
2211 1681 2383 1749 cujus
2426 1695 2696 1750 regnum.

2044 1768 2133 1823 Ad
2151 1769 2588 1839 Complendum.
2620 1800 2688 1809 —
2716 1771 2818 1824 Per
2846 1769 3621 1841 hujus,Domine,operatio-

1973 1873 2110 1912 nem
2147 1856 2431 1928 mysterii,
2450 1858 2659 1913 etvitia
2690 1863 2897 1913 nostra
2911 1862 3255 1928 purgentur,
3277 1859 3502 1929 etjusta
3521 1858 3620 1914 de-

1975 1946 2191 2011 sideria
2223 1946 2650 2017 compleantur.
2711 1949 2813 2001 Per
2842 1947 3181 2014 Dominum,
3223 1954 3332 2003 etc.

2053 2034 2249 2101 Super
2274 2058 2289 2097 χ
2318 2034 2580 2102 opulum.
2609 2034 3031 2105 —Propitiare,
3070 2034 3405 2090 misericors
3439 2035 3616 2103 Deus,

1976 2122 2506 2192 supplicationibus
2537 2123 2830 2187 nostris,et
2860 2122 3332 2193 populumtuum
3358 2124 3620 2196 pervigili

1977 2208 2342 2281 protectione
2366 2210 2613 2277 custodi,
2670 2210 2860 2281 utqui
2916 2211 3286 2280 Unigenitum
3344 2218 3511 2267 tuum
3560 2214 3621 2269 in

1977 2312 2154 2352 carne
2173 2298 2356 2352 nostri
2373 2297 2638 2369 corporis
2655 2296 2976 2352 Dominum
3004 2303 3212 2353 natum
3239 2316 3366 2354 esse
3388 2299 3621 2370 fatetur,

1978 2386 2144 2443 nulla
2159 2386 2582 2458 possitdiaboli
2599 2386 2854 2443 falsitate
2877 2387 3197 2457 corrumpi.
3212 2387 3622 2447 Pereumdem.

2046 2509 2202 2548 NOle
2238 2508 2501 2548 usurum.
2530 2524 2598 2534 —
2623 2493 2774 2564 (139)
2816 2508 2870 2548 ιη
2892 2508 3089 2547 νισιιιΑ
3126 2492 3156 2534 ι)
3184 2511 3541 2552 meorumue

2048 2599 2126 2653 Ad
2155 2599 2440 2669 Vesperas.
2457 2598 2725 2655 —Corda
2738 2605 2961 2661 nostra,
2980 2616 3340 2672 quaesumus,
3358 2602 3623 2671 Domine,

1974 2695 2234 2743 venturas
2266 2688 2591 2743 festivitatis
2623 2687 2905 2759 splendor
2952 2689 3222 2758 illustret,
3262 2707 3383 2763 quo
3417 2694 3627 2749 mundi

1976 2777 2157 2847 hujus
2181 2776 2643 2832 tenebriscarere
2676 2776 3009 2845 valeamus,
3029 2784 3083 2832 et
3107 2781 3524 2851 perveniamus
3555 2780 3627 2838 ad

1980 2867 2225 2938 patriam
2255 2863 2536 2920 claritatis
2575 2870 2829 2920 aeternae.
2859 2866 2987 2922 Per.

2048 2971 2463 3039 Superoblata.
2496 2971 3217 3044 —Tribue,:'quaasumus,
3265 2975 3528 3042 Domine,
3570 2983 3630 3033 ut

1903 3072 1946 3135 ρ
1980 3059 2373 3133 praesentibus
2406 3059 2485 3115 illi
2508 3060 2890 3117 immolemus
2914 3063 3295 3130 sacrificiis,et
3316 3082 3630 3122 sumamus

1979 3165 2116 3221 quae
2145 3154 2408 3205 venturae
2430 3148 2818 3206 solemnitatis
2844 3151 3211 3223 piaimunera
3256 3153 3631 3228 praeloquun-

1983 3244 2095 3294 tur.
2121 3241 2241 3307 Per,
2267 3243 2378 3293 etc.

2053 3346 2363 3415 Prw/alio.
2395 3344 2887 3415 —Veredignum
2913 3347 3210 3418 etjustum
3242 3354 3354 3411 est,
3383 3366 3629 3422 (equum

1984 3432 2331 3499 etsalutare,
2348 3449 2456 3488 nos
2491 3433 2592 3489 tibi
2610 3450 2846 3506 semper
2874 3440 2929 3490 et
2947 3436 3168 3509 ubique
3194 3439 3413 3508 gratias
3430 3454 3629 3508 agere,

1986 3523 2231 3578 Domine
2246 3522 2661 3585 sanctc,Pater
2698 3523 3102 3594 omnipotens,
3136 3534 3350 3581 aeterne
3370 3530 3545 3584 Deus:
3576 3534 3634 3584 et

1983 3610 2297 3667 telaudare
2310 3609 2635 3665 mirabilem
2654 3612 2972 3666 Dominum
2992 3612 3045 3667 in
3061 3614 3333 3669 omnibus
3350 3617 3631 3686 operibus

1984 3698 2346 3771 tuis,quibus
2358 3698 2766 3753 sacratissima
2779 3700 2944 3767 regni
2960 3700 3035 3755 tui
3052 3701 3326 3772 mysteria
3338 3704 3626 3761 revelasti.

1984 3791 2145 3844 Hanc
2163 3787 2380 3842 etenim
2403 3785 2783 3842 festivitatem
2804 3786 3123 3843 dominicas
3146 3790 3533 3861 apparitionis
3548 3792 3632 3848 in-

1980 3876 2093 3932 dex
2135 3874 2299 3930 stella
2332 3875 2643 3946 praecessit,
2672 3890 2809 3946 quae
2841 3881 3047 3931 natum
3080 3876 3132 3931 in
3166 3884 3316 3933 terra
3341 3879 3472 3933 caeli
3527 3883 3632 3934 Do-

1982 3965 2212 4020 minum
2228 3962 2420 4032 magis
2436 3964 2816 4035 stupentibus
2828 3965 3146 4021 nuntiaret.
3164 3968 3231 4021 Ut
3247 3966 3632 4024 manifestan-

1981 4053 2091 4107 dus
2124 4052 2350 4107 mundo
2373 4052 2527 4106 Deus
2542 4058 2598 4106 et
2619 4052 3303 4109 cmlestidenuntiaretur
3330 4055 3633 4122 indicio,et

1982 4148 2097 4198 tem
2108 4140 2379 4212 poraliter
2410 4148 2754 4211 procreatus
2767 4140 3072 4209 signorum
3088 4143 3511 4213 temporalium
3527 4147 3633 4202 mi-

1982 4230 2224 4286 nisterio
2251 4228 2632 4300 panderetur.
2675 4228 2739 4285 Et
2766 4229 2921 4295 ideo,
2949 4236 3058 4286 etc.

2059 4319 2169 4390 16
2186 4318 2273 4373 Ad
2287 4316 2703 4388 Complendum.
2722 4349 2786 4358 ——
2802 4318 3433 4392 lllumina,qua:sumus,
3448 4322 3630 4378 Domi-

1904 4436 1950 4497 ο
1979 4407 2641 4497 ue,populumtu_um,et
2670 4406 2986 4497 splendore
3013 4410 3219 4479 gratias
3254 4416 3482 4466 tuamor
3497 4412 3547 4483 ej
3561 4429 3625 4468 us

1979 4511 2217 4568 semper
2245 4493 2526 4560 accende,
2548 4499 2629 4563 ut,
2660 4494 2979 4551 Salvatoris
3011 4497 3214 4552 mundi
3245 4498 3409 4554 stella
3440 4499 3630 4556 famu-

1976 4584 2151 4650 lante,
2186 4582 2554 4640 manifestata
2578 4582 2858 4639 Nativitas
2884 4584 3185 4641 mentibus
3213 4602 3417 4642 eorum
3438 4592 3497 4643 et
3538 4605 3627 4645 re-

1980 4673 2221 4739 veletur,
2253 4687 2489 4742 semper
2516 4677 2572 4727 et
2594 4672 2970 4729 crescat.Per
3000 4674 3301 4730 eumdem.

2051 4780 2147 4818 Vltt
2187 4778 2306 4817 IDUS
2343 4762 2606 4815 JANUARil.
2636 4792 2700 4801 —
2729 4761 2874 4832 (140)
2898 4778 2949 4816 1N
2975 4774 2999 4803 ο
3029 4779 3315 4818 EPIPHANIA
3341 4770 3554 4823 DOMlNl.

2054 4849 2621 4923 Deusquihodierna
2648 4848 2744 4905 die
2762 4850 3135 4919 Unigenitum
3153 4858 3316 4908 tuum
3348 4854 3623 4923 gentibus

1982 4941 2130 5015 (l4!)
2159 4939 2327 4995 stella
2356 4937 2507 4993 duce
2535 4938 2824 5010 revelasti,
2844 4940 3101 4995 concede
3131 4942 3420 5012 propitius
3442 4944 3620 5015 utqui

1974 5033 2102 5103 jam
2127 5037 2179 5086 te
2194 5045 2265 5085 ex
2276 5029 2389 5083 ﬁde
2402 5026 3009 5102 cognovimus,usque
3021 5030 3098 5085 ad
3111 5032 3624 5104 contemplandam

1978 5183 2169 5239 Mariae
2200 5180 2340 5250 virg.
2371 5178 2413 5249 f.

2048 5254 2076 5295 b
2107 5255 2195 5307 Sic
2220 5248 2524 5323 appellatur
2567 5248 2879 5323 Epiphaniae
2920 5251 3110 5306 festum
3139 5270 3171 5306 a
3202 5260 3391 5310 sancto
3422 5254 3624 5323 Grego-

1978 5324 2076 5389 rio,
2112 5325 2251 5377 hom.
2283 5325 2352 5375 38
2383 5322 2671 5395 inligang.
2703 5338 2715 5383 ;
2758 5322 2979 5384 Veni;ul
2997 5325 3129 5395 quia
3158 5325 3416 5380 Natalem
3444 5322 3620 5380 domi-

1974 5398 2161 5451 nicum
2185 5397 2300 5449 sine
2327 5401 2379 5449 te
2404 5393 2538 5462 feci,
2560 5400 2802 5448 sanctam
2870 5393 3273 5467 Theophamam
3289 5397 3413 5467 jam
3446 5401 3621 5451 tecum

2004 5484 2204 5523 actam.

1968 5468 2213 5593 “$172.
2240 5534 2412 5608 dieinr
2439 5534 2775 5608 Ed._Pame|.
2838 5536 3001 5591 statio
3030 5535 3214 5608 ﬁgitur
3264 5536 3334 5591 αά
3369 5542 3619 5608 samum

1972 5610 2243 5682 Petrum;
2276 5607 2421 5681 quod
2450 5606 2654 5682 optime
2701 5608 2993 5682 respondet
3056 5606 3211 5664 titulo
3261 5608 3407 5663 hom.
3472 5606 3536 5667 10
3564 5608 3622 5670 in
