4086 6198
247 293 322 358 t5
1165 257 1170 260 ’
1501 279 1710 346 uasa
1749 275 2420 346 SACRAMENTORUM.
3593 279 3690 345 δα..

249 427 357 481 bus
387 440 509 479 non
539 438 850 492 meremur,
871 421 998 492 ejus
1031 417 1304 492 precibus
1328 413 1897 486 consequamur.Per
1938 413 1986 471 Α
2016 423 2073 461 iv
2093 424 2259 462 NONAS
2312 427 2619 468 FEBRUARII.
2675 441 2741 451 --
2793 411 2940 482 (l63)
2999 426 3340 469 PURIFICATIO
3362 410 3393 453 ι)
3449 428 3665 468 sucu:

250 514 598 569 Dominum.

314 612 508 678 Super
520 609 738 663 oblata.
754 637 821 646 —
837 605 1102 677 Suscipe,
1121 602 1382 666 Domine,
1398 599 1682 672 propitius
1695 594 1904 651 oratio-

246 715 381 754 nem
400 703 675 753 nostram
688 711 825 750 cum
841 692 1247 750 oblationibus
1269 690 1597 745 hostiarum
1626 684 1905 756 superim-

243 787 477 860 posilis,
510 790 564 840 et
593 783 871 855 martyris
903 782 984 837 tui
1036 779 1284 851 Projecti
1331 774 1746 848 deprecatione
1788 769 1905 841 pie-

247 859 348 931 tati
369 881 488 930 tuae
503 872 714 945 perﬁce
736 870 1033 940 benignus
1057 872 1356 938 acceptas,
1378 859 1820 933 etillamquaein
1835 873 1905 912 eo

243 963 526 1032 ﬂagravit
537 961 683 1016 forte
696 959 1074 1015 dilectionem
1094 957 1154 1012 in
1169 954 1341 1011 nobis
1359 952 1561 1024 aspira
1586 948 1900 1016 benignus.

247 1053 378 1107 Per.

314 1146 639 1217 Prw/“alio.
660 1176 726 1185 —-
741 1144 885 1200 Vere
903 1144 1155 1212 dignum
1174 1148 1229 1195 et
1237 1141 1464 1211 justum
1517 1141 1621 1201 est,
1672 1147 1905 1204 aequum

246 1243 304 1293 et
325 1237 609 1305 salutare,
627 1250 736 1288 nos
752 1232 856 1288 tibi
872 1247 1110 1302 semper
1123 1237 1180 1284 et
1213 1229 1430 1299 ubique
1451 1226 1673 1296 gratias
1706 1235 1900 1288 agere.

247 1327 505 1380 Domine
539 1328 767 1384 sancte,
802 1322 976 1376 Pater
1004 1318 1411 1388 omnipotens,
1443 1321 1661 1369 aeterne
1705 1311 1854 1364 Deus
1889 1323 1902 1372 ;

241 1421 300 1469 et
329 1421 497 1468 tuam
516 1409 966 1465 misericordiam
983 1405 1278 1477 deprecari
1308 1408 1374 1458 ut
1388 1401 1673 1457 mentibus
1687 1403 1906 1453 nostrts

240 1502 409 1558 beati
454 1498 737 1570 martyris
771 1497 852 1552 tui
901 1495 1152 1565 Projecti
1174 1494 1325 1562 (160)
1357 1489 1604 1560 repetita
1632 1485 1908 1541 solemni-

243 1597 365 1647 tate
394 1588 689 1661 spiritalis
710 1585 930 1642 laetitiae
963 1585 1187 1640 tribuas
1221 1580 1442 1652 jugiter
1510 1577 1896 1632 suavitatem.

242 1678 397 1747 (161)
433 1676 862 1746 Concedasque
897 1672 1092 1736 nobis,
1122 1674 1206 1734 ut,
1242 1666 1578 1724 venerando
1605 1663 1907 1736 passionis

2591 515 2782 556 MARLE
2821 515 3091 554 VIBGINIS.

2082 601 2226 673 (164)
2254 605 2342 658 Ad
2363 605 2696 662 Collectam.
2728 636 2792 646 —
2816 607 2965 677 (165)
2994 618 3018 646 ο
3050 606 3246 673 Erudi,
3294 622 3661 679 quaesumus,

2013 688 2281 756 Domine,
2311 692 2541 762 plebem
2575 699 2756 761 tuam,
2806 698 2859 748 et
2889 709 3024 764 quae
3050 696 3414 750 extrinsecus
3460 711 3664 752 annua

2010 777 2223 831 tribuis
2243 779 2556 836 devotione
2591 780 2880 850 venerari,
2903 779 3151 836 interius
3186 783 3429 854 assequi
3456 783 3662 854 gratias

2014 869 2126 919 tuae
2165 865 2294 920 luce
2325 868 2606 923 concede.
2643 869 2773 923 Per.

2082 971 2172 1024 Ad
2193 973 2450 1026 Missam.
2479 974 2940 1044 —-Omnipotens
2959 973 3318 1046 sempiterno
3342 975 3521 1042 Deus,
3548 978 3664 1032 Ma-

2007 1057 2277 1128 jestatem
2304 1067 2467 1115 tuam
2501 1062 2801 1133 supplices
2815 1079 3151 1129 exoramus,
3183 1069 3245 1118 ut
3267 1063 3422 1118 sicut
3449 1064 3659 1133 Unige—

2012 1147 2167 1202 nitus
2197 1148 2372 1202 Filius
2398 1155 2534 1204 tuus
2559 1150 2852 1205 hodierna
2876 1151 2972 1206 die
3015 1167 3145 1206 cum
3204 1155 3418 1206 nostrae
3462 1167 3660 1206 carnis

2013 1236 2341 1292 substantia
2371 1237 2434 1292 in
2466 1238 2682 1310 templo
2703 1244 3210 1310 estpraesentatus,
3230 1240 3313 1295 ita
3337 1254 3448 1295 nos
3474 1239 3662 1295 facias

2013 1325 2339 1395 puriticatis
2367 1325 2468 1381 tibi
2500 1327 2798 1382 mentibus
2829 1328 3191 1399 praesentari.
3235 1331 3339 1384 Per
3379 1328 3661 1384 eumdem

2014 1414 2359 1469 Dominum.

2081 1519 2270 1590 Super
2303 1519 2510 1576 oblata.
2555 1551 2626 1562 —-
2664 1521 2913 1588 Exaudi,
2962 1521 3226 1591 Domine,
3280 1537 3485 1593 preces
3547 1537 3654 1578 no-

2015 1612 2186 1677 stras;
2221 1616 2295 1676 et,
2324 1615 2386 1663 ut
2413 1608 2596 1677 digna
2628 1611 2743 1664 sint
2765 1626 3016 1666 munera
3042 1627 3176 1683 qua:
3197 1611 3517 1666 oculistum
3545 1613 3663 1668 Ma-

2008 1698 2236 1769 jestatis
2253 1697 2579 1765 otierimus,
2613 1699 2946 1755 subsidium
2968 1701 3136 1755 nobis
3169 1706 3282 1756 tua;
3311 1701 3539 1772 pietatis
3556 1700 3661 1755 im-

245 1767 377 1859 eius
393 1762 1044 1833 triumphum,obtentu
1058 1758 1295 1822 illius,et
1316 1760 1701 1859 peccatorum
1716 1750 1902 1850 remis-
1941 1775 1986 1833 Β

245 1856 498 1920 sionem,
513 1858 569 1907 et
587 1857 926 1907 sanctorum
940 1863 1182 1902 meream
1193 1861 1260 1900 ur
1271 1843 1515 1914 adipisci
1532 1839 1903 1897 consortium.

246 1945 355 1998 Per
383 1941 678 1996 Christum
710 1938 1027 1992 Dominum
1045 1976 1058 1989 .

322 2039 416 2094 Ad
444 2036 867 2108 Co-mplendum.
893 2065 958 2073 —
986 2034 1206 2096 Votiva,
1256 2029 1526 2093 Domine,
1591 2042 1698 2098 pro
1746 2024 1906 2080 beati

252 2128 534 2198 martyris
563 2126 646 2180 tui
681 2124 926 2194 Projecti
977 2122 1246 2192 passione
1302 2119 1462 2172 dona
1493 2116 1862 2187 percepimus
1892 2129 1905 2167 :

251 2230 619 2288 quaesumus,
644 2218 707 2267 ut
736 2213 862 2282 ejus
895 2209 1193 2281 precibus,
1231 2213 1286 2261 et
1306 2203 1612 2278 praesentis
1643 2203 1778 2257 vitae
1815 2199 1908 2255 no-

249 2305 343 2359 bis
378 2302 601 2374 pariter
623 2307 679 2356 et
699 2305 928 2355 aeternae
957 2299 1180 2353 tribuas
1208 2293 1475 2350 conferre
1525 2289 1900 2364 praesidium.

251 2394 359 2449 Per

386 2515 573 2554 VKAL.
598 2511 910 2553 FEBBUABII.
951 2525 1012 2535 —
1040 2508 1260 2547 NATALIS
1288 2505 1504 2547 SANCTB
1533 2503 1785 2544 AGNETIS.

737 2586 826 2641 De
849 2595 876 2626 ι
903 2584 1225 2640 Ναιὶυίιαιε
1273 2579 1446 2653 (162).

324 2697 506 2758 Deus,
540 2693 762 2765 quinos
794 2706 997 2746 annua
1021 2689 1213 2744 beatm
1241 2685 1484 2755 Agnetis
1504 2681 1781 2753 martyris
1801 2686 1909 2736 tuae

256 2786 645 2840 solemnitate
671 2781 964 2844 laetiﬁcas,
1005 2777 1538 2849 da,qumsumus,ut
1564 2787 1724 2844 quam
1754 2785 1914 2825 vene-

249 2889 466 2929 ramur
497 2870 716 2936 ofﬁcio,
734 2870 903 2924 etiam
926 2868 1038 2940 piae
1059 2863 1529 2922 conversationis
1584 2874 1915 2932 sequamur

255 2960 559 3032 exemplo.
595 2962 722 3013 Per.

325 3060 515 3128 Super
526 3057 744 3112 oblata.
765 3054 1029 3124 ——Super
1041 3052 1166 3116 has,
1189 3063 1542 3122 quaesumus,
1569 3044 1800 3101 Domine
1814 3044 1914 3097 ho-

2085 1894 2386 1964 Prwfatz'o.
2415 1925 2483 1935 ——
2509 1895 2651 1949 Vere
2681 1895 2934 1964 dignum
2966 1901 3020 1951 et
3047 1895 3278 1966 justum
3297 1901 3402 1960 est,
3423 1912 3658 1967 aequum

2016 1987 2071 2036 et
2087 1981 2362 2044 salutare,
2391 1998 2501 2037 nos
2521 1982 2624 2037 tibi
2645 1998 2882 2052 semper
2905 1989 2960 2037 et
2978 1983 3198 2053 ubique
3217 1984 3437 2051 gratias
3459 1985 3658 2052 agere‘

2018 2069 2267 2125 Domine
2299 2076 2516 2134 sancte,
2549 2071 2717 2124 Pater
2746 2072 3146 2141 omnipotens,
3179 2080 3395 2128 aeterne
3451 2074 3610 2126 Deus
3647 2089 3660 2126 :

2017 2159 2161 2230 quia
2194 2173 2299 2228 per
2323 2160 2614 2214 incarnati
2654 2159 2824 2213 Yerbi
2853 2160 3206 2231 mysterium
3260 2176 3417 2215 nova
3449 2161 3656 2215 mentis

2019 2254 2234 2302 nostra;
2269 2247 2452 2302 oculis
2483 2247 2587 2302 lux
2635 2254 2748 2302 tuae
2799 2246 3079 2303 claritatis
3124 2247 3363 2314 etIulsit,
3423 2254 3484 2302 ut
3516 2249 3664 2304 dum

2017 2335 2322 2391 visibiliter
2335 2336 2510 2390 Deum
2523 2335 2967 2404 cognoscimus,
2989 2351 3093 2407 per
3105 2336 3260 2390 hunc
3283 2335 3658 2391 invisibilium

2018 2441 2224 2480 amore
2250 2424 2574 2496 rapiamur.
2607 2425 2816 2480 Etideo
2847 2441 2980 2479 cum
3021 2424 3244 2496 angelis
3295 2430 3351 2481 et
3406 2427 3658 2482 archan-

2019 2514 2184 2585 gelis.
3297 2537 3300 2540 -

2089 2620 2444 2676 Benedictio.
2477 2650 2544 2660 —
2572 2619 2955 2692 Omnipotens
2983 2621 3134 2675 Deus
3155 2621 3260 2693 qui
3287 2620 3665 2691 Unigenitum

2021 2725 2193 2764 suum
2217 2708 2499 2763 hodierna
2523 2707 2612 2764 die
2635 2709 2694 2763 in
2717 2715 3028 2781 assumpta
3047 2724 3220 2764 carne
3246 2711 3306 2764 in
3322 2708 3540 2782 templo
3571 2726 3664 2766 vo-

2020 2797 2128 2853 luit
2157 2798 2523 2869 praesentari,
2541 2797 2970 2852 benedictionis
2997 2814 3121 2853 sum
3155 2814 3259 2854 vos
3289 2813 3538 2854 munere
3561 2797 3670 2852 ful-

2023 2892 2113 2942 tos
2143 2886 2319 2941 bonis
2373 2885 2652 2957 operibus
2701 2885 2880 2941 faciat
2927 2885 3216 2942 exornari.
3249 2888 3448 2941 Amen.
3480 2885 3667 2957 thui

2023 2990 2182 3040 eum,
2203 2981 2266 3028 ut
2283 2973 2467 3043 legem
2481 2974 2635 3029 adim
2645 2973 2848 3044 pleret,
2871 2973 3017 3045 (166)
3045 2974 3367 3029 ministrum
3383 2973 3572 3030 voluit
3589 2972 3669 3028 ef-

2023 3063 2298 3132 ﬁcilegis,
2321 3063 2433 3134 25
2466 3070 2695 3117 mentes
2717 3062 3204 3118 vestrasinstruat
3219 3064 3365 3133 legis
3393 3080 3518 3119 suae
3543 3061 3660 3137 spi-

255 3138 1362 3213 stiasbencdictiocopiosadescendat,
1396 3151 1532 3208 quae
1571 3140 1628 3189 et
1657 3131 1911 3188 sanctiﬁ-

2033 3129 2688 3208 ritalibusdbcumentis.
2703 3153 2900 3206 Amen.
2922 3152 3045 3215 Quo
3063 3151 3116 3205 ei
3131 3157 3186 3206 et
3207 3129 3315 3222 pro
3338 3129 3663 3208 turturihus

255 3238 548 3293 cationem
581 3230 750 3288 nobis
775 3232 1084 3286 clementer
1103 3231 1399 3299 operetur,
1431 3230 1488 3280 et
1503 3224 1577 3279 de
1599 3227 1916 3293 mortyrum

255 3343 374 3383 nos
407 3320 789 3378 solemnitate
816 3316 1084 3373 laetiﬁcat.
1114 3317 1240 3370 Per.

333 3420 454 3493 24
470 3419 764 3486 Praefatio.
784 3448 847 3456 —
865 3417 1000 3469 Vere
1013 3413 1247 3484 dignum
1263 3411 1553 3481 etjustum
1581 3413 1917 3479 est,mquum

259 3518 318 3567 et
334 3511 743 3571 salutare,nos
761 3505 868 3560 tibi
890 3519 1128 3574 semper
1153 3509 1208 3556 et
1237 3500 1458 3571 ubique
1473 3498 1690 3568 gratias
1716 3511 1913 3565 agere,

256 3600 516 3656 Domine
542 3602 766 3659 sancte,
803 3595 970 3648 Pater
1010 3589 1409 3660 omnipotens,
1476 3593 1692 3642 aeterne
1739 3585 1914 3652 Deus,

255 3689 458 3744 beatae
483 3683 726 3754 Agnetis
753 3680 1024 3737 nataiitia
1044 3680 1440 3750 geminantes.
1463 3676 1608 3731 Vere
1636 3675 1785 3729 enim
1812 3673 1918 3728 hu-
1959 3695 1964 3700 ν

252 3779 360 3848 jus
380 3771 761 3831 honorandus
781 3777 870 3826 est
891 3769 1032 3833 dies,
1048 3783 1183 3839 quae
1202 3767 1284 3820 sic
1301 3772 1533 3820 terrena
1549 3763 1921 3833 generatione

257 3863 560 3938 processit,
590 3865 650 3916 ut
666 3860 744 3916 ad
762 3857 1084 3914 divinitatis
1105 3854 1464 3911 consortium
1481 3851 1918 3924 perveniret.Per

259 3954 564 4010 Christum
575 3990 588 4003 .

334 4057 424 4113 Ad
470 4054 909 4124 Complendum.
963 4080 1031 4090 —
1074 4048 1448 4121 Sumpsimus,
1490 4047 1745 4111 Domine,
1773 4045 1919 4100 cele-

258 4146 500 4204 britatis
517 4159 724 4199 annum
751 4141 952 4197 votiva
981 4143 1378 4202 sacramenta;
1415 4142 1650 4208 praesta,
1683 4151 1920 4206 quassu-

261 4253 386 4291 mus
412 4239 475 4289 ut
504 4239 562 4288 et.
589 4229 933 4302 temporalis
963 4228 1138 4284 nobis
1168 4227 1299 4282 vitae
1327 4225 1582 4281 remedia
1608 4224 1918 4296 praebeant

266 4330 323 4380 et
341 4329 591 4378 aeterna.
618 4319 744 4374 Per.

345 4429 527 4496 Super
563 4425 867 4495 populum.
899 4452 970 4463 —
1022 4421 1244 4476 Adesto
1302 4418 1488 4483 nobis,
1538 4416 1918 4488 omnipotens

265 4491 446 4580 Deus,
481 4491 672 4569 beatae
698 4512 937 4581 Agnetis
970 4509 1120 4566 festa
1139 4508 1562 4580 repetentibus,
1594 4521 1779 4576 quam
1810 4504 1918 4560 ho-
1950 4491 1994 4548 υ

262 4605 480 4661 diernaa
492 4600 822 4658 festivitatis
835 4600 1122 4672 prolatam
1138 4602 1371 4661 exortu,
1384 4592 1668 4651 ineffabili
1682 4609 1922 4650 munere

264 4690 616 4749 sublevasti.
659 4690 792 4746 Per.

265 4865 469 4923 Pamel.
503 4870 560 4920 et
584 4864 734 4935 Reg.
786 4861 950 4917 Suec.
991 4861 1051 4916 1n
1090 4859 1234 4915 Edit.
1277 4857 1452 4915 Vatic.
1482 4860 1539 4910 et
1580 4855 1654 4912 al.
1683 4853 1829 4910 illius
1859 4853 1922 4908 ﬁt

267 4951 495 4994 mentio.

336 5022 362 5051 ι
393 5010 475 5063 Ita
515 5007 571 5060 in
615 5003 850 5061 Kalend.
877 5003 1034 5058 Rom.
1066 5002 1176 5055 Hoc
1207 4999 1403 5055 festum
1436 4998 1490 5052 in
1518 4998 1647 5052 Cod.
1699 4995 1910 5053 Pamel.

268 5088 486 5135 notatur
527 5077 618 5130 die
652 5083 717 5130 27
768 5075 1026 5139 Januarii,
1059 5079 1112 5126 et
1145 5071 1232 5125 die
1271 5071 1360 5136 28,
1389 5077 1501 5125 tum
1532 5070 1584 5123 in
1616 5067 1746 5124 Cod.
1778 5069 1917 5138 Heg.

271 5151 452 5220 Suec.,
486 5156 600 5203 tum
629 5150 681 5202 in
720 5146 949 5202 Kalend.
984 5148 1136 5220 Hom:

337 5223 366 5264 ι»
397 5208 454 5275 iii
483 5223 703 5275 duobus
745 5220 1029 5281 Theoder.,
1082 5214 1400 5283 Ypapanti,
1450 5210 1616 5283 quod
1645 5211 1696 5262 in
1731 5208 1918 5283 multis

274 5292 386 5346 aliis
426 5292 728 5347 Codicibus
772 5280 1554 5358 legitur.Abest—aﬂKaleiid:
1603 5281 1784 5358 Hom,
1828 5280 1920 5333 ubi

276 5369 477 5418 tantum
512 5363 779 5417 habetur:
811 5353 900 5413 die
925 5366 955 5412 2
986 5353 1910 5430 (Februarii)_secundumLucam.

274 5435 560 5561 fas-aquam
633 5431 797 5503 impl.
873 5447 955 5496 c.,
997 5424 1224 5500 'usque,
1277 5424 1504 5497 gloriam
1580 5424 1753 5495 plebis
1818 5432 1922 5476 tuae

298 5519 452 5561 sraei.

298 5519 452 5561 sraei.

337 5578 450 5632 cIn
502 5575 653 5632 Edit.
723 5571 910 5630 Vatic.
975 5577 1028 5626 et
1079 5566 1398 5626 Gussanvil.
1482 5564 1670 5618 Oratio
1743 5563 1921 5618 adhuc

275 5648 498 5725 pertinet
519 5649 589 5705 ad
615 5645 868 5705 ofﬁcium
897 5647 1103 5699 sanctae
1131 5638 1363 5714 Agnetis
1390 5653 1405 5706 ;
1437 5636 1588 5712 quod
1620 5634 1742 5692 aliis
1780 5637 1915 5692 Cod.

2025 3240 2304 3297 castitatis
2335 3256 2438 3294 seu
2469 3239 2764 3294 charitatis
2796 3254 3036 3294 munera
3063 3239 3273 3295 offerre
3312 3240 3576 3306 valeatis,
3613 3247 3670 3298 et

2024 3345 2132 3402 pro
2149 3329 2325 3402 pullis
2341 3329 2742 3383 columbarum
2773 3328 3018 3400 Spiritus
3041 3329 3228 3384 sancti
3249 3329 3424 3384 donis
3441 3332 3661 3386 exube-

2024 3418 2180 3474 retis.
2200 3420 2414 3474 Amen.
2449 3417 2620 3482 Quod
2640 3416 2780 3488 ipse.

2094 3523 2183 3577 Ad
2201 3522 2638 3590 Complendum.
2657 3552 2723 3560 —
2737 3522 2945 3585 Quaasu
2955 3538 3094 3586 mus,
3112 3521 3351 3577 Domine
3371 3524 3522 3578 Deus
3536 3538 3674 3580 nos-

2023 3617 2128 3680 ter,
2155 3619 2220 3666 ut
2259 3616 2645 3666 sacrosancta
2675 3609 2968 3679 mysteria,
2992 3625 3122 3680 quae
3152 3625 3260 3680 pro
3282 3614 3674 3682 reparationis

2024 3706 2239 3756 nostra:
2253 3697 2563 3752 munimine
2584 3697 2895 3761 contulisti,
2910 3697 3306 3752 intercedente
3331 3700 3511 3756 beata
3527 3718 3669 3755 sem-

2028 3805 2130 3861 per
2147 3790 2371 3858 virgine
2401 3788 2601 3857 Maria,
2632 3792 2687 3840 et
2703 3801 2966 3857 praesens
2994 3786 3169 3840 nobis
3205 3787 3513 3843 remedium
3542 3804 3672 3846 esse

2025 3879 2206 3936 facias
2237 3884 2294 3932 et
2311 3879 2591 3931 futurum.
2624 3878 2757 3932 Per.

2095 3985 2259 4040 Alia.
2282 4016 2346 4024 —
2365 3983 2582 4038 Perﬁce
2611 3983 2670 4036 in
2684 3981 2870 4047 nobis,
2890 3997 3244 4052 quaesumus.
3263 3982 3522 4050 Domine,
3541 3999 3668 4054 gra-

2025 4074 2158 4130 tiam
2218 4079 2401 4138 tuam,
2460 4071 2562 4144 qui
2611 4070 2756 4143 justi
2821 4070 3112 4125 Simeonis
3161 4074 3667 4142 exspectationem

2024 4163 2302 4234 implesti,
2329 4170 2389 4217 ut
2418 4161 2567 4215 sicut
2595 4161 2687 4216 ille
2717 4167 2970 4215 mortem
2999 4175 3118 4213 non
3155 4160 3297 4215 vidit
3324 4163 3665 4232 priusquam

2024 4254 2316 4307 Christum
2353 4250 2669 4305 Dominum
2695 4248 2888 4302 videre
2943 4253 3285 4313 mereretur,
3328 4250 3411 4306 ita
3467 4260 3522 4306 et
3560 4266 3672 4307 nos

2024 4343 2209 4398 vitam
2245 4339 2618 4396 obtineamus
2650 4343 2952 4394 aeternam.
2993 4337 3129 4393 Per.

2203 4470 2364 4511 NONIS
2391 4468 2673 4508 l-‘EBRUARII
2723 4468 2940 4506 NATALIS
2971 4450 2998 4491 ά
3029 4467 3244 4507 εΑΝοΤΑς
3270 4467 3493 4510 ΑσΑτηιε

2699 4556 2990 4595 MARTYRIS.

2101 4663 2253 4717 Deus
2275 4658 2377 4731 qui
2407 4657 2556 4712 inter
2606 4662 2818 4711 caetera
2873 4655 3142 4726 potentiae
3208 4661 3322 4712 tum
3380 4657 3673 4717 miracula

2027 4751 2205 4808 etiam
2231 4747 2291 4802 in
2324 4761 2468 4801 sexu
2499 4743 2690 4814 fragili
2719 4743 3031 4800 victoriam
3058 4745 3324 4816 martyrii
3376 4747 3674 4806 contulisti

2026 4934 2137 4982 tam
2164 4923 2337 4979 Editis
2368 4938 2529 4993 quam
2561 4937 2724 4993 manu
2762 4918 2999 4974 exaratis
3024 4919 3355 4975 contrarium
3375 4925 3478 4974 est.

2030 4998 2164 5054 Cod.
2199 4991 2406 5075 Pamel‘.
2441 4992 2775 5116 praeﬁgitur:
2810 4994 3000 5070 oratio
3030 4993 3110 5046 ad
3135 4993 3452 5071 Collectam
3475 4991 3676 5048 adsun-

2030 5077 2182 5116 ntum
2216 5067 2559 5116 Adrmnum.
2640 5071 2658 5114 t
2690 5068 2809 5116 post
2854 5066 3162 5116 Orationem
3193 5063 3421 5116 legitur:
3455 5065 3525 5116 ad
3553 5065 3673 5116 mis-

2029 5077 2182 5124 clum
2216 5067 2559 5122 Adrianum.
2593 5063 2658 5116 Et
2690 5068 2809 5133 post
2854 5064 3162 5116 Orationem
3193 5063 3421 5133 legitur:
3455 5065 3525 5117 ad
3553 5065 3673 5117 mis-

2026 5159 2142 5194 sam
2175 5142 2243 5193 ad
2271 5143 2521 5192 sanctam
2541 5136 2696 5188 Mar.
2733 5135 3026 5203 illajorem.
3063 5133 3206 5186 ldeiii
3243 5141 3423 5188 exstat
3459 5135 3509 5188 in
3541 5133 3676 5188 duo-

2031 5213 2132 5265 bus
2172 5209 2382 5263 Theod.
2423 5214 2476 5259 et
2507 5205 2559 5258 in
2595 5205 2729 5258 (god.
2766 5205 2904 5274 Reg.
2935 5204 3120 5271 Suec,
3158 5207 3260 5258 nisi
3294 5207 3440 5276 quod
3481 5206 3533 5258 in
3565 5206 3672 5260 isto

2029 5300 2124 5355 pro
2157 5283 2229 5337 ad
2259 5293 2514 5355 missum,
2567 5278 2736 5355 habes
2764 5277 2958 5355 Missa:
2999 5276 3055 5328 1n
3083 5276 3265 5329 multis
3292 5277 3450 5341 Corl.,
3491 5284 3547 5330 ut
3581 5277 3674 5329 ob-

2030 5345 2210 5408 servat
2269 5349 2489 5412 l’ainel.,
2547 5354 2630 5400 est
2684 5346 2996 5400 Benedictio
3046 5364 3343 5400 cereoruin.
3394 5349 3449 5401 ln
3493 5345 3671 5400 Thod.

2031 5432 2288 5479 notantur
2350 5422 2530 5474 multa:
2587 5419 2931 5489 Antiphonm,
2993 5419 3293 5490 praesertim
3347 5418 3433 5471 Ad
3484 5432 3675 5471 omam

2033 5497 2217 5620 "utilia
2238 5561 2423 5620 ofﬁcio
2461 5565 2662 5617 sanctis
2683 5559 2917 5631 Αεαιὶιθθ
2939 5558 3162 5616 multum
3193 5557 3468 5631 discrepat
3517 5555 3668 5624 Ed“.

2028 5637 2230 5698 Pamel.
2263 5651 2298 5692 θ.
2326 5633 2467 5694 Cod.
2515 5632 2656 5708 Reg.
2685 5631 2847 5689 Suec.
