4092 6200
371 313 466 391 ιτ
1607 295 1872 362 SANCTI
1919 289 2037 354 GR]

2162 292 2266 353 RII
2306 287 2548 354 MAGNI
2687 337 2690 340 ‹
3703 293 3780 357 48

377 450 638 512 concede
657 441 948 519 propitius
975 441 1042 494 ut
1073 436 1246 508 cujus
1303 431 1574 491 natalitia
1602 415 1879 492 colim'us,
1912 441 2018 498 per
2057 430 2104 488 A
2204 425 2300 519 _Ad
2317 427 2838 519 Complendum.-—
2866 426 3252 519 Quos_tantis,
3281 429 3526 484 Domine
3547 426 3780 497 largiris

377 545 507 616 ejus
530 541 604 596 ad
637 543 690 592 te
731 529 1000 600 exempla
1029 526 1400 598 gradiamur.
1431 521 1540 577 Per
1593 519 1944 574 Dominum.

448 639 634 706 Super
657 631 852 686 oblata.
881 655 944 666 —
977 621 1240 694 Suscipe,
1275 619 1544 684 Domine,
1579 629 1846 706 munera
1891 627 2024 706 quae

378 728 439 784 in
472 701 664 782 beatae
693 716 940 788 Agathae
977 711 1245 782 martyris
1266 714 1379 765 tuae
1413 707 1786 763 solemnitate
1812 701 2025 788 deferi-

381 825 538 882 mus,
569 809 736 880 cujus
759 787 865 860 nos
894 800 1252 857 conﬁdimus
1273 795 1607 870 patrocinio
1629 789 1880 848 liberari.
1916 787 2026 843 Per

383 901 704 962 Dominum
737 897 1032 949 nostrum.

455 995 746 1066 Praefatio.
772 1021 831 1032 —
855 991 994 1044 Vere
1021 985 1270 1055 dignum
1298 987 1357 1038 et
1380 982 1608 1053 justum
1644 981 1748 1034 est.
1770 989 2026 1066 aequum

383 1095 438 1146 et
460 1065 740 1146 salutare,
771 1095 882 1134 nos
912 1075 1010 1134 tibi
1041 1089 1275 1144 semper
1299 1078 1356 1128 et
1389 1070 1606 1140 ubique
1633 1065 1854 1138 gratias
1885 1077 2026 1132 age-

381 1173 720 1244 re,Domine
747 1171 970 1233 sancte,
994 1165 1165 1218 Pater
1186 1160 1584 1230 omnipotens,
1613 1162 1824 1210 aeterne
1851 1153 2025 1250 Deus,

381 1281 484 1339 per
521 1262 812 1316 Christum
839 1252 1156 1310 Dominum
1171 1255 1462 1304 nostrum:
1489 1261 1596 1318 pro
1613 1243 1783 1313 cujus
1795 1243 2029 1296 nomine

381 1333 532 1426 (167)
553 1361 869 1421 poenarum
901 1341 1226 1410 mortisque
1248 1340 1654 1426 contemptum
1685 1333 1742 1426 in
1775 1336 2026 1426 utroque

383 1418 532 1498 sexu
555 1418 836 1493 ﬁdelium
865 1430 1091 1485 cunctis
1123 1427 1394 1482 aetatibus
1433 1420 1756 1484 contulisti,
1777 1423 1840 1474 ut
1879 1418 2031 1472 inter

381 1527 640 1586 felicium
689 1524 1014 1591 martyrum
1057 1513 1448 1588 palmas(168)
1492 1509 1760 1580 Agathen
1788 1520 2030 1578 quoque

381 1613 794 1674 beatissimam
809 1606 1106 1677 virginem
1131 1602 1354 1658 victrici
1377 1598 1668 1672 patientia
1689 1608 2026 1652 coronares.

385 1709 528 1772 Quae
565 1717 672 1758 nec
696 1697 876 1756 minis
905 1694 1121 1758 territa,
1155 1707 1266 1747 nec
1293 1687 1596 1762 suppliciis
1628 1689 1922 1772 superata,
1955 1681 2032 1772 de

2135 514 2216 568 uti
2235 516 2900 588 mysteriis,quaasumtis
2917 515 3292 572 uteﬁ‘ectibus
3305 533 3416 573 nos
3437 533 3644 573 eorum
3679 532 3782 572 ve-

2135 602 2344 658 raciter
2386 610 2591 674 aptare
2621 604 2902 674 digneris.
2933 605 3061 660 Per.

2205 700 2394 772 Super
2426 704 2715 772 papula-in.
2750 733 2818 744 —
2859 703 3049 768 Adsit,
3107 704 3379 769 Domine,
3431 719 3783 775 quaesumus,

2135 791 2473 861 propitiatio
2496 797 2598 846 tua
2621 790 2844 862 populo
2868 791 3228 863 supplicanti,
3267 799 3330 848 ut
3359 792 3517 864 quod
3532 797 3586 848 te
3614 792 3786 864 inspi-

2135 883 2303 934 rante
2329 879 2577 934 ﬁdeliter
2605 881 2950 950 expetit,tua
2977 880 3152 935 celeri
3181 879 3444 950 largitate
3476 880 3781 952 percipiat.

2137 965 2248 1021 Per
2277 969 2581 1022 Dominum
2619 973 2896 1024 nostrum.

2492 1072 2748 1110 DOMINICA
2773 1072 2831 1110 ιν
2863 1073 2993 1110 POST
3022 1072 3431 1112 ΤΗΕΟΡΗΛΝΙᾹΜ-

2209 1143 2357 1198 Deus
2413 1143 2519 1214 qui
2567 1159 2672 1198 nos
2721 1144 2899 1200 tantis
2935 1145 3214 1215 periculis
3273 1145 3621 1200 constitutos
3675 1159 3786 1217 pro

2137 1231 2406 1286 humana
2419 1231 2534 1285 scis
2553 1231 2862 1302 fragilitate
2881 1247 2998 1286 non
3025 1248 3196 1304 posse
3220 1249 3286 1287 su
3297 1232 3664 1296 bsistere,da
3684 1248 3788 1288 no-

2139 1319 2231 1374 bis
2258 1319 2505 1375 salutem
2521 1321 2734 1376 mentis
2758 1326 2814 1376 et
2843 1321 3130 1392 corporis,
3149 1327 3546 1393 uteaquaapro
3577 1337 3784 1394 pecca-

2143 1407 2214 1462 tis
2235 1408 2455 1463 nostris
2467 1408 2746 1479 patimur,
2773 1415 2826 1464 te
2857 1409 3202 1480 adjuvante,
3232 1409 3563 1465 vincamus.
3584 1411 3711 1464 Per.

2211 1506 2394 1576 Super
2408 1506 2614 1560 oblata.
2632 1537 2697 1546 —
2725 1505 3012 1570 Concede,
3044 1523 3390 1578 quaesumus
3417 1507 3787 1577 omnipotens

2145 1593 2316 1658 Deus,
2337 1597 2398 1649 ut
2418 1593 2599 1664 hujus
2615 1593 2884 1650 sacrificii
2913 1609 3128 1649 munus
3144 1595 3402 1650 oblatum
3421 1593 3788 1666 fragilitatem

2141 1689 2406 1738 nostram
2444 1682 2521 1738 ab
2543 1683 2700 1738 omni
2741 1682 2901 1738 malo
2951 1687 3162 1753 purget
3205 1699 3432 1755 semper
3461 1683 3784 1739 etmuniat.

385 1769 610 1849 diaboli
645 1786 871 1843 saevitia
921 1779 1324 1852 triumphavit,
1373 1779 1517 1849 quia
1558 1775 1620 1830 in
1649 1778 1764 1830 tuae
1789 1769 2029 1826 Deitatis
2061 1784 2106 1842 Β
2141 1769 2266 1825 Per.

384 1877 754 1937 confessione
775 1870 1120 1946 permansit.
1163 1870 1228 1922 Et
1259 1867 1412 1921 ideo.

456 1977 550 2032 Ad
581 1969 1011 2042 Complendum.
1039 1998 1102 2009 —
1121 1965 1314 2020 Beata:
1331 1961 1574 2032 Agathe
1601 1956 1871 2028 martyris
1895 1959 2033 2022 tuae,

386 2065 657 2131 Domine,
687 2059 964 2133 precibus
995 2051 1388 2118 conﬁdentes,
1419 2063 1764 2122 quaesumus
1795 2045 2035 2099 clemen-

383 2156 532 2212 tiam
572 2159 760 2216 tuam,
779 2155 838 2202 ut
851 2162 954 2218 per
974 2161 1044 2200 ea
1069 2159 1203 2215 quae
1237 2139 1606 2212 sumpsimus
1625 2141 1844 2190 aeterna
1857 2148 2038 2188 reme-

385 2245 486 2300 dia
512 2241 847 2313 capiamus.
898 2236 1027 2289 Per.

455 2339 608 2395 Alia.
634 2367 705 2378 —-
733 2330 1168 2402 Indulgentiam
1187 2325 1382 2394 nobis,
1411 2321 2037 2390 Domine,beataAga—

387 2431 485 2488 the
514 2432 744 2498 martyr
770 2421 1066 2494 imploret,
1111 2431 1248 2489 quae
1289 2413 1392 2470 tibi
1431 2411 1770 2482 grata(160)
1800 2424 2037 2481 semper

387 2517 602 2576 exstitit
626 2521 682 2570 et
712 2511 920 2568 merito
943 2505 1314 2575 castitatis,et
1340 2509 1450 2558 tuae
1470 2501 1838 2573 professione
1857 2498 2036 2552 virtu-

387 2610 486 2666 tis.
523 2606 633 2662 Per
662 2603 982 2658 Dominum
1014 2601 1311 2654 nostrum,

691 2714 718 2744 ⁸
747 2713 1002 2755 DOMINICA
1033 2710 1096 2749 Ill
1127 2707 1255 2746 POST
1307 2704 1724 2745 THIOPHANIAM.

459 2801 840 2872 Omnipotens
867 2793 1220 2864 sempiterna
1235 2790 1410 2852 Deus,
1449 2785 1874 2840 inﬁrmatatem
1903 2797 2038 2872 nos-

389 2899 542 2952 tram
567 2871 682 2960 26
711 2885 1002 2960 propitius
1027 2879 1272 2950 respice,
1291 2885 1464 2946 atque
1495 2873 1574 2929 ad
1596 2871 2034 2944 protegendum

389 2998 502 3040 nos
525 2980 834 3036 dexteram
859 2979 966 3028 tuae
995 2967 1308 3040 Majestatis
1340 2962 1608 3020 extende.
1655 2963 1784 3016 Per.

461 3079 641 3149 Super
663 3075 874 3131 oblata.
897 3099 966 3110 -—
997 3067 1138 3138 (t70)
1171 3066 1305 3119 Haec
1331 3062 1552 3124 Hostia,
1583 3060 1852 3149 Domine,
1875 3073 2038 3149 quaa-

2212 1867 2518 1938 Prcefatio.
2543 1897 2610 1906 ——
2637 1869 2780 1923 Vere
2801 1867 3051 1938 dignum
3079 1872 3136 1924 et
3167 1869 3400 1940 justum
3423 1873 3530 1938 est,
3561 1883 3787 1940 aequum

2143 1969 2200 2020 et
2229 1963 2506 2028 salutare,
2533 1965 2640 2034 27
2671 1980 2781 2019 nos
2806 1966 2902 2020 tibi
2931 1981 3168 2038 semper
3209 1969 3266 2022 et
3317 1965 3538 2037 ubique
3569 1966 3788 2036 gratias

2143 2077 2340 2131 agere,
2366 2061 2604 2116 Domine
2653 2065 2878 2127 sancte,
2905 2065 3069 2118 Pater
3130 2063 3519 2132 omnipotens,
3575 2067 3790 2117 aeterne

2147 2150 2318 2219 Deus,
2333 2151 2640 2222 quigenus
2653 2149 2970 2204 humanum
2987 2166 3094 2222 pro
3107 2149 3588 2221 praevaricatione
3611 2165 3719 2204 sua
3735 2149 3789 2204 in

2145 2239 2329 2311 ipsius
2340 2239 2582 2307 originis
2595 2237 2793 2293 radice
2806 2239 3266 2309 damnatum(t7i
3280 2241 3406 2311 )per
3423 2237 3616 2293 ﬂorem
3631 2238 3792 2310 virgi-

2145 2327 2297 2384 nalis
2323 2328 2472 2382 uteri
2491 2327 2735 2382 reddere
2759 2328 3040 2396 dignatus
3053 2344 3116 2384 es
3133 2328 3477 2392 absolutum,
3509 2333 3569 2382 ut
3613 2327 3792 2384 homi-

2146 2432 2306 2482 nem,
2331 2432 2510 2487 quem
2543 2431 2647 2487 per
2675 2416 3053 2485 Unigenitum
3085 2433 3392 2472 creaveras
3435 2432 3536 2487 per
3579 2416 3790 2472 Filium

2145 2512 2314 2562 tuum
2349 2505 2535 2560 Deum
2563 2510 2618 2560 et
2643 2506 2932 2561 hominem
2962 2513 3359 2572 recreares;et
3375 2505 3676 2570 diabolus,
3695 2505 3793 2578 qui

2144 2595 2326 2650 Adam
2341 2595 2400 2648 in
2415 2593 2609 2663 fragili
2629 2609 2801 2649 carne
2815 2595 3122 2666 devicerat,
3143 2595 3296 2666 (172)
3313 2601 3657 2650 conservata
3667 2595 3688 2665 j
3700 2612 3770 2649 us
3782 2625 3798 2637 -

2145 2683 2283 2748 titia,
2299 2697 2334 2738 a
2353 2683 2474 2736 Deo
2491 2697 2669 2738 carne
2683 2682 3012 2738 vinceretur
3037 2691 3356 2756 assumpta.
3373 2683 3482 2738 Per
3496 2699 3668 2755 quem
3683 2685 3798 2738 Ma-

2139 2771 2404 2842 jestatem
2429 2777 2581 2824 tuam
2599 2815 2611 2828 .

2215 2868 2564 2924 Benedictio.
2581 2869 3070 2924 —Tentationum
3087 2869 3338 2924 omnium
3355 2884 3392 2924 a
3417 2867 3590 2924 vobis
3611 2869 3794 2924 Domi-

2146 2973 2261 3014 nus
2283 2955 2546 3028 pericula
2575 2961 2900 3022 removeat,
2917 2962 2972 3012 et
2987 2957 3490 3028 perturbationum
3503 2957 3792 3028 procellas

2146 3045 2462 3100 miseratus
2474 3044 2764 3100 excludat.
2789 3047 2988 3100 Amen.
3003 3045 3330 3100 Tentatoris
3356 3043 3594 3100 fraudes
3615 3051 3791 3116 atque

389 3133 622 3230 sumus,
655 3160 938 3219 emundet
955 3133 1152 3212 nostra
1175 3153 1406 3216 delicta,
1441 3147 1871 3206 etsacriﬁcium
1893 3145 2037 3201 cele-

2162 3133 2450 3190 nolimina
2480 3133 2785 3201 dissolvat,
2811 3139 2866 3188 et
2881 3149 2988 3188 vos
3005 3136 3294 3190 adversus
3321 3148 3448 3187 eum
3473 3141 3679 3189 cautos
3703 3139 3792 3189 at-

389 3255 693 3314 brandum
708 3248 1084 3306 subditorum
1095 3243 1202 3298 tibi
1215 3254 1436 3311 copora
1451 3241 1798 3308 mentesque
1820 3235 2036 3290 sancti-

388 3345 540 3402 ﬁcet.
569 3343 679 3398 Per
705 3335 1024 3395 Dominum
1055 3336 1356 3388 nostrum.

461 3440 772 3511 Praefatio.
800 3467 868 3474 —
897 3434 1042 3488 Vere
1071 3429 1322 3498 dignum
1349 3429 1404 3481 et
1415 3425 1644 3496 justum
1657 3425 1763 3486 est,
1807 3435 2036 3492 aequum

391 3537 450 3588 et
470 3529 738 3592 salutare,
757 3541 868 3580 nos
888 3521 994 3578 tibi
1016 3532 1236 3588 semper
1265 3520 1324 3570 et
1347 3513 1566 3583 ubique
1593 3511 1816 3580 gratias
1845 3523 2034 3579 agere,

393 3620 641 3678 Domine
663 3620 886 3678 sancte,
911 3611 1076 3666 Pater
1101 3607 1496 3676 omnipotens,
1522 3605 1738 3655 aeterne
1761 3599 1913 3652 Deus
1941 3611 1953 3650 :
1985 3599 2040 3652 et

391 3714 450 3766 te
475 3707 628 3766 omni
662 3710 912 3774 tempore
937 3695 1279 3754 collaudare
1305 3697 1361 3747 et
1415 3687 1786 3752 benedicere,
1811 3686 1954 3758 quia
1977 3685 2040 3740 in

392 3804 450 3855 te
471 3797 744 3863 vivimus,
760 3796 817 3846 et
829 3799 1153 3852 movemur,
1176 3789 1232 3838 et
1250 3795 1464 3836 sumus.
1489 3779 1554 3832 Et
1571 3775 1792 3830 nullum
1817 3783 2040 3863 tempus

392 3861 740 3954 nullumque
753 3882 1128 3934 momentum
1150 3865 1418 3940 estquod
1439 3863 1790 3954 abeneliciis
1809 3861 2041 3954 pietatis

391 3981 511 4030 tuae
535 3951 786 4027 vacuum
805 3965 1226 4032 transigamus.
1251 3955 1436 4011 Variis
1459 3951 1686 4008 etenim
1709 3951 2040 4004 solemnita-

395 4069 521 4120 tum
553 4061 774 4120 causis,
809 4053 1157 4110 salutarium
1191 4045 1363 4102 nobis
1415 4057 1666 4113 operum
1717 4045 1958 4094 tuorum
1988 4043 2046 4092 et

397 4165 716 4209 munerum
751 4143 1042 4200 meritoria
1073 4133 1376 4210 prasentis
1411 4133 1539 4185 vitae
1573 4139 1842 4199 tempora
1875 4143 2047 4182 exor-

397 4247 520 4298 nat.
551 4239 714 4294 Unde
741 4241 796 4292 et
819 4249 922 4288 nos
947 4229 1372 4284 velinnovante
1393 4219 1592 4274 laaIitia
1607 4217 1879 4292 praeteriti
1899 4231 2043 4284 gau-

398 4329 501 4394 dii,
533 4329 619 4382 vel
647 4305 2046 4398 permanentisbonitempusagnoscentes,inde-

397 4418 584 4474 fessas
599 4394 882 4483 Majestati
902 4415 1013 4462 tuae
1029 4409 1222 4474 grates
1237 4397 1611 4454 exsolvimus.
1629 4395 1734 4449 Per
1761 4394 2046 4448 Christum

403 4504 716 4561 Dominum
745 4503 1037 4554 nostrum.

471 4599 821 4658 Benedictio.
849 4625 910 4634 —
942 4587 1328 4659 Omnipotens
1355 4587 1512 4638 Deus
1549 4596 1658 4636 vos
1689 4578 1767 4635 ab
1799 4579 2048 4633 omnium

402 4699 784 4768 peccatorum
799 4679 1048 4740 maculis
1063 4675 1353 4737 emundet,
1371 4671 1470 4743 qui
1481 4673 1782 4768 leprosum
1827 4667 2048 4768 suppli-

403 4757 536 4838 cem
563 4783 711 4834 tactu
737 4771 974 4846 proprio
999 4767 1273 4836 dignatus
1301 4771 1389 4818 est
1431 4757 1780 4814 emundare.
1835 4757 2046 4850 Amen.

406 4857 1016 4939 Quiquecenturionis
1039 4867 1269 4910 servum
1287 4865 1406 4905 non
1430 4851 1896 4941 aspernatusest
1915 4858 2052 4896 V181-

405 4933 561 5020 tare:
581 4955 706 5025 ipse
735 4947 1004 5006 cordium
1028 4949 1364 4999 vestrorum
1401 4933 1724 5008 hospitium
1773 4933 2053 5025 dignetur

407 5021 1149 5102 misericorditerintroire.
1169 5033 1379 5084 Amen.
1404 5025 1608 5096 Sicque
1639 5039 1745 5076 vos
1771 5021 1909 5076 ﬁdei
1928 5037 2050 5076 suae

407 5129 768 5207 plenitudine
791 5127 1072 5186 informet,
1107 5127 1170 5176 ut
1187 5135 1314 5174 cum
1331 5115 1548 5170 sanctis
1566 5113 1686 5166 suis
1776 5117 2052 5166 caelorum

405 5200 594 5294 regno
624 5215 963 5277 accumbere
984 5209 1294 5268 concedat.
1317 5211 1512 5260 Amen.
1543 5201 1712 5266 Quod
1733 5200 1858 5271 ipse
1878 5215 2054 5272 praes-

411 5317 552 5373 tare.

483 5473 510 5506 ι
540 5462 600 5516 In
627 5459 758 5516 Cod.
789 5457 930 5527 Reg.
969 5453 1130 5527 Suec.
1174 5451 1226 5503 et
1267 5446 1320 5527 in
1549 5439 1749 5518 Pamel.
1793 5437 2057 5527 omittitur

411 5509 1122 5590 hmo-Donirrumucmteris
1175 5523 1295 5590 post
1341 5515 1720 5590 Epiphaniam,
1751 5509 1910 5590 quod
1940 5526 2054 5562 mu-

410 5581 1102 5676 tila-tionisnargumentum
1127 5581 1422 5676 .v'ideturA._'_
1443 5581 1506 5676 In
1560 5581 2046 5676 amends-“lion?

410 5653 998 5738 Hiiié'bémihiéamm
1038 5667 1180 5723 facta
1230 5657 1523 5726 mentione,
1567 5653 1924 5728 assignantur
1959 5653 2050 5708 de-

2146 3239 2264 3295 que
2283 3221 2657 3278 invincibiles
2681 3221 2882 3277 faciat.
2901 3227 3098 3278 Amen.
3119 3222 3410 3277 Continuae
3427 3223 3590 3293 pacis
3619 3221 3790 3278 vobis

2149 3327 2398 3367 munera
2428 3310 2665 3374 tribuat,
2691 3315 2748 3365 et
2773 3326 2880 3366 vos
2916 3311 2976 3366 in
3025 3313 3200 3382 portu
3258 3309 3692 3381 tranquillitatis
3723 3327 3794 3367 ac

2151 3397 2480 3454 securitatis
2509 3397 2856 3469 pr0pitiatus
2879 3398 3209 3454 constituat.
3234 3399 3426 3452 Amen.
3459 3399 3628 3463 Quod
3665 3398 3794 3471 ipse

2149 3497 2425 3560 praestare
2454 3487 2742 3558 dignetur.

2217 3586 2306 3640 Ad
2325 3585 2759 3656 Complendum.
2780 3616 2846 3624 —
2862 3587 3100 3641 Munera
3116 3588 3218 3639 tua
3231 3599 3356 3650 nos,
3379 3587 3594 3649 Deus,a
3606 3584 3798 3640 delec-

2150 3674 2466 3731 tationibus
2499 3675 2744 3730 terrenis
2771 3673 3108 3746 expediant,
3129 3679 3184 3730 et
3203 3673 3544 3730 ccelestibus
3576 3689 3798 3746 semper

2149 3764 2442 3820 instruant
2461 3763 2769 3818 alimentis.
2801 3765 2932 3819 Per.

2511 3874 2781 3917 DOMlNlCA
2805 3876 2842 3915 ν
2873 3875 3005 3915 POST
3033 3873 3451 3916 THEOPHANIAM.

2229 3957 2528 4012 Familiam
2555 3961 2741 4022 tuam,
2808 3973 3164 4028 quaesumus,
3218 3957 3482 4022 Domine,
3513 3956 3796 4014 continua

2155 4047 2370 4118 pietate
2401 4045 2652 4110 custodi,
2689 4050 2752 4100 ut
2779 4062 2910 4117 quae
2943 4045 3000 4100 in
3019 4047 3146 4101 sola
3177 4061 3284 4117 spe
3315 4045 3516 4114 gratiae
3537 4044 3792 4100 celestis

2154 4137 2548 4201 iunititur,tua
2577 4151 2804 4206 semper
2829 4134 3194 4206 protectione
3229 4135 3549 4190 muniatur.
3571 4135 3674 4190 Per
3691 4137 3796 4190 Do-

2155 4224 2280 4278 min
2292 4240 2411 4278 um.

2226 4321 2410 4391 Super
2422 4320 2628 4376 oblata.
2655 4349 2720 4360 —
2741 4319 2970 4374 Hostias
2995 4319 3116 4384 tibi,
3151 4318 3418 4384 Domine,
3443 4317 3796 4389 placationis

2158 4407 2472 4475 offerimus,
2509 4416 2570 4464 ut
2598 4415 2656 4463 et
2685 4407 2907 4462 delicta
2935 4413 3140 4463 nostra
3167 4409 3468 4462 miseratus
3499 4406 3794 4476 absolvas,

2077 4500 2124 4558 D
2157 4505 2214 4552 et
2240 4497 2509 4552 nutantia
2529 4497 2706 4552 corda
2738 4502 2800 4552 tu
2825 4496 3076 4566 dirigas.
3107 4497 3229 4550 Per.

2228 4594 2536 4662 Praefatio.
2553 4623 2622 4634 —-
2635 4594 2780 4648 Vere
2793 4593 3042 4664 dignum
3053 4601 3108 4648 et
3115 4592 3136 4662 j
3149 4597 3349 4648 ustum
3365 4597 3468 4656 est,
3484 4607 3724 4663 aequum
3745 4594 3802 4648 et

2161 4685 2439 4750 salutare,
2471 4699 2581 4740 nos
2611 4681 2714 4738 tibi
2741 4697 2977 4752 semper
3009 4687 3062 4736 et
3095 4680 3320 4751 ubique
3352 4681 3575 4750 gratias
3601 4695 3796 4750 agere,

2161 4773 2408 4828 Domine
2440 4776 2662 4840 sancte,
2696 4771 2866 4825 Pater
2895 4769 3692 4840 omnipotens,a3terneDeus
3715 4785 3725 4822 :
3747 4773 3804 4824 et

2161 4861 2264 4917 tibi
2293 4861 2450 4917 hanc
2479 4857 2903 4914 immolationis
2925 4855 3182 4912 hostiam
3211 4855 3446 4924 offerre,
3479 4857 3630 4926 (t73)
3671 4871 3804 4928 qute

2161 4955 2251 5006 est
2264 4949 2435 5004 saluti
2444 4948 2564 5002 fera
2577 4951 2631 5002 et
2641 4945 2926 5001 ineﬂabile
2941 4945 3138 5000 divinte
3151 4945 3348 5014 gratim
3363 4949 3802 5012 sacramentum,

2163 5051 2297 5110 quae
2337 5037 2576 5091 offertur
2610 5051 2644 5089 a
2675 5034 2962 5106 plurimis,
2997 5033 3147 5105 (174)
3186 5039 3242 5088 et
3269 5049 3442 5088 unum
3457 5031 3664 5088 Christi
3682 5049 3807 5088 cor-

2163 5143 2277 5199 pus
2290 5123 2478 5181 sancti
2492 5124 2762 5196 Sptiritus
2775 5123 3072 5178 infusione
3089 5121 3418 5195 perﬁcitur;
3435 5121 3645 5193 singuli
3659 5121 3808 5177 acci-

2163 5214 2632 5288 piuntChristum
2651 5213 2988 5276 Dominum,
3014 5218 3067 5266 et
3120 5211 3268 5282 (175)
3303 5211 3358 5264 in
3382 5209 3628 5281 singulis
3673 5225 3805 5281 por-

2163 5305 2412 5361 tionibus
2445 5308 2602 5358 totus
2634 5309 2718 5357 est
2751 5317 2899 5370 ;nec
2923 5299 3070 5370 (176)
3097 5299 3480 5371 persingulos
3522 5297 3810 5354 minuitur

2164 5471 2281 5509 cem
2318 5452 2675 5508 hebdomadas
2700 5455 2824 5521 post
2853 5449 3172 5520 Teophania
3200 5465 3322 5503 cum
3351 5447 3610 5521 singulis
3631 5445 3809 5521 Evan-

2165 5525 2324 5598 geliis
2359 5531 2455 5591 ;et
2483 5525 2625 5598 intra
2655 5517 2775 5576 illas
2825 5517 3202 5598 hebdomadas
3253 5519 3431 5598 multae
3471 5517 3626 5598 saepe
3659 5517 3806 5598 ferite

2151 5587 2424 5669 tanquam
2454 5594 2720 5669 solemnes
2765 5599 3039 5669 notantur,
3077 5599 3135 5648 ut
3162 5591 3259 5669 fer.
3294 5592 3344 5658 4,
3378 5589 3474 5669 fer.
3503 5587 3564 5650 ϐξ
3593 5587 3807 5646 Sabba-

2165 5659 2300 5739 tum,
2332 5667 2388 5723 in
2413 5665 2612 5744 quibus
2637 5665 2801 5722 etiam
2833 5659 3146 5720 indicuntur
3171 5659 3493 5736 Evangelia.
