4092 6200
309 213 384 278 49
495 179 508 190 ’
1563 223 1780 291 LIBER
1820 218 2487 287 SACBAMENTORUM.
3651 208 3728 274 80

303 347 409 404 sed
439 347 738 420 integrum
763 367 825 408 se
851 352 1075 425 praebet
1097 353 1160 411 in
1189 355 1456 427 singulis.
1491 361 1798 432 Propterea
1847 353 1961 428 ipsi
1992 355 2041 417 A
2073 352 2742 424 Valentinimartyristui
2763 349 3024 408 natalitia
3038 338 3727 411 colimus,acu'nctisma-

303 438 404 510 qui
437 440 733 496 sumimus
761 444 1236 501 communionem
1269 447 1449 518 hujus
1476 449 1664 504 sancti
1701 446 1874 519 panis
1906 450 1962 501 et

301 524 528 590 calicis,
549 528 697 590 (177)
712 545 888 585 unum
901 532 1113 587 Christi
1125 549 1329 605 corpus
1343 535 1642 590 efﬁcimur.
1668 539 1768 590 Per
1780 533 1960 606 ipsius

299 614 504 684 itaque
531 616 902 689 Majestatem
922 626 974 675 te
993 621 1283 691 supplices
1307 638 1646 686 exoramus,
1679 628 1742 678 ut
1760 639 1869 678 nos
1886 619 1959 676 ab

299 703 588 759 omnibus
601 706 892 761 emundes
903 709 1196 778 contagiis
1212 712 1535 776 vetustatis,
1552 717 1609 766 et
1627 711 1685 767 in
1701 710 1958 766 novitate

299 789 429 845 vitae
462 808 844 863 perseverare
874 798 1191 853 concedas.
1219 800 1325 854 Per
1351 799 1671 856 Christum.

373 881 732 937 Benedictio.
755 914 826 924 —-
845 887 1018 950 Deus,
1039 889 1140 958 qui
1165 887 1390 942 bonum
1415 904 1617 944 semen
1642 888 1700 942 in
1726 903 1836 942 sua
1860 889 1960 941 Ec-

296 968 481 1024 clesia
499 987 696 1026 serere
720 976 1042 1039 consuevit,
1068 977 1122 1030 in
1153 976 1318 1031 vobis
1339 977 1486 1033 illud
1505 992 1856 1033 conservare
1877 981 1957 1031 at-

294 1072 416 1129 que
441 1059 829 1131 multiplicare
849 1078 1156 1135 nunquam
1181 1065 1444 1122 desistat.
1475 1071 1682 1121 Amen.
1701 1067 1961 1120 Zizanio-

293 1161 432 1202 rum
451 1152 1059 1219 superseminatorem
1074 1170 1110 1209 a
1123 1155 1284 1209 vobis
1299 1155 1505 1225 procul
1522 1154 1784 1227 repellat,
1804 1160 1858 1209 et
1873 1154 1956 1208 sui

293 1235 461 1290 verbi
497 1237 719 1307 pabulo
753 1255 852 1294 vos
881 1239 1287 1296 indesinenter
1317 1241 1560 1297 reficiat.
1592 1244 1799 1298 Amen.
1830 1244 1957 1306 Quo

293 1339 440 1378 cum
467 1323 596 1380 dies
624 1326 829 1395 iudicii
848 1329 1175 1400 advenerit,
1209 1345 1245 1385 a
1276 1331 1546 1402 reprobis
1582 1330 1859 1402 separati,
1879 1331 1957 1385 ad

292 1411 609 1470 dexteram
630 1414 846 1486 judicis
878 1417 1191 1485 sistamini,
1226 1425 1282 1474 et
1313 1419 1370 1474 in
1411 1419 1756 1474 beatissimo
1779 1419 1956 1490 ipsius

291 1517 489 1567 regno
516 1503 908 1560 collocemini.
941 1511 1147 1562 Amen.
1185 1508 1357 1573 Quod
1391 1508 1516 1579 ipse
1542 1513 1847 1580 prmstare.

373 1591 494 1661 28
515 1592 595 1646 Ad
619 1592 1067 1663 Complendum.
1095 1597 1554 1662 —Qumsumus,
1583 1596 1956 1668 omnipotens

2069 442 2139 498 lis
2161 442 2606 520 imminentibus
2632 443 2760 513 ejus
2791 438 3211 498 intercessione
3245 435 3584 492 liberemur.
3621 436 3728 492 Per

2071 532 2392 587 Dominum
2421 537 2710 588 nostrum.

2139 622 2334 688 Super
2353 621 2564 676 oblata.
2594 618 2914 683 -—0blatis,
2931 616 3195 681 Domine,
3211 630 3580 687 quaesumus,
3603 611 3727 684 pla.

2070 725 2204 765 care
2237 710 2606 770 muneribus.
2643 710 2758 780 29
2785 712 2858 773 et,
2893 705 3285 761 intercedente
3318 703 3494 759 beato
3520 702 3726 758 Valen-

2070 799 2188 853 tino
2220 803 2475 870 martyre
2514 803 2636 861 tuo,
2669 814 2701 852 a
2726 794 2956 852 cunctis
2979 809 3090 850 nos
3131 792 3380 848 defende
3410 789 3714 862 periculis.

2068 888 2173 942 Per
2203 886 2524 941 Dominum
2555 891 2850 941 nostrum.

2141 975 2229 1029 Ad
2253 975 2689 1046 Complendum.
2713 1005 2783 1014 —
2800 973 2878 1030 Sit
2901 971 3094 1036 nobis,
3129 968 3399 1034 Domine,
3424 966 3722 1040 reparatio

2070 1065 2283 1119 mentis
2317 1069 2373 1121 et
2407 1063 2672 1134 corporis
2693 1062 2927 1119 caeleste
2949 1059 3319 1132 mysterium,
3347 1062 3409 1112 ut
3425 1057 3596 1128 cujus
3623 1071 3721 1112 ex-

2069 1153 2372 1223 sequimur
2402 1153 2718 1214 actionem,
2750 1150 3078 1205 sentiamus
3106 1146 3400 1202 effectum.
3429 1147 3553 1200 Per.

2138 1257 2236 1296 xui
2268 1257 2396 1296 ΚΑΙ..
2419 1240 2622 1296 Μιλκτὶι.
2655 1240 2894 1308 —-(l79)
2925 1237 2955 1279 ὶ)
2985 1251 3264 1290 cunnum
3291 1249 3478 1289 SANGTI
3507 1247 3686 1289 PETRI.

2139 1329 2293 1384 Deus
2329 1329 2429 1400 qui
2458 1329 2626 1384 beato
2658 1327 2924 1400 apostolo
2947 1329 3050 1380 tuo
3079 1327 3268 1388 Petro,
3293 1321 3518 1377 collatis
3544 1319 3722 1386 clavi-

2066 1415 2183 1472 bus
2212 1419 2375 1487 regni
2406 1417 2680 1483 cmlestis,
2710 1416 2943 1471 animas
2977 1411 3202 1482 ligandi
3249 1415 3428 1482 atque
3455 1407 3724 1464 solvendi

2066 1505 2602 1576 (t80)pontiﬁcium
2617 1503 2922 1566 tradidisti,
2938 1501 3195 1558 concede
3207 1496 3723 1555 utintercessionis

2068 1594 2198 1664 ejus
2212 1594 2432 1650 auxilio
2447 1610 2481 1650 a
2493 1599 2876 1665 peccatorum
2894 1595 3232 1647 nostrorum
3247 1587 3502 1644 nexibus
3515 1585 3723 1642 libere-

297 1676 726 1740 Deus,utillius
743 1683 1016 1738 salutaris
1033 1683 1844 1756 capiamuseﬂ‘ectum,cujus
1859 1699 1958 1754 per
1995 1713 2038 1772 Β
2070 1698 2221 1737 mur.
2256 1683 2364 1746 Qui
2397 1683 2543 1738 vivis
2574 1687 2630 1737 et
2660 1697 2896 1751 regnas.

293 1765 423 1820 hac
456 1769 740 1839 mysteria
767 1770 983 1839 pignus
1017 1773 1378 1844 accepimus.
1417 1774 1521 1828 Per
1549 1771 1845 1828 eumdem.

372 1855 566 1924 Super
590 1858 884 1928 populum.
906 1891 974 1900 —
993 1860 1263 1916 Ecclesiaa
1296 1867 1424 1928 ture,
1481 1861 1750 1929 Domine,
1780 1875 1956 1916 voces

295 1941 568 2013 placatus
582 1945 833 2010 admitte,
851 1952 932 2011 ut,
947 1948 1249 2004 destructis
1262 1948 1708 2005 adversitatibus
1725 1949 1953 2005 univer-

297 2032 401 2094 sis.
440 2048 650 2089 secura
683 2035 787 2090 tibi
820 2037 1027 2092 serviat
1055 2036 1339 2093 libertate.
1362 2038 1492 2093 Per.

663 2141 921 2181 DOMINICA
953 2143 1008 2180 Vl
1035 2143 1164 2182 POST
1186 2144 1596 2184 ΤΗΕΟΡΗΑΝΙΑΜ.

373 2211 618 2276 Praesta,
649 2229 1017 2284 quaesumus,
1043 2217 1421 2287 omnipotens
1451 2216 1625 2284 Deus,
1648 2220 1707 2271 ut
1726 2232 1957 2288 semper

298 2299 684 2356 rationabilia
715 2303 1087 2370 meditantes,
1128 2321 1264 2377 qum
1319 2305 1416 2361 tibi
1448 2313 1585 2361 sunt
1613 2305 1850 2378 placita,
1901 2311 1957 2362 et

299 2388 476 2443 dictis
508 2404 914 2461 exsequamur
944 2399 1000 2448 et
1038 2393 1225 2448 factis.
1260 2397 1384 2449 Per.

371 2477 789 2546 Superoblata.
826 2512 880 2520 -
908 2483 1037 2536 Haec
1068 2497 1179 2538 nos
1210 2481 1450 2551 oblatio,
1482 2483 1657 2547 Deus,
1683 2483 1952 2549 mundet,

294 2582 677 2637 quaesumus,
705 2575 761 2624 et
782 2576 1026 2627 renovet
1053 2578 1110 2628 et
1143 2573 1432 2642 gubernet
1450 2578 1508 2628 et
1528 2577 1817 2644 protegat.
1854 2577 1956 2629 Per

293 2653 646 2712 Dominum.

375 2743 675 2812 Praefatio.
693 2777 762 2785 —
779 2747 926 2802 Vere
944 2747 1194 2817 dignum
1214 2749 1295 2821 etj
1307 2753 1505 2804 ustum
1521 2754 1632 2818 est,
1655 2765 1886 2820 aequum
1899 2755 1954 2806 et

296 2832 582 2901 salutare,
609 2849 717 2888 nos
748 2834 846 2890 tibi
892 2852 1128 2908 semper
1173 2843 1228 2892 et
1253 2837 1474 2909 ubique
1505 2838 1726 2906 gratias
1753 2853 1949 2907 agere,

295 2921 550 2976 Domine
580 2927 800 2987 sancte,
833 2924 1006 2980 Pater
1020 2924 1652 2996 omnipotens,aeterne
1678 2926 1829 2981 Deus
1851 2927 1951 2981 :ad

294 3009 386 3077 cnj
399 3010 821 3066 usimmensam
838 3013 1086 3083 pertinet
1099 3013 1366 3082 gloriam,
1386 3021 1576 3069 utnon
1593 3014 1786 3070 solum
1806 3031 1951 3069 mor-

2138 1770 2540 1840 Superoblata.
2559 1802 2624 1810 —
2641 1768 2910 1826 Ecclesiae
2926 1773 3061 1832 tuae,
3078 1780 3433 1838 quaesumus,
3453 1761 3716 1826 Domine,

2068 1874 2276 1931 preces
2302 1865 2358 1916 et
2414 1859 2640 1915 hostias
2669 1858 2820 1915 beati
2860 1856 3008 1912 Petri
3036 1853 3288 1927 apostoli
3338 1851 3721 1908 commendet

2069 1948 2281 2012 oratio,
2315 1953 2378 2003 ut
2403 1947 2567 2019 quod
2586 1963 2696 2018 pro
2717 1947 2872 2002 illius
2900 1945 3083 2014 gloria
3125 1943 3499 2000 celebramus
3541 1939 3719 1998 nobis

2065 2036 2252 2108 prosit
2281 2036 2357 2091 ad
2385 2036 2647 2092 veniam.
2675 2037 2776 2090 Per
2808 2034 3148 2090 Dominum.

2139 2125 2433 2192 Praefatio.
2449 2155 2516 2165 —
2536 2125 2680 2179 Vere
2694 2124 2943 2194 dignum
2968 2127 3024 2177 et
3030 2123 3052 2193 j
3066 2125 3259 2177 ustum
3280 2124 3384 2184 est,
3405 2133 3646 2191 aequum
3662 2120 3720 2174 et

2068 2213 2347 2279 salutare,
2372 2230 2481 2269 nos
2511 2213 2607 2269 tibi
2657 2226 2892 2283 semper
2917 2216 2974 2266 et
3007 2209 3224 2281 ubique
3256 2208 3475 2279 gratias
3518 2222 3713 2276 agere,

2065 2302 2312 2358 Domine
2338 2307 2559 2371 sancte,
2580 2303 2740 2358 Pater
2763 2300 3166 2370 omnipotens,
3188 2302 3396 2353 aeterne
3429 2296 3615 2366 Deus;
3662 2299 3719 2352 et

2067 2395 2118 2447 te
2135 2392 2380 2447 laudare
2397 2391 2728 2447 mirabilem
2753 2391 2936 2444 Deum
2957 2389 3016 2444 in
3036 2387 3250 2443 sanctis
3265 2385 3392 2450 tuis,
3418 2385 3479 2440 in
3499 2384 3717 2456 quibus

2065 2479 2428 2550 gloriﬁcatus
2473 2496 2535 2534 es
2561 2480 2960 2534 vehementer.
2995 2477 3098 2532 Per
3128 2491 3280 2546 quos
3316 2473 3602 2542 Unigeniti
3633 2471 3716 2528 tui

2065 2584 2304 2624 sacrum
2328 2583 2538 2639 corpus
2560 2582 2834 2631 exornas,
2859 2569 2914 2621 et
2951 2565 3012 2619 in
3038 2563 3259 2636 quibus
3294 2561 3565 2617 Ecclesiie
3604 2564 3716 2617 tuae

2063 2656 2453 2712 fundamenta
2478 2655 2812 2718 constituis,
2853 2669 3038 2726 quam
3069 2651 3220 2722 (181)
3253 2651 3312 2706 in
3362 2649 3714 2720 patriarchis

2063 2744 2344 2805 fundasti,
2361 2744 2421 2798 in
2435 2743 2740 2815 prophetis
2759 2741 3117 2814 praeparasti,
3136 2740 3196 2795 in
3211 2738 3497 2810 apostolis
3512 2736 3716 2794 condi-

2062 2833 2215 2889 disti.
2236 2837 2312 2888 Ex
2339 2833 2560 2904 quibus
2574 2832 2814 2887 beatum
2836 2832 3065 2885 Petrum
3079 2827 3488 2898 apostolorum
3502 2825 3714 2898 princi-

2062 2921 2323 2993 pem,ob
2353 2921 2790 2976 confessionem
2820 2917 3116 2987 Unigeniti
3153 2916 3273 2972 Filii
3329 2915 3436 2977 tui,
3493 2929 3598 2986 per
3645 2928 3713 2967 os

2061 3010 2333 3080 ejusdem
2365 3009 2537 3064 Verbi
2557 3009 2636 3064 tui
2651 3008 3093 3070 conﬁrmatum,
3117 3005 3177 3060 in
3197 3003 3588 3058 fundamento
3607 3001 3712 3056 do-

292 3095 520 3152 talibus
551 3103 655 3153 tua
687 3099 904 3170 pietate
925 3117 1322 3167 succurreres,
1368 3103 1471 3157 sed
1505 3103 1574 3156 de
1613 3103 1740 3172 ipsa
1771 3103 1950 3158 etiam
1983 3073 2028 3132 C
2060 3113 2196 3152 mus
2231 3104 2367 3160 tuae,
2400 3101 2624 3153 mutato
2657 3094 2920 3160 nomine,
2949 3093 3278 3150 cmlestium
3309 3090 3710 3146 claustrorum

291 3185 656 3241 mortalitate
682 3193 885 3244 nostra
925 3188 1100 3243 nobis
1131 3190 1461 3244 remedium
1488 3191 1845 3262 provideres,
1896 3195 1950 3246 et

293 3271 558 3342 perditos
577 3289 855 3345 quosque
870 3274 1027 3330 unde
1049 3277 1362 3346 perierant,
1381 3277 1516 3332 inde
1537 3277 1824 3334 salvares.
1849 3281 1951 3333 Per

294 3359 596 3416 Christum
629 3361 950 3418 Dominum
981 3369 1272 3419 nostrum.

366 3448 729 3504 Benedictio.
746 3481 814 3489 —
830 3453 981 3505 Deus
993 3451 1098 3522 qui
1114 3468 1262 3508 mare
1275 3453 1396 3508 suis
1409 3453 1661 3525 pedibus
1674 3453 1809 3509 fecit
1822 3471 1947 3510 esse

293 3535 604 3601 calcabile,
625 3537 791 3592 vobis
803 3539 1094 3611 quidquid
1108 3546 1196 3597 est
1210 3542 1447 3596 noxium
1463 3542 1588 3613 ipse
1601 3545 1941 3599 substernat.

287 3625 508 3679 Amen.
543 3626 882 3682 Contrarias
914 3628 1364 3685 immundorum
1387 3631 1703 3702 spirituum
1749 3638 1945 3687 motus

291 3722 657 3784 compescat,
693 3719 750 3769 et
777 3731 886 3770 vos
911 3717 972 3771 in
1017 3733 1122 3772 sua
1154 3734 1298 3789 pace
1346 3719 1676 3776 conﬁrmet.
1731 3723 1943 3775 Amen.

287 3801 500 3855 Crucis
531 3818 657 3857 suae
689 3803 825 3858 navi
857 3803 1010 3859 inter
1028 3806 1462 3861 mundiﬂuctus
1479 3808 1787 3877 gubernet,
1808 3809 1940 3864 etin

281 3888 450 3972 littus
473 3889 664 3945 beata:
687 3893 1059 3961 perennitatis
1079 3894 1379 3963 perducat.
1405 3896 1613 3950 Amen.
1636 3896 1805 3960 Quod
1825 3896 1943 3967 ipse

280 3979 569 4054 praestare
599 3977 899 4048 dignetur.

352 4065 449 4142 Ad
472 4064 908 4132 Complendum.
930 4067 1376 4132 —C(Blestibus,
1396 4069 1660 4136 Domine,
1677 4073 1829 4144 pasti
1844 4071 1941 4126 de-

274 4151 452 4214 liciis,
472 4169 820 4224 quaesumus
842 4161 902 4209 ut
921 4170 1156 4226 semper
1169 4157 1379 4213 eadem
1396 4174 1500 4230 per
1516 4176 1646 4231 quas
1662 4162 1942 4217 veraciter

276 4241 540 4297 vivimus
571 4248 952 4314 appetamus.
983 4244 1111 4301 Per.

346 4330 541 4396 Super
554 4332 856 4400 populum.
875 4363 942 4371 —
957 4334 1249 4389 Conserva
1262 4335 1546 4406 populum
1569 4339 1740 4402 tuum,
1765 4340 1934 4403 Deus,

2059 3187 2380 3256 praesulem
2401 3185 2826 3256 custodemque
2858 3182 3064 3245 fecisti,
3095 3180 3303 3236 divino
3333 3178 3534 3249 eijure
3564 3192 3708 3232 con-

2059 3291 2247 3340 cesso,
2272 3279 2337 3329 ut
2369 3275 2514 3343 (182)
2553 3289 2682 3345 qua
2705 3273 3004 3329 statuisset
3024 3271 3084 3327 in
3110 3270 3298 3333 terris,
3332 3271 3710 3323 servarentur

2057 3363 2119 3418 in
2141 3363 2321 3418 caelis.
2338 3363 2400 3416 In
2422 3363 2592 3433 cujus
2611 3361 2985 3417 veneratione
3002 3360 3292 3415 hodierna
3309 3356 3405 3412 die
3426 3353 3709 3426 Majestati

2057 3456 2171 3506 tua;
2194 3451 2318 3506 hinc
2347 3451 2496 3506 festa
2527 3449 2941 3522 persolvimus,
2977 3453 3033 3504 et
3063 3447 3384 3518 gratiarum
3416 3461 3484 3500 ac
3508 3442 3706 3500 laudis

2056 3539 2317 3594 Hostiam
2346 3538 2749 3593 immolamus.
2782 3538 2890 3591 Per
2934 3553 3110 3607 quem
3144 3536 3525 3605 Majestatem.

2124 3627 2213 3680 Ad
2231 3625 2653 3696 Complendum.
2675 3655 2741 3664 —
2765 3624 3036 3679 Laetiﬁcet
3054 3640 3181 3685 nos,
3199 3622 3468 3686 Domine,
3489 3635 3707 3675 munus

2055 3714 2344 3781 oblatum,
2377 3719 2439 3769 ut
2469 3713 2688 3772 sicutjn
2717 3710 3096 3782 apostolotuo
3124 3711 3285 3764 Petro
3299 3713 3354 3762 te
3369 3705 3704 3762 mirabilem

2053 3803 2474 3875 praedicamus,
2491 3801 2572 3856 sic
2587 3817 2689 3872 per
2703 3800 2861 3856 illum
2875 3803 2990 3854 tum
3006 3814 3310 3854 sumamus
3323 3797 3425 3852 ind
3435 3794 3702 3865 ulgentiaa

2052 3891 2410 3960 largitatem.
2440 3891 2563 3946 Per.

2123 3980 2306 4050 Super
2328 3981 2634 4050 pepulum.
2660 4009 2728 4019 —
2750 3975 3022 4040 Benedic,
3040 3990 3410 4047 quaesumus,
3433 3971 3701 4036 Domine,

2051 4068 2288 4141 plebem
2311 4072 2510 4134 tuam;
2557 4071 2613 4122 et
2641 4067 2793 4122 beati
2827 4065 2977 4120 Petri
3009 4063 3258 4135 apostoli
3288 4063 3369 4116 tui
3423 4059 3699 4132 precibus

2049 4157 2246 4212 tribue
2279 4155 2564 4226 consequi
2592 4159 2706 4210 tuae
2731 4153 3090 4208 defensionis
3127 4150 3433 4208 auxilium.
3467 4150 3591 4204 Per.

2047 4269 2107 4309 vr
2156 4269 2284 4307 mn.
2313 4254 2520 4309 MARTll.
2562 4263 2675 4293 -ο
2730 4265 2960 4305 mnus
3017 4247 3169 4320 (183)
3217 4263 3402 4304 SANCTI
3449 4261 3701 4301 nurum:

2730 4336 2991 4377 APOSTOL!
3002 4361 3014 4375 .

279 4421 338 4474 et
361 4424 465 4471 tuo
485 4417 715 4471 nomini
735 4419 826 4472 fac
845 4417 1144 4484 devotum,
1165 4426 1242 4484 ut,
1258 4421 1475 4476 divinis
1491 4423 1797 4493 subjectus
1817 4425 1937 4479 oﬁi-
1973 4424 2018 4480 D
2122 4422 2293 4484 Deus,
2329 4422 2431 4492 qui
2449 4419 2690 4475 beatum
2706 4417 3004 4474 Matthiam
3020 4416 3427 4488 apostolorum
3457 4410 3709 4470 tuorum"

277 4504 406 4575 ciis,
438 4511 496 4559 et
520 4506 873 4576 temporalia
894 4507 1134 4563 viriliter
1146 4515 1436 4566 etmterna
1457 4511 1618 4566 dona
1632 4514 1933 4584 percipiat.

277 4591 388 4646 Per
424 4593 740 4648 Dominum
767 4599 1060 4651 nostrum.

274 4705 379 4744 xvr
443 4705 570 4743 KAL.
612 4706 819 4745 nam.
864 4723 933 4732 —
977 4693 1126 4762 (178)
1172 4710 1396 4751 NATALIS
1429 4713 1618 4752 SANCTI
1653 4702 1934 4754 vusnrim

933 4774 959 4805 ³
993 4780 1282 4822 MARTYRIS.

349 4858 596 4923 Praesta,
618 4875 984 4930 quaesumus,
1009 4861 1387 4934 omnipotens
1405 4864 1574 4928 Deus,
1596 4864 1936 4936 utquibeati

347 5021 370 5051 ³
403 5009 590 5082 Abest
614 5011 1047 5082 martyrisCod.
1081 5011 1220 5082 Heg.
1264 5013 1424 5069 Suec.
1468 5014 1526 5068 In
1575 5016 1596 5070 1
1654 5015 1924 5072 Theoder.

275 5088 400 5135 ante
445 5081 684 5134 natalem
726 5081 902 5134 sancti
943 5081 1208 5136 Valentini
1256 5090 1473 5139 notatur
1498 5087 1721 5141 vnidus
1765 5087 1924 5141 Febr.

280 5151 602 5206 Tramlatio
616 5161 824 5224 aeneae
849 5152 1075 5208 Helena
1091 5157 1316 5224 reginae;
1338 5162 1391 5209 et
1408 5174 1461 5209 1v
1476 5156 1601 5209 Idus
1625 5157 1780 5210 Febr.
1801 5157 1936 5212 :Na-

278 5225 378 5276 ται.
407 5230 630 5278 mnatre
651 5223 1007 5294 scholastica:
1027 5223 1161 5294 virg.
1191 5226 1312 5278 Post.
1328 5227 1519 5281 festum
1543 5227 1711 5281 sancti
1744 5229 1936 5282 Valen-

279 5294 372 5368 tini
399 5294 605 5368 ibidem
629 5293 857 5368 additur
881 5309 892 5346 :
926 5293 1222 5350 Eodemdie
1247 5306 1355 5351 nat.
1374 5305 1681 5354 sanctorum
1719 5299 1930 5368 Vitatis,

283 5365 544 5419 Feticulae
565 5371 616 5418 et
648 5365 907 5418 Zenonis.

349 5436 377 5476 δ
411 5437 468 5489 ln
497 5435 599 5490 Ed.
627 5435 810 5490 Vatic.
841 5443 895 5487 et
923 5433 1232 5492 Gussanvil.
1268 5439 1559 5495 Cat/tedra
1587 5440 1762 5494 sancti
1781 5441 1936 5495 Petri

280 5523 336 5561 tn
361 5508 553 5578 Regna,
592 5507 758 5578 quod,
797 5505 1020 5578 minime
1050 5507 1270 5578 habent
1311 5509 1404 5564 alii
1435 5511 1661 5568 Codices
1688 5513 1817 5566 editi
1843 5518 1937 5566 aut

279 5595 417 5636 mss.
437 5576 710 5634 Recenter
743 5577 934 5650 itaque
957 5576 1202 5642 additum
1245 5580 1611 5655 suspicamur,
1646 5584 1711 5640 in
1743 5582 1933 5650 Roma,

2047 4509 2294 4578 collegio
2325 4509 2579 4572 sociasti,
2613 4507 2827 4571 tribue,
2862 4523 3226 4578 quaesumus,
3264 4510 3324 4560 ut
3353 4506 3482 4574 ejus
3515 4503 3698 4558 inter-

2044 4598 2341 4663 ventione,
2378 4598 2494 4668 30
2517 4601 2627 4651 ture
2641 4596 2798 4651 circa
2813 4610 2922 4649 nos
2953 4594 3181 4665 pietatis
3213 4609 3448 4665 semper
3467 4592 3696 4647 viscera

2047 4685 2393 4740 sentiamus.
2427 4685 2530 4738 Per
2562 4683 2900 4738 Dominum.

2118 4783 2293 4853 Super
2313 4783 2529 4838 oblata.
2552 4813 2616 4822 —
2641 4783 2813 4845 Deus,
2833 4779 2935 4852 qui
2954 4777 3270 4852 proditoris
3285 4781 3567 4849 apostataa
3583 4777 3699 4832 rui-

2046 4886 2208 4938 nam,
2225 4887 2297 4925 ne
2311 4869 2709 4942 apostolorum
2725 4870 2978 4937 tuorum(
2994 4867 3112 4939 184)
3133 4882 3406 4922 numerus
3426 4869 3697 4922 sacratus

2042 5018 2112 5073 ad
2147 5017 2551 5074 distinctionem
2583 5015 2804 5071 alterius
2845 5015 2963 5070 festi
2998 5014 3280 5070 Cathedraa
3317 5015 3490 5069 sancti
3549 5013 3694 5068 Petri

2043 5088 2368 5152 Antr’ochiw,
2422 5089 2508 5142 die
2545 5089 2606 5142 18
2635 5088 2884 5157 Januar.,
2934 5087 3078 5157 quod
3120 5094 3296 5141 utrum
3340 5084 3577 5156 antiquis
3609 5101 3698 5138 co-

2087 5162 2275 5213 nitum.
2329 5159 2567 5216 Consule
2616 5156 3055 5212 observationem
3101 5162 3339 5212 nostram
3392 5157 3460 5211 ad
3512 5161 3692 5211 notam

2087 5178 2275 5213 mrum.
2329 5178 2567 5216 Consule
2616 5178 3055 5212 ooservauonem
3101 5178 3339 5212 noswam
3392 5178 3460 5211 au
3512 5178 3692 5211 notam

2043 5178 2168 5286 ῗτθ.
2203 5229 2426 5284 Kalend.
2455 5231 2611 5283 Hom.
2644 5229 2802 5284 Joan.
2841 5228 3130 5283 Frontonis
3157 5235 3444 5300 utrumque
3499 5227 3695 5282 festum

2046 5300 2237 5362 nescit,
2274 5308 2331 5354 ut
2360 5309 2410 5354 et
2452 5303 2632 5356 Codex
2657 5301 2794 5371 Reg.
2830 5300 2990 5354 Suec.

2117 5384 2139 5412 ε
2171 5371 2449 5425 Omittitur
2508 5373 2608 5427 hoc
2660 5365 2854 5426 festum
2906 5373 2960 5425 in
3013 5369 3239 5425 Kalend.
3294 5369 3451 5422 Rom.
3533 5372 3587 5420 et
3639 5365 3694 5419 in

2042 5441 2175 5497 Cod.
2209 5443 2341 5512 Reg.
2379 5443 2538 5497 Suec.
2575 5444 2633 5497 In
2671 5445 2691 5496 1
2729 5442 3032 5505 Theoder.,
3075 5439 3387 5495 immediate
3414 5442 3537 5512 post
3577 5442 3689 5491 nat.

2045 5514 2217 5568 sancti
2276 5511 2498 5578 Matth.,
2545 5513 2789 5587 sequitur
2829 5512 3035 5569 festum
3066 5516 3376 5568 sanctarum
3417 5511 3694 5579 Perpetua)

2045 5591 2098 5641 et
2119 5583 2436 5641 Felicitatis.

2043 5591 2098 5642 et
2119 5585 2436 5641 Felicitatis.
