4092 6200
405 260 480 326 δι
1669 258 1935 326 SANC'I'I
1974 252 2271 323 GEGOBII
2308 260 2551 327 MAGNI
3176 210 3185 213 ’
3586 214 3607 229 ’
3739 256 3817 321 ita

404 391 1446 471 perfectionecareret,beatiMatthiae
1458 395 1737 455 electione
1757 376 2056 469 supplesti,
2091 388 2144 451 A
2171 394 2470 455 nientibus
2503 396 2661 455 beati
2692 394 2950 468 Gregorii
2983 394 3227 464 meritis,
3258 391 3337 451 ab
3368 390 3654 451 omnibus
3703 406 3814 449 nos

409 485 727 560 praesentia
750 500 1000 542 munera
1026 485 1349 558 sanctiﬁca,
1384 494 1441 544 et
1467 502 1573 560 per
1590 503 1661 543 ea
1700 502 1811 543 nos
1850 485 2058 557 gratiae

407 581 524 632 tua:
544 575 759 631 virtute
785 574 1092 630 conﬁrma.
1120 576 1241 631 Per.
1636 583 1649 604 '

477 664 776 733 Praefatio.
797 695 866 703 -—
885 663 1032 719 Vere
1049 663 1293 735 dignum
1312 668 1368 721 et
1380 666 1611 737 justum
1624 671 1729 734 est,
1744 680 1987 736 aequum
2001 665 2061 719 et

407 752 685 818 salutare,
716 767 827 807 nos
852 751 956 807 tibi
985 768 1225 825 semper
1257 760 1311 809 et
1342 754 1564 829 ubique
1594 754 1813 823 gratias
1860 767 2057 821 agere,

400 840 658 897 Domine
679 844 899 904 sancte,
925 841 1092 896 Pater
1110 842 1512 914 omnipotens,
1544 847 1759 899 aeterne
1791 843 1943 896 Deus
1971 844 2061 896 :et

408 934 464 985 te
482 930 726 986 laudare
750 929 1079 986 mirabilem
1106 933 1290 987 Deum
1315 932 1374 987 in
1394 932 1582 988 beatis
1613 930 1895 1003 apostolis
1921 929 2054 994 tuis,

407 1017 463 1075 in
482 1019 704 1091 quibus
731 1017 1094 1088 gloriﬁcatus
1113 1035 1177 1076 es
1200 1021 1601 1076 vehementer.
1620 1022 1725 1075 Per
1748 1032 1902 1092 quos
1927 1018 2061 1075 Uni-

408 1108 586 1180 geniti
611 1106 693 1163 tui
720 1114 958 1163 sacram
981 1123 1198 1180 corpus
1216 1109 1462 1178 colligis,
1482 1114 1537 1165 et
1552 1111 1611 1165 in
1629 1108 1849 1182 quibus
1872 1107 2060 1163 Eccle-

409 1197 512 1253 siae
537 1201 650 1252 tua:
678 1194 1072 1253 fundamenta
1093 1197 1421 1254 constituis.
1456 1197 1615 1254 Unde
1631 1196 1935 1269 poscimus
1946 1195 2057 1251 cle-

407 1284 684 1341 mentiam
711 1288 895 1347 tuam,
922 1284 1188 1355 piissime
1206 1287 1587 1358 omnipotens
1616 1290 1784 1351 Deus,
1809 1285 2058 1342 utinter-

410 1374 677 1432 cessione
700 1374 859 1431 beati
881 1376 1138 1447 apostoli
1168 1378 1249 1433 tui
1278 1379 1551 1443 Matthiae,
1571 1379 1742 1450 cujus
1760 1378 2059 1450 passionis

408 1463 773 1534 triumphum
786 1462 1535 1533 solemnitercelebramus,
1551 1481 2057 1538 mereamurapec-

409 1555 677 1609 catorum
708 1557 1048 1609 nostrorum
1068 1553 1318 1610 nexibus
1356 1554 1525 1622 solvi,
1559 1559 1615 1611 et
1664 1562 1898 1612 aeternas
1926 1555 2059 1611 vitae

409 1638 670 1697 felicitati
699 1639 889 1706 reddi,
920 1644 1095 1713 atque
1147 1648 1489 1700 sanctorum
1524 1648 1757 1701 tuorum
1811 1642 2059 1700 caatibus

410 1728 859 1786 connumerari.
891 1730 997 1785 Per
1023 1746 1227 1803 quem.

486 1817 831 1874 Benedictio.
856 1850 923 1859 —
950 1821 1120 1889 Deus,
1155 1821 1259 1892 qui
1286 1836 1389 1875 vos
1410 1820 1467 1876 in
1498 1820 1840 1893 apostolicis
1856 1818 2061 1876 tribuit

410 1906 738 1962 consistere
759 1904 1182 1971 fundamentis,
1206 1908 1556 1966 benedicere
1575 1910 1748 1966 vobis
1764 1909 2057 1977 dignetur,

410 1995 568 2052 beati
591 1994 846 2067 apostoli
871 1996 962 2052 sui
996 1996 1245 2053 Matthiae
1270 1998 1770 2055 intercedentibus
1803 1998 2049 2055 meritis.

411 2086 622 2140 Amen.
654 2084 1057 2157 Defendatque
1069 2102 1225 2142 vosa
1244 2088 1467 2143 cunctis
1488 2088 1772 2152 adversis,
1787 2087 2060 2159 apostoli-

411 2173 494 2229 cis
514 2173 830 2244 praesidiis,
856 2173 954 2245 qui
978 2189 1087 2229 vos
1117 2190 1323 2230 eorum
1344 2176 1533 2232 voluit
1552 2178 1749 2233 ornari
1779 2182 1834 2233 et
1856 2191 2061 2232 mune-

408 2261 527 2317 rari
543 2262 831 2333 exemplis
845 2262 1315 2334 etdocumentis.
1342 2265 1549 2320 Amen.
1575 2267 1704 2332 Quo
1721 2282 1827 2337 per
1850 2281 2058 2321 eorum

409 2349 891 2409 intercessionem
921 2351 1281 2422 pervenistis
1310 2353 1387 2409 ad
1417 2358 1648 2409 ueterum
1666 2355 1869 2425 patrita
1886 2354 2057 2409 haere-

410 2437 675 2500 ditatem,
700 2454 807 2509 per
834 2455 1085 2510 quorum
1104 2440 1439 2497 doctrinam
1451 2442 2058 2514 tenetisﬁdeiintegri-

412 2530 615 2583 tatem.
653 2527 817 2593 Quod
848 2527 971 2599 ipse
998 2534 1275 2600 praestare
1300 2530 1596 2601 dignetur.

411 2616 508 2671 Ad
528 2615 953 2686 Complendum.
995 2648 1063 2659 —
1108 2620 1346 2687 Praesta,
1377 2635 1747 2691 quaesumus,
1780 2620 2062 2693 omnipo-

413 2706 544 2760 tens
577 2707 633 2760 et
662 2703 997 2761 misericors
1042 2707 1215 2771 Deus,
1272 2711 1337 2763 ut
1381 2723 1489 2779 per
1515 2708 1639 2764 haec
1665 2713 1892 2774 sancta,
1924 2726 2061 2782 quas

414 2792 784 2862 sumpsimus,
799 2792 1215 2851 interveniente
1227 2794 1398 2852 beato
1410 2796 1647 2853 Matthia
1659 2797 1926 2869 apostolo
1938 2802 2060 2864 tuo,

412 2879 652 2936 veniam
686 2896 1130 2952 consequamur
1149 2886 1204 2939 et
1232 2899 1465 2955 pacem.
1486 2885 1596 2940 Per
1610 2886 1952 2942 Dominum.

483 2977 665 3048 Super
686 2978 969 3049 populum.
994 3011 1064 3021 —
1083 2980 1389 3052 Percipiat,
1422 2982 1684 3051 Domine,
1703 2999 2061 3055 quaesumus,

2089 1742 2136 1801 Β

2169 485 2444 544 absolvat
2484 488 2757 560 peccatis.
2790 489 2917 543 Per.

2169 591 2266 631 vui
2322 593 2451 632 χλι.
2506 593 2740 633 avarus.
2789 607 2858 618 —
2906 577 3050 645 (186)
3081 573 3110 617 δ
3139 587 3495 628 ΑΝΝυκτιΑτιο
3526 585 3717 626 nam
3744 585 3812 624 an

2754 664 2985 705 BEATADS
3009 661 3232 701 κΑιιιΑΜ.

2241 736 2417 804 Deus,
2451 737 2553 811 qui
2584 738 2641 794 in
2675 737 2823 810 (187)
2870 736 3051 792 beatae
3102 733 3297 789 Marias
3350 730 3597 799 virginis
3650 733 3815 786 utero

2166 825 2419 881 Verbum
2445 830 2636 892 tuum,
2670 826 2883 896 angelo
2918 823 3329 886 annuntiante,
3359 835 3601 876 carnem
3631 818 3816 874 susci-

2168 927 2307 984 pere
2339 915 2566 970 voluisti
2599 919 2815 986 praesta
2844 911 3222 985 supplicibus
3278 908 3407 972 tuis,
3440 912 3503 965 nt
3549 907 3654 978 qui
3686 921 3815 961 vere

2166 1018 2303 1059 eam
2334 1004 2678 1061 Genitricem
2711 1003 2812 1059 Dei
2841 1003 3154 1066 credimus,
3200 1000 3329 1070 ejus
3355 996 3519 1071 aqud
3562 1000 3615 1052 te
3641 995 3815 1052 inter-

2165 1093 2533 1149 cessionibus
2564 1093 2942 1165 adjuvemur.
2981 1090 3088 1146 Per
3116 1088 3418 1147 eumdem.

2237 1182 2328 1237 Ad
2351 1182 2601 1238 Missam.
2632 1214 2694 1222 —
2749 1185 2918 1245 Deus,
2952 1181 3049 1251 qui
3086 1179 3374 1235 hodierna
3420 1176 3511 1232 die
3555 1173 3815 1230 Verbum

2167 1275 2337 1327 tuum
2384 1272 2443 1327 in
2487 1272 2640 1343 (188)
2693 1270 2876 1326 beatae
2904 1268 3150 1337 Virginis
3182 1267 3317 1323 alvo
3337 1266 3481 1337 (199)
3518 1262 3815 1320 incarnari

2168 1359 2425 1423 voluisti,
2459 1358 2547 1415 fac
2576 1375 2686 1415 nos
2708 1359 2791 1414 ita
2814 1361 3167 1430 praesentem
3199 1355 3347 1425 (190)
3379 1351 3816 1411 solemnitatem

2168 1463 2473 1520 peragere,
2497 1452 2561 1504 ut
2590 1448 2688 1503 tibi
2711 1447 2937 1519 placere
2968 1445 3294 1502 valeamus.
3315 1445 3419 1499 Per
3438 1441 3742 1499 eumdem.

2239 1535 2376 1607 Sper
2403 1536 2620 1593 oblata.
2654 1540 2723 1576 —’
2746 1535 2929 1592 Altari
2954 1540 3076 1598 tuo,
3110 1534 3196 1588 Do
3219 1533 3397 1599 mine,
3449 1527 3818 1601 superposita

2168 1641 2421 1682 munera
2445 1626 2691 1698 Spiritus
2705 1627 2714 1643 '
2728 1628 2970 1681 sanctus
2987 1627 3281 1682 assumat.
3304 1623 3408 1694 qui
3429 1618 3607 1675 hodie
3628 1618 3817 1674 beatas

2169 1714 2361 1771 Mariae
2377 1715 2609 1770 viscera
2621 1712 3042 1786 splendoribus
3055 1727 3177 1767 suae
3190 1709 3419 1767 virtutis
3430 1708 3689 1780 replevit.
3707 1707 3818 1762 Per

2173 1804 2488 1859 Dominum
2519 1807 2810 1858 nostrum.

2238 1902 2543 1971 Praefatio.
2568 1930 2637 1941 —-
2661 1902 2802 1955 Vere
2819 1899 3068 1971 dignum
3097 1903 3153 1955 et
3178 1897 3409 1968 justum
3438 1899 3547 1959 est,
3584 1909 3811 1965 aequum

2166 1994 2223 2046 et
2252 1990 2524 2057 salutare,
2539 2005 2652 2046 nos
2678 1989 2782 2044 tibi
2805 2003 3036 2059 semper
3062 1994 3117 2043 et
3140 1986 3360 2057 ubique
3374 1984 3594 2055 gratias
3616 1997 3813 2052 agere,

2170 2080 2415 2135 Domine
2444 2083 2665 2142 sancte,
2692 2078 2864 2133 Pater
2891 2077 3273 2148 omnipotens
3297 2084 3505 2129 aeterne
3526 2074 3697 2138 Deus,
3720 2086 3816 2143 per

2167 2167 2463 2224 Christum
2497 2168 2812 2223 Dominum
2845 2171 3114 2221 nostrum
3140 2181 3152 2220 :
3179 2180 3359 2236 quem
3382 2178 3492 2234 pro
3517 2161 3698 2217 salute
3714 2161 3815 2216 ho-

2167 2257 2399 2312 minum
2425 2257 2794 2312 nasciturum
2826 2254 3058 2311 Gabriel
3084 2252 3481 2319 archangelus
3503 2249 3812 2315 nuntiavit,

2168 2346 2331 2416 virgo
2358 2347 2537 2400 Maria
2549 2345 2795 2417 Spiritus
2811 2344 2995 2399 sancti
3009 2342 3429 2413 cooperatione
3441 2338 3735 2410 concepit;
3755 2341 3818 2392 ut

2167 2435 2323 2506 quod
2353 2434 2623 2502 angelica
2652 2430 3307 2491 nuntiavitsublimitas.
3331 2428 3595 2495 virginea
3620 2425 3818 2481 crede-

2168 2529 2256 2580 ret
2284 2525 2529 2596 puritas,
2545 2522 2861 2578 ineffabilis
2882 2518 3407 2593 perﬁceretDeitas.
3428 2516 3582 2571 Illius
3604 2516 3816 2587 [itaque

2168 2618 2465 2685 optamus,
2500 2616 2553 2667 te
2582 2610 2927 2684 opitulante,
2953 2623 3190 2665 cernere
3217 2606 3425 2662 faciem
3458 2605 3586 2661 sine
3612 2602 3816 2659 confu-

2171 2701 2357 2765 sione,
2379 2700 2548 2771 cujus
2580 2697 3013 2755 Incarnationis
3040 2695 3374 2767 gaudemus
3405 2690 3807 2749 solemnitate.

2171 2790 2275 2845 Per
2297 2805 2478 2861 quem
2510 2788 2895 2858 Majestatem.

2240 2886 2320 2942 Ad
2340 2885 2772 2957 Complendum.
2803 2915 2868 2924 —
2890 2886 2953 2938 ln
2971 2881 3267 2937 mentibus
3283 2878 3526 2945 nostris,
3547 2875 3814 2941 Domine,

2168 2991 2323 3031 verae
2352 2974 2490 3030 ﬁdei
2517 2976 2892 3029 sacramenta
2917 2969 3228 3037 conﬁrma,
3255 2974 3319 3025 ut
3340 2968 3444 3040 qui
3460 2970 3818 3036 conceptum

414 3065 671 3137 populus
695 3069 858 3135 tuus,
881 3066 1279 3125 intercedente
1305 3069 1477 3127 beato
1524 3072 1763 3127 Mat’thia
1792 3073 2063 3145 apostolo
2090 3102 2135 3160 ο
2171 3063 2246 3119 de
2271 3064 2721 3160 Virgine‘Deilm
2757 3076 2963 3115 verum
2997 3064 3078 3160 et“
3107 3055 3833 3160 hominem‘conﬁt’em‘m,‘

412 3158 533 3221 tuo,
562 3154 1043 3218 misericordiam,
1077 3173 1261 3228 quam
1289 3158 1837 3231 deposcit,etquam
1860 3177 2061 3233 preca-

413 3246 511 3297 tur
536 3242 855 3308 humiliter,
880 3244 1312 3316 indulgentiam
1339 3253 1736 3321 consequatur
1757 3254 1811 3306 et
1830 3266 2060 3322 pacem.

415 3330 525 3385 Per
548 3331 887 3387 Dominum.

450 3443 511 3483 1V
537 3444 657 3483 lDUS
688 3445 894 3485 MART".
923 3460 992 3472 --
1043 3431 1270 3487 NATALiS
1315 3449 1502 3490 SANCTI
1534 3434 1791 3493 (πωροιῐί
1838 3452 2016 3492 PAPB.

485 3525 1154 3598 Concede,qutesumus,
1172 3528 1442 3597 Domine,
1455 3530 1735 3587 ﬁdelibus
1750 3533 1866 3587 tuis
1884 3532 2062 3603 digne

418 3613 602 3668 sancti
634 3612 899 3685 Gregorii
930 3615 1221 3686 pontiﬁcis
1246 3618 1330 3673 tui
1361 3618 1658 3675 celebrare
1680 3620 1981 3687 solemnia,
2001 3626 2066 3679 ut

417 3701 548 3772 ejus
575 3705 631 3756 et
658 3700 754 3757 hic
782 3703 1162 3773 experiantur
1191 3705 1430 3778 auxilia,
1465 3712 1522 3763 et
1554 3709 1791 3765 mternis
1839 3710 2066 3766 effecti-

417 3788 529 3844 bus
557 3790 1024 3861 apprehendant.
1049 3792 1179 3849 Per.
1482 3804 1489 3809 ‘

489 3897 517 3928 ει
546 3886 726 3957 Super
748 3887 950 3943 oblata.
991 3919 1060 3929 —
1080 3889 1331 3971 Hostias,
1362 3891 1625 3957 Domine,
1657 3908 1807 3965 quas
1837 3895 2066 3950 nomini

419 3975 522 4030 tuo
551 3975 869 4031 sacrandas
901 3974 1232 4043 offerimus,
1257 3979 1447 4034 sancti
1469 3981 1727 4049 Gregorii
1751 3997 2067 4054 prosequa-

419 4066 516 4118 tur
534 4063 746 4128 oratio,
771 4079 876 4136 per
890 4080 1077 4137 quam
1088 4080 1199 4121 nos
1216 4069 1272 4121 et
1284 4066 1510 4138 expiari
1530 4067 1727 4139 facias,
1743 4074 1799 4126 et
1811 4070 2065 4126 defendi.

418 4151 543 4208 Per.

495 4251 548 4321 3
563 4252 606 4320 1
624 4250 923 4322 Praefatio.
941 4282 1006 4292 —
1019 4252 1166 4308 Vere
1178 4251 1410 4322 dignum
1429 4257 1487 4310 et
1493 4254 1711 4325 justum
1724 4259 1830 4323 est,
1846 4271 2070 4329 aequum

423 4341 481 4393 et
509 4337 788 4405 salutare,
817 4354 927 4396 nos
950 4339 1304 4413 tibisemper
1319 4345 1375 4397 et
1391 4341 1612 4414 ubique
1634 4343 1855 4411 gratias
1872 4360 2069 4413 agere,

2169 3167 2276 3224 per
2287 3152 2417 3223 ejus
2448 3148 2760 3205 salutiferae
2777 3145 3215 3202 resurrectionis
3231 3144 3555 3216 potentiam
3568 3142 3641 3197 ad
3656 3145 3820 3196 aiter-

2168 3255 2312 3295 nam
2345 3253 2678 3294 mereamur
2706 3236 3012 3308 pervenire
3041 3234 3321 3289 laetitiam.
3356 3232 3483 3288 Per.

2241 3336 2428 3406 Super
2441 3335 2739 3405 populum.
2759 3365 2825 3373 —
2849 3330 3387 3399 Protege,Domine,
3403 3327 3660 3383 famulos
3681 3330 3815 3381 tuos

2170 3424 2446 3480 subsidiis
2479 3424 2658 3494 pacis,
2687 3422 2801 3495 32
2830 3425 2885 3475 et
2903 3420 3089 3475 beatae
3108 3418 3297 3474 Mariae
3317 3414 3661 3488 patrociniis
3679 3428 3819 3469 con-

2169 3512 2420 3568 fidentes
2448 3527 2485 3567 a
2519 3510 2747 3565 cunctis
2776 3507 3041 3564 hostibus
3063 3505 3237 3561 redde
3256 3519 3517 3561 securos.
3547 3503 3674 3557 Per.

2241 3609 2395 3664 Alia.
2419 3640 2488 3649 —
2508 3607 2767 3662 Gratiam
2799 3610 2981 3670 tuam,
2998 3600 3637 3674 qumsumus,Domine.
3663 3614 3821 3653 men-

2170 3698 2331 3754 tibus
2341 3694 2833 3758 nostrisinfunde,
2852 3697 2913 3748 ut
2926 3693 3025 3764 qui
3042 3690 3255 3759 angelo
3268 3689 3571 3744 nuntiante
3607 3684 3819 3742 Christi

2174 3786 2299 3842 Filii
2325 3786 2405 3840 tui
2430 3782 2900 3839 lncarnationem
2919 3780 3330 3848 cognovimus,
3357 3792 3463 3849 per
3481 3776 3821 3848 passionem

2173 3874 2302 3944 ejus
2331 3877 2388 3927 et
2416 3874 2657 3926 Crucem
2691 3869 2767 3923 ad
2798 3866 3243 3923 resurrectionis
3274 3865 3523 3935 gloriam
3538 3863 3822 3936 perduca-

2177 3977 2328 4018 mur.
2366 3959 2477 4025 Qui
2509 3963 2702 4014 tecum
2732 3956 2875 4012 vivit
2894 3960 2951 4011 et
2979 3960 3185 4028 regnat
3212 3955 3391 4011 Deus.
3708 3966 3715 3977 ‘

2246 4059 2394 4114 Alia.
2418 4088 2484 4098 —
2502 4053 2890 4125 Omnipotens
2912 4053 3266 4123 sempiterne
3287 4050 3459 4116 Deus,
3475 4050 3577 4122 qui
3594 4051 3825 4105 coaeter-

2177 4163 2321 4203 num
2345 4145 2446 4201 tibi
2472 4144 2674 4200 Filium
2699 4142 2870 4197 hodie
2901 4156 3009 4213 pro
3039 4140 3249 4195 mundi
3276 4138 3463 4194 salute
3490 4137 3823 4193 secundum

2178 4250 2418 4292 carnem
2431 4232 2640 4303 Spiritu
2655 4235 2863 4286 sancto
2876 4228 3337 4300 concipiendum
3359 4226 3629 4296 angelico
3648 4224 3820 4280 mini-

2178 4324 2349 4379 sterio
2380 4322 2564 4377 beata
2591 4318 2781 4375 Mariae
2796 4332 3031 4388 semper
3045 4316 3249 4385 virgini
3273 4313 3603 4377 declarasti,
3620 4314 3825 4368 adesto

424 4425 674 4482 Domine
721 4431 940 4495 sancte,
991 4427 1162 4484 Pater
1188 4428 1583 4500 omnipotens,
1624 4435 1839 4487 aeterne
1874 4434 2025 4487 Deus
2056 4449 2061 4486 :

2186 4411 2467 4485 propitius
2480 4406 2695 4480 populo
2708 4412 2830 4471 tuo,
2850 4410 2910 4461 ut
2924 4405 2995 4460 ad
3008 4405 3138 4474 ejus
3153 4404 3547 4467 Nativitatem,
3562 4400 3842 4515 (1911))pa;

424 4514 571 4584 quia
589 4514 672 4570 sic
695 4516 908 4571 tribuis
928 4514 1248 4572 Ecclesiam
1261 4521 1426 4573 tuam
1450 4519 1631 4575 sancti
1654 4519 2075 4593 Gregoriipon-

425 4602 601 4658 tiﬁcis
622 4603 703 4659 tui
722 4604 1286 4660 commemoratione
1305 4605 1586 4674 gaudere,
1609 4612 1670 4661 ut
1688 4624 1818 4664 eam
1843 4609 2000 4665 illius
2019 4615 2075 4667 et

426 4689 741 4747 festivitate
768 4690 1049 4757 laetiﬁcas,
1081 4695 1137 4747 et
1163 4697 1443 4765 exemplo
1474 4694 1577 4764 piae
1606 4697 2073 4754 conversationis

428 4786 727 4841 exerceas,
759 4783 817 4835 et
841 4779 1023 4836 verbo
1043 4780 1476 4850 prmdicationis
1503 4782 1763 4851 erudias,
1793 4792 2073 4860 grataque

428 4864 533 4921 tibi
562 4866 998 4938 supplicatione
1028 4869 1264 4924 tuearis.
1303 4869 1434 4926 Per.

499 4962 599 5018 Ad
614 4963 1036 5034 Complendum.
1066 4995 1133 5005 —
1160 4966 1306 5031 (185)
1325 4967 1604 5023 Praestent
1627 4969 1819 5035 nobis,
1841 4987 2074 5043 quaesu-

430 5051 868 5121 mus,Domine,
885 5056 983 5110 tua
994 5057 1202 5111 sancta
1220 5055 1594 5126 praesidium,
1616 5058 1802 5131 quod,
1830 5059 2078 5118 interve-

502 5198 622 5281 τμη
644 5199 775 5281 C_od.
807 5202 944 5281 Beg.
1002 5204 1159 5281 Suec.
1214 5203 1581 5281 legitur__haec
1609 5204 1795 5281 Qratio
1828 5227 1840 5264 :
1876 5212 2079 5266 Annue

431 5269 606 5348 nobis,
658 5269 912 5342 Domine,
935 5281 999 5348 ut
1048 5275 1244 5348 animm
1269 5269 1469 5345 famuli
1498 5277 1582 5331 tui
1613 5278 1875 5345 Gregorii
1909 5285 2078 5348 prosit

434 5340 653 5414 oblatio,
704 5361 861 5414 quam
892 5340 1455 5402 't'mmolando'totius
1479 5349 1673 5402 mundi
1720 5340 1970 5407 tribuisti
1998 5370 2079 5407 re-

437 5412 630 5489 laxari
651 5412 867 5489 delicta.
901 5415 993 5470 Sic
1023 5416 1130 5488 legi
1152 5418 1476 5489 quibusdam
1501 5417 1556 5473 in
1580 5420 1872 5477 Codicibus
1895 5424 2075 5479 obsero

434 5489 526 5539 vat
554 5486 847 5543 Pamelius.

505 5554 534 5630 ξι
559 5555 823 5630 Observat
851 5558 1007 5630 Joan.
1036 5559 1252 5623 Fronto,
1277 5557 1331 5613 in
1356 5559 1498 5616 notis
1518 5560 1588 5615 ad
1618 5561 1851 5619 Kalend.
1896 5566 2073 5630 Rom.,

433 5640 468 5683 a
490 5624 730 5689 Concilio
782 5629 1043 5687 Toletano
1090 5647 1148 5698 ι,
1175 5646 1266 5689 an.
1294 5632 1419 5702 656,
1455 5648 1579 5689 can.
1630 5634 1683 5702 1,-
1712 5641 1934 5694 cautum
1954 5624 2075 5694 esse

2181 4517 2244 4555 ce
2270 4512 2574 4562 concessa,
2603 4493 2975 4551 liberioribus
3003 4491 3221 4548 animis
3249 4506 3654 4547 occurramus.
3682 4488 3813 4544 Per.

2181 4588 2477 4644 eumdem.

2249 4686 2402 4741 Atia.
2431 4716 2492 4725 —
2525 4678 2752 4737 Exaudi
2783 4694 2912 4746 nos,
2933 4677 3181 4733 Domine
3212 4680 3433 4743 sancte,
3455 4679 3619 4732 Pater
3635 4675 3825 4732 omni-

2181 4781 2415 4849 potens,
2447 4776 2659 4828 aaterne
2702 4771 2878 4833 Deus,
2911 4768 3015 4839 qui
3045 4783 3150 4839 per
3194 4766 3382 4823 beatae
3438 4766 3632 4822 Maria;
3674 4765 3829 4822 sacri

2183 4865 2328 4921 uteri
2347 4860 2495 4933 (I92)
2517 4858 2731 4915 divinae
2753 4857 2949 4929 gratim
2964 4855 3462 4911 obumbrationem
3481 4854 3827 4911 universum

2183 4950 2474 5007 mundum
2497 4945 2830 5001 illuminare
2861 4943 3142 5015 dignatus
3173 4959 3259 5007 es,
3287 4949 3344 4998 et
3360 4941 3827 5015 praestautquod

2181 5039 2398 5100 nostris
2427 5034 2649 5092 meritis
2671 5050 2791 5090 non
2806 5033 3076 5089 valemus
3097 5032 3385 5096 obtinere,
3417 5033 3548 5101 ejus
3574 5029 3830 5102 adipisci

2184 5127 2476 5205 praesidiis
2506 5136 2861 5179 mereamur.
2885 5123 2991 5177 Per
3014 5121 3333 5177 Dominum
3355 5125 3648 5177 nostrum.

2186 5287 2245 5336 ut
2276 5280 2375 5334 hoc
2408 5276 2603 5331 festum
2632 5278 2821 5328 octavo
2842 5272 2930 5327 die
2966 5276 3091 5326 ante
3113 5270 3315 5326 Christi
3351 5270 3701 5325 Nativitatem
3747 5285 3833 5323 ce-

2186 5352 2509 5413 lebraretur,
2541 5344 2683 5416 quod
2708 5351 2947 5413 tempore
2966 5342 3427 5416 Quadragesiinm,
3454 5341 3681 5416 rm'rhilde
3708 5357 3831 5394 san-

2186 5427 2392 5477 ctorum
2408 5412 2907 5473 soleniuitatibus...
2932 5413 3175 5467 conveni!
3198 5413 3477 5467 celebrari.
3504 5412 3833 5481 Assignatur

2188 5500 2369 5548 tamen
2424 5490 2530 5544 hoc
2581 5487 2770 5541 festum
2821 5484 2906 5538 die
2951 5485 3019 5538 25
3041 5484 3245 5539 mensis
3270 5482 3468 5548 Martii,
3504 5483 3555 5538 in
3590 5482 3821 5538 Kalend.

2189 5568 2370 5627 Rom.,
2401 5561 2455 5616 in
2481 5559 2620 5616 Cod.
2646 5560 2780 5627 Reg,
2815 5556 2972 5610 Suec.
3005 5556 3148 5627 apud
3175 5554 3374 5613 Pamel.
3444 5559 3499 5611 et
3549 5553 3609 5610 in
3661 5552 3832 5610 omni-

2191 5636 2295 5695 bus
2322 5633 2415 5694 ed.
2447 5630 2607 5691 libris
2630 5629 3121 5687 Sacramentorum.
