4092 6200
245 249 307 315 B3
1052 278 1071 283 -
1439 244 1653 309 LIBER
1692 236 2365 314 SACRAMENTORUM.
3537 240 3615 310 σι

300 382 430 440 Alia.
454 377 721 438 —Beatm
747 378 1090 454 etgloriosae
1104 395 1462 456 semperque
1488 378 1731 452 virginis
1744 377 1850 435 Dei
1878 375 1929 438 Α
1968 383 2175 442 omnia
2200 383 2464 443 Doctoris
2492 380 2766 443 Gentium
2812 379 3178 459 protectione
3240 374 3616 442 muniamur.

244 470 505 545 genitricis
547 470 743 527 Mariae
773 486 908 535 nos,
935 471 1204 538 Domine,
1254 486 1619 544 qutesumus,
1645 470 1853 526 merita

243 567 662 634 consequantur,
684 565 743 617 et
759 564 931 617 tuam
970 560 1141 617 nobis
1164 559 1597 630 indulgentiam
1620 573 1856 631 semper

244 651 544 724 implorent.
571 650 706 706 Per.
1084 668 1097 678 ι

295 748 490 805 Alia.-
518 748 753 819 Porrigo
785 749 982 815 nobis,
1020 751 1189 813 Deus,
1246 748 1551 805 dexteram
1587 752 1764 817 tuam,
1799 750 1855 803 et

238 835 817 910 perintercessionem
850 837 1042 895 beata
1064 842 1121 893 et
1169 836 1443 907 gloriosre
1500 851 1855 908 semperque

237 926 452 995 virginis
466 925 569 979 Dei
581 925 875 994 genitricis
890 927 1081 983 Mariae
1095 926 1374 983 auxilium
1392 925 1566 981 nobis
1581 939 1854 996 superum

237 1013 442 1069 Virtutis
474 1012 779 1084 impende.
807 1016 914 1069 Per
938 1015 1238 1071 eumdem.

652 1134 713 1174 1N
741 1120 893 1191 (193)
925 1136 1327 1176 εεΡτυΑοεειΜΑ
1352 1132 1398 1176 ει.

286 1224 553 1291 Concede,
569 1241 945 1297 qumsumus,
962 1228 1346 1297 omnipotens
1365 1229 1520 1281 Deus
1532 1224 1866 1297 ,fragilitati'

229 1318 415 1368 nostris
444 1313 868 1370 sufﬁcientiam
893 1311 1350 1394 comppﬁntem,
1385 1320 1450 1370 ut
1476 1331 1590 1369 sum
1618 1328 1853 1385 repara-

230 1402 380 1457 tionis
410 1401 702 1469 effectum,
735 1407 793 1457 et
820 1403 915 1475 pia
969 1403 1421 1460 conversatione
1446 1404 1768 1469 recenseat,
1799 1405 1856 1458 et

226 1506 343 1546 cum
374 1490 765 1548 exsultatione
798 1492 1102 1565 suscipiat.

281 1588 438 1657 Super
460 1588 745 1644 oblata.—
776 1591 1045 1647 Concede
1075 1588 1271 1659 nobis,
1304 1589 1643 1645 misericors
1678 1589 1848 1652 Deus,

224 1680 269 1732 et
292 1676 461 1745 digne
500 1678 619 1733 tuis
644 1679 858 1734 servire
922 1694 1162 1751 semper
1216 1677 1526 1744 altaribus,
1569 1682 1626 1733 et
1644 1691 1853 1732 eorum

224 1770 482 1836 perpetua
512 1767 958 1839 participatione
977 1767 1206 1823 salvari.
1242 1770 1363 1822 Per.

291 1863 661 1931 Przfatz’o.-—
685 1866 831 1920 Vere
856 1864 1108 1934 dignum
1139 1868 1194 1920 et
1217 1865 1448 1936 justum
1481 1867 1586 1927 est,
1612 1876 1854 1933 aequum

225 1949 545 2016 etsalutare,
576 1966 694 2006 nos
726 1951 827 2007 tibi
844 1967 1076 2023 semper
1099 1956 1155 2007 et
1179 1950 1397 2022 ubique
1410 1949 1631 2016 gratias
1657 1963 1852 2019 agere,

229 2038 446 2094 Domine
476 2043 709 2107 sancte,
775 2039 944 2095 Pater
992 2040 1392 2111 omnipotens,
1431 2045 1647 2094 mterne
1682 2040 1853 2101 Deus,

227 2128 347 2198 quia
375 2144 478 2199 per
502 2144 732 2201 eaquae
795 2129 1260 2200 conspiciuntur,
1318 2126 1675 2183 iustruimur
1729 2125 1858 2198 qui-

227 2212 323 2269 bus
359 2216 550 2271 modis
578 2218 660 2271 ad
690 2217 1009 2274 invisibilia
1052 2217 1291 2272 tendere
1339 2216 1691 2272 debeamus.
1752 2215 1857 2269 De-

225 2304 381 2375 nique
392 2321 859 2371 commonemur,
876 2305 1282 2362 anniducente
1299 2321 1599 2370 successu,
1620 2304 1695 2359 de
1715 2319 1856 2376 prte-

226 2392 381 2447 teritis
396 2393 471 2448 ad
486 2393 711 2463 futura,
726 2394 800 2450 de
819 2398 1108 2451 vetustate
1120 2394 1180 2449 in
1195 2394 1332 2450 novi
1342 2399 1512 2450 tatem
1525 2394 1655 2449 vitae
1670 2397 1856 2448 trans-

222 2479 308 2545 ire,
337 2480 480 2554 (194)
513 2486 599 2549 ut,
671 2482 918 2539 terrenis
984 2482 1509 2538 sustentationibus
1574 2479 1851 2553 expediti,

222 2568 448 2624 scelestis
472 2570 621 2629 doni
637 2572 951 2643 capiamus
963 2570 1234 2627 desidera
1244 2570 1418 2627 bilius
1431 2569 1772 2627 ubertatem.
1792 2571 1856 2625 Et

217 2654 349 2727 (195)
373 2674 480 2730 per
508 2674 652 2714 eum
681 2659 879 2715 cibum
902 2659 1003 2732 qui
1032 2658 1337 2716 beneﬁciis
1366 2663 1738 2731 praerogatur
1768 2657 1853 2713 al-

219 2746 375 2801 ternis
406 2748 522 2820 33
554 2749 977 2820 perveniamus
999 2748 1075 2804 ad
1091 2749 1304 2805 victum
1322 2749 1445 2804 sine
1464 2748 1580 2803 ﬁne
1612 2763 1854 2804 mansu-

218 2849 352 2899 rum,
368 2838 573 2893 Jesum
586 2838 881 2894 Christum
894 2838 1213 2894 Dominum
1229 2843 1518 2894 nostrum.
1543 2838 1826 2910 Perquem
1838 2877 1852 2892 .

276 2933 703 2992 Benedictio.—
731 2936 1119 3007 Omnipotens
1134 2937 1289 2992 Deus
1303 2936 1382 2992 ita
1397 2935 1650 2991 stadium
1676 2934 1853 2989 vestri

1963 476 2084 529 Per.
2205 518 2220 551 ο

2033 574 2222 646 Super
2245 575 2539 632 oblata.—-
2577 573 2841 638 Intende,
2909 587 3279 644 quaesumus,
3342 570 3610 637 Domine,

1964 664 2188 720 Hostias
2206 663 2446 721 familiae
2471 668 2607 729 tum,
2641 668 2697 719 et
2723 677 2906 734 quam
2937 661 3087 718 sacri
3149 660 3414 716 muneris
3468 657 3616 716 facis

1962 766 2092 806 esse
2111 753 2472 823 participem,
2505 752 2693 809 tribue
2724 749 2872 824 (t98)
2906 747 2983 803 ad
3010 749 3140 819 ejus
3175 747 3609 820 pbnitudinem

1962 841 2294 911 pervenire.
2328 841 2457 897 Per.

2035 939 2418 1008 Przfatio.—
2447 939 2593 993 Vere
2624 936 2871 1003 dignum
2903 937 2959 991 et
2983 934 3214 1005 justum
3244 936 3353 999 est,
3377 947 3615 1005 aequum

1963 1032 2020 1083 et
2049 1027 2317 1093 salutare,
2348 1042 2459 1083 nos
2474 1025 2571 1081 tibi
2594 1040 2825 1096 semper
2837 1028 2892 1079 et
2914 1023 3136 1094 ubique
3166 1020 3388 1091 gratias
3413 1035 3609 1090 agere,

1966 1114 2204 1170 Domine
2235 1121 2461 1181 sancte,
2517 1116 2690 1171 Pater
2735 1113 3135 1183 omnipotens,
3170 1114 3386 1165 aeterne
3410 1111 3561 1164 Deus
3593 1122 3608 1165 :

1963 1203 2061 1273 qui
2092 1203 2443 1259 rationalem
2465 1206 2816 1265 creaturam,
2845 1217 2939 1266 ne,
2963 1197 3381 1270 temporalibus
3412 1195 3614 1254 dedita

1962 1291 2153 1359 bonis,
2181 1292 2257 1347 ad
2289 1292 2537 1364 praemia
2550 1290 2911 1362 sempiterna
2925 1304 3046 1345 non
3062 1285 3614 1356 tendat,eadispen-

1963 1381 2188 1436 satione
2205 1380 2471 1452 dignaris
2492 1379 2745 1446 erudire,
2776 1384 2954 1434 utnec
2969 1376 3355 1447 castigatione
3376 1373 3614 1432 deﬁciat

1961 1484 2072 1525 nec
2102 1468 2596 1541 prosperitatibus
2618 1467 2958 1531 insolescat,
2993 1466 3098 1541 sed
3125 1467 3238 1521 hoc
3260 1464 3456 1536 potius
3507 1462 3615 1520 ﬁat

1963 1558 2089 1629 ejus
2115 1557 2375 1627 gloriosa
2401 1557 2658 1623 devotio,
2720 1572 2843 1628 quo
2905 1555 3083 1610 nullis
3138 1550 3608 1610 adversitatibus

1962 1646 2172 1703 obruta
2202 1651 2530 1718 superetur.
2563 1647 2672 1702 Per
2692 1645 2989 1701 Christum
3015 1643 3360 1699 Dominum.

1883 1735 1926 1794 Β
2032 1722 2452 1801 Benedictio.——
2474 1746 2577 1801 Det
2602 1742 2766 1799 vobis
2793 1742 3080 1798 Dominus
3113 1755 3287 1797 nosse
3320 1736 3609 1811 mysteria

1961 1834 2127 1901 regni
2157 1834 2274 1898 Dei,
2307 1833 2411 1905 qui
2437 1833 2563 1903 jam
2577 1831 2719 1887 dare
2749 1831 3032 1897 dignatus
3050 1832 3132 1885 est
3155 1828 3427 1886 auditum
3447 1825 3614 1882 verbi

1963 1922 2077 1978 sui.
2109 1924 2313 1977 Amen.
2350 1923 2561 1994 Sicque
2588 1924 3054 1976 mentesvestras
3076 1917 3320 1973 seminis
3334 1915 3616 1987 suicopia

1961 2010 2207 2082 repleat,
2222 2015 2283 2066 ut
2297 2011 2354 2065 in
2379 2009 2712 2066 vobisillud
2740 2008 2853 2063 sibi
2873 2007 3084 2079 placite
3096 2004 3615 2071 fructificare,con-

1964 2100 2154 2156 cedat.
2188 2104 2393 2155 Amen.
2428 2099 2588 2155 Etita
2603 2116 2701 2153 vos
2732 2098 2811 2154 ab
2841 2095 3334 2153 omnitentatione
3358 2092 3608 2156 muniat,

1963 2195 2261 2262 quatenus
2290 2191 2438 2259 (l99)
2470 2186 3207 2257 triceni,sexageni.atque
3239 2182 3470 2239 centeni
3489 2181 3612 2237 fru-

1964 2285 2091 2334 ctus
2104 2294 2213 2350 pro
2226 2294 2349 2333 sum
2366 2278 2568 2350 gratias
2583 2276 2962 2332 distribution
2972 2272 3614 2344 e,magniﬁcentia,mu-

1962 2372 2145 2422 neret.
2174 2367 2381 2422 Amen.
2417 2369 2586 2433 Quod
2617 2366 2758 2437 ipse.

2036 2464 2153 2537 34
2184 2466 2273 2520 Ad
2298 2464 2801 2536 Complendum.—
2829 2461 2979 2533 (200)
3013 2459 3175 2516 Adsit
3218 2458 3419 2523 nobis,
3459 2473 3615 2531 quae-

1963 2569 2192 2616 sumus,
2210 2551 2662 2615 Domine,cibus
2675 2565 2861 2616 sacer,
2885 2553 3183 2620 potusque
3210 2542 3614 2617 salutaris.qui

1962 2646 2018 2696 et
2043 2641 2422 2713 temporalem
2452 2641 2634 2695 vitam
2669 2639 2908 2708 muniat,
2941 2641 2997 2694 et
3028 2640 3265 2709 praetest
3296 2639 3607 2691 aeternam.

1960 2730 2065 2786 Per
2097 2729 2401 2786 Dominum
2434 2734 2716 2785 nostrum.

2033 2827 2220 2897 Super
2240 2828 2615 2898 papulum.—-
2658 2827 2863 2893 Tuere,
2934 2838 3299 2897 quaesumus,
3344 2820 3612 2891 Domine,

1963 2916 2197 2990 plebem
2229 2920 2415 2982 tuam,
2448 2919 2505 2972 et
2529 2931 2767 2971 sacram
2799 2912 3235 2969 solemnitatem
3261 2910 3614 2967 recolentem

218 3034 409 3079 cursus
434 3024 699 3089 dirigere
729 2998 1023 3095 dignetur,
1051 3030 1114 3081 ut
1165 3025 1440 3080 bravium
1490 3040 1598 3080 vos
1618 3028 1854 3079 aeternae
1896 3092 1922 3095 _
1965 3007 2162 3076 εναίίεθ
2192 3005 2448 3095 cheﬁiiS
2467 3004 2737 3095 13_1'Sit§t9_
2759 3016 3137 3095 Prosequere,
3181 2998 3614 3095 utviSibilib‘us

216 3111 332 3166 vita,
352 3086 867 3184 οοωριιέιιεηάεἶιθ
898 3086 1102 3171 faciat,
1129 3114 1337 3169 Amen.
1368 3112 1645 3169 Εηιενοε
1675 3112 1855 3168 abs“-
1881 3092 1927 3151 Ο
1967 3094 2174 3165 adjuta
2200 3092 2446 3160 solatiis,
2464 3092 2533 3150 ad
2553 3091 2866 3148 invisibilia
2892 3090 3049 3147 bona
3065 3086 3396 3161 promptius
3416 3087 3615 3145 incite-

218 3199 413 3257 nentim
444 3203 636 3257 armis
658 3202 993 3272 circumdet,
1021 3208 1083 3258 ut
1108 3201 1287 3257 nullis
1320 3202 1455 3258 vitae
1468 3201 1649 3271 hujus
1668 3200 1858 3256 oneri-

218 3286 314 3343 bus
334 3306 367 3344 a
390 3291 545 3357 (195)
577 3291 968 3362 perventione
998 3290 1857 3361 retardemini.Amen.Quique

219 3390 311 3430 vos
324 3379 545 3435 vineam
561 3396 742 3435 suam
755 3395 969 3436 vocare
986 3380 1278 3452 vobisque
1293 3384 1533 3435 sanctos
1550 3379 1856 3450 operarios

218 3467 420 3523 mittere
444 3468 739 3538 dignatus
771 3473 880 3533 est,
909 3470 1033 3540 ipse
1072 3485 1176 3524 vos
1208 3484 1314 3524 sua
1364 3467 1554 3538 gratia
1579 3466 1855 3537 dignetur

217 3554 479 3623 excolere,
508 3562 577 3612 ut
598 3556 848 3612 denario
876 3558 1010 3613 vitae
1054 3556 1333 3629 perennis
1387 3571 1701 3612 munerare
1731 3571 1852 3612 non

212 3642 437 3699 abnuat.
474 3645 650 3712 Quod
678 3646 811 3718 ipse
841 3650 1149 3718 praestare.

271 3740 353 3794 Ad
381 3742 904 3809 Complendum.—
969 3742 1195 3799 Fideles
1251 3741 1355 3805 tui,
1398 3742 1549 3797 Deus
1597 3757 1723 3813 ,per
1751 3746 1852 3799 tua

211 3825 352 3884 dona
373 3829 787 3894 ﬁrmentur,ut
816 3830 1024 3887 eadem
1044 3835 1100 3887 et
1125 3830 1509 3902 percipiendo
1523 3829 1848 3902 requirant,

212 3919 603 3988 etquaarendo
632 3921 757 3975 sine
780 3919 899 3976 ﬁne
926 3920 1274 3991 percipiant.
1302 3921 1423 3974 Per.

267 4013 439 4084 Super
461 4016 854 4087 populum—
886 4019 1086 4072 Preces
1114 4016 1322 4087 populi
1354 4018 1455 4081 tui,
1476 4032 1850 4090 quaesumus,

210 4100 455 4168 Domine,
489 4106 821 4161 clementer
845 4105 1069 4169 exaudi,
1092 4110 1152 4160 ut
1169 4104 1270 4176 qui
1296 4105 1456 4178 juste
1470 4121 1577 4177 pro
1598 4104 1852 4175 peccatis

211 4192 404 4246 nostris
436 4192 793 4262 afﬂigimur,
830 4193 1303 4265 protuinominis
1326 4193 1515 4266 gloria
1532 4193 1852 4249 misericor-

213 4276 337 4334 diter
362 4280 711 4337 liberemur.
740 4281 851 4336 Per
875 4281 1203 4337 Dominum.

666 4389 811 4456 (197)
835 4405 888 4441 m
920 4404 1269 4443 semensum
1298 4388 1327 4430 Β
1359 4431 1372 4443 .

268 4492 435 4558 Deus,
456 4494 566 4565 qui
594 4494 900 4563 conspicis
931 4495 1073 4567 quia
1103 4510 1173 4550 ex
1205 4495 1366 4551 nulla
1388 4498 1591 4551 nostra
1618 4496 1846 4550 actione

207 4581 567 4648 conﬁdimus,
614 4583 876 4639 concede
933 4584 1228 4655 propitius
1259 4589 1559 4640 utcontra
1587 4585 1843 4641 adversa

267 4768 291 4799 ι
316 4758 367 4812 In
395 4759 535 4814 Cod.
573 4757 717 4825 Reg.
754 4758 915 4812 Suec.
950 4762 1003 4812 et
1033 4758 1085 4812 in
1120 4760 1144 4812 1
1180 4757 1484 4823 Theoder.,
1516 4760 1579 4813 in
1605 4758 1844 4827 Septua-

210 4829 423 4900 gesimo.
450 4831 511 4883 In
541 4836 779 4900 utroque
804 4829 1038 4892 additur,
1062 4829 1141 4900 ad
1163 4834 1428 4884 sanctum
1455 4831 1842 4893 Laurentium,

212 4908 253 4949 et
284 4899 331 4951 in
359 4900 641 4954 Theoder.
666 4899 807 4968 faris
827 4916 1092 4954 murum.
1132 4899 1187 4953 1n
1219 4900 1357 4957 Cod.
1422 4900 1629 4955 Pamel.
1673 4916 1684 4954 :
1717 4900 1847 4956 Sta-

214 4969 279 5023 tio
300 4971 375 5025 ad
409 4979 690 5028 sanctum
748 4973 1147 5035 Laurentium,
1186 4972 1304 5025 sine
1340 4970 1455 5026 ullo
1494 4970 1701 5026 addito.
1745 4970 1839 5025 Ea-

214 5036 318 5117 dem
345 5042 682 5117 assignatur
702 5041 756 5095 in
787 5040 1025 5117 Kalend.
1056 5041 1237 5117 ΔΒοψ.
1274 5059 1397 5117 cum
1422 5043 1679 5117 Evang.,_
1703 5042 1844 5112 quod

216 5111 356 5164 etiam
396 5111 545 5167 nunc
570 5112 798 5183 legitur.
829 5112 1010 5183 Prima
1047 5111 1232 5168 Oratio
1263 5111 1465 5183 ubique
1490 5118 1572 5166 est
1602 5129 1612 5167 :
1639 5111 1846 5168 Preces

334 5184 379 5236 li
430 5184 541 5250 mi,
603 5182 662 5237 ut
705 5182 762 5237 in
821 5182 1002 5238 ofﬁcio
1050 5182 1485 5255 Septuagesimze
1533 5183 1695 5238 etiam
1755 5185 1847 5238 ha-

298 5270 371 5306 ω’,

276 5322 477 5397 b_Apud
516 5323 847 5397 Pamelium,
908 5324 1387 5397 consentientibus
1435 5325 1568 5397 Mss.
1604 5324 1846 5397 nostris,

224 5394 468 5450 statio'est
494 5396 583 5450 ad
614 5402 881 5451 sanctum
910 5397 1180 5452 Paulum.
1211 5396 1296 5451 Ita
1322 5395 1484 5450 etiam
1515 5396 1567 5449 in
1600 5395 1841 5452 Kalend.

224 5460 382 5543 Rem”
435 5466 537 5545 pubi
588 5466 849 5545 Evangel.
880 5466 1466 5545 _pra3scri_b_itur,___Cum
1505 5467 1682 5545 turba
1726 5468 1855 5545 plu:

223 5536 372 5609 31mg,
399 5542 530 5600 etc.,
580 5542 647 5591 ut
687 5536 742 5590 in
789 5536 1069 5592 hodiernis
1113 5536 1456 5609 Missalibus.
1504 5538 1666 5592 Porro
1709 5536 1856 5609 quod

1965 3186 2079 3239 tur.
2105 3184 2227 3239 Per.

2356 3314 2609 3354 nommca
2633 3309 2657 3339 ο
2687 3300 2746 3352 iN
2767 3277 3228 3362 QUINQUAGESIML.

2034 3415 2239 3470 Preces
2260 3418 2512 3478 nostras,
2545 3428 2917 3484 quaesumus,
2988 3411 3249 3479 Domine,
3298 3406 3614 3465 clementer

1962 3502 2200 3566 exaudi,
2228 3506 2406 3574 atque
2438 3517 2475 3557 a
2500 3509 2884 3572 peccatorum
2914 3498 3163 3555 vinculis
3191 3496 3496 3554 absolutos
3528 3494 3611 3553 ab

1961 3592 2116 3647 omni
2135 3606 2247 3645 nos
2270 3589 2629 3644 adversitate
2659 3587 2911 3644 custodi.
2949 3587 3076 3642 Per.

2028 3689 2225 3757 Super
2253 3687 2538 3743 oblata.—
2568 3688 2693 3741 Haec
2721 3684 2946 3742 Hostia.
2978 3683 3223 3739 Domine
3246 3696 3609 3753 quaesumus,

1960 3775 2245 3833 emundet
2268 3781 2471 3831 nostra
2497 3773 2727 3839 delicta,
2777 3773 2927 3842 (201)
2958 3775 3015 3827 et
3057 3769 3413 3826 sacrificium
3456 3767 3612 3823 cele-

1959 3865 2248 3922 brandum
2271 3863 2633 3920 subditorum
2646 3862 2749 3919 tibi
2764 3875 3018 3933 corpora
3031 3862 3379 3931 mentesque
3397 3854 3612 3913 sancti-

1959 3954 2114 4011 ﬁcet.

2031 4050 2396 4121 Prcefah’o.-
2422 4052 2564 4104 Vere
2592 4049 2847 4115 dignum
2884 4052 2940 4103 et
2974 4048 3203 4115 justum
3230 4048 3340 4113 est,
3369 4058 3607 4117 aequum

1959 4144 2016 4196 et
2044 4137 2556 4204 salutare,nostibi
2570 4153 2807 4208 semper
2831 4141 2887 4191 et
2900 4136 3124 4207 ubique
3141 4134 3363 4206 gratias
3405 4149 3603 4203 agere,

1963 4228 2207 4283 Domine
2238 4231 2461 4291 sancte,
2496 4229 2664 4281 Pater
2691 4224 3092 4293 omnipotens,
3120 4228 3336 4278 aeterne
3360 4222 3529 4275 Deus:
3549 4223 3607 4285 et

1960 4317 2081 4386 (202
2140 4315 2509 4385 Majestatem
2568 4318 2730 4368 tuam
2785 4312 3240 4382 (203)dcernua
3294 4309 3603 4367 devotione

1956 4420 2221 4470 exorare,
2256 4407 2318 4459 ut
2343 4401 2654 4458 modulum
2681 4399 3268 4467 terrenaafragilitatis
3288 4399 3599 4469 aspiciens,

1959 4509 2076 4548 non
2107 4492 2163 4547 in
2188 4492 2276 4547 ira
2295 4496 2398 4547 tua
2418 4506 2527 4561 pro
2557 4496 2759 4545 nostra
2784 4490 3072 4559 pravitate
3096 4505 3203 4544 nos
3224 4502 3466 4556 arguas,
3494 4486 3603 4543 sed

1954 4581 2251 4637 immensa
2280 4578 2592 4635 clementia
2619 4577 2915 4650 puriﬁces,
2943 4576 3204 4644 erudias,
3258 4575 3598 4632 consoleris.

1953 4755 2338 4822 Tertullianus,
2367 4756 2462 4810 ub.
2496 4755 2564 4811 de
2590 4754 2740 4810 Orat.
2772 4772 2785 4810 :
2813 4754 3113 4819 Similiter,
3147 4755 3342 4826 inquit,
3388 4755 3457 4811 de
3485 4761 3601 4811 sta-

1954 4829 2165 4883 tionum
2181 4827 2392 4891 diebus,
2423 4844 2531 4882 non
2552 4830 2757 4896 putant
2772 4827 3024 4897 plerique
3047 4828 3445 4896 sacriﬁciorum
3466 4826 3600 4882 0m-

1955 4898 2191 4953 tinnibus
2232 4897 2724 4957 interveniendum.
2773 4898 2917 4967 quod
2940 4899 3106 4953 statio
3148 4898 3407 4952 solvenda
3434 4898 3486 4952 si
3514 4914 3601 4953 ac-

1951 4977 2095 5093 gepto
2123 4985 2348 5093 lcorpore
2395 4969 2638 5025 Domini.
2674 4968 2908 5024 Consule
2964 4968 3296 5024 eruditorum
3343 4975 3501 5024 notas
3530 4968 3599 5024 ad

1992 5056 2099 5093 unc
2140 5056 2322 5093 ecum.

1952 5043 2099 5096 hunc
2123 5043 2322 5097 locum.

2026 5125 2050 5153 ο
2082 5111 2239 5181 Apud
2273 5109 2499 5176 Pamel.,
2555 5115 2610 5164 et
2658 5108 2714 5163 in
2754 5108 3049 5165 Codicibus
3094 5109 3296 5165 nostris
3346 5112 3477 5166 Mss.
3506 5109 3603 5165 ad-

1956 5182 2118 5243 ditur,
2165 5183 2234 5235 ad
2270 5189 2516 5237 sanctum
2560 5181 2809 5240 Petrum.
2878 5181 2959 5235 Ita
3010 5181 3063 5234 in
3117 5180 3354 5236 Kalend.
3405 5184 3601 5251 Rom,

1958 5254 2047 5308 ubi
2076 5252 2337 5325 Evangel.
2399 5253 2833 5325 est,7Assumpsit
2870 5253 2927 5305 J.
2982 5252 3291 5325 duodecim,
3327 5259 3387 5325 ut
3444 5249 3601 5325 hodie

2000 5340 2175 5393 uoque
2204 5321 2421 5389 legitur.
2481 5323 2677 5379 Homil.
2721 5321 2764 5374 W2
2822 5321 2995 5377 sancti
3049 5323 3294 5391 Gregorii
3346 5323 3398 5377 in
3458 5323 3604 5393 idem

1982 5391 2325 5466 ZVangelium
2355 5393 2537 5449 habita
2568 5394 2667 5450 fuit
2697 5393 2979 5449 Dominica
3018 5393 3518 5466 Quinquagesimae,
3547 5391 3605 5445 in

1964 5465 2135 5520 sancti
2166 5466 2307 5520 Petri
2341 5465 2591 5520 Basilica.

2036 5536 2062 5577 ἀ
2095 5537 2174 5591 lta
2196 5554 2410 5608 quoque
2439 5536 2492 5591 in
2526 5536 2666 5608 Cod.
2706 5536 2937 5608 Gemget.,
2970 5540 3023 5608 et
3051 5536 3107 5591 in
3147 5532 3358 5589 duobus
3387 5531 3603 5593 Theod.

226 5601 571 5679 intelligerent
626 5612 837 5664 veteres
884 5623 985 5680 per
1036 5608 1328 5667 stationem
1394 5610 1589 5682 docere
1643 5601 1859 5665 videtur
1968 5608 2032 5666 In
2064 5601 2225 5666 Editf
2250 5601 2425 5667 Vatic.
2458 5612 2514 5665 et
2534 5606 2876 5669 Gussanvill.
2903 5607 3105 5680 legitur
3129 5618 3407 5677 congrua.
