  <div class='ocr_page' id='page_1' title='image "/cluster/home/n/w/nwhite01/storage/ocr_20150623/78/hvd.32044054758826/034.png"; bbox 0 0 4086 6198; ppageno 0'>
   <div class='ocr_carea' id='block_1_1' title="bbox 217 237 3591 328">
    <p class='ocr_par' dir='ltr' id='par_1_1' title="bbox 217 237 3591 328">
     <span class='ocr_line' id='line_1_1' title="bbox 217 237 3591 328; baseline -0.009 0"><span class='ocrx_word' id='word_1_1' title='bbox 217 265 283 328; x_wconf 73' lang='grc'>87</span> <span class='ocrx_word' id='word_1_2' title='bbox 1426 256 1635 319; x_wconf 78' lang='lat' dir='ltr'>LIBER</span> <span class='ocrx_word' id='word_1_3' title='bbox 1675 246 2345 316; x_wconf 63' lang='lat' dir='ltr'>SACRllMENTORUM.</span> <span class='ocrx_word' id='word_1_4' title='bbox 3512 237 3591 298; x_wconf 73' lang='lat'>58</span> 
     </span>
    </p>
   </div>
   <div class='ocr_carea' id='block_1_2' title="bbox 221 369 3594 468">
    <p class='ocr_par' dir='ltr' id='par_1_2' title="bbox 221 369 3594 468">
     <span class='ocr_line' id='line_1_2' title="bbox 221 369 3594 468; baseline -0.008 -17"><span class='ocrx_word' id='word_1_5' title='bbox 221 394 401 468; x_wconf 65' lang='lat' dir='ltr'>gentia:</span> <span class='ocrx_word' id='word_1_6' title='bbox 426 389 595 447; x_wconf 91' lang='lat' dir='ltr'>nobis</span> <span class='ocrx_word' id='word_1_7' title='bbox 626 387 884 463; x_wconf 83' lang='lat' dir='ltr'>spiritum</span> <span class='ocrx_word' id='word_1_8' title='bbox 914 386 1210 458; x_wconf 83' lang='lat' dir='ltr'>benignus</span> <span class='ocrx_word' id='word_1_9' title='bbox 1264 386 1554 454; x_wconf 86' lang='lat' dir='ltr'>infundas,</span> <span class='ocrx_word' id='word_1_10' title='bbox 1588 402 1710 459; x_wconf 92' lang='lat' dir='ltr'>quo</span> <span class='ocrx_word' id='word_1_11' title='bbox 1739 383 1827 440; x_wconf 87' lang='lat' dir='ltr'>vel</span> <span class='ocrx_word' id='word_1_12' title='bbox 1853 376 1909 440; x_wconf 79' lang='grc' dir='ltr'><strong>Α</strong></span> <span class='ocrx_word' id='word_1_13' title='bbox 1947 383 2240 438; x_wconf 76' lang='lat' dir='ltr'>Christum</span> <span class='ocrx_word' id='word_1_14' title='bbox 2274 380 2584 436; x_wconf 89' lang='lat' dir='ltr'>Dominum</span> <span class='ocrx_word' id='word_1_15' title='bbox 2617 380 2884 468; x_wconf 81' lang='lat' dir='ltr'>nostrum</span> <span class='ocrx_word' id='word_1_16' title='bbox 2905 369 3421 468; x_wconf 76' lang='lat' dir='ltr'>:quicontinuatis</span> <span class='ocrx_word' id='word_1_17' title='bbox 3446 385 3594 442; x_wconf 88' lang='lat' dir='ltr'>qua-</span> 
     </span>
    </p>
   </div>
   <div class='ocr_carea' id='block_1_3' title="bbox 220 462 3588 556">
    <p class='ocr_par' dir='ltr' id='par_1_3' title="bbox 220 462 3588 556">
     <span class='ocr_line' id='line_1_3' title="bbox 220 462 3588 556; baseline -0.008 -16"><span class='ocrx_word' id='word_1_18' title='bbox 220 462 309 556; x_wconf 75' lang='lat' dir='ltr'>ipsi</span> <span class='ocrx_word' id='word_1_19' title='bbox 329 462 735 538; x_wconf 86' lang='lat' dir='ltr'>rationabiliter</span> <span class='ocrx_word' id='word_1_20' title='bbox 789 478 1024 545; x_wconf 77' lang='lat' dir='ltr'>agenda</span> <span class='ocrx_word' id='word_1_21' title='bbox 1072 493 1392 542; x_wconf 84' lang='lat' dir='ltr'>cernamus,</span> <span class='ocrx_word' id='word_1_22' title='bbox 1441 477 1535 534; x_wconf 90' lang='lat' dir='ltr'>vel</span> <span class='ocrx_word' id='word_1_23' title='bbox 1579 477 1680 542; x_wconf 91' lang='lat' dir='ltr'>eis,</span> <span class='ocrx_word' id='word_1_24' title='bbox 1731 473 1828 545; x_wconf 87' lang='lat' dir='ltr'>qui</span> <span class='ocrx_word' id='word_1_25' title='bbox 1938 472 2218 545; x_wconf 89' lang='lat' dir='ltr'>draginta</span> <span class='ocrx_word' id='word_1_26' title='bbox 2247 469 2452 526; x_wconf 88' lang='lat' dir='ltr'>diebus</span> <span class='ocrx_word' id='word_1_27' title='bbox 2483 466 2956 556; x_wconf 88' lang='lat' dir='ltr'>etnoctibushoc</span> <span class='ocrx_word' id='word_1_28' title='bbox 2981 462 3272 556; x_wconf 79' lang='lat' dir='ltr'>jejunium</span> <span class='ocrx_word' id='word_1_29' title='bbox 3292 475 3588 556; x_wconf 38' lang='lat' dir='ltr'>non-esu-</span> 
     </span>
    </p>
   </div>
   <div class='ocr_carea' id='block_1_4' title="bbox 222 549 3594 646">
    <p class='ocr_par' dir='ltr' id='par_1_4' title="bbox 222 549 3594 646">
     <span class='ocr_line' id='line_1_4' title="bbox 222 549 3594 646; baseline -0.008 -18"><span class='ocrx_word' id='word_1_30' title='bbox 222 549 348 646; x_wconf 56' lang='grc' dir='ltr'>(ΞΗ)</span> <span class='ocrx_word' id='word_1_31' title='bbox 422 568 644 625; x_wconf 80' lang='lat' dir='ltr'>inutilia</span> <span class='ocrx_word' id='word_1_32' title='bbox 722 567 996 631; x_wconf 89' lang='lat' dir='ltr'>sentiunt,</span> <span class='ocrx_word' id='word_1_33' title='bbox 1091 567 1434 637; x_wconf 87' lang='lat' dir='ltr'>indicemus,</span> <span class='ocrx_word' id='word_1_34' title='bbox 1479 582 1608 623; x_wconf 90' lang='lat' dir='ltr'>esse</span> <span class='ocrx_word' id='word_1_35' title='bbox 1681 564 1829 636; x_wconf 81' lang='lat'>(212)</span> <span class='ocrx_word' id='word_1_36' title='bbox 1941 563 2092 617; x_wconf 90' lang='lat' dir='ltr'>riens</span> <span class='ocrx_word' id='word_1_37' title='bbox 2120 559 2690 646; x_wconf 79' lang='lat' dir='ltr'>dedicavit;postea</span> <span class='ocrx_word' id='word_1_38' title='bbox 2718 555 2874 611; x_wconf 92' lang='lat' dir='ltr'>enim</span> <span class='ocrx_word' id='word_1_39' title='bbox 2896 553 3097 609; x_wconf 87' lang='lat' dir='ltr'>esuriit</span> <span class='ocrx_word' id='word_1_40' title='bbox 3124 565 3238 606; x_wconf 92' lang='lat' dir='ltr'>non</span> <span class='ocrx_word' id='word_1_41' title='bbox 3259 549 3594 646; x_wconf 63' lang='lat' dir='ltr'>tam_cibum</span> 
     </span>
    </p>
   </div>
   <div class='ocr_carea' id='block_1_5' title="bbox 218 636 3589 725">
    <p class='ocr_par' dir='ltr' id='par_1_5' title="bbox 218 636 3589 725">
     <span class='ocr_line' id='line_1_5' title="bbox 218 636 3589 725; baseline -0.008 -10"><span class='ocrx_word' id='word_1_42' title='bbox 218 636 542 718; x_wconf 80' lang='lat' dir='ltr'>censendum</span> <span class='ocrx_word' id='word_1_43' title='bbox 572 677 586 725; x_wconf 91' lang='lat'>;</span> <span class='ocrx_word' id='word_1_44' title='bbox 617 671 724 712; x_wconf 88' lang='lat' dir='ltr'>nec</span> <span class='ocrx_word' id='word_1_45' title='bbox 753 656 949 711; x_wconf 90' lang='lat' dir='ltr'>studia</span> <span class='ocrx_word' id='word_1_46' title='bbox 979 660 1185 711; x_wconf 91' lang='lat' dir='ltr'>nostra</span> <span class='ocrx_word' id='word_1_47' title='bbox 1218 636 1532 721; x_wconf 88' lang='lat' dir='ltr'>sectemur,</span> <span class='ocrx_word' id='word_1_48' title='bbox 1550 655 1652 709; x_wconf 91' lang='lat' dir='ltr'>sed</span> <span class='ocrx_word' id='word_1_49' title='bbox 1696 652 1833 708; x_wconf 83' lang='lat' dir='ltr'>ofl&#39;e-</span> <span class='ocrx_word' id='word_1_50' title='bbox 1939 651 2252 706; x_wconf 87' lang='lat' dir='ltr'>hominum</span> <span class='ocrx_word' id='word_1_51' title='bbox 2283 664 2455 719; x_wconf 87' lang='lat' dir='ltr'>quam</span> <span class='ocrx_word' id='word_1_52' title='bbox 2486 645 2733 700; x_wconf 83' lang='lat' dir='ltr'>salutem</span> <span class='ocrx_word' id='word_1_53' title='bbox 2763 658 2905 708; x_wconf 88' lang='lat' dir='ltr'>;nec</span> <span class='ocrx_word' id='word_1_54' title='bbox 2927 655 3202 696; x_wconf 80' lang='lat' dir='ltr'>escarum</span> <span class='ocrx_word' id='word_1_55' title='bbox 3219 636 3589 693; x_wconf 68' lang='lat' dir='ltr'>saecularium</span> 
     </span>
    </p>
   </div>
   <div class='ocr_carea' id='block_1_6' title="bbox 215 725 3597 812">
    <p class='ocr_par' dir='ltr' id='par_1_6' title="bbox 215 725 3597 812">
     <span class='ocr_line' id='line_1_6' title="bbox 215 725 3597 812; baseline -0.008 -8"><span class='ocrx_word' id='word_1_56' title='bbox 215 748 452 804; x_wconf 75' lang='lat' dir='ltr'>rentibus</span> <span class='ocrx_word' id='word_1_57' title='bbox 479 744 725 800; x_wconf 84' lang='lat' dir='ltr'>meliora</span> <span class='ocrx_word' id='word_1_58' title='bbox 764 743 1100 799; x_wconf 89' lang='lat' dir='ltr'>subdamur.</span> <span class='ocrx_word' id='word_1_59' title='bbox 1167 743 1456 809; x_wconf 85' lang='lat' dir='ltr'>Quoniam</span> <span class='ocrx_word' id='word_1_60' title='bbox 1503 742 1632 798; x_wconf 58' lang='lat' dir='ltr'>hac</span> <span class='ocrx_word' id='word_1_61' title='bbox 1679 738 1833 812; x_wconf 91' lang='lat' dir='ltr'>apud</span> <span class='ocrx_word' id='word_1_62' title='bbox 1940 739 2150 809; x_wconf 85' lang='lat' dir='ltr'>epulas</span> <span class='ocrx_word' id='word_1_63' title='bbox 2177 736 2530 806; x_wconf 84' lang='lat' dir='ltr'>concupivit,</span> <span class='ocrx_word' id='word_1_64' title='bbox 2565 733 2670 789; x_wconf 90' lang='lat' dir='ltr'>sed</span> <span class='ocrx_word' id='word_1_65' title='bbox 2689 725 3383 788; x_wconf 80' lang='lat' dir='ltr'>animarumdesideravit</span> <span class='ocrx_word' id='word_1_66' title='bbox 3402 725 3597 796; x_wconf 84' lang='lat' dir='ltr'>potius</span> 
     </span>
    </p>
   </div>
   <div class='ocr_carea' id='block_1_7' title="bbox 215 812 3596 906">
    <p class='ocr_par' dir='ltr' id='par_1_7' title="bbox 215 812 3596 906">
     <span class='ocr_line' id='line_1_7' title="bbox 215 812 3596 906; baseline -0.008 -14"><span class='ocrx_word' id='word_1_67' title='bbox 215 842 260 893; x_wconf 89' lang='lat' dir='ltr'>te</span> <span class='ocrx_word' id='word_1_68' title='bbox 289 834 570 906; x_wconf 80' lang='lat' dir='ltr'>sapientia</span> <span class='ocrx_word' id='word_1_69' title='bbox 600 837 687 889; x_wconf 88' lang='lat' dir='ltr'>est</span> <span class='ocrx_word' id='word_1_70' title='bbox 715 849 850 904; x_wconf 76' lang='lat' dir='ltr'>qum</span> <span class='ocrx_word' id='word_1_71' title='bbox 865 848 984 888; x_wconf 90' lang='lat' dir='ltr'>non</span> <span class='ocrx_word' id='word_1_72' title='bbox 1010 831 1575 894; x_wconf 70' lang='lat' dir='ltr'>suisinhseretvitiis,</span> <span class='ocrx_word' id='word_1_73' title='bbox 1611 829 1716 885; x_wconf 89' lang='lat' dir='ltr'>sed</span> <span class='ocrx_word' id='word_1_74' title='bbox 1731 843 1835 883; x_wconf 90' lang='lat' dir='ltr'>un—</span> <span class='ocrx_word' id='word_1_75' title='bbox 1943 827 2336 883; x_wconf 75' lang='lat' dir='ltr'>sanctitatem.</span> <span class='ocrx_word' id='word_1_76' title='bbox 2361 824 2543 880; x_wconf 85' lang='lat' dir='ltr'>Cibus</span> <span class='ocrx_word' id='word_1_77' title='bbox 2569 836 2831 891; x_wconf 90' lang='lat' dir='ltr'>namque</span> <span class='ocrx_word' id='word_1_78' title='bbox 2870 818 2998 888; x_wconf 90' lang='lat' dir='ltr'>ejus</span> <span class='ocrx_word' id='word_1_79' title='bbox 3020 821 3108 906; x_wconf 84' lang='lat' dir='ltr'>est</span> <span class='ocrx_word' id='word_1_80' title='bbox 3129 817 3244 906; x_wconf 68' lang='lat'>38</span> <span class='ocrx_word' id='word_1_81' title='bbox 3273 812 3596 906; x_wconf 79' lang='lat' dir='ltr'>redemptio</span> 
     </span>
    </p>
   </div>
   <div class='ocr_carea' id='block_1_8' title="bbox 213 901 3596 995">
    <p class='ocr_par' dir='ltr' id='par_1_8' title="bbox 213 901 3596 995">
     <span class='ocr_line' id='line_1_8' title="bbox 213 901 3596 995; baseline -0.007 -16"><span class='ocrx_word' id='word_1_82' title='bbox 213 901 500 994; x_wconf 82' lang='lat' dir='ltr'>decunque</span> <span class='ocrx_word' id='word_1_83' title='bbox 524 901 820 995; x_wconf 77' lang='lat' dir='ltr'>prolatam</span> <span class='ocrx_word' id='word_1_84' title='bbox 850 922 1034 994; x_wconf 83' lang='lat' dir='ltr'>diligit</span> <span class='ocrx_word' id='word_1_85' title='bbox 1064 921 1391 978; x_wconf 82' lang='lat' dir='ltr'>veritatem.</span> <span class='ocrx_word' id='word_1_86' title='bbox 1423 905 1835 977; x_wconf 87' lang='lat' dir='ltr'>PerChristum</span> <span class='ocrx_word' id='word_1_87' title='bbox 1945 916 2328 987; x_wconf 90' lang='lat' dir='ltr'>populorum.</span> <span class='ocrx_word' id='word_1_88' title='bbox 2358 913 2504 984; x_wconf 76' lang='lat'>(213)</span> <span class='ocrx_word' id='word_1_89' title='bbox 2537 911 2713 995; x_wconf 79' lang='lat' dir='ltr'>Cibus</span> <span class='ocrx_word' id='word_1_90' title='bbox 2739 909 2866 995; x_wconf 88' lang='lat' dir='ltr'>ejus</span> <span class='ocrx_word' id='word_1_91' title='bbox 2897 913 2983 962; x_wconf 89' lang='lat' dir='ltr'>est</span> <span class='ocrx_word' id='word_1_92' title='bbox 3006 905 3182 995; x_wconf 85' lang='lat' dir='ltr'>totius</span> <span class='ocrx_word' id='word_1_93' title='bbox 3197 903 3366 959; x_wconf 66' lang='lat' dir='ltr'>bona:</span> <span class='ocrx_word' id='word_1_94' title='bbox 3393 901 3596 995; x_wconf 62' lang='lat' dir='ltr'>volun-</span> 
     </span>
    </p>
   </div>
   <div class='ocr_carea' id='block_1_9' title="bbox 219 987 3591 1067">
    <p class='ocr_par' dir='ltr' id='par_1_9' title="bbox 219 987 3591 1067">
     <span class='ocr_line' id='line_1_9' title="bbox 219 987 3591 1067; baseline -0.008 -1"><span class='ocrx_word' id='word_1_95' title='bbox 219 987 543 1066; x_wconf 44' lang='lat' dir='ltr'>Dominum:</span> <span class='ocrx_word' id='word_1_96' title='bbox 955 987 984 994; x_wconf 44' lang='grc' dir='ltr'>ν</span> <span class='ocrx_word' id='word_1_97' title='bbox 1944 1001 2084 1057; x_wconf 90' lang='lat' dir='ltr'>tatis</span> <span class='ocrx_word' id='word_1_98' title='bbox 2105 999 2348 1055; x_wconf 77' lang='lat' dir='ltr'>effectus</span> <span class='ocrx_word' id='word_1_99' title='bbox 2377 1017 2389 1052; x_wconf 85' lang='lat'><strong>:</strong></span> <span class='ocrx_word' id='word_1_100' title='bbox 2415 996 2515 1067; x_wconf 92' lang='lat' dir='ltr'>qui</span> <span class='ocrx_word' id='word_1_101' title='bbox 2543 1011 2652 1051; x_wconf 90' lang='lat' dir='ltr'>nos</span> <span class='ocrx_word' id='word_1_102' title='bbox 2678 994 2878 1049; x_wconf 82' lang='lat' dir='ltr'>docuit</span> <span class='ocrx_word' id='word_1_103' title='bbox 2915 989 3148 1062; x_wconf 90' lang='lat' dir='ltr'>operari</span> <span class='ocrx_word' id='word_1_104' title='bbox 3194 1003 3315 1042; x_wconf 88' lang='lat' dir='ltr'>non</span> <span class='ocrx_word' id='word_1_105' title='bbox 3367 987 3591 1055; x_wconf 90' lang='lat' dir='ltr'>cibum,</span> 
     </span>
    </p>
   </div>
   <div class='ocr_carea' id='block_1_10' title="bbox 276 1074 3597 1178">
    <p class='ocr_par' dir='ltr' id='par_1_10' title="bbox 276 1074 3597 1178">
     <span class='ocr_line' id='line_1_10' title="bbox 276 1074 3597 1178; baseline -0.01 -16"><span class='ocrx_word' id='word_1_106' title='bbox 276 1108 366 1163; x_wconf 80' lang='lat' dir='ltr'>Ad</span> <span class='ocrx_word' id='word_1_107' title='bbox 385 1106 823 1176; x_wconf 80' lang='lat' dir='ltr'>Comptendum.</span> <span class='ocrx_word' id='word_1_108' title='bbox 847 1138 913 1147; x_wconf 94' lang='lat'>—</span> <span class='ocrx_word' id='word_1_109' title='bbox 958 1106 1226 1178; x_wconf 69' lang='lat' dir='ltr'>spiritum</span> <span class='ocrx_word' id='word_1_110' title='bbox 1253 1105 1447 1172; x_wconf 65' lang='lat' dir='ltr'>nobis,</span> <span class='ocrx_word' id='word_1_111' title='bbox 1468 1103 1700 1160; x_wconf 74' lang='lat' dir='ltr'>Domine</span> <span class='ocrx_word' id='word_1_112' title='bbox 1724 1106 1837 1157; x_wconf 60' lang='lat' dir='ltr'>tum</span> <span class='ocrx_word' id='word_1_113' title='bbox 1945 1089 2048 1161; x_wconf 87' lang='lat' dir='ltr'>qui</span> <span class='ocrx_word' id='word_1_114' title='bbox 2066 1087 2310 1178; x_wconf 84' lang='lat' dir='ltr'>terrenis</span> <span class='ocrx_word' id='word_1_115' title='bbox 2324 1085 2578 1178; x_wconf 81' lang='lat' dir='ltr'>dapibus</span> <span class='ocrx_word' id='word_1_116' title='bbox 2605 1085 2952 1178; x_wconf 74' lang='lat' dir='ltr'>apparatur.</span> <span class='ocrx_word' id='word_1_117' title='bbox 2969 1077 3075 1178; x_wconf 69' lang='lat' dir='ltr'>sed</span> <span class='ocrx_word' id='word_1_118' title='bbox 3099 1093 3239 1178; x_wconf 64' lang='lat' dir='ltr'>eum</span> <span class='ocrx_word' id='word_1_119' title='bbox 3253 1075 3350 1146; x_wconf 85' lang='lat' dir='ltr'>qui</span> <span class='ocrx_word' id='word_1_120' title='bbox 3369 1074 3597 1130; x_wconf 90' lang='lat' dir='ltr'>divina-</span> 
     </span>
    </p>
   </div>
   <div class='ocr_carea' id='block_1_11' title="bbox 214 1166 1851 1266">
    <p class='ocr_par' dir='ltr' id='par_1_11' title="bbox 214 1166 1834 1266">
     <span class='ocr_line' id='line_1_11' title="bbox 214 1166 1834 1266; baseline -0.004 -14"><span class='ocrx_word' id='word_1_121' title='bbox 214 1195 490 1252; x_wconf 87' lang='lat' dir='ltr'>charitatis</span> <span class='ocrx_word' id='word_1_122' title='bbox 517 1166 1025 1266; x_wconf 76' lang='lat' dir='ltr'>infunde,u_tquos</span> <span class='ocrx_word' id='word_1_123' title='bbox 1043 1211 1163 1251; x_wconf 89' lang='lat' dir='ltr'>uno</span> <span class='ocrx_word' id='word_1_124' title='bbox 1175 1195 1393 1251; x_wconf 74' lang='lat' dir='ltr'>caelesti</span> <span class='ocrx_word' id='word_1_125' title='bbox 1418 1166 1571 1266; x_wconf 83' lang='lat' dir='ltr'>pane</span> <span class='ocrx_word' id='word_1_126' title='bbox 1587 1191 1834 1258; x_wconf 88' lang='lat' dir='ltr'>satiasti,</span> 
     </span>
    </p>
   </div>
   <div class='ocr_carea' id='block_1_12' title="bbox 1978 1166 3522 1266">
    <p class='ocr_par' dir='ltr' id='par_1_12' title="bbox 1978 1166 3522 1246">
     <span class='ocr_line' id='line_1_12' title="bbox 1978 1166 3522 1246; baseline -0.011 -13"><span class='ocrx_word' id='word_1_127' title='bbox 1978 1195 2077 1233; x_wconf 90' lang='lat' dir='ltr'>um</span> <span class='ocrx_word' id='word_1_128' title='bbox 2105 1176 2524 1246; x_wconf 88' lang='lat' dir='ltr'>Scripturarum</span> <span class='ocrx_word' id='word_1_129' title='bbox 2555 1172 2804 1228; x_wconf 87' lang='lat' dir='ltr'>lectione</span> <span class='ocrx_word' id='word_1_130' title='bbox 2829 1167 3160 1240; x_wconf 86' lang='lat' dir='ltr'>percipitur.</span> <span class='ocrx_word' id='word_1_131' title='bbox 3203 1166 3306 1219; x_wconf 88' lang='lat' dir='ltr'>Per</span> <span class='ocrx_word' id='word_1_132' title='bbox 3335 1179 3522 1234; x_wconf 88' lang='lat' dir='ltr'>quem.</span> 
     </span>
    </p>
   </div>
   <div class='ocr_carea' id='block_1_13' title="bbox 215 1261 3596 1353">
    <p class='ocr_par' dir='ltr' id='par_1_13' title="bbox 215 1261 3596 1353">
     <span class='ocr_line' id='line_1_13' title="bbox 215 1261 3596 1353; baseline -0.008 -14"><span class='ocrx_word' id='word_1_133' title='bbox 215 1287 300 1339; x_wconf 88' lang='lat' dir='ltr'>tua</span> <span class='ocrx_word' id='word_1_134' title='bbox 328 1283 503 1338; x_wconf 81' lang='lat' dir='ltr'>facias</span> <span class='ocrx_word' id='word_1_135' title='bbox 529 1283 747 1353; x_wconf 89' lang='lat' dir='ltr'>pietate</span> <span class='ocrx_word' id='word_1_136' title='bbox 791 1261 1128 1340; x_wconf 75' lang='lat' dir='ltr'>concordes.</span> <span class='ocrx_word' id='word_1_137' title='bbox 1418 1261 1432 1266; x_wconf 51' lang='grc'><strong>’</strong></span> <span class='ocrx_word' id='word_1_138' title='bbox 2022 1273 2362 1330; x_wconf 77' lang='lat' dir='ltr'>Benedictio.</span> <span class='ocrx_word' id='word_1_139' title='bbox 2401 1303 2462 1312; x_wconf 89' lang='lat'>——</span> <span class='ocrx_word' id='word_1_140' title='bbox 2488 1268 2804 1326; x_wconf 89' lang='lat' dir='ltr'>Benedicat</span> <span class='ocrx_word' id='word_1_141' title='bbox 2834 1265 3001 1322; x_wconf 86' lang='lat' dir='ltr'>vobis</span> <span class='ocrx_word' id='word_1_142' title='bbox 3019 1261 3399 1353; x_wconf 86' lang='lat' dir='ltr'>omnipotens</span> <span class='ocrx_word' id='word_1_143' title='bbox 3423 1263 3596 1353; x_wconf 68' lang='lat' dir='ltr'>Deus,</span> 
     </span>
    </p>
   </div>
   <div class='ocr_carea' id='block_1_14' title="bbox 272 1349 3600 1449">
    <p class='ocr_par' dir='ltr' id='par_1_14' title="bbox 272 1349 3600 1449">
     <span class='ocr_line' id='line_1_14' title="bbox 272 1349 3600 1449; baseline -0.008 -21"><span class='ocrx_word' id='word_1_144' title='bbox 272 1371 444 1442; x_wconf 80' lang='lat' dir='ltr'>Super</span> <span class='ocrx_word' id='word_1_145' title='bbox 472 1349 770 1442; x_wconf 83' lang='lat' dir='ltr'>populum.</span> <span class='ocrx_word' id='word_1_146' title='bbox 800 1371 1176 1437; x_wconf 89' lang='lat' dir='ltr'>—Guberna,</span> <span class='ocrx_word' id='word_1_147' title='bbox 1196 1372 1836 1442; x_wconf 71' lang='lat' dir='ltr'>Domine,quaesumus,</span> <span class='ocrx_word' id='word_1_148' title='bbox 1949 1364 2050 1434; x_wconf 86' lang='lat' dir='ltr'>qui</span> <span class='ocrx_word' id='word_1_149' title='bbox 2084 1359 2633 1449; x_wconf 83' lang='lat' dir='ltr'>quadragenarium</span> <span class='ocrx_word' id='word_1_150' title='bbox 2667 1371 3016 1449; x_wconf 63' lang='lat' dir='ltr'>num_erum_</span> <span class='ocrx_word' id='word_1_151' title='bbox 3040 1353 3099 1408; x_wconf 93' lang='lat' dir='ltr'>in</span> <span class='ocrx_word' id='word_1_152' title='bbox 3130 1350 3312 1423; x_wconf 80' lang='lat' dir='ltr'>Moysi</span> <span class='ocrx_word' id='word_1_153' title='bbox 3369 1353 3436 1449; x_wconf 36' lang='lat' dir='ltr'>et.</span> <span class='ocrx_word' id='word_1_154' title='bbox 3467 1349 3600 1404; x_wconf 62' lang='lat' dir='ltr'>Elia:</span> 
     </span>
    </p>
   </div>
   <div class='ocr_carea' id='block_1_15' title="bbox 212 1441 3604 1533">
    <p class='ocr_par' dir='ltr' id='par_1_15' title="bbox 212 1441 3604 1533">
     <span class='ocr_line' id='line_1_15' title="bbox 212 1441 3604 1533; baseline -0.008 -16"><span class='ocrx_word' id='word_1_155' title='bbox 212 1441 425 1533; x_wconf 82' lang='lat' dir='ltr'>plebem</span> <span class='ocrx_word' id='word_1_156' title='bbox 449 1441 638 1524; x_wconf 87' lang='lat' dir='ltr'>tuam,</span> <span class='ocrx_word' id='word_1_157' title='bbox 666 1464 723 1515; x_wconf 91' lang='lat' dir='ltr'>et</span> <span class='ocrx_word' id='word_1_158' title='bbox 753 1461 866 1516; x_wconf 89' lang='lat' dir='ltr'>tuis</span> <span class='ocrx_word' id='word_1_159' title='bbox 892 1460 1192 1516; x_wconf 83' lang='lat' dir='ltr'>beneﬂciis</span> <span class='ocrx_word' id='word_1_160' title='bbox 1223 1476 1460 1531; x_wconf 89' lang='lat' dir='ltr'>semper</span> <span class='ocrx_word' id='word_1_161' title='bbox 1502 1441 1840 1522; x_wconf 79' lang='lat' dir='ltr'>accumula,</span> <span class='ocrx_word' id='word_1_162' title='bbox 1950 1464 2184 1505; x_wconf 90' lang='lat' dir='ltr'>necnon</span> <span class='ocrx_word' id='word_1_163' title='bbox 2206 1447 2613 1504; x_wconf 88' lang='lat' dir='ltr'>etMediatoris</span> <span class='ocrx_word' id='word_1_164' title='bbox 2631 1445 2820 1501; x_wconf 87' lang='lat' dir='ltr'>nostri</span> <span class='ocrx_word' id='word_1_165' title='bbox 2833 1442 3059 1515; x_wconf 89' lang='lat' dir='ltr'>jejunio</span> <span class='ocrx_word' id='word_1_166' title='bbox 3072 1441 3443 1533; x_wconf 71' lang='lat' dir='ltr'>consecravit</span> <span class='ocrx_word' id='word_1_167' title='bbox 3459 1451 3604 1492; x_wconf 85' lang='lat' dir='ltr'>con-</span> 
     </span>
    </p>
   </div>
   <div class='ocr_carea' id='block_1_16' title="bbox 218 1525 3600 1623">
    <p class='ocr_par' dir='ltr' id='par_1_16' title="bbox 218 1525 3600 1623">
     <span class='ocr_line' id='line_1_16' title="bbox 218 1525 3600 1623; baseline -0.008 -18"><span class='ocrx_word' id='word_1_168' title='bbox 218 1525 269 1605; x_wconf 75' lang='lat' dir='ltr'>at</span> <span class='ocrx_word' id='word_1_169' title='bbox 294 1553 344 1604; x_wconf 88' lang='lat' dir='ltr'>et</span> <span class='ocrx_word' id='word_1_170' title='bbox 361 1549 669 1620; x_wconf 70' lang='lat' dir='ltr'>praesentis</span> <span class='ocrx_word' id='word_1_171' title='bbox 704 1548 835 1604; x_wconf 86' lang='lat' dir='ltr'>vitae</span> <span class='ocrx_word' id='word_1_172' title='bbox 868 1548 1149 1605; x_wconf 89' lang='lat' dir='ltr'>subsidiis</span> <span class='ocrx_word' id='word_1_173' title='bbox 1181 1525 1442 1618; x_wconf 78' lang='lat' dir='ltr'>gaudeat</span> <span class='ocrx_word' id='word_1_174' title='bbox 1479 1551 1535 1602; x_wconf 91' lang='lat' dir='ltr'>et</span> <span class='ocrx_word' id='word_1_175' title='bbox 1586 1551 1839 1602; x_wconf 68' lang='lat' dir='ltr'>aeternae.</span> <span class='ocrx_word' id='word_1_176' title='bbox 1952 1538 2241 1609; x_wconf 88' lang='lat' dir='ltr'>cedatque</span> <span class='ocrx_word' id='word_1_177' title='bbox 2273 1535 2536 1592; x_wconf 90' lang='lat' dir='ltr'>vobisita</span> <span class='ocrx_word' id='word_1_178' title='bbox 2566 1537 2896 1601; x_wconf 83' lang='lat' dir='ltr'>transigere</span> <span class='ocrx_word' id='word_1_179' title='bbox 2908 1528 3224 1623; x_wconf 55' lang='lat' dir='ltr'>praesentis</span> <span class='ocrx_word' id='word_1_180' title='bbox 3241 1527 3370 1583; x_wconf 84' lang='lat' dir='ltr'>vitae</span> <span class='ocrx_word' id='word_1_181' title='bbox 3385 1525 3600 1623; x_wconf 82' lang='lat' dir='ltr'>dispen</span> 
     </span>
    </p>
   </div>
   <div class='ocr_carea' id='block_1_17' title="bbox 215 1617 3602 1695">
    <p class='ocr_par' dir='ltr' id='par_1_17' title="bbox 215 1617 3602 1695">
     <span class='ocr_line' id='line_1_17' title="bbox 215 1617 3602 1695; baseline -0.009 0"><span class='ocrx_word' id='word_1_182' title='bbox 215 1641 322 1695; x_wconf 86' lang='lat' dir='ltr'>Per.</span> <span class='ocrx_word' id='word_1_183' title='bbox 365 1617 375 1620; x_wconf 18' lang='grc' dir='ltr'><em>Ὗ</em></span> <span class='ocrx_word' id='word_1_184' title='bbox 877 1659 888 1668; x_wconf 64' lang='grc' dir='ltr'><em>κ</em></span> <span class='ocrx_word' id='word_1_185' title='bbox 1188 1617 1205 1618; x_wconf 24' lang='lat'><em>7</em></span> <span class='ocrx_word' id='word_1_186' title='bbox 1954 1627 2266 1692; x_wconf 88' lang='lat' dir='ltr'>sationem,</span> <span class='ocrx_word' id='word_1_187' title='bbox 2296 1630 2380 1694; x_wconf 90' lang='lat' dir='ltr'>ut,</span> <span class='ocrx_word' id='word_1_188' title='bbox 2409 1628 2646 1694; x_wconf 87' lang='lat' dir='ltr'>accepto</span> <span class='ocrx_word' id='word_1_189' title='bbox 2661 1624 2708 1690; x_wconf 59' lang='lat' dir='ltr'>fa</span> <span class='ocrx_word' id='word_1_190' title='bbox 2732 1618 3157 1677; x_wconf 83' lang='lat' dir='ltr'>Patrefamilias</span> <span class='ocrx_word' id='word_1_191' title='bbox 3177 1617 3602 1671; x_wconf 89' lang='lat' dir='ltr'>remuneratio-</span> 
     </span>
    </p>
   </div>
   <div class='ocr_carea' id='block_1_18' title="bbox 476 1704 3599 1797">
    <p class='ocr_par' dir='ltr' id='par_1_18' title="bbox 476 1704 3599 1797">
     <span class='ocr_line' id='line_1_18' title="bbox 476 1704 3599 1797; baseline -0.009 -15"><span class='ocrx_word' id='word_1_192' title='bbox 476 1725 589 1797; x_wconf 80' lang='lat'><strong><em>37</em></strong></span> <span class='ocrx_word' id='word_1_193' title='bbox 610 1742 852 1781; x_wconf 62' lang='lat' dir='ltr'>sanas-ro</span> <span class='ocrx_word' id='word_1_194' title='bbox 879 1744 1036 1780; x_wconf 66' lang='lat' dir='ltr'>mea</span> <span class='ocrx_word' id='word_1_195' title='bbox 1063 1740 1561 1790; x_wconf 71' lang='lat' dir='ltr'>QUINQIIAGESIMAM.</span> <span class='ocrx_word' id='word_1_196' title='bbox 1875 1737 1919 1795; x_wconf 78' lang='grc' dir='ltr'><strong>Β</strong></span> <span class='ocrx_word' id='word_1_197' title='bbox 1951 1715 2044 1770; x_wconf 88' lang='lat' dir='ltr'>nis</span> <span class='ocrx_word' id='word_1_198' title='bbox 2074 1715 2338 1779; x_wconf 89' lang='lat' dir='ltr'>denario,</span> <span class='ocrx_word' id='word_1_199' title='bbox 2366 1712 2714 1783; x_wconf 85' lang='lat' dir='ltr'>perveniatis</span> <span class='ocrx_word' id='word_1_200' title='bbox 2736 1711 2812 1767; x_wconf 90' lang='lat' dir='ltr'>ad</span> <span class='ocrx_word' id='word_1_201' title='bbox 2838 1704 3599 1797; x_wconf 49' lang='lat' dir='ltr'>peccatorumomniumre-</span> 
     </span>
    </p>
   </div>
   <div class='ocr_carea' id='block_1_19' title="bbox 277 1789 3602 1880">
    <p class='ocr_par' dir='ltr' id='par_1_19' title="bbox 277 1789 3602 1880">
     <span class='ocr_line' id='line_1_19' title="bbox 277 1789 3602 1880; baseline -0.005 0"><span class='ocrx_word' id='word_1_202' title='bbox 277 1823 489 1880; x_wconf 81' lang='lat' dir='ltr'>Exaudi</span> <span class='ocrx_word' id='word_1_203' title='bbox 516 1839 632 1878; x_wconf 89' lang='lat' dir='ltr'>nos</span> <span class='ocrx_word' id='word_1_204' title='bbox 668 1825 980 1879; x_wconf 89' lang='lat' dir='ltr'>miserator</span> <span class='ocrx_word' id='word_1_205' title='bbox 1012 1827 1068 1879; x_wconf 93' lang='lat' dir='ltr'>et</span> <span class='ocrx_word' id='word_1_206' title='bbox 1096 1823 1431 1878; x_wconf 90' lang='lat' dir='ltr'>misericors</span> <span class='ocrx_word' id='word_1_207' title='bbox 1465 1825 1616 1877; x_wconf 90' lang='lat' dir='ltr'>Deus</span> <span class='ocrx_word' id='word_1_208' title='bbox 1641 1824 1845 1875; x_wconf 91' lang='lat' dir='ltr'>etcon-</span> <span class='ocrx_word' id='word_1_209' title='bbox 1955 1803 2309 1869; x_wconf 72' lang='lat' dir='ltr'>miSSiODem.</span> <span class='ocrx_word' id='word_1_210' title='bbox 2333 1807 2388 1857; x_wconf 70' lang='lat' dir='ltr'>8t</span> <span class='ocrx_word' id='word_1_211' title='bbox 2417 1802 2494 1858; x_wconf 75' lang='lat' dir='ltr'>ad</span> <span class='ocrx_word' id='word_1_212' title='bbox 2522 1801 2839 1869; x_wconf 59' lang='lat' dir='ltr'>gloriosam</span> <span class='ocrx_word' id='word_1_213' title='bbox 2875 1814 3012 1854; x_wconf 76' lang='lat' dir='ltr'>cum</span> <span class='ocrx_word' id='word_1_214' title='bbox 3063 1795 3276 1850; x_wconf 71' lang='grc' dir='ltr'>εᾶηοίίε</span> <span class='ocrx_word' id='word_1_215' title='bbox 3320 1789 3602 1880; x_wconf 63' lang='grc' dir='ltr'>οωηίδμε</span> 
     </span>
    </p>
   </div>
   <div class='ocr_carea' id='block_1_20' title="bbox 215 1881 3604 1984">
    <p class='ocr_par' dir='ltr' id='par_1_20' title="bbox 215 1881 3604 1984">
     <span class='ocr_line' id='line_1_20' title="bbox 215 1881 3604 1984; baseline -0.003 -18"><span class='ocrx_word' id='word_1_216' title='bbox 215 1911 446 1967; x_wconf 77' lang='lat' dir='ltr'>tinentiae</span> <span class='ocrx_word' id='word_1_217' title='bbox 462 1911 744 1968; x_wconf 87' lang='lat' dir='ltr'>salutaris</span> <span class='ocrx_word' id='word_1_218' title='bbox 774 1912 1064 1984; x_wconf 90' lang='lat' dir='ltr'>propitius</span> <span class='ocrx_word' id='word_1_219' title='bbox 1089 1912 1254 1968; x_wconf 91' lang='lat' dir='ltr'>nobis</span> <span class='ocrx_word' id='word_1_220' title='bbox 1269 1911 1430 1967; x_wconf 89' lang='lat' dir='ltr'>dona</span> <span class='ocrx_word' id='word_1_221' title='bbox 1445 1910 1719 1967; x_wconf 92' lang='lat' dir='ltr'>concede.</span> <span class='ocrx_word' id='word_1_222' title='bbox 1743 1911 1847 1963; x_wconf 88' lang='lat' dir='ltr'>Per</span> <span class='ocrx_word' id='word_1_223' title='bbox 1952 1893 2462 1984; x_wconf 57' lang='grc' dir='ltr'>Ρθεῦνΐθρίίφηθξης</span> <span class='ocrx_word' id='word_1_224' title='bbox 2483 1898 2676 1984; x_wconf 56' lang='grc' dir='ltr'>Αῐξιξη-</span> <span class='ocrx_word' id='word_1_225' title='bbox 2703 1892 2936 1984; x_wconf 12' lang='grc' dir='ltr'>Πθίίῖιξθγ</span> <span class='ocrx_word' id='word_1_226' title='bbox 2954 1886 3123 1984; x_wconf 52' lang='grc' dir='ltr'>Ϋοξῆξ</span> <span class='ocrx_word' id='word_1_227' title='bbox 3142 1881 3604 1984; x_wconf 54' lang='grc' dir='ltr'>ερίνίίεῖίυπξγη·</span> 
     </span>
    </p>
   </div>
   <div class='ocr_carea' id='block_1_21' title="bbox 216 1967 3603 2056">
    <p class='ocr_par' dir='ltr' id='par_1_21' title="bbox 216 1967 3603 2056">
     <span class='ocr_line' id='line_1_21' title="bbox 216 1967 3603 2056; baseline -0.01 -1"><span class='ocrx_word' id='word_1_228' title='bbox 216 1999 512 2055; x_wconf 82' lang='lat' dir='ltr'>Dominum</span> <span class='ocrx_word' id='word_1_229' title='bbox 542 1967 850 2056; x_wconf 73' lang='lat' dir='ltr'>nostrum.</span> <span class='ocrx_word' id='word_1_230' title='bbox 889 1967 902 1984; x_wconf 49' lang='grc'><strong>⁸</strong></span> <span class='ocrx_word' id='word_1_231' title='bbox 1141 1967 1145 1968; x_wconf 14' lang='grc' dir='ltr'><em>ν</em></span> <span class='ocrx_word' id='word_1_232' title='bbox 1953 1986 2144 2036; x_wconf 88' lang='lat' dir='ltr'>tutum</span> <span class='ocrx_word' id='word_1_233' title='bbox 2174 1980 2499 2036; x_wconf 87' lang='lat' dir='ltr'>invictricia</span> <span class='ocrx_word' id='word_1_234' title='bbox 2539 1979 2759 2051; x_wconf 80' lang='lat' dir='ltr'>[Forte,</span> <span class='ocrx_word' id='word_1_235' title='bbox 2830 1973 3114 2047; x_wconf 88' lang='lat' dir='ltr'>victricia]</span> <span class='ocrx_word' id='word_1_236' title='bbox 3155 1987 3344 2035; x_wconf 82' lang='lat' dir='ltr'>arma,</span> <span class='ocrx_word' id='word_1_237' title='bbox 3385 1967 3603 2039; x_wconf 88' lang='lat' dir='ltr'>quibus</span> 
     </span>
    </p>
   </div>
   <div class='ocr_carea' id='block_1_22' title="bbox 274 2057 3604 2161">
    <p class='ocr_par' dir='ltr' id='par_1_22' title="bbox 274 2057 3604 2161">
     <span class='ocr_line' id='line_1_22' title="bbox 274 2057 3604 2161; baseline -0.008 -27"><span class='ocrx_word' id='word_1_238' title='bbox 274 2089 442 2158; x_wconf 69' lang='lat' dir='ltr'>super</span> <span class='ocrx_word' id='word_1_239' title='bbox 458 2091 764 2158; x_wconf 70' lang='grc' dir='ltr'>ῃοραιαγη,</span> <span class='ocrx_word' id='word_1_240' title='bbox 798 2120 864 2130; x_wconf 88' lang='grc'><strong><em>-</em></strong></span> <span class='ocrx_word' id='word_1_241' title='bbox 898 2091 1167 2160; x_wconf 63' lang='grc' dir='ltr'>ρι-εερδιιδ</span> <span class='ocrx_word' id='word_1_242' title='bbox 1190 2061 1300 2144; x_wconf 60' lang='grc' dir='ltr'>πόει</span> <span class='ocrx_word' id='word_1_243' title='bbox 1316 2103 1686 2161; x_wconf 42' lang='lat' dir='ltr'>quaesumus.</span> <span class='ocrx_word' id='word_1_244' title='bbox 1734 2085 1844 2140; x_wconf 81' lang='lat' dir='ltr'>Do.</span> <span class='ocrx_word' id='word_1_245' title='bbox 1956 2069 2216 2141; x_wconf 80' lang='lat' dir='ltr'>exemplo</span> <span class='ocrx_word' id='word_1_246' title='bbox 2233 2070 2458 2125; x_wconf 90' lang='lat' dir='ltr'>Domini</span> <span class='ocrx_word' id='word_1_247' title='bbox 2480 2068 2794 2123; x_wconf 88' lang='lat' dir='ltr'>devincere</span> <span class='ocrx_word' id='word_1_248' title='bbox 2805 2064 3056 2120; x_wconf 85' lang='lat' dir='ltr'>valeatis</span> <span class='ocrx_word' id='word_1_249' title='bbox 3070 2060 3296 2160; x_wconf 76' lang='lat' dir='ltr'>antiqui</span> <span class='ocrx_word' id='word_1_250' title='bbox 3315 2057 3501 2161; x_wconf 78' lang='lat' dir='ltr'>hostis</span> <span class='ocrx_word' id='word_1_251' title='bbox 3516 2072 3604 2110; x_wconf 89' lang='lat' dir='ltr'>sa-</span> 
     </span>
    </p>
   </div>
   <div class='ocr_carea' id='block_1_23' title="bbox 220 2147 1851 2246">
    <p class='ocr_par' dir='ltr' id='par_1_23' title="bbox 220 2176 1847 2246">
     <span class='ocr_line' id='line_1_23' title="bbox 220 2176 1847 2246; baseline -0.002 -14"><span class='ocrx_word' id='word_1_252' title='bbox 220 2177 369 2242; x_wconf 87' lang='lat' dir='ltr'>mine,</span> <span class='ocrx_word' id='word_1_253' title='bbox 387 2176 566 2246; x_wconf 87' lang='lat' dir='ltr'>hujus</span> <span class='ocrx_word' id='word_1_254' title='bbox 589 2177 969 2233; x_wconf 68' lang='lat' dir='ltr'>abstinentiae</span> <span class='ocrx_word' id='word_1_255' title='bbox 1000 2177 1222 2233; x_wconf 82' lang='lat' dir='ltr'>{estivis</span> <span class='ocrx_word' id='word_1_256' title='bbox 1243 2178 1468 2242; x_wconf 75' lang='lat' dir='ltr'>ofﬁciis,</span> <span class='ocrx_word' id='word_1_257' title='bbox 1500 2180 1561 2232; x_wconf 91' lang='lat' dir='ltr'>ut</span> <span class='ocrx_word' id='word_1_258' title='bbox 1588 2176 1716 2231; x_wconf 63' lang='lat' dir='ltr'>haec</span> <span class='ocrx_word' id='word_1_259' title='bbox 1761 2189 1847 2229; x_wconf 89' lang='lat' dir='ltr'>sa-</span> 
     </span>
    </p>
   </div>
   <div class='ocr_carea' id='block_1_24' title="bbox 1978 2147 3602 2246">
    <p class='ocr_par' dir='ltr' id='par_1_24' title="bbox 1978 2147 3602 2242">
     <span class='ocr_line' id='line_1_24' title="bbox 1978 2147 3602 2242; baseline -0.009 -30"><span class='ocrx_word' id='word_1_260' title='bbox 1978 2157 2273 2227; x_wconf 74' lang='lat' dir='ltr'>gacissime</span> <span class='ocrx_word' id='word_1_261' title='bbox 2299 2159 2674 2212; x_wconf 91' lang='lat' dir='ltr'>testamenta.</span> <span class='ocrx_word' id='word_1_262' title='bbox 2690 2156 2888 2210; x_wconf 86' lang='lat' dir='ltr'>Amen.</span> <span class='ocrx_word' id='word_1_263' title='bbox 2905 2155 3032 2218; x_wconf 89' lang='lat' dir='ltr'>Quo</span> <span class='ocrx_word' id='word_1_264' title='bbox 3045 2165 3165 2206; x_wconf 89' lang='lat' dir='ltr'>non</span> <span class='ocrx_word' id='word_1_265' title='bbox 3192 2149 3246 2204; x_wconf 91' lang='lat' dir='ltr'>in</span> <span class='ocrx_word' id='word_1_266' title='bbox 3262 2147 3390 2202; x_wconf 93' lang='lat' dir='ltr'>solo</span> <span class='ocrx_word' id='word_1_267' title='bbox 3425 2159 3602 2242; x_wconf 75' lang='lat' dir='ltr'>pane,</span> 
     </span>
    </p>
   </div>
   <div class='ocr_carea' id='block_1_25' title="bbox 216 2234 1851 2338">
    <p class='ocr_par' dir='ltr' id='par_1_25' title="bbox 216 2264 1850 2338">
     <span class='ocr_line' id='line_1_25' title="bbox 216 2264 1850 2338; baseline -0.001 -19"><span class='ocrx_word' id='word_1_268' title='bbox 216 2264 411 2320; x_wconf 86' lang='lat' dir='ltr'>criﬁcia</span> <span class='ocrx_word' id='word_1_269' title='bbox 435 2265 784 2321; x_wconf 88' lang='lat' dir='ltr'>veneranda</span> <span class='ocrx_word' id='word_1_270' title='bbox 794 2265 1005 2322; x_wconf 89' lang='lat' dir='ltr'>sobriis</span> <span class='ocrx_word' id='word_1_271' title='bbox 1026 2281 1266 2338; x_wconf 90' lang='lat' dir='ltr'>semper</span> <span class='ocrx_word' id='word_1_272' title='bbox 1281 2265 1579 2322; x_wconf 89' lang='lat' dir='ltr'>mentibus</span> <span class='ocrx_word' id='word_1_273' title='bbox 1593 2264 1850 2319; x_wconf 86' lang='lat' dir='ltr'>celebre-</span> 
     </span>
    </p>
   </div>
   <div class='ocr_carea' id='block_1_26' title="bbox 1978 2234 3602 2338">
    <p class='ocr_par' dir='ltr' id='par_1_26' title="bbox 1978 2234 3602 2338">
     <span class='ocr_line' id='line_1_26' title="bbox 1978 2234 3602 2338; baseline -0.008 -40"><span class='ocrx_word' id='word_1_274' title='bbox 1978 2245 2062 2300; x_wconf 70' lang='lat' dir='ltr'>ied</span> <span class='ocrx_word' id='word_1_275' title='bbox 2092 2245 2152 2300; x_wconf 92' lang='lat' dir='ltr'>in</span> <span class='ocrx_word' id='word_1_276' title='bbox 2180 2246 2343 2301; x_wconf 91' lang='lat' dir='ltr'>omni</span> <span class='ocrx_word' id='word_1_277' title='bbox 2373 2244 2554 2300; x_wconf 91' lang='lat' dir='ltr'>verbo</span> <span class='ocrx_word' id='word_1_278' title='bbox 2581 2243 2746 2314; x_wconf 88' lang='lat' dir='ltr'>quod</span> <span class='ocrx_word' id='word_1_279' title='bbox 2777 2241 2852 2297; x_wconf 90' lang='lat' dir='ltr'>de</span> <span class='ocrx_word' id='word_1_280' title='bbox 2881 2256 2979 2295; x_wconf 88' lang='lat' dir='ltr'>ore</span> <span class='ocrx_word' id='word_1_281' title='bbox 2993 2240 3122 2309; x_wconf 90' lang='lat' dir='ltr'>ejus</span> <span class='ocrx_word' id='word_1_282' title='bbox 3149 2234 3602 2338; x_wconf 70' lang='lat' dir='ltr'>proceditspiri-</span> 
     </span>
    </p>
   </div>
   <div class='ocr_carea' id='block_1_27' title="bbox 218 2320 3602 2410">
    <p class='ocr_par' dir='ltr' id='par_1_27' title="bbox 218 2320 3602 2410">
     <span class='ocr_line' id='line_1_27' title="bbox 218 2320 3602 2410; baseline -0.011 1"><span class='ocrx_word' id='word_1_283' title='bbox 218 2369 350 2408; x_wconf 87' lang='lat' dir='ltr'>mus.</span> <span class='ocrx_word' id='word_1_284' title='bbox 371 2353 491 2410; x_wconf 88' lang='lat' dir='ltr'>Per.</span> <span class='ocrx_word' id='word_1_285' title='bbox 563 2320 570 2321; x_wconf 12' lang='grc' dir='ltr'>ί</span> <span class='ocrx_word' id='word_1_286' title='bbox 757 2320 781 2321; x_wconf 13' lang='grc' dir='ltr'><strong><em>ἡ</em></strong></span> <span class='ocrx_word' id='word_1_287' title='bbox 837 2320 848 2322; x_wconf 13' lang='grc' dir='ltr'><em>ἡ</em></span> <span class='ocrx_word' id='word_1_288' title='bbox 907 2320 948 2322; x_wconf 26' lang='grc' dir='ltr'>Π</span> <span class='ocrx_word' id='word_1_289' title='bbox 1065 2320 1180 2338; x_wconf 18' lang='lat' dir='ltr'>“ﬁt</span> <span class='ocrx_word' id='word_1_290' title='bbox 1241 2320 1336 2322; x_wconf 16' lang='lat'>77*</span> <span class='ocrx_word' id='word_1_291' title='bbox 1430 2320 1437 2321; x_wconf 17' lang='grc'><strong><em>⁷</em></strong></span> <span class='ocrx_word' id='word_1_292' title='bbox 1957 2333 2134 2389; x_wconf 78' lang='lat' dir='ltr'>talem</span> <span class='ocrx_word' id='word_1_293' title='bbox 2168 2339 2473 2388; x_wconf 88' lang='lat' dir='ltr'>sumentes</span> <span class='ocrx_word' id='word_1_294' title='bbox 2501 2320 3602 2410; x_wconf 79' lang='lat' dir='ltr'>alimoniam,perjejuniorumobser-</span> 
     </span>
    </p>
   </div>
   <div class='ocr_carea' id='block_1_28' title="bbox 275 2407 3606 2523">
    <p class='ocr_par' dir='ltr' id='par_1_28' title="bbox 275 2407 3606 2523">
     <span class='ocr_line' id='line_1_28' title="bbox 275 2407 3606 2523; baseline -0.011 -15"><span class='ocrx_word' id='word_1_295' title='bbox 275 2407 579 2520; x_wconf 66' lang='lat' dir='ltr'>Przfatio.</span> <span class='ocrx_word' id='word_1_296' title='bbox 608 2481 684 2492; x_wconf 92' lang='lat'>—</span> <span class='ocrx_word' id='word_1_297' title='bbox 711 2453 853 2506; x_wconf 82' lang='lat' dir='ltr'>Vere</span> <span class='ocrx_word' id='word_1_298' title='bbox 873 2451 1126 2520; x_wconf 85' lang='lat' dir='ltr'>dignum</span> <span class='ocrx_word' id='word_1_299' title='bbox 1140 2455 1198 2508; x_wconf 89' lang='lat' dir='ltr'>et</span> <span class='ocrx_word' id='word_1_300' title='bbox 1214 2452 1441 2523; x_wconf 90' lang='lat' dir='ltr'>justum</span> <span class='ocrx_word' id='word_1_301' title='bbox 1472 2454 1578 2520; x_wconf 90' lang='lat' dir='ltr'>est,</span> <span class='ocrx_word' id='word_1_302' title='bbox 1607 2466 1847 2522; x_wconf 73' lang='lat' dir='ltr'>aequum</span> <span class='ocrx_word' id='word_1_303' title='bbox 1957 2421 2333 2521; x_wconf 42' lang='lat' dir='ltr'>“tionem.”</span> <span class='ocrx_word' id='word_1_304' title='bbox 2355 2407 3606 2523; x_wconf 51' lang='lat' dir='ltr'>caterorumbonorum</span> 
     </span>
    </p>
   </div>
   <div class='ocr_carea' id='block_1_29' title="bbox 216 2539 1848 2612">
    <p class='ocr_par' dir='ltr' id='par_1_29' title="bbox 216 2539 1848 2612">
     <span class='ocr_line' id='line_1_29' title="bbox 216 2539 1848 2612; baseline -0.001 -18"><span class='ocrx_word' id='word_1_305' title='bbox 216 2542 262 2596; x_wconf 89' lang='lat' dir='ltr'>et</span> <span class='ocrx_word' id='word_1_306' title='bbox 289 2539 560 2605; x_wconf 85' lang='lat' dir='ltr'>salutare,</span> <span class='ocrx_word' id='word_1_307' title='bbox 597 2556 711 2595; x_wconf 92' lang='lat' dir='ltr'>nos</span> <span class='ocrx_word' id='word_1_308' title='bbox 732 2539 843 2596; x_wconf 88' lang='lat' dir='ltr'>tibi</span> <span class='ocrx_word' id='word_1_309' title='bbox 865 2555 1091 2612; x_wconf 89' lang='lat' dir='ltr'>semper</span> <span class='ocrx_word' id='word_1_310' title='bbox 1118 2544 1174 2596; x_wconf 92' lang='lat' dir='ltr'>et</span> <span class='ocrx_word' id='word_1_311' title='bbox 1206 2540 1422 2611; x_wconf 90' lang='lat' dir='ltr'>ubique</span> <span class='ocrx_word' id='word_1_312' title='bbox 1435 2541 1660 2609; x_wconf 90' lang='lat' dir='ltr'>gratias</span> <span class='ocrx_word' id='word_1_313' title='bbox 1673 2553 1848 2608; x_wconf 87' lang='lat' dir='ltr'>agere</span> 
     </span>
    </p>
   </div>
   <div class='ocr_carea' id='block_1_30' title="bbox 216 2627 1850 2698">
    <p class='ocr_par' dir='ltr' id='par_1_30' title="bbox 216 2627 1850 2698">
     <span class='ocr_line' id='line_1_30' title="bbox 216 2627 1850 2698; baseline 0.001 -18"><span class='ocrx_word' id='word_1_314' title='bbox 216 2627 438 2682; x_wconf 89' lang='lat' dir='ltr'>Domine</span> <span class='ocrx_word' id='word_1_315' title='bbox 464 2631 695 2693; x_wconf 87' lang='lat' dir='ltr'>sancte,</span> <span class='ocrx_word' id='word_1_316' title='bbox 731 2630 895 2683; x_wconf 89' lang='lat' dir='ltr'>Pater</span> <span class='ocrx_word' id='word_1_317' title='bbox 923 2629 1322 2698; x_wconf 89' lang='lat' dir='ltr'>omnipotens,</span> <span class='ocrx_word' id='word_1_318' title='bbox 1356 2632 1569 2683; x_wconf 76' lang='lat' dir='ltr'>aeterne</span> <span class='ocrx_word' id='word_1_319' title='bbox 1599 2629 1772 2683; x_wconf 90' lang='lat' dir='ltr'>Deus:</span> <span class='ocrx_word' id='word_1_320' title='bbox 1794 2631 1850 2682; x_wconf 90' lang='lat' dir='ltr'>et</span> 
     </span>
    </p>
   </div>
   <div class='ocr_carea' id='block_1_31' title="bbox 215 2715 1848 2787">
    <p class='ocr_par' dir='ltr' id='par_1_31' title="bbox 215 2715 1848 2787">
     <span class='ocr_line' id='line_1_31' title="bbox 215 2715 1848 2787; baseline 0.001 -17"><span class='ocrx_word' id='word_1_321' title='bbox 215 2715 555 2786; x_wconf 73' lang='lat' dir='ltr'>Majestatem</span> <span class='ocrx_word' id='word_1_322' title='bbox 589 2721 760 2771; x_wconf 89' lang='lat' dir='ltr'>tuam</span> <span class='ocrx_word' id='word_1_323' title='bbox 794 2715 1134 2787; x_wconf 89' lang='lat' dir='ltr'>suppliciter</span> <span class='ocrx_word' id='word_1_324' title='bbox 1163 2716 1484 2785; x_wconf 88' lang='lat' dir='ltr'>deprecari,</span> <span class='ocrx_word' id='word_1_325' title='bbox 1516 2719 1848 2771; x_wconf 88' lang='lat' dir='ltr'>utmentem</span> 
     </span>
    </p>
   </div>
   <div class='ocr_carea' id='block_1_32' title="bbox 215 2802 1849 2874">
    <p class='ocr_par' dir='ltr' id='par_1_32' title="bbox 215 2802 1849 2874">
     <span class='ocr_line' id='line_1_32' title="bbox 215 2802 1849 2874; baseline 0.001 -18"><span class='ocrx_word' id='word_1_326' title='bbox 215 2805 451 2857; x_wconf 87' lang='lat' dir='ltr'>nostram</span> <span class='ocrx_word' id='word_1_327' title='bbox 467 2802 566 2858; x_wconf 88' lang='lat' dir='ltr'>tibi</span> <span class='ocrx_word' id='word_1_328' title='bbox 581 2802 868 2874; x_wconf 86' lang='lat' dir='ltr'>placitam</span> <span class='ocrx_word' id='word_1_329' title='bbox 883 2802 1414 2873; x_wconf 78' lang='lat' dir='ltr'>benignusefﬂcias</span> <span class='ocrx_word' id='word_1_330' title='bbox 1440 2818 1574 2874; x_wconf 63' lang='lat' dir='ltr'>quae</span> <span class='ocrx_word' id='word_1_331' title='bbox 1589 2818 1709 2857; x_wconf 90' lang='lat' dir='ltr'>non</span> <span class='ocrx_word' id='word_1_332' title='bbox 1723 2806 1849 2857; x_wconf 87' lang='lat' dir='ltr'>tan-</span> 
     </span>
    </p>
   </div>
   <div class='ocr_carea' id='block_1_33' title="bbox 216 2890 1848 2962">
    <p class='ocr_par' dir='ltr' id='par_1_33' title="bbox 216 2890 1848 2962">
     <span class='ocr_line' id='line_1_33' title="bbox 216 2890 1848 2962; baseline 0.001 -19"><span class='ocrx_word' id='word_1_333' title='bbox 216 2894 321 2944; x_wconf 88' lang='lat' dir='ltr'>tum</span> <span class='ocrx_word' id='word_1_334' title='bbox 343 2891 598 2962; x_wconf 90' lang='lat' dir='ltr'>speciem</span> <span class='ocrx_word' id='word_1_335' title='bbox 635 2891 917 2946; x_wconf 87' lang='lat' dir='ltr'>bonitatis</span> <span class='ocrx_word' id='word_1_336' title='bbox 947 2891 1366 2953; x_wconf 87' lang='lat' dir='ltr'>ostendat,sed</span> <span class='ocrx_word' id='word_1_337' title='bbox 1387 2891 1631 2962; x_wconf 77' lang='lat' dir='ltr'>justitiee</span> <span class='ocrx_word' id='word_1_338' title='bbox 1653 2890 1848 2946; x_wconf 86' lang='lat' dir='ltr'>fructi-</span> 
     </span>
    </p>
   </div>
   <div class='ocr_carea' id='block_1_34' title="bbox 1959 2496 3606 2582">
    <p class='ocr_par' dir='ltr' id='par_1_34' title="bbox 1959 2496 3606 2582">
     <span class='ocr_line' id='line_1_34' title="bbox 1959 2496 3606 2582; baseline -0.009 -16"><span class='ocrx_word' id='word_1_339' title='bbox 1959 2525 2095 2566; x_wconf 89' lang='lat' dir='ltr'>nem</span> <span class='ocrx_word' id='word_1_340' title='bbox 2121 2510 2412 2582; x_wconf 89' lang='lat' dir='ltr'>percipere</span> <span class='ocrx_word' id='word_1_341' title='bbox 2443 2507 2789 2564; x_wconf 86' lang='lat' dir='ltr'>mereamini</span> <span class='ocrx_word' id='word_1_342' title='bbox 2811 2501 3357 2562; x_wconf 89' lang='lat' dir='ltr'>immarcescibilem</span> <span class='ocrx_word' id='word_1_343' title='bbox 3406 2496 3606 2568; x_wconf 63' lang='lat' dir='ltr'>gloria</span> 
     </span>
    </p>
   </div>
   <div class='ocr_carea' id='block_1_35' title="bbox 1958 2589 3496 2666">
    <p class='ocr_par' dir='ltr' id='par_1_35' title="bbox 1958 2589 3496 2666">
     <span class='ocr_line' id='line_1_35' title="bbox 1958 2589 3496 2666; baseline -0.01 -11"><span class='ocrx_word' id='word_1_344' title='bbox 1958 2615 2263 2655; x_wconf 90' lang='lat' dir='ltr'>coronam.</span> <span class='ocrx_word' id='word_1_345' title='bbox 2303 2599 2511 2653; x_wconf 85' lang='lat' dir='ltr'>Amen.</span> <span class='ocrx_word' id='word_1_346' title='bbox 2537 2597 2852 2666; x_wconf 85' lang='lat' dir='ltr'>Quodipse</span> <span class='ocrx_word' id='word_1_347' title='bbox 2883 2597 3154 2665; x_wconf 68' lang='lat' dir='ltr'>praestare</span> <span class='ocrx_word' id='word_1_348' title='bbox 3203 2589 3496 2657; x_wconf 81' lang='lat' dir='ltr'>dignetur.</span> 
     </span>
    </p>
   </div>
   <div class='ocr_carea' id='block_1_36' title="bbox 2027 2681 3610 2766">
    <p class='ocr_par' dir='ltr' id='par_1_36' title="bbox 2027 2681 3610 2766">
     <span class='ocr_line' id='line_1_36' title="bbox 2027 2681 3610 2766; baseline -0.009 -15"><span class='ocrx_word' id='word_1_349' title='bbox 2027 2696 2122 2751; x_wconf 85' lang='lat' dir='ltr'>Ad</span> <span class='ocrx_word' id='word_1_350' title='bbox 2152 2696 2596 2766; x_wconf 81' lang='lat' dir='ltr'>Complendum.</span> <span class='ocrx_word' id='word_1_351' title='bbox 2622 2693 2946 2755; x_wconf 88' lang='lat' dir='ltr'>—Tuinos,</span> <span class='ocrx_word' id='word_1_352' title='bbox 2970 2689 3240 2754; x_wconf 91' lang='lat' dir='ltr'>Domine,</span> <span class='ocrx_word' id='word_1_353' title='bbox 3257 2681 3610 2741; x_wconf 88' lang='lat' dir='ltr'>sacramenti</span> 
     </span>
    </p>
   </div>
   <div class='ocr_carea' id='block_1_37' title="bbox 1954 2771 3609 2847">
    <p class='ocr_par' dir='ltr' id='par_1_37' title="bbox 1954 2771 3609 2847">
     <span class='ocr_line' id='line_1_37' title="bbox 1954 2771 3609 2847; baseline -0.008 -7"><span class='ocrx_word' id='word_1_354' title='bbox 1954 2784 2159 2840; x_wconf 90' lang='lat' dir='ltr'>libatio</span> <span class='ocrx_word' id='word_1_355' title='bbox 2189 2789 2397 2840; x_wconf 83' lang='lat' dir='ltr'>sancta</span> <span class='ocrx_word' id='word_1_356' title='bbox 2424 2786 2737 2847; x_wconf 89' lang='lat' dir='ltr'>restauret,</span> <span class='ocrx_word' id='word_1_357' title='bbox 2771 2785 2826 2837; x_wconf 93' lang='lat' dir='ltr'>et</span> <span class='ocrx_word' id='word_1_358' title='bbox 2856 2797 2891 2836; x_wconf 86' lang='lat' dir='ltr'>a</span> <span class='ocrx_word' id='word_1_359' title='bbox 2921 2780 3210 2834; x_wconf 89' lang='lat' dir='ltr'>vetustate</span> <span class='ocrx_word' id='word_1_360' title='bbox 3242 2771 3609 2846; x_wconf 75' lang='lat' dir='ltr'>purgatosin</span> 
     </span>
    </p>
   </div>
   <div class='ocr_carea' id='block_1_38' title="bbox 1958 2859 3604 2944">
    <p class='ocr_par' dir='ltr' id='par_1_38' title="bbox 1958 2859 3604 2944">
     <span class='ocr_line' id='line_1_38' title="bbox 1958 2859 3604 2944; baseline -0.01 -17"><span class='ocrx_word' id='word_1_361' title='bbox 1958 2873 2216 2944; x_wconf 81' lang='lat' dir='ltr'>mysterii</span> <span class='ocrx_word' id='word_1_362' title='bbox 2242 2871 2518 2927; x_wconf 90' lang='lat' dir='ltr'>salutaris</span> <span class='ocrx_word' id='word_1_363' title='bbox 2551 2859 2731 2926; x_wconf 83' lang='lat' dir='ltr'>faciat</span> <span class='ocrx_word' id='word_1_364' title='bbox 2755 2868 3010 2924; x_wconf 78' lang='lat' dir='ltr'>transire</span> <span class='ocrx_word' id='word_1_365' title='bbox 3059 2861 3447 2920; x_wconf 87' lang='lat' dir='ltr'>consortium.</span> <span class='ocrx_word' id='word_1_366' title='bbox 3482 2861 3604 2914; x_wconf 88' lang='lat' dir='ltr'>Per.</span> 
     </span>
    </p>
   </div>
   <div class='ocr_carea' id='block_1_39' title="bbox 216 2977 1850 3051">
    <p class='ocr_par' dir='ltr' id='par_1_39' title="bbox 216 2977 1850 3051">
     <span class='ocr_line' id='line_1_39' title="bbox 216 2977 1850 3051; baseline 0.002 -19"><span class='ocrx_word' id='word_1_367' title='bbox 216 2977 313 3032; x_wconf 89' lang='lat' dir='ltr'>bus</span> <span class='ocrx_word' id='word_1_368' title='bbox 333 2978 671 3035; x_wconf 86' lang='lat' dir='ltr'>illuminata</span> <span class='ocrx_word' id='word_1_369' title='bbox 691 2979 997 3044; x_wconf 88' lang='lat' dir='ltr'>clarescat,</span> <span class='ocrx_word' id='word_1_370' title='bbox 1014 2985 1242 3051; x_wconf 69' lang='lat' dir='ltr'>tumque</span> <span class='ocrx_word' id='word_1_371' title='bbox 1262 2996 1499 3051; x_wconf 90' lang='lat' dir='ltr'>semper</span> <span class='ocrx_word' id='word_1_372' title='bbox 1517 2978 1715 3034; x_wconf 90' lang='lat' dir='ltr'>dedita</span> <span class='ocrx_word' id='word_1_373' title='bbox 1734 2979 1850 3035; x_wconf 86' lang='lat' dir='ltr'>Ma-</span> 
     </span>
    </p>
   </div>
   <div class='ocr_carea' id='block_1_40' title="bbox 2023 2965 3606 3040">
    <p class='ocr_par' dir='ltr' id='par_1_40' title="bbox 2023 2965 3606 3040">
     <span class='ocr_line' id='line_1_40' title="bbox 2023 2965 3606 3040; baseline -0.011 -14"><span class='ocrx_word' id='word_1_374' title='bbox 2023 2970 2525 3040; x_wconf 81' lang='lat' dir='ltr'>Superpopulum.</span> <span class='ocrx_word' id='word_1_375' title='bbox 2550 2970 2692 3022; x_wconf 88' lang='lat' dir='ltr'>—ln</span> <span class='ocrx_word' id='word_1_376' title='bbox 2721 2965 3208 3035; x_wconf 90' lang='lat' dir='ltr'>populumtuum,</span> <span class='ocrx_word' id='word_1_377' title='bbox 3236 2972 3606 3032; x_wconf 69' lang='lat' dir='ltr'>quaesumus,</span> 
     </span>
    </p>
   </div>
   <div class='ocr_carea' id='block_1_41' title="bbox 213 3043 3611 3150">
    <p class='ocr_par' dir='ltr' id='par_1_41' title="bbox 213 3043 3611 3150">
     <span class='ocr_line' id='line_1_41' title="bbox 213 3043 3611 3150; baseline -0.006 -30"><span class='ocrx_word' id='word_1_378' title='bbox 213 3066 386 3135; x_wconf 87' lang='lat' dir='ltr'>jestati</span> <span class='ocrx_word' id='word_1_379' title='bbox 423 3067 723 3123; x_wconf 82' lang='lat' dir='ltr'>beneﬁcia</span> <span class='ocrx_word' id='word_1_380' title='bbox 747 3068 1082 3124; x_wconf 88' lang='lat' dir='ltr'>desiderata</span> <span class='ocrx_word' id='word_1_381' title='bbox 1108 3043 1408 3140; x_wconf 59' lang='lat' dir='ltr'>percipiat:</span> <span class='ocrx_word' id='word_1_382' title='bbox 1439 3067 1548 3132; x_wconf 88' lang='lat' dir='ltr'>Qui</span> <span class='ocrx_word' id='word_1_383' title='bbox 1579 3081 1848 3122; x_wconf 88' lang='lat' dir='ltr'>necessa-</span> <span class='ocrx_word' id='word_1_384' title='bbox 1882 3090 1926 3150; x_wconf 68' lang='grc' dir='ltr'>Ο</span> <span class='ocrx_word' id='word_1_385' title='bbox 1956 3057 2198 3150; x_wconf 55' lang='lat' dir='ltr'>Domine</span> <span class='ocrx_word' id='word_1_386' title='bbox 2221 3056 2556 3150; x_wconf 71' lang='lat' dir='ltr'>benedictio</span> <span class='ocrx_word' id='word_1_387' title='bbox 2597 3055 2848 3150; x_wconf 67' lang='lat' dir='ltr'>copiosa</span> <span class='ocrx_word' id='word_1_388' title='bbox 2869 3051 3200 3150; x_wconf 67' lang='lat' dir='ltr'>descendat.</span> <span class='ocrx_word' id='word_1_389' title='bbox 3245 3043 3611 3150; x_wconf 70' lang='lat' dir='ltr'>indulgentia</span> 
     </span>
    </p>
   </div>
   <div class='ocr_carea' id='block_1_42' title="bbox 216 3154 1845 3227">
    <p class='ocr_par' dir='ltr' id='par_1_42' title="bbox 216 3154 1845 3227">
     <span class='ocr_line' id='line_1_42' title="bbox 216 3154 1845 3227; baseline 0.001 -19"><span class='ocrx_word' id='word_1_390' title='bbox 216 3154 303 3210; x_wconf 87' lang='lat' dir='ltr'>riis</span> <span class='ocrx_word' id='word_1_391' title='bbox 317 3157 597 3227; x_wconf 85' lang='lat' dir='ltr'>prosequi</span> <span class='ocrx_word' id='word_1_392' title='bbox 615 3157 962 3211; x_wconf 86' lang='lat' dir='ltr'>muneribus</span> <span class='ocrx_word' id='word_1_393' title='bbox 984 3172 1103 3211; x_wconf 91' lang='lat' dir='ltr'>non</span> <span class='ocrx_word' id='word_1_394' title='bbox 1136 3155 1360 3211; x_wconf 89' lang='lat' dir='ltr'>omittis</span> <span class='ocrx_word' id='word_1_395' title='bbox 1379 3171 1524 3226; x_wconf 90' lang='lat' dir='ltr'>quos</span> <span class='ocrx_word' id='word_1_396' title='bbox 1546 3159 1644 3210; x_wconf 92' lang='lat' dir='ltr'>tuo</span> <span class='ocrx_word' id='word_1_397' title='bbox 1675 3155 1845 3209; x_wconf 86' lang='lat' dir='ltr'>cultui</span> 
     </span>
    </p>
   </div>
   <div class='ocr_carea' id='block_1_43' title="bbox 217 3242 1849 3312">
    <p class='ocr_par' dir='ltr' id='par_1_43' title="bbox 217 3242 1849 3312">
     <span class='ocr_line' id='line_1_43' title="bbox 217 3242 1849 3312; baseline 0 -16"><span class='ocrx_word' id='word_1_398' title='bbox 217 3243 528 3312; x_wconf 66' lang='lat' dir='ltr'>praestiteris</span> <span class='ocrx_word' id='word_1_399' title='bbox 555 3243 988 3300; x_wconf 88' lang='lat' dir='ltr'>convenienter</span> <span class='ocrx_word' id='word_1_400' title='bbox 1017 3242 1290 3299; x_wconf 89' lang='lat' dir='ltr'>intentos.</span> <span class='ocrx_word' id='word_1_401' title='bbox 1318 3243 1422 3298; x_wconf 88' lang='lat' dir='ltr'>Per</span> <span class='ocrx_word' id='word_1_402' title='bbox 1436 3242 1717 3299; x_wconf 88' lang='lat' dir='ltr'>Christum</span> <span class='ocrx_word' id='word_1_403' title='bbox 1740 3242 1849 3296; x_wconf 85' lang='lat' dir='ltr'>Do-</span> 
     </span>
    </p>
   </div>
   <div class='ocr_carea' id='block_1_44' title="bbox 217 3330 757 3388">
    <p class='ocr_par' dir='ltr' id='par_1_44' title="bbox 217 3330 757 3388">
     <span class='ocr_line' id='line_1_44' title="bbox 217 3330 757 3388; baseline 0 -2"><span class='ocrx_word' id='word_1_404' title='bbox 217 3330 423 3387; x_wconf 82' lang='lat' dir='ltr'>minam</span> <span class='ocrx_word' id='word_1_405' title='bbox 448 3336 757 3388; x_wconf 88' lang='lat' dir='ltr'>nostrum.</span> 
     </span>
    </p>
   </div>
   <div class='ocr_carea' id='block_1_45' title="bbox 276 3426 1850 3498">
    <p class='ocr_par' dir='ltr' id='par_1_45' title="bbox 276 3426 1850 3498">
     <span class='ocr_line' id='line_1_45' title="bbox 276 3426 1850 3498; baseline -0.001 -16"><span class='ocrx_word' id='word_1_406' title='bbox 276 3429 351 3482; x_wconf 79' lang='lat' dir='ltr'>Ad</span> <span class='ocrx_word' id='word_1_407' title='bbox 378 3427 819 3497; x_wconf 80' lang='lat' dir='ltr'>Complendum.</span> <span class='ocrx_word' id='word_1_408' title='bbox 861 3459 931 3469; x_wconf 95' lang='lat'><strong><em>—</em></strong></span> <span class='ocrx_word' id='word_1_409' title='bbox 977 3427 1190 3484; x_wconf 80' lang='lat' dir='ltr'>Tribus</span> <span class='ocrx_word' id='word_1_410' title='bbox 1254 3426 1422 3484; x_wconf 91' lang='lat' dir='ltr'>nobis</span> <span class='ocrx_word' id='word_1_411' title='bbox 1471 3427 1850 3498; x_wconf 87' lang='lat' dir='ltr'>omnipotens</span> 
     </span>
    </p>
   </div>
   <div class='ocr_carea' id='block_1_46' title="bbox 216 3515 1851 3587">
    <p class='ocr_par' dir='ltr' id='par_1_46' title="bbox 216 3515 1851 3587">
     <span class='ocr_line' id='line_1_46' title="bbox 216 3515 1851 3587; baseline 0 -17"><span class='ocrx_word' id='word_1_412' title='bbox 216 3515 369 3580; x_wconf 87' lang='lat' dir='ltr'>Deus,</span> <span class='ocrx_word' id='word_1_413' title='bbox 399 3521 458 3572; x_wconf 89' lang='lat' dir='ltr'>ut</span> <span class='ocrx_word' id='word_1_414' title='bbox 479 3516 652 3571; x_wconf 87' lang='lat' dir='ltr'>dona</span> <span class='ocrx_word' id='word_1_415' title='bbox 681 3515 958 3581; x_wconf 72' lang='lat' dir='ltr'>coelestia,</span> <span class='ocrx_word' id='word_1_416' title='bbox 991 3532 1126 3587; x_wconf 65' lang='lat' dir='ltr'>quae</span> <span class='ocrx_word' id='word_1_417' title='bbox 1167 3515 1366 3571; x_wconf 87' lang='lat' dir='ltr'>debito</span> <span class='ocrx_word' id='word_1_418' title='bbox 1405 3515 1851 3587; x_wconf 87' lang='lat' dir='ltr'>frequentamus</span> 
     </span>
    </p>
   </div>
   <div class='ocr_carea' id='block_1_47' title="bbox 215 3603 1848 3676">
    <p class='ocr_par' dir='ltr' id='par_1_47' title="bbox 215 3603 1848 3676">
     <span class='ocr_line' id='line_1_47' title="bbox 215 3603 1848 3676; baseline 0 -18"><span class='ocrx_word' id='word_1_419' title='bbox 215 3603 504 3676; x_wconf 88' lang='lat' dir='ltr'>obsequio,</span> <span class='ocrx_word' id='word_1_420' title='bbox 537 3604 830 3660; x_wconf 86' lang='lat' dir='ltr'>salutaria</span> <span class='ocrx_word' id='word_1_421' title='bbox 857 3604 1029 3660; x_wconf 81' lang='lat' dir='ltr'>nobis</span> <span class='ocrx_word' id='word_1_422' title='bbox 1052 3604 1270 3675; x_wconf 86' lang='lat' dir='ltr'>jugiter</span> <span class='ocrx_word' id='word_1_423' title='bbox 1321 3605 1666 3660; x_wconf 88' lang='lat' dir='ltr'>sentiamus.</span> <span class='ocrx_word' id='word_1_424' title='bbox 1723 3603 1848 3659; x_wconf 90' lang='lat' dir='ltr'>Per.</span> 
     </span>
    </p>
   </div>
   <div class='ocr_carea' id='block_1_48' title="bbox 273 3700 1849 3773">
    <p class='ocr_par' dir='ltr' id='par_1_48' title="bbox 273 3700 1849 3773">
     <span class='ocr_line' id='line_1_48' title="bbox 273 3700 1849 3773; baseline -0.002 -16"><span class='ocrx_word' id='word_1_425' title='bbox 273 3701 452 3770; x_wconf 84' lang='lat' dir='ltr'>Super</span> <span class='ocrx_word' id='word_1_426' title='bbox 473 3703 790 3773; x_wconf 79' lang='lat' dir='ltr'>populum.</span> <span class='ocrx_word' id='word_1_427' title='bbox 806 3731 875 3742; x_wconf 92' lang='lat'>—-</span> <span class='ocrx_word' id='word_1_428' title='bbox 893 3704 1090 3766; x_wconf 87' lang='lat' dir='ltr'>Tuere,</span> <span class='ocrx_word' id='word_1_429' title='bbox 1115 3701 1372 3767; x_wconf 90' lang='lat' dir='ltr'>Domine,</span> <span class='ocrx_word' id='word_1_430' title='bbox 1389 3700 1655 3772; x_wconf 88' lang='lat' dir='ltr'>populum</span> <span class='ocrx_word' id='word_1_431' title='bbox 1681 3705 1849 3766; x_wconf 90' lang='lat' dir='ltr'>tuum,</span> 
     </span>
    </p>
   </div>
   <div class='ocr_carea' id='block_1_49' title="bbox 215 3789 1854 3862">
    <p class='ocr_par' dir='ltr' id='par_1_49' title="bbox 215 3789 1854 3862">
     <span class='ocr_line' id='line_1_49' title="bbox 215 3789 1854 3862; baseline 0.001 -18"><span class='ocrx_word' id='word_1_432' title='bbox 215 3789 344 3845; x_wconf 85' lang='lat' dir='ltr'>etab</span> <span class='ocrx_word' id='word_1_433' title='bbox 395 3791 689 3846; x_wconf 88' lang='lat' dir='ltr'>omnibus</span> <span class='ocrx_word' id='word_1_434' title='bbox 745 3790 1004 3861; x_wconf 86' lang='lat' dir='ltr'>peccatis</span> <span class='ocrx_word' id='word_1_435' title='bbox 1046 3789 1364 3846; x_wconf 89' lang='lat' dir='ltr'>clementer</span> <span class='ocrx_word' id='word_1_436' title='bbox 1409 3789 1681 3854; x_wconf 90' lang='lat' dir='ltr'>emunda,</span> <span class='ocrx_word' id='word_1_437' title='bbox 1713 3789 1854 3862; x_wconf 88' lang='lat' dir='ltr'>quia</span> 
     </span>
    </p>
   </div>
   <div class='ocr_carea' id='block_1_50' title="bbox 215 3877 1854 3943">
    <p class='ocr_par' dir='ltr' id='par_1_50' title="bbox 215 3877 1854 3943">
     <span class='ocr_line' id='line_1_50' title="bbox 215 3877 1854 3943; baseline 0.001 -11"><span class='ocrx_word' id='word_1_438' title='bbox 215 3878 362 3933; x_wconf 90' lang='lat' dir='ltr'>nulla</span> <span class='ocrx_word' id='word_1_439' title='bbox 385 3877 436 3934; x_wconf 91' lang='lat' dir='ltr'>ei</span> <span class='ocrx_word' id='word_1_440' title='bbox 463 3878 708 3934; x_wconf 87' lang='lat' dir='ltr'>nocebit</span> <span class='ocrx_word' id='word_1_441' title='bbox 734 3877 1077 3943; x_wconf 86' lang='lat' dir='ltr'>adversitas,</span> <span class='ocrx_word' id='word_1_442' title='bbox 1113 3879 1163 3934; x_wconf 92' lang='lat' dir='ltr'>si</span> <span class='ocrx_word' id='word_1_443' title='bbox 1191 3877 1352 3934; x_wconf 88' lang='lat' dir='ltr'>nulla</span> <span class='ocrx_word' id='word_1_444' title='bbox 1387 3877 1724 3934; x_wconf 90' lang='lat' dir='ltr'>dominetur</span> <span class='ocrx_word' id='word_1_445' title='bbox 1747 3877 1854 3933; x_wconf 87' lang='lat' dir='ltr'>ini-</span> 
     </span>
    </p>
   </div>
   <div class='ocr_carea' id='block_1_51' title="bbox 214 3967 571 4038">
    <p class='ocr_par' dir='ltr' id='par_1_51' title="bbox 214 3967 571 4038">
     <span class='ocr_line' id='line_1_51' title="bbox 214 3967 571 4038; baseline 0.003 -17"><span class='ocrx_word' id='word_1_446' title='bbox 214 3968 410 4038; x_wconf 87' lang='lat' dir='ltr'>quitas.</span> <span class='ocrx_word' id='word_1_447' title='bbox 439 3967 571 4022; x_wconf 89' lang='lat' dir='ltr'>Per.</span> 
     </span>
    </p>
   </div>
   <div class='ocr_carea' id='block_1_52' title="bbox 734 4066 1318 4129">
    <p class='ocr_par' dir='ltr' id='par_1_52' title="bbox 734 4066 1318 4129">
     <span class='ocr_line' id='line_1_52' title="bbox 734 4066 1318 4129; baseline 0.003 -12"><span class='ocrx_word' id='word_1_448' title='bbox 734 4066 762 4105; x_wconf 71' lang='grc' dir='ltr'>ι</span> <span class='ocrx_word' id='word_1_449' title='bbox 789 4079 841 4118; x_wconf 82' lang='lat' dir='ltr'>m</span> <span class='ocrx_word' id='word_1_450' title='bbox 883 4080 1318 4129; x_wconf 57' lang='lat' dir='ltr'>ouanaaaasma.</span> 
     </span>
    </p>
   </div>
   <div class='ocr_carea' id='block_1_53' title="bbox 275 4163 1855 4235">
    <p class='ocr_par' dir='ltr' id='par_1_53' title="bbox 275 4163 1855 4235">
     <span class='ocr_line' id='line_1_53' title="bbox 275 4163 1855 4235; baseline 0.001 -17"><span class='ocrx_word' id='word_1_451' title='bbox 275 4164 359 4218; x_wconf 84' lang='lat' dir='ltr'>Ad</span> <span class='ocrx_word' id='word_1_452' title='bbox 377 4164 638 4220; x_wconf 75' lang='lat' dir='ltr'>Missam.</span> <span class='ocrx_word' id='word_1_453' title='bbox 669 4195 740 4204; x_wconf 92' lang='lat'>—</span> <span class='ocrx_word' id='word_1_454' title='bbox 768 4163 939 4228; x_wconf 90' lang='lat' dir='ltr'>Deus,</span> <span class='ocrx_word' id='word_1_455' title='bbox 973 4165 1066 4235; x_wconf 90' lang='lat' dir='ltr'>qui</span> <span class='ocrx_word' id='word_1_456' title='bbox 1096 4163 1420 4220; x_wconf 89' lang='lat' dir='ltr'>Ecclesiam</span> <span class='ocrx_word' id='word_1_457' title='bbox 1461 4167 1624 4220; x_wconf 90' lang='lat' dir='ltr'>tuam</span> <span class='ocrx_word' id='word_1_458' title='bbox 1657 4179 1855 4219; x_wconf 88' lang='lat' dir='ltr'>annua</span> 
     </span>
    </p>
   </div>
   <div class='ocr_carea' id='block_1_54' title="bbox 215 4251 1856 4324">
    <p class='ocr_par' dir='ltr' id='par_1_54' title="bbox 215 4251 1856 4324">
     <span class='ocr_line' id='line_1_54' title="bbox 215 4251 1856 4324; baseline 0 -18"><span class='ocrx_word' id='word_1_459' title='bbox 215 4251 706 4321; x_wconf 81' lang='lat' dir='ltr'>Quadragesimali</span> <span class='ocrx_word' id='word_1_460' title='bbox 722 4252 1138 4308; x_wconf 84' lang='lat' dir='ltr'>observatione</span> <span class='ocrx_word' id='word_1_461' title='bbox 1153 4252 1454 4324; x_wconf 82' lang='lat' dir='ltr'>puriﬁcas,</span> <span class='ocrx_word' id='word_1_462' title='bbox 1469 4256 1680 4324; x_wconf 74' lang='lat' dir='ltr'>praesta</span> <span class='ocrx_word' id='word_1_463' title='bbox 1698 4252 1856 4307; x_wconf 84' lang='lat' dir='ltr'>fami-</span> 
     </span>
    </p>
   </div>
   <div class='ocr_carea' id='block_1_55' title="bbox 213 4337 1852 4412">
    <p class='ocr_par' dir='ltr' id='par_1_55' title="bbox 213 4337 1852 4412">
     <span class='ocr_line' id='line_1_55' title="bbox 213 4337 1852 4412; baseline 0.002 -20"><span class='ocrx_word' id='word_1_464' title='bbox 213 4337 419 4394; x_wconf 63' lang='lat' dir='ltr'>lietum</span> <span class='ocrx_word' id='word_1_465' title='bbox 445 4344 761 4412; x_wconf 86' lang='lat' dir='ltr'>utquoda</span> <span class='ocrx_word' id='word_1_466' title='bbox 812 4346 867 4396; x_wconf 90' lang='lat' dir='ltr'>te</span> <span class='ocrx_word' id='word_1_467' title='bbox 922 4341 1180 4397; x_wconf 90' lang='lat' dir='ltr'>obtinere</span> <span class='ocrx_word' id='word_1_468' title='bbox 1221 4340 1578 4396; x_wconf 88' lang='lat' dir='ltr'>abstinendo</span> <span class='ocrx_word' id='word_1_469' title='bbox 1631 4339 1852 4406; x_wconf 92' lang='lat' dir='ltr'>nititur,</span> 
     </span>
    </p>
   </div>
   <div class='ocr_carea' id='block_1_56' title="bbox 1955 3135 3609 3212">
    <p class='ocr_par' dir='ltr' id='par_1_56' title="bbox 1955 3135 3609 3212">
     <span class='ocr_line' id='line_1_56' title="bbox 1955 3135 3609 3212; baseline -0.008 -12"><span class='ocrx_word' id='word_1_470' title='bbox 1955 3145 2172 3212; x_wconf 89' lang='lat' dir='ltr'>veniat,</span> <span class='ocrx_word' id='word_1_471' title='bbox 2203 3143 2847 3205; x_wconf 89' lang='lat' dir='ltr'>consolatiotribuatur,</span> <span class='ocrx_word' id='word_1_472' title='bbox 2865 3141 3010 3196; x_wconf 85' lang='lat' dir='ltr'>fides</span> <span class='ocrx_word' id='word_1_473' title='bbox 3035 3141 3242 3198; x_wconf 87' lang='lat' dir='ltr'>sancta</span> <span class='ocrx_word' id='word_1_474' title='bbox 3254 3135 3609 3198; x_wconf 79' lang='lat' dir='ltr'>succrescat.</span> 
     </span>
    </p>
   </div>
   <div class='ocr_carea' id='block_1_57' title="bbox 1955 3229 3148 3306">
    <p class='ocr_par' dir='ltr' id='par_1_57' title="bbox 1955 3229 3148 3306">
     <span class='ocr_line' id='line_1_57' title="bbox 1955 3229 3148 3306; baseline -0.008 -16"><span class='ocrx_word' id='word_1_475' title='bbox 1955 3233 2287 3306; x_wconf 89' lang='lat' dir='ltr'>redemptio</span> <span class='ocrx_word' id='word_1_476' title='bbox 2312 3233 2660 3306; x_wconf 90' lang='lat' dir='ltr'>sempiterna</span> <span class='ocrx_word' id='word_1_477' title='bbox 2704 3231 2994 3288; x_wconf 86' lang='lat' dir='ltr'>ﬁrmetur.</span> <span class='ocrx_word' id='word_1_478' title='bbox 3025 3229 3148 3282; x_wconf 87' lang='lat' dir='ltr'>Per.</span> 
     </span>
    </p>
   </div>
   <div class='ocr_carea' id='block_1_58' title="bbox 2028 3320 3610 3402">
    <p class='ocr_par' dir='ltr' id='par_1_58' title="bbox 2028 3320 3610 3402">
     <span class='ocr_line' id='line_1_58' title="bbox 2028 3320 3610 3402; baseline -0.009 -16"><span class='ocrx_word' id='word_1_479' title='bbox 2028 3331 2187 3387; x_wconf 85' lang='lat' dir='ltr'>Alia.</span> <span class='ocrx_word' id='word_1_480' title='bbox 2245 3362 2304 3372; x_wconf 94' lang='lat'>—</span> <span class='ocrx_word' id='word_1_481' title='bbox 2338 3334 2419 3386; x_wconf 89' lang='lat' dir='ltr'>Da</span> <span class='ocrx_word' id='word_1_482' title='bbox 2446 3322 3422 3402; x_wconf 72' lang='lat' dir='ltr'>nobis,quresumus,omnipotens</span> <span class='ocrx_word' id='word_1_483' title='bbox 3438 3320 3610 3402; x_wconf 85' lang='lat' dir='ltr'>Deus,</span> 
     </span>
    </p>
   </div>
   <div class='ocr_carea' id='block_1_59' title="bbox 1959 3401 3615 3486">
    <p class='ocr_par' dir='ltr' id='par_1_59' title="bbox 1959 3401 3615 3486">
     <span class='ocr_line' id='line_1_59' title="bbox 1959 3401 3615 3486; baseline -0.009 -16"><span class='ocrx_word' id='word_1_484' title='bbox 1959 3419 2192 3470; x_wconf 66' lang='lat' dir='ltr'>internae</span> <span class='ocrx_word' id='word_1_485' title='bbox 2217 3413 2630 3486; x_wconf 89' lang='lat' dir='ltr'>promissionis</span> <span class='ocrx_word' id='word_1_486' title='bbox 2643 3401 2864 3482; x_wconf 78' lang='lat' dir='ltr'>gaudia</span> <span class='ocrx_word' id='word_1_487' title='bbox 2877 3423 3164 3483; x_wconf 61' lang='lat' dir='ltr'>quaerere,</span> <span class='ocrx_word' id='word_1_488' title='bbox 3194 3403 3522 3478; x_wconf 83' lang='lat' dir='ltr'>etquaesita</span> <span class='ocrx_word' id='word_1_489' title='bbox 3539 3401 3615 3456; x_wconf 89' lang='lat' dir='ltr'>ci-</span> 
     </span>
    </p>
   </div>
   <div class='ocr_carea' id='block_1_60' title="bbox 1963 3497 2544 3554">
    <p class='ocr_par' dir='ltr' id='par_1_60' title="bbox 1963 3497 2544 3554">
     <span class='ocr_line' id='line_1_60' title="bbox 1963 3497 2544 3554; baseline -0.003 0"><span class='ocrx_word' id='word_1_490' title='bbox 1963 3497 2073 3554; x_wconf 87' lang='lat' dir='ltr'>tius</span> <span class='ocrx_word' id='word_1_491' title='bbox 2103 3497 2384 3554; x_wconf 88' lang='lat' dir='ltr'>invenire.</span> <span class='ocrx_word' id='word_1_492' title='bbox 2420 3498 2544 3552; x_wconf 86' lang='lat' dir='ltr'>Per.</span> 
     </span>
    </p>
   </div>
   <div class='ocr_carea' id='block_1_61' title="bbox 2030 3583 3614 3665">
    <p class='ocr_par' dir='ltr' id='par_1_61' title="bbox 2030 3583 3614 3665">
     <span class='ocr_line' id='line_1_61' title="bbox 2030 3583 3614 3665; baseline -0.008 -16"><span class='ocrx_word' id='word_1_493' title='bbox 2030 3594 2189 3650; x_wconf 86' lang='lat' dir='ltr'>Alia.</span> <span class='ocrx_word' id='word_1_494' title='bbox 2215 3624 2283 3634; x_wconf 94' lang='lat'><strong><em>—</em></strong></span> <span class='ocrx_word' id='word_1_495' title='bbox 2304 3595 2929 3665; x_wconf 68' lang='lat' dir='ltr'>Adesto,quaasumus,</span> <span class='ocrx_word' id='word_1_496' title='bbox 2954 3588 3218 3652; x_wconf 80' lang='lat' dir='ltr'>Domine,</span> <span class='ocrx_word' id='word_1_497' title='bbox 3236 3583 3614 3656; x_wconf 90' lang='lat' dir='ltr'>supplicatio—</span> 
     </span>
    </p>
   </div>
   <div class='ocr_carea' id='block_1_62' title="bbox 1961 3668 3611 3750">
    <p class='ocr_par' dir='ltr' id='par_1_62' title="bbox 1961 3668 3611 3750">
     <span class='ocr_line' id='line_1_62' title="bbox 1961 3668 3611 3750; baseline -0.01 -10"><span class='ocrx_word' id='word_1_498' title='bbox 1961 3684 2137 3740; x_wconf 92' lang='lat' dir='ltr'>nibus</span> <span class='ocrx_word' id='word_1_499' title='bbox 2163 3685 2397 3750; x_wconf 89' lang='lat' dir='ltr'>nostris,</span> <span class='ocrx_word' id='word_1_500' title='bbox 2421 3688 2475 3738; x_wconf 90' lang='lat' dir='ltr'>et</span> <span class='ocrx_word' id='word_1_501' title='bbox 2504 3684 2562 3737; x_wconf 91' lang='lat' dir='ltr'>in</span> <span class='ocrx_word' id='word_1_502' title='bbox 2597 3688 2697 3738; x_wconf 89' lang='lat' dir='ltr'>tua</span> <span class='ocrx_word' id='word_1_503' title='bbox 2725 3679 3131 3736; x_wconf 90' lang='lat' dir='ltr'>misericordia</span> <span class='ocrx_word' id='word_1_504' title='bbox 3151 3674 3518 3730; x_wconf 85' lang='lat' dir='ltr'>conﬁdentes</span> <span class='ocrx_word' id='word_1_505' title='bbox 3533 3668 3611 3724; x_wconf 92' lang='lat' dir='ltr'>ab</span> 
     </span>
    </p>
   </div>
   <div class='ocr_carea' id='block_1_63' title="bbox 1962 3762 3608 3829">
    <p class='ocr_par' dir='ltr' id='par_1_63' title="bbox 1962 3762 3608 3829">
     <span class='ocr_line' id='line_1_63' title="bbox 1962 3762 3608 3829; baseline -0.011 0"><span class='ocrx_word' id='word_1_506' title='bbox 1962 3772 2126 3829; x_wconf 89' lang='lat' dir='ltr'>omni</span> <span class='ocrx_word' id='word_1_507' title='bbox 2155 3788 2264 3828; x_wconf 91' lang='lat' dir='ltr'>nos</span> <span class='ocrx_word' id='word_1_508' title='bbox 2305 3771 2654 3827; x_wconf 88' lang='lat' dir='ltr'>adversitate</span> <span class='ocrx_word' id='word_1_509' title='bbox 2685 3768 2937 3826; x_wconf 90' lang='lat' dir='ltr'>custodi.</span> <span class='ocrx_word' id='word_1_510' title='bbox 2991 3768 3096 3822; x_wconf 87' lang='lat' dir='ltr'>Per</span> <span class='ocrx_word' id='word_1_511' title='bbox 3148 3762 3456 3818; x_wconf 89' lang='lat' dir='ltr'>Dominum</span> <span class='ocrx_word' id='word_1_512' title='bbox 3506 3772 3608 3812; x_wconf 78' lang='lat' dir='ltr'>no-</span> 
     </span>
    </p>
   </div>
   <div class='ocr_carea' id='block_1_64' title="bbox 1963 3867 2172 3918">
    <p class='ocr_par' dir='ltr' id='par_1_64' title="bbox 1963 3867 2172 3918">
     <span class='ocr_line' id='line_1_64' title="bbox 1963 3867 2172 3918; baseline 0 0"><span class='ocrx_word' id='word_1_513' title='bbox 1963 3867 2172 3918; x_wconf 89' lang='lat' dir='ltr'>strum.</span> 
     </span>
    </p>
   </div>
   <div class='ocr_carea' id='block_1_65' title="bbox 2032 3948 3611 4028">
    <p class='ocr_par' dir='ltr' id='par_1_65' title="bbox 2032 3948 3611 4028">
     <span class='ocr_line' id='line_1_65' title="bbox 2032 3948 3611 4028; baseline -0.012 -13"><span class='ocrx_word' id='word_1_514' title='bbox 2032 3959 2194 4016; x_wconf 80' lang='lat' dir='ltr'>Alia.</span> <span class='ocrx_word' id='word_1_515' title='bbox 2225 3991 2294 4000; x_wconf 94' lang='lat'><strong><em>—</em></strong></span> <span class='ocrx_word' id='word_1_516' title='bbox 2325 3957 2614 4022; x_wconf 90' lang='lat' dir='ltr'>Concede,</span> <span class='ocrx_word' id='word_1_517' title='bbox 2648 3970 3018 4028; x_wconf 60' lang='lat' dir='ltr'>quaesumus,</span> <span class='ocrx_word' id='word_1_518' title='bbox 3043 3951 3420 4021; x_wconf 89' lang='lat' dir='ltr'>omnipotens</span> <span class='ocrx_word' id='word_1_519' title='bbox 3439 3948 3611 4009; x_wconf 88' lang='lat' dir='ltr'>Deus,</span> 
     </span>
    </p>
   </div>
   <div class='ocr_carea' id='block_1_66' title="bbox 1965 4035 3614 4120">
    <p class='ocr_par' dir='ltr' id='par_1_66' title="bbox 1965 4035 3614 4120">
     <span class='ocr_line' id='line_1_66' title="bbox 1965 4035 3614 4120; baseline -0.01 -16"><span class='ocrx_word' id='word_1_520' title='bbox 1965 4053 2025 4103; x_wconf 90' lang='lat' dir='ltr'>ut</span> <span class='ocrx_word' id='word_1_521' title='bbox 2045 4064 2149 4120; x_wconf 89' lang='lat' dir='ltr'>per</span> <span class='ocrx_word' id='word_1_522' title='bbox 2178 4063 2381 4102; x_wconf 89' lang='lat' dir='ltr'>annua</span> <span class='ocrx_word' id='word_1_523' title='bbox 2395 4042 2942 4114; x_wconf 88' lang='lat' dir='ltr'>Quadragesimalis</span> <span class='ocrx_word' id='word_1_524' title='bbox 2975 4035 3614 4108; x_wconf 63' lang='lat' dir='ltr'>cxercitia(‘214)sacra-</span> 
     </span>
    </p>
   </div>
   <div class='ocr_carea' id='block_1_67' title="bbox 1967 4125 3615 4203">
    <p class='ocr_par' dir='ltr' id='par_1_67' title="bbox 1967 4125 3615 4203">
     <span class='ocr_line' id='line_1_67' title="bbox 1967 4125 3615 4203; baseline -0.011 -11"><span class='ocrx_word' id='word_1_525' title='bbox 1967 4137 2145 4192; x_wconf 91' lang='lat' dir='ltr'>menti</span> <span class='ocrx_word' id='word_1_526' title='bbox 2178 4140 2235 4192; x_wconf 93' lang='lat' dir='ltr'>et</span> <span class='ocrx_word' id='word_1_527' title='bbox 2254 4135 2332 4192; x_wconf 90' lang='lat' dir='ltr'>ad</span> <span class='ocrx_word' id='word_1_528' title='bbox 2359 4133 2799 4203; x_wconf 81' lang='lat' dir='ltr'>intelligendum</span> <span class='ocrx_word' id='word_1_529' title='bbox 2856 4130 3067 4188; x_wconf 89' lang='lat' dir='ltr'>Christi</span> <span class='ocrx_word' id='word_1_530' title='bbox 3127 4125 3496 4200; x_wconf 86' lang='lat' dir='ltr'>proﬁciamus</span> <span class='ocrx_word' id='word_1_531' title='bbox 3527 4136 3615 4175; x_wconf 89' lang='lat' dir='ltr'>ar-</span> 
     </span>
    </p>
   </div>
   <div class='ocr_carea' id='block_1_68' title="bbox 1965 4213 3616 4293">
    <p class='ocr_par' dir='ltr' id='par_1_68' title="bbox 1965 4213 3616 4293">
     <span class='ocr_line' id='line_1_68' title="bbox 1965 4213 3616 4293; baseline -0.01 -13"><span class='ocrx_word' id='word_1_532' title='bbox 1965 4240 2207 4291; x_wconf 88' lang='lat' dir='ltr'>canum,</span> <span class='ocrx_word' id='word_1_533' title='bbox 2241 4230 2296 4280; x_wconf 91' lang='lat' dir='ltr'>et</span> <span class='ocrx_word' id='word_1_534' title='bbox 2325 4223 2565 4279; x_wconf 77' lang='lat' dir='ltr'>effectus</span> <span class='ocrx_word' id='word_1_535' title='bbox 2596 4223 2720 4293; x_wconf 90' lang='lat' dir='ltr'>ejus</span> <span class='ocrx_word' id='word_1_536' title='bbox 2735 4221 2925 4289; x_wconf 87' lang='lat' dir='ltr'>digna</span> <span class='ocrx_word' id='word_1_537' title='bbox 2947 4215 3399 4275; x_wconf 88' lang='lat' dir='ltr'>conversatione</span> <span class='ocrx_word' id='word_1_538' title='bbox 3437 4213 3616 4266; x_wconf 89' lang='lat' dir='ltr'>secte-</span> 
     </span>
    </p>
   </div>
   <div class='ocr_carea' id='block_1_69' title="bbox 1967 4315 2263 4369">
    <p class='ocr_par' dir='ltr' id='par_1_69' title="bbox 1967 4315 2263 4369">
     <span class='ocr_line' id='line_1_69' title="bbox 1967 4315 2263 4369; baseline -0.003 -2"><span class='ocrx_word' id='word_1_539' title='bbox 1967 4329 2118 4369; x_wconf 90' lang='lat' dir='ltr'>mur.</span> <span class='ocrx_word' id='word_1_540' title='bbox 2139 4315 2263 4368; x_wconf 87' lang='lat' dir='ltr'>Per.</span> 
     </span>
    </p>
   </div>
   <div class='ocr_carea' id='block_1_70' title="bbox 214 4393 1851 4508">
    <p class='ocr_par' dir='ltr' id='par_1_70' title="bbox 214 4425 1850 4501">
     <span class='ocr_line' id='line_1_70' title="bbox 214 4425 1850 4501; baseline 0.001 -20"><span class='ocrx_word' id='word_1_541' title='bbox 214 4425 239 4467; x_wconf 72' lang='grc' dir='ltr'>ὶι</span> <span class='ocrx_word' id='word_1_542' title='bbox 281 4427 384 4481; x_wconf 84' lang='lat' dir='ltr'>hoc</span> <span class='ocrx_word' id='word_1_543' title='bbox 409 4428 594 4482; x_wconf 89' lang='lat' dir='ltr'>bonis</span> <span class='ocrx_word' id='word_1_544' title='bbox 622 4429 904 4500; x_wconf 87' lang='lat' dir='ltr'>operibus</span> <span class='ocrx_word' id='word_1_545' title='bbox 944 4433 1319 4501; x_wconf 87' lang='lat' dir='ltr'>exsequatur.</span> <span class='ocrx_word' id='word_1_546' title='bbox 1371 4430 1476 4484; x_wconf 91' lang='lat' dir='ltr'>Per</span> <span class='ocrx_word' id='word_1_547' title='bbox 1519 4429 1850 4482; x_wconf 88' lang='lat' dir='ltr'>Dominum.</span> 
     </span>
    </p>
   </div>
   <div class='ocr_carea' id='block_1_71' title="bbox 1978 4393 3616 4508">
    <p class='ocr_par' dir='ltr' id='par_1_71' title="bbox 2036 4393 3616 4508">
     <span class='ocr_line' id='line_1_71' title="bbox 2036 4393 3616 4508; baseline -0.009 -44"><span class='ocrx_word' id='word_1_548' title='bbox 2036 4411 2183 4481; x_wconf 78' lang='lat'>(215)</span> <span class='ocrx_word' id='word_1_549' title='bbox 2216 4411 2322 4466; x_wconf 85' lang='lat' dir='ltr'>Per</span> <span class='ocrx_word' id='word_1_550' title='bbox 2351 4415 2517 4464; x_wconf 79' lang='lat' dir='ltr'>totam</span> <span class='ocrx_word' id='word_1_551' title='bbox 2551 4397 3479 4508; x_wconf 24' lang='lat' dir='ltr'>Quadragesimamnquotlidiaziis</span> 
     </span>
    </p>
   </div>
   <div class='ocr_carea' id='block_1_72' title="bbox 274 4524 1854 4596">
    <p class='ocr_par' dir='ltr' id='par_1_72' title="bbox 274 4524 1854 4596">
     <span class='ocr_line' id='line_1_72' title="bbox 274 4524 1854 4596; baseline 0 -17"><span class='ocrx_word' id='word_1_552' title='bbox 274 4524 683 4591; x_wconf 84' lang='lat' dir='ltr'>Superoblata.</span> <span class='ocrx_word' id='word_1_553' title='bbox 703 4526 1142 4581; x_wconf 87' lang='lat' dir='ltr'>—Sacriﬁcium</span> <span class='ocrx_word' id='word_1_554' title='bbox 1157 4525 1692 4596; x_wconf 88' lang='lat' dir='ltr'>Quadragesimalis</span> <span class='ocrx_word' id='word_1_555' title='bbox 1710 4525 1854 4580; x_wconf 90' lang='lat' dir='ltr'>initii</span> 
     </span>
    </p>
   </div>
   <div class='ocr_carea' id='block_1_73' title="bbox 214 4612 1852 4685">
    <p class='ocr_par' dir='ltr' id='par_1_73' title="bbox 214 4612 1852 4685">
     <span class='ocr_line' id='line_1_73' title="bbox 214 4612 1852 4685; baseline 0.001 -19"><span class='ocrx_word' id='word_1_556' title='bbox 214 4612 539 4668; x_wconf 85' lang='lat' dir='ltr'>solemniter</span> <span class='ocrx_word' id='word_1_557' title='bbox 571 4613 983 4680; x_wconf 85' lang='lat' dir='ltr'>immolamus,</span> <span class='ocrx_word' id='word_1_558' title='bbox 1017 4620 1091 4676; x_wconf 89' lang='lat' dir='ltr'>te,</span> <span class='ocrx_word' id='word_1_559' title='bbox 1113 4615 1381 4677; x_wconf 89' lang='lat' dir='ltr'>Domine,</span> <span class='ocrx_word' id='word_1_560' title='bbox 1440 4615 1852 4685; x_wconf 84' lang='lat' dir='ltr'>deprecantes,</span> 
     </span>
    </p>
   </div>
   <div class='ocr_carea' id='block_1_74' title="bbox 218 4702 1857 4771">
    <p class='ocr_par' dir='ltr' id='par_1_74' title="bbox 218 4702 1857 4771">
     <span class='ocr_line' id='line_1_74' title="bbox 218 4702 1857 4771; baseline 0.001 -16"><span class='ocrx_word' id='word_1_561' title='bbox 218 4710 412 4755; x_wconf 89' lang='lat' dir='ltr'>utcum</span> <span class='ocrx_word' id='word_1_562' title='bbox 439 4702 759 4771; x_wconf 86' lang='lat' dir='ltr'>epularum</span> <span class='ocrx_word' id='word_1_563' title='bbox 791 4702 1148 4758; x_wconf 89' lang='lat' dir='ltr'>restrictione</span> <span class='ocrx_word' id='word_1_564' title='bbox 1199 4702 1530 4758; x_wconf 83' lang='lat' dir='ltr'>carnalium</span> <span class='ocrx_word' id='word_1_565' title='bbox 1582 4718 1618 4756; x_wconf 89' lang='lat' dir='ltr'>a</span> <span class='ocrx_word' id='word_1_566' title='bbox 1665 4703 1857 4757; x_wconf 84' lang='lat' dir='ltr'>noxiis</span> 
     </span>
    </p>
   </div>
   <div class='ocr_carea' id='block_1_75' title="bbox 217 4789 1856 4862">
    <p class='ocr_par' dir='ltr' id='par_1_75' title="bbox 217 4789 1856 4862">
     <span class='ocr_line' id='line_1_75' title="bbox 217 4789 1856 4862; baseline 0 -18"><span class='ocrx_word' id='word_1_567' title='bbox 217 4806 439 4862; x_wconf 89' lang='lat' dir='ltr'>quoque</span> <span class='ocrx_word' id='word_1_568' title='bbox 473 4789 886 4862; x_wconf 85' lang='lat' dir='ltr'>voluptatibus</span> <span class='ocrx_word' id='word_1_569' title='bbox 917 4797 1326 4862; x_wconf 89' lang='lat' dir='ltr'>temperemus.</span> <span class='ocrx_word' id='word_1_570' title='bbox 1351 4793 1456 4847; x_wconf 90' lang='lat' dir='ltr'>Per</span> <span class='ocrx_word' id='word_1_571' title='bbox 1511 4789 1856 4846; x_wconf 89' lang='lat' dir='ltr'>Dominum.</span> 
     </span>
    </p>
   </div>
   <div class='ocr_carea' id='block_1_76' title="bbox 280 4887 1852 4960">
    <p class='ocr_par' dir='ltr' id='par_1_76' title="bbox 280 4887 1852 4960">
     <span class='ocr_line' id='line_1_76' title="bbox 280 4887 1852 4960; baseline -0.001 -19"><span class='ocrx_word' id='word_1_572' title='bbox 280 4888 574 4960; x_wconf 66' lang='lat' dir='ltr'>Prae/alio.</span> <span class='ocrx_word' id='word_1_573' title='bbox 604 4919 672 4928; x_wconf 91' lang='lat'>——</span> <span class='ocrx_word' id='word_1_574' title='bbox 701 4889 843 4942; x_wconf 84' lang='lat' dir='ltr'>Vere</span> <span class='ocrx_word' id='word_1_575' title='bbox 867 4887 1117 4955; x_wconf 86' lang='lat' dir='ltr'>dignum</span> <span class='ocrx_word' id='word_1_576' title='bbox 1151 4892 1206 4942; x_wconf 92' lang='lat' dir='ltr'>et</span> <span class='ocrx_word' id='word_1_577' title='bbox 1231 4891 1456 4956; x_wconf 86' lang='lat' dir='ltr'>justum</span> <span class='ocrx_word' id='word_1_578' title='bbox 1487 4892 1595 4956; x_wconf 88' lang='lat' dir='ltr'>est,</span> <span class='ocrx_word' id='word_1_579' title='bbox 1618 4902 1852 4958; x_wconf 69' lang='lat' dir='ltr'>aequum</span> 
     </span>
    </p>
   </div>
   <div class='ocr_carea' id='block_1_77' title="bbox 221 4975 1854 5047">
    <p class='ocr_par' dir='ltr' id='par_1_77' title="bbox 221 4975 1854 5047">
     <span class='ocr_line' id='line_1_77' title="bbox 221 4975 1854 5047; baseline 0 -19"><span class='ocrx_word' id='word_1_580' title='bbox 221 4979 269 5029; x_wconf 88' lang='lat' dir='ltr'>et</span> <span class='ocrx_word' id='word_1_581' title='bbox 290 4978 561 5043; x_wconf 89' lang='lat' dir='ltr'>salutare,</span> <span class='ocrx_word' id='word_1_582' title='bbox 589 4993 703 5032; x_wconf 91' lang='lat' dir='ltr'>nos</span> <span class='ocrx_word' id='word_1_583' title='bbox 737 4975 838 5032; x_wconf 89' lang='lat' dir='ltr'>tibi</span> <span class='ocrx_word' id='word_1_584' title='bbox 872 4991 1104 5047; x_wconf 90' lang='lat' dir='ltr'>semper</span> <span class='ocrx_word' id='word_1_585' title='bbox 1117 4975 1393 5046; x_wconf 90' lang='lat' dir='ltr'>etubique</span> <span class='ocrx_word' id='word_1_586' title='bbox 1413 4975 1635 5044; x_wconf 77' lang='lat' dir='ltr'>gratias</span> <span class='ocrx_word' id='word_1_587' title='bbox 1657 4989 1854 5042; x_wconf 85' lang='lat' dir='ltr'>agere,</span> 
     </span>
    </p>
   </div>
   <div class='ocr_carea' id='block_1_78' title="bbox 227 5061 1858 5134">
    <p class='ocr_par' dir='ltr' id='par_1_78' title="bbox 227 5061 1858 5134">
     <span class='ocr_line' id='line_1_78' title="bbox 227 5061 1858 5134; baseline -0.001 -16"><span class='ocrx_word' id='word_1_588' title='bbox 227 5061 445 5120; x_wconf 90' lang='lat' dir='ltr'>Domine</span> <span class='ocrx_word' id='word_1_589' title='bbox 473 5070 702 5129; x_wconf 88' lang='lat' dir='ltr'>sancte,</span> <span class='ocrx_word' id='word_1_590' title='bbox 726 5064 898 5119; x_wconf 85' lang='lat' dir='ltr'>Pater</span> <span class='ocrx_word' id='word_1_591' title='bbox 927 5063 1298 5133; x_wconf 90' lang='lat' dir='ltr'>omnipotens</span> <span class='ocrx_word' id='word_1_592' title='bbox 1328 5066 1542 5118; x_wconf 70' lang='lat' dir='ltr'>aeterne</span> <span class='ocrx_word' id='word_1_593' title='bbox 1560 5064 1731 5130; x_wconf 78' lang='lat' dir='ltr'>Deus,</span> <span class='ocrx_word' id='word_1_594' title='bbox 1761 5078 1858 5134; x_wconf 89' lang='lat' dir='ltr'>per</span> 
     </span>
    </p>
   </div>
   <div class='ocr_carea' id='block_1_79' title="bbox 284 5185 1858 5258">
    <p class='ocr_par' dir='ltr' id='par_1_79' title="bbox 284 5185 1858 5258">
     <span class='ocr_line' id='line_1_79' title="bbox 284 5185 1858 5258; baseline -0.001 -16"><span class='ocrx_word' id='word_1_595' title='bbox 284 5199 307 5228; x_wconf 77' lang='grc'><strong><em>³</em></strong></span> <span class='ocrx_word' id='word_1_596' title='bbox 334 5190 440 5256; x_wconf 76' lang='lat' dir='ltr'>AL,</span> <span class='ocrx_word' id='word_1_597' title='bbox 493 5191 553 5243; x_wconf 81' lang='lat' dir='ltr'>in</span> <span class='ocrx_word' id='word_1_598' title='bbox 599 5188 1051 5258; x_wconf 77' lang='lat' dir='ltr'>Quadragesimo.</span> <span class='ocrx_word' id='word_1_599' title='bbox 1091 5185 1246 5258; x_wconf 82' lang='lat' dir='ltr'>Apud</span> <span class='ocrx_word' id='word_1_600' title='bbox 1275 5186 1475 5258; x_wconf 88' lang='lat' dir='ltr'>Pamel.</span> <span class='ocrx_word' id='word_1_601' title='bbox 1509 5186 1728 5242; x_wconf 84' lang='lat' dir='ltr'>additur</span> <span class='ocrx_word' id='word_1_602' title='bbox 1768 5185 1858 5240; x_wconf 80' lang='lat' dir='ltr'>Ad</span> 
     </span>
    </p>
   </div>
   <div class='ocr_carea' id='block_1_80' title="bbox 225 5257 1854 5315">
    <p class='ocr_par' dir='ltr' id='par_1_80' title="bbox 225 5257 1854 5315">
     <span class='ocr_line' id='line_1_80' title="bbox 225 5257 1854 5315; baseline 0.001 -6"><span class='ocrx_word' id='word_1_603' title='bbox 225 5266 441 5314; x_wconf 72' lang='lat' dir='ltr'>sanctam</span> <span class='ocrx_word' id='word_1_604' title='bbox 469 5261 732 5315; x_wconf 78' lang='lat' dir='ltr'>Joannem</span> <span class='ocrx_word' id='word_1_605' title='bbox 764 5262 823 5314; x_wconf 84' lang='lat' dir='ltr'>in</span> <span class='ocrx_word' id='word_1_606' title='bbox 841 5257 1151 5314; x_wconf 23' lang='lat' dir='ltr'>’Lalera-nis</span> <span class='ocrx_word' id='word_1_607' title='bbox 1176 5258 1232 5312; x_wconf 91' lang='lat' dir='ltr'>In</span> <span class='ocrx_word' id='word_1_608' title='bbox 1259 5257 1484 5313; x_wconf 86' lang='lat' dir='ltr'>Kalend.</span> <span class='ocrx_word' id='word_1_609' title='bbox 1541 5259 1699 5313; x_wconf 81' lang='lat' dir='ltr'>Rom.</span> <span class='ocrx_word' id='word_1_610' title='bbox 1739 5263 1854 5312; x_wconf 89' lang='lat' dir='ltr'>tan-</span> 
     </span>
    </p>
   </div>
   <div class='ocr_carea' id='block_1_81' title="bbox 229 5329 1854 5408">
    <p class='ocr_par' dir='ltr' id='par_1_81' title="bbox 229 5329 1854 5408">
     <span class='ocr_line' id='line_1_81' title="bbox 229 5329 1854 5408; baseline 0.001 -28"><span class='ocrx_word' id='word_1_611' title='bbox 229 5332 355 5408; x_wconf 63' lang='lat' dir='ltr'>tum:</span> <span class='ocrx_word' id='word_1_612' title='bbox 407 5332 483 5385; x_wconf 83' lang='lat' dir='ltr'>Ad</span> <span class='ocrx_word' id='word_1_613' title='bbox 537 5332 825 5408; x_wconf 64' lang='lat' dir='ltr'>laterariis,</span> <span class='ocrx_word' id='word_1_614' title='bbox 882 5329 1165 5408; x_wconf 82' lang='lat' dir='ltr'>assign_ato</span> <span class='ocrx_word' id='word_1_615' title='bbox 1234 5329 1730 5408; x_wconf 53' lang='lat' dir='ltr'>Evang.HDuctzts</span> <span class='ocrx_word' id='word_1_616' title='bbox 1775 5334 1854 5408; x_wconf 76' lang='lat' dir='ltr'>est</span> 
     </span>
    </p>
   </div>
   <div class='ocr_carea' id='block_1_82' title="bbox 229 5397 1851 5471">
    <p class='ocr_par' dir='ltr' id='par_1_82' title="bbox 229 5397 1851 5471">
     <span class='ocr_line' id='line_1_82' title="bbox 229 5397 1851 5471; baseline 0.001 -21"><span class='ocrx_word' id='word_1_617' title='bbox 229 5397 382 5458; x_wconf 69' lang='lat' dir='ltr'>Iesus,</span> <span class='ocrx_word' id='word_1_618' title='bbox 409 5410 514 5456; x_wconf 90' lang='lat' dir='ltr'>etc.</span> <span class='ocrx_word' id='word_1_619' title='bbox 550 5403 707 5456; x_wconf 86' lang='lat' dir='ltr'>Hom.</span> <span class='ocrx_word' id='word_1_620' title='bbox 741 5404 808 5455; x_wconf 86' lang='lat'>16</span> <span class='ocrx_word' id='word_1_621' title='bbox 841 5397 1021 5455; x_wconf 77' lang='lat' dir='ltr'>sancti</span> <span class='ocrx_word' id='word_1_622' title='bbox 1047 5399 1291 5468; x_wconf 76' lang='lat' dir='ltr'>Gregorii</span> <span class='ocrx_word' id='word_1_623' title='bbox 1342 5397 1404 5452; x_wconf 87' lang='lat' dir='ltr'>iu</span> <span class='ocrx_word' id='word_1_624' title='bbox 1457 5399 1663 5468; x_wconf 77' lang='lat' dir='ltr'>Evang.</span> <span class='ocrx_word' id='word_1_625' title='bbox 1721 5399 1851 5471; x_wconf 81' lang='lat' dir='ltr'>legi-</span> 
     </span>
    </p>
   </div>
   <div class='ocr_carea' id='block_1_83' title="bbox 231 5471 1852 5540">
    <p class='ocr_par' dir='ltr' id='par_1_83' title="bbox 231 5471 1852 5540">
     <span class='ocr_line' id='line_1_83' title="bbox 231 5471 1852 5540; baseline 0.004 -20"><span class='ocrx_word' id='word_1_626' title='bbox 231 5473 304 5522; x_wconf 88' lang='lat' dir='ltr'>tur</span> <span class='ocrx_word' id='word_1_627' title='bbox 329 5473 512 5527; x_wconf 82' lang='lat' dir='ltr'>habita</span> <span class='ocrx_word' id='word_1_628' title='bbox 535 5489 591 5528; x_wconf 70' lang='lat' dir='ltr'>in</span> <span class='ocrx_word' id='word_1_629' title='bbox 617 5473 847 5528; x_wconf 80' lang='lat' dir='ltr'>basilica</span> <span class='ocrx_word' id='word_1_630' title='bbox 876 5471 1054 5526; x_wconf 68' lang='grc' dir='ltr'>δανισῑί</span> <span class='ocrx_word' id='word_1_631' title='bbox 1081 5471 1302 5526; x_wconf 75' lang='lat' dir='ltr'>Joannis</span> <span class='ocrx_word' id='word_1_632' title='bbox 1322 5484 1443 5540; x_wconf 67' lang='lat' dir='ltr'>qua:</span> <span class='ocrx_word' id='word_1_633' title='bbox 1473 5471 1688 5525; x_wconf 82' lang='lat' dir='ltr'>dicitur</span> <span class='ocrx_word' id='word_1_634' title='bbox 1719 5471 1852 5526; x_wconf 82' lang='lat' dir='ltr'>Con-</span> 
     </span>
    </p>
   </div>
   <div class='ocr_carea' id='block_1_84' title="bbox 229 5540 1515 5609">
    <p class='ocr_par' dir='ltr' id='par_1_84' title="bbox 229 5540 1515 5609">
     <span class='ocr_line' id='line_1_84' title="bbox 229 5540 1515 5609; baseline 0.002 -16"><span class='ocrx_word' id='word_1_635' title='bbox 229 5545 568 5607; x_wconf 63' lang='lat' dir='ltr'>stantiniana,</span> <span class='ocrx_word' id='word_1_636' title='bbox 600 5544 897 5600; x_wconf 81' lang='lat' dir='ltr'>Dominica</span> <span class='ocrx_word' id='word_1_637' title='bbox 927 5559 942 5596; x_wconf 88' lang='grc' dir='ltr'><strong>ι</strong></span> <span class='ocrx_word' id='word_1_638' title='bbox 973 5544 1034 5596; x_wconf 78' lang='lat' dir='ltr'>in</span> <span class='ocrx_word' id='word_1_639' title='bbox 1063 5540 1515 5609; x_wconf 77' lang='lat' dir='ltr'>Quadragesima.</span> 
     </span>
    </p>
   </div>
   <div class='ocr_carea' id='block_1_85' title="bbox 293 5609 1849 5688">
    <p class='ocr_par' dir='ltr' id='par_1_85' title="bbox 293 5609 1849 5688">
     <span class='ocr_line' id='line_1_85' title="bbox 293 5609 1849 5688; baseline -0.002 -20"><span class='ocrx_word' id='word_1_640' title='bbox 293 5611 416 5669; x_wconf 65' lang='lat' dir='ltr'>blta</span> <span class='ocrx_word' id='word_1_641' title='bbox 469 5615 600 5672; x_wconf 85' lang='lat' dir='ltr'>Cod.</span> <span class='ocrx_word' id='word_1_642' title='bbox 654 5615 800 5688; x_wconf 80' lang='lat' dir='ltr'>Reg.</span> <span class='ocrx_word' id='word_1_643' title='bbox 851 5613 1039 5684; x_wconf 85' lang='lat' dir='ltr'>Succ.,</span> <span class='ocrx_word' id='word_1_644' title='bbox 1070 5610 1540 5668; x_wconf 83' lang='lat' dir='ltr'>consentientibus</span> <span class='ocrx_word' id='word_1_645' title='bbox 1588 5609 1710 5667; x_wconf 87' lang='lat' dir='ltr'>aliis</span> <span class='ocrx_word' id='word_1_646' title='bbox 1732 5615 1849 5666; x_wconf 90' lang='lat' dir='ltr'>tum</span> 
     </span>
    </p>
   </div>
   <div class='ocr_carea' id='block_1_86' title="bbox 1965 4487 3611 4567">
    <p class='ocr_par' dir='ltr' id='par_1_86' title="bbox 1965 4487 3611 4567">
     <span class='ocr_line' id='line_1_86' title="bbox 1965 4487 3611 4567; baseline -0.01 -13"><span class='ocrx_word' id='word_1_647' title='bbox 1965 4499 2082 4564; x_wconf 85' lang='lat' dir='ltr'>bus,</span> <span class='ocrx_word' id='word_1_648' title='bbox 2107 4500 2277 4567; x_wconf 76' lang='lat' dir='ltr'>ﬁnita</span> <span class='ocrx_word' id='word_1_649' title='bbox 2308 4499 2489 4561; x_wconf 81' lang='lat' dir='ltr'>Missa,</span> <span class='ocrx_word' id='word_1_650' title='bbox 2534 4499 2840 4565; x_wconf 80' lang='lat' dir='ltr'>episcopus</span> <span class='ocrx_word' id='word_1_651' title='bbox 2888 4501 2938 4550; x_wconf 86' lang='lat' dir='ltr'>et</span> <span class='ocrx_word' id='word_1_652' title='bbox 2965 4492 3160 4550; x_wconf 82' lang='lat' dir='ltr'>clerici</span> <span class='ocrx_word' id='word_1_653' title='bbox 3215 4487 3532 4548; x_wconf 80' lang='lat' dir='ltr'>discedunt,</span> <span class='ocrx_word' id='word_1_654' title='bbox 3559 4489 3611 4539; x_wconf 83' lang='lat' dir='ltr'>et</span> 
     </span>
    </p>
   </div>
   <div class='ocr_carea' id='block_1_87' title="bbox 1963 4575 3608 4649">
    <p class='ocr_par' dir='ltr' id='par_1_87' title="bbox 1963 4575 3608 4649">
     <span class='ocr_line' id='line_1_87' title="bbox 1963 4575 3608 4649; baseline -0.01 -8"><span class='ocrx_word' id='word_1_655' title='bbox 1963 4588 2443 4643; x_wconf 70' lang='lat' dir='ltr'>exuuntursacris</span> <span class='ocrx_word' id='word_1_656' title='bbox 2458 4586 2720 4649; x_wconf 80' lang='lat' dir='ltr'>vestibus,</span> <span class='ocrx_word' id='word_1_657' title='bbox 2739 4590 2790 4640; x_wconf 86' lang='lat' dir='ltr'>et</span> <span class='ocrx_word' id='word_1_658' title='bbox 2805 4590 2939 4637; x_wconf 87' lang='lat' dir='ltr'>tunc</span> <span class='ocrx_word' id='word_1_659' title='bbox 2961 4577 3286 4637; x_wconf 77' lang='lat' dir='ltr'>redeuntad</span> <span class='ocrx_word' id='word_1_660' title='bbox 3321 4575 3608 4640; x_wconf 77' lang='lat' dir='ltr'>Vesperos.</span> 
     </span>
    </p>
   </div>
   <div class='ocr_carea' id='block_1_88' title="bbox 1965 4662 3610 4741">
    <p class='ocr_par' dir='ltr' id='par_1_88' title="bbox 1965 4662 3610 4741">
     <span class='ocr_line' id='line_1_88' title="bbox 1965 4662 3610 4741; baseline -0.009 -11"><span class='ocrx_word' id='word_1_661' title='bbox 1965 4677 2026 4730; x_wconf 83' lang='lat' dir='ltr'>Et</span> <span class='ocrx_word' id='word_1_662' title='bbox 2051 4675 2246 4730; x_wconf 77' lang='lat' dir='ltr'>nullus</span> <span class='ocrx_word' id='word_1_663' title='bbox 2267 4675 2504 4730; x_wconf 78' lang='lat' dir='ltr'>clericus</span> <span class='ocrx_word' id='word_1_664' title='bbox 2528 4674 2588 4728; x_wconf 86' lang='lat' dir='ltr'>in</span> <span class='ocrx_word' id='word_1_665' title='bbox 2613 4674 2837 4729; x_wconf 80' lang='lat' dir='ltr'>ecclesia</span> <span class='ocrx_word' id='word_1_666' title='bbox 2869 4669 3018 4741; x_wconf 81' lang='lat'>(216)</span> <span class='ocrx_word' id='word_1_667' title='bbox 3044 4674 3161 4724; x_wconf 81' lang='lat' dir='ltr'>stat</span> <span class='ocrx_word' id='word_1_668' title='bbox 3189 4668 3380 4736; x_wconf 81' lang='lat' dir='ltr'>operto</span> <span class='ocrx_word' id='word_1_669' title='bbox 3403 4662 3610 4732; x_wconf 82' lang='lat' dir='ltr'>capite,</span> 
     </span>
    </p>
   </div>
   <div class='ocr_carea' id='block_1_89' title="bbox 1963 4761 3184 4830">
    <p class='ocr_par' dir='ltr' id='par_1_89' title="bbox 1963 4761 3184 4830">
     <span class='ocr_line' id='line_1_89' title="bbox 1963 4761 3184 4830; baseline -0.007 -12"><span class='ocrx_word' id='word_1_670' title='bbox 1963 4764 2080 4818; x_wconf 83' lang='lat' dir='ltr'>nisi</span> <span class='ocrx_word' id='word_1_671' title='bbox 2110 4763 2319 4820; x_wconf 83' lang='lat' dir='ltr'>habeat</span> <span class='ocrx_word' id='word_1_672' title='bbox 2340 4762 2757 4830; x_wconf 83' lang='lat' dir='ltr'>inﬁrmitatem,</span> <span class='ocrx_word' id='word_1_673' title='bbox 2775 4761 2900 4816; x_wconf 88' lang='lat' dir='ltr'>ullo</span> <span class='ocrx_word' id='word_1_674' title='bbox 2918 4765 3184 4825; x_wconf 85' lang='lat' dir='ltr'>tempore.</span> 
     </span>
    </p>
   </div>
   <div class='ocr_carea' id='block_1_90' title="bbox 2319 4864 3260 4922">
    <p class='ocr_par' dir='ltr' id='par_1_90' title="bbox 2319 4864 3260 4922">
     <span class='ocr_line' id='line_1_90' title="bbox 2319 4864 3260 4922; baseline -0.009 -7"><span class='ocrx_word' id='word_1_675' title='bbox 2319 4877 2477 4915; x_wconf 73' lang='lat' dir='ltr'>FERIA</span> <span class='ocrx_word' id='word_1_676' title='bbox 2494 4876 2530 4914; x_wconf 82' lang='lat' dir='ltr'>Il</span> <span class='ocrx_word' id='word_1_677' title='bbox 2550 4875 2707 4914; x_wconf 75' lang='lat' dir='ltr'>INTRA</span> <span class='ocrx_word' id='word_1_678' title='bbox 2723 4864 3216 4922; x_wconf 64' lang='lat' dir='ltr'>QUADRAGESIMAM&quot;</span> <span class='ocrx_word' id='word_1_679' title='bbox 3247 4893 3260 4907; x_wconf 88' lang='lat'>.</span> 
     </span>
    </p>
   </div>
   <div class='ocr_carea' id='block_1_91' title="bbox 2039 4944 3619 5023">
    <p class='ocr_par' dir='ltr' id='par_1_91' title="bbox 2039 4944 3619 5023">
     <span class='ocr_line' id='line_1_91' title="bbox 2039 4944 3619 5023; baseline -0.009 -10"><span class='ocrx_word' id='word_1_680' title='bbox 2039 4959 2340 5023; x_wconf 85' lang='lat' dir='ltr'>Converte,</span> <span class='ocrx_word' id='word_1_681' title='bbox 2373 4972 2502 5012; x_wconf 90' lang='lat' dir='ltr'>nos.</span> <span class='ocrx_word' id='word_1_682' title='bbox 2537 4958 2692 5010; x_wconf 90' lang='lat' dir='ltr'>Deus</span> <span class='ocrx_word' id='word_1_683' title='bbox 2720 4954 2987 5010; x_wconf 89' lang='lat' dir='ltr'>salutaris</span> <span class='ocrx_word' id='word_1_684' title='bbox 3021 4957 3240 5015; x_wconf 89' lang='lat' dir='ltr'>noster,</span> <span class='ocrx_word' id='word_1_685' title='bbox 3269 4952 3346 5013; x_wconf 90' lang='lat' dir='ltr'>et,</span> <span class='ocrx_word' id='word_1_686' title='bbox 3378 4944 3619 5002; x_wconf 91' lang='lat' dir='ltr'>utnobis</span> 
     </span>
    </p>
   </div>
   <div class='ocr_carea' id='block_1_92' title="bbox 1960 5037 3617 5116">
    <p class='ocr_par' dir='ltr' id='par_1_92' title="bbox 1960 5037 3617 5116">
     <span class='ocr_line' id='line_1_92' title="bbox 1960 5037 3617 5116; baseline -0.01 -14"><span class='ocrx_word' id='word_1_687' title='bbox 1960 5044 2252 5116; x_wconf 85' lang='lat' dir='ltr'>jejunium</span> <span class='ocrx_word' id='word_1_688' title='bbox 2283 5043 2812 5112; x_wconf 78' lang='lat' dir='ltr'>Quadragesimale</span> <span class='ocrx_word' id='word_1_689' title='bbox 2825 5041 3108 5114; x_wconf 83' lang='lat' dir='ltr'>proﬁciat.</span> <span class='ocrx_word' id='word_1_690' title='bbox 3141 5043 3367 5094; x_wconf 90' lang='lat' dir='ltr'>mentes</span> <span class='ocrx_word' id='word_1_691' title='bbox 3379 5037 3617 5092; x_wconf 88' lang='lat' dir='ltr'>nostras</span> 
     </span>
    </p>
   </div>
   <div class='ocr_carea' id='block_1_93' title="bbox 1969 5129 3231 5204">
    <p class='ocr_par' dir='ltr' id='par_1_93' title="bbox 1969 5129 3231 5204">
     <span class='ocr_line' id='line_1_93' title="bbox 1969 5129 3231 5204; baseline -0.006 -15"><span class='ocrx_word' id='word_1_692' title='bbox 1969 5134 2084 5204; x_wconf 84' lang='lat'>39</span> <span class='ocrx_word' id='word_1_693' title='bbox 2115 5133 2438 5188; x_wconf 67' lang='lat' dir='ltr'>coelestibus</span> <span class='ocrx_word' id='word_1_694' title='bbox 2464 5134 2686 5188; x_wconf 90' lang='lat' dir='ltr'>instrue</span> <span class='ocrx_word' id='word_1_695' title='bbox 2718 5129 3068 5202; x_wconf 90' lang='lat' dir='ltr'>disciplinis.</span> <span class='ocrx_word' id='word_1_696' title='bbox 3101 5130 3231 5182; x_wconf 91' lang='lat' dir='ltr'>Per.</span> 
     </span>
    </p>
   </div>
   <div class='ocr_carea' id='block_1_94' title="bbox 1969 5247 3614 5328">
    <p class='ocr_par' dir='ltr' id='par_1_94' title="bbox 1969 5247 3614 5328">
     <span class='ocr_line' id='line_1_94' title="bbox 1969 5247 3614 5328; baseline -0.006 -18"><span class='ocrx_word' id='word_1_697' title='bbox 1969 5255 2160 5320; x_wconf 87' lang='lat' dir='ltr'>Editis,</span> <span class='ocrx_word' id='word_1_698' title='bbox 2192 5259 2306 5309; x_wconf 88' lang='lat' dir='ltr'>tum</span> <span class='ocrx_word' id='word_1_699' title='bbox 2338 5257 2493 5328; x_wconf 78' lang='lat' dir='ltr'>Mss.,</span> <span class='ocrx_word' id='word_1_700' title='bbox 2523 5255 2998 5328; x_wconf 75' lang='lat' dir='ltr'>excepto‘Pamel.,</span> <span class='ocrx_word' id='word_1_701' title='bbox 3031 5251 3139 5328; x_wconf 63' lang='lat' dir='ltr'>&#39;_&#39;ubi</span> <span class='ocrx_word' id='word_1_702' title='bbox 3172 5249 3476 5328; x_wconf 52' lang='lat' dir='ltr'>habeshoc</span> <span class='ocrx_word' id='word_1_703' title='bbox 3522 5247 3614 5328; x_wconf 72' lang='lat' dir='ltr'>ba-</span> 
     </span>
    </p>
   </div>
   <div class='ocr_carea' id='block_1_95' title="bbox 1967 5321 3608 5396">
    <p class='ocr_par' dir='ltr' id='par_1_95' title="bbox 1967 5321 3608 5396">
     <span class='ocr_line' id='line_1_95' title="bbox 1967 5321 3608 5396; baseline -0.005 -16"><span class='ocrx_word' id='word_1_704' title='bbox 1967 5329 2056 5382; x_wconf 84' lang='lat' dir='ltr'>nis</span> <span class='ocrx_word' id='word_1_705' title='bbox 2081 5328 2354 5383; x_wconf 81' lang='lat' dir='ltr'>moribus.</span> <span class='ocrx_word' id='word_1_706' title='bbox 2389 5327 2640 5382; x_wconf 79' lang='lat' dir='ltr'>HicCod.</span> <span class='ocrx_word' id='word_1_707' title='bbox 2662 5321 2806 5396; x_wconf 40' lang='lat' dir='ltr'>&quot;Reg.</span> <span class='ocrx_word' id='word_1_708' title='bbox 2829 5327 2997 5381; x_wconf 88' lang='lat' dir='ltr'>Suec.</span> <span class='ocrx_word' id='word_1_709' title='bbox 3038 5324 3088 5377; x_wconf 91' lang='lat' dir='ltr'>in</span> <span class='ocrx_word' id='word_1_710' title='bbox 3119 5321 3304 5376; x_wconf 89' lang='lat' dir='ltr'>multis</span> <span class='ocrx_word' id='word_1_711' title='bbox 3334 5321 3608 5387; x_wconf 88' lang='lat' dir='ltr'>discrepat</span> 
     </span>
    </p>
   </div>
   <div class='ocr_carea' id='block_1_96' title="bbox 1970 5398 3616 5532">
    <p class='ocr_par' dir='ltr' id='par_1_96' title="bbox 1970 5398 3616 5532">
     <span class='ocr_line' id='line_1_96' title="bbox 1970 5398 3616 5532; baseline -0.004 -12"><span class='ocrx_word' id='word_1_712' title='bbox 1970 5415 2002 5452; x_wconf 68' lang='lat' dir='ltr'>a</span> <span class='ocrx_word' id='word_1_713' title='bbox 2031 5398 2336 5532; x_wconf 41' lang='lat' dir='ltr'>Etllgnaeiiiel”</span> <span class='ocrx_word' id='word_1_714' title='bbox 2368 5469 2741 5523; x_wconf 86' lang='lat' dir='ltr'>consentiente</span> <span class='ocrx_word' id='word_1_715' title='bbox 2774 5466 3006 5520; x_wconf 87' lang='lat' dir='ltr'>Kalend.</span> <span class='ocrx_word' id='word_1_716' title='bbox 3039 5465 3221 5518; x_wconf 81' lang='lat' dir='ltr'>Rom..</span> <span class='ocrx_word' id='word_1_717' title='bbox 3275 5458 3425 5515; x_wconf 89' lang='lat' dir='ltr'>addit</span> <span class='ocrx_word' id='word_1_718' title='bbox 3452 5475 3468 5512; x_wconf 91' lang='lat'><strong>:</strong></span> 
     </span>
    </p>
   </div>
   <div class='ocr_carea' id='block_1_97' title="bbox 1969 5527 3613 5598">
    <p class='ocr_par' dir='ltr' id='par_1_97' title="bbox 1969 5527 3613 5598">
     <span class='ocr_line' id='line_1_97' title="bbox 1969 5527 3613 5598; baseline -0.009 0"><span class='ocrx_word' id='word_1_719' title='bbox 1969 5545 2221 5598; x_wconf 80' lang='lat' dir='ltr'>sanctum</span> <span class='ocrx_word' id='word_1_720' title='bbox 2243 5527 2462 5596; x_wconf 77' lang='lat' dir='ltr'>Petrum</span> <span class='ocrx_word' id='word_1_721' title='bbox 2492 5539 2564 5595; x_wconf 82' lang='lat' dir='ltr'>ad</span> <span class='ocrx_word' id='word_1_722' title='bbox 2583 5539 2822 5597; x_wconf 84' lang='lat' dir='ltr'>vincula.</span> <span class='ocrx_word' id='word_1_723' title='bbox 2855 5542 2910 5593; x_wconf 91' lang='lat' dir='ltr'>ln</span> <span class='ocrx_word' id='word_1_724' title='bbox 2939 5532 3267 5591; x_wconf 88' lang='lat' dir='ltr'>Kalendario</span> <span class='ocrx_word' id='word_1_725' title='bbox 3316 5545 3421 5584; x_wconf 89' lang='lat' dir='ltr'>non</span> <span class='ocrx_word' id='word_1_726' title='bbox 3467 5527 3613 5583; x_wconf 87' lang='lat' dir='ltr'>aliud</span> 
     </span>
    </p>
   </div>
   <div class='ocr_carea' id='block_1_98' title="bbox 1933 5605 3314 5685">
    <p class='ocr_par' dir='ltr' id='par_1_98' title="bbox 1933 5605 3314 5685">
     <span class='ocr_line' id='line_1_98' title="bbox 1933 5605 3314 5685; baseline -0.007 -17"><span class='ocrx_word' id='word_1_727' title='bbox 1933 5653 1936 5658; x_wconf 91' lang='grc'><strong><em>-</em></strong></span> <span class='ocrx_word' id='word_1_728' title='bbox 1972 5611 2291 5684; x_wconf 79' lang='lat' dir='ltr'>assignatur</span> <span class='ocrx_word' id='word_1_729' title='bbox 2316 5612 2528 5684; x_wconf 82' lang='lat' dir='ltr'>Evang.</span> <span class='ocrx_word' id='word_1_730' title='bbox 2561 5628 2725 5685; x_wconf 85' lang='lat' dir='ltr'>quam</span> <span class='ocrx_word' id='word_1_731' title='bbox 2749 5609 2896 5683; x_wconf 87' lang='lat' dir='ltr'>quod</span> <span class='ocrx_word' id='word_1_732' title='bbox 2915 5624 3060 5663; x_wconf 88' lang='lat' dir='ltr'>nunc</span> <span class='ocrx_word' id='word_1_733' title='bbox 3088 5605 3314 5678; x_wconf 87' lang='lat' dir='ltr'>legitur.</span> 
     </span>
    </p>
   </div>
  </div>
