4086 6198
498 243 578 310 59
1742 256 2005 320 SANCTI
2044 253 2388 320 GREGORII
2426 261 2667 328 MAGNI
3826 270 3909 336 60

576 380 758 453 Super
784 379 1001 440 oblata.
1027 415 1086 425 -
1112 382 1368 458 Accepta
1399 385 1503 445 tibi
1534 390 1627 454 sit,
1652 390 1902 448 Domine
1924 398 2144 450 nostrae
2180 390 2230 450 Α
2263 392 2499 459 exaudi,
2521 397 3207 456 etcontracunctanobis
3219 396 3598 457 adversantia
3609 398 3907 459 dexteram

498 465 832 525 devotionis
861 470 1247 545 oblatio.quaa
1260 479 1316 531 et
1323 476 1610 548 jejunium
1637 472 2144 553 nostrum,teope-

498 562 690 621 rante,
717 559 1062 629 sanctiﬁcet,
1081 567 1133 616 et
1148 562 1581 637 indulgentiam
1610 569 1788 626 nobis
1808 574 2144 627 tueconso-

498 642 736 700 lationis
762 646 1045 703 obtineat.
1074 650 1203 706 Per.

567 741 868 826 Praefatio.
903 775 969 786 —
1000 748 1140 803 Vere
1162 748 1413 819 dignum
1437 758 1493 809 et
1524 754 1748 824 justum
1775 759 1880 819 est,
1905 772 2144 826 aequum

496 832 553 879 et
576 825 855 891 salutare,
879 842 988 884 nos
1021 831 1122 887 tibi
1153 850 1392 907 semper
1406 842 1462 892 et
1475 838 1696 911 ubique
1711 841 1931 909 gratias
1946 825 2141 909 agere,

492 912 743 969 Domine
777 922 1002 982 sancte,
1035 920 1206 977 Pater
1232 926 1630 996 omnipotens,
1664 934 1879 984 aeterne
1934 932 2086 984 Deus
2127 945 2139 984 :

493 1000 599 1073 qui
630 1001 739 1057 das
759 1018 960 1061 escam
991 1009 1156 1064 omni
1187 1012 1372 1079 carni,
1396 1019 1452 1068 et
1476 1030 1583 1069 nos
1606 1031 1727 1072 non
1780 1017 1963 1072 solum
2013 1033 2141 1073 car-

493 1089 753 1159 nalibus,
787 1093 893 1149 sed
924 1095 1097 1152 etiam
1124 1099 1492 1170 spiritalibus
1517 1104 1670 1160 escis
1702 1105 1895 1161 reficis
1922 1111 2004 1173 ut,
2020 1121 2141 1161 non

496 1176 556 1231 in
584 1179 713 1234 solo
738 1196 893 1251 pane
923 1185 1404 1251 vivamus,sedin
1417 1192 1577 1247 omni
1600 1193 1783 1249 verbo
1798 1199 1902 1250 tuo
1915 1194 2143 1250 vitalem

494 1265 827 1324 habeamus
851 1270 1193 1331 alimoniam
1229 1293 1243 1342 ;
1277 1294 1379 1334 nec
1402 1284 1629 1336 tantum
1694 1282 2008 1354 epulando,
2037 1283 2144 1338 sed

478 1355 671 1411 etiam
697 1357 1026 1429 jejunando
1053 1379 1393 1434 pascamur.
1421 1368 1572 1425 Nam
1605 1376 1662 1427 ut
1679 1371 1933 1443 dapibus
1959 1377 2015 1428 et
2038 1388 2142 1443 po-

495 1443 643 1499 culis
663 1461 928 1517 corpora,
959 1451 1039 1505 sic
1060 1451 1306 1523 jejuniis
1328 1462 1383 1512 et
1413 1457 1729 1515 virtutibus
1751 1461 1962 1517 animae
1992 1461 2143 1530 sagi-

493 1538 735 1592 nantur.
764 1538 1035 1609 Magnam
1057 1542 1117 1596 in
1141 1542 1256 1599 hoc
1270 1561 1505 1602 munere
1523 1548 1919 1605 salubritatem
1933 1548 2142 1605 mentis

495 1636 566 1675 ac
596 1625 862 1694 corporis
891 1628 1210 1693 contulisti,
1244 1633 1383 1705 quia
1407 1634 1704 1706 jejunium
1729 1638 2144 1694 nobisvenera—

494 1705 605 1764 bile
626 1709 931 1803 dedicasti,
969 1718 1117 1773 utad
1148 1721 1499 1791 paradisum
1534 1724 1609 1781 de
1651 1742 1773 1797 quo
1814 1742 1933 1783 non
1961 1726 2137 1782 absti-
2181 1746 2227 1803 Β

492 1798 693 1854 nendo
723 1799 1075 1870 decidimus,
1094 1806 1431 1879 jejunando
1463 1812 1781 1870 solemnius
1802 1815 2137 1871 redeamus.

492 1886 598 1940 Per
618 1886 912 1946 Christum
946 1895 1261 1953 Dominum
1290 1906 1571 1956 nostrum.
1820 1906 1823 1909 ⁴

560 1982 658 2040 Ad
685 1989 1097 2058 complendum.
1132 2023 1201 2035 —
1230 1995 1509 2053 Salutaris
1553 2001 1659 2066 tui,
1719 2002 1989 2072 Domine,
2019 2018 2147 2058 mu-

488 2086 628 2128 nere
651 2077 867 2143 satiatl,
904 2081 1203 2151 supplices
1232 2099 1572 2158 exoramus,
1609 2090 1855 2162 utcujus
1879 2092 2147 2147 laetamur

490 2166 687 2231 gustu,
721 2180 1074 2224 renovemur
1099 2171 1327 2229 effectu.
1360 2175 1469 2231 Per
1492 2178 1801 2235 eumdem.

558 2257 741 2327 Super
764 2263 1060 2333 populum.
1088 2271 1310 2335 —Esto,
1343 2274 1590 2330 Domine
1636 2276 1947 2347 propitius,
1977 2278 2141 2350 plebi

374 2388 389 2405 ρ
492 2350 1016 2438 tu-ae,ettemporali
1047 2357 1446 2417 consolatione
1476 2378 1594 2418 non
1608 2364 2034 2438 deserasquam
2049 2369 2139 2424 vis

492 2435 563 2490 ad
594 2442 811 2495 aeterna
830 2444 1216 2501 contendere.
1255 2448 1359 2521 Per
1382 2449 1713 2509 Dominum.

1128 2554 1155 2585 ³
1221 2562 1378 2602 PERIA
1419 2564 1498 2603 ιιι.

560 2630 826 2722 Respice,
851 2636 1123 2709 Domine,
1171 2639 1446 2698 familiam
1494 2649 1679 2713 tuam,
1722 2654 1776 2705 et
1827 2657 2058 2722 praesta,
2081 2653 2146 2708 ut

489 2719 654 2814 apud
681 2725 735 2776 te
777 2737 949 2779 mens
979 2731 1181 2814 nostra
1212 2735 1314 2787 tuo
1340 2732 1632 2792 desiderio
1658 2719 2045 2814 fulgeat,quae
2077 2761 2104 2799 s

489 2807 686 2862 carnis
719 2813 1113 2870 maceratione
1142 2819 1412 2890 castigat.
1446 2825 1569 2879 Per.

555 2894 737 2966 Super
764 2900 984 2958 oblata.
1011 2933 1083 2944 —
1116 2906 1353 2974 Oblatis,
1373 2911 1639 2982 Domine,
1659 2915 1913 2985 placare,
1932 2935 2139 2979 mune-

486 2981 670 3047 ribus,
691 2991 746 3040 et
776 3003 811 3043 a
837 2992 1062 3046 cunctis
1096 3009 1209 3049 nos
1242 2996 1494 3053 defende
1517 2981 1810 3072 periculis.

485 3173 541 3265 et
567 3170 846 3265 salutare,
871 3190 981 3231 nos
1008 3178 1105 3233 tibi
1140 3196 1375 3254 semper
1388 3190 1442 3240 et
1464 3186 1683 3260 ubique
1697 3193 1918 3258 gratias
1934 3170 2134 3265 agere,

486 3256 727 3356 Domine
755 3268 976 3330 sancte,
1009 3266 1177 3323 Pater
1207 3256 1838 3343 omnipotensZaeterne
1858 3256 2139 3356 Deus,per

483 3344 773 3439 Christum
804 3350 1123 3409 Dominum
1158 3363 1463 3415 nostrum:
1490 3362 1549 3418 in
1569 3380 1685 3435 quo
1732 3344 2136 3439 jejunantium

482 3431 632 3487 ﬁdes
666 3433 859 3505 alitur,
892 3455 1027 3510 spes
1071 3445 1431 3514 provehitur,
1484 3431 1747 3509 charitas
1788 3431 2132 3516 roboratur.

481 3520 608 3591 Ipse
629 3523 785 3613 enim
808 3530 897 3581 est
927 3531 1101 3600 panis
1129 3533 1297 3589 vivus
1358 3541 1415 3592 et
1460 3554 1634 3594 verus
1664 3543 1762 3613 qui
1809 3544 2135 3604 substantia

482 3612 815 3668 aeternitatis
831 3620 887 3670 et
915 3633 1052 3674 esca
1087 3621 1313 3678 virtutis
1346 3630 1457 3682 est.
1479 3612 1725 3685 Verbum
1744 3633 1902 3688 enim
1940 3639 2130 3705 tuum,

483 3713 590 3770 per
618 3702 774 3772 quod
794 3703 949 3762 facta
973 3713 1349 3779 suntomnia,
1367 3730 1487 3771 non
1516 3718 1711 3775 solum
1734 3702 2130 3781 humanarum

481 3788 783 3853 mentium,
817 3793 920 3847 sed
948 3794 1216 3865 ipsorum
1244 3802 1419 3869 panis
1445 3808 1535 3858 est
1562 3809 1927 3877 angelorum.
1967 3813 2131 3869 Hunc

481 3890 686 3964 panem
719 3880 1051 3938 ministrare
1081 3886 1252 3941 nobis
1280 3904 1400 3944 non
1434 3890 1677 3957 desinis,
1711 3902 1787 3964 et,
1807 3903 2017 3956 uteum
2046 3901 2127 3957 in-

481 3962 1189 4038 desinenteresuriamus,
1221 3974 1494 4033 hortaris.
1521 3980 1699 4051 Cujus
1766 3962 1939 4043 carne
1981 3989 2126 4047 dum

481 4052 804 4148 pascimur,
836 4058 1211 4116 roboramur.
1256 4070 1312 4119 et
1340 4070 1630 4137 sanguine
1649 4071 1799 4128 dum
1836 4081 2124 4148 potamur,

481 4137 700 4195 abluim
712 4158 798 4199 ur.
830 4144 940 4200 Per
967 4163 1169 4218 quem,

552 4237 641 4291 Ad
660 4239 1104 4308 Complendum.
1120 4275 1188 4289 —
1206 4245 1599 4320 Sumpsimus,
1624 4256 2131 4325 Domine,celebri-

482 4325 619 4378 tatis
649 4341 858 4384 annuae
888 4332 1081 4388 votiva
1111 4346 1489 4397 sacramenta
1516 4359 1527 4397 :
1558 4352 2129 4421 praasta,qu«esumus

485 4418 547 4467 ut
574 4419 630 4512 et
660 4418 1003 4512 temporalis
1035 4422 1159 4477 vitae
1190 4422 1308 4496 40
1339 4426 1505 4484 nobis
1535 4418 1955 4502 (2i7)remedio
1998 4458 2129 4512 pro-

483 4504 744 4645 viniant,
775 4511 829 4563 et
859 4514 1109 4566 internae.
1137 4513 1244 4570 Per
1266 4518 1564 4575 Dominum
1614 4529 1881 4584 nostrum
1930 4504 2128 4588 lesum

486 4592 525 4647 C
574 4592 793 4647 ristum.

574 4592 793 4649 ristum.

554 4688 738 4758 Super
761 4695 1063 4764 populum.
1122 4730 1191 4740 ——
1221 4702 1558 4763 Ascendant
1623 4710 1699 4765 ad
1758 4717 1832 4780 te,
1862 4716 2127 4785 Domine,

484 4792 705 4877 preces
728 4788 944 4839 nostra;
971 4791 1028 4841 et
1053 4787 1131 4842 ab
1156 4788 1415 4847 Ecclesia
1440 4797 1541 4850 tua
1584 4806 1864 4859 cunctam
1914 4807 2131 4877 repelle

486 4876 833 4946 nequitiam.
868 4882 991 4936 Per.

946 4951 976 4995 ι)
1025 4969 1183 5010 rente
1208 4973 1262 5011 tv
1280 4974 1468 5015 MENSIS
1496 4977 1667 5020 enim.

558 5043 1037 5115 Precesnostras,
1092 5069 1453 5129 qumsumus,
1517 5062 1785 5134 Domine,
1811 5068 2133 5130 clementer

557 5180 582 5209 ει
614 5166 789 5254 Statio
821 5171 981 5254 hujus
1004 5176 1124 5254 diei-
1143 5194 1208 5231 ex
1251 5182 1451 5254 Pamel.
1487 5190 1541 5239 et
1573 5188 1800 5246 Kalend.
1836 5196 1985 5251 Rom.
2048 5204 2136 5254 est.

557 5191 582 5209 -
614 5191 789 5225 DtallO
821 5191 981 5298 nilus
1004 5191 1109 5230 utet
1143 5194 1208 5231 ex
1252 5191 1451 5238 Pamet.
1487 5191 1541 5239 et
1573 5191 1800 5246 Kalend.
1836 5196 1985 5251 Rom,
2048 5204 2134 5254 est

484 5239 864 5334 εξ,εηειξτξεειῖη,,,
912 5249 1229 5334 "meam-
1258 5251 1732 5334 Ιάθξηενρηεθικ
1762 5267 2134 5334 praescribitur

485 5309 631 5436 quod
658 5310 709 5365 in
738 5312 1003 5395 hodierno
1033 5319 1213 5375 cilicio
1258 5329 1453 5379 exstat.

523 5400 553 5436 e
579 5387 700 5436 eaet.
726 5382 895 5436 ferus-
929 5388 1026 5436 nISl
1062 5391 1217 5436 aliter
1255 5402 1467 5436 nam...-

523 5387 700 5455 ecaet.
726 5382 896 5455 feriis,
929 5388 1026 5441 nisi
1062 5391 1217 5444 aliter
1255 5402 1483 5452 notetur.

556 5452 586 5493 b
613 5456 778 5526 Apud
804 5452 1021 5515 Parnet:
1051 5460 1174 5543 Fer.
1204 5464 1235 5518 4
1264 5462 1607 5525 hebdomade,»
1634 5476 1829 5542 prima;
1854 5479 2132 5553 ρηηάναθ,

484 5524 554 5579 ad
583 5526 827 5579 Sanctam
856 5531 997 5579 Mar-
1034 5532 1311 5579 Maiorem.
1356 5538 1408 5579 In
1438 5541 1639 5579 Καιρηή
1695 5547 1731 5579 n
1789 5565 1838 5579 νη
1900 5569 1912 5579 .
1967 5553 2132 5579 11-....-

570 5531 827 5609 functam
856 5531 997 5586 Mar.
1031 5532 1314 5609 Majpfem.
1352 5538 1409 5592 In
1434 5531 1660 5599 Kalend.
1694 5547 1754 5600 Β.
1789 5531 2135 5609 milia};

483 5597 684 5673 primo,
718 5597 791 5665 ad
840 5609 1091 5660 sanctam
1120 5597 1400 5667 'Mariam.
1432 5597 2138 5696 Codexjiﬁiegisvuecfvp:

2259 484 2375 537 tua;
2404 484 2722 556 Majestatis
2750 489 3028 547 extende.
3065 490 3173 545 Per
3194 488 3506 547 Dominum
3535 494 3831 548 nostrum.

2325 590 2485 646 Alia.
2513 622 2582 634 —
2606 592 2989 651 Devotionem
3021 596 3227 668 populi
3258 595 3363 663 tui,
3386 595 3651 661 Domine,
3670 611 3908 669 quaesu-

2254 692 2404 743 mus,
2438 678 2727 750 benignus
2740 684 2998 747 intende,
3024 684 3206 755 utqui
3222 700 3320 755 per
3335 684 3754 741 abstinentiam
3781 701 3910 742 ma-

2252 772 2529 822 cerantur
2557 768 2616 823 in
2643 785 2911 843 corpore,
2946 787 3050 843 per
3080 772 3337 827 fructum
3355 772 3499 827 boni
3526 774 3725 845 operis
3771 774 3907 829 refi-

2251 852 2484 910 ciantur
2504 856 2560 912 in
2579 865 2797 915 mente.
2828 860 2933 916 Per
2954 860 3292 917 Dominum.

2321 968 2503 1039 Super
2540 972 2757 1029 oblata.
2812 1006 2879 1016 -
2949 976 3209 1047 Suscipe,
3256 976 3493 1031 Creator
3520 975 3907 1048 omnipotens

2250 1055 2572 1130 Deus,quaa
2592 1061 2930 1132 jejunantes
2955 1064 3153 1119 detuae
3187 1063 3601 1119 muniﬁcentiae
3626 1064 3905 1133 largitate

2250 1144 2593 1213 deferimus,
2610 1155 2665 1204 et
2689 1166 2798 1222 pro
2828 1152 3142 1222 temporali
3170 1152 3342 1208 nobis
3358 1152 3576 1208 collata
3600 1152 3903 1224 praesidio,

2252 1233 2326 1288 ad
2360 1234 2542 1291 vitam
2574 1245 2846 1295 converte
2878 1241 3226 1313 propitiatus
3254 1241 3674 1297 aaternam.Per
3706 1241 3909 1297 Domi-

2251 1336 2397 1378 num
2429 1330 2702 1383 nostrum
2716 1369 2728 1383 .

2319 1436 2620 1507 Praefatio.
2660 1473 2725 1482 —
2758 1444 2898 1500 Vere
2923 1444 3166 1516 dignum
3192 1447 3247 1500 et
3261 1444 3492 1515 justum
3524 1452 3634 1509 est,
3661 1460 3911 1518 aequum

2251 1531 2305 1579 et
2327 1525 2581 1584 salutare
2610 1545 2720 1586 nos
2752 1531 2856 1587 tibi
2887 1538 3189 1604 semperet
3213 1532 3436 1605 ubique
3462 1533 3679 1603 gratias
3705 1548 3909 1604 agere,

2253 1614 2501 1671 Domine
2543 1623 2764 1685 sancte,
2793 1620 2959 1677 Pater
2986 1621 3378 1692 omnipotens,
3430 1626 3643 1677 aeterne
3704 1623 3903 1698 Deus:

2252 1702 2351 1773 qui
2373 1704 2431 1757 in
2466 1704 2800 1763 alimentum
2816 1710 3081 1781 corporis
3123 1709 3374 1764 humani
3403 1708 3645 1778 frugum
3668 1710 3912 1781 copiam

2256 1790 2504 1860 produci
2527 1794 2773 1864 jussisti,
2805 1798 2935 1853 etin
2969 1798 3303 1853 alimentum
3331 1798 3669 1854 animarum
3690 1798 3913 1869 jejunii

2255 1878 2424 1934 nobis
2443 1882 2801 1941 medicinam
2826 1885 3110 1941 indidisti.
3143 1887 3217 1942 Te
3246 1886 3445 1958 itaque
3501 1885 3794 1958 supplices
3820 1886 3911 1942 in-

2254 1980 2565 2039 vocamus,
2600 1979 2662 2027 ut
2689 1973 2789 2027 tibi
2821 1974 2891 2028 sit
2916 1973 3275 2045 acceptabile
3299 1974 3595 2045 jejunium
3610 1978 3905 2039 nostrum,

2253 2058 2334 2197 8th
2334 2070 2445 2110 nos
2478 2059 2683 2116 acibis
2729 2061 3092 2134 jejunantes,
3150 2062 3404 2134 peccatis
3472 2061 3773 2118 absolvas.
3794 2062 3906 2119 Per

2341 2143 2573 2197 ristum.

2341 2143 2573 2203 ristum.

2332 2262 2422 2315 Ad
2449 2264 2873 2336 Complendum.
2891 2298 2956 2309 -
2983 2267 3108 2332 Tui,
3133 2267 3403 2337 Domine,
3418 2265 3794 2338 perceptione
3811 2282 3908 2323 sa-

2251 2354 2557 2417 cramenti.
2590 2360 2646 2409 et
2667 2371 2701 2409 a
2732 2354 2947 2410 nostris
2981 2354 3609 2420 mundemuroccultis,
3625 2359 3683 2411 et
3709 2353 3903 2411 abho-

2251 2444 2432 2500 stium
2452 2443 2775 2499 liberemur
2789 2442 3041 2500 insidiis.
3064 2445 3169 2499 Per
3187 2443 3505 2499 Dominum
3518 2487 3531 2501 .

2323 2559 2502 2629 Super
2522 2561 2810 2630 populum.
2848 2591 2912 2604 ~
2940 2563 3153 2616 ﬂentes
3213 2563 3470 2623 nostras,
3523 2573 3902 2631 quaesumus,

2255 2648 2523 2711 Domine.
2551 2647 2777 2704 lumine
2816 2654 2933 2704 tute
2963 2648 3244 2704 claritatis
3293 2647 3522 2703 illustra
3575 2651 3641 2703 ut
3690 2646 3901 2703 videre

2254 2736 2554 2807 possimus
2583 2752 2718 2809 qua:
2736 2738 2969 2808 agenda
2981 2741 3137 2804 sunt,
3152 2741 3208 2792 et
3222 2752 3358 2809 quae
3374 2739 3536 2791 recta
3564 2740 3702 2791 sunt
3720 2748 3903 2807 agere

2252 2823 2583 2881 valeamus.
2612 2826 2715 2881 Per
2741 2825 3061 2881 Dominum
3093 2830 3382 2881 nostrum.

2606 2955 2760 2995 FERIA
2774 2952 2799 2982 θ
2826 2957 2859 2995 ν
2876 2956 3035 2996 ικτιιΑ
3057 2954 3538 3004 ουΑοῃΑαΕεωΑιί.

2326 3054 2587 3127 Suscipe,
2621 3071 2975 3126 quaasumus,
2998 3056 3256 3120 Domine,
3273 3070 3479 3127 preces
3498 3058 3734 3111 nostras
3747 3057 3807 3110 et
3819 3053 3902 3110 ad

2173 3133 2218 3194 C
2252 3159 2421 3199 aures
2444 3122 2864 3200 misericordiae
2887 3149 3001 3200 tum
3040 3122 3472 3216 postulationes
3516 3149 3757 3200 sacrata:
3791 3141 3900 3199 tibi

2250 3232 2443 3303 plebis
2471 3231 2738 3288 admitte.
2772 3235 2877 3289 Per
2912 3233 3255 3289 Dominum.

2318 3338 2504 3406 Super
2533 3339 2748 3394 oblata.
2773 3368 2841 3379 —
2866 3339 3183 3405 Sacriﬁcia,
3221 3338 3488 3401 Domine,
3515 3352 3898 3410 quaesumus,

2246 3425 2363 3481 ista
2389 3441 2500 3482 nos
2531 3427 2779 3495 salvent,
2807 3443 2944 3499 quae
2965 3426 3422 3483 medicinalibus
3452 3432 3590 3482 sunt
3618 3426 3895 3482 instituta

2239 3513 2318 3586 jej
2328 3515 2506 3572 uniis.
2524 3516 2649 3572 Per.

2319 3619 2430 3693 41
2465 3621 2773 3691 Prw/alio.
2800 3652 2868 3661 —
2908 3622 3051 3677 Vere
3076 3621 3323 3691 dignum
3370 3625 3428 3676 et
3478 3621 3711 3691 justum
3781 3623 3895 3683 est,

2242 3725 2481 3781 aequum
2512 3715 2568 3765 et
2598 3709 2877 3777 salutare,
2907 3726 3016 3765 nos
3031 3710 3136 3766 tibi
3161 3724 3394 3780 semper
3419 3714 3475 3765 et
3504 3708 3729 3780 ubique
3753 3722 3899 3777 gra-

2241 3797 2352 3853 tias
2367 3813 2563 3868 agere,
2579 3799 2825 3853 Domine
2847 3798 3655 3870 sancte,Pateromnipotens,
3672 3802 3894 3852 aeterne

2240 3885 2395 3940 Deus
2430 3888 2604 3958 :quia
2635 3892 3036 3958 competenter
3050 3892 3229 3958 atque
3262 3886 3579 3942 salubriter
3609 3885 3894 3949 religiosa

2239 3975 2560 4029 suntnobis
2575 3975 3166 4046 iustitutajejunia,ut
3180 3973 3892 4047 corporeaejucunditatis

2234 4062 2650 4124 immoderatas
2664 4080 3037 4121 coerceamus
3051 4063 3378 4127 illecebras.
3403 4070 3458 4119 et
3472 4068 3718 4117 terrente
3732 4061 3893 4117 dele-

2238 4152 2512 4208 ctationis
2539 4151 2851 4207 insolentia
2878 4151 3192 4216 refrenato,
3241 4152 3445 4223 purior
3492 4158 3672 4221 atque
3733 4157 3893 4205 trau-

2238 4241 2474 4313 quillior
2503 4241 2795 4312 appetitus
2811 4241 2889 4296 ad
2905 4239 3165 4297 ccelestia
3187 4240 3654 4310 contemplanda
3671 4244 3891 4309 myste-

2239 4331 2327 4385 ria
2337 4329 2592 4384 fidelium
2610 4328 2891 4386 reddatur
2902 4328 3241 4385 animarum.
3262 4329 3365 4386 Per
3381 4328 3683 4383 Christum
3702 4328 3892 4382 Domi-

2243 4435 2388 4474 num
2422 4423 2719 4475 nostrum.

2309 4526 2404 4581 Ad
2435 4525 2876 4593 Complendum.
2905 4556 2973 4566 ——
3001 4526 3257 4581 Tuorum
3279 4540 3408 4588 nos,
3430 4521 3893 4592 Domine,largi—

2238 4618 2358 4672 tate
2385 4615 2696 4681 donorum,
2728 4619 2785 4671 et
2813 4614 3243 4686 temporalibus
3270 4613 3467 4669 attolle
3492 4611 3805 4683 praesidiis,
3827 4616 3893 4666 et

2237 4720 2455 4760 renova
2474 4703 2863 4774 sempiternis.
2894 4704 2998 4758 Per
3030 4702 3351 4759 Dominum
3373 4707 3664 4757 nostrum.

2310 4811 2495 4879 Super
2520 4810 2819 4880 populum.
2853 4840 2923 4850 —
2943 4811 3048 4877 Da,
3080 4824 3449 4880 quaesumus,
3483 4806 3749 4871 Domine,
3775 4821 3887 4877 po-

2240 4899 2396 4972 pnlis
2416 4897 2775 4966 Christianis,
2806 4905 2861 4954 et
2891 4914 3026 4971 qum
3059 4897 3407 4970 proﬁtentur
3441 4911 3790 4966 agnoscere,
3836 4899 3892 4950 et

2239 4988 2475 5043 caeleste
2509 5002 2727 5042 munus
2747 4986 2992 5056 diligere
3021 4986 3180 5059 quod
3195 4986 3590 5058 frequentant.
3610 4984 3719 5040 Per
3774 4986 3893 5040 Do-

2242 5092 2493 5132 mtnum.

2243 5217 2460 5269 rumper
2484 5199 2735 5255 dissentit
2763 5218 2794 5255 a
2828 5198 3032 5254 Pamel.

2312 5284 2337 5313 ο
2368 5268 2589 5325 Kalend.
2626 5273 2787 5326 Rom.
2817 5291 2828 5329 :
2861 5271 2931 5324 ad
2958 5276 3205 5325 sanctum
3234 5269 3622 5333 Laurentium,
3647 5268 3724 5323 ad
3753 5269 3893 5324 For-

2242 5358 2509 5397 monsum.
2568 5342 2719 5413 quod
2776 5342 2973 5396 Pamel.
3031 5341 3403 5413 exhibetipro
3482 5340 3703 5413 diversa
3755 5339 3885 5394 lect.

2245 5414 2400 5483 Apud
2431 5430 2548 5484 eum
2587 5412 2779 5484 legitur
2812 5428 2823 5467 :
2857 5414 2934 5467 Ad
2959 5420 3211 5467 sanctum
3253 5412 3425 5484 Laur.
3455 5412 3601 5484 foris
3644 5426 3893 5484 murum.

2247 5481 2407 5537 Favet
2464 5481 2667 5555 primus
2697 5484 2929 5549 Theod.,
2975 5490 3031 5538 at
3078 5485 3352 5538 secundus
3386 5482 3551 5537 habet
3584 5498 3594 5535 :
3632 5482 3715 5537 Ad
3748 5481 3895 5536 Lau-

2244 5562 2391 5612 rent.
2420 5557 2478 5610 in
2498 5556 2791 5613 Formosa.
