4092 6200
182 286 235 349 es
1368 270 1577 342 uana
1617 267 2233 341 SACRAENTORUM.
2591 319 2593 322 .
3435 284 3528 344 θα

180 415 456 490 puriﬁcante
466 409 700 481 jejunio,
725 411 811 465 sin
822 410 964 465 seris
979 409 1282 465 mentibus
1297 410 1375 466 ad
1391 415 1597 466 sancta
1611 423 1744 463 ven-
1777 415 1822 472 Α

182 513 276 561 tura
303 502 456 556 facias
484 499 802 570 pervenire.
831 499 936 555 Per
962 500 1282 554 Dominum
1316 504 1598 554 nostrum.

225 595 367 662 Super
389 589 663 643 oblata.—-
697 588 831 642 Haec
854 587 912 642 in
947 586 1121 643 nobis
1141 587 1455 652 sacriﬁcia,
1489 585 1664 654 Deus,
1692 591 1748 640 et

180 678 569 736 sanctiﬁcatione
597 680 1013 747 permaneant,
1045 680 1100 731 et
1133 676 1479 749 operatione
1510 675 1749 730 ﬁrmen-

176 779 260 825 tur.
277 768 377 823 Per.

223 855 470 924 Praefatio.
496 884 560 894 —
580 869 716 908 vere
746 851 990 922 dignum
1019 856 1078 908 et
1093 854 1314 924 justum
1346 857 1450 918 est,
1512 868 1746 924 aequum

174 952 212 1000 et
233 944 462 1008 salutare,
495 957 602 997 nos
626 942 726 996 tibi
759 942 1298 1014 semperetubique
1322 942 1540 1010 gratias
1554 957 1746 1011 agere,

174 1033 363 1087 Domine
383 1035 591 1093 sancte,
649 1030 822 1085 Pater
870 1030 1269 1100 omnipotens,
1301 1035 1513 1085 aeterne
1545 1030 1692 1083 Deus
1733 1050 1745 1082 :

172 1122 244 1193 qui
279 1118 656 1189 delinquentes
689 1117 882 1188 perire
946 1133 1065 1173 non
1090 1119 1328 1190 pateris,
1382 1118 1484 1174 sed
1509 1123 1570 1173 ut
1600 1118 1670 1173 ad
1694 1121 1749 1171 te

171 1212 515 1262 convertantur
564 1210 622 1259 et
682 1205 882 1260 vivant
908 1206 1183 1260 hortaris.
1217 1206 1521 1261 Poscimus
1552 1207 1750 1276 itaque

169 1298 390 1367 pietatem
425 1301 582 1348 tuam
605 1299 720 1350 uta
754 1294 1008 1365 peccatis
1026 1296 1242 1350 nostris
1282 1300 1393 1350 ture
1425 1294 1751 1349 severitatis

169 1383 435 1454 suspendas
463 1383 803 1448 vindictam,
830 1388 887 1439 et
916 1383 1085 1438 nobis
1124 1388 1391 1455 optatam
1423 1382 1751 1438 misericor-

167 1471 276 1525 diter
293 1469 498 1524 tribuas
526 1469 767 1526 veniam
794 1485 807 1535 ;
859 1485 966 1525 nec
1001 1471 1377 1542 iniquitatum
1410 1478 1749 1527 nostrarum

165 1558 385 1613 molestia
415 1566 691 1629 provocet
716 1558 792 1614 ad
825 1558 1131 1624 ultionem,
1175 1559 1278 1615 sed
1305 1560 1512 1631 jejunii
1542 1561 1749 1616 obser-

209 1911 276 1965 Αιί
295 1912 689 1983 complendum.
747 1944 816 1952 —
849 1914 964 1968 Fac
986 1929 1116 1976 nos,
1145 1929 1517 1986 quaesumus,
1541 1913 1746 1969 Domi-

163 2016 228 2069 ne,
249 2006 456 2072 accepto
486 2003 736 2074 pignore
763 2002 967 2058 salutis
998 2010 1225 2058 aeternae
1249 2003 1333 2058 sic
1355 2003 1593 2059 tendere
1611 2020 1747 2060 con-

165 2095 404 2157 gruenter,
439 2090 597 2146 utad
630 2105 764 2146 eam
796 2093 1108 2161 pervenire
1150 2091 1475 2163 possimus.
1509 2091 1618 2146 Per
1640 2093 1750 2147 Do-

165 2177 359 2230 minum.

211 2263 354 2332 Super
373 2265 666 2336 populum.
694 2297 764 2306 —
793 2267 900 2331 Da,
931 2282 1298 2338 quaesumus,
1334 2268 1601 2333 Domine,
1645 2284 1750 2340 po-

162 2352 266 2420 pulo
286 2358 372 2408 tuo
395 2354 642 2410 salutem
671 2355 879 2408 mentis
903 2361 958 2410 et
986 2355 1268 2427 corporis,
1297 2361 1376 2422 ut,
1409 2356 1584 2412 bonis
1613 2373 1751 2430 ope—

161 2440 284 2495 ribus
307 2442 776 2508 inhaerendo,tuaz
794 2459 1031 2516 semper
1056 2445 1294 2500 virtutis
1312 2451 1607 2502 mereatur
1620 2462 1751 2518 pro-

159 2529 352 2586 tectione
372 2530 633 2587 defendi.
668 2531 798 2586 Per.

445 2636 720 2684 ‘sxnnaro
737 2631 792 2682 in
825 2645 1147 2684 nsanonanx
1170 2646 1426 2687 SECUNDA.

201 2721 283 2787 Da,
305 2741 666 2796 quaesumus,
696 2727 967 2791 Domine,
990 2728 1208 2782 nostris
1223 2727 1488 2783 effectum
1506 2727 1749 2802 jejuniis

159 2810 508 2880 salutarem,ut
538 2817 859 2886 castigatio
873 2816 1066 2870 carnis
1096 2817 1499 2888 assumptaad
1522 2823 1748 2874 nostra-

157 2914 253 2954 rum
285 2905 705 2972 vegetationem
733 2907 995 2959 transeat
1031 2903 1390 2960 animarum.

205 2996 352 3066 Super
375 3001 580 3056 oblata.
617 3032 687 3040 —
719 3001 816 3056 His
847 3001 1152 3056 sacriﬁciis
1194 3003 1460 3072 Domine,
1492 3004 1748 3060 concede

155 3084 384 3153 placatus,
419 3095 477 3143 ut
512 3089 618 3160 qui
657 3089 916 3161 propriis
941 3105 1180 3145 oramus
1225 3090 1454 3146 absolvi
1520 3091 1747 3148 delictis

156 3185 241 3226 non
252 3188 542 3240 gravemur
557 3179 715 3247 ('22‘2)
729 3177 1122 3234 externis.Per
1135 3179 1447 3234 Dominum
1483 3187 1744 3236 nostrum

202 3269 474 3342 Prmfatio.
508 3305 578 3316 —
607 3276 752 3329 Vere
784 3275 1033 3345 dignum
1062 3276 1357 3347 etjustum
1389 3282 1739 3349 est,aequum

154 3359 194 3408 et
208 3358 447 3430 salutare,
471 3378 586 3418 nos
609 3362 716 3418 tibi
752 3363 1293 3435 semperetubique
1308 3366 1529 3435 gratias
1544 3381 1740 3434 agere,

153 3443 346 3504 Domine
375 3459 600 3517 sancte,
639 3450 748 3522 47
821 3451 988 3506 Pater
1051 3451 1455 3524 omnipotens,
1527 3460 1742 3511 aeterne

155 3531 269 3587 Deus
313 3552 324 3590 :
371 3540 423 3591 et
443 3542 621 3592 tuam
668 3537 888 3608 jugiter
945 3553 1189 3593 exorare
1254 3539 1651 3606 clementiam,
1682 3547 1745 3598 ut

151 3627 328 3677 mentes
353 3629 607 3692 nostras,
643 3641 788 3697 quas
817 3627 1109 3698 conspicis
1141 3629 1385 3683 terrenis
1430 3629 1742 3686 affectibus

151 3713 942 3781 pragravari,medicinalibus
975 3715 1192 3770 tribuas
1200 3717 1219 3787 j
1229 3716 1440 3787 ejuniis
1463 3734 1746 3775 exonera-

149 3796 245 3859 ri,et
267 3814 359 3871 per
385 3800 769 3858 aﬂlictionem
787 3818 1106 3874 corporum
1124 3806 1428 3875 proveniat
1446 3807 1623 3862 nobis
1655 3823 1747 3864 ro-

148 3881 232 3938 bur
254 3890 594 3946 animarum.
649 3890 758 3945 Per
786 3890 1103 3946 Christum.

199 3983 271 4037 Αα
295 3989 706 4058 complendum.
732 4018 801 4028 —
823 3988 1190 4043 Sacramenti
1230 3989 1334 4055 tui,
1367 3991 1635 4059 Domine,
1660 3995 1744 4048 di-

149 4071 449 4129 vinalibatio
472 4076 805 4147 penetralia
832 4077 1017 4131 nostri
1051 4077 1241 4132 cerdis
1270 4078 1626 4146 infundat,et
1653 4083 1744 4138 sui

148 4162 405 4234 participes
433 4170 708 4237 potenter
721 4165 959 4222 efﬁciat.
979 4168 1089 4223 Per
1103 4168 1395 4224 Christum
1419 4171 1738 4226 Dominum

148 4255 375 4306 nostrum.

199 4346 350 4418 Super
376 4351 674 4422 Papulum.
707 4383 776 4392 —
832 4352 1137 4409 Familiam
1163 4356 1349 4419 tuam,
1379 4371 1741 4427 quaesumus,

149 4431 360 4502 Domine,
392 4441 682 4495 continua
707 4442 916 4512 pietate
945 4441 1191 4508 custodi,
1227 4448 1290 4497 ut
1332 4460 1456 4514 quae
1513 4447 1570 4500 in
1615 4447 1744 4502 sola

150 4534 224 4588 spe
250 4527 426 4591 gratia:
454 4529 707 4583 caelestis
738 4527 1017 4593 innititur,
1079 4529 1299 4585 cmlesti
1327 4531 1505 4588 etiam
1547 4539 1742 4605 prote-

147 4608 294 4668 ctione
315 4616 635 4672 muniatur.
664 4617 766 4672 Per
785 4619 1078 4672 eumdem.

446 4713 476 4756 δ
507 4730 777 4770 DOMINICA
807 4731 926 4770 IlllN
952 4731 1388 4779 QUADRAGESIMA.

200 4805 542 4877 Quaesumus,
573 4812 960 4883 omnipotens
995 4816 1310 4879 Deus,vota
1338 4814 1654 4872 humilium
1684 4833 1746 4872 re

152 4892 271 4959 spice
297 4905 462 4969 atque
491 4899 571 4955 ad
595 4899 1000 4956 defensionem
1021 4906 1279 4957 nostram
1311 4901 1605 4960 dexteram
1632 4907 1747 4961 ture

153 4978 410 5051 Maiestatis
437 4989 715 5044 extende.
746 4988 854 5044 Per
881 4989 1223 5044 Dominum.

202 5131 568 5209 BHicmagno
623 5153 895 5192 consensu
953 5136 1151 5208 legitur
1196 5138 1358 5195 statio
1400 5141 1475 5197 ad
1521 5148 1752 5200 sanctos

154 5195 485 5261 Marcellinum,
504 5216 558 5263 et
589 5211 852 5264 Petrum.

202 5269 345 5348 b‘Non
371 5278 544 5332 minus
596 5279 950 5333 consentiunt
1008 5278 1237 5334 Codices
1263 5281 1390 5335 editi
1425 5286 1478 5336 et
1527 5298 1660 5337 mss.
1693 5282 1748 5337 in

156 5348 430 5420 assignanda
453 5349 726 5405 hodierna
749 5351 980 5404 statione
997 5351 1072 5404 ad
1087 5356 1350 5406 sanctum
1373 5354 1747 5410 Laurentium

156 5409 262 5495 (ρξ’ἱέ
285 5433 514 5495 murum.
554 5423 614 5475 In
649 5421 882 5495 Kalend.
925 5421 1080 5495 Hom.
1125 5428 1302 5476 tamen
1329 5409 1647 5495 simpliciter
1678 5409 1749 5480 le?

159 5489 303 5566 Fluit
454 5499 716 5566 sanctum
749 5494 1123 5566 Laurentium
1156 5489 1494 5566 martyrem.

204 5562 224 5592 ε
247 5554 536 5617 Benedictio
568 5565 693 5618 haec
719 5565 875 5618 abest
900 5564 965 5618 ad
1000 5563 1099 5618 Ed.
1124 5554 1394 5622 Vaticf'et
1417 5566 1736 5628 Gussanvil.

162 5634 320 5683 necnon
342 5646 372 5685 a
394 5632 530 5689 Mss.
549 5635 759 5692 nostris
779 5641 835 5691 et.
864 5652 897 5691 a
923 5635 1061 5696 Cod.
1095 5637 1294 5695 Pamel.

1929 405 2097 477 Super
2154 405 2356 462 oblata.
2423 437 2491 447 —
2522 407 2790 480 Suscipe,
2831 422 3206 479 quaesumus,
3237 409 3508 479 Domine,

1855 492 2198 548 devotorurn
2234 511 2468 550 munera
2492 495 2874 559 famulorum,
2904 499 2960 550 et
2991 500 3091 550 tua
3114 496 3326 552 divinis
3353 500 3514 570 puri.

1855 583 1970 637 ﬁca
2004 583 2315 639 servientes
2351 585 2559 654 pietate
2590 584 3141 655 mysteriis,quibus
3155 586 3327 642 etiam
3337 588 3514 660 justi-

1855 669 2002 724 ﬁcas
2029 673 2172 740 (223)
2204 671 2566 739 ignorantes.
2598 671 2720 726 Per.

1926 767 2224 834 Praefatio.
2261 798 2327 808 -—
2362 771 2502 823 Vere
2532 768 2782 838 dignum
2815 769 3236 838 etjustumest,
3265 789 3505 845 aequum

1859 858 1912 910 et
1939 854 2200 911 salutare
2229 872 2338 912 nos
2365 856 2469 912 tibi
2508 873 2734 929 semper
2765 863 2819 911 et
2849 856 3066 929 ubique
3093 860 3310 931 gratias
3338 877 3514 932 agere

1861 945 2107 998 Domine
2137 950 2359 1010 sancte,
2394 949 2560 1002 Pater
2619 945 3022 1018 omnipotens,
3063 955 3279 1004 aeterne
3307 950 3462 1006 Deus
3496 968 3510 1008 :

1859 1038 1915 1087 et
1939 1040 1990 1087 te
2022 1033 2360 1105 suppliciter
2384 1036 2730 1107 exorare,iut
2756 1050 2883 1089 cum
2913 1035 3268 1093 abstinentia
3296 1053 3514 1111 corpo-

1858 1120 1967 1175 rali
2013 1136 2179 1175 mens
2213 1138 2456 1194 quoque
2488 1122 3515 1182 nostrasensusdeclinet'illicitosEt

1859 1209 2003 1281 (224)
2031 1225 2167 1282 quae
2189 1218 2416 1266 terrena
2439 1211 2826 1267 delectatione
2841 1213 3184 1269 carnalibus
3199 1215 3389 1286 epulis
3413 1216 3514 1272 ab-

1857 1315 2168 1369 negamus,
2203 1300 2488 1357 humanm
2511 1302 2831 1358 voluntatis
2861 1303 3061 1374 pravis
3091 1303 3512 1360 intentionibus

1857 1394 2257 1460 amputemus.
2279 1391 2581 1455 Quatenus
2597 1391 2671 1446 ad
2686 1396 2894 1446 sancta
2907 1397 3250 1448 sanctorum
3262 1393 3514 1451 ﬁdeliter

1857 1477 2293 1550 salubriterque
2307 1479 2602 1550 capienda
2618 1480 3054 1551 competentijej
3066 1481 3202 1537 unio
3216 1482 3511 1540 valeamus

1855 1565 2258 1636 aptari.Tanto
2271 1567 2445 1622 nobis
2460 1569 2599 1623 certi
2613 1569 2969 1640 propensius
2977 1568 2996 1639 j
3009 1571 3194 1638 ugiter
3207 1570 3510 1640 adfutura,

1855 1660 2082 1726 quanto
2095 1654 2378 1710 fuerimus
2390 1671 2585 1712 eorum
2601 1656 3056 1712 institutionibus
3070 1658 3514 1727 gratiores.Per.

1859 1856 2117 1906 strorum
2132 1849 2404 1905 victimas
2418 1851 2740 1906 clementer
2752 1852 3084 1922 accipiat,et
3101 1868 3208 1908 sua
3221 1870 3328 1909 vos
3341 1855 3521 1912 bene-

1857 1937 2192 1994 nedictione
2223 1939 2438 2010 dignos
2454 1938 2687 1994 efficiat.
2714 1945 2921 1994 Amen.
2945 1943 3162 1996 Mentes
3185 1952 3410 1998 vestras
3436 1945 3519 2001 ita

1857 2027 2238 2097 parcimoniae
2269 2029 2424 2081 dono
2447 2034 2655 2082 contra
2670 2028 2809 2082 vitia
2831 2030 3516 2102 muniat,praeceptorum

1859 2131 2106 2170 suorum
2137 2114 2421 2170 doctrinis
2447 2115 2697 2179 erudiat,
2725 2115 3028 2172 charitatis
3079 2118 3240 2172 dono
3268 2119 3512 2190 repleat,

1859 2209 1924 2260 ut
1938 2219 2041 2258 vos
2063 2205 2120 2258 in
2144 2203 2426 2258 omnibus
2452 2203 2562 2257 sibi
2578 2203 2808 2275 placere
2823 2207 3514 2273 concedat.Amen.Qua-

1858 2296 2050 2362 tenus,
2083 2292 2383 2364 praesentis
2417 2292 3116 2362 Quadragesimaadiebus
3139 2293 3511 2352 devotissime

1859 2379 2188 2448 celebratis,
2243 2380 2321 2435 ad
2353 2379 2660 2435 Paschalia
2692 2379 2841 2436 festa
2867 2381 3190 2452 puriﬁcatis
3223 2383 3505 2440 cordibus

1859 2468 2142 2525 accedere
2171 2468 2441 2524 valeatis.
2473 2475 2683 2525 Amen.
2719 2469 2891 2534 Quod
2948 2469 3075 2541 ipse
3105 2476 3401 2542 prasstare.

1927 2575 2026 2630 Ad
2045 2575 2457 2644 complendum.
2487 2606 2551 2615 -—-
2578 2576 2813 2630 Cunctis
2868 2591 2999 2641 nos,
3044 2577 3308 2648 Domine,
3341 2579 3512 2636 reati-

1856 2664 1971 2720 bus
2003 2669 2059 2719 et
2088 2665 2360 2736 periculis
2382 2665 2725 2736 propitiatus
2752 2665 3013 2730 absolve,
3034 2682 3182 2736 quos
3215 2669 3361 2723 tanti
3385 2685 3511 2741 my-

1859 2753 2014 2808 sterii
2031 2753 2234 2808 tribuis
2265 2769 2396 2808 esse
2427 2752 2871 2826 participes.Per
2886 2754 3184 2810 Dominum
3216 2763 3506 2814 nostrum.

1929 2859 2047 2931 48
2074 2860 2267 2929 Super
2293 2859 2656 2930 populum.——
2703 2859 3037 2930 Subjectum
3087 2861 3191 2917 tibi
3217 2863 3506 2934 populum

1854 2963 2228 3020 quaesumus,
2262 2949 2520 3013 Domine,
2537 2948 2876 3020 propitiatio
2892 2948 3141 3004 caelestis
3165 2950 3508 3022 ampliﬁcet,

1855 3041 1912 3092 et
1935 3035 2015 3092 tui
2041 3052 2278 3110 semper
2304 3035 2481 3092 faciat
2513 3036 2728 3091 servire
2756 3035 3080 3092 mandatis.

2210 3142 2236 3185 d
2270 3159 2424 3197 rsum
2451 3158 2486 3198 ιι
2521 3159 2576 3196 1N
2607 3157 2932 3198 nsanonana
2968 3160 3180 3198 TERTIA.

1923 3249 2202 3306 Cordibus
2235 3251 2472 3318 nostris,
2523 3250 3162 3318 qumsumus,Domine,
3194 3250 3492 3322 benignus

1851 3339 2118 3404 infunde,
2149 3344 2212 3394 ut
2242 3339 2395 3395 sicut
2419 3339 2496 3394 ab
2509 3338 2661 3394 escis
2690 3338 3505 3423 corporalibusabstinemus,

1851 3430 1936 3485 ita
1947 3444 2160 3484 sensus
2173 3443 2410 3499 quoque
2423 3433 2658 3483 nostros
2671 3444 2708 3482 a
2721 3428 2912 3482 noxiis
2926 3427 3292 3484 retrahamus
3309 3445 3507 3486 exces-

1852 3517 2037 3573 sibus.
2069 3517 2176 3570 Per
2207 3516 2523 3571 Dominum
2568 3520 2862 3570 nostrum.

1923 3613 2103 3683 Super
2131 3612 2344 3668 oblata.
2365 3643 2425 3651 —
2459 3614 2666 3668 Munus
2692 3611 2856 3682 quod
2873 3611 3506 3676 tibi,Domine-nostrm

1855 3701 2150 3758 servitutis
2175 3699 2571 3766 oﬂ'erimus,tu
2609 3698 2870 3754 salutare
2891 3698 3059 3754 nobis
3080 3699 3296 3771 perﬁce
3311 3717 3508 3758 sacra-

1854 3795 2136 3846 mentum.
2164 3791 2288 3844 Per.

1925 3895 2220 3966 Praefatio.
2251 3925 2319 3934 —
2339 3895 2482 3948 Vere
2507 3891 2750 3962 dignum
2775 3896 2832 3947 et
2852 3891 3068 3962 justum
3086 3896 3430 3964 est,aequum
3453 3897 3510 3948 et

1855 3984 2134 4048 salutare,
2171 3998 2275 4038 nos
2310 3981 2411 4036 tibi
2446 3996 2682 4052 semper
2709 3985 2765 4035 et
2813 3981 3030 4052 ubique
3061 3980 3279 4050 gratias
3309 3995 3506 4050 agere,

1857 4073 2102 4129 Domine
2136 4070 2538 4135 sancte,Pater
2569 4071 3196 4142 omnipotens,asterne
3218 4070 3373 4123 Dens
3409 4085 3419 4126 :
3454 4075 3513 4126 et

1857 4160 2230 4217 clementiam
2267 4165 2432 4214 tuam
2456 4174 2590 4213 cum
2619 4157 2782 4213 omni
2815 4157 3511 4229 supplicationeprecari,

1857 4257 1918 4306 ut
1948 4265 2053 4321 per
2080 4249 2237 4304 hanc
2254 4246 2614 4318 jejuniorum
2642 4247 3122 4301 observationem
3138 4254 3514 4301 crescatnos-

1855 4357 1950 4416 true
1976 4337 2304 4393 devotionis
2320 4333 2652 4404 aﬂ‘ectus,et
2676 4339 2915 4389 nostras
2928 4334 3190 4410 actiones
3201 4334 3512 4404 religiosus

1855 4432 2090 4487 exornet
2119 4425 2362 4480 effectus
2394 4443 2410 4495 ;
2443 4428 2762 4495 quatenus,
2791 4428 2844 4478 te
2872 4421 3192 4478 auxiliante
3220 4428 3277 4478 et
3307 4423 3384 4479 ab
3409 4424 3517 4480 hu-

1855 4518 2052 4576 manis
2082 4530 2316 4586 semper
2369 4512 2747 4568 retrahamur
2799 4512 3160 4578 excessibus,
3193 4519 3252 4567 et
3278 4513 3517 4569 monitis

1858 4607 2145 4671 inhaerere
2200 4603 2532 4670 valeamus,
2592 4605 2648 4656 te
2677 4600 2984 4672 largiente,
3019 4600 3372 4667 cmlestibus,
3409 4603 3518 4659 Per

1861 4697 2152 4754 Christum
2180 4691 2500 4748 Dominum
2544 4694 2838 4744 nostrum.

1932 4803 2028 4858 Ad
2051 4797 2480 4869 complendum.
2503 4827 2574 4837 —
2593 4796 2828 4866 Praesta,
2857 4811 3227 4868 qumsumus,
3247 4796 3516 4868 omnipo-

1861 4898 1992 4950 tens
2010 4895 2066 4946 et
2085 4888 2414 4944 misericors
2430 4889 2670 4949 Deus,ut
2682 4901 2815 4957 quae
2829 4900 2930 4940 ore
2945 4885 3350 4954 contingimus
3363 4901 3511 4957 puro

1862 4986 2058 5038 mente
2084 4978 2406 5050 capiamus.
2430 4975 2535 5030 Per
2570 4974 2885 5030 Dominum
2919 4979 3214 5030 nostrum.

1935 5131 1962 5172 ἀ
1991 5127 2235 5184 Statioin
2250 5126 2382 5181 Cod.
2406 5124 2606 5180 Pamel.
2637 5131 2690 5179 et
2712 5123 2853 5181 Mss.
2887 5124 3516 5181 indicituradsanctum

1863 5202 2157 5263 Marcum,
2193 5199 2324 5252 utin
2357 5197 2589 5251 Kalend.
2617 5197 2775 5250 Rom.
2808 5195 3094 5250 Observat.
3120 5197 3278 5251 Joan.
3312 5197 3513 5252 Fronto

1863 5279 2109 5328 sanctum
2146 5272 2403 5332 Marcum,
2435 5268 2499 5321 de
2546 5284 2650 5339 quo
2684 5268 2788 5332 hic,
2818 5283 2940 5339 esse
2973 5268 3131 5322 Rom.
3173 5268 3508 5333 Pontificem,

1863 5345 1956 5416 qui
1989 5343 2074 5396 die
2202 5339 2453 5416 Octobris
2487 5338 2704 5416 colitur,
2761 5338 3176 5416 cujus_nom_i_ne
3221 5346 3404 5416 exstat
3457 5340 3512 5416 in

1864 5410 1996 5468 urbe
2029 5415 2288 5483 antiquus
2315 5413 2530 5483 titulus.
2592 5411 2863 5483 Admonet
2897 5410 3198 5483 _Parnelius
3247 5412 3355 5483 bac
3377 5410 3512 5464 feria

2307 5481 2771 5537 denuntiationem
2870 5480 2986 5535 rimi
3039 5481 3285 5535 scrutinii
3313 5479 3507 5533 electo-

2307 5557 2674 5608 numenorum.
2701 5497 2862 5608 quod)
2872 5551 3006 5608 feria
3037 5553 3068 5608 4
3094 5569 3212 5608 sea.
3274 5549 3507 5608 celebra-

2872 5551 3006 5610 feria
3037 5553 3068 5608 4
3094 5569 3212 5626 seq.
3274 5549 3509 5608 celebra-

1864 5485 1983 5540 ﬁeri
2036 5483 2247 5538 solitam

1864 5573 1982 5630 rum
2008 5555 2122 5611 sive
2145 5555 2674 5625 catechumenorum,
2701 5569 2808 5630 quo

1863 5627 2049 5691 batur.
