4092 6200
481 275 554 336 τι
1197 299 1200 302 ι
1725 237 1988 318 SANCTI
2027 249 2124 312 ea

2250 245 2378 312 ian
2419 245 2656 313 MAGNI
3047 199 3050 204 ’
3809 245 3900 310 n.

481 403 772 477 templum
792 381 1230 466 docere,quide
1247 391 1396 448 coelo
1413 385 2032 456 descendit,mundum
2047 383 2120 438 ab
2155 391 2200 449 Α
2232 389 2335 438 tua
2365 383 2728 477 protectione
2765 381 3131 440 conﬁdimus
3181 387 3394 439 cuneta
3455 381 3626 438 nobis
3682 382 3888 438 adver-

476 493 824 564 ignorautiie
840 483 1093 542 tenebris
1107 483 1379 548 liberare;
1399 482 1571 550 cujus
1591 480 1918 534 descensus
1937 489 2124 544 genus

471 583 817 654 humanum
830 573 1099 630 doctrina
1117 570 1352 625 salutari
1368 569 1786 634 instruit,murs
1799 580 1835 619 a
1848 567 2124 634 perpetua

482 677 668 726 morte
698 666 963 728 redemit,
988 659 1258 715 ascensio
1271 659 1350 714 ad
1371 657 1628 712 ccelestia
1641 669 1824 726 regna
1837 649 2121 724 perducit.

481 761 588 814 Per
615 770 795 827 quem
817 760 886 818 te,
903 765 1136 806 summe
1157 749 1339 814 Pater,
1355 745 1681 819 poscimus,
1709 747 1790 808 ut,
1807 747 1937 812 ejus
1959 738 2122 793 insti-

479 847 694 903 tutione
726 841 936 902 edocti,
965 838 1239 892 salutaris
1275 836 1656 908 parcimonim
1689 831 2006 886 devotione
2021 841 2126 896 pu-

475 933 710 1000 riﬁcati,
739 930 819 986 ad
848 934 948 984 tua
977 927 1402 998 perveniamus;
1429 923 1725 995 promissa
1773 915 1984 973 securi.
2018 915 2128 969 Per

479 1039 658 1095 quem
690 1019 1068 1088 majestatem
1095 1021 1279 1070 tuam.

549 1110 640 1165 Ad
671 1105 1162 1178 Comptendum.—
1194 1101 1462 1158 Ccelestia
1511 1099 1672 1155 dona
1727 1091 2122 1168 capientibus,

478 1213 844 1273 quaesumus,
873 1196 1142 1260 Domine,
1172 1207 1296 1246 non
1325 1191 1397 1246 ad
1453 1189 1754 1259 {judicium
1821 1180 2126 1256 pervenire

479 1269 724 1362 patiaris
751 1284 916 1358 quod
945 1282 1220 1338 ﬁdelibus
1235 1281 1342 1336 tuis
1355 1279 1432 1334 ad
1447 1275 1777 1333 remedium
1790 1269 2123 1345 providisti.

479 1379 606 1433 Per.

549 1467 720 1538 Super
777 1462 1129 1535 populum.-
1187 1470 1214 1500 ι
1243 1457 1522 1520 Tueatur,
1580 1465 1948 1526 quaesumus,
2017 1449 2128 1502 Do-

478 1556 655 1620 mine,
689 1555 928 1608 dextera
959 1555 1056 1605 tua
1087 1547 1380 1621 populum
1407 1549 1578 1600 tuum
1602 1543 2036 1612 deprecantem,
2071 1540 2128 1591 et

478 1645 850 1718 puriﬁcatem
879 1640 1196 1708 dignanter
1208 1636 1457 1698 erudiat,
1481 1639 1542 1688 ut
1567 1627 1968 1718 consolatione
1989 1639 2126 1696 prai-

479 1716 628 1790 senti
652 1732 732 1788 ad
759 1732 956 1786 futura
985 1729 1151 1784 bona
1173 1723 1455 1797 proﬁciat.
1487 1721 1597 1776 Per
1654 1716 1972 1774 Dominum
2013 1727 2119 1768 no-

479 1829 688 1879 strum.

787 1906 818 1948 ι’
846 1921 1006 1962 ream
1033 1919 1090 1958 iv
1117 1918 1177 1957 ιη
1210 1914 1538 1956 ΗΕΒΒΟΜΛΒΔ
1575 1909 1813 1960 QUARTA.

553 1999 936 2070 Omnipotens
966 1994 1321 2064 sempiterne
1353 1993 1526 2052 Deus,
1559 1987 1662 2058 qui
1688 1981 1934 2056 etjustis
1985 1995 2129 2052 prai-

480 2093 602 2147 mia
616 2087 971 2150 meritorum,
987 2089 1044 2138 et
1055 2079 1467 2153 peccatoribus
1482 2091 1585 2148 per
1592 2075 1670 2145 jej
1682 2073 1878 2128 uniuni
1899 2072 2126 2125 veniam

481 2179 736 2253 praebes,
753 2175 1032 2230 miserere
1057 2167 1442 2241 supplicibus,
1455 2179 1632 2237 parce
1654 2159 2128 2234 peccantibus,ut

479 2247 678 2324 reatus
691 2263 872 2319 nostri
885 2259 1178 2316 confessio
1193 2255 1608 2324 indulgentiam
1625 2251 1813 2316 valeat
1823 2247 2127 2320 percipere

479 2355 850 2411 delictorum.
885 2353 988 2403 Per
1017 2347 1340 2400 Dominum
1369 2347 1662 2398 nostrum.

554 2443 778 2498 Αιια.-
803 2439 1042 2500 Praesta,
1075 2447 1447 2506 quaesumus,
1478 2428 1858 2500 omnipotens
1882 2424 2128 2488 Deus,ut

481 2548 628 2605 quos
649 2529 879 2601 jejunia
909 2525 1103 2581 votiva
1131 2521 1442 2590 castigant,
1475 2518 1610 2589 ipsa
1633 2529 1874 2588 quoque
1891 2513 2126 2605 devotio

479 2599 684 2678 sancta
703 2599 974 2678 laetiﬁcet,
1007 2617 1088 2675 ut,
1121 2608 1365 2665 terrenis
1386 2605 1696 2663 affectibus
1724 2600 2028 2672 mitigatis,
2045 2599 2128 2656 fa-

481 2708 642 2765 cilius
669 2703 930 2760 caelestia
954 2699 1283 2771 capiamus.
1307 2696 1411 2750 Per
1435 2694 1769 2748 Dominum.

549 2798 737 2866 Super
760 2793 1038 2848 oblata.—
1066 2786 1393 2857 Supplices,
1428 2781 1698 2846 Domine,
1731 2787 1786 2836 te
1816 2793 2122 2850 rogamus,

480 2891 545 2942 ut
573 2865 663 2940 his
688 2879 992 2937 sacriﬁciis
1025 2880 1273 2948 peccata
1300 2879 1505 2928 nostra
1558 2869 1942 2933 mundentur,
1982 2865 2128 2936 quia

479 2982 618 3030 tunc
641 2986 844 3028 veram
876 2965 990 3040 54
1017 2963 1191 3020 nobis
1225 2961 1431 3016 tribuis
1455 2963 1512 3014 et
1541 2957 1758 3014 mentis
1785 2963 1842 3012 et
1863 2955 2124 3026 corporis

479 3062 809 3119 sanitatem.
839 3061 941 3113 Per
971 3054 1292 3110 Dominum
1317 3054 1615 3105 nostrum.

547 3159 918 3228 Prw/atio.--
945 3157 1088 3210 Vere
1119 3151 1372 3220 dignum
1403 3153 1460 3202 et
1484 3147 1705 3216 justum
1742 3147 1849 3210 est,
1885 3156 2124 3212 aequum

477 3257 535 3307 et
563 3250 834 3310 salutare,
867 3260 979 3300 nos
1001 3241 1102 3298 tibi
1117 3255 1240 3294 sem
1249 3252 1352 3310 per
1381 3241 1436 3291 et
1459 3233 1678 3304 ubique
1693 3231 1914 3302 gratias
1925 3245 2124 3300 agere,

478 3340 726 3396 Domine
754 3341 970 3400 sancte,
999 3335 1164 3386 Pater
1201 3328 1604 3396 omnipotens,
1661 3327 1879 3376 aeterne
1911 3320 2064 3374 Deus
2104 3336 2120 3378 :

477 3430 582 3502 qui
607 3424 1040 3482 illuminatione
1055 3433 1177 3473 suae
1197 3416 1336 3470 ﬁdei
1365 3411 1641 3468 tenebras
1652 3408 1873 3481 expulit
1887 3407 2118 3474 mundi,

477 3499 534 3578 et
557 3531 745 3588 genus
765 3514 1124 3576 humanum,
1139 3504 1306 3578 quod
1324 3501 1530 3574 primae
1549 3499 1752 3556 matris
1767 3505 1967 3552 uterus
1991 3511 2124 3568 pro-

477 3585 710 3670 fuderat
737 3617 984 3668 caseum,
1001 3592 1424 3652 Incarnationis
1437 3605 1562 3644 sum
1578 3585 1858 3658 mysterio
1869 3585 2124 3642 reddidit

475 3698 896 3758 illuminatum,
914 3689 1168 3758 fecitque
1179 3684 1334 3738 ﬁlios
1347 3679 1705 3751 adeptionis,
1721 3677 1818 3748 qui
1839 3675 2123 3730 teneban-

477 3796 568 3846 tur
596 3783 842 3842 vinculis
864 3783 1039 3851 justte
1069 3769 1491 3830 damnationis.
1527 3768 1638 3821 Per
1661 3766 1861 3836 ipsum
1891 3768 1947 3820 te
1967 3764 2123 3836 peti-

475 3893 629 3946 mus,
661 3881 723 3930 ut
751 3872 896 3927 tales
924 3869 984 3922 in
1011 3864 1140 3934 ejus
1158 3854 1864 3925 inveniamurjustissima
1895 3854 2122 3908 exami-

475 3941 732 4027 natione,
777 3957 986 4030 quales
1041 3951 1181 4009 facti
1232 3961 1438 4002 sumus
1471 3945 1534 3998 in
1579 3941 1806 3998 lavacri
1841 3941 2122 3996 salutaris

474 4029 818 4112 felicissima
845 4039 1308 4112 regeneratione,
1327 4052 1360 4090 u
1371 4043 1405 4104 t,
1422 4033 1472 4103 ej
1481 4049 1549 4088 us
1563 4029 1990 4086 lnearnationis
2005 4045 2124 4085 me-

476 4140 766 4197 dicamine
796 4131 1023 4196 imbuti,
1047 4125 1414 4184 sacrosancti
1441 4119 1667 4177 lavacri
1694 4117 2122 4188 ablutioneloti,

474 4227 862 4304 parcimoniae
875 4215 1184 4274 devotione
1197 4211 1409 4280 ornati,
1432 4209 1510 4265 ad
1524 4217 1746 4264 aeterna
1757 4207 1980 4278 gaudia
1991 4221 2124 4279 per-

475 4299 785 4374 veniamus
811 4307 1002 4366 illaesi.
1039 4307 1147 4360 Per
1171 4317 1352 4374 quem
1383 4299 1773 4370 Majestatem.

546 4415 626 4470 Ad
651 4403 1712 4478 Comptendum.—Sacramentaquaa
1739 4394 2120 4466 sumpsimus,

476 4503 722 4561 Domine
753 4456 906 4554 DEus
924 4499 1139 4556 noster,
1154 4497 1211 4545 et
1223 4456 1725 4560 spiritalibushos
1740 4456 2004 4556 repleam
2027 4456 2125 4538 ali-
2155 4456 2199 4514 D

476 4593 715 4658 mentis,
737 4595 795 4643 et
823 4581 1232 4657 corporalibus
1255 4583 1532 4635 tueantur
1543 4573 2127 4633 auxiliis.PerDomi-

475 4698 619 4740 num
639 4683 938 4736 nostrum.

545 4781 737 4848 Super
763 4773 1138 4846 populum.—
1171 4771 1416 4825 Pateant
1472 4779 1646 4820 aures
1699 4760 2125 4818 misericordia

478 4875 614 4934 tum,
637 4867 903 4932 Domine,
923 4861 1198 4935 precibus
1213 4855 1780 4930 supplieantium,et,
1803 4856 1868 4906 ut
1883 4849 2126 4923 petenti-

475 4959 588 5014 bus
599 4955 934 5013 desiderata
947 4947 1266 5012 concedas,
1281 4946 1374 5002 fac
1387 4959 1490 5000 eos
1503 4957 1641 5015 quae
1661 4941 1770 4998 tibi
1793 4945 1932 4996 sunt
1949 4938 2126 5013 placi-

476 5047 558 5104 da
583 5044 906 5119 postulare.
949 5044 1072 5096 Per.

796 5153 822 5183 ο
851 5155 1008 5194 FERIA
1029 5153 1061 5192 ν
1093 5149 1148 5191 1N
1177 5145 1502 5188 HEBDOMADA
1531 5143 1768 5192 QUARTA.

551 5243 790 5304 Praesta,
823 5249 1197 5308 quaesumus,
1229 5231 1596 5300 omnipotens
1617 5228 1791 5291 Deus,
1825 5229 1890 5281 ut
1925 5223 2029 5296 qui
2065 5221 2126 5280 in

550 5379 576 5410 ει
607 5367 732 5420 llaec
761 5360 933 5417 oratio
963 5357 1018 5412 in
1047 5355 1186 5412 Cod.
1217 5351 1446 5408 Pamelii
1473 5350 1674 5420 legitur
1705 5349 1760 5402 in
1815 5347 2017 5420 ofﬁcio;
2051 5347 2128 5402 fe-

482 5439 578 5496 rite
607 5418 946 5510 precedentis
972 5445 1094 5483 cum
1121 5429 1221 5510 hoc
1243 5426 1404 5510 titulo.
1431 5442 1444 5481 :
1506 5418 1597 5478 Ᾰά
1642 5437 1899 5510 vesperae.
1957 5418 2128 5510 Abest

483 5491 1055 5577 {CodiiiegsSuecn
1083 5501 1152 5554 ad
1181 5513 1342 5572 quem
1391 5501 1575 5550 tamen
1633 5499 1858 5547 multum
1912 5491 2130 5547 accedit

484 5579 634 5640 Edit.
676 5575 1003 5634 Pameliana.
1655 5634 1667 5640 _
1795 5632 1805 5640 _
2009 5632 2017 5640 ,

555 5631 791 5710 S‘Stat—io
815 5646 1130 5722 assignatur
1153 5639 1224 5698 ad
1253 5643 1504 5698 sanctum
1522 5634 1766 5696 Paulum
1794 5632 1848 5690 in
1879 5631 2130 5689 omnibus

2233 471 2446 536 santia,
2469 476 2522 526 te
2547 471 3112 544 adiuvante,supere
3127 487 3281 526 mus.
3303 472 3409 526 Per
3427 471 3746 526 Dominum
3773 485 3888 525 no-

2236 564 2446 612 strum.

2309 648 2492 716 Super
2517 648 2727 704 oblata.
2757 679 2826 690 —
2857 647 3153 704 Efficiatur
3167 647 3296 702 haec
3335 647 3556 716 Hostia,
3615 644 3883 716 Domine,

2233 749 2602 805 quassamus,
2634 735 2998 792 solemnibus
3011 743 3179 808 grata
3203 735 3480 807 jejuniis:
3501 741 3648 804 et,ut
3665 733 3889 790 tibiﬁat

2234 829 2549 894 acceptior,
2587 825 2912 896 puriﬁcatis
2941 825 3245 881 mentibus
3275 825 3620 880 immoletur
3651 823 3758 879 Per
3773 823 3884 880 Do-

2235 926 2461 966 minum
2489 919 2794 970 nostrum.

2306 1001 2607 1068 Praefatio.
2637 1031 2708 1042 —
2735 1001 2874 1058 Vere
2891 1001 3138 1072 dignum
3169 1005 3224 1056 et
3239 1001 3466 1072 justum
3499 1003 3604 1064 est,
3643 1013 3888 1071 aequam

2235 1093 2292 1144 et
2321 1087 2600 1156 salutare,
2636 1106 2746 1146 nos
2771 1089 2878 1145 tibi
2897 1097 3202 1162 semperet
3215 1089 3438 1160 ubique
3450 1090 3670 1160 gratias
3687 1103 3887 1158 agere,

2238 1173 2475 1227 Domine
2497 1181 2723 1238 sancte,
2739 1177 2905 1230 Pater
2925 1175 3326 1246 omnipotens,
3345 1181 3560 1228 aeterne
3581 1173 3734 1227 Dens
3751 1188 3888 1228 :cu-

2229 1261 2325 1331 jus
2353 1261 2592 1317 bonitas
2616 1262 2926 1318 hominem
2979 1262 3238 1318 condidit
3283 1262 3512 1334 justitia
3563 1259 3888 1324 damnavit,

2235 1350 2644 1406 misericordia
2675 1352 2936 1408 redemit.
2955 1353 3030 1406 Te
3047 1351 3346 1406 humiliter
3357 1363 3677 1406 exoramus
3693 1353 3752 1402 ut
3775 1348 3890 1402 sic-

2239 1443 2302 1494 ut
2323 1453 2427 1509 per
2450 1438 2680 1495 illicitos
2705 1441 3002 1512 appetitus
3023 1441 3246 1496 abeata
3271 1439 3512 1509 regione
3537 1433 3884 1499 decidimus,

2237 1525 2320 1582 sic
2332 1526 2410 1582 ad
2427 1533 2712 1584 aeternam
2723 1529 2982 1600 patriam
2995 1543 3102 1600 per
3115 1527 3538 1584 abstinentiam
3549 1524 3888 1580 redeamus.

2238 1615 2450 1686 Sicque
2467 1617 2806 1672 moderetur
2821 1623 2922 1673 tua
2950 1616 3330 1673 miseratione
3341 1619 3544 1670 nostra
3579 1611 3888 1684 fragilitas,

2239 1709 2300 1758 ut
2311 1705 2728 1760 ettransitoriis
2743 1703 3014 1760 subsidiis
3029 1710 3234 1760 nostra
3245 1707 3602 1759 sustentetur
3625 1699 3893 1756 mortali-

2153 1756 2200 1814 Β
2239 1756 3892 1856 istaigisaiaiias‘ga‘u;iaciastiitbemcqui.

2234 1876 2399 1926 ratur
2425 1873 2864 1928 immortalitas.
2887 1875 2993 1928 Per
3035 1872 3353 1928 Christum.

2305 1971 2346 2023 Α
2361 1969 2402 2024 d
2427 1969 2861 2039 Comptendum.
2881 1999 2948 2011 —
2963 1971 3179 2026 Sancta
3193 1975 3288 2024 tua
3300 1985 3431 2034 nos,
3447 1966 3713 2031 Domine,
3728 1980 3890 2038 quai-

2238 2073 2448 2112 sumus
2477 2065 2532 2113 et
2565 2059 2922 2114 viviﬁcando
2949 2064 3252 2125 renovent,
3271 2065 3328 2114 et
3343 2055 3684 2113 renovando
3699 2053 3889 2110 viviﬁ-

2237 2155 2387 2202 cent.
2425 2147 2529 2202 Per
2559 2147 2878 2202 Dominum
2905 2153 3200 2204 nostrum.

2312 2245 2424 2316 55
2447 2247 2634 2314 Super
2650 2247 2954 2317 pupulum.
2995 2276 3064 2286 —
3093 2243 3296 2317 Populi
3315 2243 3416 2314 tui,
3445 2244 3617 2312 Deus,
3661 2239 3890 2295 institu-

2237 2338 2328 2389 tor
2353 2341 2409 2388 et
2437 2339 2628 2389 rector
2649 2337 2898 2404 peccata
2922 2333 3534 2406 quibusimpugnatur
3557 2329 3886 2401 expelle,ut

2237 2437 2472 2493 semper
2503 2423 2605 2477 tibi
2631 2423 2902 2492 placitus,
2929 2431 2986 2478 et
3014 2429 3116 2478 tuo
3145 2421 3475 2477 munimine
3497 2418 3576 2474 sit
3609 2432 3880 2475 securus.

2235 2509 2340 2566 Per
2367 2510 2649 2566 eumdem
2687 2511 3027 2566 Dominum.

2552 2621 2715 2665 rum
2744 2607 2772 2648 ά
2798 2623 2852 2662 vr
2877 2625 2930 2662 ιη
2957 2623 3280 2663 sesamum
3325 2620 3558 2670 QUARTA.

2305 2705 2474 2768 Dens,
2507 2704 2604 2775 qui
2633 2703 3034 2760 ineffabilibus
3056 2705 3351 2760 mundum
3384 2716 3632 2758 renovas
3677 2713 3882 2755 sacra-

2233 2792 2447 2848 mentis
2469 2799 3081 2865 praesta,quiesumus,
3099 2799 3158 2850 ut
3175 2793 3430 2848 Ecclesia
3451 2797 3554 2847 tua
3565 2796 3621 2846 et
3643 2787 3882 2846 aeternis

2234 2881 2506 2952 proﬁciat
2533 2881 2841 2948 institutis,
2869 2889 2925 2938 et
2937 2882 3370 2954 temporalibus
3385 2895 3506 2936 non
3523 2879 3879 2935 destituatur

2234 2968 2488 3024 auxiliis.
2507 2971 2632 3024 Per.

2304 3065 2480 3136 Super
2503 3067 2709 3123 oblata.
2741 3067 3067 3122 —Munera
3091 3081 3222 3133 nos,
3235 3061 3882 3139 quaesumus,Domine,

2233 3155 2436 3210 oblata
2465 3155 2797 3226 puriﬁcent,
2823 3163 2881 3212 et
2903 3162 2957 3212 te
2975 3157 3148 3211 nobis
3159 3156 3378 3226 jugiter
3389 3153 3744 3210 faciantesse
3755 3148 3886 3222 pla-

2233 3248 2454 3300 catum.
2487 3247 2592 3300 Per
2621 3245 2940 3300 Dominum
2979 3251 3273 3300 nostrum.

2303 3341 2604 3411 Prw/atto.
2627 3371 2698 3382 —-
2719 3341 2864 3396 Vere
2879 3342 3132 3411 dignum
3163 3347 3219 3396 et
3264 3341 3492 3411 justum
3521 3342 3884 3407 est,mquum

2232 3437 2291 3488 et
2318 3431 2596 3496 salutare,
2627 3445 2739 3486 nos
2767 3430 2870 3487 tibi
2901 3424 3431 3502 semperetubiq‘ue
3445 3426 3664 3498 gratias
3683 3437 3881 3496 agere,

2231 3520 2480 3576 Domine
2505 3526 2726 3585 sancte,
2771 3519 2941 3574 Pater
2979 3519 3376 3590 omnipotens.
3432 3523 3648 3571 aeterne
3700 3514 3878 3581 Deus,

2233 3625 2338 3682 per
2353 3611 2640 3664 Christum
2661 3609 2984 3664 Dominum
3013 3613 3304 3664 nostrum.
3341 3605 3450 3672 Qui
3467 3610 3556 3659 est
3577 3603 3702 3660 dies
3723 3607 3886 3656 teter-

2232 3713 2367 3762 nus,
2390 3697 2492 3754 lux
2511 3698 2879 3766 indeﬁeien,
2927 3697 3156 3752 claritas
3207 3695 3594 3766 sempiterna.
3636 3691 3748 3756 Qui
3795 3689 3884 3744 sic

2231 3801 2512 3856 sequaces
2537 3801 2674 3839 suos
2699 3785 2760 3839 in
2789 3784 2914 3839 luce
2941 3784 3219 3856 praicepit
3249 3781 3572 3846 ambulare,
3597 3784 3660 3834 ut
3687 3777 3884 3833 noctis

2229 3881 2463 3930 εἰει-ηδε
2477 3872 3378 3944 valeantcaligiuemevadere,et
3389 3869 3462 3925 ad
3475 3868 3624 3924 lucis
3633 3868 3882 3940 patriam

2229 3961 2472 4018 feliciter
2503 3963 2822 4032 pervenire.
2853 3962 2964 4026 Qui
2987 3977 3094 4033 per
3121 3959 3518 4015 humilitatem
3557 3962 3882 4027 assumptus

2231 4050 2621 4108 humanitatis
2653 4053 2934 4106 Lazarum
2972 4049 3150 4114 ﬂevit,
3175 4064 3277 4120 per
3317 4044 3649 4102 Divinitatis
3675 4049 3886 4116 poten-

2233 4141 2379 4194 tiam
2405 4139 2538 4194 vitae
2561 4139 2835 4206 reddidit,
2861 4153 3166 4210 genusque
3193 4139 3532 4192 humanum
3562 4131 3712 4204 (2'29)
3735 4146 3890 4204 qua-

2232 4228 2449 4284 driﬁda
2475 4233 2839 4298 peccatorum
2870 4225 3024 4282 mole
3043 4227 3324 4282 obrutum
3339 4223 3418 4280 ad
3433 4223 3614 4278 vitam
3633 4221 3884 4277 reduxit.

2233 4320 2339 4371 Per
2349 4331 2530 4386 quem
2551 4317 2803 4386 petimus
2809 4315 2892 4387 jej
2905 4315 3021 4370 unii
3033 4314 3444 4370 observatione
3457 4327 3494 4366 a
3505 4315 3882 4383 peccatorum

2234 4409 2578 4460 nostrorum
2603 4403 2850 4458 nexibus
2873 4402 3044 4467 solvi,
3069 4401 3448 4458 mternasvitm
3465 4396 3720 4454 felicitati
3751 4395 3888 4450 red-

2234 4494 2317 4558 di,
2347 4499 2403 4550 et
2417 4501 2760 4549 sanctorum
2789 4493 3040 4548 coetibus
3063 4489 3498 4546 connumerari.
3523 4487 3635 4542 Per
3675 4499 3886 4556 quem.

2233 4593 2328 4648 Ad
2353 4591 2886 4662 Complendum.-—
2906 4593 3038 4645 Haec
3071 4603 3197 4654 nos,
3227 4601 3600 4660 quaesumus,
3619 4581 3882 4638 Domine.

2235 4680 2608 4754 participatio
2633 4681 3083 4742 sacramenti,et
3095 4673 3626 4750 prepriisreatibus
3656 4670 3890 4726 indesi-

2233 4775 2442 4826 nenter
2455 4767 2752 4840 expediat,
2779 4775 2837 4824 et
2857 4767 2937 4824 ab
2983 4765 3268 4825 omnibus
3323 4769 3560 4821 tueatur
3583 4759 3880 4818 adversis.

2233 4859 2361 4916 Per.

2307 4955 2486 5026 Super
2509 4955 2821 5027 populum.
2853 4984 2923 4996 —
2951 4955 3056 5021 Da,
3103 4965 3471 5024 quaesumus,
3509 4946 3886 5020 omnipotens

2233 5045 2314 5100 De
2323 5061 2407 5112 us,
2427 5051 2488 5101 ut
2501 5045 2604 5116 qui
2615 5044 2975 5100 inﬁrmitatis
2986 5046 3204 5098 nostrae
3218 5040 3442 5096 conscii
3456 5040 3531 5094 de
3549 5043 3651 5094 tua
3675 5037 3888 5092 virtute

2233 5133 2594 5189 conﬁdimus
2625 5133 2732 5188 sub
2765 5139 2866 5189 tua
2912 5145 3148 5204 semper
3207 5128 3421 5202 pietate
3475 5125 3878 5198 gaudeamus.

2235 5221 2370 5278 Per.

2236 5347 2395 5404 libris
2425 5346 2629 5402 nostris
2659 5346 2752 5419 qui
2781 5350 3073 5419 stationum
3105 5345 3492 5419 meminerunt.

2309 5431 2334 5459 ο
2365 5419 2624 5473 lndiCitur
2676 5407 2836 5472 statio
2892 5419 2972 5473 ad
3001 5425 3272 5472 sanctum
3301 5415 3660 5479 Silvestrum,
3691 5407 3746 5464 in
3779 5407 3895 5478 lau-

2240 5489 2381 5562 datis
2409 5507 2573 5562 supra
2613 5489 2782 5546 Codd.
2817 5489 2908 5562 qui
2940 5491 3007 5562 de
3037 5487 3371 5562 stationibus
3405 5491 3598 5562 agunt.

2313 5561 2340 5603 ά
2369 5562 2430 5615 In
2423 5551 2642 5636 iisdem
2671 5551 3012 5636 supra’laud.
3041 5559 3215 5618 Codd.
3248 5551 3562 5632 legitur'hie
3587 5571 3600 5614 :
3630 5551 3712 5613 Ad
3763 5567 3896 5610 san-

2244 5641 2394 5694 ctum
2408 5634 2732 5694 Eusebium.
