4086 6198
257 183 319 250 73
1453 169 1665 234 LIBER
1713 147 2377 256 SACRAMENTORUM.
3544 175 3618 239 γε,

578 323 604 352 ι
635 326 865 366 SABBATO
900 325 950 362 IN
993 321 1234 361 HEBDOM.
1273 320 1504 368 QUARTA.

315 403 444 469 Fiat,
475 400 737 466 Domine,
767 381 1139 468 quaesumus,
1168 409 1274 464 per
1288 393 1540 462 gratiam
1576 395 1737 445 tuam
1752 387 1868 443 fru-

253 483 1036 548 ctuosusnostraedevotionis
1070 480 1338 545 affectus,
1372 480 1514 551 quia
1532 485 1668 532 tunc
1694 475 1866 531 nobis

249 577 834 651 proderuntsuscepta
851 572 1092 642 jejunia,
1109 569 1157 624 si
1175 573 1280 623 tuae
1295 569 1404 622 sint
1420 567 1636 638 placita
1650 564 1864 636 pietati.

248 668 338 721 Per
367 664 673 718 Dominum
699 666 1001 715 nostrum.

303 750 684 818 Superoblata.
701 777 765 787 —
780 742 1201 808 Oblationibus,
1219 757 1581 813 quaesumus,
1598 739 1863 803 Domine,

245 841 454 912 placare
484 836 796 906 susceptis,
831 841 886 888 et
915 833 991 888 ad
1023 838 1077 886 te
1111 838 1362 895 nostras,
1397 830 1571 883 etiam
1595 827 1863 890 rebelles,

243 925 507 996 compelle
533 923 830 994 propitius
863 923 1191 976 voluntates
1245 959 1256 970 .
1288 917 1396 971 Per
1428 916 1755 970 Dominum.

300 1012 606 1080 Praefatio.
644 1008 873 1064 —Vere
906 1008 1148 1076 dignum
1179 1010 1235 1060 et
1268 1005 1863 1075 iustumest,mquum,

240 1108 287 1158 et
311 1101 578 1165 salutare,
611 1115 724 1153 nos
752 1099 854 1152 tibi
870 1110 1106 1166 semper
1121 1100 1177 1150 et
1197 1093 1412 1164 ubique
1428 1092 1650 1162 gratias
1665 1105 1862 1158 agere,

242 1189 469 1246 Domine
499 1185 1541 1255 sancte,Pateromnipotens,a:terne
1561 1183 1712 1234 Deus
1740 1178 1866 1232 zmi-

238 1277 545 1332 sericordiae
579 1275 695 1345 56
727 1273 900 1328 dator
931 1278 984 1327 et
1009 1271 1187 1326 totius
1213 1269 1492 1324 bonitatis
1506 1272 1736 1330 auctor,
1760 1266 1865 1336 qui

236 1363 475 1437 jejuniis,
507 1362 878 1417 orationibus
891 1368 947 1416 et
979 1356 1360 1428 eleemosynis
1378 1361 1760 1428 peccatorum
1779 1369 1865 1408 re-

235 1451 417 1508 media
439 1456 496 1506 et
529 1451 747 1504 virtum
767 1447 1039 1503 omnium
1090 1444 1300 1499 tribuis
1349 1445 1733 1498 incrementa.
1790 1443 1863 1496 Te

232 1539 422 1596 humili
442 1537 760 1592 devotione
789 1549 1138 1607 precamur,
1174 1536 1238 1587 ut
1267 1531 1462 1602 quiad
1493 1533 1610 1584 haec
1628 1528 1865 1598 agenda

235 1630 676 1686 saluberrimam
699 1626 914 1682 dedisti
944 1625 1300 1687 doctrinam,
1334 1623 1409 1676 ad
1439 1620 1862 1690 complendum

234 1717 573 1775 indefessam
588 1716 808 1771 tribuas
819 1713 1151 1778 efﬁcaciam,
1170 1711 1587 1766 utobedienter
1600 1716 1698 1764 tua
1711 1726 1865 1764 exse-

233 1813 460 1878 quentes
485 1809 810 1876 praacepta,
835 1802 1076 1857 feliciter
1105 1807 1206 1855 tua
1230 1799 1531 1871 capiamus
1556 1799 1864 1870 promissa.

231 1895 322 1950 Per
348 1896 631 1950 Christum
697 1892 1017 1946 Dominum
1050 1895 1342 1944 nostrum.

290 1984 376 2038 Ad
397 1981 818 2051 Conplendum.
842 2009 908 2019 —
937 1980 1079 2040 Tua,
1108 1993 1244 2039 nos,
1272 1991 1643 2048 quaesumus,
1671 1975 1864 2030 Domi-

231 2087 310 2132 ne.
336 2079 538 2126 sancta
571 2068 908 2140 puriﬁcent,
932 2072 988 2121 et
1015 2067 1362 2137 operatione
1395 2079 1506 2119 sua
1557 2063 1864 2133 perficiant

229 2175 342 2215 esse
372 2158 641 2231 placitos.
664 2158 773 2210 Per
805 2156 1125 2210 Dominum
1156 2159 1448 2208 nostrum.

290 2249 460 2316 Super
486 2246 784 2316 populum.
817 2273 887 2283 —
927 2245 1076 2298 Deus
1134 2243 1233 2313 qui
1283 2238 1662 2312 sperantibus
1684 2238 1745 2294 in
1784 2244 1860 2303 te,

232 2335 471 2391 misereri
511 2336 716 2406 potius
748 2333 918 2402 eligis
945 2347 1129 2402 quam
1157 2331 1354 2393 irasci,
1388 2329 1462 2382 da
1492 2325 1668 2382 nobis
1683 2327 1863 2396 digne

231 2423 350 2478 ﬂere
363 2424 518 2477 mala
529 2437 670 2491 quas
685 2421 954 2485 fecimus,
976 2425 1036 2473 ut
1048 2423 1161 2473 tum
1182 2415 1607 2473 consolationis
1620 2415 1863 2483 gratiam

228 2511 468 2566 invenire
499 2510 840 2566 valeamus.
867 2508 989 2562 Per.

227 2615 458 2653 DOIINICA
487 2613 602 2652 VIN
659 2610 1094 2659 QUAnaAcssmA.
1148 2592 1177 2634 b
1207 2607 1274 2647 nn
1340 2607 1592 2646 mssxons
1649 2606 1860 2645 boum.

286 2687 652 2748 Qumsumus,
669 2684 1038 2753 omnipotens
1056 2681 1229 2743 Deus,
1249 2679 1534 2734 familiam
1552 2685 1714 2733 tuam
1731 2693 1864 2748 pro-

222 2773 376 2843 pitius
397 2773 653 2842 respice,
687 2779 747 2826 ut
775 2777 828 2824 te
848 2768 1135 2838 largiente
1169 2774 1410 2837 regatur
1439 2767 1496 2820 in
1526 2781 1791 2836 corpore,
1807 2771 1863 2840 et

221 2869 269 2915 te
292 2868 556 2916 servante
579 2859 959 2916 custodiatur
977 2859 1034 2912 in
1057 2862 1264 2912 mente.
1296 2856 1402 2910 Per
1419 2856 1751 2911 Dominum.

282 2950 455 3019 Super
473 2950 932 3005 oblata—Haec
976 2961 1248 3009 munera,
1310 2945 1577 3008 Domine,
1628 2958 1862 3015 quaesu-

1897 309 1944 366 Α
1975 305 2192 365 noster,
2218 305 2274 357 et
2303 317 2455 372 quos
2481 301 2598 357 tuis
2622 299 2924 374 mysteriis
2967 302 3276 373 recreasti,
3323 309 3619 378 perpetuis

1975 387 2228 444 defende
2259 388 2284 428 ά
2317 390 2623 461 praesidiis.
2652 391 2760 445 Per
2787 390 3105 445 Dominum
3149 396 3442 450 nostrum.

2045 478 2232 546 Super
2252 479 2544 548 populum.
2562 478 2744 544 —Da,
2768 493 3136 550 quaesumus,
3157 482 3421 546 Domine,
3441 483 3618 539 nobis

1979 575 2481 636 perserverantem
2503 566 2554 618 in
2597 571 2698 621 tua
2729 566 3025 621 voluntate
3054 566 3427 636 famulatum,
3463 575 3526 625 ut
3557 572 3618 627 in

1975 653 2187 708 diebus
2219 658 2444 720 nostris,
2483 655 2588 726 57
2619 660 2674 709 et
2694 655 3220 712 meritoetnumero
3248 659 3499 730 p0pulus
3516 660 3620 718 tibi

1977 743 2236 796 serviens
2261 750 2568 812 augeatur.
2599 747 2701 798 Per
2728 742 3048 798 Domiunm
3079 750 3375 804 nostrum.

2281 843 2306 870 θ
2340 848 2495 885 FERlA
2526 847 2564 885 ll
2594 849 2646 886 1N
2687 847 3049 885 HEBODOMADA
3107 849 3320 895 QUINTA.

2046 917 2381 986 Sanctiﬁca,
2412 935 2772 989 quaesumus,
2794 919 3052 987 Domine,
3079 927 3284 976 nostra
3295 923 3546 992 jejunia,
3563 928 3620 982 et

1973 1010 2317 1061 cunctarum
2330 1008 2503 1061 nobis
2521 1007 2810 1078 propitius
2824 1006 3254 1078 indulgentiam
3266 1009 3478 1081 largire
3500 1011 3620 1069 cul-

1974 1107 2207 1163 parum.
2246 1095 2351 1149 Per
2387 1095 2710 1150 Dominum
2732 1100 3021 1151 nostrum.

2043 1180 2220 1249 Super
2249 1183 2462 1238 oblata.
2495 1214 2561 1222 —
2597 1183 2868 1238 Concede
2914 1183 3112 1249 nobis,
3167 1185 3413 1241 Domine
3462 1186 3617 1243 Deus

1974 1275 2192 1334 noster,
2216 1274 2275 1324 ut
2302 1269 2431 1325 hinc
2461 1272 2661 1326 Hostia
2691 1271 2987 1338 salutaris,
3015 1277 3072 1327 et
3130 1277 3470 1330 nostrorum
3517 1273 3620 1333 ﬁat

1975 1357 2250 1426 purgatio
2275 1358 2648 1422 delictorum,
2676 1365 2733 1415 et
2752 1363 2868 1414 tum
2893 1360 3230 1430 propitiatio
3275 1362 3620 1433 Majestatis.

1944 1513 1948 1516 Ι
1973 1443 2103 1498 Per.

2043 1533 2346 1602 Prw/“alio.
2371 1567 2438 1575 —
2459 1536 2602 1590 Vere
2631 1535 2871 1605 dignum
2893 1539 2949 1590 et
2961 1535 3187 1605 justum
3213 1541 3325 1607 est,
3375 1554 3619 1610 aequum

1975 1626 2030 1676 et
2048 1621 2326 1690 salutare,
2356 1639 2468 1679 nos
2491 1623 2596 1678 tibi
2613 1638 2848 1694 semper
2862 1628 2915 1678 et
2943 1623 3159 1694 ubique
3186 1627 3404 1694 gratias
3421 1643 3615 1699 agere,

1975 1710 2221 1764 Domine
2247 1718 2470 1775 sancte,
2503 1712 2674 1766 Pater
2692 1711 3079 1782 omnipotens,
3105 1718 3324 1768 aeterne
3359 1715 3516 1770 Deus
3534 1731 3547 1770 :
3565 1720 3618 1772 te

1975 1797 2321 1868 suppliciter
2358 1804 2672 1854 exorantes
2707 1804 2769 1853 ut
2807 1799 2886 1853 sic
2935 1805 3132 1856 nostra
3169 1804 3615 1860 sanctiﬁcantur

1967 1883 2044 1954 jej
2057 1884 2217 1950 unia,
2233 1902 2350 1957 quo
2366 1893 2702 1942 cunctorum
2717 1886 2886 1940 nobis
2908 1894 3277 1956 peccatorum
3305 1892 3620 1961 proveniat

1972 1973 2362 2043 indulgentia,
2417 1980 2734 2045 quatenus,
2763 1975 3279 2046 apprOpinquante
3325 1978 3617 2048 Unigeniti

1978 2061 2097 2116 Filii
2127 2065 2209 2117 tui
2233 2062 2522 2132 passione,
2551 2063 2846 2117 bonorum
2879 2077 3130 2133 operum
3147 2063 3246 2119 tibi
3259 2065 3490 2136 placere
3517 2083 3615 2125 va-

1974 2149 2204 2204 leamus
2236 2150 2617 2206 exhibitione.
2650 2153 2756 2206 Per
2785 2166 2965 2222 quem
2995 2152 3380 2220 Majestatem.

2042 2238 2130 2291 Ad
2161 2238 2584 2306 Complendum.
2633 2268 2696 2278 -
2730 2241 3098 2295 Sacramenti
3125 2241 3224 2308 tui,
3245 2258 3618 2317 quaesumus,

1974 2326 2241 2390 Domine,
2275 2325 2649 2397 participatio
2668 2325 2940 2382 salutaris
2955 2333 3012 2382 et
3031 2328 3501 2398 puriﬁcationem
3517 2348 3621 2389 no-

1971 2413 2066 2469 bis
2116 2413 2372 2485 praabeat
2403 2420 2458 2469 et
2484 2414 2796 2472 medelam.
2826 2415 2940 2469 Per
2967 2416 3288 2473 Dominum
3319 2426 3618 2480 nostrum.

2042 2503 2214 2574 Super
2236 2505 2540 2572 populum.
2574 2534 2642 2544 —
2673 2503 3032 2570 Benedictio,
3081 2521 3457 2577 quaesumus,
3511 2511 3620 2566 Do-

1972 2592 2228 2654 mine,in
2271 2597 2401 2647 tuos
2427 2591 2635 2647 ﬁdeles
2673 2593 2919 2664 copiosa
2959 2593 3303 2662 descendat,
3351 2602 3408 2652 et
3431 2613 3617 2669 quam

1973 2679 2257 2748 subiectis
2278 2679 2560 2736 cordibus
2586 2683 2872 2752 expetunt
2888 2681 3124 2752 largiter
3137 2694 3607 2756 consequantur.

1971 2767 2094 2822 Per.

2288 2872 2445 2912 FBRIA
2475 2855 2575 2912 inf
2603 2872 2661 2911 ω
2692 2873 3019 2912 HEBDOIADA
3077 2875 3293 2923 omnm.

1970 2946 2182 2999 Nostra
2210 2944 2335 3009 tibi,
2365 2961 2734 3016 quaesumus,
2763 2946 3032 3015 Domine,
3063 2949 3182 3002 sint
3209 2953 3444 3021 accepta
3463 2950 3614 3023 jeju-

222 3053 354 3105 mus,
377 3044 432 3093 et
457 3037 707 3093 vincula
727 3047 946 3091 nostrae
979 3033 1280 3105 pravitatis
1306 3033 1639 3096 absolvant,
1668 3036 1854 3086 ettuee
1897 3023 1941 3083 Ο
1969 3033 2088 3100 nia,
2121 3049 2250 3104 quae
2277 3049 2386 3088 nos
2416 3034 2784 3105 etexpiando
2816 3047 2848 3088 8
2872 3035 3062 3103 gratia
3115 3041 3219 3094 tua
3247 3037 3463 3109 dignos
3489 3040 3612 3098 efﬁ-

219 3126 377 3181 nobis
415 3123 847 3180 misericordiae
873 3123 1035 3178 dona
1062 3121 1395 3177 concilient.
1443 3121 1570 3176 Per.

282 3216 574 3284 Praefatio.
598 3243 668 3252 —
695 3212 841 3266 Vere
869 3210 1122 3281 dignum
1157 3215 1213 3264 et
1230 3209 1464 3279 justum
1487 3214 1592 3274 est,
1622 3223 1856 3279 aequum

221 3307 268 3356 et
294 3303 558 3366 salutare,
581 3316 698 3356 nos
727 3299 829 3354 tibi
857 3314 1093 3369 semper
1118 3304 1174 3352 et
1191 3296 1408 3368 ubique
1422 3298 1641 3365 gratias
1656 3311 1851 3364 agere,

221 3391 443 3444 Domine
481 3394 715 3458 sancte,
764 3389 931 3442 Pater
988 3386 1379 3457 omnipotens,
1413 3392 1627 3439 teter-ne
1653 3384 1852 3438 Deus:

219 3478 547 3548 Majestatem
579 3484 749 3532 tuam
775 3475 1122 3546 prOpensius
1144 3473 1542 3544 implorantes,
1558 3477 1852 3543 utquanto

221 3567 395 3635 magis
420 3567 545 3621 dies
576 3565 901 3620 salutiferas
924 3561 1252 3618 festivitatis
1278 3561 1525 3626 accedit,
1550 3566 1714 3616 tanto
1752 3560 1852 3616 de-

220 3655 390 3708 votius
419 3654 494 3710 ad
525 3655 578 3724 ej
590 3670 663 3708 us
687 3653 867 3721 digne
896 3649 1312 3706 celebrandum
1343 3650 1730 3722 proficiamus
1751 3665 1854 3720 pa-

220 3742 395 3797 schale
415 3742 785 3814 mysterium.
805 3741 906 3795 Per
919 3739 1206 3794 Christum
1227 3738 1546 3793 Dominum
1566 3743 1850 3794 nostrum.

277 3841 299 3870 ε
323 3830 667 3886 Benedictio.
690 3859 760 3869 —
790 3827 1086 3883 Accendat
1120 3826 1180 3880 in
1219 3826 1384 3881 vobis
1411 3826 1703 3880 Dominus
1736 3827 1847 3881 vim

218 3919 294 3973 sui
305 3920 538 3989 amoris,
570 3923 636 3973 et
653 3933 759 3989 per
766 3917 846 3988 jej
858 3917 1122 3972 uniorum
1139 3914 1568 3971 observantiam
1584 3915 1849 3969 infundat

214 4003 267 4058 in
293 4009 452 4062 vobis
475 4007 718 4062 donum
749 4022 874 4060 suae
909 4003 1361 4059 benedictionis.
1422 4003 1743 4057 Amen.Sic
1795 4003 1846 4057 ei

215 4094 578 4162 parcimonia
608 4093 882 4148 victimas
897 4091 1248 4154 offeratis,ut
1264 4092 1497 4146 contriti
1517 4090 1571 4145 ei
1584 4090 1777 4145 cordis
1791 4096 1847 4145 et

217 4179 476 4237 hnmiliati
492 4181 795 4237 sacrificio
808 4179 1108 4250 placeatis.
1126 4182 1320 4233 Amen.
1338 4180 1640 4242 Quatenus
1656 4179 1846 4233 oratio

217 4275 388 4325 vestra
410 4270 625 4342 jejunii
657 4268 1051 4338 eleemosynaa
1088 4266 1197 4322 alis
1244 4265 1527 4320 subvecta
1557 4265 1637 4321 ad
1672 4282 1846 4322 aures

215 4358 369 4411 vestri
399 4356 730 4414 conditoris
756 4355 1061 4418 ascendat,
1098 4359 1160 4408 ut
1176 4369 1281 4408 vos
1295 4360 1511 4408 aeterne
1533 4353 1845 4410 beatitudi-

219 4442 298 4497 nis
320 4445 606 4510 hieredes,
629 4450 688 4498 et
714 4457 1112 4513 supernorum
1139 4441 1360 4496 civium
1386 4448 1690 4498 consortes
1725 4442 1841 4498 efﬁ-

213 4535 330 4589 ciat.
353 4537 569 4587 Amen.
611 4529 784 4595 Quod
814 4530 946 4602 ipse
977 4534 1262 4600 praestare
1286 4529 1582 4600 dignetur.

276 4620 348 4677 Ad
374 4618 784 4689 Complendum.
817 4648 885 4658 —-
914 4616 1157 4683 Adesto,
1186 4618 1376 4682 nobis,
1394 4617 1641 4674 Domine
1667 4620 1840 4684 Deus,

276 4758 299 4788 ι
351 4748 404 4798 ln
432 4743 673 4799 Kalend.
717 4745 867 4798 Rom.
897 4742 986 4795 hic
1015 4741 1215 4812 legitur
1249 4760 1261 4794 :
1294 4743 1386 4796 Ad
1425 4748 1669 4796 sanctum
1697 4744 1844 4797 Lau-

219 4819 434 4870 rentium
467 4815 735 4869 adﬂari.
765 4813 967 4866 licetin
1019 4812 1148 4867 Cod.
1194 4812 1394 4867 Pamel.
1461 4821 1512 4866 et
1557 4813 1611 4866 in
1645 4814 1844 4867 nostris

218 4886 334 4942 Mss.
359 4885 722 4957 legaturngd
772 4891 1015 4957 sanctum
1069 4885 1240 4957 Laur.
1306 4885 1444 4952 foris
1492 4901 1722 4938 murum.
1752 4885 1844 4939 Sic

220 4953 728 5028 quoque'legendum
771 4958 956 5008 censet
985 4953 1142 5006 Joan.
1189 4953 1410 5010 Fronto.

278 5026 303 5068 δ
331 5029 414 5082 Sic
435 5027 637 5102 legitur
697 5025 763 5102 in_
783 5023 1463 5102 omnibusﬂlibris‘nostris
1489 5029 1631 5102 “tam
1681 5025 1844 5102 editis

223 5113 358 5166 quam
397 5093 555 5152 manu
588 5095 898 5167 descriptis,
951 5094 997 5167 si
1046 5093 1429 5167 Kalendarium
1488 5097 1639 5167 Rom.
1700 5096 1844 5150 exci-

223 5169 341 5292 g‘i’as,
367 5169 417 5222 in
449 5185 576 5244 quo,
608 5173 665 5218 ut
705 5165 1011 5219 in’czeteris
1072 5181 1169 5236 pro
1223 5166 1454 5220 statione
1504 5165 1721 5238 legitur.
1757 5169 1845 5221 Ad

284 5245 446 5292 rictum
475 5241 732 5292 Petrum.

284 5245 446 5293 rictum
475 5241 732 5294 Petrum.

283 5322 304 5378 ς
331 5310 447 5363 Haec
473 5306 794 5364 Benedictio
833 5306 1033 5378 legitur
1061 5306 1115 5360 in
1148 5305 1592 5362 Benedictionali.

286 5377 308 5419 ⁸
339 5380 391 5432 ln
419 5380 513 5434 Ed.
575 5379 810 5443 Pamel.,
876 5377 1103 5447 defende
1155 5378 1428 5447 subsidiis,
1488 5377 1845 5436 dissentiente

228 5446 339 5507 Cod.
367 5450 498 5524 Reg.
534 5452 719 5520 Suec.,
749 5447 842 5521 qui
876 5446 1038 5502 habet
1056 5448 1348 5521 prasidiis.

518 5541 756 5597 Pamon.
800 5537 1062 5598 LXXVIII.

1967 3121 2141 3185 ciant,
2169 3127 2224 3175 et
2245 3120 2319 3175 ad
2349 3125 2498 3192 (230)
2523 3121 2790 3178 remedia
2816 3123 3134 3194 perducant
3193 3129 3438 3185 aeterna.
3507 3130 3612 3186 Per

1966 3209 2276 3264 Dominum
2289 3251 2302 3266 .

2037 3296 2214 3368 Super
2239 3298 2457 3354 oblata.
2487 3328 2556 3338 —
2578 3299 2812 3355 Hostias
2840 3299 2963 3366 tibi,
2990 3299 3256 3367 Domine,
3283 3302 3608 3362 deferimus

1963 3385 2374 3442 immolandas:
2399 3391 3137 3460 quaesumus,temporalem
3153 3391 3609 3450 consolationem

1961 3474 2137 3529 nobis
2158 3475 2529 3546 impendant,
2556 3482 2620 3530 ut
2644 3476 3168 3546 promissacertius
3192 3495 3314 3536 non
3331 3481 3606 3554 despere-

1961 3579 2092 3618 mus
2113 3568 2346 3618 aaterna.
2381 3562 2513 3617 Per.

2029 3649 2337 3718 Prw/alio.
2357 3679 2418 3690 —
2453 3649 2595 3705 Vere
2625 3649 2876 3718 dignum
2906 3656 2962 3706 et
2976 3651 3206 3721 justum
3237 3659 3342 3720 est,
3374 3673 3602 3728 aequum

1958 3743 2014 3794 et
2033 3737 2304 3801 salutare,
2320 3752 2429 3793 nos
2451 3737 2553 3792 tibi
2575 3753 2812 3808 semper
2826 3744 2882 3794 et
2900 3738 3108 3810 ubique
3133 3744 3386 3810 grastias
3401 3760 3596 3813 agere,

1957 3825 2207 3881 Domine
2238 3831 2458 3890 sancte,
2488 3826 2660 3880 Pater
2672 3827 3075 3897 omnipotens,
3098 3834 3317 3885 aeterne
3342 3833 3602 3889 Deuszet

1954 3919 2010 3970 te
2030 3913 2261 3968 devotis
2283 3913 2579 3968 mentibus
2606 3914 2963 3984 supplicare,
2999 3922 3058 3969 ut
3089 3932 3199 3972 nos
3225 3917 3466 3975 interius
3497 3937 3600 3978 ex-

1953 4003 2252 4074 teriusque
2282 4007 2577 4056 restaures
2591 4007 2648 4057 et
2669 4002 3039 4072 parcimonia
3068 4006 3312 4062 salutari
3338 4024 3374 4063 a
3389 4023 3597 4080 pecca-

1955 4095 2138 4146 torum
2165 4090 2438 4145 sordibus
2460 4105 2702 4160 purges.
2719 4093 2946 4162 thuos
2963 4091 3326 4150 illecebrosis
3341 4096 3594 4155 delecta-

1952 4180 2210 4235 tionibus
2229 4195 2349 4234 non
2363 4180 2450 4233 vis
2464 4180 2748 4251 impediri,
2764 4182 3007 4252 siiiritali
3019 4199 3108 4238 um
3123 4185 3397 4241 virtutum
3410 4187 3594 4245 facias

1951 4269 2151 4338 vigore
2176 4269 2414 4329 muniri,
2443 4273 2498 4322 et
2517 4270 2601 4322 sic
2627 4270 2687 4323 in
2704 4269 2878 4324 rebus
2903 4273 3250 4328 transitoriis
3267 4276 3492 4343 foveas,
3533 4282 3597 4333 ut

1951 4357 2246 4427 perpetuis
2275 4355 2548 4410 inhaerere
2583 4357 2891 4412 concedas.
2922 4357 3026 4412 Per
3063 4360 3353 4415 Christum
3405 4365 3597 4422 Domi-

1951 4459 2098 4498 num
2124 4447 2412 4497 nostrum.

2027 4532 2142 4603 58
2169 4531 2263 4585 Ad
2293 4529 2724 4599 Complendum.
2755 4563 2819 4573 —
2851 4534 2954 4597 Da,
2983 4550 3352 4606 quaesumus,
3405 4541 3597 4596 omni-

1952 4626 2164 4692 potens
2195 4623 2447 4684 Deus,ut
2473 4635 2600 4690 quae
2620 4619 2825 4676 divina
2856 4629 3012 4688 sunt,
3028 4624 3248 4693 jugiter
3268 4641 3596 4702 exsequen-

2023 4756 2048 4824 ς
2079 4744 2250 4824 Statio
2267 4741 2613 4824 feritehujus
2653 4749 2745 4824 est.
2792 4746 3130 4824 ads-auctum
3163 4749 3588 4824 Chrysogonum.

2023 4814 2045 4854 f
2079 4814 2235 4893 Apud
2265 4813 2486 4893 Pamel.,
2534 4815 2973 4893 assentientibus
3015 4819 3152 4893 Mss.
3183 4813 3323 4893 Heg.
3357 4813 3517 4879 Suec.
3542 4834 3596 4882 et

1951 4883 2238 4960 Theoder”
2275 4883 2440 4960 statio
2469 4889 2552 4936 est
2605 4885 2964 4960 adsanctum
3007 4883 3322 4960 Cyriacuiu.
3379 4896 3437 4948 ln
3489 4898 3594 4950 Ka-

1953 4955 2098 5037 lend:
2128 4958 2285 5037 Rom.
2313 4954 2514 5037 legitur
2541 4970 2554 5007 :
2610 4956 2712 5037 Ad
2739 4966 2986 5037 salictum
3036 4954 3369 5037 Quirtacum.
3425 4966 3594 5037 Hujus

1951 5026 2093 5080 tituli
2126 5025 2334 5099 mentio
2364 5029 2448 5077 est
2479 5027 2773 5099 praesertim
2821 5029 2874 5081 in
2915 5025 3125 5099 synodo
3160 5037 3309 5088 Rom.
3345 5037 3446 5089 sub
3500 5025 3596 5091 ᾖο-

1953 5105 2082 5177 εῐηο.
2117 5096 2375 5177 Gregorio
2427 5112 2546 5177 quae
2598 5096 2688 5177 in_
2729 5098 2876 5177 prius
2918 5096 3155 5177 vulgatis
3231 5113 3316 5159 est
3363 5106 3458 5160 lib.
3518 5126 3589 5173 v1,

1952 5168 2111 5248 epist.
2144 5167 2384 5248 “mune
2409 5166 2751 5248 adultegistri
2785 5172 2985 5224 calcem
3064 5175 3187 5248 huic
3209 5178 3354 5248 enim
3384 5166 3592 5248 synodo

1953 5239 2356 5312 subscripsit_A
2370 5239 2578 5312 uerutus
2605 5240 2888 5310 presbyter
2906 5239 3085 5297 sancti
3109 5246 3381 5312 Quiriaci.

1954 5379 1964 5390 ο
2023 5321 2054 5362 s
2081 5308 2238 5390 Apud
2280 5307 2500 5390 Pamel.,
2526 5312 2720 5390 gratiae
2749 5307 2864 5369 (uae
2887 5313 2998 5386 dig.
3030 5307 3237 5373 Pavent
3271 5317 3427 5375 nobis
3447 5318 3584 5381 Mss.

1951 5377 2175 5456 ipseque
2201 5377 2404 5435 Codex.
2430 5380 2565 5458 Reg.
2599 5378 2760 5444 Suec.

3233 5545 3270 5628 ἦ
