4092 6200
494 242 569 304 15
1714 241 1990 306 'SANCTI
2027 240 2370 315 GREGORII
2410 245 2648 308 MAGNI
3810 253 3882 317 76

493 370 783 453 tes,d_onis
808 366 1493 437 mereamurcmlestibus
1507 371 2136 445 appropinquare.Per
2164 378 2215 440 Α
2248 377 2427 428 stram
2461 375 2753 443 gubernet
2770 379 2826 432 et
2850 380 3145 448 protegat,
3177 375 3312 432 etin
3339 379 3581 448 portum
3594 384 3891 453 perpetuis

493 450 805 517 Dominum
830 464 1123 513 nostrum.

559 547 746 617 Super
770 545 1070 615 populum.
1106 574 1175 584 ——
1202 544 1430 612 Libera,
1451 547 2078 617 qraesumus,Domine,
2098 563 2135 603 a

488 636 746 712 peccatis
766 640 822 690 et
840 633 1112 689 hostibus
1144 633 1247 688 tibi
1279 634 1557 705 populum
1584 637 2034 708 supplicantem,
2069 641 2133 692 ut

492 726 697 782 sancta
713 722 1168 778 conversatione
1186 723 1466 787 viventes,
1485 723 1657 779 nullis
1686 725 2019 781 inﬁciantur
2035 725 2135 782 ad-

489 813 693 869 versis.
726 812 829 866 Per
857 809 1136 865 eumdem
1157 810 1477 866 Dominum
1519 818 1811 868 nostrum.

808 939 965 980 FERIA
995 935 1023 965 ⁸
1050 940 1109 979 1V
1133 939 1187 978 ιη
1227 939 1554 980 HBBDOMADA
1598 942 1813 987 QUINTA.

563 1029 937 1089 Sanctiﬁcato
948 1030 1061 1085 hoc
1071 1029 1323 1099 jejunio,
1345 1030 1518 1096 Deus,
1542 1036 1776 1087 tuorum
1794 1031 1976 1087 corda
1991 1030 2136 1087 ﬁde-

491 1123 628 1180 lium
645 1120 958 1175 miseratus
975 1118 1225 1185 illustra,
1239 1122 1297 1173 et
1308 1118 1529 1191 quibus
1546 1119 1878 1175 devotionis
1891 1125 2133 1191 praestas

494 1209 782 1271 affectum,
794 1207 989 1279 praebe
1008 1206 1486 1278 supplicantibus
1499 1207 1659 1279 pium
1672 1208 1960 1278 benignus
1973 1207 2135 1263 audi-

491 1303 640 1355 tum.
663 1297 772 1351 Per
802 1295 1158 1349 Dominum.

563 1388 755 1455 Super
782 1383 1007 1439 oblata.
1040 1413 1103 1422 ——
1132 1386 1356 1447 Annue,
1374 1382 1710 1438 misericors
1743 1384 1924 1453 Deus,
1943 1388 2007 1438 ut
2024 1382 2135 1438 ho-

492 1473 636 1531 stias
661 1471 1014 1544 placationis
1027 1475 1081 1526 et
1092 1469 1287 1526 laudis
1306 1471 1537 1527 sincero
1550 1470 1654 1526 tibi
1667 1471 1995 1527 deferamus
2027 1470 2136 1527 ob-

493 1560 718 1635 sequio.
754 1562 876 1627 Per,

563 1649 876 1719 Praefatio.
910 1648 1131 1701 --Vere
1148 1644 1416 1717 dignutm
1442 1647 1739 1718 etjustum
1772 1652 1872 1710 est,
1908 1663 2135 1716 aequum

2247 460 2453 516 salutis
2491 463 2754 520 inducat.
2780 465 2885 520 Per
2908 467 3226 521 Dominum
3259 470 3562 522 nostrum.

2314 539 2501 609 Super
2521 544 2824 613 populum.
2851 574 2921 585 —
2954 544 3241 613 Concede,
3278 544 3610 601 misericors
3634 548 3807 615 Deus,
3827 556 3892 608 ut

2243 626 2396 682 sicut
2420 645 2528 684 nos
2561 629 2768 684 tribuis
2798 631 3063 686 solemne
3084 629 3190 687 tibi
3205 630 3432 686 deferre
3457 631 3767 703 jejunium,
3802 638 3888 694 sic

2243 713 2416 769 nobis
2433 714 2815 786 indulgentiae
2840 723 2949 773 tuae
2973 717 3244 789 praebeas
3264 717 3557 791 benignus
3583 722 3885 780 auxilium.

2242 800 2369 856 Per.

2581 920 2607 950 θ
2634 925 2793 964 FERIA
2825 926 2885 965 Vl
2913 926 2972 965 IN
3002 926 3324 965 HEBDOIIADA
3353 924 3564 970 QUINTA

2311 1037 2599 1094 Cordibus
2629 1041 2862 1106 nostris,
2897 1042 3166 1108 Domine,
3192 1041 3484 1113 benignus
3510 1044 3777 1114 infunde,
3798 1051 3884 1117 ut,

2244 1132 2480 1197 peccata
2509 1135 2716 1184 nostra
2730 1129 3118 1199 castigatione
3156 1130 3485 1187 voluntaria
3515 1134 3883 1201 cohibentes,

2241 1218 2358 1268 tem
2368 1215 2644 1285 poraliter
2673 1217 2870 1288 potius
2882 1232 3448 1291 maceremurquam
3468 1220 3771 1293 suppliciis
3786 1223 3889 1280 de-

2243 1307 2523 1374 putamur
2546 1305 2805 1361 aeternis.
2830 1308 2953 1361 Per.
3788 1372 3791 1375 _

2315 1390 2492 1461 Super
2509 1393 2720 1449 oblata.
2749 1425 2819 1434 -—
2842 1394 3063 1450 Prtesta
3099 1394 3295 1462 nobis,
3353 1397 3688 1454 misericors
3709 1399 3887 1468 Deus,

2245 1483 2309 1532 ut
2333 1480 2513 1548 digne
2538 1480 2652 1535 tuis
2681 1496 2918 1552 semper
2941 1483 3153 1537 servire
3165 1481 3456 1539 altaribus
3478 1494 3894 1553 mereamur,et

2245 1582 2453 1623 eorum
2492 1574 2784 1640 perpetua
2810 1569 3263 1643 participatione
3298 1571 3538 1629 salvari.
3569 1576 3674 1631 Per
3706 1575 3897 1633 Domi-

2243 1670 2411 1711 num.

494 1745 548 1798 et
564 1740 981 1805 salutare,‘nos
995 1734 1103 1790 tibi
1121 1750 1359 1807 semper
1384 1740 1440 1790 et
1453 1735 1677 1807 ubique
1690 1737 2132 1807 gratiasagere,
2162 1730 2206 1787 B
2314 1745 2609 1812 Prw/“atto.
2637 1776 2706 1786 —
2739 1747 2881 1802 Vere
2905 1746 3155 1817 dignum
3196 1752 3253 1803 et
3272 1747 3501 1816 justum
3532 1754 3641 1815 est,
3662 1767 3895 1823 aequum

491 1828 729 1887 Domine
759 1830 981 1889 sancte,
1017 1826 1183 1878 Pater
1209 1825 1610 1895 omnipotens,
1643 1832 1854 1880 aeterne
1885 1826 2136 1883 Deus:et

492 1923 546 1974 te
578 1914 820 1987 supplici
855 1913 1171 1968 devotione
1200 1928 1465 1979 exorare,
1496 1918 1560 1969 ut
1598 1929 1703 1984 per
1728 1913 1979 1983 jejunia,
2003 1929 2133 1985 quas

492 2001 970 2062 sacrisinstitutis
1044 2000 1444 2071 exsequimur,
1514 2016 1550 2055 a
1598 2002 1822 2056 cunctis
1873 2001 2135 2055 reatibus

490 2090 807 2151 emundari
829 2103 1172 2157 mereamur,
1204 2093 1489 2159 tuamque
1518 2088 1813 2160 percipere
1845 2089 2135 2144 valeamus

488 2179 993 2256 propitiationem,
1016 2177 1120 2247 qui
1151 2192 1563 2248 praeparamur
1590 2177 1666 2232 ad
1711 2176 2134 2232 celebrandam

490 2268 783 2341 Unigeniti
815 2266 943 2321 Filii
964 2265 1047 2320 tui
1088 2265 1451 2336 passionem.
1499 2264 1602 2320 Per
1639 2280 1822 2337 quem
1867 2265 2135 2336 Majesta-

488 2365 607 2415 tem
618 2399 631 2412 .

451 2473 463 2487 ε
526 2418 533 2427 δ
563 2447 654 2502 Ad
683 2440 1105 2513 Complendum.
1135 2470 1201 2481 -
1226 2439 1490 2496 leestis
1543 2440 1685 2496 doni
1725 2440 2135 2497 benedictione

451 2538 789 2609 'percepta,
823 2529 1127 2602 supplices
1158 2536 1212 2584 te
1251 2529 1407 2584 Deus
1432 2529 1830 2600 omnipotens,
1853 2529 2134 2601 depreca-

488 2639 644 2688 mur,
672 2626 735 2677 ut
754 2620 867 2676 hoc
896 2618 1049 2673 idein
1077 2617 1249 2673 nobis
1270 2623 1327 2673 et
1373 2617 1524 2688 (231)
1582 2618 1927 2674 sacramenti
1948 2632 2134 2673 causa

487 2712 562 2769 sit
588 2717 644 2766 et
665 2708 892 2766 salutis.
924 2710 1027 2763 Per
1047 2706 1388 2761 Dominum.

556 2801 801 2856 Alia.—
831 2794 1074 2861 Exaudi,
1114 2810 1489 2867 quaesumus,
1546 2794 1787 2849 Domine
1844 2794 2131 2864 gemitum

484 2887 685 2964 populi
705 2883 1115 2957 supplicantis,
1157 2887 1212 2937 et
1240 2883 1341 2953 qui
1380 2882 1453 2937 de
1483 2884 1822 2938 meritorum
1850 2882 2132 2954 qualitate

486 2976 824 3039 difﬁdimus,
838 2988 958 3029 non
973 2971 1291 3045 judicium,
1322 2972 1425 3026 sed
1443 2971 1904 3027 misericordiam
1922 2986 2132 3026 conse-

485 3066 585 3142 qui
604 3077 962 3123 mereamur.
996 3061 1111 3119 Per
1130 3060 1475 3115 Dominum.

826 3151 856 3193 ι)
884 3166 1048 3206 ream
1070 3166 1106 3205 v
1127 3164 1180 3202 IN
1206 3164 1543 3205 assumion
1571 3164 1796 3213 QUINTA.

556 3240 758 3299 Tribue
788 3238 1378 3309 nobis,quaesumus,
1406 3235 1835 3306 indulgentiam
1866 3240 2136 3307 peccato-

483 3348 643 3395 rum,
660 3335 722 3387 ut
748 3329 1016 3385 instituta
1030 3324 1261 3397 jejunia
1278 3323 1375 3380 tibi
1392 3324 1623 3397 placitis
1643 3324 1914 3381 sensibus
1925 3338 2134 3397 opere-

485 3437 642 3479 mur.
672 3420 782 3475 Per
808 3417 1143 3472 Dominum.

565 3508 744 3580 Super
764 3506 985 3563 oblata.
1006 3534 1073 3543 —
1099 3500 1371 3558 Concede
1387 3500 1584 3567 nobis,
1617 3500 1882 3567 Domine,
1906 3516 2138 3573 quaesu-

487 3614 647 3662 mus,
670 3601 733 3652 ut
757 3591 1109 3651 celebraturi
1133 3596 1344 3647 sancta
1364 3590 1668 3663 mysteria,
1688 3604 1810 3645 non
1829 3589 2007 3645 solum
2035 3590 2134 3645 ab-

488 3685 825 3743 stinentiam
843 3679 1236 3755 corporalem,
1254 3680 1378 3745 sed,
1402 3678 1563 3750 quod
1575 3684 1666 3735 est
1686 3678 1901 3750 potius,
1918 3676 2138 3734 habea-

486 3792 619 3833 mus
642 3773 933 3829 mentium
970 3770 1306 3842 puritatem.
1340 3768 1463 3822 Per.

566 3865 681 3936 59
700 3861 991 3932 Prw/“aiio.
1043 3888 1110 3897 —
1156 3858 1298 3909 Vere
1345 3855 1598 3923 dignum
1650 3859 1707 3908 et
1753 3853 1972 3924 justum
2023 3858 2133 3920 est,

490 3968 729 4025 aequum
756 3956 813 4006 et
841 3949 1121 4013 salutare,
1150 3958 1262 3998 nos
1289 3941 1390 3997 tibi
1406 3956 1646 4012 semper
1677 3948 1733 3995 et
1757 3940 1978 4012 ubique
2004 3956 2138 4011 gra-

487 4042 600 4097 tias
626 4055 822 4108 agere,
841 4037 1089 4091 Domine
1103 4039 1323 4097 sancte,
1338 4030 1509 4085 Pater
1518 4044 1615 4083 om
1625 4028 2137 4099 nipotens,a-.terne

489 4134 647 4188 Deus
684 4126 824 4200 :qui
854 4127 932 4179 sic
946 4137 1055 4178 nos
1085 4120 1295 4175 tribuis
1326 4116 1714 4173 solemnetibi
1735 4116 1963 4172 deferre
1985 4117 2139 4187 jeju-

490 4218 679 4280 nium,
713 4221 772 4269 ut
796 4210 1177 4281 indulgentiae
1207 4213 1320 4262 ture
1351 4221 1659 4278 speremus
1684 4220 1795 4260 nos
1842 4205 2138 4277 percipere

494 4303 820 4362 subsidium
839 4317 856 4365 ;
870 4298 954 4353 sic
968 4313 1077 4353 nos
1093 4292 1354 4352 instituis
1370 4294 1446 4349 ad
1462 4292 1819 4348 celebranda
1832 4293 2140 4349 Paschalis.

2212 1838 2299 1886 eet
2319 1833 2597 1899 salutare,
2630 1849 2739 1889 nos
2768 1835 2876 1889 tibi
2897 1850 3138 1905 semper
3166 1834 3886 1909 etubiquegratiasagere,

2243 1918 2481 1975 Domine
2494 1927 2710 1990 sancte,
2728 1921 3289 1993 Pateromnipotens,
3307 1930 3517 1980 aeterne
3538 1928 3692 1981 Deus
3709 1942 3723 1982 :
3739 1929 3888 1993 (232)

2242 2010 2415 2078 cujus
2452 2025 2559 2063 nos
2589 2010 2985 2065 misericordia
3023 2012 3303 2082 praevenit
3320 2017 3382 2067 ut
3406 2012 3556 2068 bene
3605 2029 3884 2085 agamus.

2243 2097 2619 2167 subsequitur
2639 2113 2712 2152 ne
2740 2098 2957 2154 frustra
2985 2114 3253 2169 agamus.
3285 2101 3555 2156 accendit
3612 2103 3887 2160 intentio-

2242 2200 2381 2239 nem
2407 2199 2530 2256 qua
2559 2185 2636 2239 ad
2662 2185 2823 2241 bona
2849 2201 3024 2256 opera
3037 2187 3381 2256 peragenda
3409 2188 3883 2255 inardescamus,

2239 2271 2441 2327 tribuit
2466 2270 2797 2328 efﬁcaciam
2828 2288 2951 2345 qua
2986 2274 3112 2329 haec
3134 2273 3212 2330 ad
3235 2273 3549 2346 perfectum
3562 2276 3883 2347 perducere

2240 2359 2559 2415 valeamus.
2573 2363 2755 2416 Tuam
2771 2377 2910 2430 ergo
2925 2359 3286 2417 clementiam
3304 2362 3618 2419 indefessis
3641 2366 3886 2422 vocibus

2239 2448 2651 2517 obsecramus,
2687 2456 2748 2505 ut
2773 2466 2878 2505 nos
2887 2450 3095 2521 jejunii
3127 2451 3363 2506 victimis
3380 2466 3416 2506 a
3442 2452 3702 2523 peccatis
3723 2469 3888 2510 mun-

2241 2536 2409 2593 datos
2434 2537 2509 2591 ad
2538 2537 2956 2593 celebrandam
2978 2538 3270 2607 Unigeniti
3287 2538 3407 2594 Filii
3432 2541 3517 2595 tui
3530 2540 3768 2596 Domini
3784 2557 3892 2599 no-

2243 2626 2347 2680 stri
2376 2625 2710 2695 passionem
2738 2625 2922 2681 facias
2952 2642 3080 2683 esse
3109 2626 3377 2683 devotos.
3404 2630 3508 2684 Per
3531 2644 3714 2701 quem
3764 2630 3889 2688 Ma-

2236 2714 2535 2784 jestatem.

2309 2801 2402 2856 Ad
2432 2800 2858 2871 Complendum.
2892 2833 2955 2844 —
2979 2801 3215 2874 Sumpti
3267 2803 3557 2870 sacrificii,
3605 2806 3878 2875 Domine,

2239 2896 2525 2962 perpetua
2550 2906 2655 2945 nos
2685 2890 2852 2946 tuitio
2876 2906 2999 2946 non
3012 2890 3321 2963 relinquat,
3340 2893 3583 2949 etnoxia
3595 2910 3827 2968 semper
3851 2913 3887 2952 a

2239 2978 2417 3034 nobis
2446 2982 2658 3033 cuncta
2685 2979 2962 3050 depellat.
2999 2979 3106 3035 Per
3128 2980 3447 3035 Dominum
3466 2989 3763 3042 nostrum.

2163 3080 2207 3140 ρ
2313 3068 2497 3138 Super
2520 3066 2911 3137 populum.—
2943 3070 3204 3137 Protege,
3258 3068 3528 3135 Domine,
3588 3071 3887 3142 populum

2242 3162 2436 3221 tuum,
2470 3161 2524 3210 et
2548 3156 2605 3209 in
2635 3155 2949 3225 Majestatis
2978 3161 3095 3211 tua:
3132 3157 3458 3227 patrocinio
3485 3158 3889 3218 conﬁdentem

2242 3247 2530 3316 perpetua
2556 3242 2901 3299 defensione
2918 3243 3206 3313 guberna.
3243 3247 3366 3301 Per.

2456 3384 2575 3456 ευ
2598 3399 2875 3439 summa
2905 3382 2933 3425 ά
2962 3400 3107 3439 AN'rii
3145 3401 3322 3441 RAMOB
3359 3403 3674 3445 PALMARUI.

2317 3516 2697 3589 Omnipotens
2728 3516 3084 3589 sempiterna
3105 3516 3287 3582 Deus,
3315 3518 3701 3577 clementiam
3732 3526 3893 3580 tuam

2245 3605 2585 3679 suppliciter
2612 3621 2950 3670 exoramus,
2986 3610 3048 3661 ut
3072 3606 3175 3678 qui
3206 3606 3367 3664 mala
3408 3613 3612 3666 nostra
3654 3625 3896 3683 semper
3935 3661 3938 3663 λ

2242 3694 2537 3767 praevenis
2554 3692 3100 3759 miserando,facias
3122 3692 3223 3748 tibi
3237 3693 3501 3765 placitos,
3517 3702 3573 3751 et
3585 3696 3696 3767 piis
3707 3697 3895 3755 actio-

2214 3810 2219 3815 -
2244 3780 2416 3837 nibus
2441 3787 2498 3836 et
2513 3780 2752 3851 jejuniis
2782 3780 3127 3835 salubribus
3154 3781 3476 3851 expianda.
3507 3783 3636 3840 Per.

2313 3869 2497 3938 Super
2519 3868 2728 3924 oblata.
2750 3897 2822 3908 —
2850 3868 3089 3934 Praesta,
3117 3884 3485 3940 quaesumus,
3512 3872 3893 3944 omnipotens

2247 3960 2418 4023 Deus,
2441 3956 2868 4026 utjejuniorum
2885 3956 3158 4027 placatus
3176 3956 3501 4028 sacriﬁciis,
3521 3960 3890 4017 remissionis

2243 4050 2359 4101 tua;
2385 4061 2492 4100 nos
2524 4045 2695 4099 venia
2714 4046 3120 4115 prosequaris.
3144 4046 3252 4099 Per
3282 4047 3590 4101 Dominum
3604 4054 3891 4105 nostrum.

2316 4133 2621 4202 Praefatio.
2645 4161 2716 4173 —
2738 4133 2884 4187 Vere
2912 4132 3165 4202 dignum
3195 4137 3251 4188 et
3271 4135 3499 4203 justum
3520 4140 3626 4204 est,
3647 4151 3893 4208 aequum

2246 4229 2303 4278 et
2324 4222 2605 4290 salutare,
2632 4235 2743 4277 nos
2756 4218 2854 4276 tibi
2876 4236 3113 4293 semper
3125 4226 3181 4277 et
3207 4221 3427 4295 ubique
3448 4224 3669 4291 gratias
3690 4240 3893 4295 agere,

2248 4311 2497 4368 Domine
2546 4315 2767 4373 sancte,
2810 4311 2977 4364 Pater
3005 4310 3406 4380 omnipotens,
3437 4316 3655 4368 interna
3687 4313 3843 4369 Deus
3878 4331 3894 4370 :

492 4396 850 4462 festa,utper
865 4390 992 4444 haec
1006 4384 1389 4457 acquiramus
1403 4380 1623 4452 gaudia
1639 4380 2014 4452 sempiterna.
2034 4380 2135 4436 Per

2255 4399 2418 4471 cujus
2443 4414 2548 4453 nos
2579 4396 2727 4452 fides
2745 4395 2976 4463 excitat,
3006 4411 3143 4468 spes
3171 4398 3360 4468 erigit,
3388 4398 3645 4456 charitas
3666 4399 3893 4470 jungit.

494 4482 791 4541 Christum
809 4476 1149 4533 Dominum.

563 4572 655 4626 Ad
668 4565 1095 4638 Complendum.
1122 4591 1194 4603 —-
1212 4562 1585 4631 Vegetetnos,
1618 4557 1886 4625 Domine,
1911 4571 2140 4628 semper

493 4664 551 4719 et
573 4660 812 4717 innovet
840 4662 951 4712 ture
982 4666 1205 4708 mensae
1226 4648 1451 4712 libatio,
1468 4660 1603 4717 qua:
1632 4644 2004 4714 fragilitatem
2030 4659 2137 4701 no-

566 4850 590 4880 ι
622 4834 786 4908 Apud
828 4830 1030 4908 Pamel.
1060 4833 1113 4883 et
1140 4827 1203 4908 in.
1221 4822 1448 4881 Kalend.
1475 4824 1627 4908 Rom:
1680 4819 1843 4875 statio
1877 4820 2138 4908 assigna-

493 4915 581 4966 tur
610 4893 946 4963 ad‘sanctum
974 4899 1317 4961 Marcellum,
1345 4910 1464 4947 cum
1510 4893 1712 4966 quibus
1732 4900 1988 4947 convenit
2027 4910 2137 4962 pri-

495 4963 617 5035 inus
644 4979 910 5031 Tbeoder.
955 4975 1010 5027 ln
1044 4972 1175 5024 Cod.
1207 4969 1344 5037 Reg.
1378 4967 1539 5018 Suec.
1562 4980 1575 5015 :
1600 4963 1699 5037 Ad
1720 4969 1968 5017 sanctum
1999 4966 2139 5037 Mar-

493 5034 777 5108 cellinum.
833 5048 891 5101 ln
949 5042 1190 5097 secundo
1240 5034 1504 5091 'l‘beoder.
1568 5034 1701 5088 :Ad
1726 5041 1972 5088 sanctam
1999 5036 2140 5088 illar-

496 5140 729 5245 νιῖωρτο
756 5181 1206 5250 stationelegitur
1232 5179 1287 5231 in
1314 5174 1545 5250 Kalend.
1577 5173 1733 5250 Rom.
1764 5180 1816 5227 et
1866 5173 2010 5250 apud
2039 5174 2140 5227 Pa-

494 5244 670 5319 meli:
696 5262 1027 5316 Adsanrtum
1051 5244 1459 5324 Appollinarem
1491 5244 1875 5324 ldconﬁ!m_a_nt
1896 5244 2026 5324 Mss.

460 5313 799 5402 .—'c_-H-ujus
841 5330 932 5402 l‘er.
984 5313 1169 5388 statio,
1217 5322 1381 5393 juxta
1412 5316 1629 5371 eosdem
1677 5316 1868 5379 Codd.,
1934 5321 2020 5369 est
2068 5313 2139 5368 ad

489 5398 747 5462 sanctum
778 5398 1121 5472 Stephanum.
1156 5462 1187 5472 Δ.

566 5454 781 5546 fired
832 5454 1122 5546 έδωθὲίυω
1152 5459 1341 5515 mulus
1382 5462 1477 5546 is}
1526 5454 2132 5546 i.5.“.’?.bﬁl";_'_",.3ff?‘i¥'

491 5524 927 5614 Βοηῐίῖαἷράρα
953 5538 1350 5614 elemosynam
1370 5524 2134 5614 4¢§~49é€®9ﬂ£¢tt9p

492 5596 908 5697 Eii-marginem
952 5613 1132 5665 autem
1155 5596 1272 5660 tusc
1300 5600 1501 5657 habet:
1537 5596 1692 5654 Hunc
1713 5610 1823 5654 esse
1850 5610 2041 5654 verum
2066 5597 2137 5656 ti-

2246 4487 2428 4558 Cujus
2457 4485 2761 4541 miseratio
2774 4486 3028 4554 gratuita
3052 4484 3329 4557 puriﬁcat
3342 4502 3495 4557 quos
3512 4488 3895 4548 conscientiae

2245 4581 2442 4631 reatus
2455 4577 2714 4629 accusat-
2731 4571 2807 4626 Te
2832 4572 3010 4642 igitur
3035 4587 3170 4626 cum
3202 4570 3433 4629 interno
3451 4575 3651 4644 rugitu
3678 4576 3891 4648 depre-

2246 4676 2465 4727 camur,
2480 4667 2563 4725 ut,
2587 4658 2848 4716 carnalis
2875 4658 3174 4716 alimoniae
3186 4660 3577 4718 refrenatione
3588 4662 3892 4735 castigati,

2248 4814 2431 4870 tutum
2465 4811 2628 4878 huius
2659 4810 2793 4873 diei,
2821 4815 2981 4879 atque
3001 4808 3116 4865 ideo
3129 4824 3356 4881 sequens
3383 4808 3615 4882 ofﬁcium
3641 4828 3751 4867 non
3780 4831 3896 4872 esse

2249 4886 2667 4953 Gregorianum,
2692 4885 2936 4954 putate;
2966 4882 3451 4954 OrdineRomano,
3480 4900 3607 4954 pag.
3637 4886 3723 4938 41.
3749 4886 3897 4941 Red.

2248 4956 2327 5010 dit
2357 4951 2535 5007 autem
2558 4951 2825 5026 ratiunem
2846 4951 3005 5022 hujus
3044 4952 3185 5005 tituli
3216 4951 3501 5026 Alcuinus,
3528 4951 3675 5025 quod
3696 4956 3817 5026 etsi.
3858 4973 3897 5013 δ,

2285 5024 2925 5095 outiﬁceomnitenipure
2974 5034 3318 5095 eieemosyna
3366 5022 3561 5095 detur,
3597 5022 3896 5095 specialius

2271 5113 2423 5167 amen
2457 5093 2509 5148 id
2552 5093 2712 5167 hodie
2767 5092 2962 5167 faciat,_
2993 5092 3136 5167 _quia_
3188 5092 3539 5167 [evangelium
3597 5092 3899 5167 pauperum

2245 5166 2570 5220 mentionem
2601 5162 2747 5227 facit,
2776 5166 2928 5234 cujus
2950 5162 3177 5234 historia
3206 5163 3308 5234 hoc
3344 5162 3443 5219 'die
3491 5162 3617 5218 ante
3645 5162 3736 5219 sex
3771 5167 3898 5223 dies

2246 5239 2471 5291 Pascbae
2497 5233 2746 5304 contigit.
2778 5233 2850 5286 [n7
2884 5233 3014 5288 Cod.
3070 5236 3201 5302 Heg.
3251 5233 3415 5288 Suec.
3475 5235 3675 5305 legitur
3707 5250 3719 5291 :
3763 5237 3897 5293 Sab-

2246 5308 2451 5370 batum,
2482 5306 2552 5359 ad
2580 5304 2833 5358 Sanctum
2856 5305 3080 5357 Petrum
3108 5310 3319 5375 quando
3348 5304 3678 5375 elcemdsyna
3697 5307 3892 5364 datur.

2244 5377 2528 5435 Consentit
2586 5375 2711 5429 huic
2757 5375 2857 5428 lec.
2921 5375 3193 5446 secundus
3252 5374 3680 5446 Theod.;prior
3699 5387 3894 5435 autem

2245 5448 2431 5505 eadem
2457 5446 2623 5502 habet
2660 5461 2723 5501 ac
2778 5444 2977 5499 Pamel.
3007 5444 3107 5498 Ed.
3149 5443 3210 5498 In
3241 5446 3469 5500 Kalend.
3503 5443 3661 5502 Rom.
3717 5466 3844 5505 vero
3873 5467 3888 5508 :

2245 5519 2472 5578 Sabbato
2500 5518 2667 5575 datur
2687 5518 3008 5589 fermentum
3039 5515 3101 5571 in
3136 5514 3460 5574 consistorio
3489 5516 3882 5585 Lateranonsi.
