4086 6198
217 253 280 318 77

1407 247 1614 314 LIBER
1661 245 2324 314 SACRAMENTORUM.

3501 271 3590 333 78'

217 384 281 439 ad
309 381 702 438 celebrandum
733 381 1016 452 paschale
1054 384 1396 454 mysterium
1455 383 1823 439 inveniamur
1854 381 1904 440 A
2002 380 2162 437 Alia.
2183 414 2249 424 —
2272 386 2665 445 Reminiscere
2697 387 3142 447 miserationum
3166 393 3422 461 tuarum,
3467 399 3580 454 Do-

215 470 399 528 idonei.
433 470 534 524 Per
581 469 901 526 Christum.

271 559 346 614 Ad
367 557 773 625 Complendum.
813 588 882 596 —
927 558 1166 622 Adesto,
1223 561 1488 622 Domine,
1546 557 1822 612 ﬁdelibus

213 648 323 710 tuis,
348 653 396 701 et
420 662 568 716 quos
585 645 926 701 ccelestibus
953 646 1146 701 reﬁcis
1170 648 1574 712 sacramentis,
1593 662 1629 700 a
1652 651 1823 700 terre-

211 734 287 790 nis
308 749 575 788 conserva
596 732 890 803 periculis.
931 734 1037 788 Per
1065 733 1376 789 Dominum
1399 741 1688 790 nostrum.

265 821 418 891 Super
437 820 732 889 papulum.
756 851 820 863 —
849 821 1015 876 Plebs
1041 826 1164 886 tua,
1201 822 1448 878 Domine
1463 837 1820 894 quaesumus,

208 908 600 964 benedictionis
623 914 838 963 sanctae
867 925 1086 964 munus
1137 910 1411 982 accipiat,
1447 927 1544 981 per
1573 908 1733 980 quod
1767 912 1823 962 et

207 996 359 1052 noxia
385 1011 626 1068 quaeque
645 996 916 1061 declinet,
944 1004 998 1052 et
1027 1004 1232 1069 optata
1260 999 1530 1069 reperiat.
1561 1001 1662 1052 Per
1716 996 1823 1050 Do.

208 1099 405 1139 minum
417 1125 428 1136 .

482 1189 632 1259 (233)
665 1204 799 1246 non.
830 1205 880 1243 IN
915 1205 1080 1244 RAMIS
1109 1206 1403 1245 PALMARUM
1435 1202 1461 1232 ει
1495 1232 1506 1244 .

261 1286 631 1356 Omnipotens
647 1287 1005 1357 sempiterne
1018 1287 1194 1355 Deus,
1215 1288 1317 1358 qui
1331 1288 1596 1342 humano
1618 1285 1820 1356 generi

204 1374 262 1428 ad
272 1373 612 1429 imitandum
628 1375 973 1431 humilitatis
985 1375 1323 1446 exemplum
1341 1375 1704 1431 Salvatorem
1720 1390 1820 1429 no-

206 1468 364 1516 strum
383 1478 617 1517 carnem
642 1478 876 1517 sumere
894 1469 949 1518 et
978 1479 1214 1518 crucem
1235 1463 1432 1518 subire
1454 1463 1662 1527 fecisti,
1681 1477 1821 1517 con-

203 1549 321 1604 cede
339 1550 620 1620 propitius
654 1557 716 1606 ut
739 1557 796 1606 et
817 1549 1114 1622 patientiae
1161 1551 1350 1622 ipsius
1375 1551 1596 1606 habere
1639 1551 1821 1606 docu-

204 1644 389 1702 menta,
413 1644 468 1693 et
498 1639 964 1694 Resurrectionis
995 1639 1298 1695 consortia
1321 1655 1673 1696 mereamur.
1709 1639 1820 1704 Qui

203 1731 368 1780 tecum
390 1727 544 1781 vivit.

257 1814 426 1882 Super
441 1815 662 1870 oblata.
694 1846 756 1855 —
777 1814 1062 1880 Concede,
1087 1830 1450 1886 quaesumus,
1472 1816 1741 1879 Domine,
1761 1819 1823 1870 ut

203 1901 356 1955 oeulis
375 1909 481 1956 tua?
497 1902 832 1972 Majestatis
847 1919 1065 1957 munus
1083 1903 1368 1966 oblatum,
1384 1910 1436 1956 et
1452 1903 1704 1971 gratiam
1719 1919 1821 1956 no-

204 1987 596 2044 bisdevotionis
609 1990 893 2058 obtineat,
907 1990 1242 2045 eteffectum
1254 1989 1434 2044 beatae
1449 1990 1820 2061 perennitatis

205 2076 450 2145 acquirat.
484 2081 612 2134 Per.
916 2125 923 2132 .

257 2162 281 2203 1³
305 2164 596 2234 Praefatio.
621 2196 690 2205 —
709 2167 850 2220 Vere
867 2163 1115 2236 dignum
1138 2169 1194 2220 et
1209 2165 1441 2235 justum
1464 2169 1569 2228 est,
1591 2179 1819 2236 equum

203 2260 246 2308 et
269 2254 520 2315 salutare,
556 2269 670 2308 nos
699 2253 800 2307 tibi
818 2268 1046 2322 semper
1067 2260 1122 2307 et
1143 2253 1360 2323 ubique
1377 2251 1600 2321 gratias
1621 2267 1816 2320 agere,

202 2341 409 2396 Domine
423 2347 649 2404 sancte,
668 2340 1254 2410 Pateromnipotens,
1287 2345 1504 2395 aeterne
1527 2341 1699 2407 Deus,
1721 2355 1822 2409 per

202 2431 456 2485 Christum
488 2430 814 2484 Dominum
847 2433 1116 2483 nostrum
1143 2444 1154 2482 :
1180 2443 1282 2498 per
1310 2443 1485 2498 quem
1535 2427 1707 2482 nobis
1735 2428 1818 2482 in-

201 2515 470 2587 dulgentia
485 2516 760 2586 largitur,
786 2522 843 2571 et
862 2532 976 2587 pax
989 2531 1094 2587 per
1107 2531 1285 2570 omne
1307 2515 1590 2570 saeculum
1609 2515 1822 2586 praedi-

200 2612 355 2669 catur,
389 2605 638 2660 traditur
669 2603 901 2659 cunctis
948 2603 1329 2659 credentibus
1373 2603 1706 2674 disciplina,
1758 2607 1822 2658 ut

201 2693 554 2748 sanctiﬁcatos
586 2709 695 2748 nos
722 2692 911 2763 possit
939 2691 1068 2746 dies
1107 2697 1392 2746 venturus
1419 2690 1708 2762 excipere.
1754 2694 1821 2747 Et

199 2780 307 2836 ideo
334 2798 464 2835 cum
496 2779 750 2849 angelis.

253 2867 350 2937 61
386 2867 746 2923 Benedictio.
780 2897 848 2906 —-
900 2865 1214 2921 Benedicat
1240 2865 1412 2920 vobis
1443 2865 1817 2935 omnipotens

200 2955 898 3025 Deus,cuietjejuniorum
927 2954 1342 3019 maceratione,
1361 2960 1418 3008 et
1439 2954 1818 3023 praesentium

198 3045 384 3099 dierum
414 3045 838 3100 observatione
872 3043 1094 3114 placere
1126 3042 1390 3097 studetis.
1428 3044 1634 3096 Amen.
1673 3044 1818 3097 Con-
1847 3073 1891 3133 α

199 3134 449 3204 cedatque
470 3133 644 3188 vobis
661 3140 720 3186 ut
734 3131 941 3186 sicutei
960 3131 1108 3200 (234)
1129 3147 1267 3184 cum
1287 3131 1466 3184 ramis
1485 3132 1817 3201 palmarum

197 3228 572 3274 caeterarumve
589 3220 881 3274 frondium
899 3220 1238 3288 praesentari
1255 3218 1378 3272 stud
1389 3218 1570 3283 uistis,
1595 3218 1817 3272 itacum

199 3307 350 3377 palma
377 3309 636 3362 victoriae
667 3312 722 3360 et
743 3306 927 3360 fructu
949 3306 1240 3360 bonorum
1261 3322 1510 3376 operum
1535 3312 1671 3376 post
1697 3307 1818 3360 obi~

200 3401 298 3449 tum
323 3411 600 3466 apparere
639 3394 902 3449 valeatis.
935 3395 1142 3447 Amen.
1173 3393 1400 3464 Quique
1425 3393 1715 3461 Unigeniti
1736 3393 1819 3447 Fi-

199 3482 245 3535 lii
270 3484 378 3553 ejus
402 3485 744 3552 passionem
770 3497 919 3553 puro
935 3481 1112 3536 corde
1125 3481 1376 3544 creditis,
1396 3489 1589 3536 mente
1601 3483 1818 3538 devota

199 3574 428 3627 venerari
459 3570 732 3634 studetis,
763 3570 839 3626 ad
872 3568 1312 3624 resurrectionis
1327 3571 1452 3640 ejus
1474 3571 1622 3625 festa
1653 3577 1818 3626 etve-

200 3664 306 3713 strae
331 3659 819 3714 remunerationis
849 3656 1094 3728 praemia
1119 3657 1305 3726 ipsius
1331 3657 1458 3712 fulti
1485 3660 1817 3715 munimine

198 3749 427 3803 veniatis.
460 3752 655 3802 Amen
686 3746 850 3818 quod
876 3747 1001 3816 ipse
1034 3750 1316 3816 praestare
1338 3745 1635 3815 dignetur.

250 3834 324 3888 Ad
370 3835 811 3906 Complendum.
840 3863 906 3873 —
943 3833 1165 3888 Praesta
1195 3833 1387 3898 nobis,
1435 3834 1818 3906 omnipotens

195 3921 338 3987 Deus,
370 3929 428 3978 ut
451 3924 597 3994 quia
632 3921 782 3976 vitiis
811 3920 1082 3991 subjacet
1109 3926 1310 3976 nostra
1342 3922 1693 3988 mortalitas,
1717 3929 1820 3981 tua

196 4024 287 4064 nos
315 4011 608 4066 medicina.
633 4009 917 4081 puriﬁcet,
948 4014 1003 4064 et
1035 4010 1300 4080 potentia
1329 4016 1578 4066 tueatur.
1617 4012 1745 4071 Per.

252 4093 405 4166 Super
423 4098 737 4168 papulum.
760 4127 827 4136 —
852 4097 956 4162 Da,
985 4094 1321 4150 misericors
1349 4101 1524 4163 Deus,
1547 4105 1604 4154 ut
1651 4100 1819 4170 quod

196 4183 244 4236 in
266 4188 336 4238 tui
349 4185 466 4238 Filii
497 4184 785 4256 passione
804 4183 1069 4238 mundus
1085 4185 1360 4250 exercuit,
1377 4185 1634 4242 salutare
1646 4187 1816 4244 nobis

197 4270 438 4327 ﬁdelibus
467 4272 818 4329 sentiamus.
877 4271 1000 4327 Per.

625 4371 650 4400 ο
681 4375 840 4413 PERIA
879 4375 916 4412 ll
959 4373 1094 4413 POST
1120 4374 1354 4414 PALMAS.

1933 468 2111 532 mine,
2129 477 2184 524 et
2204 471 2458 530 famulos
2474 484 2602 532 tuos
2627 485 2846 533 aeterna
2865 479 3226 548 protectione
3241 485 3574 543 sanctiﬁca:

1933 570 2042 626 pro
2067 558 2286 628 quibus
2301 562 2328 613 J
2335 578 2470 617 esus
2486 564 2746 620 Christus
2766 564 2935 620 Filius
2953 571 3088 622 tuus
3101 583 3206 639 per
3223 586 3400 626 suum
3417 589 3582 628 cruo-

1932 659 2058 698 rem
2091 647 2263 702 nobis
2288 649 2534 708 instituit
2562 652 2836 723 paschale
2854 655 3225 725 mysterium.
3254 657 3358 726 Qui
3383 666 3580 718 tecum

1932 731 2095 786 vivit.

2002 819 2181 889 Super
2207 823 2429 880 Oblata.
2452 856 2522 868 —
2557 829 2684 882 Haac
2714 827 3005 884 sacriﬁcia
3045 844 3174 899 nos,
3200 835 3579 907 omnipotens

1930 907 2106 972 Deus,
2128 913 2350 981 potenti
2376 913 2588 970 virtute
2606 915 2920 970 mundatos
2935 916 3012 971 ad
3033 933 3208 973 suum
3232 919 3452 980 faciant
3471 939 3579 996 pu-

1931 995 2114 1049 riores
2144 999 2341 1054 venire
2370 1001 2744 1072 principium.
2774 1002 2884 1056 Per
2912 1003 3254 1060 Dominum.

2003 1081 2296 1150 Praefatio.
2321 1116 2389 1126 —
2410 1087 2554 1144 Vere
2583 1089 2836 1158 dignum
2863 1094 2920 1146 et
2940 1090 3172 1161 justum
3201 1097 3306 1157 est,
3339 1109 3578 1166 aequum

1931 1173 1985 1222 et
2013 1169 2282 1238 salutare,
2315 1189 2426 1229 nos
2451 1175 2555 1230 tibi
2575 1191 2812 1247 semper
2839 1181 2894 1232 et
2909 1177 3127 1249 ubique
3143 1180 3363 1250 gratias
3377 1197 3574 1252 agere,

1932 1256 2180 1312 Domine
2205 1266 2421 1324 sancte,
2448 1262 2612 1318 Pater
2623 1263 3022 1334 omnipotens,
3041 1271 3257 1322 aeterne
3279 1269 3453 1334 Deus,
3472 1285 3580 1342 per

1932 1342 2226 1400 Christum
2247 1347 2565 1404 Dominum
2588 1356 2855 1406 nostrum
2882 1367 2896 1405 :
2921 1352 3092 1422 cujus
3108 1368 3220 1410 nos
3234 1355 3578 1414 humanitas

1931 1430 2168 1500 colligit,
2197 1434 2348 1505 (236)
2375 1435 2673 1492 humilitas
2689 1437 2880 1506 erigit,
2895 1439 3134 1494 traditio
3163 1440 3436 1507 absolvit,
3455 1458 3579 1515 pos-

1932 1532 2011 1572 na
2034 1519 2300 1585 redemit,
2333 1538 2477 1578 crux
2499 1524 2808 1591 salviﬁcat,
2834 1526 3080 1596 sanguis
3100 1529 3414 1600 emaculet,
3435 1545 3575 1586 caro

1933 1605 2189 1674 saginat.
2206 1610 2311 1663 Per
2324 1625 2520 1680 quem,
2537 1617 2609 1675 te,
2626 1627 2840 1666 summe
2863 1612 3048 1679 Pater,
3072 1615 3576 1686 cumjejuniorum

1855 1729 1901 1786 Β
1930 1693 2233 1786 obsequiis
2257 1695 2660 1786 obsecramus,
2691 1705 2753 1754 ut
2770 1699 2845 1755 ad
2866 1701 2917 1770 ej
2928 1717 2994 1755 us
3011 1701 3431 1760 celebrandam
3445 1721 3576 1776 pas-

1929 1781 2158 1837 sionem
2181 1784 2506 1852 puriﬁcatis
2531 1787 2831 1842 mentibus
2851 1788 3234 1845 accedamus.
3262 1791 3363 1846 Per
3379 1807 3574 1862 quem.

2001 1870 2094 1923 Ad
2117 1870 2554 1939 Complendum.
2573 1905 2641 1915 —
2666 1875 2978 1930 Praebeant
2990 1875 3182 1942 nobis,
3216 1880 3468 1943 Domine,
3492 1880 3580 1935 di-

1929 1955 2133 2011 vinum
2160 1964 2262 2014 tua
2291 1968 2492 2016 sancta
2533 1961 2848 2032 fervorem,
2875 1965 2978 2033 qui
3005 1979 3214 2019 eorum
3267 1967 3485 2036 pariter
3522 1965 3580 2024 et

1929 2050 2066 2098 actu
2091 2045 2448 2102 delectemur
2460 2053 2515 2102 et
2535 2048 2860 2104 fructu.Per
2876 2050 3199 2106 Dominum
3216 2058 3500 2108 nostrum.

1999 2131 2190 2202 Super
2214 2135 2512 2202 populum.
2553 2166 2618 2175 —
2662 2135 2906 2205 Adjuva
2936 2152 3066 2202 nos,
3100 2139 3254 2192 Deus
3295 2139 3573 2196 salutaris

1929 2222 2306 2288 noster,etad
2321 2222 2946 2294 beneficiarecolenda,
2979 2226 3198 2296 quibus
3211 2241 3320 2282 nos
3354 2229 3576 2284 instau-

1929 2322 2059 2361 rare
2079 2307 2357 2376 dignatus
2374 2325 2456 2373 es,
2474 2311 2590 2381 62
2627 2311 2818 2367 tribue
2847 2312 3046 2368 venire
3071 2313 3421 2383 gaudentes.
3468 2315 3578 2372 Per

1929 2395 2252 2452 Dominum
2272 2404 2563 2453 nostrum.

2389 2519 2547 2558 nam
2569 2519 2631 2560 in
2658 2520 2794 2560 Posr
2831 2504 2860 2545 ἀ
2889 2521 3116 2561 ramus.

2001 2599 2386 2671 Omnipotens
2417 2602 2772 2673 sempiterne
2799 2605 2973 2666 Deus,
2991 2604 3066 2659 da
3085 2603 3252 2660 nobis
3283 2605 3364 2661 ita
3389 2604 3575 2662 domi-

1928 2687 2077 2742 nicae
2108 2689 2399 2758 passionis
2413 2690 2561 2761 (237)
2576 2698 2951 2746 sacramenta
2972 2707 3274 2763 peragere,
3303 2699 3365 2749 ut
3384 2693 3579 2751 indul-

1929 2775 2190 2844 gentiam
2218 2781 2513 2846 percipere
2543 2793 2901 2834 mereamur.
2922 2779 3026 2834 Per
3060 2782 3360 2837 eumdem.

1998 2863 2158 2918 Alia.
2187 2893 2252 2904 --
2269 2865 2658 2935 Omnipotens
2681 2865 3035 2936 sempiterne
3055 2869 3233 2934 Deus,
3253 2870 3349 2940 qui
3367 2870 3579 2928 Christi

1929 2950 2011 3004 tui
2041 2950 2217 3005 beata
2250 2952 2527 3022 passione
2562 2969 2667 3008 nos
2698 2969 2962 3024 reparas,
2987 2971 3275 3012 conserva
3317 2959 3378 3014 in
3402 2960 3578 3016 nobis

1928 3053 2110 3108 opera
2134 3039 2546 3094 misericordiae
2565 3050 2688 3105 tuae,
2722 3049 2782 3096 ut
2809 3043 2870 3096 in
2892 3042 3074 3112 hujus
3095 3045 3432 3102 celebritate
3451 3064 3580 3118 my-

1929 3125 2086 3180 sterii
2114 3133 2396 3197 perpetua
2422 3128 2734 3184 devotione
2767 3130 3054 3185 vivamus.
3090 3131 3222 3189 Per.

1998 3216 2189 3283 Super
2215 3215 2430 3270 oblata.
2454 3218 2839 3272 —Sacriticia
2870 3234 3000 3284 n0s,
3048 3236 3419 3290 quaesumus,
3471 3221 3581 3276 Do-

1928 3302 2107 3371 mine,
2139 3303 2492 3373 propensius
2515 3305 2984 3371 istarestaurent,
3011 3308 3308 3379 (238)qu&i
3334 3310 3580 3365 medici-

1927 3389 2164 3443 nalibus
2177 3401 2313 3444 sunt
2325 3391 2859 3462 institutajejuniis.
2876 3395 2984 3449 Per
2997 3395 3296 3450 Dominum
3315 3403 3576 3453 nostrum

1997 3477 2300 3545 Praefatio.
2330 3509 2395 3516 —
2421 3481 2558 3534 Vere
2583 3480 2838 3548 dignum
2863 3483 3163 3552 etjustum
3193 3490 3300 3550 est,
3333 3501 3578 3555 aaquum

1927 3569 1982 3619 et
2012 3565 2286 3632 salutare,
2315 3582 2427 3620 nos
2456 3567 2555 3620 tibi
2579 3570 3114 3641 semperetubique
3143 3574 3361 3639 gratias
3383 3589 3576 3644 agere,

1926 3652 2176 3706 Domine
2202 3660 2421 3716 sancte,
2454 3654 3028 3726 Pateromnipotens,
3051 3665 3266 3714 aeterne
3280 3661 3451 3725 Deus,
3474 3677 3579 3732 per

1927 3739 2221 3794 Christum
2253 3741 2566 3796 Dominum
2602 3749 2867 3798 nostrum
2889 3764 2901 3802 :
2925 3747 3098 3815 cujus
3119 3747 3434 3803 salutifera:
3452 3765 3578 3818 pas-

1928 3829 2134 3891 sionis,
2164 3833 2220 3882 et
2249 3828 2518 3898 gloriosa:
2568 3833 3025 3888 Resurrectionis
3077 3835 3200 3890 dies
3259 3838 3576 3908 appropin-

1927 3931 2115 3988 quare
2126 3922 2470 3982 noscuntur,
2487 3918 2545 3972 in
2558 3920 2777 3990 quibus
2790 3923 3284 3994 etantiquihostis
3298 3924 3580 3995 superbia

1930 4004 2346 4075 triumphatur,
2369 4012 2651 4061 etnostrae
2673 4008 3096 4081 redemptionis
3115 4013 3467 4083 mysterium
3486 4029 3581 4069 ce-

1926 4090 2208 4146 lebratur.
2244 4092 2406 4148 Unde
2424 4095 2730 4163 poscimus
2752 4105 2914 4153 tuam
2937 4099 3294 4155 immensam
3325 4101 3580 4158 clemen-

1930 4180 2092 4248 tiam,
2115 4187 2176 4234 ut
2201 4181 2352 4235 sicut
2379 4181 2437 4236 in
2451 4198 2520 4236 eo
2535 4182 2661 4238 solo
2685 4185 2950 4242 consistit
2975 4187 3144 4242 totius
3156 4195 3370 4244 nostra:
3389 4190 3577 4246 salva-

1929 4267 2104 4322 tionis
2137 4284 2397 4334 summa,
2431 4270 2510 4324 ita
2541 4286 2645 4341 per
2687 4288 2824 4327 eum
2860 4275 2961 4328 tibi
2991 4275 3064 4329 sit
3098 4275 3463 4346 jejuniorum
3521 4285 3579 4335 et

1927 4362 2172 4410 actuum
2196 4362 2537 4412 nostrorum
2551 4375 2786 4430 semper
2799 4364 3034 4417 victima
3059 4370 3248 4433 grata.
3269 4366 3577 4438 Perlquem

255 4447 380 4514 (235)
407 4447 508 4516 Da,
539 4462 916 4518 quaesumus,
949 4446 1329 4518 omnipotens
1353 4447 1526 4518 Deus,
1558 4450 1740 4522 utqui
1763 4451 1815 4504 in
1850 4443 1893 4501 Ι)
1997 4444 2086 4497 Ad
2104 4445 2532 4515 Coinplendum.
2561 4450 2885 4520 -Βθμιειὶ,
2912 4453 3174 4519 Domine,
3211 4457 3580 4512 sacrimune-

201 4536 268 4586 tot
291 4535 547 4590 adversis
578 4551 651 4589 ex
682 4541 886 4589 nostra
914 4533 1254 4589 inﬁrmitate
1279 4535 1614 4606 deﬁcimus,
1645 4538 1818 4594 inter-

201 4621 409 4678 cedente
439 4622 738 4694 Unigeniti
757 4621 882 4677 Filii
902 4623 986 4678 tui
1001 4623 1283 4703 passione
1306 4625 1686 4695 respiremus.
1709 4627 1819 4692 Qui

202 4710 388 4764 tecum.

258 4895 281 4926 ι
306 4884 360 4943 In
391 4887 530 4943 Edit.
579 4887 802 4951 Pamel.,
840 4885 925 4942 cui
959 4889 1303 4944 consentiunt
1356 4889 1492 4944 Mss.
1534 4908 1547 4946 :
1582 4891 1671 4946 Ad
1700 4909 1822 4948 san-

205 4959 324 5009 ctam
349 4957 606 5014 Joannem
634 4960 691 5014 in
723 4960 1031 5014 Later-anis.
1055 4961 1113 5013 In
1161 4961 1392 5015 Kalend.
1430 4965 1580 5016 Rom.
1615 4971 1823 5018 tantum

210 5023 452 5094 legiturin
469 5031 780 5084 Later-anis.
813 5031 868 5084 ln
895 5032 1030 5085 Cod.
1060 5034 1192 5101 Reg.
1246 5031 1406 5086 Suec.
1459 5033 1655 5101 legitur
1707 5036 1824 5090 haec

207 5110 435 5171 regiorum
479 5101 813 5166 Benedictio,
871 5118 992 5171 qua:
1035 5100 1191 5154 abest
1242 5102 1312 5155 ab
1377 5102 1475 5156 Ed.
1513 5100 1722 5160 Pamel.
1771 5113 1826 5160 et

209 5164 328 5241 aliis.
362 5169 610 5241 Eamdem
639 5164 860 5225 exhibet
890 5164 1120 5240 'primus
1169 5172 1432 5228 Theoder.
1478 5191 1490 5227 :
1527 5173 1693 5241 Deus,
1735 5194 1825 5232 cu-

203 5236 280 5311 jus
299 5238 438 5304 [ilius
451 5243 744 5310 prosulute
772 5236 986 5311 generis
1017 5244 1242 5295 humani
1281 5245 1345 5296 de
1374 5245 1504 5298 caelo
1549 5236 1823 5303 descendit

212 5307 993 5383 adterrasktapprolnnquante
1018 5315 1151 5366 hora
1193 5313 1459 5382 passionis
1483 5332 1598 5370 sua:
1635 5319 1827 5373 Πίονο-

214 5377 434 5454 ξοίνξηαξη
461 5384 521 5454 in
545 5377 707 5437 asina
730 5377 934 5447 venire,
965 5392 1062 5436 eta
1105 5377 1276 5437 turbis
1308 5400 1410 5439 rex
1439 5388 1722 5454 appellari
1758 5405 1826 5444 ac

215 5443 401 5503 laudari
424 5453 610 5518 voluit,
636 5443 954 5510 benedicere
969 5454 1198 5523 dignare
1210 5455 1303 5509 hos
1331 5443 1647 5525 palindrum
1669 5443 1827 5515 caete;

214 5531 430 5595 (rumve
451 5525 726 5590 frondium
748 5541 949 5590 ramos,
984 5532 1044 5579 ut
1065 5541 1247 5580 omnes
1271 5528 1370 5595 qui
1394 5543 1478 5580 eos
1503 5527 1673 5584 laturi
1701 5538 1826 5587 sunt

217 5591 280 5644 ita
306 5591 665 5654 benedictionis
698 5604 812 5654 tua:
839 5596 975 5652 dono
997 5591 1330 5676 repleantur,
1384 5605 1650 5676 quatenus
1688 5607 1736 5663 et
1767 5601 1829 5662 in

1929 4534 2008 4587 ris
2021 4534 2228 4604 gratia,
2244 4534 2530 4604 supplices
2543 4551 2872 4608 exoramus,
2889 4546 3092 4611 utquae
3105 4549 3284 4612 gustu
3297 4559 3578 4616 corporeo

1930 4622 2089 4676 dulci
2120 4622 2492 4678 veneratione
2519 4625 2934 4694 contingimus,
2959 4629 3228 4687 dulciora
3278 4633 3578 4690 mentibus

1931 4711 2280 4767 sentiamus.
2312 4711 2422 4766 Per
2450 4713 2771 4769 Dominum
2825 4723 3116 4772 nostrum.

1933 4884 2028 4966 {me
2055 4886 2248 4942 saeculo
2275 4887 2445 4966 hostis
2472 4890 2690 4966 antiqui
2718 4897 3049 4947 lentamenta
3115 4912 3386 4966 superare,
3419 4905 3472 4953 et
3516 4897 3579 4952 in

1931 4958 2267 5040 futuroeum
2291 4960 2475 5028 palma
2505 4958 2740 5040 victoria:
2765 4971 2815 5016 et
2844 4965 3035 5040 [ructu
3065 4958 3323 5022 bonorum
3345 4958 3576 5040 operum

1935 5030 2033 5083 tibi
2056 5030 2269 5082 valeant
2299 5047 2585 5099 apparere.
2625 5030 3008 5092 Pereumdem.

2004 5101 2239 5178 {Aliam
2285 5102 2500 5154 Prael'at.
2531 5102 2699 5156 habet
2739 5104 2884 5160 Edit.
2955 5106 3151 5178 Augeli
3213 5109 3429 5177 Roccm,
3482 5126 3577 5165 seu

1935 5170 2214 5225 Vaticana.

2005 5253 2029 5281 ο
2063 5242 2114 5292 In
2147 5239 2266 5294 cod.
2305 5243 2436 5311 Reg.
2462 5242 2620 5296 Suec.
2655 5251 2706 5298 et
2729 5246 2967 5300 secundo
3019 5248 3287 5308 Theoder.
3321 5253 3482 5306 statio
3512 5252 3583 5306 ad

1933 5320 2176 5365 sanctum
2207 5313 2525 5366 Praxedem.
2561 5316 2703 5368 Idem
2744 5317 2904 5370 habet
2963 5320 3252 5375 Pamelius.
3291 5331 3360 5376 At
3398 5325 3448 5376 in
3483 5329 3581 5376 Ka—

1934 5384 2081 5463 lend.
2114 5385 2264 5463 Boni.
2293 5383 2628 5463 et_iu__primo
2664 5387 2919 5443 l‘heoder.
2970 5399 3208 5463 tegitur:
3241 5395 3328 5447 Ad
3363 5399 3582 5449 sanctos

1936 5453 2162 5510 Nereum
2191 5459 2243 5508 et
2267 5455 2600 5511 Achilleum.

2009 5524 2036 5566 ά
2065 5524 2421 5621 Coqsentiunt
2467 5527 2694 5621 C'qdices
2745 5545 2931 5588 omnes
2975 5533 3029 5589 in
3087 5532 3420 5607 assignanda
3467 5536 3590 5621 sta]

1940 5598 2088 5658 tione
2115 5597 2185 5656 ad
2210 5605 2455 5656 sanctam
2490 5600 2772 5664 Priscum.
3201 5597 3229 5607 ⁷
3555 5620 3558 5624 ’
