4092 6200
503 293 574 355 79
1185 295 1188 298 ’
1737 281 1998 346 SANCTI
2037 283 2380 345 GREGORII
2421 284 2658 346 MAGNI
3797 279 3866 347 '80

569 417 1067 498 Supeeropulum.
1086 413 1287 471 —Tua
1305 431 1417 472 nos
1439 416 1865 482 misericordia,
1897 418 2128 477 Deus,et
2172 421 2218 478 Α
2250 431 2432 471 manu
2461 416 2880 472 suntomnium
2905 417 3298 488 potestatesin
3320 415 3527 474 omnia
3546 416 3684 486 jura
3708 431 3867 488 regno

499 510 666 567 omni
698 503 1078 576 subreptione
1109 505 1415 559 vetustatis
1443 511 1747 576 expurget,
1779 509 1834 560 et
1884 519 2136 574 capaces

501 601 718 652 sanctae
743 591 1021 648 novitatis
1047 588 1286 646 eﬂiciat.
1309 593 1413 646 Per
1434 587 1781 647 Dominum.

1157 729 1315 768 FERIA
1357 726 1384 756 ⁸
1413 731 1486 769 ιν.

567 821 598 866 δ
625 821 694 876 H
689 835 794 876 ora
807 820 976 873 tertia
983 818 1254 886 pontifex
1263 834 1390 874 cum
1403 819 1554 876 clero
1567 827 1620 876 et
1633 820 1826 875 ordine
1837 835 1941 874 suo
1949 833 2138 887 proce-

497 911 584 967 dit
597 911 674 965 ad
685 910 874 963 altare
886 909 952 961 in
963 907 1201 962 ecclesia
1215 911 1428 976 majore
1439 927 1458 964 :
1471 915 1524 964 et
1540 909 1688 980 (239)
1702 909 1834 962 dicit
1850 907 2136 962 Orationes

495 995 766 1050 solemnes
790 991 898 1046 hoc
927 991 1136 1045 ordine
1165 1005 1189 1046 .'
1221 991 1370 1062 (240)
1397 993 1664 1048 Oremus.
1699 994 1770 1046 Et
1801 994 2086 1046 Diaconus
2114 1014 2134 1044 .-

495 1081 645 1154 (241)
701 1079 1019 1134 Flectamus
1049 1092 1254 1146 genua.
1301 1080 1448 1149 (242)
1480 1081 1788 1148 Postquam
1817 1080 2132 1144 creverint,

497 1169 646 1240 (243)
667 1167 826 1232 dicit,
860 1168 1088 1220 Levate.
1119 1166 1199 1220 Et
1223 1167 1492 1236 pontifex
1518 1168 1624 1224 dat
1647 1167 1989 1223 orationem.

571 1257 785 1318 Deus,a
797 1269 913 1324 quo
925 1253 1016 1308 etJ
1025 1253 1172 1308 udas
1184 1259 1385 1308 reatus
1403 1256 1492 1309 sui
1509 1271 1753 1326 poenam
1773 1254 2134 1310 etconfessio

497 1347 590 1401 nis
617 1359 741 1398 suae
753 1343 904 1397 latro
927 1341 1230 1412 prtemium
1245 1343 1514 1414 sumpsit,
1546 1344 1807 1399 concede
1833 1342 2008 1398 nobis
2031 1348 2135 1398 tum

493 1431 932 1506 propitiationis
945 1429 1204 1484 effectum
1215 1472 1228 1496 ,
1245 1436 1302 1485 ut
1315 1431 1534 1486 sicutin
1555 1432 1836 1502 passione
1852 1447 1960 1486 sua
1969 1433 1998 1484 J
2004 1447 2135 1486 esus

493 1521 756 1576 Christus
783 1517 1068 1572 Dominus
1085 1523 1286 1572 noster
1300 1518 1536 1574 diversa
1551 1520 1812 1590 utrisque
1827 1519 2014 1574 intulit
2037 1520 2136 1574 sti-

491 1607 713 1680 pendia
724 1605 1074 1671 meritorum,
1093 1605 1173 1660 ita
1184 1605 1379 1675 nobis,
1397 1605 1590 1662 ablato
1603 1606 1904 1662 vetustatis
1919 1622 2130 1674 errore,

489 1693 936 1754 resurrectionis
955 1707 1078 1746 suae
1098 1693 1350 1761 gratiam
1375 1693 1676 1763 largiatur.
1699 1694 1820 1764 ,Qui
1841 1698 2058 1749 tecum.

2245 519 2400 568 rum,
2427 504 2576 574 (250)
2591 504 2806 574 respice
2824 504 2898 558 ad
2915 503 3322 559 Romanorum
3337 510 3516 575 atque
3543 505 3866 560 Francorum

2243 590 2542 660 benignus
2569 592 2908 663 imperium,
2933 597 2994 646 ut
3024 598 3224 662 gentes
3254 607 3389 663 quin
3440 593 3500 646 in
3531 609 3640 648 sua
3663 591 3869 650 feritate

2245 680 2555 735 conﬁdunt
2581 680 2846 752 potentia:
2873 685 2980 734 tum
3002 681 3244 735 dextera
3256 681 3734 751 comprimantur.
3755 683 3867 738 Per.

2317 769 2564 822 Oremus
2585 775 2642 824 et
2666 784 2774 839 pro
2791 768 3228 822 catechumenis
3244 770 3474 836 nostris,
3501 774 3562 824 ut
3592 775 3646 824 et
3665 771 3802 825 Deus
3819 775 3872 826 et

2243 855 2530 911 Dominus
2543 861 2742 913 noster
2754 857 3061 928 adaperiat
3073 873 3244 912 aures
3263 857 3724 928 praecordiorum
3739 859 3871 928 ipso-

2243 960 2384 1008 rum,
2411 944 2782 1016 januamque
2801 945 3239 1008 misericordiae,
3262 951 3315 1000 ut
3335 961 3439 1015 per
3452 945 3750 1002 lavacrum
3791 963 3872 1002 re-

2245 1033 2650 1100 generationis,
2667 1039 2905 1105 accepta
2917 1034 3252 1088 remissione
3266 1049 3350 1087 om
3363 1034 3512 1088 nium
3531 1039 3873 1105 peccatorum

2244 1125 2300 1175 et
2329 1120 2825 1191 ipsiinveniantur
2849 1121 3294 1176 inChristoJesu
3319 1122 3570 1176 Domino
3595 1127 3806 1180 nostro.

2317 1207 2574 1264 Oremus.
2593 1239 2662 1248 —
2682 1209 3069 1280 Omnipotens
3101 1209 3454 1280 sempiterne
3475 1208 3650 1274 Deus,
3675 1211 3768 1282 qui
3785 1210 3875 1266 Ec-

2244 1294 2488 1351 clesiam
2519 1303 2684 1352 tuam
2707 1312 2865 1351 nova
2879 1312 3116 1367 semper
3131 1296 3294 1367 prole
3319 1295 3627 1364 fecundas,
3661 1313 3803 1368 auge
3814 1299 3876 1354 ﬁ-

2243 1385 2378 1438 dem
2409 1390 2464 1439 et
2487 1383 2849 1440 intellectum
2877 1384 3320 1442 catechumenis
3337 1386 3576 1448 nostris,
3599 1391 3679 1454 ut,
3701 1387 3876 1444 renati

2243 1471 2404 1528 fonte
2427 1472 2814 1543 baptismatis,
2833 1472 3174 1544 adoptionis
3193 1478 3307 1528 tuas
3319 1472 3457 1528 ﬁliis
3471 1479 3874 1545 aggregentur.

2242 1561 2365 1616 Per.
3137 1583 3142 1590 ο

2311 1675 2583 1738 Oremus,
2615 1673 2972 1730 dilectissimi
2995 1674 3188 1738 nobis,
3223 1673 3408 1730 Deum
3441 1675 3672 1732 Patrem
3699 1677 3879 1732 omni-

561 1784 709 1848 Post,
738 1784 924 1836 Amen
955 1781 1229 1849 sequitur,
1251 1787 1304 1836 et
1327 1781 1470 1837 dicit
1489 1763 1794 1838 Orationes
1815 1782 2126 1838 solemnes.-

2256 1767 2554 1826 )otentem,
2601 1769 2664 1816 ut
2693 1764 2922 1818 cunctis
2951 1763 3249 1818 mundum
3299 1767 3514 1834 purget
3567 1764 3874 1836 erroribus,

489 1871 640 1944 (244)
665 1869 1039 1924 tantummodo
1057 1883 1166 1936 pro
1197 1883 1256 1924 se
1274 1869 1634 1924 intermittit.
1657 1871 1769 1925 Atti
1785 1886 1917 1926 vero
1943 1886 2129 1926 sacer-

488 1961 648 2016 dotes
657 1959 719 2012 in
729 1960 844 2012 suis
857 1957 1112 2012 ecclesiis
1131 1971 1242 2024 pro
1255 1972 1311 2012 eo
1323 1957 1550 2012 dicunt.
1573 1959 1794 2013 Etcum
1812 1959 1872 2012 in
1909 1958 2130 2014 caeteris

484 2049 714 2117 ﬂectant
744 2059 949 2115 genua,
996 2044 1140 2114 (245)
1179 2059 1282 2114 pro
1307 2045 1528 2100 Iudaeis
1555 2062 1668 2100 non
1697 2047 1948 2114 ﬂectant.

555 2133 672 2204 63
703 2135 974 2200 Oremus,
1003 2131 1572 2203 dilectissiminobis,
1599 2149 1701 2204 pro
1719 2133 1978 2188 Ecclesia
1998 2148 2128 2188 san-

487 2226 582 2278 cta
610 2221 741 2286 Dei;
765 2223 828 2274 ut
855 2233 991 2273 eam
1014 2219 1163 2272 Deus
1189 2223 1246 2273 et
1274 2219 1559 2274 Dominus
1587 2225 1790 2275 noster
1816 2219 2131 2292 paciﬁcare

486 2312 545 2365 et
568 2305 861 2363 custodire
889 2303 1165 2374 dignetur
1179 2310 1302 2360 toto
1319 2306 1463 2362 orbe
1488 2313 1796 2372 terrarum,
1813 2308 2132 2377 subjiciens

487 2395 540 2452 ei
569 2393 936 2466 principatus
957 2395 1014 2445 et
1033 2397 1370 2462 potestates,
1387 2393 1603 2466 detque
1615 2393 1790 2450 nobis
1801 2396 2066 2466 quietam
2077 2399 2135 2450 et

484 2481 868 2552 tranquillam
884 2478 1068 2534 vitam
1087 2479 1456 2549 degentibus,
1477 2482 1802 2554 gloriﬁcare
1821 2485 2008 2539 Deum
2031 2487 2126 2540 Pa-

483 2574 634 2628 trem
655 2565 1133 2638 omnipotentem.

554 2657 823 2712 Oremus.
851 2652 1008 2708 Dicit
1033 2653 1314 2710 Diaconus
1339 2673 1359 2710 .-
1379 2655 1708 2712 Flectamus
1723 2672 1938 2728 genua.
1967 2659 2128 2714 Post-

480 2761 642 2817 quam
672 2743 992 2809 oraverint,
1020 2741 1192 2798 dicit:
1221 2742 1454 2798 Levate.

555 2832 940 2904 Omnipotens
969 2831 1328 2900 sempiterne
1355 2834 1524 2898 Deus,
1553 2832 1655 2904 qui
1679 2833 1932 2904 gloriam
1962 2839 2126 2890 tuam

479 2920 756 2980 omnibus
785 2919 844 2974 in
859 2918 1085 2973 Christo
1099 2917 1376 2986 gentibus
1387 2920 1675 2988 revelasti,
1697 2921 1930 2976 custodi
1945 2938 2127 2992 opera

479 3007 901 3068 misericordiae
927 3011 1060 3072 tuae,
1095 3011 1156 3060 ut
1179 3006 1436 3062 Ecclesia
1466 3012 1566 3062 tua
1589 3012 1711 3064 toto
1733 3009 1876 3064 orbe
1906 3009 2127 3066 diffusa

2237 1849 2482 1904 morbos
2512 1851 2758 1914 auferat,
2791 1850 3012 1906 famem
3037 1851 3312 1922 depellat,
3339 1851 3569 1922 aperiat
3598 1869 3876 1920 carceres,

2235 1937 2354 2008 64
2383 1937 2610 1993 vincula
2627 1939 2933 2002 dissolvat,
2961 1940 3476 2008 peregrinantibus
3505 1940 3774 2006 reditum,
3800 1942 3880 1996 in-

2235 2025 2610 2081 ﬁrmantibus
2627 2027 2961 2091 sanitatem,
2982 2027 3407 2097 navigantibus
3433 2035 3670 2100 portum
3690 2027 3879 2085 salutis

2235 2113 2561 2183 indulgeat.

2310 2205 2556 2257 Oremus.
2584 2234 2654 2242 —
2673 2203 3058 2274 Omnipotens
3089 2203 3448 2274 sempiterne
3475 2205 3628 2259 Deus
3655 2209 3878 2262 maesto-

2235 2303 2362 2344 rum
2375 2289 2718 2360 consolatio,
2732 2290 3024 2346 laboranti
3035 2307 3126 2344 um
3139 2289 3446 2358 fortitudo,
3459 2292 3878 2363 perveniantad

2237 2382 2291 2432 te
2307 2392 2513 2448 preces
2537 2378 2604 2432 de
2622 2393 2978 2449 quacunque
2995 2377 3371 2434 tribulatione
3389 2378 3794 2444 clamantium,
3817 2385 3881 2436 ut

2237 2480 2438 2521 omnes
2461 2465 2575 2520 sibi
2591 2467 2651 2520 in
2669 2465 3116 2522 necessitatibus
3139 2467 3261 2521 suis
3277 2467 3704 2523 msericordiam
3727 2473 3880 2524 tuam

2236 2553 2533 2624 gaudeant
2563 2553 2843 2608 adfuisse.
2873 2557 2996 2608 Per.

2308 2643 2556 2696 Oremus
2585 2647 2640 2697 et
2669 2657 2777 2713 pro
2827 2641 3120 2697 haereticis
3163 2645 3340 2713 atque
3397 2641 3788 2700 schismaticis
3821 2649 3882 2701 ut

2233 2729 2390 2784 Deus
2423 2745 2488 2782 ac
2513 2729 2814 2783 Dominus
2831 2735 3032 2784 noster
3047 2733 3214 2784 eruat
3225 2745 3326 2784 eos
3344 2731 3416 2785 ab
3434 2731 3726 2786 erroribus
3753 2733 3880 2788 uni-

2233 2817 2439 2884 versis,
2461 2821 2515 2871 et
2533 2815 2609 2871 ad
2635 2821 2906 2872 sanctam
2925 2821 3178 2872 matrem
3201 2817 3520 2875 Ecclesiam
3537 2820 3882 2878 catholicam

2234 2909 2413 2976 atque
2440 2903 2828 2976 apostolicam
2859 2920 3134 2961 revocare
3166 2905 3460 2978 dignetur.

2307 3011 2561 3066 Oremus.
2584 3042 2652 3051 —
2671 3011 3064 3082 Omnipotens
3086 3011 3442 3084 sempiterne
3461 3013 3635 3083 Deus,
3654 3014 3757 3085 qui
3775 3015 3887 3071 sal-

481 3098 676 3154 stabili
705 3095 822 3150 ﬁde
871 3094 932 3148 in
957 3093 1324 3150 confessione
1357 3096 1439 3150 tui
1469 3096 1730 3152 nominis
1774 3105 2122 3168 perseveret.
2164 3139 2208 3199 C
2235 3115 2342 3154 vas
2369 3115 2598 3162 omnes,
2624 3105 2680 3154 et
2709 3099 3012 3154 neminem
3039 3101 3121 3154 vis
3149 3101 3359 3171 perire,
3393 3103 3618 3173 respice
3648 3102 3726 3157 ad
3755 3103 3884 3158 ani-

477 3189 586 3244 Per
614 3183 884 3240 eumdem
917 3183 1222 3238 Dominum
1253 3187 1549 3238 nostrum.

551 3275 982 3344 Oremusetpro
1003 3269 1348 3326 beatissimo
1369 3287 1520 3342 papa
1531 3275 1737 3327 nostro
1755 3273 1880 3338 Itl.,
1901 3276 2124 3330 utDeus

479 3368 536 3421 et
565 3361 854 3419 Dominus
873 3365 1091 3424 noster,
1125 3361 1226 3430 qui
1256 3361 1428 3429 elegit
1457 3376 1596 3416 eum
1627 3361 1686 3414 in
1717 3361 1988 3416 ordinem
2007 3363 2124 3434 epi—

479 3455 772 3522 scapatus,
789 3449 1024 3504 salvum
1050 3455 1226 3518 atque
1250 3447 1602 3502 incolumem
1625 3449 1920 3504 custodiat
1941 3450 2126 3505 Eccle-

480 3541 581 3598 siaa
608 3555 729 3594 sum
745 3541 964 3593 sanctae
977 3535 1054 3590 ad
1065 3535 1396 3604 regendum
1411 3536 1704 3608 populum
1724 3539 1990 3592 sanctum
2003 3537 2122 3594 Dei.

553 3627 813 3682 Oremus.
849 3655 916 3662 —
949 3622 1338 3693 Omnipotens
1372 3623 1727 3693 sempiterne
1759 3627 1932 3690 Deus,
1967 3626 2126 3696 cujus

471 3715 700 3790 judicio
715 3713 994 3768 universa
1007 3711 1352 3778 fundantur,
1367 3713 1588 3784 respice
1603 3713 1891 3783 prOpitius
1905 3713 1982 3768 ad
2001 3729 2127 3786 pre-

477 3820 576 3860 ces
603 3809 856 3871 nostras,
881 3807 936 3856 et
961 3801 1210 3856 electum
1233 3799 1408 3854 nobis
1429 3801 1754 3856 antistitem
1784 3805 1884 3855 tua
1909 3801 2125 3872 pietate

477 3909 784 3958 conserva,
816 3899 879 3946 ut
905 3891 1230 3946 Christiana
1256 3889 1448 3960 plebs,
1477 3905 1612 3960 quae
1645 3889 1742 3943 tali
1760 3889 2126 3958 gubernatur

479 3987 738 4046 auctore,
759 3979 872 4034 sub
889 3985 1051 4034 tanto
1065 3978 1362 4050 pontiﬁce,
1383 3976 1746 4030 credulitatis
1765 3993 1886 4030 suae
1908 3977 2124 4031 meritis

480 4075 786 4142 augeatur.
816 4072 918 4124 Per
947 4069 1248 4122 Dominum
1275 4071 1542 4121 nostrum
1573 4065 1776 4119 Jesum
1807 4066 2121 4120 Christum.

553 4163 801 4217 Oremus
844 4162 900 4212 et
947 4167 1055 4228 pro
1085 4155 1366 4210 omnibus
1397 4153 1715 4224 episcOpis,
1741 4154 2122 4224 presbyteris,

488 4249 859 4311 diaconibus,
895 4241 2125 4313 subdiaconibus,acolythis,exorcistis,le-

481 4338 760 4402 ctoribus,
789 4335 1066 4400 ostiariis,
1092 4331 1740 4402 (246)confesssoribus,
1773 4331 1926 4400 (‘24?)
1955 4331 2128 4400 virgi-

481 4427 682 4490 nibus,
715 4425 862 4496 (248)
889 4423 1100 4486 viduis,
1125 4425 1180 4475 et
1204 4435 1312 4490 pro
1343 4417 1504 4474 omni
1529 4418 1749 4490 populo
1781 4425 1987 4474 sancto
2005 4419 2124 4474 Dei.

554 4483 813 4572 Orem‘us.
843 4483 911 4552 ί·-
953 4510 1338 4580 Omnipotens
1367 4505 1724 4577 sempiterne
1749 4509 1927 4575 Deus,
1959 4507 2128 4578 cujus
2167 4483 2210 4540 Ῑ)

484 4605 695 4678 spiritu
709 4608 886 4658 totum
899 4613 1114 4670 corpus
1129 4595 1396 4652 Ecclesiae
1409 4595 1592 4650 sancti
1605 4595 2127 4666 ﬁcaturetregitur,

484 4693 702 4752 exaudi
727 4703 957 4761 nospro
984 4684 1275 4742 universis
1297 4683 1606 4739 ordinibus
1623 4684 2048 4755 supplicantes,
2073 4690 2132 4738 ut

485 4783 812 4854 gratimtuae
827 4791 1071 4832 munere
1083 4775 1162 4829 ab
1175 4772 1457 4828 omnibus
1473 4772 1580 4828 tibi
1595 4771 1870 4842 gradibus
1882 4773 2132 4829 ﬁdeliter

485 4870 796 4927 serviatur.
826 4870 928 4922 Per
952 4863 1232 4920 eumdem
1266 4863 1604 4917 Dominum.

559 4962 806 5016 Oremus
835 4961 892 5012 et
920 4971 1028 5027 pro
1055 4955 1201 5026 (-249)
1235 4950 1736 5008 Christianissimo
1759 4965 1901 5020 rege
1931 4955 2131 5006 nostro

487 5049 604 5115 ιιι.,
629 5054 690 5104 ut
721 5049 870 5102 Deus
899 5049 954 5100 et
1001 5043 1287 5098 Dominus
1317 5047 1516 5095 noster
1545 5039 1814 5094 subditas
1849 5039 1926 5094 illi
1957 5038 2134 5094 faciat

488 5155 696 5196 omnes
723 5135 1005 5193 barbaras
1034 5133 1318 5196 nationes,
1355 5131 1432 5187 ad
1481 5135 1752 5186 nostram
1785 5135 2132 5201 perpetuam

487 5245 717 5304 pacem.

565 5410 825 5468 Oremus.
852 5437 916 5446 ——
939 5403 1328 5473 Omnipotens
1349 5395 1938 5471 sempiterneDeusin
1963 5393 2133 5466 cujus

563 5521 589 5552 ἃ
619 5507 830 5576 Ubique
855 5503 1052 5573 legitur
1076 5517 1174 5576 pro
1219 5501 1451 5576 statione
1491 5497 1560 5552 ad
1600 5503 1845 5576 sanctam
1887 5493 2131 5576 Mariam,

494 5581 722 5646 scilicet,
746 5565 1046 5646 Negarem,
1076 5565 1134 5629 ut
1162 5569 1366 5642 habent
1419 5584 1607 5628 omnes
1665 5565 1862 5632 Codd.,
1909 5571 2134 5638 excepto

493 5651 721 5712 Kalend.
743 5650 904 5706 Rom.

2235 3204 2367 3242 mas
2388 3187 2686 3243 diabolica
2711 3187 2917 3242 fraude
2948 3187 3248 3259 deceptas,
3287 3193 3365 3253 ut,
3395 3189 3554 3244 omni
3611 3189 3886 3246 haeretica

2235 3275 2524 3347 pravitate
2555 3275 2848 3347 deposita,
2881 3277 3204 3331 errantium
3235 3277 3418 3332 corda
3449 3277 3812 3350 resipiscant,
3831 3284 3890 3336 et

2234 3364 2306 3420 ad
2335 3365 2594 3420 veritatis
2625 3369 2742 3420 tum
2793 3365 3040 3420 redeant
3069 3365 3374 3420 unitatem.
3427 3366 3532 3420 Per
3563 3365 3888 3423 Dominum

2235 3457 2526 3508 nostrum.

2307 3542 2556 3596 Oremus
2583 3545 2633 3594 et
2661 3555 2767 3610 pro
2789 3539 3030 3610 perﬁdis
3059 3539 3294 3606 Judteis,
3329 3545 3396 3596 ut
3411 3541 3566 3597 Deus
3599 3545 3656 3598 et
3686 3544 3888 3600 Domi-

2235 3643 2349 3683 nus
2381 3633 2580 3682 noster
2600 3627 2828 3683 auferat
2857 3627 3126 3682 velamen
3149 3627 3223 3682 de
3259 3628 3540 3684 cordibus
3567 3645 3797 3698 eorum,
3823 3637 3890 3688 ut

2235 3721 2291 3770 et
2315 3715 2430 3786 ipsi
2464 3719 2788 3785 agnoscant
2825 3715 3022 3768 Jesum
3054 3714 3353 3770 Christum
3409 3716 3728 3773 Dominum
3779 3733 3892 3775 no-

2237 3811 2448 3858 strum.

2311 3900 2654 3954 0remus.—
2705 3898 3092 3970 Omnipotens
3149 3899 3507 3970 sempiterne
3567 3901 3743 3968 Deus,
3784 3903 3900 3974 qui

2237 3988 2415 4044 etiam
2440 3986 2746 4042 Judaicam
2765 3985 3066 4056 perﬁdiam
3086 3991 3232 4042 atua
3244 3987 3642 4043 misericordia
3665 4005 3786 4044 non
3807 4005 3902 4045 re-

2238 4076 2431 4148 pellis,
2455 4075 2670 4130 exaudi
2697 4089 2900 4146 preces
2918 4079 3172 4139 nostras,
3199 4091 3351 4146 quas
3372 4091 3480 4146 pro
3509 4076 3661 4132 illius
3680 4079 3902 4148 populi

2239 4165 2632 4220 obcaecatione
2657 4163 2985 4228 deferimus,
3011 4167 3091 4227 ut,
3108 4163 3311 4234 agnita
3331 4163 3588 4220 veritatis
3607 4169 3719 4220 tute
3743 4167 3900 4232 luce,

2238 4269 2374 4325 quae
2393 4253 2654 4308 Christus
2671 4255 2778 4318 est,
2811 4267 2846 4306 a
2871 4251 2989 4304 suis
3005 4251 3261 4306 tenebris
3281 4257 3581 4308 eruantur.
3608 4252 3715 4308 Per
3733 4269 3903 4310 eum-

2240 4343 2379 4396 dem
2415 4339 2734 4394 Dominum
2758 4342 3048 4394 nostrum.

2313 4431 2558 4485 Oremus
2589 4433 2644 4482 et
2675 4442 2779 4497 pro
2807 4425 3072 4498 paganis,
3099 4429 3166 4480 ut
3205 4424 3358 4480 Deus
3385 4425 3768 4499 omnipotens
3795 4443 3910 4484 au-

2239 4517 2386 4576 ferat
2407 4515 2774 4588 iniquitatem
2794 4530 2830 4569 a
2850 4513 3130 4568 cordibus
3157 4529 3385 4582 eorum,
3415 4521 3470 4570 et
3489 4515 3699 4570 relictis
3715 4515 3908 4573 idolis

2239 4608 2362 4661 suis
2380 4608 2800 4660 convertantur
2829 4601 2905 4657 ad
2922 4601 3108 4656 Deum
3125 4600 3330 4656 vivum
3358 4607 3411 4656 et
3435 4617 3664 4664 verum.
3687 4607 3746 4658 et
3769 4605 3912 4660 uni-

2239 4709 2378 4749 cum
2409 4693 2612 4748 Filium
2639 4689 2768 4760 ejus
2797 4692 2997 4745 Jesum
3031 4687 3326 4745 Christum
3362 4689 3542 4744 Deum
3596 4697 3652 4746 et
3701 4691 3915 4748 Domi-

2238 4798 2386 4838 num
2415 4785 2703 4844 nostrum,
2731 4794 2866 4833 cum
2893 4793 3014 4849 quo
3029 4777 3170 4832 vivit
3191 4783 3246 4834 et
3265 4783 3476 4846 regnat
3505 4794 3642 4833 cum
3674 4778 3918 4851 Spiritu

2241 4875 2448 4927 sancto
2479 4871 2654 4924 Deus.
2685 4869 2790 4922 Per
2819 4867 3026 4923 omnia
3069 4867 3291 4924 saecula
3339 4865 3710 4922 saeculorum.

2313 4959 2566 5014 Oremus.
2585 4987 2654 4998 —-—-
2672 4956 3054 5027 Omnipotens
3066 4955 3424 5026 sempiterne
3445 4953 3622 5019 Deus,
3641 4955 3754 5025 qui
3777 4970 3924 5014 non

2241 5053 2495 5104 mortem
2529 5049 2925 5117 peccatorum,
2957 5045 3060 5099 sed
3099 5044 3278 5098 vitam
3316 5059 3556 5114 semper
3615 5043 3922 5115 inquiris,

2242 5137 2476 5206 suscipe
2507 5133 2797 5206 propitius
2815 5135 3142 5187 orationem
3169 5137 3451 5196 nostram,
3486 5135 3542 5184 et
3573 5129 3766 5186 libera
3802 5145 3928 5190 eos

2242 5225 2314 5281 ab
2331 5223 2620 5279 idolorum
2649 5223 2897 5284 cultura,
2918 5225 2974 5274 et
2999 5235 3254 5292 aggrega
3275 5219 3547 5274 Ecclesiae
3563 5225 3669 5276 tuae
3681 5225 3928 5276 sanctas

2243 5315 2320 5370 ad
2349 5313 2585 5368 laudem
2611 5316 2669 5366 et
2691 5311 2941 5381 gloriam
2967 5309 3226 5364 nominis
3257 5309 3362 5364 tui.
3397 5309 3522 5364 Per.

2313 5487 2343 5530 ὶ)
2373 5489 2573 5542 Omnes
2599 5485 2872 5542 orationes
2905 5483 2990 5537 hic
3034 5482 3348 5556 assignatas,
3379 5480 3568 5536 nullibi
3588 5553 3613 5556 Α
3641 5479 3934 5556 leguntur

2245 5559 2300 5616 in
2331 5561 2434 5614 hac
2461 5559 2555 5614 fer.
2601 5558 2654 5623 4,
2709 5563 3070 5629 ρτεξξὶεῐηυειω
3101 5555 3152 5608 in
3203 5555 3372 5629 Codd.
3425 5553 3619 5629 Angeli
3675 5553 3932 5629 ﬂocces,

2247 5649 2344 5694 seu
2373 5631 2572 5699 Vatia,
2603 5625 2752 5706 apud
2777 5625 2942 5685 Guss.
2973 5641 3165 5684 recusa
3195 5631 3252 5684 et
3283 5625 3531 5684 Menardl
