  <div class='ocr_page' id='page_1' title='image "/cluster/home/n/w/nwhite01/storage/ocr_20150623/78/hvd.32044054758826/046.png"; bbox 0 0 4086 6198; ppageno 0'>
   <div class='ocr_carea' id='block_1_1' title="bbox 250 162 3613 303">
    <p class='ocr_par' dir='ltr' id='par_1_1' title="bbox 250 162 3613 303">
     <span class='ocr_line' id='line_1_1' title="bbox 250 162 3613 303; baseline 0.004 -30"><span class='ocrx_word' id='word_1_1' title='bbox 250 218 317 285; x_wconf 67' lang='grc' dir='ltr'><strong><em>οι</em></strong></span> <span class='ocrx_word' id='word_1_2' title='bbox 1449 162 1661 279; x_wconf 70' lang='lat' dir='ltr'><strong><em>uasa</em></strong></span> <span class='ocrx_word' id='word_1_3' title='bbox 1700 203 2375 303; x_wconf 55' lang='lat' dir='ltr'><strong><em>meammeam.</em></strong></span> <span class='ocrx_word' id='word_1_4' title='bbox 3176 298 3179 303; x_wconf 16' lang='lat' dir='ltr'><strong>I</strong></span> <span class='ocrx_word' id='word_1_5' title='bbox 3529 214 3613 303; x_wconf 53' lang='lat' dir='ltr'><strong><em>si</em></strong></span> 
     </span>
    </p>
   </div>
   <div class='ocr_carea' id='block_1_2' title="bbox 304 304 3602 425">
    <p class='ocr_par' dir='ltr' id='par_1_2' title="bbox 304 304 3602 425">
     <span class='ocr_line' id='line_1_2' title="bbox 304 304 3602 425; baseline 0 -20"><span class='ocrx_word' id='word_1_6' title='bbox 304 347 431 425; x_wconf 69' lang='lat'><strong>(251)</strong></span> <span class='ocrx_word' id='word_1_7' title='bbox 458 344 660 415; x_wconf 74' lang='lat' dir='ltr'><strong><em>Quibus</em></strong></span> <span class='ocrx_word' id='word_1_8' title='bbox 687 343 940 418; x_wconf 70' lang='lat' dir='ltr'><strong><em>expletis</em></strong></span> <span class='ocrx_word' id='word_1_9' title='bbox 968 345 1490 405; x_wconf 84' lang='lat' dir='ltr'><strong><em>osculturaltareet</em></strong></span> <span class='ocrx_word' id='word_1_10' title='bbox 1515 338 1836 418; x_wconf 78' lang='lat' dir='ltr'><strong><em>egreditur.</em></strong></span> <span class='ocrx_word' id='word_1_11' title='bbox 1873 340 1923 405; x_wconf 65' lang='grc' dir='ltr'>Α</span> <span class='ocrx_word' id='word_1_12' title='bbox 1958 340 2106 417; x_wconf 82' lang='lat'><strong><em>(259)</em></strong></span> <span class='ocrx_word' id='word_1_13' title='bbox 2132 343 2488 415; x_wconf 79' lang='lat' dir='ltr'><strong><em>dalmatieas,</em></strong></span> <span class='ocrx_word' id='word_1_14' title='bbox 2522 352 2644 407; x_wconf 89' lang='lat' dir='ltr'><strong><em>tam</em></strong></span> <span class='ocrx_word' id='word_1_15' title='bbox 2652 349 2932 422; x_wconf 71' lang='lat' dir='ltr'><strong><em>pontifex,</em></strong></span> <span class='ocrx_word' id='word_1_16' title='bbox 2961 304 3602 422; x_wconf 81' lang='lat' dir='ltr'><strong><em>quamomnesdiaeoni,</em></strong></span> 
     </span>
    </p>
   </div>
   <div class='ocr_carea' id='block_1_3' title="bbox 246 428 3600 510">
    <p class='ocr_par' dir='ltr' id='par_1_3' title="bbox 246 428 3600 510">
     <span class='ocr_line' id='line_1_3' title="bbox 246 428 3600 510; baseline 0 -14"><span class='ocrx_word' id='word_1_17' title='bbox 246 439 411 496; x_wconf 77' lang='lat' dir='ltr'><strong><em>Postea</em></strong></span> <span class='ocrx_word' id='word_1_18' title='bbox 421 453 548 494; x_wconf 84' lang='lat' dir='ltr'><strong><em>vero</em></strong></span> <span class='ocrx_word' id='word_1_19' title='bbox 562 435 706 507; x_wconf 69' lang='lat'><strong><em>(252)</em></strong></span> <span class='ocrx_word' id='word_1_20' title='bbox 725 435 874 493; x_wconf 81' lang='lat' dir='ltr'><strong><em>hora</em></strong></span> <span class='ocrx_word' id='word_1_21' title='bbox 886 442 1085 492; x_wconf 85' lang='lat' dir='ltr'><strong><em>octava</em></strong></span> <span class='ocrx_word' id='word_1_22' title='bbox 1100 436 1513 507; x_wconf 76' lang='lat' dir='ltr'><strong><em>ingrediuntur</em></strong></span> <span class='ocrx_word' id='word_1_23' title='bbox 1526 435 1595 489; x_wconf 87' lang='lat' dir='ltr'><strong><em>ad</em></strong></span> <span class='ocrx_word' id='word_1_24' title='bbox 1610 435 1843 489; x_wconf 86' lang='lat' dir='ltr'><strong><em>missam</em></strong></span> <span class='ocrx_word' id='word_1_25' title='bbox 1952 434 2046 489; x_wconf 87' lang='lat' dir='ltr'><strong><em>vel</em></strong></span> <span class='ocrx_word' id='word_1_26' title='bbox 2059 436 2631 504; x_wconf 84' lang='lat' dir='ltr'><strong><em>omniaornamenta,</em></strong></span> <span class='ocrx_word' id='word_1_27' title='bbox 2644 438 2878 496; x_wconf 77' lang='lat' dir='ltr'><strong><em>sedente</em></strong></span> <span class='ocrx_word' id='word_1_28' title='bbox 2887 440 3164 510; x_wconf 84' lang='lat' dir='ltr'><strong><em>pontiﬁce</em></strong></span> <span class='ocrx_word' id='word_1_29' title='bbox 3174 440 3234 495; x_wconf 89' lang='lat' dir='ltr'><strong><em>in</em></strong></span> <span class='ocrx_word' id='word_1_30' title='bbox 3254 428 3401 496; x_wconf 83' lang='lat' dir='ltr'><strong><em>sella</em></strong></span> <span class='ocrx_word' id='word_1_31' title='bbox 3413 442 3600 507; x_wconf 68' lang='lat' dir='ltr'><strong><em>sumet</em></strong></span> 
     </span>
    </p>
   </div>
   <div class='ocr_carea' id='block_1_4' title="bbox 249 521 1845 594">
    <p class='ocr_par' dir='ltr' id='par_1_4' title="bbox 249 521 1845 594">
     <span class='ocr_line' id='line_1_4' title="bbox 249 521 1845 594; baseline -0.006 -10"><span class='ocrx_word' id='word_1_32' title='bbox 249 527 537 584; x_wconf 80' lang='lat' dir='ltr'><strong><em>hocordine</em></strong></span> <span class='ocrx_word' id='word_1_33' title='bbox 554 540 578 581; x_wconf 91' lang='grc'><strong><em>.·</em></strong></span> <span class='ocrx_word' id='word_1_34' title='bbox 602 525 761 582; x_wconf 80' lang='lat' dir='ltr'><strong><em>Dicit</em></strong></span> <span class='ocrx_word' id='word_1_35' title='bbox 790 524 1142 594; x_wconf 71' lang='lat' dir='ltr'><strong><em>(253)3chola</em></strong></span> <span class='ocrx_word' id='word_1_36' title='bbox 1162 525 1550 593; x_wconf 89' lang='lat' dir='ltr'><strong><em>antiphonam</em></strong></span> <span class='ocrx_word' id='word_1_37' title='bbox 1561 521 1845 578; x_wconf 83' lang='lat' dir='ltr'><strong><em>adintroi-</em></strong></span> 
     </span>
    </p>
   </div>
   <div class='ocr_carea' id='block_1_5' title="bbox 243 612 1505 684">
    <p class='ocr_par' dir='ltr' id='par_1_5' title="bbox 243 612 1505 684">
     <span class='ocr_line' id='line_1_5' title="bbox 243 612 1505 684; baseline -0.004 -12"><span class='ocrx_word' id='word_1_38' title='bbox 243 622 357 672; x_wconf 71' lang='lat' dir='ltr'><strong><em>tum.</em></strong></span> <span class='ocrx_word' id='word_1_39' title='bbox 382 613 493 679; x_wconf 79' lang='lat' dir='ltr'><strong><em>Qua</em></strong></span> <span class='ocrx_word' id='word_1_40' title='bbox 519 613 710 680; x_wconf 76' lang='lat' dir='ltr'><strong><em>ﬁnita,</em></strong></span> <span class='ocrx_word' id='word_1_41' title='bbox 737 612 840 669; x_wconf 86' lang='lat' dir='ltr'><strong><em>dat</em></strong></span> <span class='ocrx_word' id='word_1_42' title='bbox 870 613 1183 669; x_wconf 84' lang='lat' dir='ltr'><strong><em>orationem</em></strong></span> <span class='ocrx_word' id='word_1_43' title='bbox 1214 613 1505 684; x_wconf 73' lang='lat' dir='ltr'><strong><em>pontifex.</em></strong></span> 
     </span>
    </p>
   </div>
   <div class='ocr_carea' id='block_1_6' title="bbox 1946 528 3604 602">
    <p class='ocr_par' dir='ltr' id='par_1_6' title="bbox 1946 528 3604 602">
     <span class='ocr_line' id='line_1_6' title="bbox 1946 528 3604 602; baseline 0.009 -29"><span class='ocrx_word' id='word_1_44' title='bbox 1946 528 2513 598; x_wconf 61' lang='lat' dir='ltr'><strong><em>prmparantur(260)</em></strong></span> <span class='ocrx_word' id='word_1_45' title='bbox 2552 530 2817 600; x_wconf 64' lang='lat' dir='ltr'><strong><em>ampulla;</em></strong></span> <span class='ocrx_word' id='word_1_46' title='bbox 2841 529 2969 586; x_wconf 71' lang='lat' dir='ltr'><strong><em>duae</em></strong></span> <span class='ocrx_word' id='word_1_47' title='bbox 2998 545 3131 587; x_wconf 86' lang='lat' dir='ltr'><strong><em>cum</em></strong></span> <span class='ocrx_word' id='word_1_48' title='bbox 3180 529 3313 596; x_wconf 90' lang='lat' dir='ltr'><strong><em>oleo,</em></strong></span> <span class='ocrx_word' id='word_1_49' title='bbox 3356 545 3604 602; x_wconf 82' lang='lat' dir='ltr'><strong><em>quarum</em></strong></span> 
     </span>
    </p>
   </div>
   <div class='ocr_carea' id='block_1_7' title="bbox 1953 612 3599 688">
    <p class='ocr_par' dir='ltr' id='par_1_7' title="bbox 1953 612 3599 688">
     <span class='ocr_line' id='line_1_7' title="bbox 1953 612 3599 688; baseline 0.004 -20"><span class='ocrx_word' id='word_1_50' title='bbox 1953 612 2157 668; x_wconf 81' lang='lat' dir='ltr'><strong><em>melior</em></strong></span> <span class='ocrx_word' id='word_1_51' title='bbox 2183 616 2450 683; x_wconf 82' lang='lat' dir='ltr'><strong><em>defertur</em></strong></span> <span class='ocrx_word' id='word_1_52' title='bbox 2466 619 2749 687; x_wconf 81' lang='lat' dir='ltr'><strong><em>pontiﬁci,</em></strong></span> <span class='ocrx_word' id='word_1_53' title='bbox 2784 625 2871 684; x_wconf 86' lang='lat' dir='ltr'><strong><em>ut,</em></strong></span> <span class='ocrx_word' id='word_1_54' title='bbox 2904 618 3296 688; x_wconf 80' lang='lat' dir='ltr'><strong><em>(26t)accepto</em></strong></span> <span class='ocrx_word' id='word_1_55' title='bbox 3313 618 3599 687; x_wconf 84' lang='lat' dir='ltr'><strong><em>balsamo,</em></strong></span> 
     </span>
    </p>
   </div>
   <div class='ocr_carea' id='block_1_8' title="bbox 291 699 3598 778">
    <p class='ocr_par' dir='ltr' id='par_1_8' title="bbox 291 699 3598 778">
     <span class='ocr_line' id='line_1_8' title="bbox 291 699 3598 778; baseline 0.001 -19"><span class='ocrx_word' id='word_1_56' title='bbox 291 704 417 774; x_wconf 73' lang='grc'><strong><em>(254)</em></strong></span> <span class='ocrx_word' id='word_1_57' title='bbox 439 713 462 743; x_wconf 76' lang='grc' dir='ltr'>ι</span> <span class='ocrx_word' id='word_1_58' title='bbox 494 705 719 767; x_wconf 76' lang='lat' dir='ltr'><strong><em>Praesta,</em></strong></span> <span class='ocrx_word' id='word_1_59' title='bbox 741 717 1093 773; x_wconf 64' lang='lat' dir='ltr'><strong><em>quasumus</em></strong></span> <span class='ocrx_word' id='word_1_60' title='bbox 1135 702 1508 774; x_wconf 83' lang='lat' dir='ltr'><strong><em>omnipotens</em></strong></span> <span class='ocrx_word' id='word_1_61' title='bbox 1571 699 1748 762; x_wconf 87' lang='lat' dir='ltr'><strong><em>Deus,</em></strong></span> <span class='ocrx_word' id='word_1_62' title='bbox 1782 700 1846 752; x_wconf 88' lang='lat' dir='ltr'><strong><em>ut</em></strong></span> <span class='ocrx_word' id='word_1_63' title='bbox 1951 705 2003 755; x_wconf 85' lang='lat' dir='ltr'><strong><em>et</em></strong></span> <span class='ocrx_word' id='word_1_64' title='bbox 2041 705 2458 761; x_wconf 84' lang='lat' dir='ltr'><strong><em>commiscitato</em></strong></span> <span class='ocrx_word' id='word_1_65' title='bbox 2487 722 2615 764; x_wconf 85' lang='lat' dir='ltr'><strong><em>cum</em></strong></span> <span class='ocrx_word' id='word_1_66' title='bbox 2641 706 2783 774; x_wconf 90' lang='lat' dir='ltr'><strong><em>oleo,</em></strong></span> <span class='ocrx_word' id='word_1_67' title='bbox 2818 724 2995 763; x_wconf 87' lang='lat' dir='ltr'><strong><em>manu</em></strong></span> <span class='ocrx_word' id='word_1_68' title='bbox 3024 722 3133 764; x_wconf 88' lang='lat' dir='ltr'><strong><em>sua</em></strong></span> <span class='ocrx_word' id='word_1_69' title='bbox 3172 707 3399 778; x_wconf 80' lang='lat' dir='ltr'><strong><em>impleat</em></strong></span> <span class='ocrx_word' id='word_1_70' title='bbox 3451 722 3598 763; x_wconf 88' lang='lat' dir='ltr'><strong><em>eam.</em></strong></span> 
     </span>
    </p>
   </div>
   <div class='ocr_carea' id='block_1_9' title="bbox 238 788 3599 867">
    <p class='ocr_par' dir='ltr' id='par_1_9' title="bbox 238 788 3599 867">
     <span class='ocr_line' id='line_1_9' title="bbox 238 788 3599 867; baseline 0.001 -21"><span class='ocrx_word' id='word_1_71' title='bbox 238 791 321 863; x_wconf 93' lang='lat' dir='ltr'><strong><em>qui</em></strong></span> <span class='ocrx_word' id='word_1_72' title='bbox 336 791 528 846; x_wconf 76' lang='lat' dir='ltr'><strong><em>nostris</em></strong></span> <span class='ocrx_word' id='word_1_73' title='bbox 542 789 883 845; x_wconf 81' lang='lat' dir='ltr'><strong><em>excessibus</em></strong></span> <span class='ocrx_word' id='word_1_74' title='bbox 936 790 1301 846; x_wconf 81' lang='lat' dir='ltr'><strong><em>incessanter</em></strong></span> <span class='ocrx_word' id='word_1_75' title='bbox 1347 789 1692 859; x_wconf 75' lang='lat' dir='ltr'><strong><em>afﬂigimur,</em></strong></span> <span class='ocrx_word' id='word_1_76' title='bbox 1744 799 1847 859; x_wconf 83' lang='lat' dir='ltr'><strong><em>per</em></strong></span> <span class='ocrx_word' id='word_1_77' title='bbox 1951 788 2117 845; x_wconf 83' lang='lat' dir='ltr'><strong><em>Illam</em></strong></span> <span class='ocrx_word' id='word_1_78' title='bbox 2131 808 2259 849; x_wconf 74' lang='lat' dir='ltr'><strong><em>vero</em></strong></span> <span class='ocrx_word' id='word_1_79' title='bbox 2276 794 2457 850; x_wconf 88' lang='lat' dir='ltr'><strong><em>aliam</em></strong></span> <span class='ocrx_word' id='word_1_80' title='bbox 2477 795 2730 851; x_wconf 80' lang='lat' dir='ltr'><strong><em>ministri</em></strong></span> <span class='ocrx_word' id='word_1_81' title='bbox 2740 796 3033 852; x_wconf 86' lang='lat' dir='ltr'><strong><em>retineant</em></strong></span> <span class='ocrx_word' id='word_1_82' title='bbox 3050 795 3379 867; x_wconf 86' lang='lat' dir='ltr'><strong><em>plenam.Et</em></strong></span> <span class='ocrx_word' id='word_1_83' title='bbox 3402 794 3599 865; x_wconf 81' lang='lat' dir='ltr'><strong><em>ponti-</em></strong></span> 
     </span>
    </p>
   </div>
   <div class='ocr_carea' id='block_1_10' title="bbox 242 878 1517 949">
    <p class='ocr_par' dir='ltr' id='par_1_10' title="bbox 242 878 1517 949">
     <span class='ocr_line' id='line_1_10' title="bbox 242 878 1517 949; baseline -0.005 -14"><span class='ocrx_word' id='word_1_84' title='bbox 242 878 494 947; x_wconf 85' lang='lat' dir='ltr'><strong><em>Unigeniti</em></strong></span> <span class='ocrx_word' id='word_1_85' title='bbox 510 878 592 933; x_wconf 88' lang='lat' dir='ltr'><strong><em>tui</em></strong></span> <span class='ocrx_word' id='word_1_86' title='bbox 620 879 970 949; x_wconf 84' lang='lat' dir='ltr'><strong><em>passionem</em></strong></span> <span class='ocrx_word' id='word_1_87' title='bbox 996 878 1345 936; x_wconf 83' lang='lat' dir='ltr'><strong><em>liberemur.</em></strong></span> <span class='ocrx_word' id='word_1_88' title='bbox 1387 878 1517 943; x_wconf 86' lang='lat' dir='ltr'><strong><em>Qui.</em></strong></span> 
     </span>
    </p>
   </div>
   <div class='ocr_carea' id='block_1_11' title="bbox 1947 876 3592 955">
    <p class='ocr_par' dir='ltr' id='par_1_11' title="bbox 1947 876 3592 955">
     <span class='ocr_line' id='line_1_11' title="bbox 1947 876 3592 955; baseline 0.004 -22"><span class='ocrx_word' id='word_1_89' title='bbox 1947 876 2075 944; x_wconf 73' lang='lat' dir='ltr'><strong><em>fex,</em></strong></span> <span class='ocrx_word' id='word_1_90' title='bbox 2092 881 2362 938; x_wconf 84' lang='lat' dir='ltr'><strong><em>lolisman</em></strong></span> <span class='ocrx_word' id='word_1_91' title='bbox 2372 884 2500 939; x_wconf 85' lang='lat' dir='ltr'><strong><em>ibus</em></strong></span> <span class='ocrx_word' id='word_1_92' title='bbox 2514 884 2764 955; x_wconf 81' lang='lat' dir='ltr'><strong><em>procedit</em></strong></span> <span class='ocrx_word' id='word_1_93' title='bbox 2776 900 2905 940; x_wconf 87' lang='lat' dir='ltr'><strong><em>cum</em></strong></span> <span class='ocrx_word' id='word_1_94' title='bbox 2919 890 3125 955; x_wconf 79' lang='lat' dir='ltr'><strong><em>septem</em></strong></span> <span class='ocrx_word' id='word_1_95' title='bbox 3153 884 3592 954; x_wconf 71' lang='lat' dir='ltr'><strong><em>(262)cereosta-</em></strong></span> 
     </span>
    </p>
   </div>
   <div class='ocr_carea' id='block_1_12' title="bbox 238 965 3591 1040">
    <p class='ocr_par' dir='ltr' id='par_1_12' title="bbox 238 965 3591 1040">
     <span class='ocr_line' id='line_1_12' title="bbox 238 965 3591 1040; baseline 0.001 -18"><span class='ocrx_word' id='word_1_96' title='bbox 238 967 428 1022; x_wconf 81' lang='lat' dir='ltr'><strong><em>Deinde</em></strong></span> <span class='ocrx_word' id='word_1_97' title='bbox 455 966 660 1036; x_wconf 86' lang='lat' dir='ltr'><strong><em>legitur</em></strong></span> <span class='ocrx_word' id='word_1_98' title='bbox 688 967 856 1023; x_wconf 85' lang='lat' dir='ltr'><strong><em>lectio</em></strong></span> <span class='ocrx_word' id='word_1_99' title='bbox 909 982 1042 1025; x_wconf 84' lang='lat' dir='ltr'><strong><em>una.</em></strong></span> <span class='ocrx_word' id='word_1_100' title='bbox 1104 968 1365 1039; x_wconf 85' lang='lat' dir='ltr'><strong><em>Sequitur</em></strong></span> <span class='ocrx_word' id='word_1_101' title='bbox 1413 967 1578 1037; x_wconf 86' lang='lat' dir='ltr'><strong><em>Resp,</em></strong></span> <span class='ocrx_word' id='word_1_102' title='bbox 1639 965 1845 1020; x_wconf 81' lang='lat' dir='ltr'><strong><em>Postea</em></strong></span> <span class='ocrx_word' id='word_1_103' title='bbox 1953 967 2025 1022; x_wconf 89' lang='lat' dir='ltr'><strong><em>tis</em></strong></span> <span class='ocrx_word' id='word_1_104' title='bbox 2045 968 2122 1023; x_wconf 89' lang='lat' dir='ltr'><strong><em>ad</em></strong></span> <span class='ocrx_word' id='word_1_105' title='bbox 2147 970 2399 1027; x_wconf 85' lang='lat' dir='ltr'><strong><em>Missam.</em></strong></span> <span class='ocrx_word' id='word_1_106' title='bbox 2431 974 2597 1029; x_wconf 87' lang='lat' dir='ltr'><strong><em>Dicta</em></strong></span> <span class='ocrx_word' id='word_1_107' title='bbox 2610 973 2946 1040; x_wconf 84' lang='lat' dir='ltr'><strong><em>Antiphona</em></strong></span> <span class='ocrx_word' id='word_1_108' title='bbox 2974 972 3053 1027; x_wconf 89' lang='lat' dir='ltr'><strong><em>ad</em></strong></span> <span class='ocrx_word' id='word_1_109' title='bbox 3071 973 3396 1037; x_wconf 78' lang='lat' dir='ltr'><strong><em>introztum,</em></strong></span> <span class='ocrx_word' id='word_1_110' title='bbox 3420 972 3591 1037; x_wconf 83' lang='lat' dir='ltr'><strong><em>dicit,</em></strong></span> 
     </span>
    </p>
   </div>
   <div class='ocr_carea' id='block_1_13' title="bbox 237 1055 676 1113">
    <p class='ocr_par' dir='ltr' id='par_1_13' title="bbox 237 1055 676 1113">
     <span class='ocr_line' id='line_1_13' title="bbox 237 1055 676 1113; baseline 0 -4"><span class='ocrx_word' id='word_1_111' title='bbox 237 1055 440 1111; x_wconf 80' lang='lat' dir='ltr'><strong><em>dicatur</em></strong></span> <span class='ocrx_word' id='word_1_112' title='bbox 465 1057 676 1113; x_wconf 84' lang='lat' dir='ltr'><strong><em>altera.</em></strong></span> 
     </span>
    </p>
   </div>
   <div class='ocr_carea' id='block_1_14' title="bbox 1953 1054 3600 1130">
    <p class='ocr_par' dir='ltr' id='par_1_14' title="bbox 1953 1054 3600 1130">
     <span class='ocr_line' id='line_1_14' title="bbox 1953 1054 3600 1130; baseline 0.004 -19"><span class='ocrx_word' id='word_1_113' title='bbox 1953 1054 2148 1112; x_wconf 88' lang='lat' dir='ltr'><strong><em>Gloria</em></strong></span> <span class='ocrx_word' id='word_1_114' title='bbox 2176 1058 2236 1114; x_wconf 90' lang='lat' dir='ltr'><strong><em>in</em></strong></span> <span class='ocrx_word' id='word_1_115' title='bbox 2257 1060 2500 1117; x_wconf 83' lang='lat' dir='ltr'><strong><em>excelsis</em></strong></span> <span class='ocrx_word' id='word_1_116' title='bbox 2528 1062 2668 1117; x_wconf 91' lang='lat' dir='ltr'><strong><em>Deo.</em></strong></span> <span class='ocrx_word' id='word_1_117' title='bbox 2701 1062 2821 1128; x_wconf 89' lang='lat' dir='ltr'><strong><em>Quo</em></strong></span> <span class='ocrx_word' id='word_1_118' title='bbox 2868 1062 3052 1130; x_wconf 86' lang='lat' dir='ltr'><strong><em>ﬂnito,</em></strong></span> <span class='ocrx_word' id='word_1_119' title='bbox 3094 1060 3236 1117; x_wconf 81' lang='lat' dir='ltr'><strong><em>dicit</em></strong></span> <span class='ocrx_word' id='word_1_120' title='bbox 3292 1060 3439 1129; x_wconf 87' lang='lat'><strong><em>(263)</em></strong></span> <span class='ocrx_word' id='word_1_121' title='bbox 3474 1059 3600 1117; x_wconf 80' lang='lat' dir='ltr'><strong><em>Pax</em></strong></span> 
     </span>
    </p>
   </div>
   <div class='ocr_carea' id='block_1_15' title="bbox 293 1139 3600 1216">
    <p class='ocr_par' dir='ltr' id='par_1_15' title="bbox 293 1139 3600 1216">
     <span class='ocr_line' id='line_1_15' title="bbox 293 1139 3600 1216; baseline 0.001 -17"><span class='ocrx_word' id='word_1_122' title='bbox 293 1143 488 1199; x_wconf 82' lang='lat' dir='ltr'><strong><em>Oratio.</em></strong></span> <span class='ocrx_word' id='word_1_123' title='bbox 517 1174 587 1184; x_wconf 94' lang='lat'><strong>—</strong></span> <span class='ocrx_word' id='word_1_124' title='bbox 610 1145 762 1199; x_wconf 90' lang='lat' dir='ltr'><strong><em>Deus</em></strong></span> <span class='ocrx_word' id='word_1_125' title='bbox 786 1144 893 1216; x_wconf 87' lang='lat' dir='ltr'><strong><em>qui</em></strong></span> <span class='ocrx_word' id='word_1_126' title='bbox 909 1158 1015 1215; x_wconf 89' lang='lat' dir='ltr'><strong><em>pro</em></strong></span> <span class='ocrx_word' id='word_1_127' title='bbox 1028 1142 1203 1199; x_wconf 90' lang='lat' dir='ltr'><strong><em>nobis</em></strong></span> <span class='ocrx_word' id='word_1_128' title='bbox 1226 1143 1433 1199; x_wconf 84' lang='lat' dir='ltr'><strong><em>Filium</em></strong></span> <span class='ocrx_word' id='word_1_129' title='bbox 1459 1147 1622 1198; x_wconf 90' lang='lat' dir='ltr'><strong><em>tuum</em></strong></span> <span class='ocrx_word' id='word_1_130' title='bbox 1649 1139 1841 1195; x_wconf 89' lang='lat' dir='ltr'><strong><em>crucis</em></strong></span> <span class='ocrx_word' id='word_1_131' title='bbox 1949 1143 2139 1210; x_wconf 85' lang='lat' dir='ltr'><strong><em>vobis,</em></strong></span> <span class='ocrx_word' id='word_1_132' title='bbox 2168 1154 2221 1203; x_wconf 87' lang='lat' dir='ltr'><strong><em>et</em></strong></span> <span class='ocrx_word' id='word_1_133' title='bbox 2249 1151 2348 1205; x_wconf 87' lang='lat' dir='ltr'><strong><em>dat</em></strong></span> <span class='ocrx_word' id='word_1_134' title='bbox 2363 1151 2684 1208; x_wconf 85' lang='lat' dir='ltr'><strong><em>orationem</em></strong></span> <span class='ocrx_word' id='word_1_135' title='bbox 2725 1152 2894 1209; x_wconf 83' lang='lat' dir='ltr'><strong><em>hanc.</em></strong></span> <span class='ocrx_word' id='word_1_136' title='bbox 2923 1150 3001 1206; x_wconf 87' lang='lat' dir='ltr'><strong><em>Et</em></strong></span> <span class='ocrx_word' id='word_1_137' title='bbox 3040 1154 3253 1206; x_wconf 55' lang='lat' dir='ltr'><strong><em>cetera</em></strong></span> <span class='ocrx_word' id='word_1_138' title='bbox 3295 1147 3493 1206; x_wconf 83' lang='lat' dir='ltr'><strong><em>omnia</em></strong></span> <span class='ocrx_word' id='word_1_139' title='bbox 3522 1163 3600 1204; x_wconf 68' lang='grc' dir='ltr'><strong><em>διο</em></strong></span> 
     </span>
    </p>
   </div>
   <div class='ocr_carea' id='block_1_16' title="bbox 233 1238 1839 1311">
    <p class='ocr_par' dir='ltr' id='par_1_16' title="bbox 233 1238 1839 1311">
     <span class='ocr_line' id='line_1_16' title="bbox 233 1238 1839 1311; baseline -0.002 -16"><span class='ocrx_word' id='word_1_140' title='bbox 233 1239 576 1311; x_wconf 71' lang='grc' dir='ltr'><strong><em>ρειιίὺιιιιιωδ</em></strong></span> <span class='ocrx_word' id='word_1_141' title='bbox 605 1239 806 1297; x_wconf 88' lang='lat' dir='ltr'><strong><em>subire</em></strong></span> <span class='ocrx_word' id='word_1_142' title='bbox 830 1240 1068 1297; x_wconf 88' lang='lat' dir='ltr'><strong><em>voluisti</em></strong></span> <span class='ocrx_word' id='word_1_143' title='bbox 1099 1245 1164 1296; x_wconf 90' lang='lat' dir='ltr'><strong><em>ut</em></strong></span> <span class='ocrx_word' id='word_1_144' title='bbox 1201 1241 1424 1296; x_wconf 80' lang='lat' dir='ltr'><strong><em>inimici</em></strong></span> <span class='ocrx_word' id='word_1_145' title='bbox 1457 1255 1491 1296; x_wconf 91' lang='lat' dir='ltr'><strong><em>a</em></strong></span> <span class='ocrx_word' id='word_1_146' title='bbox 1530 1238 1706 1295; x_wconf 91' lang='lat' dir='ltr'><strong><em>nobis</em></strong></span> <span class='ocrx_word' id='word_1_147' title='bbox 1737 1252 1839 1293; x_wconf 85' lang='lat' dir='ltr'><strong><em>ex-</em></strong></span> 
     </span>
    </p>
   </div>
   <div class='ocr_carea' id='block_1_17' title="bbox 232 1326 1840 1401">
    <p class='ocr_par' dir='ltr' id='par_1_17' title="bbox 232 1326 1840 1401">
     <span class='ocr_line' id='line_1_17' title="bbox 232 1326 1840 1401; baseline -0.001 -19"><span class='ocrx_word' id='word_1_148' title='bbox 232 1326 439 1399; x_wconf 81' lang='lat' dir='ltr'><strong><em>pelleres</em></strong></span> <span class='ocrx_word' id='word_1_149' title='bbox 454 1332 832 1401; x_wconf 87' lang='lat' dir='ltr'><strong><em>potestatem,</em></strong></span> <span class='ocrx_word' id='word_1_150' title='bbox 866 1327 1122 1384; x_wconf 86' lang='lat' dir='ltr'><strong><em>cencede</em></strong></span> <span class='ocrx_word' id='word_1_151' title='bbox 1149 1328 1320 1385; x_wconf 86' lang='lat' dir='ltr'><strong><em>uobis</em></strong></span> <span class='ocrx_word' id='word_1_152' title='bbox 1349 1328 1588 1386; x_wconf 82' lang='lat' dir='ltr'><strong><em>famulis</em></strong></span> <span class='ocrx_word' id='word_1_153' title='bbox 1615 1327 1750 1389; x_wconf 89' lang='lat' dir='ltr'><strong><em>tuis,</em></strong></span> <span class='ocrx_word' id='word_1_154' title='bbox 1776 1328 1840 1381; x_wconf 89' lang='lat' dir='ltr'><strong><em>ut</em></strong></span> 
     </span>
    </p>
   </div>
   <div class='ocr_carea' id='block_1_18' title="bbox 1949 1237 2787 1301">
    <p class='ocr_par' dir='ltr' id='par_1_18' title="bbox 1949 1237 2787 1301">
     <span class='ocr_line' id='line_1_18' title="bbox 1949 1237 2787 1301; baseline 0.016 -15"><span class='ocrx_word' id='word_1_155' title='bbox 1949 1240 2048 1288; x_wconf 88' lang='lat' dir='ltr'><strong><em>cut</em></strong></span> <span class='ocrx_word' id='word_1_156' title='bbox 2077 1237 2139 1291; x_wconf 91' lang='lat' dir='ltr'><strong><em>in</em></strong></span> <span class='ocrx_word' id='word_1_157' title='bbox 2166 1237 2284 1295; x_wconf 88' lang='lat' dir='ltr'><strong><em>alia</em></strong></span> <span class='ocrx_word' id='word_1_158' title='bbox 2315 1240 2567 1296; x_wconf 87' lang='lat' dir='ltr'><strong><em>solemni</em></strong></span> <span class='ocrx_word' id='word_1_159' title='bbox 2590 1241 2787 1301; x_wconf 77' lang='lat' dir='ltr'><strong><em>Missa.</em></strong></span> 
     </span>
    </p>
   </div>
   <div class='ocr_carea' id='block_1_19' title="bbox 2019 1342 3603 1417">
    <p class='ocr_par' dir='ltr' id='par_1_19' title="bbox 2019 1342 3603 1417">
     <span class='ocr_line' id='line_1_19' title="bbox 2019 1342 3603 1417; baseline 0.002 -20"><span class='ocrx_word' id='word_1_160' title='bbox 2019 1344 2196 1408; x_wconf 89' lang='lat' dir='ltr'><strong><em>Deus,</em></strong></span> <span class='ocrx_word' id='word_1_161' title='bbox 2221 1360 2257 1399; x_wconf 91' lang='lat' dir='ltr'><strong><em>a</em></strong></span> <span class='ocrx_word' id='word_1_162' title='bbox 2285 1361 2408 1417; x_wconf 87' lang='lat' dir='ltr'><strong><em>quo</em></strong></span> <span class='ocrx_word' id='word_1_163' title='bbox 2431 1346 2528 1402; x_wconf 84' lang='lat' dir='ltr'><strong><em>etJ</em></strong></span> <span class='ocrx_word' id='word_1_164' title='bbox 2537 1345 2687 1401; x_wconf 89' lang='lat' dir='ltr'><strong><em>udas</em></strong></span> <span class='ocrx_word' id='word_1_165' title='bbox 2698 1349 2899 1403; x_wconf 78' lang='lat' dir='ltr'><strong><em>reatus</em></strong></span> <span class='ocrx_word' id='word_1_166' title='bbox 2917 1344 3348 1416; x_wconf 76' lang='lat' dir='ltr'><strong><em>suipmnam.et</em></strong></span> <span class='ocrx_word' id='word_1_167' title='bbox 3368 1342 3603 1403; x_wconf 83' lang='lat' dir='ltr'><strong><em>confes-</em></strong></span> 
     </span>
    </p>
   </div>
   <div class='ocr_carea' id='block_1_20' title="bbox 228 1414 1837 1505">
    <p class='ocr_par' dir='ltr' id='par_1_20' title="bbox 228 1414 1837 1489">
     <span class='ocr_line' id='line_1_20' title="bbox 228 1414 1837 1489; baseline -0.001 -19"><span class='ocrx_word' id='word_1_168' title='bbox 228 1416 657 1473; x_wconf 76' lang='lat' dir='ltr'><strong><em>Besurrectionls</em></strong></span> <span class='ocrx_word' id='word_1_169' title='bbox 680 1419 936 1489; x_wconf 81' lang='lat' dir='ltr'><strong><em>gratiam</em></strong></span> <span class='ocrx_word' id='word_1_170' title='bbox 967 1430 1428 1489; x_wconf 84' lang='lat' dir='ltr'><strong><em>comsequamur</em></strong></span> <span class='ocrx_word' id='word_1_171' title='bbox 1458 1417 1566 1471; x_wconf 90' lang='lat' dir='ltr'><strong><em>Per</em></strong></span> <span class='ocrx_word' id='word_1_172' title='bbox 1585 1414 1837 1471; x_wconf 90' lang='lat' dir='ltr'><strong><em>eumden</em></strong></span> 
     </span>
    </p>
   </div>
   <div class='ocr_carea' id='block_1_21' title="bbox 1952 1414 3595 1505">
    <p class='ocr_par' dir='ltr' id='par_1_21' title="bbox 1952 1414 3595 1505">
     <span class='ocr_line' id='line_1_21' title="bbox 1952 1414 3595 1505; baseline 0.001 -20"><span class='ocrx_word' id='word_1_173' title='bbox 1952 1429 2130 1488; x_wconf 84' lang='lat' dir='ltr'><strong><em>sionis</em></strong></span> <span class='ocrx_word' id='word_1_174' title='bbox 2152 1448 2269 1489; x_wconf 74' lang='lat' dir='ltr'><strong><em>sum</em></strong></span> <span class='ocrx_word' id='word_1_175' title='bbox 2299 1414 2451 1491; x_wconf 79' lang='lat' dir='ltr'><strong><em>latro</em></strong></span> <span class='ocrx_word' id='word_1_176' title='bbox 2476 1434 2783 1505; x_wconf 66' lang='lat' dir='ltr'><strong><em>praemium</em></strong></span> <span class='ocrx_word' id='word_1_177' title='bbox 2806 1414 3076 1504; x_wconf 78' lang='lat' dir='ltr'><strong><em>sumpsit,</em></strong></span> <span class='ocrx_word' id='word_1_178' title='bbox 3136 1432 3394 1489; x_wconf 83' lang='lat' dir='ltr'><strong><em>concede</em></strong></span> <span class='ocrx_word' id='word_1_179' title='bbox 3419 1432 3595 1490; x_wconf 88' lang='lat' dir='ltr'><strong><em>nobis</em></strong></span> 
     </span>
    </p>
   </div>
   <div class='ocr_carea' id='block_1_22' title="bbox 281 1502 1837 1577">
    <p class='ocr_par' dir='ltr' id='par_1_22' title="bbox 281 1502 1837 1577">
     <span class='ocr_line' id='line_1_22' title="bbox 281 1502 1837 1577; baseline -0.003 -17"><span class='ocrx_word' id='word_1_180' title='bbox 281 1502 414 1575; x_wconf 75' lang='lat'><strong>(255)</strong></span> <span class='ocrx_word' id='word_1_181' title='bbox 434 1505 707 1577; x_wconf 80' lang='lat' dir='ltr'><strong><em>Sequitur</em></strong></span> <span class='ocrx_word' id='word_1_182' title='bbox 734 1507 922 1563; x_wconf 86' lang='lat' dir='ltr'><strong><em>altera</em></strong></span> <span class='ocrx_word' id='word_1_183' title='bbox 950 1507 1113 1562; x_wconf 83' lang='lat' dir='ltr'><strong><em>lectio</em></strong></span> <span class='ocrx_word' id='word_1_184' title='bbox 1126 1513 1174 1561; x_wconf 90' lang='lat' dir='ltr'><strong><em>et</em></strong></span> <span class='ocrx_word' id='word_1_185' title='bbox 1184 1512 1385 1575; x_wconf 85' lang='lat' dir='ltr'><strong><em>postea</em></strong></span> <span class='ocrx_word' id='word_1_186' title='bbox 1414 1504 1837 1576; x_wconf 80' lang='lat' dir='ltr'><strong><em>responsorium</em></strong></span> 
     </span>
    </p>
   </div>
   <div class='ocr_carea' id='block_1_23' title="bbox 1949 1520 3598 1592">
    <p class='ocr_par' dir='ltr' id='par_1_23' title="bbox 1949 1520 3598 1592">
     <span class='ocr_line' id='line_1_23' title="bbox 1949 1520 3598 1592; baseline 0.002 -16"><span class='ocrx_word' id='word_1_187' title='bbox 1949 1523 2063 1576; x_wconf 74' lang='lat' dir='ltr'><strong><em>tute</em></strong></span> <span class='ocrx_word' id='word_1_188' title='bbox 2092 1521 2523 1592; x_wconf 85' lang='lat' dir='ltr'><strong><em>propitiationis</em></strong></span> <span class='ocrx_word' id='word_1_189' title='bbox 2553 1521 2831 1579; x_wconf 82' lang='lat' dir='ltr'><strong><em>effectum</em></strong></span> <span class='ocrx_word' id='word_1_190' title='bbox 2860 1526 2925 1577; x_wconf 91' lang='lat' dir='ltr'><strong><em>ut</em></strong></span> <span class='ocrx_word' id='word_1_191' title='bbox 2953 1521 3102 1577; x_wconf 87' lang='lat' dir='ltr'><strong><em>sicut</em></strong></span> <span class='ocrx_word' id='word_1_192' title='bbox 3129 1520 3186 1576; x_wconf 89' lang='lat' dir='ltr'><strong><em>in</em></strong></span> <span class='ocrx_word' id='word_1_193' title='bbox 3202 1520 3598 1592; x_wconf 84' lang='lat' dir='ltr'><strong><em>passionesua</em></strong></span> 
     </span>
    </p>
   </div>
   <div class='ocr_carea' id='block_1_24' title="bbox 225 1590 1837 1682">
    <p class='ocr_par' dir='ltr' id='par_1_24' title="bbox 225 1590 1837 1666">
     <span class='ocr_line' id='line_1_24' title="bbox 225 1590 1837 1666; baseline -0.002 -18"><span class='ocrx_word' id='word_1_194' title='bbox 225 1593 447 1665; x_wconf 86' lang='lat' dir='ltr'><strong><em>Domine,</em></strong></span> <span class='ocrx_word' id='word_1_195' title='bbox 473 1594 712 1663; x_wconf 81' lang='lat' dir='ltr'><strong><em>exaudi,</em></strong></span> <span class='ocrx_word' id='word_1_196' title='bbox 750 1612 879 1651; x_wconf 86' lang='lat' dir='ltr'><strong><em>cum</em></strong></span> <span class='ocrx_word' id='word_1_197' title='bbox 911 1594 1298 1651; x_wconf 74' lang='lat' dir='ltr'><strong><em>suisversibus</em></strong></span> <span class='ocrx_word' id='word_1_198' title='bbox 1319 1608 1594 1666; x_wconf 78' lang='lat' dir='ltr'><strong><em>quinque.</em></strong></span> <span class='ocrx_word' id='word_1_199' title='bbox 1622 1590 1837 1647; x_wconf 90' lang='lat' dir='ltr'><strong><em>Deinde</em></strong></span> 
     </span>
    </p>
   </div>
   <div class='ocr_carea' id='block_1_25' title="bbox 1952 1590 3596 1682">
    <p class='ocr_par' dir='ltr' id='par_1_25' title="bbox 1952 1590 3596 1682">
     <span class='ocr_line' id='line_1_25' title="bbox 1952 1590 3596 1682; baseline 0.001 -17"><span class='ocrx_word' id='word_1_200' title='bbox 1952 1590 2113 1665; x_wconf 82' lang='lat' dir='ltr'><strong><em>Iesus</em></strong></span> <span class='ocrx_word' id='word_1_201' title='bbox 2145 1590 2407 1665; x_wconf 79' lang='lat' dir='ltr'><strong><em>Christus</em></strong></span> <span class='ocrx_word' id='word_1_202' title='bbox 2435 1611 2724 1666; x_wconf 87' lang='lat' dir='ltr'><strong><em>Dominus</em></strong></span> <span class='ocrx_word' id='word_1_203' title='bbox 2751 1614 2951 1667; x_wconf 87' lang='lat' dir='ltr'><strong><em>noster</em></strong></span> <span class='ocrx_word' id='word_1_204' title='bbox 2973 1590 3223 1666; x_wconf 73' lang='lat' dir='ltr'><strong><em>diversa</em></strong></span> <span class='ocrx_word' id='word_1_205' title='bbox 3240 1609 3596 1682; x_wconf 89' lang='lat' dir='ltr'><strong><em>utrisquein-</em></strong></span> 
     </span>
    </p>
   </div>
   <div class='ocr_carea' id='block_1_26' title="bbox 220 1679 3595 1770">
    <p class='ocr_par' dir='ltr' id='par_1_26' title="bbox 220 1679 3595 1770">
     <span class='ocr_line' id='line_1_26' title="bbox 220 1679 3595 1770; baseline 0.005 -32"><span class='ocrx_word' id='word_1_206' title='bbox 220 1683 612 1770; x_wconf 75' lang='lat' dir='ltr'><strong><em>pronuntiatur</em></strong></span> <span class='ocrx_word' id='word_1_207' title='bbox 634 1699 668 1737; x_wconf 88' lang='lat' dir='ltr'><strong><em>a</em></strong></span> <span class='ocrx_word' id='word_1_208' title='bbox 690 1683 966 1749; x_wconf 86' lang='lat' dir='ltr'><strong><em>diacono,</em></strong></span> <span class='ocrx_word' id='word_1_209' title='bbox 993 1683 1140 1751; x_wconf 66' lang='lat' dir='ltr'><strong>i256)</strong></span> <span class='ocrx_word' id='word_1_210' title='bbox 1163 1682 1362 1738; x_wconf 84' lang='lat' dir='ltr'><strong><em>Passio</em></strong></span> <span class='ocrx_word' id='word_1_211' title='bbox 1391 1681 1623 1738; x_wconf 91' lang='lat' dir='ltr'><strong><em>Domini</em></strong></span> <span class='ocrx_word' id='word_1_212' title='bbox 1649 1679 1836 1735; x_wconf 83' lang='lat' dir='ltr'><strong><em>nostri</em></strong></span> <span class='ocrx_word' id='word_1_213' title='bbox 1875 1686 1920 1746; x_wconf 91' lang='grc' dir='ltr'>Β</span> <span class='ocrx_word' id='word_1_214' title='bbox 1948 1698 2077 1754; x_wconf 86' lang='lat' dir='ltr'><strong><em>tulit</em></strong></span> <span class='ocrx_word' id='word_1_215' title='bbox 2107 1699 2405 1770; x_wconf 87' lang='lat' dir='ltr'><strong><em>stipendia</em></strong></span> <span class='ocrx_word' id='word_1_216' title='bbox 2422 1699 2764 1757; x_wconf 89' lang='lat' dir='ltr'><strong><em>meritorum</em></strong></span> <span class='ocrx_word' id='word_1_217' title='bbox 2784 1699 2863 1755; x_wconf 91' lang='lat' dir='ltr'><strong><em>ita</em></strong></span> <span class='ocrx_word' id='word_1_218' title='bbox 2879 1698 3074 1763; x_wconf 90' lang='lat' dir='ltr'><strong><em>nobis,</em></strong></span> <span class='ocrx_word' id='word_1_219' title='bbox 3089 1679 3595 1757; x_wconf 73' lang='lat' dir='ltr'><strong><em>ablatovetustatis</em></strong></span> 
     </span>
    </p>
   </div>
   <div class='ocr_carea' id='block_1_27' title="bbox 221 1768 3595 1860">
    <p class='ocr_par' dir='ltr' id='par_1_27' title="bbox 221 1768 3595 1860">
     <span class='ocr_line' id='line_1_27' title="bbox 221 1768 3595 1860; baseline -0.001 -35"><span class='ocrx_word' id='word_1_220' title='bbox 221 1768 533 1860; x_wconf 67' lang='lat' dir='ltr'><strong><em>lesuChristi</em></strong></span> <span class='ocrx_word' id='word_1_221' title='bbox 548 1773 890 1828; x_wconf 88' lang='lat' dir='ltr'><strong><em>secundum</em></strong></span> <span class='ocrx_word' id='word_1_222' title='bbox 904 1772 1145 1828; x_wconf 88' lang='lat' dir='ltr'><strong><em>Lucam.</em></strong></span> <span class='ocrx_word' id='word_1_223' title='bbox 1164 1772 1289 1837; x_wconf 84' lang='lat' dir='ltr'><strong><em>Qua</em></strong></span> <span class='ocrx_word' id='word_1_224' title='bbox 1296 1770 1839 1842; x_wconf 72' lang='lat' dir='ltr'><strong><em>perlectaexpletur</em></strong></span> <span class='ocrx_word' id='word_1_225' title='bbox 1948 1802 2164 1853; x_wconf 52' lang='lat' dir='ltr'><strong><em>errore,</em></strong></span> <span class='ocrx_word' id='word_1_226' title='bbox 2190 1768 2319 1860; x_wconf 45' lang='lat'><strong><em>‘66</em></strong></span> <span class='ocrx_word' id='word_1_227' title='bbox 2349 1788 2809 1846; x_wconf 64' lang='lat' dir='ltr'><strong><em>Resurrecﬁonis</em></strong></span> <span class='ocrx_word' id='word_1_228' title='bbox 2839 1804 2964 1843; x_wconf 62' lang='lat' dir='ltr'><strong><em>sua,</em></strong></span> <span class='ocrx_word' id='word_1_229' title='bbox 2989 1787 3242 1857; x_wconf 50' lang='lat' dir='ltr'><strong><em>gratiam</em></strong></span> <span class='ocrx_word' id='word_1_230' title='bbox 3292 1787 3595 1857; x_wconf 51' lang='lat' dir='ltr'><strong><em>largiatur.</em></strong></span> 
     </span>
    </p>
   </div>
   <div class='ocr_carea' id='block_1_28' title="bbox 222 1858 753 1917">
    <p class='ocr_par' dir='ltr' id='par_1_28' title="bbox 222 1858 753 1917">
     <span class='ocr_line' id='line_1_28' title="bbox 222 1858 753 1917; baseline 0.004 -4"><span class='ocrx_word' id='word_1_231' title='bbox 222 1858 373 1914; x_wconf 72' lang='lat' dir='ltr'><strong><em>Missa</em></strong></span> <span class='ocrx_word' id='word_1_232' title='bbox 396 1859 594 1915; x_wconf 84' lang='lat' dir='ltr'><strong><em>ordine</em></strong></span> <span class='ocrx_word' id='word_1_233' title='bbox 622 1876 753 1917; x_wconf 84' lang='lat' dir='ltr'><strong><em>suo.</em></strong></span> 
     </span>
    </p>
   </div>
   <div class='ocr_carea' id='block_1_29' title="bbox 278 1956 1834 2031">
    <p class='ocr_par' dir='ltr' id='par_1_29' title="bbox 278 1956 1834 2031">
     <span class='ocr_line' id='line_1_29' title="bbox 278 1956 1834 2031; baseline -0.002 -18"><span class='ocrx_word' id='word_1_234' title='bbox 278 1956 380 2029; x_wconf 77' lang='lat'><strong><em>65</em></strong></span> <span class='ocrx_word' id='word_1_235' title='bbox 396 1958 575 2027; x_wconf 83' lang='lat' dir='ltr'><strong><em>Super</em></strong></span> <span class='ocrx_word' id='word_1_236' title='bbox 590 1959 805 2016; x_wconf 88' lang='lat' dir='ltr'><strong><em>oblata.</em></strong></span> <span class='ocrx_word' id='word_1_237' title='bbox 824 1990 885 2000; x_wconf 89' lang='lat'><strong>—</strong></span> <span class='ocrx_word' id='word_1_238' title='bbox 901 1960 1167 2029; x_wconf 80' lang='lat' dir='ltr'><strong><em>Suscipe,</em></strong></span> <span class='ocrx_word' id='word_1_239' title='bbox 1194 1973 1563 2031; x_wconf 62' lang='lat' dir='ltr'><strong><em>quaesumus,</em></strong></span> <span class='ocrx_word' id='word_1_240' title='bbox 1579 1956 1834 2025; x_wconf 88' lang='lat' dir='ltr'><strong><em>Domine,</em></strong></span> 
     </span>
    </p>
   </div>
   <div class='ocr_carea' id='block_1_30' title="bbox 2028 1892 3598 1965">
    <p class='ocr_par' dir='ltr' id='par_1_30' title="bbox 2028 1892 3598 1965">
     <span class='ocr_line' id='line_1_30' title="bbox 2028 1892 3598 1965; baseline 0 -16"><span class='ocrx_word' id='word_1_241' title='bbox 2028 1895 2186 1950; x_wconf 88' lang='lat' dir='ltr'><strong><em>Tunc</em></strong></span> <span class='ocrx_word' id='word_1_242' title='bbox 2216 1896 2422 1965; x_wconf 85' lang='lat' dir='ltr'><strong><em>legitur</em></strong></span> <span class='ocrx_word' id='word_1_243' title='bbox 2442 1896 2707 1963; x_wconf 76' lang='lat' dir='ltr'><strong><em>Epistola,</em></strong></span> <span class='ocrx_word' id='word_1_244' title='bbox 2739 1901 2791 1949; x_wconf 87' lang='lat' dir='ltr'><strong><em>et</em></strong></span> <span class='ocrx_word' id='word_1_245' title='bbox 2813 1893 3054 1964; x_wconf 79' lang='lat' dir='ltr'><strong><em>sequitur</em></strong></span> <span class='ocrx_word' id='word_1_246' title='bbox 3079 1892 3242 1963; x_wconf 72' lang='lat' dir='ltr'><strong><em>Resp,</em></strong></span> <span class='ocrx_word' id='word_1_247' title='bbox 3276 1892 3598 1950; x_wconf 86' lang='lat' dir='ltr'><strong><em>Gradaleet</em></strong></span> 
     </span>
    </p>
   </div>
   <div class='ocr_carea' id='block_1_31' title="bbox 1952 1979 3596 2054">
    <p class='ocr_par' dir='ltr' id='par_1_31' title="bbox 1952 1979 3596 2054">
     <span class='ocr_line' id='line_1_31' title="bbox 1952 1979 3596 2054; baseline -0.001 -17"><span class='ocrx_word' id='word_1_248' title='bbox 1952 1982 2228 2039; x_wconf 82' lang='lat' dir='ltr'><strong><em>Tractum</em></strong></span> <span class='ocrx_word' id='word_1_249' title='bbox 2251 1998 2319 2039; x_wconf 88' lang='lat' dir='ltr'><strong><em>ac</em></strong></span> <span class='ocrx_word' id='word_1_250' title='bbox 2342 1983 2555 2041; x_wconf 89' lang='lat' dir='ltr'><strong><em>deinde</em></strong></span> <span class='ocrx_word' id='word_1_251' title='bbox 2565 1981 2973 2054; x_wconf 84' lang='lat' dir='ltr'><strong><em>Evangelium,</em></strong></span> <span class='ocrx_word' id='word_1_252' title='bbox 2992 1996 3103 2053; x_wconf 83' lang='lat' dir='ltr'><strong><em>quo</em></strong></span> <span class='ocrx_word' id='word_1_253' title='bbox 3118 1979 3596 2050; x_wconf 80' lang='lat' dir='ltr'><strong><em>lecto,peragitur</em></strong></span> 
     </span>
    </p>
   </div>
   <div class='ocr_carea' id='block_1_32' title="bbox 226 2044 2511 2128">
    <p class='ocr_par' dir='ltr' id='par_1_32' title="bbox 226 2044 2511 2128">
     <span class='ocr_line' id='line_1_32' title="bbox 226 2044 2511 2128; baseline 0.005 -29"><span class='ocrx_word' id='word_1_254' title='bbox 226 2060 417 2100; x_wconf 88' lang='lat' dir='ltr'><strong><em>munus</em></strong></span> <span class='ocrx_word' id='word_1_255' title='bbox 445 2045 742 2113; x_wconf 89' lang='lat' dir='ltr'><strong><em>oblatum,</em></strong></span> <span class='ocrx_word' id='word_1_256' title='bbox 775 2052 831 2103; x_wconf 89' lang='lat' dir='ltr'><strong><em>et</em></strong></span> <span class='ocrx_word' id='word_1_257' title='bbox 870 2046 1187 2119; x_wconf 83' lang='lat' dir='ltr'><strong><em>dignanter</em></strong></span> <span class='ocrx_word' id='word_1_258' title='bbox 1206 2061 1450 2119; x_wconf 88' lang='lat' dir='ltr'><strong><em>operare</em></strong></span> <span class='ocrx_word' id='word_1_259' title='bbox 1466 2044 1840 2118; x_wconf 88' lang='lat' dir='ltr'><strong><em>utquodpas-</em></strong></span> <span class='ocrx_word' id='word_1_260' title='bbox 1947 2071 2131 2127; x_wconf 61' lang='lat' dir='ltr'><strong><em>Missa</em></strong></span> <span class='ocrx_word' id='word_1_261' title='bbox 2149 2072 2359 2127; x_wconf 65' lang='grc' dir='ltr'><strong><em>οναιηε</em></strong></span> <span class='ocrx_word' id='word_1_262' title='bbox 2386 2086 2511 2128; x_wconf 66' lang='grc' dir='ltr'><strong><em>δυο,</em></strong></span> 
     </span>
    </p>
   </div>
   <div class='ocr_carea' id='block_1_33' title="bbox 229 2130 1838 2207">
    <p class='ocr_par' dir='ltr' id='par_1_33' title="bbox 229 2130 1838 2207">
     <span class='ocr_line' id='line_1_33' title="bbox 229 2130 1838 2207; baseline 0 -20"><span class='ocrx_word' id='word_1_263' title='bbox 229 2132 385 2188; x_wconf 81' lang='lat' dir='ltr'><strong><em>sionis</em></strong></span> <span class='ocrx_word' id='word_1_264' title='bbox 416 2134 530 2189; x_wconf 86' lang='lat' dir='ltr'><strong><em>Filii</em></strong></span> <span class='ocrx_word' id='word_1_265' title='bbox 553 2135 636 2190; x_wconf 91' lang='lat' dir='ltr'><strong><em>tui</em></strong></span> <span class='ocrx_word' id='word_1_266' title='bbox 666 2134 903 2192; x_wconf 90' lang='lat' dir='ltr'><strong><em>Domini</em></strong></span> <span class='ocrx_word' id='word_1_267' title='bbox 930 2135 1115 2192; x_wconf 90' lang='lat' dir='ltr'><strong><em>nostri</em></strong></span> <span class='ocrx_word' id='word_1_268' title='bbox 1134 2135 1414 2207; x_wconf 87' lang='lat' dir='ltr'><strong><em>mysterio</em></strong></span> <span class='ocrx_word' id='word_1_269' title='bbox 1428 2133 1705 2205; x_wconf 84' lang='lat' dir='ltr'><strong><em>gerimus,</em></strong></span> <span class='ocrx_word' id='word_1_270' title='bbox 1725 2130 1838 2204; x_wconf 88' lang='lat' dir='ltr'><strong><em>piis</em></strong></span> 
     </span>
    </p>
   </div>
   <div class='ocr_carea' id='block_1_34' title="bbox 226 2221 1458 2296">
    <p class='ocr_par' dir='ltr' id='par_1_34' title="bbox 226 2221 1458 2296">
     <span class='ocr_line' id='line_1_34' title="bbox 226 2221 1458 2296; baseline 0.002 -21"><span class='ocrx_word' id='word_1_271' title='bbox 226 2221 489 2278; x_wconf 76' lang='lat' dir='ltr'><strong><em>effectibus</em></strong></span> <span class='ocrx_word' id='word_1_272' title='bbox 513 2239 978 2296; x_wconf 87' lang='lat' dir='ltr'><strong><em>consequamur.</em></strong></span> <span class='ocrx_word' id='word_1_273' title='bbox 1012 2225 1119 2280; x_wconf 90' lang='lat' dir='ltr'><strong><em>Per</em></strong></span> <span class='ocrx_word' id='word_1_274' title='bbox 1156 2223 1458 2280; x_wconf 90' lang='lat' dir='ltr'><strong><em>eumdem.</em></strong></span> 
     </span>
    </p>
   </div>
   <div class='ocr_carea' id='block_1_35' title="bbox 283 2310 1841 2384">
    <p class='ocr_par' dir='ltr' id='par_1_35' title="bbox 283 2310 1841 2384">
     <span class='ocr_line' id='line_1_35' title="bbox 283 2310 1841 2384; baseline 0 -20"><span class='ocrx_word' id='word_1_275' title='bbox 283 2310 555 2381; x_wconf 70' lang='lat' dir='ltr'><strong><em>Praefatio.</em></strong></span> <span class='ocrx_word' id='word_1_276' title='bbox 590 2343 662 2352; x_wconf 95' lang='lat'><strong>—</strong></span> <span class='ocrx_word' id='word_1_277' title='bbox 693 2314 837 2368; x_wconf 87' lang='lat' dir='ltr'><strong><em>Vere</em></strong></span> <span class='ocrx_word' id='word_1_278' title='bbox 863 2312 1114 2383; x_wconf 90' lang='lat' dir='ltr'><strong><em>dignum</em></strong></span> <span class='ocrx_word' id='word_1_279' title='bbox 1145 2318 1199 2368; x_wconf 89' lang='lat' dir='ltr'><strong><em>et</em></strong></span> <span class='ocrx_word' id='word_1_280' title='bbox 1223 2312 1451 2384; x_wconf 88' lang='lat' dir='ltr'><strong><em>justum</em></strong></span> <span class='ocrx_word' id='word_1_281' title='bbox 1468 2315 1573 2376; x_wconf 91' lang='lat' dir='ltr'><strong><em>est,</em></strong></span> <span class='ocrx_word' id='word_1_282' title='bbox 1598 2323 1841 2381; x_wconf 73' lang='lat' dir='ltr'><strong><em>aequum</em></strong></span> 
     </span>
    </p>
   </div>
   <div class='ocr_carea' id='block_1_36' title="bbox 226 2398 1838 2472">
    <p class='ocr_par' dir='ltr' id='par_1_36' title="bbox 226 2398 1838 2472">
     <span class='ocr_line' id='line_1_36' title="bbox 226 2398 1838 2472; baseline 0.001 -22"><span class='ocrx_word' id='word_1_283' title='bbox 226 2402 269 2451; x_wconf 89' lang='lat' dir='ltr'><strong><em>et</em></strong></span> <span class='ocrx_word' id='word_1_284' title='bbox 294 2398 531 2455; x_wconf 87' lang='lat' dir='ltr'><strong><em>salutare</em></strong></span> <span class='ocrx_word' id='word_1_285' title='bbox 556 2415 676 2456; x_wconf 89' lang='lat' dir='ltr'><strong><em>nos</em></strong></span> <span class='ocrx_word' id='word_1_286' title='bbox 704 2401 814 2457; x_wconf 88' lang='lat' dir='ltr'><strong><em>tibi</em></strong></span> <span class='ocrx_word' id='word_1_287' title='bbox 840 2417 1069 2472; x_wconf 88' lang='lat' dir='ltr'><strong><em>semper</em></strong></span> <span class='ocrx_word' id='word_1_288' title='bbox 1082 2406 1136 2456; x_wconf 89' lang='lat' dir='ltr'><strong><em>et</em></strong></span> <span class='ocrx_word' id='word_1_289' title='bbox 1159 2402 1380 2472; x_wconf 89' lang='lat' dir='ltr'><strong><em>ubique</em></strong></span> <span class='ocrx_word' id='word_1_290' title='bbox 1409 2404 1629 2468; x_wconf 78' lang='lat' dir='ltr'><strong><em>gratias</em></strong></span> <span class='ocrx_word' id='word_1_291' title='bbox 1642 2412 1838 2467; x_wconf 88' lang='lat' dir='ltr'><strong><em>agere,</em></strong></span> 
     </span>
    </p>
   </div>
   <div class='ocr_carea' id='block_1_37' title="bbox 224 2485 1844 2562">
    <p class='ocr_par' dir='ltr' id='par_1_37' title="bbox 224 2485 1844 2562">
     <span class='ocr_line' id='line_1_37' title="bbox 224 2485 1844 2562; baseline 0.001 -22"><span class='ocrx_word' id='word_1_292' title='bbox 224 2485 436 2543; x_wconf 86' lang='lat' dir='ltr'><strong><em>Domine</em></strong></span> <span class='ocrx_word' id='word_1_293' title='bbox 448 2495 673 2559; x_wconf 82' lang='lat' dir='ltr'><strong><em>sancte,</em></strong></span> <span class='ocrx_word' id='word_1_294' title='bbox 692 2491 868 2546; x_wconf 86' lang='lat' dir='ltr'><strong><em>Pater</em></strong></span> <span class='ocrx_word' id='word_1_295' title='bbox 882 2491 1286 2562; x_wconf 89' lang='lat' dir='ltr'><strong><em>omnipotens,</em></strong></span> <span class='ocrx_word' id='word_1_296' title='bbox 1307 2495 1522 2545; x_wconf 71' lang='lat' dir='ltr'><strong><em>aeterne</em></strong></span> <span class='ocrx_word' id='word_1_297' title='bbox 1546 2490 1721 2554; x_wconf 88' lang='lat' dir='ltr'><strong><em>Deus,</em></strong></span> <span class='ocrx_word' id='word_1_298' title='bbox 1738 2502 1844 2559; x_wconf 87' lang='lat' dir='ltr'><strong><em>per</em></strong></span> 
     </span>
    </p>
   </div>
   <div class='ocr_carea' id='block_1_38' title="bbox 225 2574 1843 2650">
    <p class='ocr_par' dir='ltr' id='par_1_38' title="bbox 225 2574 1843 2650">
     <span class='ocr_line' id='line_1_38' title="bbox 225 2574 1843 2650; baseline -0.001 -20"><span class='ocrx_word' id='word_1_299' title='bbox 225 2574 481 2632; x_wconf 85' lang='lat' dir='ltr'><strong><em>Christum</em></strong></span> <span class='ocrx_word' id='word_1_300' title='bbox 500 2579 820 2634; x_wconf 88' lang='lat' dir='ltr'><strong><em>Dominum</em></strong></span> <span class='ocrx_word' id='word_1_301' title='bbox 850 2583 1119 2633; x_wconf 90' lang='lat' dir='ltr'><strong><em>nostrum</em></strong></span> <span class='ocrx_word' id='word_1_302' title='bbox 1147 2597 1160 2631; x_wconf 90' lang='lat'><strong>:</strong></span> <span class='ocrx_word' id='word_1_303' title='bbox 1188 2578 1291 2650; x_wconf 88' lang='lat' dir='ltr'><strong><em>qui</em></strong></span> <span class='ocrx_word' id='word_1_304' title='bbox 1316 2579 1603 2633; x_wconf 88' lang='lat' dir='ltr'><strong><em>innocens</em></strong></span> <span class='ocrx_word' id='word_1_305' title='bbox 1620 2592 1729 2647; x_wconf 90' lang='lat' dir='ltr'><strong><em>pro</em></strong></span> <span class='ocrx_word' id='word_1_306' title='bbox 1746 2576 1843 2630; x_wconf 91' lang='lat' dir='ltr'><strong><em>im-</em></strong></span> 
     </span>
    </p>
   </div>
   <div class='ocr_carea' id='block_1_39' title="bbox 223 2662 1843 2739">
    <p class='ocr_par' dir='ltr' id='par_1_39' title="bbox 223 2662 1843 2739">
     <span class='ocr_line' id='line_1_39' title="bbox 223 2662 1843 2739; baseline 0.001 -22"><span class='ocrx_word' id='word_1_307' title='bbox 223 2662 310 2732; x_wconf 85' lang='lat' dir='ltr'><strong><em>piis</em></strong></span> <span class='ocrx_word' id='word_1_308' title='bbox 328 2664 505 2721; x_wconf 91' lang='lat' dir='ltr'><strong><em>voluit</em></strong></span> <span class='ocrx_word' id='word_1_309' title='bbox 533 2667 687 2738; x_wconf 87' lang='lat' dir='ltr'><strong><em>pati,</em></strong></span> <span class='ocrx_word' id='word_1_310' title='bbox 720 2674 777 2722; x_wconf 90' lang='lat' dir='ltr'><strong><em>et</em></strong></span> <span class='ocrx_word' id='word_1_311' title='bbox 803 2682 911 2739; x_wconf 90' lang='lat' dir='ltr'><strong><em>pro</em></strong></span> <span class='ocrx_word' id='word_1_312' title='bbox 940 2667 1241 2723; x_wconf 89' lang='lat' dir='ltr'><strong><em>sceleratis</em></strong></span> <span class='ocrx_word' id='word_1_313' title='bbox 1285 2666 1545 2722; x_wconf 81' lang='lat' dir='ltr'><strong><em>indebita</em></strong></span> <span class='ocrx_word' id='word_1_314' title='bbox 1567 2663 1843 2721; x_wconf 89' lang='lat' dir='ltr'><strong><em>condem-</em></strong></span> 
     </span>
    </p>
   </div>
   <div class='ocr_carea' id='block_1_40' title="bbox 221 2751 1843 2823">
    <p class='ocr_par' dir='ltr' id='par_1_40' title="bbox 221 2751 1843 2823">
     <span class='ocr_line' id='line_1_40' title="bbox 221 2751 1843 2823; baseline 0 -18"><span class='ocrx_word' id='word_1_315' title='bbox 221 2751 343 2806; x_wconf 87' lang='lat' dir='ltr'><strong><em>nari.</em></strong></span> <span class='ocrx_word' id='word_1_316' title='bbox 374 2751 548 2823; x_wconf 86' lang='lat' dir='ltr'><strong><em>Cujus</em></strong></span> <span class='ocrx_word' id='word_1_317' title='bbox 583 2771 753 2809; x_wconf 90' lang='lat' dir='ltr'><strong><em>mors</em></strong></span> <span class='ocrx_word' id='word_1_318' title='bbox 778 2755 992 2810; x_wconf 85' lang='lat' dir='ltr'><strong><em>delicta</em></strong></span> <span class='ocrx_word' id='word_1_319' title='bbox 1012 2758 1218 2810; x_wconf 83' lang='lat' dir='ltr'><strong><em>nostra</em></strong></span> <span class='ocrx_word' id='word_1_320' title='bbox 1248 2753 1511 2817; x_wconf 89' lang='lat' dir='ltr'><strong><em>detersit,</em></strong></span> <span class='ocrx_word' id='word_1_321' title='bbox 1539 2758 1596 2809; x_wconf 91' lang='lat' dir='ltr'><strong><em>et</em></strong></span> <span class='ocrx_word' id='word_1_322' title='bbox 1652 2767 1843 2807; x_wconf 90' lang='lat' dir='ltr'><strong><em>resur-</em></strong></span> 
     </span>
    </p>
   </div>
   <div class='ocr_carea' id='block_1_41' title="bbox 219 2840 1841 2912">
    <p class='ocr_par' dir='ltr' id='par_1_41' title="bbox 219 2840 1841 2912">
     <span class='ocr_line' id='line_1_41' title="bbox 219 2840 1841 2912; baseline 0.002 -21"><span class='ocrx_word' id='word_1_323' title='bbox 219 2840 879 2910; x_wconf 84' lang='lat' dir='ltr'><strong><em>rectiojustiﬁcationem</em></strong></span> <span class='ocrx_word' id='word_1_324' title='bbox 937 2842 1109 2898; x_wconf 90' lang='lat' dir='ltr'><strong><em>nobis</em></strong></span> <span class='ocrx_word' id='word_1_325' title='bbox 1166 2841 1444 2898; x_wconf 85' lang='lat' dir='ltr'><strong><em>exhibuit.</em></strong></span> <span class='ocrx_word' id='word_1_326' title='bbox 1500 2841 1609 2896; x_wconf 91' lang='lat' dir='ltr'><strong><em>Per</em></strong></span> <span class='ocrx_word' id='word_1_327' title='bbox 1659 2855 1841 2912; x_wconf 87' lang='lat' dir='ltr'><strong><em>quem</em></strong></span> 
     </span>
    </p>
   </div>
   <div class='ocr_carea' id='block_1_42' title="bbox 2022 2190 3591 2265">
    <p class='ocr_par' dir='ltr' id='par_1_42' title="bbox 2022 2190 3591 2265">
     <span class='ocr_line' id='line_1_42' title="bbox 2022 2190 3591 2265; baseline -0.001 -16"><span class='ocrx_word' id='word_1_328' title='bbox 2022 2193 2198 2265; x_wconf 84' lang='lat' dir='ltr'><strong><em>Super</em></strong></span> <span class='ocrx_word' id='word_1_329' title='bbox 2218 2194 2529 2251; x_wconf 87' lang='lat' dir='ltr'><strong><em>oblata.—</em></strong></span> <span class='ocrx_word' id='word_1_330' title='bbox 2556 2195 2686 2265; x_wconf 85' lang='lat' dir='ltr'><strong><em>[pse</em></strong></span> <span class='ocrx_word' id='word_1_331' title='bbox 2728 2192 2854 2261; x_wconf 91' lang='lat' dir='ltr'><strong><em>tibi,</em></strong></span> <span class='ocrx_word' id='word_1_332' title='bbox 2900 2206 3272 2265; x_wconf 63' lang='lat' dir='ltr'><strong><em>quesumus,</em></strong></span> <span class='ocrx_word' id='word_1_333' title='bbox 3325 2190 3591 2258; x_wconf 90' lang='lat' dir='ltr'><strong><em>Domine,</em></strong></span> 
     </span>
    </p>
   </div>
   <div class='ocr_carea' id='block_1_43' title="bbox 1951 2279 3597 2355">
    <p class='ocr_par' dir='ltr' id='par_1_43' title="bbox 1951 2279 3597 2355">
     <span class='ocr_line' id='line_1_43' title="bbox 1951 2279 3597 2355; baseline -0.002 -17"><span class='ocrx_word' id='word_1_334' title='bbox 1951 2287 2174 2349; x_wconf 87' lang='lat' dir='ltr'><strong><em>sancte,</em></strong></span> <span class='ocrx_word' id='word_1_335' title='bbox 2198 2283 2758 2355; x_wconf 87' lang='lat' dir='ltr'><strong><em>Pateromnipctens,</em></strong></span> <span class='ocrx_word' id='word_1_336' title='bbox 2773 2283 2946 2340; x_wconf 89' lang='lat' dir='ltr'><strong><em>Deus.</em></strong></span> <span class='ocrx_word' id='word_1_337' title='bbox 2967 2279 3312 2337; x_wconf 80' lang='lat' dir='ltr'><strong><em>sacriﬁcium</em></strong></span> <span class='ocrx_word' id='word_1_338' title='bbox 3334 2283 3597 2335; x_wconf 87' lang='lat' dir='ltr'><strong><em>nostrum</em></strong></span> 
     </span>
    </p>
   </div>
   <div class='ocr_carea' id='block_1_44' title="bbox 1950 2369 3598 2445">
    <p class='ocr_par' dir='ltr' id='par_1_44' title="bbox 1950 2369 3598 2445">
     <span class='ocr_line' id='line_1_44' title="bbox 1950 2369 3598 2445; baseline -0.002 -16"><span class='ocrx_word' id='word_1_339' title='bbox 1950 2373 2159 2429; x_wconf 88' lang='lat' dir='ltr'><strong><em>reddat</em></strong></span> <span class='ocrx_word' id='word_1_340' title='bbox 2188 2377 2521 2443; x_wconf 90' lang='lat' dir='ltr'><strong><em>acceptum,</em></strong></span> <span class='ocrx_word' id='word_1_341' title='bbox 2544 2373 2647 2445; x_wconf 89' lang='lat' dir='ltr'><strong><em>qui</em></strong></span> <span class='ocrx_word' id='word_1_342' title='bbox 2678 2371 2976 2443; x_wconf 89' lang='lat' dir='ltr'><strong><em>discipulis</em></strong></span> <span class='ocrx_word' id='word_1_343' title='bbox 2998 2370 3196 2426; x_wconf 84' lang='lat' dir='ltr'><strong><em>suisin</em></strong></span> <span class='ocrx_word' id='word_1_344' title='bbox 3243 2369 3333 2425; x_wconf 89' lang='lat' dir='ltr'><strong><em>sui</em></strong></span> <span class='ocrx_word' id='word_1_345' title='bbox 3347 2384 3598 2425; x_wconf 82' lang='lat' dir='ltr'><strong><em>comme-</em></strong></span> 
     </span>
    </p>
   </div>
   <div class='ocr_carea' id='block_1_45' title="bbox 1949 2456 3597 2528">
    <p class='ocr_par' dir='ltr' id='par_1_45' title="bbox 1949 2456 3597 2528">
     <span class='ocr_line' id='line_1_45' title="bbox 1949 2456 3597 2528; baseline -0.002 -12"><span class='ocrx_word' id='word_1_346' title='bbox 1949 2459 2341 2516; x_wconf 86' lang='lat' dir='ltr'><strong><em>morationem</em></strong></span> <span class='ocrx_word' id='word_1_347' title='bbox 2355 2459 2600 2516; x_wconf 84' lang='lat' dir='ltr'><strong><em>hocﬁeri</em></strong></span> <span class='ocrx_word' id='word_1_348' title='bbox 2620 2460 2769 2528; x_wconf 75' lang='grc'><strong>(264)</strong></span> <span class='ocrx_word' id='word_1_349' title='bbox 2785 2458 3073 2515; x_wconf 89' lang='lat' dir='ltr'><strong><em>hodierna</em></strong></span> <span class='ocrx_word' id='word_1_350' title='bbox 3085 2456 3597 2513; x_wconf 83' lang='lat' dir='ltr'><strong><em>tradiﬁonemons-</em></strong></span> 
     </span>
    </p>
   </div>
   <div class='ocr_carea' id='block_1_46' title="bbox 1950 2549 3149 2606">
    <p class='ocr_par' dir='ltr' id='par_1_46' title="bbox 1950 2549 3149 2606">
     <span class='ocr_line' id='line_1_46' title="bbox 1950 2549 3149 2606; baseline -0.004 0"><span class='ocrx_word' id='word_1_351' title='bbox 1950 2550 2124 2606; x_wconf 87' lang='lat' dir='ltr'><strong><em>travit</em></strong></span> <span class='ocrx_word' id='word_1_352' title='bbox 2152 2552 2317 2605; x_wconf 86' lang='lat' dir='ltr'><strong><em>Jesus</em></strong></span> <span class='ocrx_word' id='word_1_353' title='bbox 2335 2550 2597 2605; x_wconf 81' lang='lat' dir='ltr'><strong><em>Christus</em></strong></span> <span class='ocrx_word' id='word_1_354' title='bbox 2616 2549 2904 2604; x_wconf 88' lang='lat' dir='ltr'><strong><em>Dominus</em></strong></span> <span class='ocrx_word' id='word_1_355' title='bbox 2928 2550 3149 2603; x_wconf 88' lang='lat' dir='ltr'><strong><em>noster.</em></strong></span> 
     </span>
    </p>
   </div>
   <div class='ocr_carea' id='block_1_47' title="bbox 2022 2635 3594 2708">
    <p class='ocr_par' dir='ltr' id='par_1_47' title="bbox 2022 2635 3594 2708">
     <span class='ocr_line' id='line_1_47' title="bbox 2022 2635 3594 2708; baseline -0.003 -14"><span class='ocrx_word' id='word_1_356' title='bbox 2022 2639 2319 2708; x_wconf 67' lang='lat' dir='ltr'><strong><em>Prmfatio.</em></strong></span> <span class='ocrx_word' id='word_1_357' title='bbox 2352 2669 2420 2678; x_wconf 92' lang='lat'><em>—</em></span> <span class='ocrx_word' id='word_1_358' title='bbox 2448 2638 2595 2693; x_wconf 86' lang='lat' dir='ltr'><strong><em>Vere</em></strong></span> <span class='ocrx_word' id='word_1_359' title='bbox 2617 2638 2869 2707; x_wconf 90' lang='lat' dir='ltr'><strong><em>dignum</em></strong></span> <span class='ocrx_word' id='word_1_360' title='bbox 2888 2640 2943 2691; x_wconf 91' lang='lat' dir='ltr'><strong><em>et</em></strong></span> <span class='ocrx_word' id='word_1_361' title='bbox 2950 2635 3172 2707; x_wconf 89' lang='lat' dir='ltr'><strong><em>justum</em></strong></span> <span class='ocrx_word' id='word_1_362' title='bbox 3216 2638 3325 2699; x_wconf 89' lang='lat' dir='ltr'><strong><em>est,</em></strong></span> <span class='ocrx_word' id='word_1_363' title='bbox 3352 2646 3594 2705; x_wconf 64' lang='lat' dir='ltr'><strong><em>aequum</em></strong></span> 
     </span>
    </p>
   </div>
   <div class='ocr_carea' id='block_1_48' title="bbox 1951 2724 3593 2797">
    <p class='ocr_par' dir='ltr' id='par_1_48' title="bbox 1951 2724 3593 2797">
     <span class='ocr_line' id='line_1_48' title="bbox 1951 2724 3593 2797; baseline -0.004 -14"><span class='ocrx_word' id='word_1_364' title='bbox 1951 2732 2007 2783; x_wconf 88' lang='lat' dir='ltr'><strong><em>et</em></strong></span> <span class='ocrx_word' id='word_1_365' title='bbox 2037 2727 2429 2791; x_wconf 88' lang='lat' dir='ltr'><strong><em>salutare,nos</em></strong></span> <span class='ocrx_word' id='word_1_366' title='bbox 2458 2727 2564 2781; x_wconf 88' lang='lat' dir='ltr'><strong><em>tibi</em></strong></span> <span class='ocrx_word' id='word_1_367' title='bbox 2590 2741 2829 2797; x_wconf 91' lang='lat' dir='ltr'><strong><em>semper</em></strong></span> <span class='ocrx_word' id='word_1_368' title='bbox 2850 2724 3141 2796; x_wconf 89' lang='lat' dir='ltr'><strong><em>etubique</em></strong></span> <span class='ocrx_word' id='word_1_369' title='bbox 3164 2725 3384 2793; x_wconf 85' lang='lat' dir='ltr'><strong><em>gratias</em></strong></span> <span class='ocrx_word' id='word_1_370' title='bbox 3395 2736 3593 2792; x_wconf 87' lang='lat' dir='ltr'><strong><em>agere,</em></strong></span> 
     </span>
    </p>
   </div>
   <div class='ocr_carea' id='block_1_49' title="bbox 1952 2812 3597 2885">
    <p class='ocr_par' dir='ltr' id='par_1_49' title="bbox 1952 2812 3597 2885">
     <span class='ocr_line' id='line_1_49' title="bbox 1952 2812 3597 2885; baseline -0.002 -14"><span class='ocrx_word' id='word_1_371' title='bbox 1952 2816 2201 2872; x_wconf 90' lang='lat' dir='ltr'><strong><em>Domine</em></strong></span> <span class='ocrx_word' id='word_1_372' title='bbox 2233 2819 2453 2880; x_wconf 89' lang='lat' dir='ltr'><strong><em>sancte,</em></strong></span> <span class='ocrx_word' id='word_1_373' title='bbox 2470 2815 2636 2872; x_wconf 87' lang='lat' dir='ltr'><strong><em>Pater</em></strong></span> <span class='ocrx_word' id='word_1_374' title='bbox 2649 2814 3024 2885; x_wconf 80' lang='lat' dir='ltr'><strong><em>omnipotens</em></strong></span> <span class='ocrx_word' id='word_1_375' title='bbox 3041 2855 3054 2877; x_wconf 93' lang='lat'><strong><em>,</em></strong></span> <span class='ocrx_word' id='word_1_376' title='bbox 3070 2816 3284 2868; x_wconf 72' lang='lat' dir='ltr'><strong><em>mterne</em></strong></span> <span class='ocrx_word' id='word_1_377' title='bbox 3300 2812 3471 2878; x_wconf 86' lang='lat' dir='ltr'><strong><em>Deus,</em></strong></span> <span class='ocrx_word' id='word_1_378' title='bbox 3489 2825 3597 2883; x_wconf 89' lang='lat' dir='ltr'><strong><em>per</em></strong></span> 
     </span>
    </p>
   </div>
   <div class='ocr_carea' id='block_1_50' title="bbox 221 2898 3596 3003">
    <p class='ocr_par' dir='ltr' id='par_1_50' title="bbox 221 2898 3596 3003">
     <span class='ocr_line' id='line_1_50' title="bbox 221 2898 3596 3003; baseline 0.001 -24"><span class='ocrx_word' id='word_1_379' title='bbox 221 2930 351 2983; x_wconf 85' lang='lat' dir='ltr'><strong><em>tuam</em></strong></span> <span class='ocrx_word' id='word_1_380' title='bbox 375 2898 658 3000; x_wconf 73' lang='lat' dir='ltr'><strong><em>pietatem</em></strong></span> <span class='ocrx_word' id='word_1_381' title='bbox 680 2929 981 3003; x_wconf 85' lang='lat' dir='ltr'><strong><em>supplices</em></strong></span> <span class='ocrx_word' id='word_1_382' title='bbox 1001 2944 1339 2994; x_wconf 83' lang='lat' dir='ltr'><strong><em>exoramus,</em></strong></span> <span class='ocrx_word' id='word_1_383' title='bbox 1365 2935 1426 2984; x_wconf 90' lang='lat' dir='ltr'><strong><em>ut</em></strong></span> <span class='ocrx_word' id='word_1_384' title='bbox 1445 2929 1529 2984; x_wconf 90' lang='lat' dir='ltr'><strong><em>sic</em></strong></span> <span class='ocrx_word' id='word_1_385' title='bbox 1541 2898 1842 2984; x_wconf 71' lang='lat' dir='ltr'><strong><em>noshodie</em></strong></span> <span class='ocrx_word' id='word_1_386' title='bbox 1951 2905 2245 3003; x_wconf 51' lang='lat' dir='ltr'><strong><em>Qhrismm</em></strong></span> <span class='ocrx_word' id='word_1_387' title='bbox 2263 2904 2584 3003; x_wconf 47' lang='lat' dir='ltr'><strong><em>Dotem}!!!</em></strong></span> <span class='ocrx_word' id='word_1_388' title='bbox 2600 2907 2868 3003; x_wconf 53' lang='lat' dir='ltr'><strong><em>nosmfm</em></strong></span> <span class='ocrx_word' id='word_1_389' title='bbox 2897 2919 2910 2957; x_wconf 73' lang='grc'>³</span> <span class='ocrx_word' id='word_1_390' title='bbox 2935 2916 3109 2973; x_wconf 71' lang='lat' dir='ltr'><strong><em>quem</em></strong></span> <span class='ocrx_word' id='word_1_391' title='bbox 3126 2898 3596 3003; x_wconf 37' lang='lat' dir='ltr'><strong><em>iﬁllacnof’telin&#39;</em></strong></span> 
     </span>
    </p>
   </div>
   <div class='ocr_carea' id='block_1_51' title="bbox 221 2988 3599 3083">
    <p class='ocr_par' dir='ltr' id='par_1_51' title="bbox 221 2988 3599 3083">
     <span class='ocr_line' id='line_1_51' title="bbox 221 2988 3599 3083; baseline -0.001 -33"><span class='ocrx_word' id='word_1_392' title='bbox 221 3028 249 3067; x_wconf 64' lang='grc' dir='ltr'><strong>δ</strong></span> <span class='ocrx_word' id='word_1_393' title='bbox 271 2988 502 3083; x_wconf 61' lang='grc' dir='ltr'><strong><em>ρεεέδιίε</em></strong></span> <span class='ocrx_word' id='word_1_394' title='bbox 533 2988 867 3083; x_wconf 49' lang='lat' dir='ltr'><strong><em>emacuie‘s’</em></strong></span> <span class='ocrx_word' id='word_1_395' title='bbox 898 3023 958 3075; x_wconf 62' lang='lat' dir='ltr'><strong><em>ut</em></strong></span> <span class='ocrx_word' id='word_1_396' title='bbox 980 3034 1109 3074; x_wconf 69' lang='lat' dir='ltr'><strong><em>cras</em></strong></span> <span class='ocrx_word' id='word_1_397' title='bbox 1131 2988 1486 3074; x_wconf 40' lang='lat' dir='ltr'><strong><em>venerébilis</em></strong></span> <span class='ocrx_word' id='word_1_398' title='bbox 1516 3031 1699 3072; x_wconf 52' lang='lat' dir='ltr'>omnes</span> <span class='ocrx_word' id='word_1_399' title='bbox 1733 3016 1840 3073; x_wconf 67' lang='lat' dir='ltr'><strong><em>da,</em></strong></span> <span class='ocrx_word' id='word_1_400' title='bbox 1880 3004 1924 3065; x_wconf 75' lang='grc' dir='ltr'><strong><em>ί]</em></strong></span> <span class='ocrx_word' id='word_1_401' title='bbox 1952 2998 2041 3049; x_wconf 89' lang='lat' dir='ltr'><strong><em>ter</em></strong></span> <span class='ocrx_word' id='word_1_402' title='bbox 2059 2993 2476 3064; x_wconf 89' lang='lat' dir='ltr'><strong><em>sacrasepulas</em></strong></span> <span class='ocrx_word' id='word_1_403' title='bbox 2489 2992 2895 3063; x_wconf 87' lang='lat' dir='ltr'><strong><em>increpantem</em></strong></span> <span class='ocrx_word' id='word_1_404' title='bbox 2912 3005 3079 3045; x_wconf 88' lang='lat' dir='ltr'><strong><em>mens</em></strong></span> <span class='ocrx_word' id='word_1_405' title='bbox 3093 2988 3205 3045; x_wconf 91' lang='lat' dir='ltr'><strong><em>sibi</em></strong></span> <span class='ocrx_word' id='word_1_406' title='bbox 3223 2989 3462 3044; x_wconf 88' lang='lat' dir='ltr'><strong><em>conscia</em></strong></span> <span class='ocrx_word' id='word_1_407' title='bbox 3484 2992 3599 3045; x_wconf 83' lang='lat' dir='ltr'><strong><em>tra-</em></strong></span> 
     </span>
    </p>
   </div>
   <div class='ocr_carea' id='block_1_52' title="bbox 219 3100 1839 3178">
    <p class='ocr_par' dir='ltr' id='par_1_52' title="bbox 219 3100 1839 3178">
     <span class='ocr_line' id='line_1_52' title="bbox 219 3100 1839 3178; baseline 0.002 -22"><span class='ocrx_word' id='word_1_408' title='bbox 219 3100 365 3171; x_wconf 88' lang='lat' dir='ltr'><strong><em>pibus</em></strong></span> <span class='ocrx_word' id='word_1_409' title='bbox 377 3105 548 3161; x_wconf 87' lang='lat' dir='ltr'><strong><em>saties</em></strong></span> <span class='ocrx_word' id='word_1_410' title='bbox 568 3129 579 3170; x_wconf 79' lang='grc' dir='ltr'>ς</span> <span class='ocrx_word' id='word_1_411' title='bbox 595 3106 777 3163; x_wconf 88' lang='lat' dir='ltr'><strong><em>hodie</em></strong></span> <span class='ocrx_word' id='word_1_412' title='bbox 790 3111 1061 3178; x_wconf 89' lang='lat' dir='ltr'><strong><em>acceptes</em></strong></span> <span class='ocrx_word' id='word_1_413' title='bbox 1072 3105 1502 3163; x_wconf 82' lang='lat' dir='ltr'><strong><em>confessionem</em></strong></span> <span class='ocrx_word' id='word_1_414' title='bbox 1516 3111 1839 3161; x_wconf 87' lang='lat' dir='ltr'><strong><em>nostrorum</em></strong></span> 
     </span>
    </p>
   </div>
   <div class='ocr_carea' id='block_1_53' title="bbox 217 3193 1842 3266">
    <p class='ocr_par' dir='ltr' id='par_1_53' title="bbox 217 3193 1842 3266">
     <span class='ocr_line' id='line_1_53' title="bbox 217 3193 1842 3266; baseline 0.001 -20"><span class='ocrx_word' id='word_1_415' title='bbox 217 3194 614 3262; x_wconf 83' lang='lat' dir='ltr'><strong><em>peccaminum,</em></strong></span> <span class='ocrx_word' id='word_1_416' title='bbox 644 3201 846 3252; x_wconf 89' lang='lat' dir='ltr'><strong><em>etcras</em></strong></span> <span class='ocrx_word' id='word_1_417' title='bbox 866 3193 1089 3251; x_wconf 88' lang='lat' dir='ltr'><strong><em>tribuas</em></strong></span> <span class='ocrx_word' id='word_1_418' title='bbox 1107 3194 1470 3266; x_wconf 88' lang='lat' dir='ltr'><strong><em>spiritalium</em></strong></span> <span class='ocrx_word' id='word_1_419' title='bbox 1484 3193 1842 3248; x_wconf 87' lang='lat' dir='ltr'><strong><em>incrementa</em></strong></span> 
     </span>
    </p>
   </div>
   <div class='ocr_carea' id='block_1_54' title="bbox 218 3275 1837 3354">
    <p class='ocr_par' dir='ltr' id='par_1_54' title="bbox 218 3275 1837 3354">
     <span class='ocr_line' id='line_1_54' title="bbox 218 3275 1837 3354; baseline 0.002 -23"><span class='ocrx_word' id='word_1_420' title='bbox 218 3275 500 3353; x_wconf 87' lang='lat' dir='ltr'><strong><em>donorum;</em></strong></span> <span class='ocrx_word' id='word_1_421' title='bbox 533 3283 1091 3354; x_wconf 87' lang='lat' dir='ltr'><strong><em>hodiejejuniorum</em></strong></span> <span class='ocrx_word' id='word_1_422' title='bbox 1124 3288 1455 3338; x_wconf 89' lang='lat' dir='ltr'><strong><em>nostrorum</em></strong></span> <span class='ocrx_word' id='word_1_423' title='bbox 1483 3287 1619 3337; x_wconf 88' lang='lat' dir='ltr'><strong><em>vota</em></strong></span> <span class='ocrx_word' id='word_1_424' title='bbox 1656 3279 1837 3336; x_wconf 88' lang='lat' dir='ltr'><strong><em>susci-</em></strong></span> 
     </span>
    </p>
   </div>
   <div class='ocr_carea' id='block_1_55' title="bbox 216 3367 1836 3439">
    <p class='ocr_par' dir='ltr' id='par_1_55' title="bbox 216 3367 1836 3439">
     <span class='ocr_line' id='line_1_55' title="bbox 216 3367 1836 3439; baseline -0.001 -16"><span class='ocrx_word' id='word_1_425' title='bbox 216 3367 341 3439; x_wconf 83' lang='lat' dir='ltr'><strong><em>pias,</em></strong></span> <span class='ocrx_word' id='word_1_426' title='bbox 367 3376 416 3425; x_wconf 92' lang='lat' dir='ltr'><strong><em>et</em></strong></span> <span class='ocrx_word' id='word_1_427' title='bbox 444 3387 575 3427; x_wconf 89' lang='lat' dir='ltr'><strong><em>cras</em></strong></span> <span class='ocrx_word' id='word_1_428' title='bbox 608 3387 726 3428; x_wconf 88' lang='lat' dir='ltr'><strong><em>nos</em></strong></span> <span class='ocrx_word' id='word_1_429' title='bbox 755 3372 827 3427; x_wconf 89' lang='lat' dir='ltr'><strong><em>ad</em></strong></span> <span class='ocrx_word' id='word_1_430' title='bbox 862 3370 1277 3427; x_wconf 59' lang='lat' dir='ltr'><strong><em>sacratissima</em></strong></span> <span class='ocrx_word' id='word_1_431' title='bbox 1291 3386 1477 3427; x_wconf 67' lang='lat' dir='ltr'><strong><em>omnes</em></strong></span> <span class='ocrx_word' id='word_1_432' title='bbox 1506 3369 1836 3427; x_wconf 83' lang='lat' dir='ltr'><strong><em>convivium</em></strong></span> 
     </span>
    </p>
   </div>
   <div class='ocr_carea' id='block_1_56' title="bbox 218 3453 925 3533">
    <p class='ocr_par' dir='ltr' id='par_1_56' title="bbox 218 3453 925 3533">
     <span class='ocr_line' id='line_1_56' title="bbox 218 3453 925 3533; baseline 0.01 -27"><span class='ocrx_word' id='word_1_433' title='bbox 218 3453 541 3515; x_wconf 87' lang='lat' dir='ltr'><strong><em>introducas.</em></strong></span> <span class='ocrx_word' id='word_1_434' title='bbox 574 3460 690 3516; x_wconf 86' lang='lat' dir='ltr'><strong><em>Per</em></strong></span> <span class='ocrx_word' id='word_1_435' title='bbox 721 3476 925 3533; x_wconf 88' lang='lat' dir='ltr'><strong><em>quem.</em></strong></span> 
     </span>
    </p>
   </div>
   <div class='ocr_carea' id='block_1_57' title="bbox 278 3552 1836 3629">
    <p class='ocr_par' dir='ltr' id='par_1_57' title="bbox 278 3552 1836 3629">
     <span class='ocr_line' id='line_1_57' title="bbox 278 3552 1836 3629; baseline 0.001 -22"><span class='ocrx_word' id='word_1_436' title='bbox 278 3552 598 3612; x_wconf 79' lang='lat' dir='ltr'><strong><em>Benedictw.</em></strong></span> <span class='ocrx_word' id='word_1_437' title='bbox 630 3589 699 3597; x_wconf 97' lang='lat'><strong>—</strong></span> <span class='ocrx_word' id='word_1_438' title='bbox 731 3556 1120 3629; x_wconf 85' lang='lat' dir='ltr'><strong><em>Omnipotens</em></strong></span> <span class='ocrx_word' id='word_1_439' title='bbox 1142 3556 1299 3612; x_wconf 89' lang='lat' dir='ltr'><strong><em>Deus</em></strong></span> <span class='ocrx_word' id='word_1_440' title='bbox 1320 3555 1836 3628; x_wconf 88' lang='lat' dir='ltr'><strong><em>quiUnigenitisni</em></strong></span> 
     </span>
    </p>
   </div>
   <div class='ocr_carea' id='block_1_58' title="bbox 216 3643 1837 3715">
    <p class='ocr_par' dir='ltr' id='par_1_58' title="bbox 216 3643 1837 3715">
     <span class='ocr_line' id='line_1_58' title="bbox 216 3643 1837 3715; baseline 0.002 -20"><span class='ocrx_word' id='word_1_441' title='bbox 216 3643 463 3710; x_wconf 84' lang='lat' dir='ltr'><strong><em>passione</em></strong></span> <span class='ocrx_word' id='word_1_442' title='bbox 520 3646 732 3702; x_wconf 82' lang='lat' dir='ltr'><strong><em>tribuit</em></strong></span> <span class='ocrx_word' id='word_1_443' title='bbox 776 3645 950 3702; x_wconf 89' lang='lat' dir='ltr'><strong><em>vobis</em></strong></span> <span class='ocrx_word' id='word_1_444' title='bbox 988 3644 1233 3701; x_wconf 88' lang='lat' dir='ltr'><strong><em>humilis</em></strong></span> <span class='ocrx_word' id='word_1_445' title='bbox 1266 3643 1595 3715; x_wconf 78' lang='lat' dir='ltr'><strong><em>exemplum</em></strong></span> <span class='ocrx_word' id='word_1_446' title='bbox 1633 3659 1837 3699; x_wconf 86' lang='lat' dir='ltr'><strong><em>conce-</em></strong></span> 
     </span>
    </p>
   </div>
   <div class='ocr_carea' id='block_1_59' title="bbox 214 3726 1835 3805">
    <p class='ocr_par' dir='ltr' id='par_1_59' title="bbox 214 3726 1835 3805">
     <span class='ocr_line' id='line_1_59' title="bbox 214 3726 1835 3805; baseline 0.003 -23"><span class='ocrx_word' id='word_1_447' title='bbox 214 3726 292 3783; x_wconf 82' lang='lat' dir='ltr'><strong><em>dat</em></strong></span> <span class='ocrx_word' id='word_1_448' title='bbox 313 3731 463 3787; x_wconf 88' lang='lat' dir='ltr'><strong><em>vobis</em></strong></span> <span class='ocrx_word' id='word_1_449' title='bbox 486 3749 596 3805; x_wconf 90' lang='lat' dir='ltr'><strong><em>per</em></strong></span> <span class='ocrx_word' id='word_1_450' title='bbox 624 3734 910 3789; x_wconf 87' lang='lat' dir='ltr'><strong><em>eamdem</em></strong></span> <span class='ocrx_word' id='word_1_451' title='bbox 945 3733 1327 3788; x_wconf 87' lang='lat' dir='ltr'><strong><em>humilitatem</em></strong></span> <span class='ocrx_word' id='word_1_452' title='bbox 1367 3732 1665 3803; x_wconf 88' lang='lat' dir='ltr'><strong><em>percipere</em></strong></span> <span class='ocrx_word' id='word_1_453' title='bbox 1710 3747 1835 3787; x_wconf 64' lang='lat' dir='ltr'><strong><em>suae</em></strong></span> 
     </span>
    </p>
   </div>
   <div class='ocr_carea' id='block_1_60' title="bbox 213 3815 1838 3892">
    <p class='ocr_par' dir='ltr' id='par_1_60' title="bbox 213 3815 1838 3892">
     <span class='ocr_line' id='line_1_60' title="bbox 213 3815 1838 3892; baseline 0.002 -21"><span class='ocrx_word' id='word_1_454' title='bbox 213 3815 605 3877; x_wconf 87' lang='lat' dir='ltr'><strong><em>benedictionis</em></strong></span> <span class='ocrx_word' id='word_1_455' title='bbox 620 3821 925 3877; x_wconf 73' lang='lat' dir='ltr'><strong><em>ineffabile</em></strong></span> <span class='ocrx_word' id='word_1_456' title='bbox 939 3821 1186 3877; x_wconf 89' lang='lat' dir='ltr'><strong><em>donum.</em></strong></span> <span class='ocrx_word' id='word_1_457' title='bbox 1202 3823 1401 3875; x_wconf 84' lang='lat' dir='ltr'><strong><em>Amen.</em></strong></span> <span class='ocrx_word' id='word_1_458' title='bbox 1418 3819 1615 3892; x_wconf 87' lang='lat' dir='ltr'><strong><em>Ipsius</em></strong></span> <span class='ocrx_word' id='word_1_459' title='bbox 1632 3822 1838 3875; x_wconf 81' lang='lat' dir='ltr'><strong><em>Resur-</em></strong></span> 
     </span>
    </p>
   </div>
   <div class='ocr_carea' id='block_1_61' title="bbox 213 3908 1839 3981">
    <p class='ocr_par' dir='ltr' id='par_1_61' title="bbox 213 3908 1839 3981">
     <span class='ocr_line' id='line_1_61' title="bbox 213 3908 1839 3981; baseline 0.002 -22"><span class='ocrx_word' id='word_1_460' title='bbox 213 3908 828 3981; x_wconf 86' lang='lat' dir='ltr'><strong><em>rectionispercipiatis,</em></strong></span> <span class='ocrx_word' id='word_1_461' title='bbox 846 3908 1163 3974; x_wconf 89' lang='lat' dir='ltr'><strong><em>consortia,</em></strong></span> <span class='ocrx_word' id='word_1_462' title='bbox 1179 3909 1351 3981; x_wconf 87' lang='lat' dir='ltr'><strong><em>cujus</em></strong></span> <span class='ocrx_word' id='word_1_463' title='bbox 1366 3909 1839 3980; x_wconf 69' lang='lat' dir='ltr'><strong><em>patientiaavene-</em></strong></span> 
     </span>
    </p>
   </div>
   <div class='ocr_carea' id='block_1_62' title="bbox 213 3993 1836 4069">
    <p class='ocr_par' dir='ltr' id='par_1_62' title="bbox 213 3993 1836 4069">
     <span class='ocr_line' id='line_1_62' title="bbox 213 3993 1836 4069; baseline 0.003 -22"><span class='ocrx_word' id='word_1_464' title='bbox 213 3993 395 4049; x_wconf 83' lang='lat' dir='ltr'><strong><em>ramini</em></strong></span> <span class='ocrx_word' id='word_1_465' title='bbox 424 3996 811 4053; x_wconf 87' lang='lat' dir='ltr'><strong><em>documenta.</em></strong></span> <span class='ocrx_word' id='word_1_466' title='bbox 836 4000 1028 4052; x_wconf 84' lang='lat' dir='ltr'><strong><em>Amen.</em></strong></span> <span class='ocrx_word' id='word_1_467' title='bbox 1065 3998 1193 4062; x_wconf 87' lang='lat' dir='ltr'><strong><em>Quo</em></strong></span> <span class='ocrx_word' id='word_1_468' title='bbox 1232 3997 1309 4053; x_wconf 86' lang='lat' dir='ltr'><strong><em>ab</em></strong></span> <span class='ocrx_word' id='word_1_469' title='bbox 1337 4013 1407 4052; x_wconf 91' lang='lat' dir='ltr'><strong><em>eo</em></strong></span> <span class='ocrx_word' id='word_1_470' title='bbox 1462 3997 1836 4069; x_wconf 75' lang='lat' dir='ltr'><strong><em>sempiternae</em></strong></span> 
     </span>
    </p>
   </div>
   <div class='ocr_carea' id='block_1_63' title="bbox 214 4080 1837 4157">
    <p class='ocr_par' dir='ltr' id='par_1_63' title="bbox 214 4080 1837 4157">
     <span class='ocr_line' id='line_1_63' title="bbox 214 4080 1837 4157; baseline 0.003 -22"><span class='ocrx_word' id='word_1_471' title='bbox 214 4080 323 4136; x_wconf 57' lang='lat' dir='ltr'><strong><em>vita</em></strong></span> <span class='ocrx_word' id='word_1_472' title='bbox 350 4099 560 4140; x_wconf 88' lang='lat' dir='ltr'><strong><em>munus</em></strong></span> <span class='ocrx_word' id='word_1_473' title='bbox 597 4084 942 4157; x_wconf 87' lang='lat' dir='ltr'><strong><em>percipiatis</em></strong></span> <span class='ocrx_word' id='word_1_474' title='bbox 976 4100 1079 4156; x_wconf 90' lang='lat' dir='ltr'><strong><em>per</em></strong></span> <span class='ocrx_word' id='word_1_475' title='bbox 1100 4085 1271 4155; x_wconf 89' lang='lat' dir='ltr'><strong><em>cujus</em></strong></span> <span class='ocrx_word' id='word_1_476' title='bbox 1289 4084 1672 4157; x_wconf 86' lang='lat' dir='ltr'><strong><em>temporalem</em></strong></span> <span class='ocrx_word' id='word_1_477' title='bbox 1691 4100 1837 4140; x_wconf 81' lang='lat' dir='ltr'><strong><em>mor-</em></strong></span> 
     </span>
    </p>
   </div>
   <div class='ocr_carea' id='block_1_64' title="bbox 213 4172 1833 4238">
    <p class='ocr_par' dir='ltr' id='par_1_64' title="bbox 213 4172 1833 4238">
     <span class='ocr_line' id='line_1_64' title="bbox 213 4172 1833 4238; baseline 0.004 -17"><span class='ocrx_word' id='word_1_478' title='bbox 213 4174 328 4232; x_wconf 82' lang='lat' dir='ltr'><strong><em>tem,</em></strong></span> <span class='ocrx_word' id='word_1_479' title='bbox 355 4177 638 4228; x_wconf 63' lang='lat' dir='ltr'><strong><em>aeternam</em></strong></span> <span class='ocrx_word' id='word_1_480' title='bbox 662 4189 769 4229; x_wconf 87' lang='lat' dir='ltr'><strong><em>vos</em></strong></span> <span class='ocrx_word' id='word_1_481' title='bbox 816 4172 1059 4228; x_wconf 88' lang='lat' dir='ltr'><strong><em>evadere</em></strong></span> <span class='ocrx_word' id='word_1_482' title='bbox 1103 4172 1359 4229; x_wconf 87' lang='lat' dir='ltr'><strong><em>creditis.</em></strong></span> <span class='ocrx_word' id='word_1_483' title='bbox 1410 4174 1617 4227; x_wconf 82' lang='lat' dir='ltr'><strong><em>Amen.</em></strong></span> <span class='ocrx_word' id='word_1_484' title='bbox 1665 4173 1833 4238; x_wconf 89' lang='lat' dir='ltr'><strong><em>Quod</em></strong></span> 
     </span>
    </p>
   </div>
   <div class='ocr_carea' id='block_1_65' title="bbox 212 4253 918 4331">
    <p class='ocr_par' dir='ltr' id='par_1_65' title="bbox 212 4253 918 4331">
     <span class='ocr_line' id='line_1_65' title="bbox 212 4253 918 4331; baseline 0.008 -22"><span class='ocrx_word' id='word_1_485' title='bbox 212 4253 315 4327; x_wconf 84' lang='lat' dir='ltr'><strong><em>ipse</em></strong></span> <span class='ocrx_word' id='word_1_486' title='bbox 339 4266 601 4331; x_wconf 66' lang='lat' dir='ltr'><strong><em>prmstare</em></strong></span> <span class='ocrx_word' id='word_1_487' title='bbox 615 4261 918 4329; x_wconf 88' lang='lat' dir='ltr'><strong><em>dignetur.</em></strong></span> 
     </span>
    </p>
   </div>
   <div class='ocr_carea' id='block_1_66' title="bbox 267 4348 1905 4423">
    <p class='ocr_par' dir='ltr' id='par_1_66' title="bbox 267 4348 1905 4423">
     <span class='ocr_line' id='line_1_66' title="bbox 267 4348 1905 4423; baseline 0.003 -23"><span class='ocrx_word' id='word_1_488' title='bbox 267 4348 351 4402; x_wconf 77' lang='lat' dir='ltr'><strong><em>Ad</em></strong></span> <span class='ocrx_word' id='word_1_489' title='bbox 370 4349 805 4422; x_wconf 84' lang='lat' dir='ltr'><strong><em>Complendum.</em></strong></span> <span class='ocrx_word' id='word_1_490' title='bbox 818 4382 886 4392; x_wconf 98' lang='lat'><strong>—</strong></span> <span class='ocrx_word' id='word_1_491' title='bbox 901 4351 1047 4423; x_wconf 77' lang='lat'>(257)</span> <span class='ocrx_word' id='word_1_492' title='bbox 1062 4349 1296 4421; x_wconf 86' lang='lat' dir='ltr'><strong><em>Largire</em></strong></span> <span class='ocrx_word' id='word_1_493' title='bbox 1310 4349 1579 4405; x_wconf 88' lang='lat' dir='ltr'><strong><em>sensibus</em></strong></span> <span class='ocrx_word' id='word_1_494' title='bbox 1594 4350 1823 4416; x_wconf 88' lang='lat' dir='ltr'><strong><em>nostris,</em></strong></span> <span class='ocrx_word' id='word_1_495' title='bbox 1862 4358 1905 4416; x_wconf 89' lang='lat' dir='ltr'><strong><em>D</em></strong></span> 
     </span>
    </p>
   </div>
   <div class='ocr_carea' id='block_1_67' title="bbox 213 4436 1827 4510">
    <p class='ocr_par' dir='ltr' id='par_1_67' title="bbox 213 4436 1827 4510">
     <span class='ocr_line' id='line_1_67' title="bbox 213 4436 1827 4510; baseline 0.004 -23"><span class='ocrx_word' id='word_1_496' title='bbox 213 4436 557 4508; x_wconf 87' lang='lat' dir='ltr'><strong><em>omnipotens</em></strong></span> <span class='ocrx_word' id='word_1_497' title='bbox 600 4440 780 4505; x_wconf 89' lang='lat' dir='ltr'><strong><em>Deus,</em></strong></span> <span class='ocrx_word' id='word_1_498' title='bbox 816 4444 879 4495; x_wconf 90' lang='lat' dir='ltr'><strong><em>ut</em></strong></span> <span class='ocrx_word' id='word_1_499' title='bbox 907 4455 1007 4510; x_wconf 89' lang='lat' dir='ltr'><strong><em>per</em></strong></span> <span class='ocrx_word' id='word_1_500' title='bbox 1034 4438 1419 4510; x_wconf 88' lang='lat' dir='ltr'><strong><em>temporalem</em></strong></span> <span class='ocrx_word' id='word_1_501' title='bbox 1438 4438 1558 4493; x_wconf 89' lang='lat' dir='ltr'><strong><em>Filii</em></strong></span> <span class='ocrx_word' id='word_1_502' title='bbox 1592 4438 1827 4493; x_wconf 90' lang='lat' dir='ltr'><strong><em>tuimor-</em></strong></span> 
     </span>
    </p>
   </div>
   <div class='ocr_carea' id='block_1_68' title="bbox 212 4526 1829 4599">
    <p class='ocr_par' dir='ltr' id='par_1_68' title="bbox 212 4526 1829 4599">
     <span class='ocr_line' id='line_1_68' title="bbox 212 4526 1829 4599; baseline 0.003 -22"><span class='ocrx_word' id='word_1_503' title='bbox 212 4526 520 4598; x_wconf 82' lang='lat' dir='ltr'><strong><em>tem.quam</em></strong></span> <span class='ocrx_word' id='word_1_504' title='bbox 556 4528 848 4599; x_wconf 88' lang='lat' dir='ltr'><strong><em>mysteria</em></strong></span> <span class='ocrx_word' id='word_1_505' title='bbox 874 4526 1211 4583; x_wconf 86' lang='lat' dir='ltr'><strong><em>veneranda</em></strong></span> <span class='ocrx_word' id='word_1_506' title='bbox 1243 4530 1543 4590; x_wconf 89' lang='lat' dir='ltr'><strong><em>testantur,</em></strong></span> <span class='ocrx_word' id='word_1_507' title='bbox 1593 4527 1759 4582; x_wconf 90' lang='lat' dir='ltr'><strong><em>vitam</em></strong></span> <span class='ocrx_word' id='word_1_508' title='bbox 1777 4533 1829 4583; x_wconf 90' lang='lat' dir='ltr'><strong><em>te</em></strong></span> 
     </span>
    </p>
   </div>
   <div class='ocr_carea' id='block_1_69' title="bbox 211 4608 1823 4688">
    <p class='ocr_par' dir='ltr' id='par_1_69' title="bbox 211 4608 1823 4688">
     <span class='ocr_line' id='line_1_69' title="bbox 211 4608 1823 4688; baseline 0.007 -27"><span class='ocrx_word' id='word_1_509' title='bbox 211 4608 353 4665; x_wconf 88' lang='lat' dir='ltr'><strong><em>nobis</em></strong></span> <span class='ocrx_word' id='word_1_510' title='bbox 368 4613 597 4670; x_wconf 90' lang='lat' dir='ltr'><strong><em>dedisse</em></strong></span> <span class='ocrx_word' id='word_1_511' title='bbox 617 4622 963 4688; x_wconf 84' lang='lat' dir='ltr'><strong><em>perpetuam</em></strong></span> <span class='ocrx_word' id='word_1_512' title='bbox 982 4614 1379 4671; x_wconf 84' lang='lat' dir='ltr'><strong><em>conﬁdamus.</em></strong></span> <span class='ocrx_word' id='word_1_513' title='bbox 1406 4617 1508 4669; x_wconf 89' lang='lat' dir='ltr'><strong><em>Per</em></strong></span> <span class='ocrx_word' id='word_1_514' title='bbox 1530 4615 1823 4672; x_wconf 88' lang='lat' dir='ltr'><strong><em>eumdem.</em></strong></span> 
     </span>
    </p>
   </div>
   <div class='ocr_carea' id='block_1_70' title="bbox 267 4699 1824 4776">
    <p class='ocr_par' dir='ltr' id='par_1_70' title="bbox 267 4699 1824 4776">
     <span class='ocr_line' id='line_1_70' title="bbox 267 4699 1824 4776; baseline 0.003 -23"><span class='ocrx_word' id='word_1_515' title='bbox 267 4699 421 4771; x_wconf 84' lang='lat' dir='ltr'><strong><em>Super</em></strong></span> <span class='ocrx_word' id='word_1_516' title='bbox 434 4704 735 4775; x_wconf 83' lang='lat' dir='ltr'><strong><em>populum.</em></strong></span> <span class='ocrx_word' id='word_1_517' title='bbox 764 4732 826 4742; x_wconf 91' lang='lat'><strong>—</strong></span> <span class='ocrx_word' id='word_1_518' title='bbox 858 4702 1118 4776; x_wconf 80' lang='lat' dir='ltr'><strong><em>Respice,</em></strong></span> <span class='ocrx_word' id='word_1_519' title='bbox 1144 4701 1391 4757; x_wconf 89' lang='lat' dir='ltr'><strong><em>Domine</em></strong></span> <span class='ocrx_word' id='word_1_520' title='bbox 1418 4744 1434 4769; x_wconf 88' lang='lat'><strong><em>,</em></strong></span> <span class='ocrx_word' id='word_1_521' title='bbox 1466 4719 1824 4775; x_wconf 59' lang='lat' dir='ltr'><strong><em>quaesumus,</em></strong></span> 
     </span>
    </p>
   </div>
   <div class='ocr_carea' id='block_1_71' title="bbox 213 4783 1830 4865">
    <p class='ocr_par' dir='ltr' id='par_1_71' title="bbox 213 4783 1830 4865">
     <span class='ocr_line' id='line_1_71' title="bbox 213 4783 1830 4865; baseline 0.004 -24"><span class='ocrx_word' id='word_1_522' title='bbox 213 4802 361 4858; x_wconf 78' lang='lat' dir='ltr'><strong><em>super</em></strong></span> <span class='ocrx_word' id='word_1_523' title='bbox 381 4792 525 4849; x_wconf 89' lang='lat' dir='ltr'><strong><em>hanc</em></strong></span> <span class='ocrx_word' id='word_1_524' title='bbox 544 4792 837 4850; x_wconf 84' lang='lat' dir='ltr'><strong><em>familiam</em></strong></span> <span class='ocrx_word' id='word_1_525' title='bbox 859 4798 1043 4857; x_wconf 90' lang='lat' dir='ltr'><strong><em>tuam,</em></strong></span> <span class='ocrx_word' id='word_1_526' title='bbox 1059 4808 1167 4864; x_wconf 88' lang='lat' dir='ltr'><strong><em>pro</em></strong></span> <span class='ocrx_word' id='word_1_527' title='bbox 1180 4783 1302 4865; x_wconf 80' lang='lat' dir='ltr'><strong><em>qua</em></strong></span> <span class='ocrx_word' id='word_1_528' title='bbox 1323 4792 1607 4847; x_wconf 89' lang='lat' dir='ltr'><strong><em>Dominus</em></strong></span> <span class='ocrx_word' id='word_1_529' title='bbox 1628 4799 1830 4848; x_wconf 89' lang='lat' dir='ltr'><strong><em>noster</em></strong></span> 
     </span>
    </p>
   </div>
   <div class='ocr_carea' id='block_1_72' title="bbox 210 4875 1830 4938">
    <p class='ocr_par' dir='ltr' id='par_1_72' title="bbox 210 4875 1830 4938">
     <span class='ocr_line' id='line_1_72' title="bbox 210 4875 1830 4938; baseline 0.004 -9"><span class='ocrx_word' id='word_1_530' title='bbox 210 4875 349 4934; x_wconf 83' lang='lat' dir='ltr'><strong><em>lesus</em></strong></span> <span class='ocrx_word' id='word_1_531' title='bbox 378 4879 646 4938; x_wconf 84' lang='lat' dir='ltr'><strong><em>Christus</em></strong></span> <span class='ocrx_word' id='word_1_532' title='bbox 664 4897 785 4937; x_wconf 91' lang='lat' dir='ltr'><strong><em>non</em></strong></span> <span class='ocrx_word' id='word_1_533' title='bbox 817 4880 1402 4937; x_wconf 85' lang='lat' dir='ltr'><strong><em>dubitavitmanibus</em></strong></span> <span class='ocrx_word' id='word_1_534' title='bbox 1437 4880 1590 4936; x_wconf 89' lang='lat' dir='ltr'><strong><em>tradi</em></strong></span> <span class='ocrx_word' id='word_1_535' title='bbox 1617 4896 1830 4936; x_wconf 89' lang='lat' dir='ltr'><strong><em>nocen-</em></strong></span> 
     </span>
    </p>
   </div>
   <div class='ocr_carea' id='block_1_73' title="bbox 211 4963 1824 5035">
    <p class='ocr_par' dir='ltr' id='par_1_73' title="bbox 211 4963 1824 5035">
     <span class='ocr_line' id='line_1_73' title="bbox 211 4963 1824 5035; baseline 0.003 -14"><span class='ocrx_word' id='word_1_536' title='bbox 211 4963 350 5033; x_wconf 84' lang='lat' dir='ltr'><strong><em>tium,</em></strong></span> <span class='ocrx_word' id='word_1_537' title='bbox 380 4973 433 5024; x_wconf 88' lang='lat' dir='ltr'><strong><em>et</em></strong></span> <span class='ocrx_word' id='word_1_538' title='bbox 460 4971 657 5026; x_wconf 89' lang='lat' dir='ltr'><strong><em>crucis</em></strong></span> <span class='ocrx_word' id='word_1_539' title='bbox 681 4969 884 5026; x_wconf 88' lang='lat' dir='ltr'><strong><em>subire</em></strong></span> <span class='ocrx_word' id='word_1_540' title='bbox 917 4968 1412 5035; x_wconf 85' lang='lat' dir='ltr'><strong><em>tormentum.0ui</em></strong></span> <span class='ocrx_word' id='word_1_541' title='bbox 1436 4974 1631 5025; x_wconf 90' lang='lat' dir='ltr'><strong><em>tecum</em></strong></span> <span class='ocrx_word' id='word_1_542' title='bbox 1664 4969 1824 5026; x_wconf 91' lang='lat' dir='ltr'><strong><em>vivit.</em></strong></span> 
     </span>
    </p>
   </div>
   <div class='ocr_carea' id='block_1_74' title="bbox 850 5097 1151 5141">
    <p class='ocr_par' dir='ltr' id='par_1_74' title="bbox 850 5097 1151 5141">
     <span class='ocr_line' id='line_1_74' title="bbox 850 5097 1151 5141; baseline 0 -2"><span class='ocrx_word' id='word_1_543' title='bbox 850 5097 875 5128; x_wconf 73' lang='grc' dir='ltr'><strong><em>ο</em></strong></span> <span class='ocrx_word' id='word_1_544' title='bbox 905 5102 1061 5141; x_wconf 71' lang='lat' dir='ltr'><strong>PERIA</strong></span> <span class='ocrx_word' id='word_1_545' title='bbox 1098 5101 1151 5141; x_wconf 73' lang='grc' dir='ltr'><strong>ν.</strong></span> 
     </span>
    </p>
   </div>
   <div class='ocr_carea' id='block_1_75' title="bbox 265 5194 1826 5272">
    <p class='ocr_par' dir='ltr' id='par_1_75' title="bbox 265 5194 1826 5272">
     <span class='ocr_line' id='line_1_75' title="bbox 265 5194 1826 5272; baseline 0.004 -20"><span class='ocrx_word' id='word_1_546' title='bbox 265 5194 388 5252; x_wconf 76' lang='lat' dir='ltr'><strong><em>Inde</em></strong></span> <span class='ocrx_word' id='word_1_547' title='bbox 413 5200 561 5259; x_wconf 81' lang='lat' dir='ltr'><strong><em>hora</em></strong></span> <span class='ocrx_word' id='word_1_548' title='bbox 594 5202 742 5271; x_wconf 73' lang='lat'><strong>(258)</strong></span> <span class='ocrx_word' id='word_1_549' title='bbox 764 5200 1538 5272; x_wconf 82' lang='lat' dir='ltr'><strong><em>tertiaingressisaerarium,</em></strong></span> <span class='ocrx_word' id='word_1_550' title='bbox 1564 5200 1826 5259; x_wconf 88' lang='lat' dir='ltr'><strong><em>induunt</em></strong></span> 
     </span>
    </p>
   </div>
   <div class='ocr_carea' id='block_1_76' title="bbox 237 5371 1825 5456">
    <p class='ocr_par' dir='ltr' id='par_1_76' title="bbox 237 5371 1825 5456">
     <span class='ocr_line' id='line_1_76' title="bbox 237 5371 1825 5456; baseline 0.002 -30"><span class='ocrx_word' id='word_1_551' title='bbox 237 5380 289 5446; x_wconf 65' lang='lat'><strong><em>_‘</em></strong></span> <span class='ocrx_word' id='word_1_552' title='bbox 314 5371 403 5426; x_wconf 82' lang='lat' dir='ltr'><strong><em>Hic</em></strong></span> <span class='ocrx_word' id='word_1_553' title='bbox 425 5374 613 5456; x_wconf 75' lang='lat' dir='ltr'><strong><em>incipit</em></strong></span> <span class='ocrx_word' id='word_1_554' title='bbox 648 5374 895 5456; x_wconf 76' lang='lat' dir='ltr'><strong><em>ofﬁcium</em></strong></span> <span class='ocrx_word' id='word_1_555' title='bbox 928 5374 1086 5446; x_wconf 86' lang='lat' dir='ltr'><strong><em>hujus</em></strong></span> <span class='ocrx_word' id='word_1_556' title='bbox 1119 5372 1265 5428; x_wconf 77' lang='lat' dir='ltr'><strong><em>feriae</em></strong></span> <span class='ocrx_word' id='word_1_557' title='bbox 1299 5372 1351 5427; x_wconf 91' lang='lat' dir='ltr'><strong><em>in</em></strong></span> <span class='ocrx_word' id='word_1_558' title='bbox 1375 5372 1497 5429; x_wconf 89' lang='lat' dir='ltr'><strong><em>aliis</em></strong></span> <span class='ocrx_word' id='word_1_559' title='bbox 1533 5373 1825 5429; x_wconf 84' lang='lat' dir='ltr'><strong><em>Codicibus</em></strong></span> 
     </span>
    </p>
   </div>
   <div class='ocr_carea' id='block_1_77' title="bbox 214 5446 949 5516">
    <p class='ocr_par' dir='ltr' id='par_1_77' title="bbox 214 5446 949 5516">
     <span class='ocr_line' id='line_1_77' title="bbox 214 5446 949 5516; baseline 0.008 -24"><span class='ocrx_word' id='word_1_560' title='bbox 214 5454 305 5516; x_wconf 71' lang='lat' dir='ltr'><strong><em>ure</em></strong></span> <span class='ocrx_word' id='word_1_561' title='bbox 328 5446 673 5501; x_wconf 32' lang='lat' dir='ltr'><strong><em>excusis’sive</em></strong></span> <span class='ocrx_word' id='word_1_562' title='bbox 705 5446 949 5516; x_wconf 88' lang='lat' dir='ltr'><strong><em>scriptis.</em></strong></span> 
     </span>
    </p>
   </div>
   <div class='ocr_carea' id='block_1_78' title="bbox 267 5510 1824 5589">
    <p class='ocr_par' dir='ltr' id='par_1_78' title="bbox 267 5510 1824 5589">
     <span class='ocr_line' id='line_1_78' title="bbox 267 5510 1824 5589; baseline 0.003 -23"><span class='ocrx_word' id='word_1_563' title='bbox 267 5510 460 5589; x_wconf 50' lang='lat' dir='ltr'><strong><em>{Apud</em></strong></span> <span class='ocrx_word' id='word_1_564' title='bbox 489 5510 924 5589; x_wconf 68' lang='lat' dir='ltr'><strong><em>Pamel.,su5ire</em></strong></span> <span class='ocrx_word' id='word_1_565' title='bbox 949 5515 1140 5589; x_wconf 68' lang='lat' dir='ltr'><strong><em>fecisti.</em></strong></span> <span class='ocrx_word' id='word_1_566' title='bbox 1173 5516 1342 5572; x_wconf 84' lang='lat' dir='ltr'><strong><em>Favet</em></strong></span> <span class='ocrx_word' id='word_1_567' title='bbox 1379 5520 1581 5571; x_wconf 63' lang='lat' dir='ltr'><strong><em>nostra;</em></strong></span> <span class='ocrx_word' id='word_1_568' title='bbox 1604 5515 1824 5572; x_wconf 91' lang='lat' dir='ltr'><strong><em>lectioni</em></strong></span> 
     </span>
    </p>
   </div>
   <div class='ocr_carea' id='block_1_79' title="bbox 218 5579 715 5660">
    <p class='ocr_par' dir='ltr' id='par_1_79' title="bbox 218 5579 715 5660">
     <span class='ocr_line' id='line_1_79' title="bbox 218 5579 715 5660; baseline 0.022 -24"><span class='ocrx_word' id='word_1_569' title='bbox 218 5579 376 5640; x_wconf 61' lang='lat' dir='ltr'><strong><em>Codex</em></strong></span> <span class='ocrx_word' id='word_1_570' title='bbox 392 5587 521 5660; x_wconf 80' lang='lat' dir='ltr'><strong><em>Reg.</em></strong></span> <span class='ocrx_word' id='word_1_571' title='bbox 555 5579 715 5647; x_wconf 63' lang='lat' dir='ltr'><strong><em>Suec.</em></strong></span> 
     </span>
    </p>
   </div>
   <div class='ocr_carea' id='block_1_80' title="bbox 1953 3076 3596 3153">
    <p class='ocr_par' dir='ltr' id='par_1_80' title="bbox 1953 3076 3596 3153">
     <span class='ocr_line' id='line_1_80' title="bbox 1953 3076 3596 3153; baseline -0.003 -15"><span class='ocrx_word' id='word_1_572' title='bbox 1953 3081 2160 3139; x_wconf 86' lang='lat' dir='ltr'><strong><em>ditoris</em></strong></span> <span class='ocrx_word' id='word_1_573' title='bbox 2186 3083 2334 3139; x_wconf 88' lang='lat' dir='ltr'><strong><em>ferre</em></strong></span> <span class='ocrx_word' id='word_1_574' title='bbox 2367 3097 2487 3138; x_wconf 91' lang='lat' dir='ltr'><strong><em>non</em></strong></span> <span class='ocrx_word' id='word_1_575' title='bbox 2522 3081 2733 3153; x_wconf 90' lang='lat' dir='ltr'><strong><em>potuit,</em></strong></span> <span class='ocrx_word' id='word_1_576' title='bbox 2787 3080 2914 3144; x_wconf 88' lang='lat' dir='ltr'><strong><em>sed,</em></strong></span> <span class='ocrx_word' id='word_1_577' title='bbox 2945 3078 3357 3151; x_wconf 85' lang='lat' dir='ltr'><strong><em>apostolorum</em></strong></span> <span class='ocrx_word' id='word_1_578' title='bbox 3393 3076 3596 3133; x_wconf 86' lang='lat' dir='ltr'><strong><em>relicto</em></strong></span> 
     </span>
    </p>
   </div>
   <div class='ocr_carea' id='block_1_81' title="bbox 1952 3165 3598 3239">
    <p class='ocr_par' dir='ltr' id='par_1_81' title="bbox 1952 3165 3598 3239">
     <span class='ocr_line' id='line_1_81' title="bbox 1952 3165 3598 3239; baseline -0.003 -13"><span class='ocrx_word' id='word_1_579' title='bbox 1952 3172 2252 3227; x_wconf 90' lang='lat' dir='ltr'><strong><em>consortio</em></strong></span> <span class='ocrx_word' id='word_1_580' title='bbox 2273 3170 2579 3239; x_wconf 87' lang='lat' dir='ltr'><strong><em>sanguinis</em></strong></span> <span class='ocrx_word' id='word_1_581' title='bbox 2594 3169 2847 3237; x_wconf 89' lang='lat' dir='ltr'><strong><em>pretium</em></strong></span> <span class='ocrx_word' id='word_1_582' title='bbox 2879 3184 2915 3224; x_wconf 92' lang='lat' dir='ltr'><strong><em>a</em></strong></span> <span class='ocrx_word' id='word_1_583' title='bbox 2949 3167 3165 3223; x_wconf 65' lang='lat' dir='ltr'><strong><em>Judmis</em></strong></span> <span class='ocrx_word' id='word_1_584' title='bbox 3235 3165 3478 3237; x_wconf 90' lang='lat' dir='ltr'><strong><em>accepit,</em></strong></span> <span class='ocrx_word' id='word_1_585' title='bbox 3537 3167 3598 3221; x_wconf 88' lang='lat' dir='ltr'><strong><em>ut</em></strong></span> 
     </span>
    </p>
   </div>
   <div class='ocr_carea' id='block_1_82' title="bbox 1948 3254 3598 3331">
    <p class='ocr_par' dir='ltr' id='par_1_82' title="bbox 1948 3254 3598 3331">
     <span class='ocr_line' id='line_1_82' title="bbox 1948 3254 3598 3331; baseline -0.003 -16"><span class='ocrx_word' id='word_1_586' title='bbox 1948 3260 2129 3316; x_wconf 92' lang='lat' dir='ltr'><strong><em>vitam</em></strong></span> <span class='ocrx_word' id='word_1_587' title='bbox 2152 3260 2417 3331; x_wconf 89' lang='lat' dir='ltr'><strong><em>perderet</em></strong></span> <span class='ocrx_word' id='word_1_588' title='bbox 2445 3275 2625 3331; x_wconf 84' lang='lat' dir='ltr'><strong><em>quam</em></strong></span> <span class='ocrx_word' id='word_1_589' title='bbox 2654 3257 2801 3330; x_wconf 80' lang='lat'><strong>(265)</strong></span> <span class='ocrx_word' id='word_1_590' title='bbox 2832 3254 3397 3313; x_wconf 72' lang='lat' dir='ltr'><strong><em>distraxit.Caenavit</em></strong></span> <span class='ocrx_word' id='word_1_591' title='bbox 3418 3254 3598 3323; x_wconf 85' lang='lat' dir='ltr'><strong><em>igitur</em></strong></span> 
     </span>
    </p>
   </div>
   <div class='ocr_carea' id='block_1_83' title="bbox 1946 3341 3596 3421">
    <p class='ocr_par' dir='ltr' id='par_1_83' title="bbox 1946 3341 3596 3421">
     <span class='ocr_line' id='line_1_83' title="bbox 1946 3341 3596 3421; baseline -0.004 -17"><span class='ocrx_word' id='word_1_592' title='bbox 1946 3348 2125 3404; x_wconf 90' lang='lat' dir='ltr'><strong><em>hodie</em></strong></span> <span class='ocrx_word' id='word_1_593' title='bbox 2150 3348 2419 3421; x_wconf 90' lang='lat' dir='ltr'><strong><em>proditor</em></strong></span> <span class='ocrx_word' id='word_1_594' title='bbox 2455 3353 2697 3403; x_wconf 88' lang='lat' dir='ltr'><strong><em>mortem</em></strong></span> <span class='ocrx_word' id='word_1_595' title='bbox 2725 3361 2916 3409; x_wconf 87' lang='lat' dir='ltr'><strong><em>suam,</em></strong></span> <span class='ocrx_word' id='word_1_596' title='bbox 2958 3349 3013 3399; x_wconf 91' lang='lat' dir='ltr'><strong><em>et</em></strong></span> <span class='ocrx_word' id='word_1_597' title='bbox 3037 3344 3290 3399; x_wconf 85' lang='lat' dir='ltr'><strong><em>cruentis</em></strong></span> <span class='ocrx_word' id='word_1_598' title='bbox 3321 3341 3596 3399; x_wconf 89' lang='lat' dir='ltr'><strong><em>manibus</em></strong></span> 
     </span>
    </p>
   </div>
   <div class='ocr_carea' id='block_1_84' title="bbox 1950 3430 3597 3508">
    <p class='ocr_par' dir='ltr' id='par_1_84' title="bbox 1950 3430 3597 3508">
     <span class='ocr_line' id='line_1_84' title="bbox 1950 3430 3597 3508; baseline -0.003 -16"><span class='ocrx_word' id='word_1_599' title='bbox 1950 3451 2166 3508; x_wconf 91' lang='lat' dir='ltr'><strong><em>panem</em></strong></span> <span class='ocrx_word' id='word_1_600' title='bbox 2198 3436 2273 3493; x_wconf 90' lang='lat' dir='ltr'><strong><em>de</em></strong></span> <span class='ocrx_word' id='word_1_601' title='bbox 2312 3452 2496 3492; x_wconf 90' lang='lat' dir='ltr'><strong><em>manu</em></strong></span> <span class='ocrx_word' id='word_1_602' title='bbox 2531 3434 2849 3492; x_wconf 87' lang='lat' dir='ltr'><strong><em>Salvatoris</em></strong></span> <span class='ocrx_word' id='word_1_603' title='bbox 2879 3433 3134 3489; x_wconf 78' lang='lat' dir='ltr'><strong><em>exiturus</em></strong></span> <span class='ocrx_word' id='word_1_604' title='bbox 3165 3430 3407 3502; x_wconf 90' lang='lat' dir='ltr'><strong><em>accepit,</em></strong></span> <span class='ocrx_word' id='word_1_605' title='bbox 3438 3436 3597 3487; x_wconf 88' lang='lat' dir='ltr'><strong><em>utsa-</em></strong></span> 
     </span>
    </p>
   </div>
   <div class='ocr_carea' id='block_1_85' title="bbox 1948 3519 3596 3593">
    <p class='ocr_par' dir='ltr' id='par_1_85' title="bbox 1948 3519 3596 3593">
     <span class='ocr_line' id='line_1_85' title="bbox 1948 3519 3596 3593; baseline -0.002 -15"><span class='ocrx_word' id='word_1_606' title='bbox 1948 3524 2205 3593; x_wconf 87' lang='lat' dir='ltr'><strong><em>ginatum</em></strong></span> <span class='ocrx_word' id='word_1_607' title='bbox 2229 3524 2364 3579; x_wconf 90' lang='lat' dir='ltr'><strong><em>cibo</em></strong></span> <span class='ocrx_word' id='word_1_608' title='bbox 2382 3525 2564 3593; x_wconf 86' lang='lat' dir='ltr'><strong><em>major</em></strong></span> <span class='ocrx_word' id='word_1_609' title='bbox 2589 3538 2770 3593; x_wconf 77' lang='lat' dir='ltr'><strong><em>poena</em></strong></span> <span class='ocrx_word' id='word_1_610' title='bbox 2800 3522 3245 3587; x_wconf 83' lang='lat' dir='ltr'><strong><em>constringeret,</em></strong></span> <span class='ocrx_word' id='word_1_611' title='bbox 3264 3519 3596 3590; x_wconf 73' lang='lat' dir='ltr'><strong><em>(266)quem</em></strong></span> 
     </span>
    </p>
   </div>
   <div class='ocr_carea' id='block_1_86' title="bbox 1945 3605 3596 3667">
    <p class='ocr_par' dir='ltr' id='par_1_86' title="bbox 1945 3605 3596 3667">
     <span class='ocr_line' id='line_1_86' title="bbox 1945 3605 3596 3667; baseline -0.004 0"><span class='ocrx_word' id='word_1_612' title='bbox 1945 3626 2056 3667; x_wconf 90' lang='lat' dir='ltr'><strong><em>nec</em></strong></span> <span class='ocrx_word' id='word_1_613' title='bbox 2086 3613 2298 3666; x_wconf 88' lang='lat' dir='ltr'><strong><em>sacrati</em></strong></span> <span class='ocrx_word' id='word_1_614' title='bbox 2329 3611 2446 3666; x_wconf 93' lang='lat' dir='ltr'><strong><em>cibi</em></strong></span> <span class='ocrx_word' id='word_1_615' title='bbox 2479 3610 2713 3666; x_wconf 87' lang='lat' dir='ltr'><strong><em>collatio</em></strong></span> <span class='ocrx_word' id='word_1_616' title='bbox 2735 3608 3010 3665; x_wconf 81' lang='lat' dir='ltr'><strong><em>asceiere</em></strong></span> <span class='ocrx_word' id='word_1_617' title='bbox 3040 3605 3596 3663; x_wconf 89' lang='lat' dir='ltr'><strong><em>revocaret.Patitur</em></strong></span> 
     </span>
    </p>
   </div>
   <div class='ocr_carea' id='block_1_87' title="bbox 1943 3694 3595 3770">
    <p class='ocr_par' dir='ltr' id='par_1_87' title="bbox 1943 3694 3595 3770">
     <span class='ocr_line' id='line_1_87' title="bbox 1943 3694 3595 3770; baseline -0.005 -15"><span class='ocrx_word' id='word_1_618' title='bbox 1943 3698 2144 3770; x_wconf 87' lang='lat' dir='ltr'><strong><em>itaque</em></strong></span> <span class='ocrx_word' id='word_1_619' title='bbox 2167 3699 2452 3754; x_wconf 86' lang='lat' dir='ltr'><strong><em>Dominus</em></strong></span> <span class='ocrx_word' id='word_1_620' title='bbox 2482 3701 2683 3753; x_wconf 87' lang='lat' dir='ltr'><strong><em>noster</em></strong></span> <span class='ocrx_word' id='word_1_621' title='bbox 2715 3699 2884 3753; x_wconf 83' lang='lat' dir='ltr'><strong><em>Jesus</em></strong></span> <span class='ocrx_word' id='word_1_622' title='bbox 2934 3694 3197 3751; x_wconf 88' lang='lat' dir='ltr'><strong><em>Christus</em></strong></span> <span class='ocrx_word' id='word_1_623' title='bbox 3236 3694 3406 3750; x_wconf 86' lang='lat' dir='ltr'><strong><em>Filius</em></strong></span> <span class='ocrx_word' id='word_1_624' title='bbox 3458 3697 3595 3748; x_wconf 88' lang='lat' dir='ltr'><strong><em>tuus</em></strong></span> 
     </span>
    </p>
   </div>
   <div class='ocr_carea' id='block_1_88' title="bbox 1945 3782 3594 3857">
    <p class='ocr_par' dir='ltr' id='par_1_88' title="bbox 1945 3782 3594 3857">
     <span class='ocr_line' id='line_1_88' title="bbox 1945 3782 3594 3857; baseline -0.004 -14"><span class='ocrx_word' id='word_1_625' title='bbox 1945 3803 2082 3843; x_wconf 91' lang='lat' dir='ltr'><strong><em>cum</em></strong></span> <span class='ocrx_word' id='word_1_626' title='bbox 2115 3788 2281 3843; x_wconf 87' lang='lat' dir='ltr'><strong><em>hoste</em></strong></span> <span class='ocrx_word' id='word_1_627' title='bbox 2292 3787 2685 3843; x_wconf 87' lang='lat' dir='ltr'><strong><em>novissimum</em></strong></span> <span class='ocrx_word' id='word_1_628' title='bbox 2700 3785 3046 3857; x_wconf 89' lang='lat' dir='ltr'><strong><em>participare</em></strong></span> <span class='ocrx_word' id='word_1_629' title='bbox 3058 3782 3396 3838; x_wconf 89' lang='lat' dir='ltr'><strong><em>convivium</em></strong></span> <span class='ocrx_word' id='word_1_630' title='bbox 3407 3796 3461 3849; x_wconf 91' lang='lat' dir='ltr'><strong><em>,a</em></strong></span> <span class='ocrx_word' id='word_1_631' title='bbox 3475 3794 3594 3851; x_wconf 89' lang='lat' dir='ltr'><strong><em>quo</em></strong></span> 
     </span>
    </p>
   </div>
   <div class='ocr_carea' id='block_1_89' title="bbox 1946 3866 3594 3938">
    <p class='ocr_par' dir='ltr' id='par_1_89' title="bbox 1946 3866 3594 3938">
     <span class='ocr_line' id='line_1_89' title="bbox 1946 3866 3594 3938; baseline -0.005 -8"><span class='ocrx_word' id='word_1_632' title='bbox 1946 3879 2267 3931; x_wconf 83' lang='lat' dir='ltr'><strong><em>senoverat</em></strong></span> <span class='ocrx_word' id='word_1_633' title='bbox 2296 3874 2579 3930; x_wconf 87' lang='lat' dir='ltr'><strong><em>continuo</em></strong></span> <span class='ocrx_word' id='word_1_634' title='bbox 2601 3888 2734 3928; x_wconf 87' lang='lat' dir='ltr'><strong><em>esse</em></strong></span> <span class='ocrx_word' id='word_1_635' title='bbox 2757 3871 3131 3937; x_wconf 89' lang='lat' dir='ltr'><strong><em>tradendum,</em></strong></span> <span class='ocrx_word' id='word_1_636' title='bbox 3162 3874 3226 3924; x_wconf 91' lang='lat' dir='ltr'><strong><em>ut</em></strong></span> <span class='ocrx_word' id='word_1_637' title='bbox 3247 3866 3594 3938; x_wconf 89' lang='lat' dir='ltr'><strong><em>exemplum</em></strong></span> 
     </span>
    </p>
   </div>
   <div class='ocr_carea' id='block_1_90' title="bbox 1946 3958 3593 4033">
    <p class='ocr_par' dir='ltr' id='par_1_90' title="bbox 1946 3958 3593 4033">
     <span class='ocr_line' id='line_1_90' title="bbox 1946 3958 3593 4033; baseline -0.005 -14"><span class='ocrx_word' id='word_1_638' title='bbox 1946 3962 2297 4019; x_wconf 68' lang='lat' dir='ltr'><strong><em>innocentia)</em></strong></span> <span class='ocrx_word' id='word_1_639' title='bbox 2326 3962 2555 4018; x_wconf 87' lang='lat' dir='ltr'><strong><em>mundo</em></strong></span> <span class='ocrx_word' id='word_1_640' title='bbox 2582 3960 2952 4033; x_wconf 88' lang='lat' dir='ltr'><strong><em>relinquerct,</em></strong></span> <span class='ocrx_word' id='word_1_641' title='bbox 2977 3964 3032 4013; x_wconf 89' lang='lat' dir='ltr'><strong><em>et</em></strong></span> <span class='ocrx_word' id='word_1_642' title='bbox 3062 3958 3407 4030; x_wconf 86' lang='lat' dir='ltr'><strong><em>passionem</em></strong></span> <span class='ocrx_word' id='word_1_643' title='bbox 3426 3970 3593 4011; x_wconf 87' lang='lat' dir='ltr'><strong><em>suam</em></strong></span> 
     </span>
    </p>
   </div>
   <div class='ocr_carea' id='block_1_91' title="bbox 1944 4044 3594 4124">
    <p class='ocr_par' dir='ltr' id='par_1_91' title="bbox 1944 4044 3594 4124">
     <span class='ocr_line' id='line_1_91' title="bbox 1944 4044 3594 4124; baseline -0.004 -18"><span class='ocrx_word' id='word_1_644' title='bbox 1944 4067 2055 4124; x_wconf 91' lang='lat' dir='ltr'><strong><em>pro</em></strong></span> <span class='ocrx_word' id='word_1_645' title='bbox 2067 4050 2258 4107; x_wconf 67' lang='lat' dir='ltr'><strong><em>saeculi</em></strong></span> <span class='ocrx_word' id='word_1_646' title='bbox 2274 4050 2672 4121; x_wconf 85' lang='lat' dir='ltr'><strong><em>redemptione</em></strong></span> <span class='ocrx_word' id='word_1_647' title='bbox 2690 4048 3001 4120; x_wconf 86' lang='lat' dir='ltr'><strong><em>suppleret.</em></strong></span> <span class='ocrx_word' id='word_1_648' title='bbox 3025 4047 3251 4103; x_wconf 87' lang='lat' dir='ltr'><strong><em>Patitur</em></strong></span> <span class='ocrx_word' id='word_1_649' title='bbox 3266 4044 3416 4100; x_wconf 89' lang='lat' dir='ltr'><strong><em>mitis</em></strong></span> <span class='ocrx_word' id='word_1_650' title='bbox 3438 4046 3594 4099; x_wconf 86' lang='lat' dir='ltr'><strong><em>Deus</em></strong></span> 
     </span>
    </p>
   </div>
   <div class='ocr_carea' id='block_1_92' title="bbox 1943 4132 3591 4207">
    <p class='ocr_par' dir='ltr' id='par_1_92' title="bbox 1943 4132 3591 4207">
     <span class='ocr_line' id='line_1_92' title="bbox 1943 4132 3591 4207; baseline -0.003 -13"><span class='ocrx_word' id='word_1_651' title='bbox 1943 4139 2234 4194; x_wconf 90' lang='lat' dir='ltr'><strong><em>immitem</em></strong></span> <span class='ocrx_word' id='word_1_652' title='bbox 2248 4138 2468 4201; x_wconf 75' lang='lat' dir='ltr'><strong><em>ludam,</em></strong></span> <span class='ocrx_word' id='word_1_653' title='bbox 2483 4136 2797 4193; x_wconf 84' lang='lat' dir='ltr'><strong><em>etsustinet</em></strong></span> <span class='ocrx_word' id='word_1_654' title='bbox 2812 4136 2946 4207; x_wconf 88' lang='lat' dir='ltr'><strong><em>pius</em></strong></span> <span class='ocrx_word' id='word_1_655' title='bbox 2957 4135 3257 4191; x_wconf 88' lang='lat' dir='ltr'><strong><em>crudelem</em></strong></span> <span class='ocrx_word' id='word_1_656' title='bbox 3277 4132 3591 4189; x_wconf 87' lang='lat' dir='ltr'><strong><em>convivam</em></strong></span> 
     </span>
    </p>
   </div>
   <div class='ocr_carea' id='block_1_93' title="bbox 1942 4218 3593 4298">
    <p class='ocr_par' dir='ltr' id='par_1_93' title="bbox 1942 4218 3593 4298">
     <span class='ocr_line' id='line_1_93' title="bbox 1942 4218 3593 4298; baseline -0.004 -18"><span class='ocrx_word' id='word_1_657' title='bbox 1942 4227 2046 4298; x_wconf 87' lang='lat' dir='ltr'><strong><em>qui</em></strong></span> <span class='ocrx_word' id='word_1_658' title='bbox 2073 4225 2283 4281; x_wconf 88' lang='lat' dir='ltr'><strong><em>merito</em></strong></span> <span class='ocrx_word' id='word_1_659' title='bbox 2303 4225 2520 4296; x_wconf 87' lang='lat' dir='ltr'><strong><em>laqueo</em></strong></span> <span class='ocrx_word' id='word_1_660' title='bbox 2550 4240 2660 4280; x_wconf 88' lang='lat' dir='ltr'><strong><em>suo</em></strong></span> <span class='ocrx_word' id='word_1_661' title='bbox 2682 4223 2976 4293; x_wconf 88' lang='lat' dir='ltr'><strong><em>periturus</em></strong></span> <span class='ocrx_word' id='word_1_662' title='bbox 2993 4227 3118 4278; x_wconf 90' lang='lat' dir='ltr'><strong><em>erat</em></strong></span> <span class='ocrx_word' id='word_1_663' title='bbox 3136 4222 3281 4294; x_wconf 88' lang='lat' dir='ltr'><strong><em>quia</em></strong></span> <span class='ocrx_word' id='word_1_664' title='bbox 3304 4221 3374 4275; x_wconf 89' lang='lat' dir='ltr'><strong><em>de</em></strong></span> <span class='ocrx_word' id='word_1_665' title='bbox 3390 4218 3593 4283; x_wconf 79' lang='lat' dir='ltr'><strong><em>Magis-</em></strong></span> 
     </span>
    </p>
   </div>
   <div class='ocr_carea' id='block_1_94' title="bbox 1939 4307 3593 4383">
    <p class='ocr_par' dir='ltr' id='par_1_94' title="bbox 1939 4307 3593 4383">
     <span class='ocr_line' id='line_1_94' title="bbox 1939 4307 3593 4383; baseline -0.004 -16"><span class='ocrx_word' id='word_1_666' title='bbox 1939 4314 2009 4368; x_wconf 90' lang='lat' dir='ltr'><strong><em>tri</em></strong></span> <span class='ocrx_word' id='word_1_667' title='bbox 2036 4314 2326 4383; x_wconf 84' lang='lat' dir='ltr'><strong><em>sanguine</em></strong></span> <span class='ocrx_word' id='word_1_668' title='bbox 2338 4314 2640 4383; x_wconf 86' lang='lat' dir='ltr'><strong><em>cogitarat.</em></strong></span> <span class='ocrx_word' id='word_1_669' title='bbox 2656 4315 2699 4369; x_wconf 93' lang='grc' dir='ltr'>Ο</span> <span class='ocrx_word' id='word_1_670' title='bbox 2716 4312 3027 4367; x_wconf 90' lang='lat' dir='ltr'><strong><em>Dominum</em></strong></span> <span class='ocrx_word' id='word_1_671' title='bbox 3041 4326 3147 4381; x_wconf 87' lang='lat' dir='ltr'><strong><em>per</em></strong></span> <span class='ocrx_word' id='word_1_672' title='bbox 3161 4309 3365 4365; x_wconf 88' lang='lat' dir='ltr'><strong><em>omnia</em></strong></span> <span class='ocrx_word' id='word_1_673' title='bbox 3378 4307 3593 4380; x_wconf 88' lang='lat' dir='ltr'><strong><em>patien-</em></strong></span> 
     </span>
    </p>
   </div>
   <div class='ocr_carea' id='block_1_95' title="bbox 1939 4396 3590 4472">
    <p class='ocr_par' dir='ltr' id='par_1_95' title="bbox 1939 4396 3590 4472">
     <span class='ocr_line' id='line_1_95' title="bbox 1939 4396 3590 4472; baseline -0.004 -15"><span class='ocrx_word' id='word_1_674' title='bbox 1939 4409 2057 4457; x_wconf 89' lang='lat' dir='ltr'><strong><em>tem</em></strong></span> <span class='ocrx_word' id='word_1_675' title='bbox 2094 4401 2106 4455; x_wconf 95' lang='lat' dir='ltr'><strong><em>l</em></strong></span> <span class='ocrx_word' id='word_1_676' title='bbox 2141 4404 2184 4457; x_wconf 94' lang='grc' dir='ltr'>Ο</span> <span class='ocrx_word' id='word_1_677' title='bbox 2208 4404 2443 4472; x_wconf 81' lang='lat' dir='ltr'><strong><em>Agnum</em></strong></span> <span class='ocrx_word' id='word_1_678' title='bbox 2476 4396 3590 4471; x_wconf 72' lang='lat' dir='ltr'><strong><em>intersunsepulasmitemlCibumejus</em></strong></span> 
     </span>
    </p>
   </div>
   <div class='ocr_carea' id='block_1_96' title="bbox 1937 4486 3589 4560">
    <p class='ocr_par' dir='ltr' id='par_1_96' title="bbox 1937 4486 3589 4560">
     <span class='ocr_line' id='line_1_96' title="bbox 1937 4486 3589 4560; baseline -0.003 -16"><span class='ocrx_word' id='word_1_679' title='bbox 1937 4489 2119 4545; x_wconf 88' lang='lat' dir='ltr'><strong><em>Judas</em></strong></span> <span class='ocrx_word' id='word_1_680' title='bbox 2146 4490 2203 4544; x_wconf 91' lang='lat' dir='ltr'><strong><em>in</em></strong></span> <span class='ocrx_word' id='word_1_681' title='bbox 2235 4504 2337 4545; x_wconf 92' lang='lat' dir='ltr'><strong><em>ore</em></strong></span> <span class='ocrx_word' id='word_1_682' title='bbox 2363 4489 2607 4553; x_wconf 78' lang='lat' dir='ltr'><strong><em>ferebat,</em></strong></span> <span class='ocrx_word' id='word_1_683' title='bbox 2641 4488 2928 4560; x_wconf 86' lang='lat' dir='ltr'><strong><em>etquibus</em></strong></span> <span class='ocrx_word' id='word_1_684' title='bbox 2954 4503 3091 4542; x_wconf 90' lang='lat' dir='ltr'><strong><em>eum</em></strong></span> <span class='ocrx_word' id='word_1_685' title='bbox 3109 4486 3361 4543; x_wconf 88' lang='lat' dir='ltr'><strong><em>traderet</em></strong></span> <span class='ocrx_word' id='word_1_686' title='bbox 3394 4498 3589 4555; x_wconf 84' lang='lat' dir='ltr'><strong><em>perse-</em></strong></span> 
     </span>
    </p>
   </div>
   <div class='ocr_carea' id='block_1_97' title="bbox 1938 4574 3585 4635">
    <p class='ocr_par' dir='ltr' id='par_1_97' title="bbox 1938 4574 3585 4635">
     <span class='ocr_line' id='line_1_97' title="bbox 1938 4574 3585 4635; baseline -0.005 -2"><span class='ocrx_word' id='word_1_687' title='bbox 1938 4583 2172 4633; x_wconf 89' lang='lat' dir='ltr'><strong><em>cutores</em></strong></span> <span class='ocrx_word' id='word_1_688' title='bbox 2192 4578 2545 4633; x_wconf 89' lang='lat' dir='ltr'><strong><em>advocabat.</em></strong></span> <span class='ocrx_word' id='word_1_689' title='bbox 2562 4577 2672 4632; x_wconf 91' lang='lat' dir='ltr'><strong><em>Sed</em></strong></span> <span class='ocrx_word' id='word_1_690' title='bbox 2706 4576 3010 4632; x_wconf 83' lang='lat' dir='ltr'><strong><em>Filiustuus</em></strong></span> <span class='ocrx_word' id='word_1_691' title='bbox 3040 4574 3324 4629; x_wconf 89' lang='lat' dir='ltr'><strong><em>Dominus</em></strong></span> <span class='ocrx_word' id='word_1_692' title='bbox 3363 4576 3585 4635; x_wconf 87' lang='lat' dir='ltr'><strong><em>noster,</em></strong></span> 
     </span>
    </p>
   </div>
   <div class='ocr_carea' id='block_1_98' title="bbox 1939 4659 3588 4736">
    <p class='ocr_par' dir='ltr' id='par_1_98' title="bbox 1939 4659 3588 4736">
     <span class='ocr_line' id='line_1_98' title="bbox 1939 4659 3588 4736; baseline -0.004 -16"><span class='ocrx_word' id='word_1_693' title='bbox 1939 4671 2227 4736; x_wconf 89' lang='lat' dir='ltr'><strong><em>tanquam</em></strong></span> <span class='ocrx_word' id='word_1_694' title='bbox 2255 4667 2353 4736; x_wconf 90' lang='lat' dir='ltr'><strong><em>pia</em></strong></span> <span class='ocrx_word' id='word_1_695' title='bbox 2392 4668 2594 4722; x_wconf 86' lang='lat' dir='ltr'><strong><em>Hostia</em></strong></span> <span class='ocrx_word' id='word_1_696' title='bbox 2622 4672 2678 4720; x_wconf 91' lang='lat' dir='ltr'><strong><em>et</em></strong></span> <span class='ocrx_word' id='word_1_697' title='bbox 2705 4663 3003 4720; x_wconf 88' lang='lat' dir='ltr'><strong><em>immolari</em></strong></span> <span class='ocrx_word' id='word_1_698' title='bbox 3030 4679 3092 4719; x_wconf 87' lang='lat' dir='ltr'><strong><em>se</em></strong></span> <span class='ocrx_word' id='word_1_699' title='bbox 3114 4661 3210 4718; x_wconf 89' lang='lat' dir='ltr'><strong><em>tibi</em></strong></span> <span class='ocrx_word' id='word_1_700' title='bbox 3241 4676 3351 4734; x_wconf 92' lang='lat' dir='ltr'><strong><em>pro</em></strong></span> <span class='ocrx_word' id='word_1_701' title='bbox 3414 4659 3588 4716; x_wconf 91' lang='lat' dir='ltr'><strong><em>nobis</em></strong></span> 
     </span>
    </p>
   </div>
   <div class='ocr_carea' id='block_1_99' title="bbox 1936 4749 3588 4827">
    <p class='ocr_par' dir='ltr' id='par_1_99' title="bbox 1936 4749 3588 4827">
     <span class='ocr_line' id='line_1_99' title="bbox 1936 4749 3588 4827; baseline -0.005 -17"><span class='ocrx_word' id='word_1_702' title='bbox 1936 4755 2228 4827; x_wconf 90' lang='lat' dir='ltr'><strong><em>patienter</em></strong></span> <span class='ocrx_word' id='word_1_703' title='bbox 2254 4754 2526 4826; x_wconf 90' lang='lat' dir='ltr'><strong><em>permisit,</em></strong></span> <span class='ocrx_word' id='word_1_704' title='bbox 2558 4758 2614 4810; x_wconf 91' lang='lat' dir='ltr'><strong><em>et</em></strong></span> <span class='ocrx_word' id='word_1_705' title='bbox 2653 4758 2964 4825; x_wconf 88' lang='lat' dir='ltr'><strong><em>peccatum</em></strong></span> <span class='ocrx_word' id='word_1_706' title='bbox 2993 4750 3154 4823; x_wconf 89' lang='lat' dir='ltr'><strong><em>quod</em></strong></span> <span class='ocrx_word' id='word_1_707' title='bbox 3178 4749 3424 4805; x_wconf 88' lang='lat' dir='ltr'><strong><em>mundus</em></strong></span> <span class='ocrx_word' id='word_1_708' title='bbox 3441 4764 3588 4803; x_wconf 88' lang='lat' dir='ltr'><strong><em>com-</em></strong></span> 
     </span>
    </p>
   </div>
   <div class='ocr_carea' id='block_1_100' title="bbox 1936 4836 3586 4911">
    <p class='ocr_par' dir='ltr' id='par_1_100' title="bbox 1936 4836 3586 4911">
     <span class='ocr_line' id='line_1_100' title="bbox 1936 4836 3586 4911; baseline -0.003 -15"><span class='ocrx_word' id='word_1_709' title='bbox 1936 4844 2186 4907; x_wconf 87' lang='lat' dir='ltr'><strong><em>miserat,</em></strong></span> <span class='ocrx_word' id='word_1_710' title='bbox 2209 4842 2851 4908; x_wconf 65' lang='lat' dir='ltr'><strong><em>relaxavit.0uaasumus</em></strong></span> <span class='ocrx_word' id='word_1_711' title='bbox 2881 4840 3054 4909; x_wconf 86' lang='lat' dir='ltr'><strong><em>igitur</em></strong></span> <span class='ocrx_word' id='word_1_712' title='bbox 3083 4844 3147 4895; x_wconf 88' lang='lat' dir='ltr'><strong><em>ut</em></strong></span> <span class='ocrx_word' id='word_1_713' title='bbox 3170 4838 3267 4911; x_wconf 90' lang='lat' dir='ltr'><strong><em>qui</em></strong></span> <span class='ocrx_word' id='word_1_714' title='bbox 3281 4853 3385 4909; x_wconf 90' lang='lat' dir='ltr'><strong><em>pro</em></strong></span> <span class='ocrx_word' id='word_1_715' title='bbox 3398 4836 3586 4892; x_wconf 89' lang='lat' dir='ltr'><strong><em>salute</em></strong></span> 
     </span>
    </p>
   </div>
   <div class='ocr_carea' id='block_1_101' title="bbox 1935 4925 3584 5003">
    <p class='ocr_par' dir='ltr' id='par_1_101' title="bbox 1935 4925 3584 5003">
     <span class='ocr_line' id='line_1_101' title="bbox 1935 4925 3584 5003; baseline -0.005 -16"><span class='ocrx_word' id='word_1_716' title='bbox 1935 4937 2142 4987; x_wconf 89' lang='lat' dir='ltr'><strong><em>nostra</em></strong></span> <span class='ocrx_word' id='word_1_717' title='bbox 2162 4947 2226 4987; x_wconf 84' lang='lat' dir='ltr'><strong><em>se</em></strong></span> <span class='ocrx_word' id='word_1_718' title='bbox 2262 4931 2418 4987; x_wconf 88' lang='lat' dir='ltr'><strong><em>tradi</em></strong></span> <span class='ocrx_word' id='word_1_719' title='bbox 2446 4930 2869 5003; x_wconf 87' lang='lat' dir='ltr'><strong><em>permisit,ipse</em></strong></span> <span class='ocrx_word' id='word_1_720' title='bbox 2908 4944 3021 4984; x_wconf 91' lang='lat' dir='ltr'><strong><em>nos</em></strong></span> <span class='ocrx_word' id='word_1_721' title='bbox 3052 4944 3169 4983; x_wconf 66' lang='lat' dir='ltr'><strong><em>sua;</em></strong></span> <span class='ocrx_word' id='word_1_722' title='bbox 3197 4927 3400 4995; x_wconf 67' lang='lat' dir='ltr'><strong><em>gratiae</em></strong></span> <span class='ocrx_word' id='word_1_723' title='bbox 3420 4925 3584 4980; x_wconf 90' lang='lat' dir='ltr'><strong><em>dono</em></strong></span> 
     </span>
    </p>
   </div>
   <div class='ocr_carea' id='block_1_102' title="bbox 1933 5012 3586 5091">
    <p class='ocr_par' dir='ltr' id='par_1_102' title="bbox 1933 5012 3586 5091">
     <span class='ocr_line' id='line_1_102' title="bbox 1933 5012 3586 5091; baseline -0.004 -16"><span class='ocrx_word' id='word_1_724' title='bbox 1933 5018 2246 5090; x_wconf 88' lang='lat' dir='ltr'><strong><em>locupletet</em></strong></span> <span class='ocrx_word' id='word_1_725' title='bbox 2278 5035 2292 5085; x_wconf 87' lang='lat'><strong>;</strong></span> <span class='ocrx_word' id='word_1_726' title='bbox 2312 5020 2476 5091; x_wconf 87' lang='lat' dir='ltr'><strong><em>etqui</em></strong></span> <span class='ocrx_word' id='word_1_727' title='bbox 2491 5034 2593 5091; x_wconf 90' lang='lat' dir='ltr'><strong><em>per</em></strong></span> <span class='ocrx_word' id='word_1_728' title='bbox 2608 5018 2934 5075; x_wconf 89' lang='lat' dir='ltr'><strong><em>buccellam</em></strong></span> <span class='ocrx_word' id='word_1_729' title='bbox 2952 5016 3124 5088; x_wconf 89' lang='lat' dir='ltr'><strong><em>panis</em></strong></span> <span class='ocrx_word' id='word_1_730' title='bbox 3140 5030 3315 5071; x_wconf 90' lang='lat' dir='ltr'><strong><em>suum</em></strong></span> <span class='ocrx_word' id='word_1_731' title='bbox 3327 5012 3586 5087; x_wconf 90' lang='lat' dir='ltr'><strong><em>prodidit</em></strong></span> 
     </span>
    </p>
   </div>
   <div class='ocr_carea' id='block_1_103' title="bbox 1936 5100 3584 5179">
    <p class='ocr_par' dir='ltr' id='par_1_103' title="bbox 1936 5100 3584 5179">
     <span class='ocr_line' id='line_1_103' title="bbox 1936 5100 3584 5179; baseline -0.004 -16"><span class='ocrx_word' id='word_1_732' title='bbox 1936 5106 2291 5171; x_wconf 87' lang='lat' dir='ltr'><strong><em>traditorem,</em></strong></span> <span class='ocrx_word' id='word_1_733' title='bbox 2315 5107 2439 5178; x_wconf 88' lang='lat' dir='ltr'><strong><em>ipse</em></strong></span> <span class='ocrx_word' id='word_1_734' title='bbox 2451 5122 2562 5161; x_wconf 91' lang='lat' dir='ltr'><strong><em>nos</em></strong></span> <span class='ocrx_word' id='word_1_735' title='bbox 2584 5107 2675 5162; x_wconf 86' lang='lat' dir='ltr'><strong><em>sui</em></strong></span> <span class='ocrx_word' id='word_1_736' title='bbox 2694 5108 2867 5179; x_wconf 89' lang='lat' dir='ltr'><strong><em>panis</em></strong></span> <span class='ocrx_word' id='word_1_737' title='bbox 2890 5105 3267 5177; x_wconf 88' lang='lat' dir='ltr'><strong><em>perceptione</em></strong></span> <span class='ocrx_word' id='word_1_738' title='bbox 3280 5100 3584 5158; x_wconf 83' lang='lat' dir='ltr'><strong><em>faciatsibi</em></strong></span> 
     </span>
    </p>
   </div>
   <div class='ocr_carea' id='block_1_104' title="bbox 1934 5190 3581 5266">
    <p class='ocr_par' dir='ltr' id='par_1_104' title="bbox 1934 5190 3581 5266">
     <span class='ocr_line' id='line_1_104' title="bbox 1934 5190 3581 5266; baseline -0.003 -16"><span class='ocrx_word' id='word_1_739' title='bbox 1934 5195 2222 5259; x_wconf 72' lang='lat' dir='ltr'><strong><em>inhmrere</em></strong></span> <span class='ocrx_word' id='word_1_740' title='bbox 2251 5211 2266 5262; x_wconf 90' lang='lat'><strong>;</strong></span> <span class='ocrx_word' id='word_1_741' title='bbox 2287 5195 2507 5266; x_wconf 89' lang='lat' dir='ltr'><strong><em>quique</em></strong></span> <span class='ocrx_word' id='word_1_742' title='bbox 2525 5194 2950 5266; x_wconf 89' lang='lat' dir='ltr'><strong><em>discipulorum</em></strong></span> <span class='ocrx_word' id='word_1_743' title='bbox 2967 5194 3153 5265; x_wconf 89' lang='lat' dir='ltr'><strong><em>pedes</em></strong></span> <span class='ocrx_word' id='word_1_744' title='bbox 3164 5191 3357 5248; x_wconf 89' lang='lat' dir='ltr'><strong><em>eluere</em></strong></span> <span class='ocrx_word' id='word_1_745' title='bbox 3374 5190 3581 5261; x_wconf 85' lang='lat' dir='ltr'><strong><em>digna-</em></strong></span> 
     </span>
    </p>
   </div>
   <div class='ocr_carea' id='block_1_105' title="bbox 2004 5365 3579 5437">
    <p class='ocr_par' dir='ltr' id='par_1_105' title="bbox 2004 5365 3579 5437">
     <span class='ocr_line' id='line_1_105' title="bbox 2004 5365 3579 5437; baseline -0.005 -11"><span class='ocrx_word' id='word_1_746' title='bbox 2004 5386 2029 5415; x_wconf 81' lang='lat' dir='ltr'><strong>c</strong></span> <span class='ocrx_word' id='word_1_747' title='bbox 2060 5373 2159 5426; x_wconf 84' lang='lat' dir='ltr'><strong><em>Hic</em></strong></span> <span class='ocrx_word' id='word_1_748' title='bbox 2190 5373 2399 5427; x_wconf 87' lang='lat' dir='ltr'><strong><em>variant</em></strong></span> <span class='ocrx_word' id='word_1_749' title='bbox 2423 5372 2556 5427; x_wconf 89' lang='lat' dir='ltr'><strong><em>Cod.</em></strong></span> <span class='ocrx_word' id='word_1_750' title='bbox 2590 5373 2645 5426; x_wconf 90' lang='lat' dir='ltr'><strong><em>in</em></strong></span> <span class='ocrx_word' id='word_1_751' title='bbox 2699 5370 2927 5426; x_wconf 86' lang='lat' dir='ltr'><strong><em>Kalend.</em></strong></span> <span class='ocrx_word' id='word_1_752' title='bbox 2976 5373 3127 5425; x_wconf 85' lang='lat' dir='ltr'><strong><em>Rom.</em></strong></span> <span class='ocrx_word' id='word_1_753' title='bbox 3187 5369 3390 5437; x_wconf 77' lang='lat' dir='ltr'><strong><em>legitur</em></strong></span> <span class='ocrx_word' id='word_1_754' title='bbox 3430 5382 3443 5437; x_wconf 84' lang='lat'><strong>;</strong></span> <span class='ocrx_word' id='word_1_755' title='bbox 3486 5365 3579 5419; x_wconf 81' lang='lat' dir='ltr'><strong><em>Ad</em></strong></span> 
     </span>
    </p>
   </div>
   <div class='ocr_carea' id='block_1_106' title="bbox 1934 5436 3579 5512">
    <p class='ocr_par' dir='ltr' id='par_1_106' title="bbox 1934 5436 3579 5512">
     <span class='ocr_line' id='line_1_106' title="bbox 1934 5436 3579 5512; baseline -0.007 -13"><span class='ocrx_word' id='word_1_756' title='bbox 1934 5444 2310 5499; x_wconf 77' lang='lat' dir='ltr'><strong><em>Lateranensis</em></strong></span> <span class='ocrx_word' id='word_1_757' title='bbox 2326 5444 2621 5511; x_wconf 82' lang='lat' dir='ltr'><strong><em>conﬁcitur</em></strong></span> <span class='ocrx_word' id='word_1_758' title='bbox 2657 5444 2921 5498; x_wconf 78' lang='lat' dir='ltr'><strong><em>chrisma.</em></strong></span> <span class='ocrx_word' id='word_1_759' title='bbox 2946 5442 3102 5512; x_wconf 82' lang='lat' dir='ltr'><strong><em>Apud</em></strong></span> <span class='ocrx_word' id='word_1_760' title='bbox 3130 5436 3579 5512; x_wconf 68' lang='lat' dir='ltr'><strong><em>Pauiel.:Adsan-_</em></strong></span> 
     </span>
    </p>
   </div>
   <div class='ocr_carea' id='block_1_107' title="bbox 1932 5505 3580 5586">
    <p class='ocr_par' dir='ltr' id='par_1_107' title="bbox 1932 5505 3580 5586">
     <span class='ocr_line' id='line_1_107' title="bbox 1932 5505 3580 5586; baseline -0.005 -15"><span class='ocrx_word' id='word_1_761' title='bbox 1932 5522 2085 5572; x_wconf 86' lang='lat' dir='ltr'><strong><em>ctum</em></strong></span> <span class='ocrx_word' id='word_1_762' title='bbox 2112 5517 2382 5570; x_wconf 84' lang='lat' dir='ltr'><strong><em>Joannem</em></strong></span> <span class='ocrx_word' id='word_1_763' title='bbox 2411 5505 2475 5570; x_wconf 84' lang='lat' dir='ltr'><strong><em>in</em></strong></span> <span class='ocrx_word' id='word_1_764' title='bbox 2509 5516 2756 5571; x_wconf 87' lang='lat' dir='ltr'><strong><em>Lateran.</em></strong></span> <span class='ocrx_word' id='word_1_765' title='bbox 2787 5515 2847 5568; x_wconf 88' lang='lat' dir='ltr'><strong><em>1n</em></strong></span> <span class='ocrx_word' id='word_1_766' title='bbox 2873 5505 3046 5586; x_wconf 75' lang='lat' dir='ltr'><strong><em>primo</em></strong></span> <span class='ocrx_word' id='word_1_767' title='bbox 3072 5510 3278 5566; x_wconf 88' lang='lat' dir='ltr'><strong><em>Theod.</em></strong></span> <span class='ocrx_word' id='word_1_768' title='bbox 3303 5507 3470 5563; x_wconf 82' lang='lat' dir='ltr'><strong><em>statio</em></strong></span> <span class='ocrx_word' id='word_1_769' title='bbox 3506 5505 3580 5562; x_wconf 85' lang='lat' dir='ltr'><strong><em>ad</em></strong></span> 
     </span>
    </p>
   </div>
   <div class='ocr_carea' id='block_1_108' title="bbox 1931 5586 2479 5646">
    <p class='ocr_par' dir='ltr' id='par_1_108' title="bbox 1931 5586 2479 5646">
     <span class='ocr_line' id='line_1_108' title="bbox 1931 5586 2479 5646; baseline -0.004 -3"><span class='ocrx_word' id='word_1_770' title='bbox 1931 5593 2191 5646; x_wconf 79' lang='lat' dir='ltr'><strong><em>sanctum</em></strong></span> <span class='ocrx_word' id='word_1_771' title='bbox 2230 5586 2479 5644; x_wconf 88' lang='lat' dir='ltr'><strong><em>Petrum.</em></strong></span> 
     </span>
    </p>
   </div>
  </div>
