4092 6200
443 255 618 324 83-

444 485 502 539 et
527 484 700 540 cmtui
731 483 998 539 ﬁdelium
1023 484 1456 558 discipulorum
1482 487 1748 544 associet.
1783 491 1886 544 Per
1903 505 2082 562 quem

444 573 830 640 Majestatem,
865 577 976 628 etc.

515 660 589 713 Te
620 658 798 726 igitur
815 659 1276 717 clementissime
1307 665 1490 729 Pater,
1537 667 1644 720 etc.

517 748 1034 804 Communicantes
1051 755 1104 804 et
1129 750 1286 806 diem
1302 754 1758 808 sacratissimum
1787 754 2088 811 celebran-

444 837 550 898 tes,
593 835 737 904 (267)
769 851 888 906 quo
914 837 1205 893 Dominus
1229 845 1432 896 noster
1460 843 1636 896 Jesus
1685 843 1945 899 Christus
1977 861 2086 915 pro

443 921 617 978 nobis
651 927 738 978 est
768 923 1020 979 traditus
1056 943 1069 992 ;
1129 927 1232 982 sed
1285 933 1339 983 et
1372 931 1752 987 momoriam.

517 1013 677 1067 Hanc
703 1011 877 1080 igitur
907 1013 1270 1071 oblationem
1303 1019 1593 1073 servitutis
1619 1023 1855 1084 nostrae,
1903 1023 2004 1076 sed
2031 1025 2086 1078 et

445 1102 674 1153 cuncta;
707 1098 940 1154 familia:
961 1105 1092 1167 tuae,
1108 1119 1292 1174 quam
1311 1105 1414 1159 tibi
1434 1104 1738 1161 offerimus
1753 1109 1833 1162 ob
1855 1108 2010 1164 diem
2025 1110 2082 1164 in

445 1183 595 1256 (268)
622 1201 736 1256 qua
749 1187 1035 1242 Dominus
1047 1195 1421 1246 nosterJesus
1437 1193 1698 1250 Christus
1713 1197 1949 1251 tradidit
1977 1197 2089 1252 dis-

444 1271 658 1342 cipulis
683 1273 802 1328 suis
823 1277 1086 1346 corporis
1117 1282 1174 1334 et
1187 1281 1492 1350 sanguinis
1521 1283 1608 1338 sui
1643 1285 1926 1356 mysteria
1942 1287 2089 1341 cele-

445 1357 697 1426 branda,
725 1377 1078 1433 quaesumus
1101 1366 1358 1434 domine,
1399 1375 1463 1426 ut
1487 1371 1779 1442 placatus.

516 1447 624 1514 Qui
653 1449 842 1518 pridie
863 1467 1048 1522 quam
1073 1469 1175 1524 pro
1207 1461 1410 1514 nostra
1437 1461 1708 1516 omnium
1727 1461 1914 1516 salute
1927 1465 2089 1532 pate-

444 1538 626 1604 retur,
655 1535 772 1592 hoc
801 1541 908 1603 est,
943 1540 1135 1606 hodie,
1171 1545 1400 1616 accepit
1425 1562 1642 1618 panem
1674 1547 1734 1604 in
1761 1554 1997 1606 sanctas
2018 1567 2088 1606 ac

445 1624 808 1680 venerabiles
839 1643 1054 1684 manus
1085 1647 1247 1690 suas.

519 1723 664 1788 (269)
701 1725 860 1780 Tunc
889 1709 1121 1794 offertur
1149 1731 1404 1801 pontiﬁci
1459 1734 1660 1798 oleum,
1717 1739 1766 1791 et
1819 1737 2089 1793 benedicit
2123 1739 2168 1796 B

443 1822 574 1864 eum
604 1815 723 1866 tam
749 1813 888 1881 ipse,
904 1830 1078 1883 quam
1109 1835 1301 1875 omnes
1327 1821 1636 1892 presbyteri
1650 1823 1731 1878 ad
1759 1825 2087 1893 ungendum

442 1895 758 1964 inﬁmum,
787 1901 872 1956 his
903 1903 1094 1958 verbis
1125 1919 1138 1958 :

516 2024 542 2054 ι
573 2013 1086 2082 Emitte,Domine,
1124 2019 1402 2089 Spiritum
1423 2027 1692 2078 sanctum
1723 2027 1890 2079 tuum
1921 2029 2092 2082 Para-

445 2099 639 2155 clitum
652 2100 726 2154 de
743 2102 906 2156 caelis
923 2103 982 2158 in
1000 2104 1152 2160 hanc
1171 2105 1586 2179 pinguedinem
1601 2111 1908 2183 olivm.67
1925 2131 2088 2185 quam

443 2188 520 2242 de
532 2187 698 2243 viridi
715 2189 876 2260 ligno
895 2193 1222 2262 producere
1237 2195 1517 2264 dignatus
1534 2215 1598 2252 es
1613 2201 1688 2255 ad
1708 2200 2090 2260 refectionem

443 2276 732 2346 corporis,
755 2283 816 2333 ut
841 2284 935 2333 tua
965 2287 1170 2337 sancta
1190 2282 1597 2342 benedictione
1641 2290 1714 2343 sit
1759 2291 1918 2345 omni
1977 2291 2092 2348 hoc

443 2369 810 2432 unguentum
831 2371 1094 2436 tangenti
1113 2375 1490 2428 tutamentum
1509 2376 1712 2431 mentis
1735 2381 2086 2450 etcorporis,

443 2450 524 2505 ad
552 2455 934 2510 evacuandos
947 2473 1159 2528 omnes
1173 2459 1427 2530 dolores,
1443 2478 1770 2536 omnesque
1785 2466 2094 2523 inﬁrmita-

441 2543 552 2606 tes,
579 2556 819 2598 omnem
838 2545 1242 2612 mgritudinem
1273 2551 1558 2620 corporis.
1587 2553 1751 2608 Unde
1767 2556 2092 2612 unxistisa-

444 2627 735 2692 cerdotes,
753 2646 941 2699 reges,
957 2635 1278 2706 prophetas
1293 2643 1349 2692 et
1363 2641 1826 2712 martyres,(270)
1841 2645 2093 2702 chrisma

443 2717 504 2770 tu
517 2731 614 2770 um
629 2717 976 2787 perfectum,
993 2721 1252 2788 Domine,
1270 2730 1372 2781 ate
1391 2726 1764 2784 benedictum
1779 2729 1835 2785 in
1859 2733 2091 2788 nomine

443 2800 678 2858 Domini
707 2807 892 2862 nostri
920 2810 1058 2864 Jesu
1091 2812 1321 2868 Christi.
1349 2815 1454 2870 Per
1493 2833 1665 2887 quem
1711 2818 1840 2874 haec
1887 2823 2092 2878 omnia

442 2887 717 2960 Domine,
733 2910 960 2966 semper
973 2897 1133 2954 bona
1145 2917 1330 2966 creas,
1347 2904 1746 2976 sani-ctiﬁcas,
1761 2908 2084 2979 vivi-f-ﬁcas,

441 2978 787 3069 be-j-nedicis
816 2989 872 3038 et
883 2991 1131 3054 prmstas
1159 2990 1350 3046 nobis.
1366 2991 1699 3064 Peripsum,
1714 2978 1920 3052 etcum
1943 2999 2090 3069 ipso,

442 3072 497 3123 et
521 3069 578 3122 in
607 3068 734 3140 ipso
773 3077 863 3126 est
895 3073 998 3129 tibi
1029 3075 1149 3131 Deo
1177 3077 1332 3132 Patri
1355 3082 1844 3152 omnipotenti,in
1873 3068 2090 3143 unitate
2128 3071 2172 3130 C

445 3156 693 3228 Spiritus
723 3165 938 3222 sancti.
981 3165 1177 3220 omnis
1197 3165 1392 3222 honor
1421 3173 1476 3224 et
1501 3170 1709 3238 gloria.

519 3245 624 3299 Per
653 3247 860 3304 omnia
879 3251 1097 3306 saecula
1129 3254 1505 3312 saeculorum.
1527 3261 1736 3316 Amen.

515 3333 774 3390 Oremus.
799 3340 1189 3411 —Praeceptis
1209 3343 1568 3400 salutaribus
1585 3349 1813 3418 moniti,
1831 3351 2093 3409 etdivina

441 3418 807 3479 institutione
833 3423 1090 3492 formati,
1123 3430 1417 3487 audemus
1441 3433 1661 3491 dicere:
1679 3437 1844 3494 Pater
1867 3446 2088 3508 noster,

443 3509 534 3580 qui
559 3525 622 3564 es
653 3511 712 3566 in
735 3511 917 3574 cmlis.
955 3518 1353 3576 sanctiﬁcetur
1383 3537 1600 3579 nomen
1625 3529 1800 3580 tuum.
1823 3533 1914 3583 etc

516 3599 628 3654 Sed
660 3599 846 3656 libera
871 3618 978 3657 nos
1004 3621 1039 3660 a
1067 3607 1246 3663 malo.

517 3696 724 3751 Libera
739 3713 869 3764 nos,
884 3716 1244 3772 quaesumus,
1260 3707 1516 3778 Domine,
1534 3709 1606 3765 ab
1619 3712 2086 3782 omnibusmalis,
2109 3751 2116 3758 α

439 3784 779 3855 praeteritis,
825 3791 1217 3858 praesentibus
1240 3794 1518 3850 etfuturis
1552 3815 1566 3864 ;
1613 3804 1668 3854 et
1695 3800 2091 3859 intercedente

443 3871 622 3928 beata
651 3878 706 3928 et
719 3874 982 3946 gloriosa
1002 3894 1235 3950 semper
1246 3883 1470 3952 virgine
1487 3885 1584 3940 Dei
1599 3887 2087 3958 GenitriceMaria,

447 3963 506 4014 et
521 3959 710 4016 beatis
726 3964 1014 4033 apostolis
1033 3967 1165 4032 tuis,
1189 3971 1352 4024 Petro
1367 3975 1422 4025 et
1437 3971 1632 4037 Paulo,
1653 3978 2088 4046 atqueAndrea,

445 4051 502 4101 et
531 4049 801 4104 omnibus
833 4054 1074 4118 sanctis,
1107 4054 1181 4110 da
1219 4057 1508 4129 propitius
1536 4075 1746 4130 pacem
1793 4063 1852 4118 in
1879 4065 2091 4123 diebus

445 4137 686 4202 nostris,
721 4141 801 4204 ut,
835 4155 946 4212 ope
967 4143 1390 4200 misericordiae
1405 4152 1520 4202 tum
1538 4148 1744 4218 adjuti,
1761 4155 1814 4206 et
1837 4169 1871 4206 a
1891 4169 2092 4224 pecca-

446 4227 504 4278 to
527 4224 717 4279 simus
749 4243 979 4298 semper
1006 4229 1166 4286 liberi
1195 4237 1253 4287 et
1277 4233 1354 4288 ab
1381 4237 1542 4290 omni
1560 4238 1994 4308 perturbatione
2007 4259 2092 4300 se-

446 4311 591 4368 curi.
613 4315 720 4368 Per
750 4316 1070 4373 Dominum
1101 4325 1388 4376 nostrum.

1677 259 1941 324 SANCTI
1980 251 2324 325 GREGORII
2361 263 2601 331 MAGNI
2679 213 2682 216 4

439 395 539 450 tus
564 393 650 452 est
674 389 854 452 hodie
878 393 1006 468 ipse
1023 409 1132 451 nos
1151 391 1223 451 ab
1239 394 1520 454 omnibus
1532 396 1757 454 delictis
1770 399 2081 464 emaculet,
2116 391 2164 454 A

3762 269 3842 333 ΒΕ

2195 423 2323 480 sine
2340 425 2456 482 ﬁne
2482 433 2816 498 permarnet
2829 428 2888 484 in
2905 427 3121 485 saecula
3134 426 3510 485 saeculorum.
3529 431 3727 485 Amen.
3743 427 3846 485 Be-

2195 513 2450 570 nedictio
2483 517 2584 572 Dei
2613 519 2815 582 Patris,
2849 523 2903 572 et
2935 517 3074 578 Filii.
3097 518 3410 588 etSpiritus
3433 519 3846 588 sancti,etpax

2193 601 2420 658 Domici
2445 606 2518 660 sit
2539 621 2774 677 semper
2807 607 3140 672 vobiscum,
3173 611 3387 661 etcum
3417 605 3628 678 spiritu
3655 611 3770 661 tuo.

2275 717 2437 774 Tunc
2457 721 2854 776 cummunicat
2884 722 3043 776 solus
3069 721 3379 792 episcopus,
3395 727 3446 776 et
3459 721 3740 776 diaconus
3753 721 3843 790 of-

2191 804 2312 873 fert
2329 807 2380 860 ei
2393 808 2655 872 calicem,
2676 812 2787 864 illo
2804 811 3210 866 tantummodo
3223 810 3338 866 die.
3359 812 3670 880 Postquam
3698 825 3847 864 com-

2193 897 2592 962 municaverit,
2612 897 2770 968 ponit
2821 899 3058 954 calicem
3081 914 3256 966 super
3299 899 3503 963 altere,
3536 898 3732 952 demde
3755 913 3846 953 ac-

2195 991 2414 1050 ceptam
2429 1000 2465 1039 a
2495 985 2850 1042 subdiacono
2865 993 3140 1056 patenam
3161 988 3508 1054 ponitjuxta
3531 987 3756 1042 calicem
3783 987 3846 1040 de

2196 1069 2369 1126 latere
2381 1073 2701 1138 sinistro,et
2712 1075 2908 1129 statim
2924 1077 3260 1142 cooperitur
3293 1091 3330 1130 a
3367 1075 3582 1130 duobus
3597 1075 3850 1130 diaconi-

2197 1159 2294 1214 bus
2305 1167 2609 1233 utrumque
2622 1163 2688 1218 de
2707 1165 2945 1218 sindone
2959 1181 3008 1216 νη
3019 1162 3369 1232 unamquam
3383 1167 3544 1233 prius
3557 1179 3848 1232 praepara-

2195 1255 2389 1303 verant
2437 1251 2496 1304 in
2524 1267 2625 1304 ora
2653 1252 2849 1306 alteris
2875 1266 2904 1308 c
2931 1251 3171 1320 regione
3197 1252 3492 1320 pontiﬁcis
3505 1255 3626 1320 post
3653 1266 3848 1320 corpo—

2194 1337 2315 1392 rale
2345 1353 2690 1404 expansum.
2729 1341 2802 1396 Et
2830 1342 3110 1395 continuo
3132 1340 3246 1394 duo
3273 1341 3534 1409 acolythi
3551 1341 3848 1396 involutas

2195 1427 2494 1492 ampullas
2523 1443 2650 1482 cum
2678 1429 2915 1484 sindone
2943 1428 3078 1483 alba
3105 1429 3406 1493 serica,ita
3433 1435 3498 1483 ut
3519 1429 3706 1508 videri
3731 1444 3851 1499 pos-

2194 1514 2312 1567 sint
2337 1529 2374 1568 a
2393 1515 2800 1578 medio,tenent
2831 1517 2890 1570 in
2921 1515 3153 1570 brachio
3181 1517 3416 1572 sinistro
3439 1517 3714 1585 proiectis
3737 1517 3850 1570 sin-

2195 1601 2422 1656 donibus
2443 1619 2609 1673 super
2629 1605 2931 1671 scapulam
2959 1605 3283 1668 sinistram,
3309 1607 3388 1658 ita
3413 1610 3472 1658 ut
3515 1605 3850 1676 pertingant

2196 1691 2500 1758 scapulam
2530 1690 3088 1762 dextram,quatenus
3117 1693 3332 1762 possint
3363 1693 3748 1761 dependentia
3761 1707 3850 1748 rc-

2199 1778 2446 1832 tineri.A
2469 1779 2793 1852 quibuszsub
2817 1782 3058 1836 humero
3077 1780 3366 1835 stantibus
3389 1782 3538 1836 venit
3553 1781 3850 1836 subdiaco-

2197 1882 2303 1920 nus
2329 1873 2384 1922 et
2405 1868 2610 1937 accipit
2637 1870 2962 1937 ampullam
2977 1869 3338 1924 commistam
3374 1884 3491 1924 una
3511 1886 3640 1924 cum
3657 1869 3850 1924 sindo-

2199 1970 2286 2016 ne,
2319 1961 2372 2010 et
2401 1955 2500 2008 dat
2517 1971 2641 2010 eam
2663 1956 3106 2022 archidiacono,
3133 1957 3184 2010 el
3211 1956 3314 2012 ille
3359 1955 3542 2026 defert
3583 1957 3853 2027 pontiﬁci

2199 2047 2326 2096 ante
2347 2043 2548 2098 sedem:
2582 2045 2742 2100 Tunc
2767 2045 3022 2113 pontifex
3051 2053 3208 2100 stans
3227 2045 3290 2099 in
3316 2046 3458 2110 sede,
3482 2053 3532 2101 et
3565 2047 3709 2116 (271)
3733 2061 3851 2102 res-

2197 2130 2417 2199 piciens
2439 2132 2513 2186 ad
2524 2133 3100 2201 orientem,archidia
3111 2149 3251 2188 cono
3267 2141 3488 2189 tenente
3499 2142 3600 2190 ant
3617 2151 3632 2160 υ
3657 2136 3848 2202 ipsum

2199 2219 2495 2286 ampulam
2549 2221 2860 2275 insz'm'stro
2897 2221 3140 2276 brachio
3185 2223 3450 2276 revoluta
3502 2222 3754 2284 sindone,
3787 2229 3852 2276 ut

2199 2321 2381 2374 supra
2415 2309 2792 2376 pra/ierimus,
2826 2315 2878 2364 et
2907 2310 3073 2364 halat
3109 2311 3168 2363 iu
3213 2311 3341 2377 ipsa
3368 2311 3643 2380 ampulla,
3679 2317 3732 2366 et
3761 2311 3854 2365 in-

2201 2396 2474 2466 ΜΝΞ-[2)
2495 2397 2557 2451 in
2584 2399 3071 2452 consecrationem
3103 2399 3435 2454 chrismatis
3464 2400 3684 2454 excelsa
3697 2414 3848 2458 voce.

2277 2484 2560 2538 Dominus
2591 2485 2916 2541 vobiscum.
2949 2488 3010 2540 Et
3042 2502 3178 2541 cum
3213 2487 3418 2558 spiritu
3445 2493 3564 2542 tuo.
3597 2487 3850 2542 Sursum

2199 2573 2319 2644 68
2350 2571 2552 2628 corda.
2585 2573 2882 2628 Habemus
2913 2573 2988 2628 ad
3011 2574 3332 2630 Dominum
3355 2577 3578 2631 Gratias
3595 2590 3851 2644 agamus

2200 2660 2445 2714 Domino
2463 2663 2578 2716 Deo
2597 2665 2820 2716 nostro.
2857 2663 3108 2732 Dignum
3138 2667 3439 2734 etjustum
3471 2669 3576 2720 est.

2270 2749 2410 2801 Vere
2437 2747 2683 2816 dignum
2715 2750 3014 2818 etjustum
3042 2755 3150 2814 est,
3175 2767 3414 2822 aequum
3463 2755 3520 2806 et
3572 2750 3848 2814 salutare,

2200 2849 2310 2890 DOS
2349 2835 2456 2890 tibi
2499 2851 2735 2906 semper
2765 2842 2819 2891 et
2851 2837 3070 2908 ubique
3103 2839 3323 2909 gratias
3363 2853 3538 2909 agere
3603 2839 3852 2894 Domine

2201 2929 2419 2984 sancte,
2443 2923 2606 2979 Pater
2639 2927 3263 2996 omnipotens,mterne
3296 2929 3480 2998 Deus]:
3509 2927 3854 2998 quiinprin-

2201 3011 2354 3082 cipio
2389 3012 2537 3066 inter
2564 3019 2776 3066 caetera
2807 3013 3084 3068 bonitatis
3109 3021 3165 3070 et
3188 3015 3421 3086 pietatis
3439 3021 3556 3070 tum
3599 3031 3852 3071 munera

2201 3102 2388 3155 teram
2421 3100 2748 3172 producere
2781 3101 3082 3157 fructifera
3113 3101 3272 3172 ligna
3293 3104 3492 3174 jussiti
3527 3104 3679 3158 inter
3703 3119 3844 3176 quae

2201 3185 2377 3258 hujus
2401 3187 2772 3257 pinguissimi
2800 3188 3046 3259 liquoris
3081 3189 3357 3246 ministrae
3379 3190 3637 3246 olemnas
3651 3207 3856 3247 ceren-

2199 3278 2566 3346 tur,quarum
2591 3275 2812 3332 frustus
2827 3293 2996 3332 sacro
3027 3277 3330 3332 chrismati
3357 3278 3850 3335 deserviret.Nam

2201 3369 2254 3420 et
2278 3365 2460 3419 David
2489 3365 2829 3436 prophetico
2857 3365 3063 3436 spiritu
3097 3368 3293 3434 gratiae
3334 3371 3442 3422 tuae
3475 3373 3852 3424 sacramenta

2199 3467 2580 3524 praenoscens
2601 3451 2796 3506 vultus
2815 3457 3053 3507 nostros
3075 3453 3128 3506 in
3141 3454 3272 3508 oleo
3284 3453 3700 3508 exhilarandos
3722 3470 3852 3510 esse

2199 3539 2474 3594 cantavit.
2510 3542 2574 3593 Et
2596 3555 2732 3593 cum
2768 3540 2974 3594 mundi
3005 3540 3256 3595 crimina
3277 3541 3502 3596 diluvio
3536 3541 3839 3612 quondam

2201 3627 2581 3698 expiarentur
2596 3626 3258 3692 etfuso,similitudinem
3275 3629 3454 3684 futuri
3471 3629 3735 3684 muneris
3757 3645 3852 3685 co-

2198 3716 2392 3772 lumba
2417 3717 2847 3780 demonstrans,
2871 3717 3018 3787 (“273)
3051 3733 3156 3787 per
3181 3717 3348 3772 olivae
3373 3735 3609 3774 ramum
3637 3735 3850 3789 pacem

2200 3805 2366 3860 terris
2381 3804 2666 3859 redditam
2683 3805 3168 3870 nuntiavit.Quod
3185 3807 3240 3858 in
3263 3805 3607 3860 novissimis
3623 3813 3858 3876 tempo-

2199 3893 2360 3948 ribus
2391 3892 2716 3947 manifestis
2745 3897 2828 3946 est
2844 3891 3152 3947 effectibus
3167 3893 3541 3959 declaratum,
3558 3911 3694 3949 cum
3706 3894 3856 3965 bap-

2199 3980 2442 4038 tismatis
2475 3981 2643 4052 aquis
2666 3979 2932 4034 omnium
2953 3981 3265 4036 criminum
3283 3983 3588 4037 commissa
3614 3983 3859 4038 delenti-

2203 4069 2330 4132 bus,
2355 4069 2476 4123 haec
2508 4068 2620 4124 olei
2651 4068 2844 4123 unctio
2869 4069 3060 4123 vultus
3091 4075 3323 4124 nostros
3343 4069 3645 4140 jucundos
3675 4069 3860 4126 efﬁcit

2201 4174 2271 4213 ac
2301 4173 2556 4211 serenos.
2593 4157 2734 4211 inde
2753 4158 2930 4212 etiam
2951 4158 3136 4228 Moysi
3155 4157 3382 4213 famulo
3399 4163 3499 4213 tuo
3517 4158 3856 4214 mandatum

2203 4245 2436 4308 dedisti,
2471 4251 2530 4299 ut
2561 4249 2756 4299 Aaron
2789 4243 3030 4300 fratrem
3057 4262 3228 4300 suum
3261 4247 3426 4317 prius
3456 4263 3611 4317 aqua
3667 4247 3852 4302 lotum

2202 4332 2672 4403 perinfusionern
2693 4332 2872 4402 hujus
2889 4333 3174 4402 unguenti
3193 4334 3854 4390 constitueretsacerdo-

517 4402 871 4459 Benedictio.
895 4437 964 4447 ——
987 4407 1302 4464 Benedicat
1326 4426 1432 4465 vos
1454 4411 1608 4468 Deus
1631 4415 1732 4485 qui
1763 4433 1862 4486 per
1883 4417 2092 4488 Unige-
2126 4427 2169 4484 Ι)
2202 4402 2340 4476 tem.
2367 4419 2626 4474 Accessit
2647 4419 2723 4474 ad
2755 4421 2864 4474 hoc
2882 4421 3138 4492 amplior
3153 4423 3506 4486 honor,cum
3525 4422 3694 4477 Filius
3720 4427 3854 4476 tuus

445 4488 548 4543 niti
573 4490 694 4544 Filii
710 4492 796 4546 sui
815 4496 1152 4563 passionem
1173 4501 1652 4555 vetusPaschain
1675 4520 1891 4560 novum
1915 4507 2095 4563 voluit

445 4580 702 4634 converti
737 4597 749 4646 ;
783 4583 1186 4655 concedatque
1207 4585 1379 4640 vobis
1407 4593 1486 4654 ut,
1519 4599 1848 4660 expurgato
1881 4596 2093 4650 veteris

445 4665 714 4722 fermenti
731 4670 1026 4741 contagio,
1043 4671 1268 4728 novain
1283 4673 1454 4728 vobis
1473 4685 1805 4746 perseveret
1822 4697 2094 4753 consper-

447 4755 554 4810 sio.
591 4757 801 4811 Amen.
830 4760 890 4811 Et
917 4759 1060 4828 quia
1103 4760 1180 4816 ad
1217 4761 1634 4820 celebrandam
1687 4768 2093 4841 Redemptoris

447 4845 680 4898 Canam
711 4851 904 4900 mente
917 4847 1134 4904 devota
1146 4851 1502 4907 canvenistis
1515 4859 1856 4911 mternarum
1871 4859 2090 4932 dapum

445 4931 752 4986 vobiscum
785 4934 994 5005 epulas
1020 4939 1344 5008 reportetis.
1379 4945 1588 4996 Amen.
1648 4946 1826 5014 Ipsius
1853 4931 2092 5022 quoque

445 5019 770 5089 opitulante
783 5021 1096 5081 clementia
1111 5027 1464 5082 mundemini
1483 5045 1516 5084 a
1531 5032 1804 5088 sordibus
1824 5019 2093 5106 peccato-

443 5120 604 5176 rum,
633 5107 751 5180 qui,
785 5111 862 5166 ad
907 5111 1331 5170 insinuandum
1369 5116 1710 5175 humilitatis
1738 5126 2085 5196 exemplum,

444 5196 622 5266 pedes
663 5197 1057 5256 voluitlavare
1087 5203 1531 5274 discipulorum.
1565 5209 1770 5266 Amen.
1793 5214 2090 5286 Quodipse

443 5289 726 5356 praestare
791 5288 1082 5359 dignetur,
1143 5291 1313 5362 cujus
1351 5309 1602 5364 regnum
1669 5304 1724 5354 et
1773 5300 2087 5373 imperium

513 5473 538 5503 ε
570 5463 628 5516 In
659 5463 978 5538 Ed._Pamel.
1005 5467 1093 5520 hic
1147 5469 1500 5538 praemittitur
1529 5489 1540 5526 :
1597 5473 1907 5534 Benedictio
1949 5483 2078 5538 olei.

443 5533 642 5622 γει-ωε]
668 5535 988 5622 addendum.
1005 5556 1076 5622 ex
1116 5533 1250 5598 Cod.
1280 5543 1421 5622 .Bgeg.
1455 5543 1609 5622 Suec.
1627 5546 1736 5622 ,_ad

441 5601 497 5660 1n
527 5607 716 5662 eadem
743 5609 1144 5680 Benedictione,
1177 5601 1395 5670 emitte?
1443 5619 1548 5683 etc,
1581 5631 1594 5682 ;
1627 5601 2087 5696 deestapudWI-la;

2200 4511 2369 4564 Jesus
2397 4509 2652 4564 Christus
2675 4508 3360 4564 Dominusnosterlavari
3379 4526 3440 4564 se
3455 4513 3720 4564 aJoanne
3747 4527 3852 4564 un-

2201 4597 2636 4652 disJordanicis
2669 4597 2976 4664 exegisset,
3009 4603 3086 4660 ut,
3111 4597 3320 4666 Spiritu
3341 4605 3548 4652 sancto
3567 4598 3624 4652 in
3642 4596 3856 4652 colum-

2200 4686 2292 4741 bas
2305 4684 2732 4739 similitudinem
2754 4684 3008 4754 desuper
3022 4685 3588 4752 misso,Unigenitum
3609 4687 3852 4750 tuum,in

2201 4789 2321 4844 quo
2339 4772 2434 4826 tibi
2450 4771 2662 4840 optime
2676 4770 3474 4841 complacuisset,testimonio
3491 4772 3852 4843 subsequen-

2203 4861 2272 4914 tis
2305 4859 2458 4914 vocis
2476 4858 2838 4922 ostenderes,
2865 4865 2919 4911 et
2949 4857 3216 4913 hocillud
3235 4875 3360 4914 esse
3397 4859 3852 4914 manifestissime

2202 4946 2646 5018 comprobares,
2675 4948 2832 5017 quod
2866 4963 3002 5002 enm
3031 4947 3162 5002 oleo
3189 4947 3396 5003 laetitia:
3417 4963 3538 5018 prae
3573 4949 3853 5004 consorti-

2199 5037 2312 5092 bus
2339 5034 2802 5104 suisungendum
2823 5035 3006 5090 David
3025 5035 3310 5105 propheta
3324 5036 3728 5091 cecinisset.Te
3743 5036 3847 5105 igi-

2201 5131 2292 5180 tur
2309 5124 2719 5195 deprecamur,
2741 5123 2984 5178 Domine
3007 5129 3227 5186 sancte,
3247 5124 3416 5178 Pater
3439 5123 3848 5194 omnipotens,

2199 5217 2413 5268 aeterne
2448 5213 2745 5282 Deus,per
2773 5211 3054 5265 eumdem
3095 5209 3294 5264 Jesum
3326 5211 3608 5264 Christum
3635 5211 3849 5268 Filium

2198 5306 2364 5357 tuum
2393 5299 2712 5354 Dominum
2727 5305 3015 5362 nostrum,
3034 5299 3206 5368 utfhuj
3220 5316 3284 5353 us
3306 5305 3587 5354 creatura:
3605 5300 3856 5370 pingue-

2199 5479 2436 5540 melium,
2459 5494 2556 5548 per
2585 5492 2747 5548 quem
2771 5475 2884 5548 hac
2904 5477 3107 5544 omnia,
3137 5475 3382 5540 Domine,
3413 5483 3522 5534 etc.
3541 5519 3554 5544 ,

2201 5494 2436 5540 menum,
2459 5494 2556 5548 per
2585 5494 2742 5547 quem
2771 5494 2884 5530 nter:
2904 5494 3107 5544 omnia,
3137 5494 3382 5540 uomme,
3413 5494 3522 5534 etc.
3541 5519 3554 5544 ,
3610 5494 3733 5549 quae
3791 5495 3848 5536 in

2201 5551 2334 5609 Cod.
2374 5552 2514 5623 Reg.
2541 5549 2701 5603 Suec.
2737 5546 3031 5605 habentur.
