4086 6198
251 263 314 327 ω
1440 244 1654 314 LIBER
1693 241 2366 317 SACMMENronuM.
3521 255 3607 318 es

253 400 329 452 sta
340 387 612 464 paschalia
625 385 960 443 venerando
975 385 1218 455 egimus,
1237 384 1482 456 perhmc
1500 385 1848 453 contingere
1882 390 1931 446 A
1960 389 2303 440 sanctorum
2321 383 2571 440 coetibus
2602 385 2816 443 ascisci
2842 381 3111 443 valeatis.
3177 381 3380 446 Amen.
3436 387 3609 454 Quod

251 483 314 539 ad
342 478 541 549 gaudia
564 479 777 530 aeterna
797 489 1144 530 mereamur.
1188 473 1316 527 Per.

308 568 458 637 Super
481 565 690 620 oblata.
716 593 783 604 —
822 561 1112 630 Concede,
1140 576 1518 632 quaesumus,
1579 560 1846 627 Domine,

251 670 438 725 semper
463 669 567 708 nos
581 668 683 723 per
694 652 825 707 haec
839 649 1113 721 mysteria
1130 649 1435 719 paschalia
1463 649 1768 718 gratulari,
1791 657 1854 705 ut

249 742 493 798 continua
520 746 730 794 nostras
749 737 1137 809 reparationis
1155 738 1423 807 operatio
1437 743 1731 808 perpetuas
1753 753 1856 792 no-

245 833 318 888 bis
341 831 431 884 ﬁat
455 843 634 883 causa
660 827 891 882 laetitias.
950 827 1072 880 Per.

302 916 582 985 Prafatio.
606 945 676 955 —
697 916 838 969 Vere
868 913 1117 982 dignum
1141 916 1198 968 et
1218 913 1450 982 justum
1465 917 1575 975 est,
1618 927 1852 984 aequum

243 1013 290 1064 et
314 1007 564 1067 salutare,
583 1018 692 1058 nos
707 1001 809 1058 tibi
831 1005 1136 1072 semperet
1157 999 1381 1071 ubique
1404 1000 1633 1070 gratias
1653 1016 1848 1070 agere,

244 1094 452 1150 Domine
473 1096 696 1154 sancte,
711 1093 876 1145 Pater
891 1089 1291 1159 omnipotens,
1307 1093 1524 1143 aeterne
1547 1090 1727 1143 Deus:
1747 1104 1852 1159 per

239 1197 382 1256 quem
394 1179 682 1251 supplices
693 1177 1081 1249 exposcimus,
1093 1182 1155 1232 ut
1169 1177 1260 1246 cuj
1274 1192 1340 1230 us
1354 1177 1617 1231 muneris
1634 1177 1852 1247 pignus

239 1285 554 1341 accepimus,
570 1267 880 1322 manifesta
892 1265 1035 1320 dona
1047 1263 1526 1335 comprehendere
1541 1264 1848 1319 valeamus.

241 1362 293 1415 Et
312 1373 428 1430 quae
449 1355 614 1410 nobis
653 1353 900 1409 ﬁdeliter
961 1352 1256 1425 speranda
1284 1352 1563 1424 paschale
1607 1351 1855 1408 contulit

238 1451 670 1513 sacramentum,
731 1458 834 1512 per
880 1440 1346 1498 Resurrectionis
1386 1441 1514 1513 ejus
1565 1440 1852 1511 attingere

238 1547 540 1590 mereamur
570 1529 872 1586 ineﬁ'abile
909 1529 1280 1600 mysterium.
1315 1530 1426 1584 Per
1469 1544 1672 1600 quem.

291 1642 356 1695 Te
381 1637 722 1709 igitur,sicut
760 1637 824 1691 in
861 1635 1103 1691 Pascha.

293 1726 608 1781 Benedictio.

293 1831 391 1902 ει
408 1831 497 1884 Ad
512 1827 949 1899 Comptendum.
963 1857 1031 1866 —
1048 1825 1494 1896 Redemptionis
1505 1828 1723 1880 nostrae
1737 1842 1856 1880 mu-

237 1935 352 1975 nere
383 1918 648 1986 vegetati,
680 1931 1037 1987 quaesumus,
1071 1915 1402 1980 Domine,ut
1423 1913 1534 1967 hoc
1558 1918 1852 1984 perpetuae

236 2007 415 2062 salutis
445 2003 741 2061 auxilium
755 2003 908 2058 ﬁdes
941 2017 1181 2072 semper
1210 2017 1348 2056 vera
1369 2004 1515 2067 (351)
1551 1999 1843 2071 perﬁciat.

291 2094 365 2148 Ad
395 2093 676 2163 νημαι-οε.
700 2121 769 2132 --
799 2092 975 2156 Deus,
1003 2091 1181 2145 totius
1227 2088 1500 2143 conditor
1545 2092 1852 2158 creatura,

233 2180 476 2250 famulos;
513 2186 676 2245 tuos,
706 2193 862 2250 quos
882 2177 1044 2233 fonte
1091 2175 1388 2232 renovasti
1443 2174 1852 2247 baptismatis,

233 2283 471 2340 quosque
483 2265 692 2337 gratiae
705 2271 822 2320 tuae
836 2264 1202 2335 plenitudine
1219 2263 1504 2329 solidasti,
1517 2263 1580 2318 in
1590 2263 1854 2334 adoptio-

233 2357 308 2412 nis
333 2361 478 2410 sorte
503 2353 699 2410 facias
753 2352 1068 2424 dignanter
1107 2350 1343 2407 ascribi.
1397 2350 1504 2406 Per
1528 2350 1851 2407 Dominum

234 2449 495 2499 nostrum.

291 2529 374 2586 Ad
417 2533 611 2600 fontes.
656 2528 902 2594 —Deus,
949 2527 1054 2599 qui
1095 2525 1466 2597 multiplicas
1528 2525 1852 2586 Ecclesiam

231 2625 372 2674 tuam
385 2619 440 2674 in
463 2617 677 2674 sobole
696 2615 1162 2678 renascendum,
1177 2614 1270 2670 fac
1287 2628 1422 2668 eam
1441 2613 1704 2683 gaudere
1720 2629 1852 2684 pro-

231 2705 379 2777 pitius
401 2707 472 2761 de
487 2719 730 2761 suorum
747 2703 1103 2775 profectibus
1114 2701 1398 2758 ﬁliorum.
1425 2700 1535 2757 Per
1551 2701 1850 2758 Dominum

229 2798 491 2849 nostrum.

495 2925 651 2995 (352)
684 2937 951 2979 DOIlNiCA
979 2936 1223 2977 OCTAVAS
1302 2935 1544 2976 nscius.

281 3056 497 3122 Prmsta,
531 3053 1553 3128 qumsumus,omnipotensDeus,ut
1576 3053 1680 3125 qui
1717 3067 1850 3124 pas-

224 3145 393 3201 chalia
432 3144 584 3202 festa
625 3144 984 3215 peregimus,
1011 3141 1846 3210 hasc,telargiente,moribus

226 3238 270 3288 et
293 3234 400 3288 vita
432 3238 774 3288 teneamus.
803 3233 907 3286 Per
931 3229 1562 3300 Dominumnostrum.
1714 3228 1721 3235 ’

279 3321 451 3392 Super
471 3321 695 3376 oblata.
709 3349 780 3360 —
796 3317 1040 3388 Suscipe
1055 3332 1324 3384 munera,
1351 3331 1725 3387 quaesumus,
1738 3316 1847 3374 Do-

228 3410 373 3472 mine,
398 3407 755 3465 exsultantis
785 3404 1084 3468 Ecclesiae,
1098 3404 1259 3460 etcui
1288 3419 1534 3460 causam
1550 3405 1694 3460 tanti
1706 3419 1850 3474 gau-

226 3495 288 3552 dii
308 3497 641 3569 praestitisti,
661 3499 1004 3568 perpetuum
1041 3492 1288 3548 fructum
1331 3491 1592 3548 concede
1607 3491 1846 3550 laetitia.

286 3587 570 3654 Prwfatio.
594 3615 670 3626 —
694 3585 839 3638 Vere
885 3582 1139 3651 dignum
1156 3580 1456 3652 etjustum
1478 3584 1588 3646 est,
1611 3596 1849 3652 aequum

227 3678 272 3729 et
288 3673 527 3730 salutare
547 3688 668 3730 nos
695 3670 798 3728 tibi
821 3685 1059 3742 semper
1079 3674 1136 3724 et
1157 3668 1374 3739 ubique
1401 3667 1622 3737 gratias
1645 3684 1845 3740 agere,

225 3762 441 3817 Domine
479 3765 712 3831 sancte,
739 3759 913 3815 Pater
951 3756 1343 3829 omnipotens,
1393 3762 1611 3813 aeterne
1668 3760 1846 3826 Deus,

227 3854 272 3903 et
289 3855 334 3904 te
358 3849 706 3922 suppliciter
735 3847 1070 3911 obsecrare,
1097 3860 1174 3900 ne
1200 3860 1311 3900 nos
1327 3845 1403 3902 ad
1460 3845 1618 3901 illum
1681 3846 1847 3903 sinas

224 3938 383 3993 redire
439 3943 644 3993 actum
677 3935 770 3990 cui
787 3935 919 4006 jure
944 3934 1283 3988 dominatur
1315 3933 1616 3999 inimicus,
1649 3933 1747 3988 sed
1787 3934 1848 3990 in

223 4017 316 4074 hac
352 4021 534 4090 potius
559 4021 755 4077 facias
787 4016 1156 4073 absolutione
1183 4016 1520 4088 persistere,
1537 4033 1642 4088 per
1667 4033 1846 4089 quam

223 4107 472 4165 diabolus
504 4109 750 4174 exstitit,
785 4106 928 4163 Filio
959 4112 1056 4161 tuo
1107 4111 1395 4173 vmcente,
1448 4107 1739 4178 captivus.
1775 4107 1848 4164 Et

222 4194 336 4251 ideo
353 4212 483 4253 cum
515 4195 772 4266 angelis.

283 4281 307 4324 δ
333 4283 680 4341 Benedictio.
698 4283 948 4347 —Deus,
969 4281 1140 4352 cujus
1171 4281 1518 4352 Unigenitus
1546 4281 1849 4355 discipulis

229 4374 327 4426 suis
349 4374 544 4444 januis
573 4371 802 4428 clausis
833 4369 1118 4441 dignatus
1143 4374 1231 4426 est
1255 4384 1566 4441 apparere,
1599 4386 1721 4425 suae
1744 4386 1850 4426 vos

1889 1743 1936 1802 Β

1961 489 2082 560 ipse
2096 495 2398 560 praestare.

2034 577 2125 632 Ad
2175 578 2611 648 Complendum.
2654 609 2721 620 -—
2770 581 3152 650 Quaesumus,
3184 583 3432 639 Domine
3452 583 3610 640 Deus

1961 672 2182 728 noster,
2216 671 2666 722 utsacrosancta
2681 671 2986 738 mysteria,
3005 686 3136 740 qua:
3168 687 3272 742 pro
3286 673 3608 743 reparatio-

1962 753 2057 807 nis
2080 759 2298 808 nostrae
2332 756 2662 809 munimine
2695 756 3013 822 contulisti,
3045 765 3102 812 et
3123 775 3380 829 praesens
3430 761 3607 816 nobis

1960 841 2282 896 remedium
2315 858 2444 898 esse
2478 843 2660 898 facias
2682 849 2738 897 et
2765 843 3049 900 futurum.
3086 846 3212 900 Per.

2030 929 2180 986 Alia.
2201 960 2270 970 —
2295 932 2469 996 Deus,
2484 932 2586 1002 qui
2613 947 2720 987 nos
2734 931 2922 986 fecisti
2939 931 3230 990 hodierna
3245 935 3343 991 die
3361 937 3608 1006 pascha-

1958 1017 2038 1073 lia
2056 1017 2210 1073 festa
2234 1017 2552 1087 celebrare,
2583 1018 2677 1075 fac
2707 1036 2813 1076 nos
2863 1035 3233 1092 quaesumus,
3275 1023 3335 1078 in
3386 1024 3602 1082 caelesti

1960 1120 2144 1176 regno
2175 1106 2456 1174 gaudere.
2493 1108 2621 1163 Per.

2028 1194 2120 1248 Ad
2153 1195 2456 1264 Vesperos.
2488 1226 2556 1236 —
2587 1197 2762 1262 Deus,
2800 1198 3031 1269 quinos
3047 1198 3606 1258 exsultantibusani-

1959 1282 2074 1336 mis
2105 1282 2334 1338 Pascha
2364 1288 2532 1338 tuum
2561 1284 2676 1354 82
2727 1285 3020 1341 celebrare
3053 1285 3322 1354 tribuisti,
3347 1288 3440 1344 fac
3470 1305 3603 1358 nos,

1959 1385 2319 1441 quaesumus,
2353 1378 2409 1426 et
2440 1373 2864 1443 temporalibus
2885 1375 3143 1444 gaudere
3198 1375 3498 1447 subsidiis,
3554 1383 3612 1436 et

1960 1458 2293 1514 aeternitatis
2309 1458 2615 1516 affectibus
2655 1461 2956 1532 gratulari.
2992 1463 3099 1519 Per
3146 1465 3458 1520 Dominum
3502 1482 3607 1523 no-

1961 1551 2170 1602 strum.

2271 1677 2418 1749 (553)
2441 1695 2581 1735 sua:
2620 1692 2644 1722 ο
2671 1696 2977 1736 ommonss
3002 1698 3322 1739 PASCHALES.

2035 1810 2207 1874 Deus,
2232 1809 2331 1879 qui
2353 1809 2661 1865 credentes
2690 1811 2750 1866 in
2777 1816 2832 1867 te
2861 1812 3020 1868 fonte
3046 1813 3605 1887 baptismatisinno-

1959 1896 2302 1962 vasti,hanc
2320 1897 2609 1952 renatisin
2623 1899 2852 1954 Christo
2877 1903 3137 1958 concede
3159 1905 3507 1970 custodiam,
3543 1915 3604 1964 ut

1959 1983 2114 2037 nullo
2139 1983 2353 2038 erroris
2379 1984 2620 2040 incursu
2655 1987 2908 2055 gratiam
2989 1994 3098 2044 tum
3164 1989 3596 2050 benedictionis

1960 2070 2243 2126 amittant.
2264 2071 2374 2126 Per
2385 2073 2678 2127 eumdem.

2028 2158 2181 2220 Alia,
2209 2188 2276 2198 —
2298 2159 2472 2227 Deus,
2498 2160 2602 2230 qui
2627 2161 2704 2215 ad
2728 2164 2999 2218 aeternam
3032 2165 3213 2220 vitam
3269 2165 3330 2220 in
3388 2168 3607 2226 Christi

1959 2246 2401 2302 Resurrectione
2421 2261 2530 2302 nos
2551 2262 2817 2319 reparas,
2849 2249 3009 2322 erige
3055 2267 3165 2308 nos
3193 2253 3270 2308 ad
3293 2256 3607 2312 conseden-

1961 2337 2079 2388 tem
2100 2333 2156 2388 in
2193 2332 2434 2392 dextera
2461 2339 2564 2391 tua
2577 2339 2792 2393 nostrae
2814 2337 3019 2392 salutis
3047 2345 3375 2409 auctorem,
3413 2347 3475 2399 ut
3502 2344 3607 2416 qui

1959 2427 2200 2494 propter
2225 2438 2336 2479 nos
2343 2423 2705 2494 judicandus
2723 2427 2986 2493 advenit,
3006 2444 3111 2500 pro
3125 2430 3299 2486 nobis
3309 2431 3331 2502 j
3344 2433 3608 2490 udicatu—

1956 2526 2061 2566 rus
2101 2510 2380 2568 adveniat
2405 2512 2574 2567 Jesus
2605 2514 2868 2570 Christus
2923 2515 3100 2573 Filius
3134 2525 3268 2574 tuus
3320 2521 3604 2578 Dominus

1957 2603 2185 2656 noster.
2225 2598 2335 2663 Qui
2368 2604 2559 2656 tecum
2591 2601 2730 2656 vivit
2756 2609 2812 2658 et
2843 2611 3074 2675 regnat.

2035 2685 2190 2742 Alia.
2226 2716 2292 2725 —
2326 2685 2482 2742 Deus
2524 2693 2894 2759 etreparator
2925 2691 3270 2749 innocentiae
3284 2701 3604 2766 etamator,

1957 2772 2146 2843 dirige
2159 2773 2237 2828 ad
2251 2779 2304 2829 te
2322 2779 2551 2830 tuorum
2566 2777 2747 2832 corda
2766 2793 3100 2844 servorum,
3122 2786 3186 2836 ut
3202 2782 3275 2836 de
3290 2783 3606 2841 infidelita-

1957 2862 2031 2915 tis
2058 2861 2580 2932 tenebrisliberati,
2609 2879 2973 2936 nunquama
3015 2874 3125 2923 tum
3173 2870 3430 2926 veritatis
3475 2872 3604 2930 luce

1956 2948 2286 3006 discedant.
2306 2951 2415 3006 Per
2443 2951 2784 3008 Dominum.

2027 3047 2190 3104 Alia.
2221 3077 2287 3088 —
2317 3049 2490 3112 Deus,
2517 3049 2620 3120 qui
2653 3049 3029 3106 credentesin
3049 3056 3102 3107 te
3126 3053 3380 3124 populos
3400 3055 3600 3124 gratias

1960 3141 2070 3190 tuae
2097 3134 2366 3203 largitate
2397 3135 2777 3207 multiplicas,
2807 3139 3031 3210 respice
3058 3141 3347 3212 propitius
3387 3144 3464 3198 ad
3492 3145 3606 3200 ele-

1959 3217 2211 3274 ctionem
2239 3223 2422 3283 tuam,
2456 3224 2520 3274 ut
2547 3221 2652 3291 qui
2679 3225 3440 3295 sacramentobaptismatis
3465 3233 3606 3285 sunt

1957 3301 2166 3371 renati,
2208 3301 2374 3370 regni
2395 3301 2648 3358 cmlestis
2679 3312 3010 3361 mereantur
3031 3307 3355 3363 introitum.
3401 3309 3528 3365 Per.

2026 3384 2181 3441 Alia.
2201 3415 2272 3425 -—
2293 3385 2678 3456 Omnipotens
2706 3389 3059 3460 sempiterne
3080 3392 3251 3456 Deus,
3271 3392 3604 3463 quihuma-

1957 3487 2101 3528 nam
2128 3479 2401 3529 naturam
2427 3490 2604 3544 supra
2616 3475 2812 3546 primae
2826 3477 3066 3546 originis
3084 3494 3328 3550 reparas
3347 3482 3604 3550 dignita-

1958 3566 2098 3626 tem,
2120 3561 2342 3631 respice
2370 3561 2596 3632 pietatis
2617 3568 2730 3618 tuae
2751 3563 3048 3620 ineffabile
3071 3575 3527 3636 sacramentum,
3547 3577 3605 3628 et

1956 3664 2111 3721 quos
2137 3649 2596 3718 regenerationis
2609 3653 2880 3721 mysterio
2906 3653 3191 3709 innovare
3205 3653 3487 3726 dignatus
3509 3674 3591 3724 es,

1956 3735 2017 3792 in
2046 3736 2138 3792 his
2171 3735 2325 3793 dona
2357 3740 2460 3792 tua
2498 3743 2789 3810 perpetuae
2812 3740 3011 3811 gratiae
3039 3743 3404 3812 proiectione
3453 3761 3596 3800 con-

1957 3840 2147 3880 serva.
2175 3826 2303 3882 Per.

2025 3907 2190 3964 Alia.
2219 3939 2291 3949 —
2307 3907 2695 3982 Omnipotens
2709 3911 3063 3982 sempiterne
3077 3912 3251 3980 Deus,
3268 3913 3462 3971 deduc
3487 3932 3598 3972 nos

1957 3997 2035 4052 ad
2058 3997 2388 4052 societatem
2412 3997 2738 4052 caelestium
2753 3999 3133 4067 gaudiorum,
3159 4007 3219 4056 ut
3235 4002 3448 4073 Spiritu
3471 4020 3609 4060 san-

1960 4091 2056 4140 cto
2081 4092 2316 4139 renatos
2342 4100 2592 4153 regnum
2628 4091 2795 4141 tuum
2828 4085 3012 4143 facias
3042 4088 3302 4156 introire,
3337 4096 3514 4163 atque
3535 4108 3606 4148 eo

1961 4172 2582 4245 perveniathumilitas
2610 4175 2819 4243 gregis,
2843 4188 2966 4246 quo
3006 4178 3301 4247 praecessit
3321 4178 3606 4237 celsitudo

1965 4259 2248 4323 Pastoris,
2271 4259 2379 4324 Qui
2393 4265 2586 4315 tecum
2601 4262 2752 4317 vivit.

2034 4348 2184 4403 Alia.
2218 4379 2288 4388 —
2316 4349 2488 4412 Deus,
2523 4349 2742 4422 quipro
2775 4349 2965 4406 salute
3008 4352 3213 4408 mundi
3246 4354 3602 4412 sacriﬁcium

228 4435 634 4517 benedictionis
663 4459 826 4514 dono
855 4435 1214 4530 locupletare
1240 4435 1744 4514 et—c-celestisvobis
1764 4475 1852 4515 re-
1885 4436 1930 4496 Ῑ)
1969 4435 2460 4530 Ρέεξθβδιιθίῇοίεῖλ
2484 4437 3603 4530 ριόρίιξεξτθξυρρξίοᾶίὶοηίὺιιεηοειιθὶε.

229 4548 311 4615 gni
352 4550 565 4618 januas
615 4549 899 4616 dignetur
922 4546 1160 4617 aperire.
1181 4551 1389 4601 Amen.
1414 4548 1477 4600 Et
1515 4547 1617 4618 qui
1649 4546 1727 4602 ab
1756 4563 1852 4603 eo-

229 4649 342 4690 rum
366 4635 701 4708 pectoribus
723 4639 944 4690 attactu
959 4634 1053 4688 sui
1070 4634 1336 4704 corporis
1360 4633 1576 4690 vulnus
1593 4640 1856 4707 amputa-

230 4723 295 4777 vit
321 4724 655 4790 dubietatis,
681 4723 968 4779 concedat
986 4728 1164 4795 utper
1175 4721 1340 4777 ﬁdem
1360 4737 1481 4794 qua
1501 4738 1639 4778 eum
1665 4739 1854 4780 resur-

231 4812 416 4867 rexisse
445 4813 690 4869 creditis
703 4812 976 4868 omnium
1005 4810 1356 4866 delictorum
1388 4811 1637 4867 maculis
1657 4827 1856 4869 carea-

231 4898 307 4953 tis.
337 4907 537 4958 Amen.
587 4904 658 4956 Et
710 4900 814 4972 qui
867 4915 1005 4954 cum
1063 4898 1289 4954 Thoma
1330 4899 1518 4954 Deum
1559 4904 1614 4955 et
1653 4900 1853 4956 Domi-

234 5000 355 5042 num
374 4989 638 5054 creditis,
676 4993 732 5044 et
761 5002 898 5042 cern
908 4987 997 5042 uis
1016 4986 1271 5041 vocibus
1297 4986 1607 5052 invocatis,
1623 4987 1701 5042 ab
1715 5003 1786 5043 eo
1801 4991 1857 5044 et

236 5072 282 5128 in
308 5075 411 5132 hoc
435 5077 664 5133 saeculo
689 5091 726 5132 a
757 5074 923 5130 malis
954 5075 1239 5130 omnibus
1286 5075 1456 5142 tueri,
1489 5081 1545 5131 et
1572 5075 1632 5130 in
1651 5073 1853 5133 futuro

295 5266 314 5295 ε
341 5253 488 5323 Apud
520 5252 828 5308 Pamelium
854 5251 1028 5323 solum
1089 5249 1361 5323 subditur,
1397 5267 1409 5306 :
1445 5251 1559 5323 WAd
1610 5257 1858 5323 sanctum

244 5319 601 5392 Pancratium.
638 5323 796 5377 Nulla
823 5321 987 5375 statio
1017 5322 1404 5392 assignaturin
1440 5322 1668 5376 Kalend.
1695 5322 1854 5378 Rom.

247 5391 491 5447 Secundus
505 5395 774 5449 Theoder.
796 5393 957 5447 habet
977 5411 989 5445 :
1007 5393 1097 5446 Ad
1114 5391 1342 5447 sanctos
1364 5393 1635 5450 Cosmam
1668 5402 1718 5449 et
1747 5393 1858 5448 Da-

244 5461 469 5519 mianum
501 5482 514 5530 ;
547 5464 700 5535 quod
730 5464 894 5518 etiam
917 5465 1218 5533 praefigitur
1243 5463 1297 5516 in
1329 5462 1463 5538 Cod.
1495 5465 1640 5534 Heg.
1681 5467 1848 5524 Suec.

247 5530 460 5591 Orationi
478 5535 550 5592 ad
581 5537 851 5592 Vesneros
876 5533 1118 5592 ejusdem
1147 5532 1465 5589 Dominicis}.

287 5548 550 5592 rauomau
584 5548 686 5593 ves
725 5552 851 5591 eros
876 5548 1118 5606 ejusdem
1147 5548 1465 5589 uominicie.

303 5600 329 5648 δ
353 5603 474 5664 Hac
509 5553 836 5665 Benedictio
877 5604 1068 5662 nullibi
1109 5604 1270 5664 nobis
1315 5602 1570 5675 occurrit,
1622 5609 1864 5680 prater--

1964 4525 2020 4576 et
2055 4519 2425 4591 interpellans
2456 4535 2564 4591 pro
2594 4521 2770 4576 nobis
2798 4523 3063 4577 Pontifex
3115 4540 3409 4591 summus,
3459 4530 3606 4600 (554)

1959 4622 2188 4680 nosper
2215 4607 2276 4662 id
2305 4609 2467 4680 quod
2492 4609 2675 4664 nostri
2707 4614 2795 4665 est
2825 4609 3024 4666 similis
3044 4612 3398 4677 reconciliet,
3415 4630 3522 4686 per
3545 4615 3608 4671 id

1961 4697 2120 4768 quod
2143 4697 2244 4752 tibi
2272 4703 2359 4752 est
2387 4696 2636 4769 aequalis
2657 4696 3102 4755 absolvatJesus
3135 4700 3398 4757 Christus
3431 4703 3602 4759 Filius

1960 4794 2117 4846 tuus.

2027 4872 2182 4928 Alia.
2221 4902 2292 4914 —
2315 4873 2538 4930 Prmsta
2563 4873 2764 4940 nobis,
2791 4875 3176 4947 omnipotens
3199 4881 3254 4932 et
3267 4878 3606 4936 misericors

1964 4970 2137 5034 Deus,
2155 4973 2210 5024 ut
2236 4969 2297 5024 in
2329 4971 2770 5026 Resurrectione
2805 4971 3242 5028 Domininostri
3285 4976 3429 5033 Jesu
3449 4977 3609 5033 Chri-

1964 5057 2037 5112 sti
2057 5055 2440 5127 percipiamus
2454 5061 2738 5114 veraciter
2751 5060 3104 5130 portionem.
3123 5063 3232 5127 Qui
3249 5068 3433 5118 tecum
3450 5065 3606 5122 vivit.

2034 5144 2183 5199 Alia.
2214 5175 2284 5184 —
2311 5145 2487 5210 Deus,
2519 5146 2623 5217 qui
2686 5146 2762 5203 ad
2783 5155 3066 5204 aeternam
3099 5149 3274 5205 vitam
3300 5151 3360 5208 in
3398 5153 3610 5210 Christi

1970 5337 2129 5396 quam
2149 5319 2203 5374 in
2233 5319 2732 5396 Codic_eGrimoldi,
2763 5341 2922 5396 quem
2985 5327 3254 5383 Pamelius
3285 5329 3456 5384 edidit
3523 5329 3611 5383 Li-

1965 5390 2186 5472 turgic,
2225 5393 2458 5472 tomoll,
2494 5395 2584 5472 ubi
2610 5390 2806 5461 tamen,
2842 5413 2936 5467 pro
2991 5399 3069 5454 Et
3111 5402 3214 5472 qui
3266 5401 3336 5454 ab
3385 5416 3602 5468 eorum,

1969 5461 2170 5533 legitur
2201 5481 2212 5520 :
2240 5463 2319 5534 _Ul
2341 5466 2530 5534 quz'ab
2548 5482 2766 5533 eorum,
2794 5461 2897 5522 etc.

2041 5531 2073 5622 τί
2093 5531 2255 5622 Apud
2286 5531 2584 5622 Ramelium
2632 5531 2795 5622 longe
2855 5539 3058 5622 plures
3087 5541 3439 5622 assignantur
3468 5540 3606 5622 0mg

1914 5658 1922 5666 .
1969 5601 2486 5680 tiones—Paschal“,
2517 5613 2575 5668 et
2599 5601 2869 5690 pleréqué
2887 5626 2921 5670 δ
2945 5611 3148 5670 nostris
3175 5601 3426 5674 diversa.
