4092 6200
481 235 556 294 99
1247 219 1254 224 ’
1709 225 1984 290 .SANCTI
2021 213 2363 286 GREGORII
2404 227 2640 289 MAGNI

3765 227 3879 298 100

479 363 929 421 Resurrectione
959 378 1066 418 nos
1097 377 1359 434 reparas,
1383 359 1563 433 imple
1580 361 1812 432 pietatis
1834 365 1948 416 tuae
1961 357 2116 414 inef-
2151 371 2198 428 Α
2228 355 2354 428 ejus
2380 357 2670 414 beneticia
2685 359 3008 430 poscimus,
3033 358 3176 430 (356)
3204 357 3490 416 donatura
3513 362 3715 432 gratiae
3739 381 3872 422 con-

477 454 656 510 fabile
681 459 1142 516 sacramentum,
1173 457 1256 516 ut,
1289 467 1424 504 cum
1455 451 1516 504 in
1537 451 1837 521 Majestate
1867 464 1972 502 sua
2003 446 2121 502 Sal-

473 545 650 594 vator
677 547 877 592 noster
903 535 1232 599 advenerit,
1255 551 1410 606 quos
1429 534 1614 589 fecisti
1635 535 1934 604 baptismo
1961 547 2122 600 rege-

475 620 694 684 nerari,
751 619 936 675 facias
965 619 1145 676 beata
1207 619 1652 675 immortalitate
1719 617 1944 674 vestiri.
2015 614 2121 668 Per

475 709 777 763 eumdem.

541 799 658 870 82
699 799 850 855 Alia.
875 829 948 839 —
979 799 1155 865 Deus,
1209 798 1456 854 humani
1488 797 1725 870 generis
1753 795 2030 852 conditor
2067 797 2123 848 et

475 890 854 958 Redemptor,
871 888 970 957 da,
988 903 1362 959 qumsumus,
1382 894 1444 942 ut
1482 885 1871 958 reparationis
1901 888 2122 938 nostra:

477 976 694 1034 collata
721 975 1004 1040 subsidia,
1029 981 1080 1030 te
1093 975 1311 1046 jugiter
1328 976 1672 1046 inspirante,
1686 971 2120 1030 sectemur.Per.

549 1065 700 1119 Alia.
728 1094 800 1103 —-
829 1066 1003 1128 Deus,
1038 1065 1134 1134 qui
1165 1063 1384 1118 renatis
1403 1079 1474 1118 ex
1491 1079 1644 1134 aqua
1665 1069 1720 1117 et
1747 1061 1956 1131 Spiritu
1988 1074 2121 1113 san-

479 1157 572 1210 cto
601 1153 849 1209 cmlestis
887 1153 1056 1222 regni
1085 1153 1631 1223 pandisintroitum,
1665 1166 1818 1221 auge
1841 1163 2019 1220 super
2035 1147 2124 1202 fa-

479 1241 662 1296 mulos
681 1245 814 1296 tuos
841 1243 1288 1311 gratiam,quam
1312 1240 1542 1296 dedisti.
1566 1240 1737 1310 utqui
1755 1239 1832 1294 ab
1854 1235 2120 1292 omnibus

477 1335 614 1394 sunt
629 1330 853 1400 purgati
869 1329 1190 1400 peccatis,n
1201 1328 1328 1382 ullis
1349 1327 1652 1399 priventur
1667 1323 2120 1398 promissis.Per,

552 1419 708 1474 Alia.
737 1449 804 1458 —
832 1417 1130 1473 Conserva
1157 1416 1218 1472 in
1243 1416 1438 1487 nobis,
1467 1432 1818 1488 quaesumus,
1851 1414 2118 1478 Domine,

481 1505 940 1562 misericordiam
971 1509 1157 1574 tuam,
1185 1509 1248 1559 ut
1266 1520 1420 1575 quos
1476 1505 1553 1560 ab
1595 1503 1810 1559 erroris
1855 1499 2120 1558 liberasti

479 1595 745 1666 caligine,
781 1593 1037 1649 veritatis
1053 1599 1168 1648 tute
1189 1591 1420 1647 ﬁrmius
1437 1591 1718 1647 inhaerere
1733 1591 1916 1646 facias
1934 1589 2048 1646 doc
2057 1605 2120 1644 u-

479 1689 701 1740 mento.
730 1683 833 1737 Per
861 1681 1205 1737 Dominum.

545 1771 710 1826 Alia.
745 1768 1022 1835 —Solita,
1055 1783 1426 1840 quiesumus,
1455 1767 1724 1837 Domine,
1748 1781 1858 1822 nos
1904 1763 2120 1837 pietate

480 1858 732 1923 custodi,
767 1863 826 1912 ut
855 1855 1247 1928 quiUnigeniti
1265 1856 1347 1910 tui
1368 1855 1650 1926 passione
1676 1853 2119 1925 suntredempti,

483 1949 614 2017 ejus
643 1944 1082 2000 Resurrectione
1102 1943 1395 1998 laetentur.
1427 1943 1537 1997 Per
1565 1943 1864 1997 eumdem.

552 2035 708 2090 Alia.
731 2063 796 2072 —
811 2033 1184 2102 Omnipotens
1206 2031 1560 2101 sempiterne
1579 2032 1752 2094 Deus,
1769 2028 2123 2100 propensius

481 2123 574 2178 his
590 2121 802 2176 diebus
814 2127 962 2175 tuam
981 2119 1440 2174 misericordiam
1454 2116 2123 2189 consequamur,quibus

483 2226 617 2267 eam
648 2209 897 2281 plenius,
927 2212 980 2262 te
1007 2205 1314 2276 largiente,
1346 2207 1762 2275 cognovimus.
1785 2207 1910 2273 Per,

551 2339 692 2380 XVIII
715 2339 842 2378 ΚΑΙ..
865 2337 1002 2376 ΕΔΗ.
1031 2351 1100 2360 --
1141 2335 1370 2374 NATALIS
1417 2335 1738 2376 SANCTORUI
1787 2334 2050 2382 TlBL‘RTll,

978 2423 1270 2465 VALERIANI
1293 2420 1320 2450 ⁸
1346 2423 1414 2464 ΕΤ
1443 2423 1667 2463 mini.

553 2529 788 2594 Praesta,
807 2541 1173 2597 quaesumus,
1193 2525 1568 2596 omnipotens
1587 2527 1762 2589 Deus,
1784 2528 1847 2578 ut
1868 2523 1972 2594 qui
1988 2537 2123 2578 san-

479 2623 702 2673 ctorum
727 2621 964 2670 tuorum
983 2613 1248 2678 Tiburtii,
1271 2611 1564 2668 Valeriani
1593 2619 1648 2667 et
1674 2612 1900 2666 Maximi
1921 2611 2122 2666 solem-

479 2703 582 2760 nia
611 2701 882 2764 colimus,
923 2715 1132 2755 eorum
1185 2701 1360 2754 etiam
1402 2697 1650 2755 virtutes
1679 2699 1982 2755 imitemur.
2013 2699 2122 2753 Per

481 2792 798 2848 Dominum
835 2793 1124 2843 nostrum.

551 2879 738 2948 Super
763 2877 966 2932 oblata.
995 2877 1282 2930 —Hostia
1294 2875 1440 2941 haec,
1461 2890 1831 2947 quaesumus,
1847 2873 2116 2940 Domine,

478 2983 658 3038 quam
675 2973 1005 3021 sanctorum
1021 2969 1248 3019 tuorum
1266 2965 1524 3019 natalitia
1540 2969 1911 3019 recensentes
1932 2963 2122 3018 oﬂeri-

2149 1726 2198 1784 B

2231 459 2575 514 sequamur.
2616 447 2740 500 Per.

2294 531 2482 600 Super
2501 533 2702 590 oblata.
2731 565 2800 574 --
2821 535 3081 603 Munera,
3136 535 3396 606 Domine,
3427 537 3629 595 oblata
3659 545 3871 599 sancti-

2228 619 2362 688 ﬁca,
2403 627 2478 678 et.
2501 623 2898 678 intercedente
2925 623 3090 678 beato
3121 623 3371 692 Georgio
3429 633 3678 698 martyre
3749 636 3866 688 tuo.

2229 723 2340 762 nos
2387 723 2489 778 per
2535 710 2661 765 haec
2707 727 2744 766 a
2791 716 3162 781 peccatorum
3222 717 3564 770 nostrorum
3621 719 3869 774 maculis

2229 796 2515 852 emunda.
2556 797 2665 854 Per
2691 799 3014 854 Dominum
3043 803 3340 855 nostrum.

2297 885 2606 954 Prw/alio.
2635 917 2703 926 —
2725 886 2871 942 Vere
2907 887 3152 956 dignum
3173 893 3232 942 et
3237 887 3472 958 justum
3501 895 3606 958 est,
3639 909 3866 965 aequum

2230 981 2288 1027 et
2315 973 2594 1040 salutare,
2623 989 2734 1029 nos
2755 975 2856 1030 tibi
2887 992 3122 1046 semper
3143 983 3197 1030 et
3213 976 3430 1047 ubique
3446 981 3865 1056 gratiasagere,

2231 1062 2478 1116 Domine
2495 1069 2719 1129 sancte,
2747 1063 2917 1118 Pater
2931 1065 3330 1134 omnipotens,
3347 1071 3562 1122 aeterne
3585 1069 3740 1124 Deus
3767 1088 3870 1142 per

2230 1148 2526 1204 Christum
2553 1151 2871 1206 Dominum
2903 1159 3162 1206 nostrum
3197 1169 3209 1206 :
3239 1168 3346 1224 pro
3399 1155 3572 1226 cujus
3621 1159 3869 1215 nominis

2229 1239 2574 1294 veneranda
2625 1239 3018 1308 confessione,
3059 1240 3265 1295 beatus
3323 1249 3543 1314 martyr
3589 1246 3870 1316 Georgius

2227 1325 2461 1382 diversa
2480 1326 2774 1398 supplicia
2784 1327 3078 1393 sustinuit,
3094 1328 3578 1396 eteadevincens,
3595 1347 3870 1390 coronam

2227 1415 2632 1486 perpetuitatis
2663 1415 3127 1486 promeruit.Per
3141 1433 3322 1488 quem
3345 1418 3692 1488 Majestatem
3713 1429 3868 1478 tuam

2297 1502 2393 1558 Ad
2417 1503 2856 1572 Comptendum.
2881 1535 2952 1544 —
2983 1503 3140 1560 Beati
3171 1504 3403 1574 Georgii
3445 1509 3731 1579 martyris
3762 1510 3864 1578 tui,

2227 1591 2499 1655 Domine,
2539 1591 2840 1662 sufiragiis
2868 1599 3165 1660 exoratus,
3193 1601 3471 1666 percepta
3500 1601 3864 1655 sacramenti

2227 1678 2312 1735 tui
2341 1695 2452 1736 nos
2483 1681 2696 1736 virtute
2719 1680 2992 1736 defende.
3021 1681 3151 1736 Per.

2334 1809 2414 1850 vii
2442 1793 2592 1866 (357)
2613 1806 2638 1835 ο
2667 1810 2788 1850 me.
2825 1811 2958 1848 ium.
2985 1825 3057 1835 —
3119 1811 3348 1852 unus
3379 1813 3564 1854 SANCTI
3591 1815 3758 1857 HAEC]

2855 1899 2994 1936 EVAN
3002 1899 3254 1940 GELISTAE.

2303 1988 2476 2055 Deus,
2505 1986 2608 2058 qui
2629 1987 2876 2042 beatum
2932 1990 3190 2044 Marcum
3237 1991 3656 2062 evangelistam
3701 1999 3866 2052 tuum

2233 2076 2590 2144 evangelicae
2619 2075 3054 2146 praedicationis
3073 2078 3622 2146 gratiasubiimasti,
3657 2083 3868 2150 tribue,

2231 2179 2606 2236 quaesumus,
2636 2163 2760 2234 ejus
2779 2180 2890 2219 nos
2903 2180 3138 2236 semper
3167 2173 3218 2220 et
3233 2169 3562 2224 eruditione
3582 2170 3872 2241 proﬁcere

2231 2259 2288 2307 et
2311 2251 2579 2306 oratione
2599 2251 2860 2306 defendi.
2893 2255 3018 2309 Per.

2299 2341 2484 2407 Super
2501 2338 2813 2394 oblata.—
2849 2342 3009 2395 Beati
3036 2342 3212 2396 Marci
3235 2343 3608 2414 evangelista:
3639 2347 3724 2402 tui
3773 2364 3869 2404 so-

2229 2427 2532 2483 lemnitate
2555 2427 2658 2482 tibi
2697 2442 2948 2482 munera
2975 2430 3323 2496 deferentes,
3363 2447 3729 2503 quaesumus,
3761 2437 3871 2493 Do—

2230 2517 2405 2580 mine,
2435 2521 2500 2570 ut
2527 2515 2678 2570 sicut
2691 2514 2858 2570 illum
2873 2515 3212 2587 praedicatio
3227 2520 3576 2588 evangelica
3599 2522 3736 2578 fecit
3751 2524 3871 2594 glo-

2229 2605 2475 2668 riosum,
2500 2605 2582 2659 ita
2609 2619 2720 2658 nos
2749 2605 2880 2674 ejus
2909 2604 3254 2663 intercessio
3283 2615 3341 2662 et
3381 2611 3555 2665 verbo
3607 2617 3662 2666 et
3691 2627 3870 2684 opere

2229 2692 2338 2749 tibi
2361 2691 2573 2748 reddat
2595 2699 2884 2763 acceptos.
2917 2692 3048 2748 Per.
3727 2751 3734 2760 λ

2298 2781 2600 2850 Praefatio.
2627 2811 2696 2820 -—
2729 2783 2867 2836 Vere
2891 2780 3138 2850 dignum
3163 2789 3217 2838 et
3241 2784 3475 2852 justum
3499 2793 3610 2856 est,
3635 2803 3866 2860 (equum

2229 2875 2286 2924 et
2311 2869 2392 2924 sal
2403 2875 2583 2933 utare,
2599 2884 2710 2925 nos
2725 2869 2829 2923 tibi
2856 2884 3091 2940 semper
3107 2876 3159 2925 et
3185 2871 3398 2942 ubique
3423 2875 3646 2942 gratias
3664 2892 3868 2946 agere,

2229 2957 2476 3012 Domine
2499 2965 2718 3020 sancte,
2737 2956 2907 3011 Pater
2927 2969 3318 3030 omnipotens,
3344 2965 3556 3016 aeterne
3584 2963 3872 3034 Deus,per

479 3071 635 3123 mus,
665 3061 720 3110 et
741 3055 978 3108 vincula
999 3059 1213 3108 nostrae
1240 3053 1548 3123 pravitatis
1590 3051 1882 3116 absolvat,
1922 3059 1976 3105 et
2007 3057 2118 3106 tuae

2245 3045 2526 3100 Christum
2551 3045 2870 3098 Dominum
2887 3051 3159 3099 nostrum
3183 3063 3200 3100 :
3221 3049 3392 3118 cujus
3417 3051 3608 3118 gratia
3625 3051 3871 3106 beatum

481 3143 654 3198 nobis
685 3141 1087 3196 misericordia:
1121 3141 1284 3195 dona
1299 3141 1586 3194 conciliet.
1621 3139 1756 3194 Per.

551 3229 866 3298 Erae/alio.
895 3259 962 3267 —
987 3229 1131 3282 Vere
1161 3227 1412 3296 dignum
1431 3233 1486 3282 et
1502 3227 1724 3296 juStum
1747 3231 1853 3293 est,
1875 3241 2118 3297 aequum

477 3320 820 3380 etsalutare,
857 3331 959 3371 nos
978 3315 1079 3369 tibi
1105 3331 1342 3385 semper
1367 3316 1656 3386 etubique
1670 3315 1891 3384 gratias
1918 3329 2116 3384 agere,

475 3405 728 3460 Domine
755 3411 975 3468 sancte,
1001 3406 1168 3457 Pater
1191 3405 1584 3473 omnipotens,
1609 3409 1826 3457 aeterne
1857 3403 2009 3456 Deus
2032 3419 2042 3454 :
2063 3408 2120 3456 et

476 3499 530 3549 te
554 3495 614 3548 in
646 3497 982 3548 sanctorum
1011 3499 1338 3560 martyrum
1368 3499 1606 3546 tuorum
1639 3490 1948 3545 festivitate
1987 3490 2122 3545 lau-

477 3581 644 3650 dare,
667 3580 770 3652 qui
801 3595 1036 3650 semper
1055 3595 1118 3634 es
1144 3578 1436 3633 mirabilis
1454 3583 1515 3633 in
1529 3585 1762 3634 tuorum
1781 3593 2122 3634 commemo-

473 3669 703 3724 ratione
721 3675 1090 3734 sanctorum,
1109 3673 1165 3721 et
1183 3683 1274 3721 ina
1284 3681 1413 3737 gnaa
1431 3667 1568 3722 fidei
1587 3667 1817 3736 largiris
1830 3666 2118 3735 affectum,

474 3761 531 3812 et
557 3756 934 3812 tolerantiam
965 3755 1172 3810 tribuis
1205 3757 1574 3824 passionum,
1607 3761 1664 3810 et
1684 3757 1910 3826 antiqui
1929 3755 2117 3810 hostis

473 3843 621 3900 facis
653 3846 921 3915 superari
949 3843 1639 3914 machinamentum,quo
1661 3845 1881 3911 egregii
1908 3851 2120 3913 marty-

474 3945 568 3986 res
581 3931 665 3986 tui
679 3931 754 3984 ad
773 3929 1120 4001 capiendam
1137 3945 1522 4000 supernorum
1539 3930 1960 3984 beatitudinem
1975 3947 2122 4002 pra:-

478 4019 714 4074 miorum
754 4018 931 4072 nullis
967 4017 1360 4089 impediantur
1383 4017 1724 4073 retinaculis
1755 4017 2120 4074 blandimen-

473 4111 692 4161 torum.
715 4105 817 4159 Per
845 4105 1160 4160 Christum.

543 4193 639 4247 Ad
689 4192 1119 4260 Complendum.
1164 4222 1230 4232 ——
1279 4193 1514 4248 Caelesti
1565 4208 1806 4248 munere
1838 4193 2116 4264 saginati,

471 4295 845 4351 quaesumus,
877 4278 1128 4334 Domine
1153 4279 1308 4334 Deus
1323 4287 1540 4348 noster,
1561 4281 1754 4337 uthaac
1779 4283 1950 4338 nobis
1978 4283 2118 4342 (355)

2231 3135 2488 3188 Marcum
2514 3133 2573 3186 in
2602 3133 2992 3186 sacerdotium
3017 3134 3210 3202 elegit,
3235 3136 3513 3192 doctrina
3533 3139 3610 3192 ad
3659 3140 3872 3209 praedi-

2231 3212 2386 3276 cand
2395 3237 2493 3274 um
2525 3220 2758 3284 erudiit,
2776 3222 3038 3290 potentia
3048 3225 3125 3276 ad
3139 3227 3642 3293 perseverandum
3659 3229 3876 3282 contir-

2229 3311 2432 3373 mavit,
2453 3315 2516 3363 ut
2545 3323 2650 3379 per
2663 3307 3356 3366 sacerdotaleminfulum
3373 3313 3522 3384 (358)
3541 3316 3873 3384 perveniret

2231 3398 2304 3452 ad
2315 3397 2585 3467 martyrii
2601 3397 2855 3467 palmam
2876 3414 2890 3464 ;
2923 3399 3260 3469 docensque
3277 3401 3563 3472 subditos,
3583 3403 3874 3458 instruens

2229 3485 2468 3540 vivendi
2497 3485 3170 3555 exemplo,conﬁrmans
3183 3490 3488 3558 patiendo,
3515 3491 3595 3545 ad
3627 3499 3676 3546 te
3704 3507 3876 3546 coro-

2227 3574 2384 3628 nand
2394 3590 2461 3627 us
2475 3573 2821 3644 perveniret,
2837 3574 2933 3643 qui
2955 3581 3404 3644 persecutorum
3425 3579 3617 3632 minas
3635 3579 3876 3649 intrepi-

2228 3663 2343 3717 dus
2359 3667 2710 3732 superasset.
2739 3660 2918 3732 Cujus
2949 3663 3330 3733 interventus,
3347 3681 3477 3732 nos,
3501 3681 3868 3736 quaesumus,

2229 3765 2267 3804 a
2293 3751 2514 3805 nostris
2545 3749 2790 3804 mundet
2819 3749 3068 3816 delictis,
3083 3766 3189 3822 qui
3209 3751 3313 3806 tibi
3335 3753 3556 3823 placuit
3585 3761 3670 3810 tot
3688 3755 3873 3810 dono-

2227 3853 2362 3892 rum
2393 3837 2822 3908 praerogativis.
2853 3837 2963 3892 Per
2982 3853 3166 3909 quem
3197 3841 3578 3911 Majestatem.

2933 3923 3140 3982 dB.R.

2297 4010 2393 4066 Ad
2423 4011 2864 4080 Complendum.
2887 4041 2948 4052 -
2975 4013 3260 4070 Tribuant
3285 4013 3475 4081 nobis,
3495 4031 3872 4088 quaesumus,

2229 4099 2485 4164 Domine,
2500 4101 2849 4156 continuum
2863 4101 2979 4172 85
3001 4107 3100 4157 tua
3113 4111 3322 4158 sancta
3343 4105 3691 4175 praesidium
3704 4109 3878 4176 quod

2227 4187 2380 4242 beati
2400 4189 2576 4243 Marci
2596 4191 2973 4259 evangelistaa
2988 4193 3066 4243 tui
3082 4191 3353 4260 precibus
3365 4207 3478 4248 nos
3493 4194 3570 4248 ab
3599 4195 3882 4250 omnibus

2229 4291 2454 4347 semper
2485 4285 2718 4332 tueatur
2755 4277 3036 4333 adversis.
3067 4278 3194 4334 Per.

473 4369 636 4423 dona
651 4373 970 4440 martyrum
989 4369 1754 4426 tuorumintercessiabeata
1769 4371 2114 4427 sanctificat.
2152 4410 2198 4468 υ
2298 4407 2356 4445 ιν
2379 4406 2645 4446 “um”
2667 4407 2804 4446 κω,
2833 4422 2905 4431 __
2930 4407 3154 4447 “nus
3177 4408 3366 4448 5mm,
3399 4395 3543 4456 (359)
3585 4411 3801 4452 unus

471 4458 599 4520 Per,

571 4559 691 4634 84
715 4577 774 4616 ix
803 4576 925 4618 ne.
957 4577 1092 4617 nu.
1125 4590 1194 4602 --
1223 4577 1458 4618 manus
1503 4579 1690 4621 SANCTI
1734 4579 1954 4621 GEORGII
1979 4563 2010 4608 ι)

1147 4667 1441 4708 HARTYRIS.

547 4766 720 4832 Deus,
753 4765 858 4836 qui
883 4781 992 4822 nos
1019 4765 1176 4822 beati
1209 4766 1438 4838 Georgii
1462 4767 1741 4840 martyris
1775 4768 1856 4824 tui
1904 4769 2117 4826 meritis

475 4857 532 4910 et
553 4853 972 4909 intercessione
995 4855 1279 4925 laetificas,
1306 4857 1567 4912 concede
1595 4857 1888 4928 propitius
1913 4865 1974 4914 ut
2018 4857 2116 4930 qui

545 5037 572 5070 ι
602 5028 1124 5103 DeestMaximiin
1173 5029 1307 5096 Cod,
1367 5033 1504 5101 Reg.
1537 5032 1700 5087 Suec.
1763 5031 1826 5084 In
1879 5031 2116 5103 Kalend,

473 5099 629 5170 Rom.
660 5101 853 5170 legitur
887 5103 1268 5156 Maximiani.
1303 5099 1568 5155 Observat
1595 5103 1750 5154 Joan.
1805 5103 2026 5166 Fronto,
2061 5099 2116 5158 in

472 5169 905 5246 KalendJliom”
933 5172 1188 5227 Maximi
1225 5187 1436 5225 nomem
1477 5187 1532 5225 in
1563 5173 1958 5242 Antiphonario
1985 5190 2117 5246 quo-

473 5257 579 5312 que
607 5257 888 5295 omissum.

544 5311 574 5353 ι)
603 5315 768 5365 Abest
798 5319 1116 5381 martyrisa
1145 5309 1416 5385 Kalend._
1440 5310 1598 5385 Rom.
1671 5311 1729 5365 In
1779 5312 1914 5371 Cod.
1975 5315 2112 5385 Reg.

475 5383 633 5446 Suec,
663 5389 786 5452 post
809 5389 988 5436 natat.
1007 5384 1191 5437 sancti
1209 5383 1461 5451 Georgii,
1495 5383 1696 5452 legitur
1721 5389 1773 5440 et
1801 5385 1994 5440 sancti
2020 5383 2116 5441 ae-

472 5453 598 5524 gutz’
611 5455 875 5524 episcopi.

543 5535 568 5563 ο
596 5525 656 5578 ln
685 5521 917 5578 Kalend.
947 5523 1102 5577 Rom.
1131 5527 1184 5576 et
1209 5521 1264 5576 in
1289 5521 1431 5578 Edit.
1477 5521 1708 5593 Pamel.,
1770 5525 2118 5580 consentien-

475 5589 624 5674 tibus
653 5593 790 5650 Mss.
822 5595 957 5672 Reg.
991 5593 1174 5668 Suec.,
1205 5593 1389 5668 ,duob.
1459 5589 1724 5674 Theoder.
1787 5603 1841 5653 et
1877 5597 2113 5670 Gemet.,

2871 4491 2897 4519 °
2925 4495 3219 4535 MARTYRIS.

2299 4583 2921 4654 Praesta,quaasumus,
2945 4585 3325 4656 omnipotens
3339 4585 3506 4651 Deus,
3533 4591 3598 4642 ut
3631 4588 3882 4645 interce-

2226 4671 2587 4727 dentebeato
2609 4671 2784 4726 Vitale
2801 4677 3054 4743 martyre
3085 4677 3203 4742 tuo,
3234 4679 3286 4730 et
3321 4691 3355 4730 a
3374 4676 3594 4730 cunctis
3615 4675 3884 4732 adversi-

2226 4760 2446 4815 tatibus
2463 4759 2782 4814 liberemur
2800 4759 2862 4815 in
2879 4776 3147 4832 corpore,
3171 4768 3274 4818 eta
3289 4765 3488 4834 pravis
3505 4766 3886 4834 cogitationi-

2225 4847 2336 4902 bus
2365 4846 2389 4888 ε
2419 4847 2782 4904 mundemur
2807 4851 2866 4904 in
2895 4857 3098 4906 mente.
3122 4851 3226 4906 Per
3239 4851 3550 4908 Dominum
3587 4859 3882 4909 nostrum.

2295 4937 2474 5006 Super
2497 4937 2808 4992 oblata.—
2846 4942 3104 5010 Accepta
3154 4940 3228 4994 sit
3279 4940 3342 4996 in
3399 4947 3723 5014 conspectu
3751 4949 3888 5001 tuo:

2223 5103 2461 5160 Litam‘a
2501 5107 2701 5172 major,
2749 5103 2896 5178 nulla
2943 5107 3120 5162 sancti
3162 5107 3319 5163 Marci
3375 5109 3519 5164 facta
3579 5111 3884 5178 mentione,

2224 5184 2590 5246 praeterquam
2619 5179 2761 5245 apud
2783 5177 3026 5242 Pamel,,
3053 5179 3144 5232 ubi
3169 5180 3309 5233 intra
3349 5181 3580 5235 uncinos
3641 5177 3888 5237 includi-

2229 5257 2347 5328 tur”:
2381 5247 2650 5328 Q/ﬁcz'am
2676 5255 2856 5328 sancti
2883 5249 3090 5315 Marci,
3106 5253 3252 5320 quod
3283 5249 3570 5322 signiticet
3595 5252 3656 5308 in
3698 5256 3886 5328 autiq.

2225 5315 2503 5386 codicibus
2535 5317 2849 5372 desmerari.
3123 5315 3139 5320 ”
3335 5315 3361 5386 ῖ

2297 5385 2324 5425 d
2353 5386 2412 5462 id
2437 5395 2516 5440 est
2580 5387 3028 5462 Benedigtiqnqn
3051 5391 3295 5462 require.

2295 5468 2321 5526 ἒ
2351 5457 2520 5512 Abest
2545 5460 2828 5526 martyris
2855 5458 2924 5512 ab
2953 5459 3051 5516 Ed.
3073 5457 3273 5522 Pamel.
3299 5469 3352 5518 et
3378 5481 3410 5519 a
3439 5465 3670 5522 Kalend.
3715 5469 3892 5526 Rom.

2263 5525 2908 5614 “fiPamolqreluctante
2933 5533 3063 5590 Cod.
3097 5535 3233 5612 Reg.
3263 5538 3421 5595 Suec.
3444 5545 3499 5594 et
3523 5537 3649 5596 aliis
3699 5525 3891 5614 Mss.,

2229 5597 2543 5686 liberemur
2581 5600 2640 5662 in
2665 5607 2838 5659 mente
