4092 6200
197 143 374 176 π’

214 255 302 318 101
1394 243 1604 308 LIBER
1642 238 2321 315 SACRAMENTORUM.

3442 254 3554 314 102

211 384 442 450 Domine,
455 383 652 436 nostra
680 379 940 446 devotio,
963 379 1158 450 etejus
1175 377 1344 435 nobis
1371 378 1475 434 fiat
1501 377 1800 449 supplica-
1834 384 1882 443 Α
1907 374 1967 430 lii
1994 375 2097 441 tui,
2131 377 2210 432 ad
2234 379 2622 436 conterendas
2641 379 2951 452 potestatis
2983 380 3250 438 adversae
3288 383 3552 452 insidias,

210 478 335 531 tione
350 469 624 533 salutaris,
655 484 764 541 pro
791 471 964 540 cujus
978 468 1349 524 solemnitate
1361 465 1638 522 defertur.
1667 466 1792 521 Per.

261 558 774 626 AdComptendum.
803 587 874 598 —
924 556 1201 622 Exsultat,
1236 555 1503 623 Domine,
1544 554 1802 625 papulus

207 659 314 707 tuus
331 650 381 703 in
403 647 583 702 sancti
613 647 691 702 tui
721 645 1292 702 commemoratione
1324 644 1805 714 Vitalis,etcujus

210 739 358 794 votivo
368 736 580 790 laetatur
616 734 1127 803 oﬂicio,suﬂ‘ragio
1144 733 1430 788 relevetur
1450 735 1800 802 optato.Per.

204 839 427 882 ωηοιε
465 839 598 876 IAN.
638 853 707 862 —
738 838 970 877 ωλι-ωε
993 833 1019 863 ³
1050 836 1370 876 ΞΔΝΟΤΟΒΗΙ
1413 835 1804 876 ΛΡΟΒΤΟιΟΒυΜ

686 926 924 966 ΡΗιωΡΡι
963 926 1028 965 ΕΤ
1072 925 1286 966 JACOBI.

257 1004 403 1066 Deus,
418 1000 518 1072 qui
541 1014 656 1056 nos
669 1015 874 1055 annua
885 999 1284 1071 apostolorum
1298 1004 1525 1053 tuorum
1544 995 1807 1067 Philippi-

201 1096 244 1146 et
261 1089 443 1144 Jacobi
473 1088 873 1143 solemmitate
898 1087 1172 1152 laetificas,
1192 1089 1798 1157 praesta,qusesumus,

199 1184 247 1232 ut
267 1191 504 1248 quorum
530 1175 870 1246 gaudemus
881 1174 1494 1241 meritis,instruamur
1505 1171 1802 1242 exemplis.

196 1265 301 1320 Per.

245 1353 408 1422 Super
430 1351 740 1408 obtata.—
759 1353 1016 1415 Munera,
1037 1351 1308 1406 Domine.
1368 1365 1494 1420 quae
1523 1365 1632 1420 pro
1661 1363 1806 1420 apo-

193 1441 438 1497 stolorum
464 1446 709 1496 tuorum
723 1438 978 1511 Philippi
995 1445 1052 1494 et
1078 1437 1288 1495 Jacobi
1306 1437 1699 1494 solemmitate
1713 1437 1807 1492 de-

189 1529 416 1593 ferimus,
450 1527 745 1600 propitius
769 1528 1030 1600 suscipe,
1057 1532 1114 1584 et
1132 1525 1672 1598 malaomnia,quse
1699 1543 1808 1580 me-

190 1633 372 1680 remur,
401 1625 619 1679 averte.
653 1619 774 1671 Per.

1909 480 2015 519 nos
2037 465 2096 519 in
2141 472 2254 520 tuae
2284 469 2662 537 protectionis
2693 469 3004 524 securitate
3052 471 3388 528 constituat.
3449 473 3557 529 Per

1911 553 2208 607 eumdem.

1979 640 2281 709 Prae/atto.
2315 673 2380 683 —
2410 645 2549 698 Vere
2577 645 2828 713 dignum
2856 649 2912 699 et
2937 645 3159 714 justum
3190 651 3299 713 est,
3332 664 3554 720 aequum

1911 734 1968 784 et
1998 729 2273 798 salutare,
2303 747 2406 784 nos
2424 732 2524 786 tibi
2538 747 2774 802 semper
2795 738 2849 786 et
2872 733 3094 804 ubique
3108 737 3326 803 gratias
3356 752 3552 806 agere,

1912 818 2155 872 Domine
2176 825 2393 883 sancte,
2435 818 3012 891 Pateromnipotens,
3028 827 3244 879 aeterne
3266 827 3434 889 Deus,
3452 842 3556 897 per

1910 905 2201 961 Christum
2227 907 2534 962 Dominum
2567 912 2841 965 nostrum
2868 925 2880 962 :
2907 910 3010 980 qui
3033 910 3182 980 (364)
3211 928 3310 982 per
3340 916 3560 984 passio-

1911 1010 2049 1050 nem
2075 996 2262 1050 crucis
2294 995 2586 1051 mundum
2614 997 2881 1061 redemit,
2927 1002 2983 1051 et
3035 1001 3296 1070 antiquae
3325 1003 3556 1058 arboris

1912 1081 2332 1136 amarissimum
2347 1089 2578 1152 gustum
2593 1083 2785 1138 crucis
2799 1085 3182 1141 medicamine
3197 1088 3556 1157 indulcavit;

1913 1176 2258 1240 mortemque
2271 1188 2303 1241 (ι
2314 1187 2400 1225 uae
2411 1171 2736 1243 perlignum
2770 1173 3005 1229 vetitum
3023 1181 3280 1243 venerat,
3306 1193 3404 1247 per
3415 1177 3560 1249 ligni

1912 1261 2201 1327 trOpaeum
2223 1258 2455 1324 devicit,
2488 1266 2550 1314 ut
2574 1261 2829 1316 mirabili
2855 1279 2973 1317 suae
2999 1262 3234 1335 pietatis
3256 1265 3563 1338 dispensa-

1913 1347 2090 1409 tione,
2117 1344 2221 1416 qui
2243 1361 2344 1418 per
2369 1346 2514 1417 ligni
2536 1353 2780 1418 gustum
2807 1365 2843 1404 a
2863 1349 3138 1422 ﬂorigera
3155 1353 3292 1408 sede
3309 1353 3562 1411 dicesse-

1911 1448 2138 1496 ramus,
2169 1449 2272 1505 per
2283 1436 2470 1490 crucis
2492 1435 2723 1507 lignum
2746 1437 2822 1492 ad
2846 1439 3105 1508 paradisi
3123 1441 3346 1511 gaudia
3364 1445 3560 1501 redea-

1912 1538 2058 1576 mus.
2101 1522 2211 1577 Per
2234 1539 2437 1595 quem.

1984 1625 2009 1653 ε
2034 1613 2381 1670 Benedictio.
2396 1644 2461 1654 —
2477 1613 2794 1670 Benedicat
2813 1615 2981 1671 vobis
2994 1616 3369 1689 omnipotens
3387 1623 3559 1690 Deus,

244 1705 525 1773 Pra'fatio.
561 1735 631 1744 —
661 1704 800 1759 Vere
839 1702 1090 1775 dignum
1113 1710 1169 1759 et
1197 1704 1421 1774 justum
1442 1707 1548 1769 est,
1572 1719 1802 1775 aequum
1823 1685 1881 1792 ’Β
1911 1701 2013 1792 qui
2045 1718 2144 1771 per
2176 1703 2466 1792 Unigeniti
2486 1701 2579 1792 sui
2599 1705 2830 1758 Domini
2855 1685 3191 1760 nostriJesu
3208 1708 3413 1764 Christi
3433 1685 3565 1781 pas;

190 1801 232 1846 et
254 1793 628 1856 salutare,nos
645 1792 750 1847 tibi
786 1807 1024 1863 semper
1047 1797 1102 1846 et
1122 1793 1341 1864 ubique
1359 1793 1580 1860 gratias
1602 1807 1800 1861 agere,

1912 1790 2141 1844 sionem
2152 1791 2402 1844 etcrucis
2415 1791 2738 1860 patibulum
2753 1806 2937 1860 genus
2953 1794 3203 1850 redemit
3215 1795 3557 1852 humanum.

190 1880 396 1934 Domine
417 1879 1479 1951 sancte,Pater,omnipotens,aeterne
1502 1881 1801 1950 Deus:qui
1909 1884 2118 1933 Amen.
2151 1879 2746 1950 Concedatquevobis
2778 1887 2990 1935 utcum
3007 1883 3288 1938 omnibus
3320 1888 3560 1953 sanctis,

190 1969 468 2023 Ecclesiam
491 1976 660 2022 tuam
691 1970 751 2023 in
778 1969 1108 2039 apostolica
1133 1967 1425 2022 soliditate
1454 1967 1802 2032 ﬁrmasti,de

188 2072 405 2127 quorum
436 2057 737 2111 consortio
758 2061 900 2110 sunt
929 2055 1080 2110 beati
1104 2055 1410 2126 Philippus
1440 2061 1498 2109 et
1520 2055 1801 2110 Jacobus.

187 2159 403 2215 quorum
423 2144 731 2215 passionis
759 2143 936 2198 hodie
952 2144 1096 2199 festa
1111 2151 1804 2214 veneramur;poscentes

188 2234 384 2288 utsicut
411 2249 628 2288 eorum
654 2231 940 2287 doctrinis
987 2233 1355 2297 instruimur,
1399 2232 1482 2287 ita
1518 2232 1806 2304 exemplis

185 2322 510 2383 muniamur,
530 2326 591 2375 et
619 2319 898 2391 precibus
950 2319 1324 2390 adjuvemur.
1352 2319 1461 2375 Per
1509 2319 1803 2376 Christum

187 2407 465 2464 Dominum
495 2415 805 2464 nostrum.

789 2503 934 2573 (360)
988 2506 1049 2562 Β.
1100 2507 1164 2560 R.

237 2610 311 2665 Ad
339 2610 768 2680 Comptendum.
783 2641 854 2652 —
871 2610 1520 2677 Quaesumus,Domine,
1537 2610 1808 2668 salutari-

181 2697 271 2753 bus
295 2699 491 2771 repleti
525 2699 850 2770 mysteriis,
879 2704 1217 2769 utquorum
1248 2701 1526 2771 mysteria
1556 2699 1810 2755 celebra-

183 2801 310 2854 mus,
339 2803 544 2842 eorum
568 2787 944 2842 orationibus
956 2786 1053 2858 adj
1066 2787 1446 2842 uvemur.Per
1469 2788 1806 2842 Dominum.

233 2874 394 2943 Super
403 2875 777 2946 papulum.—
801 2875 1107 2930 Beatorum
1133 2875 1541 2947 apostolorum
1563 2875 1812 2947 Philippi

182 2964 421 3018 etlacobi
442 2965 681 3018 honore
702 2965 1004 3034 continuo,
1041 2963 1297 3033 Domine,
1323 2964 1494 3035 plebs
1523 2970 1624 3018 tua
1656 2979 1810 3018 sem-

182 3066 260 3120 per
286 3052 545 3117 exsultet,
574 3052 740 3106 ethis
771 3025 1110 3122 praesulibus
1143 3025 1523 3122 gubernetur,
1559 3067 1812 3123 quorum
1842 3051 1886 3114 C
1989 3025 2090 3079 Αίί

181 3144 224 3192 et
239 3139 506 3194 doctrinis
534 3140 768 3211 gaudet
791 3145 846 3194 et
900 3142 1143 3194 meritis.
1187 3139 1314 3196 Per.

182 3225 276 3298 86
312 3244 342 3281 v
368 3242 553 3285 noxas
577 3243 1021 3283 MAll.—NATALlS
1051 3244 1367 3282 saucroauu
1398 3228 1544 3300 (361)
1572 3243 1808 3282 ALEXAN-

572 3333 691 3378 Dai,
731 3331 946 3370 avrum
987 3332 1050 3370 nr
1088 3331 1380 3372 rneonom.

238 3403 459 3471 Praesta,
507 3419 883 3476 quaesumus,
918 3403 1303 3476 omnipotens
1333 3405 1510 3471 Deus,
1583 3410 1666 3471 ut,
1706 3404 1810 3476 qui

187 3500 500 3548 sanctorum
531 3498 782 3548 tuorum
823 3491 1413 3559 Alexandri,Eventii,
1445 3499 1502 3547 et
1533 3491 1812 3547 Theodoli

184 3579 416 3635 uatalitia
433 3580 711 3644 colimus,
745 3595 780 3634 a
807 3580 1035 3635 cunctis
1060 3579 1702 3635 malisimminentibus
1718 3595 1812 3636 eo-

182 3678 291 3720 rum
318 3666 860 3722 intercessionibus
888 3665 1230 3722 liberemur.
1264 3667 1364 3721 Per
1397 3667 1736 3723 Dominum.

238 3754 404 3824 Super
430 3756 673 3811 oblata.
694 3785 759 3794 —
775 3756 955 3824 Super
966 3754 1077 3809 has
1104 3755 1810 3821 Hostias,Domine,bene-

184 3837 328 3896 dictio
352 3842 613 3914 copiosa
639 3841 980 3906 descendat,
1008 3858 1138 3914 quae
1164 3847 1220 3898 et
1284 3843 1812 3900 sanctificationem

185 3928 328 3982 nobis
353 3930 690 3985 clementer
719 3935 1010 4001 operetur,
1033 3937 1088 3985 et
1117 3931 1190 3986 de
1214 3939 1547 4003 martyrum
1577 3947 1690 3987 nos
1723 3949 1814 3988 so-

184 4012 452 4072 lemnitate
492 4017 784 4073 laetiticet.
828 4020 950 4072 Per.

240 4104 318 4157 Ad
345 4105 792 4173 Comptendum.
813 4136 881 4145 —
903 4108 1078 4162 Pasce
1124 4122 1254 4173 nos,
1277 4107 1550 4172 Domine,
1577 4113 1816 4163 tuorum

186 4191 384 4256 gaudiis
399 4193 631 4265 ubique
658 4197 1023 4258 sanctorum,
1050 4193 1196 4265 quia
1218 4204 1437 4250 nostrae
1467 4195 1669 4250 salutis
1681 4211 1818 4266 aug-

185 4285 354 4336 menta
367 4288 528 4350 sunt,
559 4279 864 4352 quotidies
887 4281 999 4336 illis
1012 4282 1204 4336 honor
1217 4282 1595 4353 impenditur,
1611 4285 1670 4338 in
1683 4283 1816 4354 qui-

185 4363 273 4418 bus
289 4371 342 4421 tu
367 4368 670 4423 mirabilis
699 4368 1059 4439 praedicaris.
1096 4368 1219 4424 Per.

262 4471 428 4509 ῑοοεκ
471 4473 585 4510 me.
629 4487 683 4498 -
710 4456 861 4526 (362)
901 4455 931 4497 b
958 4472 1212 4512 INVENTIO
1251 4473 1466 4514 suam
1504 4473 1715 4513 cauus.

243 4542 403 4606 Deus,
415 4545 521 4616 qui
539 4545 605 4600 in
632 4545 919 4616 praeclara
931 4545 1236 4601 salutiferae
1250 4546 1442 4600 crucis
1460 4546 1814 4613 inventione,

187 4631 307 4699 (363)
333 4635 636 4703 passionis
667 4639 783 4688 tum
804 4633 1092 4689 miracula
1121 4633 1438 4698 suscitasti,
1461 4635 1742 4701 concede,
1761 4641 1822 4692 ut

190 4721 347 4775 vitalis
374 4723 518 4792 tigni
543 4721 762 4792 pretio,
787 4723 1168 4778 mternaavitae
1192 4721 1481 4793 suffragia
1492 4739 1820 4796 consequa-

194 4819 314 4862 mur.
343 4808 450 4874 Qui
484 4809 642 4864 vivis
682 4814 741 4864 et
760 4825 998 4878 regnas.

246 4894 420 4963 Super
449 4897 763 4966 papulum.
794 4927 864 4938 —
923 4898 1310 4963 Sacriﬁcium,
1370 4899 1624 4965 Domine,
1659 4900 1820 4972 quod

195 4977 855 5055 immolamus,placatus
876 4985 1204 5050 intende,ut
1230 4986 1309 5041 ab
1329 4986 1495 5043 omni
1510 5003 1620 5041 nos
1644 4993 1821 5044 exuat

195 5062 432 5124 bellorum
453 5086 572 5142 neq
586 5071 753 5137 uitia,
787 5077 844 5126 et
871 5087 974 5144 per
998 5072 1277 5128 vexillum
1293 5081 1507 5129 sanctae
1527 5074 1717 5130 crucis
1737 5076 1816 5131 Fi-

226 5244 347 5320 f__1_n
377 5247 514 5301 Edit.
575 5247 847 5320 Vatic.iet
907 5248 1199 5313 Gussanv.,
1268 5247 1446 5320 pridie
1513 5253 1820 5309 celebratur

199 5314 348 5390 vigilia
378 5327 694 5390 sanctorum
724 5318 942 5372 illorum
963 5314 1353 5390 apostolorum.

303 5383 351 5437 In
374 5389 609 5445 Kalend.
637 5391 814 5458 Rom,
851 5396 903 5443 et.
963 5383 1017 5443 in
1066 5391 1307 5458 antiquis
1345 5393 1544 5459 Codd.,
1593 5394 1818 5450 minime

202 5461 343 5522 exstat
383 5460 478 5512 hoc
513 5461 738 5515 festum.
781 5461 1022 5516 Habetur
1050 5470 1226 5517 tamen
1272 5463 1326 5518 in
1366 5465 1609 5520 secundo
1641 5465 1817 5522 Theo-

205 5519 625 5658 a'eégafdit.
695 5531 940 5600 Pamelii,
981 5535 1084 5590 etsi
1129 5535 1359 5592 fateatur
1388 5519 1596 5594 abesse
1633 5553 1666 5594 a
1709 5519 1818 5595 suo

1915 1968 2063 2036 (365)
2084 1982 2214 2038 quae
2239 1965 2314 2020 sit
2331 1967 2594 2037 ejusdem
2617 1969 2806 2022 crucis
2822 1969 3151 2041 longitudo,
3174 1969 3446 2042 latitudo,
3468 1991 3564 2029 su-

1913 2055 2176 2110 blimitas
2188 2061 2244 2110 et
2255 2054 2627 2125 profundum,
2643 2064 2828 2110 mente
2841 2057 3056 2113 devota
3067 2075 3193 2113 com
3201 2060 3564 2131 prehendere

1915 2143 2172 2214 possitis.
2201 2151 2407 2198 Amen.
2439 2145 2733 2208 Quatenus
2770 2147 3169 2217 vosmetipsos
3189 2148 3562 2218 abnegando,

1914 2247 2269 2302 crucemque
2295 2231 2606 2300 gestando,
2636 2231 2718 2286 ita
2748 2233 2805 2286 in
2864 2235 3176 2303 praesentis
3207 2236 3339 2290 vita:
3370 2237 3564 2292 stadio

1914 2318 2376 2386 Redemptorem
2412 2323 2684 2373 nostrum
2736 2319 2971 2388 possitis
2999 2323 3183 2392 sequi,
3218 2330 3280 2378 ut
3331 2325 3384 2378 ei
3415 2325 3566 2379 inter

1913 2405 2129 2462 choros
2159 2407 2508 2476 angelorum
2541 2413 2672 2477 post
2701 2406 2927 2462 obitum
2961 2410 3301 2465 mereamini
3331 2412 3562 2468 ascisci.

1915 2495 2124 2550 Amen.
2157 2495 2327 2560 Quod
2358 2494 2450 2549 ille
2481 2499 2786 2564 praestare,
2815 2500 2923 2550 etc.

1986 2581 2099 2652 87
2123 2585 2176 2639 A
2189 2583 2230 2636 d
2246 2582 2680 2652 Comptendum.
2703 2612 2771 2623 —
2793 2583 3014 2655 Repleti
3026 2584 3302 2642 alimonia
3318 2589 3566 2657 caelesti,

1917 2674 1976 2726 et
2002 2670 2245 2740 spiritali
2272 2671 2484 2740 poculo
2513 2671 2778 2734 recreati,
2802 2687 3168 2744 quaesumus,
3190 2669 3568 2747 omnipotens

1917 2760 2090 2824 Deus,
2120 2763 2184 2813 ut
2213 2759 2291 2813 ab
2312 2758 2477 2814 hoste
2509 2758 2770 2829 maligno
2800 2761 3109 2828 defendas,
3163 2779 3317 2834 quos
3361 2781 3467 2836 per
3494 2764 3568 2820 li-

1918 2863 2106 2918 gnum
2129 2852 2348 2902 sanctaa
2371 2847 2562 2902 crucis
2595 2846 2716 2902 Filii
2746 2847 2848 2916 tui,
2879 2864 3047 2904 arma
3065 2849 3302 2920 justitiae
3335 2869 3443 2923 pro
3474 2869 3568 2908 sa-

1917 2935 2038 2992 lute
2059 2936 2272 2991 mundi
2302 2936 2660 3006 triumphare
2686 2937 2937 3005 jussisti.
2971 2939 3077 3002 Qui
3103 2944 3319 2995 tecum.

2088 3025 2146 3078 r'a.
2167 3053 2238 3064 —
2256 3025 2427 3087 Deus,
2447 3024 2550 3095 qui
2572 3024 2777 3080 omnia
2802 3025 2986 3080 verbo
3006 3034 3099 3080 tuo
3117 3026 3321 3097 fecisti,
3352 3029 3572 3101 suppli-

1918 3128 2015 3168 ces
2027 3128 2374 3184 quaesumus
2386 3110 2746 3166 ineffabilem
2762 3113 3128 3169 clementiam
3141 3119 3326 3181 tuam,
3346 3124 3570 3189 utquos

1918 3217 2024 3273 per
2051 3201 2278 3270 lignum
2312 3208 2532 3255 sancta:
2558 3202 2748 3255 crucis
2775 3200 2898 3255 Filii
2931 3203 3012 3256 tui
3045 3203 3148 3273 pio
3177 3220 3383 3259 cruore
3415 3205 3568 3277 (366)

1917 3306 1980 3346 es
1997 3290 2273 3358 dignatus
2287 3289 2598 3354 redimere,
2617 3289 2894 3345 omnibus
2907 3291 2965 3346 in
2981 3297 3035 3347 te
3049 3292 3420 3350 credentibus
3437 3295 3564 3352 dira

1918 3377 2204 3450 serpentis
2221 3392 2445 3433 venena
2460 3377 2820 3448 exstinguas,
2837 3386 2894 3434 et
2914 3395 3016 3451 per
3032 3381 3282 3450 gratiam
3316 3383 3566 3454 Spiritus
3666 3375 3668 3378 ’

1917 3466 2103 3522 sancti
2119 3465 2392 3536 poculum
2405 3464 2608 3520 salutis
2621 3467 3156 3538 semperinfundas.
3174 3469 3276 3524 Per
3289 3471 3566 3527 eumdem.

1917 3606 2096 3645 PRlDlB
2123 3605 2294 3644 sonas
2319 3604 2453 3643 um.
2494 3618 2564 3627 —-
2608 3587 2635 3628 ά
2666 3605 2888 3644 manus
2917 3591 3070 3663 (367)
3121 3594 3308 3648 amari
3337 3610 3562 3650 JOANNIS

2392 3674 2530 3713 ANTE
2567 3674 2788 3714 PORTA!
2829 3676 3085 3716 LATINAI.

1993 3778 2165 3840 Deus,
2188 3774 2291 3846 qui
2320 3772 2611 3844 conspicis
2642 3773 2783 3844 quia
2794 3789 2903 3829 nos
2919 3774 3182 3847 undique
3196 3775 3360 3832 mala
3377 3782 3572 3834 nostra

1918 3864 2282 3936 perturbant,
2314 3868 2554 3934 praesta,
2613 3879 2962 3934 quaesumus,
3021 3870 3084 3919 ut
3108 3863 3268 3920 beati
3325 3867 3571 3921 Joannis

1921 3951 2176 4023 apostoli
2207 3951 2286 4005 tui
2300 3951 2641 4005 intercessio
2654 3952 2912 4019 gloriosa
2932 3967 3043 4006 nos
3063 3957 3351 4022 protegat.
3372 3954 3500 4008 Per.

1991 4040 2182 4109 Super
2222 4038 2436 4093 oblata.
2478 4068 2545 4077 —-
2567 4038 2901 4093 Muneribus
2933 4040 3167 4103 nostris,
3199 4056 3570 4108 quaesumus,

1923 4127 2192 4191 Domine,
2214 4125 2598 4197 precibusque
2628 4137 2653 4166 ο
2685 4126 2996 4196 susceptis,
3019 4133 3075 4182 et
3102 4127 3438 4183 coelestibus
3467 4144 3576 4184 nos

1924 4215 2145 4270 munda
2159 4212 2842 4284 mysteriis,etclementer
2856 4214 3093 4269 exaudi.
3113 4217 3222 4270 Per
3244 4217 3572 4272 Dominum.

1995 4302 2090 4356 Ad
2103 4301 2550 4369 Complendum.
2564 4330 2633 4340 —
2645 4300 3146 4369 Refecti,Domine,
3164 4319 3316 4375 pane
3331 4304 3573 4370 ccelesti,

1848 4396 1895 4456 D
1926 4390 2004 4447 ad
2031 4391 2230 4451 vitam,
2256 4404 2626 4460 quaesumus,
2652 4388 2988 4445 nutriamur
3016 4398 3316 4446 aeternam.
3339 4393 3464 4446 Per.

1926 4529 1986 4570 v1
2009 4527 2133 4569 inus
2159 4527 2298 4568 iam.
2326 4543 2395 4552 —
2419 4527 2652 4568 NATALIS
2684 4528 3002 4592 smel-onum
3049 4514 3198 4584 (368)
3224 4529 3480 4571 conmam
3507 4531 3573 4571 ar

2631 4598 2914 4638 EPIMACHI.

1998 4719 2101 4781 Da,
2114 4730 2482 4788 quaesumus,
2499 4713 2868 4786 omnipotens
2882 4693 3056 4783 Deus,
3076 4715 3251 4788 utqui
3268 4715 3573 4773 beatorum

1925 4804 2207 4861 Gordiani
2229 4808 2408 4876 atque
2432 4803 2733 4876 Epimachi
2755 4802 3047 4859 solemnia
3063 4804 3336 4869 colimus,
3365 4820 3572 4861 eorum

1927 4895 2090 4966 apud
2122 4901 2174 4948 te
2196 4893 2716 4948 intercessionibus
2743 4893 3107 4962 adjuvemur.
3141 4893 3269 4948 Per.

1999 4981 2180 5051 Super
2208 4982 2430 5036 oblata.
2455 5011 2521 5020 —
2544 4981 2772 5036 Hastias
2801 4981 2926 5047 tibi,
2963 4981 3227 5046 Domine,
3253 4980 3570 5037 beatorum

1928 5078 2261 5141 martyrum
2275 5068 2548 5126 Gordiani
2566 5075 2744 5141 atque
2770 5068 3073 5140 Epimachi
3096 5069 3324 5124 dicatas
3344 5068 3574 5126 meritis

1997 5260 2022 5289 ο
2053 5247 2344 5329 ἣθρθιιίῑυι·
2368 5245 2423 5300 in
2455 5243 2901 5310 Benedictionali,
2930 5245 2992 5300 In
3033 5245 3330 5315 festivitate
3357 5253 3572 5304 sanctae

1929 5319 2335 5442 Crfimésuiittitur
2360 5387 2459 5441 hoc
2491 5385 2683 5440 festum
2717 5387 2770 5440 in
2802 5386 3034 5442 Kalend.
3068 5389 3221 5444 Rom.
3269 5387 3420 5443 Illius
3445 5384 3567 5442 offi~

1926 5459 2068 5514 cium
2097 5459 2406 5530 continetur
2434 5457 2486 5530 in
2508 5457 2654 5530 Cod.
2699 5457 2842 5530 Reg.
2874 5458 3034 5517 Suec.

1996 5543 2022 5574 ο
2051 5531 2204 5588 Idem
2229 5529 2413 5588 Codex
2434 5528 2599 5587 habet
2643 5528 2938 5608 conceptis.
