4092 6200
513 219 624 286 103

1621 283 1624 286 λ
1721 219 2016 290 .SANGT‘I
2054 211 2396 282 GBEGORII
2436 217 2671 282 MAGNI

3794 209 3896 277 104

503 355 802 425 benignus
821 367 1076 418 assume:
1095 351 1240 408 θῖδά
1255 355 1608 424 Perpetuam
1629 352 1803 409 ηοδίε
1819 351 2006 408 tribue
2024 367 2156 423 Pl‘O'
2189 355 2236 414 Α
2267 367 2817 432 Domine,famulari
2831 365 3104 423 salutaris
3134 364 3298 420 cibus
3325 368 3384 420 et
3405 378 3570 420 sacer
3589 367 3764 435 potus
3785 363 3896 420 etii-

503 445 704 501 venire
723 441 1074 498 subsidium.
1101 440 1232 494 Per.

574 533 662 586 Ad
676 528 1108 600 Complendum.
1126 559 1192 567 —
1205 529 1573 594 Quaesumus,
1587 531 1958 601 omnipotens
1977 530 2152 596 Deus,

505 621 680 691 utqui
693 617 950 674 cmlestia
962 616 1242 671 alimenta
1255 617 1643 689 percepimus,
1661 617 2152 674 intercedentibus

503 707 722 763 sanctis
737 706 850 762 tuis
865 705 1168 760 Gordiano
1190 711 1368 776 atque
1385 707 1726 776 Epimacho,
1752 722 1855 778 per
1871 707 1998 762 haec
2016 721 2154 762 con-

499 803 590 852 tra
619 795 868 851 adversa
898 794 1098 848 omnia
1121 793 1467 848 muniamur.
1501 795 1630 849 Per.

537 901 591 940 V1
619 895 646 925 ι
675 899 792 938 mus
821 897 1054 936 MAll.—
1113 897 1344 934 manus
1395 881 1542 951 (369)
1592 897 1780 938 SANCTI
1829 897 2118 938 ramosam

1174 967 1472 1008 MABTYBIS.

571 1043 812 1112 Praesta,
873 1056 1245 1114 qumsumus,
1277 1041 1648 1110 omnipotens
1695 1041 1866 1104 Deus,
1931 1045 1992 1096 ut
2044 1038 2150 1112 qui

498 1131 657 1190 beati
673 1130 962 1186 Pancratii
981 1128 1268 1200 martyris,
1291 1129 1370 1182 tui
1387 1129 1651 1184 natalitia
1665 1130 1926 1196 colimus,
1955 1145 1992 1184 a
2006 1143 2148 1184 cun-

499 1220 606 1275 ctis
629 1218 804 1274 malis
829 1215 1273 1272 imminentibus
1303 1217 1422 1286 88
1457 1217 1586 1288 ejus
1617 1215 2147 1274 intercessionibus

496 1307 840 1365 liberemur.
873 1305 980 1362 Per
1004 1305 1344 1360 Dominum.

567 1397 769 1466 Super
783 1395 994 1450 oblata.
1013 1396 1352 1459 —-Munera,
1369 1409 1741 1465 quaesumus,
1764 1391 2146 1462 Domine,tibi

497 1485 696 1542 dicata
719 1483 1040 1546 sanctiﬁca,
1069 1487 1144 1547 et,
1176 1482 1573 1536 intercedente
1603 1481 1779 1538 beato
1838 1481 2148 1536 Pancratio

497 1577 754 1643 martyre
786 1575 908 1634 tuo,
936 1585 1040 1642 per
1069 1569 1282 1626 eadem
1311 1585 1423 1626 nos
1454 1569 1726 1643 placatus
1745 1569 2001 1626 intende.

1146 1675 1296 1744 (370)
1333 1677 1392 1730 Β.
1435 1677 1501 1732 n.

569 1767 749 1834 Super
773 1765 1077 1832 populum.
1111 1793 1176 1802 —
1198 1763 1358 1818 Beati
1410 1763 1702 1818 Pancratii
1733 1762 2008 1834 martyris
2035 1762 2140 1832 tui,

497 1855 756 1917 Domine,
775 1853 1190 1906 intercessione
1216 1851 1504 1920 placatus,
1523 1856 1762 1918 prmsta,
1784 1867 2142 1921 quaesumus,

395 1989 406 1998 .
499 1946 706 2012 utqute
723 1939 1030 2010 temporali
1043 1937 1414 1994 celebramus
1427 1941 1681 2004 actione,
1699 1945 1986 2010 perpetua
1997 1940 2086 2007 (37
2097 1944 2146 2010 1)

497 2027 847 2084 salutatione
877 2027 1202 2096 capiamus.
1237 2027 1365 2080 Per.

531 2133 590 2172 in
616 2133 734 2172 IDUS
778 2131 920 2169 ΜΑιι.
964 2144 1032 2155 -
1076 2113 1224 2184 (372)
1276 2129 1496 2168 manus
1524 2111 1554 2154 ι)
1585 2129 1802 2170 suum
1823 2129 2010 2168 usam
2041 2131 2112 2170 an

1169 2200 1471 2238 MARTYRES.

571 2273 854 2336 Concede,
879 2288 1140 2344 quassum
1153 2288 1238 2338 us,
1259 2273 1640 2342 omnipotens
1659 2274 1832 2340 Deus,
1852 2273 1929 2328 ad
1946 2289 2144 2329 eorum

497 2361 952 2431 gaudiamterna
977 2359 1328 2430 pertingere,
1345 2359 1416 2413 de
1429 2374 1678 2430 quorum
1693 2376 1802 2414 nos
1826 2360 2038 2416 virtute
2053 2362 2146 2418 tri-

494 2449 630 2505 bnis
655 2464 856 2503 annua
899 2447 1270 2502 solemnitate
1309 2447 1588 2516 gaudere.
1625 2448 1750 2502 Per.

567 2537 754 2606 Super
772 2537 992 2592 oblata.
1015 2566 1082 2575 —
1110 2536 1296 2606 Super
1320 2535 1452 2601 has,
1507 2551 1869 2606 quaesumus,
1897 2537 2140 2604 hostias,

495 2627 764 2688 Domine,
791 2623 1121 2680 benedictio
1143 2622 1387 2694 copiosa
1407 2623 1756 2686 descendat,
1778 2641 1911 2696 quas
1935 2632 1990 2680 et
2013 2643 2145 2682 san-

495 2712 912 2768 ctiﬁcationem
925 2711 1100 2766 nobis
1118 2711 1434 2766 clementer
1445 2719 1739 2782 operetur,
1760 2717 1818 2767 et
1833 2713 1907 2769 de
1930 2721 2148 2788 marty-

493 2815 628 2855 rum
661 2814 770 2853 nos
798 2798 1166 2854 solemnitate
1191 2797 1460 2853 lmtiﬁcet.
1492 2799 1618 2854 Per.

564 2887 652 2941 Ad
677 2887 1112 2956 Complendum.
1135 2887 1519 2956 —Supplices
1546 2891 1599 2942 te
1622 2901 1932 2956 rogamus,
1959 2891 2148 2944 omni-

495 2982 706 3048 potens
737 2979 906 3042 Deus,
941 2981 1002 3030 ut
1031 2990 1186 3046 quos
1217 2975 1334 3028 tuis
1367 2975 1560 3030 reﬁcis
1588 2979 2002 3042 sacramentis,
2042 2979 2144 3034 tibi

2264 457 2399 522 ciat,
2427 455 2805 513 utrenovatio
2825 455 3173 512 conditionis
3193 454 3678 524 humanm,quam
3697 458 3899 523 myste-

2263 547 2350 600 ria
2383 546 2704 609 continent,
2734 545 2795 599 in
2825 543 3046 601 nostris
3071 543 3290 614 jugiter
3315 542 3591 597 sensibus
3603 539 3895 598 offeratur.

2261 633 2385 688 Per.

2331 721 2636 790 Praefatio.
2673 751 2728 762 -—
2747 721 2892 774 Vere
2913 719 3156 790 dignum
3185 723 3243 774 et
3267 718 3494 788 justum
3525 722 3628 780 est,
3667 732 3898 788 aequum

2261 815 2316 864 et
2348 809 2626 872 salutare,
2645 825 2754 864 nos
2779 809 2882 863 tibi
2899 823 3133 878 semper
3153 813 3205 860 et
3227 807 3438 876 ubique
3471 805 3690 874 gratias
3708 819 3896 873 agere,

2260 897 2509 952 Domine
2537 903 2760 959 sancte,
2789 897 2959 950 Pater
2987 895 3387 964 omnipotens,
3417 897 3625 947 aeterne
3645 893 3823 950 Deus:
3847 897 3902 948 et

2259 985 2618 1041 immensam
2631 984 2914 1040 bonitatis
2927 987 3044 1038 tua:
3058 982 3330 1054 pietatem
3342 979 3628 1036 humiliter
3639 995 3897 1044 exorare,

2259 1080 2322 1129 ut
2335 1074 2734 1144 ignorantiam
2749 1075 2968 1126 nostra:
2982 1069 3358 1126 mortalitatis
3379 1068 3788 1133 attendens,ex
3807 1074 3902 1122 tua

2256 1162 2646 1232 inspiratione
2673 1175 2786 1216 nos
2817 1159 3002 1214 facias
3031 1158 3334 1230 postulare
3364 1157 3514 1227 quod
3543 1161 3765 1212 rectum
3791 1161 3897 1220 est,

2258 1255 2314 1304 et
2344 1255 2448 1306 tua
2478 1248 2791 1304 clementia
2811 1245 3032 1303 tribuas
3055 1244 3549 1317 impetrarequod
3586 1245 3898 1315 poscimus.

2257 1339 2361 1392 Per
2378 1337 2691 1392 Christum.

2328 1425 2752 1482 Benedictio.—
2764 1431 2787 1462 ο
2801 1421 3112 1479 Benedicat
3123 1437 3232 1478 vos
3248 1420 3614 1492 omnipotens
3627 1418 3902 1490 Deus,qui

2257 1529 2366 1570 vos
2387 1513 2640 1583 gratuita
2663 1513 3028 1567 miseratione
3057 1511 3298 1570 creavit,
3325 1513 3381 1564 et
3399 1507 3458 1562 in
3481 1507 3902 1564 resurrectione

2259 1601 2552 1670 Unigeniti
2585 1599 2678 1654 sui
2711 1615 2876 1670 spem
2909 1597 3076 1654 vobis
3111 1595 3460 1664 resurgendi
3497 1595 3802 1650 concessit.
3835 1599 3904 1650 A-

2185 1703 2231 1762 B
2261 1705 2416 1745 men.
2445 1687 2777 1743 Resuscitet
2815 1702 2920 1743 vos
2949 1687 3020 1740 de
3045 1683 3322 1740 vitiorum
3343 1681 3903 1754 sepulcris,quieum

2254 1777 2628 1833 resuscitavit
2661 1793 2694 1832 a
2725 1775 2994 1832 mortuis.
3021 1776 3228 1828 Amen.
3265 1774 3488 1827 Utcum
3517 1787 3587 1825 eo
3621 1771 3748 1826 sine
3787 1773 3903 1826 ﬁne

2257 1865 2498 1922 feliciter
2521 1864 2753 1928 vivatis,
2786 1879 2967 1935 quem
2979 1861 3364 1917 resurrexisse
3386 1859 3676 1916 amortuis
3689 1860 3902 1916 veraci-

2257 1957 2345 2007 ter
2369 1953 2629 2008 creditis.
2653 1953 2864 2006 Amen.
2899 1950 3066 2015 Quod
3095 1948 3226 2020 ipse
3251 1952 3549 2018 praestare.

2239 2067 2242 2072 -
2325 2039 2421 2094 Ad
2437 2039 2867 2108 Complendum.
2889 2069 2949 2078 —
2967 2035 3277 2092 Paschalia
3291 2034 3488 2099 nobis,
3528 2049 3898 2105 quaesumus,

2255 2127 2794 2192 Domine,remedia
2814 2126 3130 2195 dignanter
3152 2123 3454 2194 impende,
3473 2127 3532 2176 ut
3559 2126 3788 2178 terrena
3805 2121 3904 2176 de-

2255 2216 2467 2272 sideria
2489 2219 2856 2287 respuentes,
2889 2213 3194 2268 discamus
3222 2226 3426 2266 amare
3455 2209 3732 2266 cmlestia.
3767 2211 3894 2266 Per.

2325 2305 2496 2374 Super
2521 2303 2818 2376 populum.
2839 2332 2908 2342 —
2923 2301 3224 2356 Familiam
3236 2297 3900 2369 tuam,quaesumus,Do-

2255 2395 2432 2458 mine,
2469 2393 2712 2448 dextera
2731 2397 2832 2446 tua
2876 2395 3157 2461 perpetuo
3185 2387 3510 2442 circumdet
3557 2385 3796 2450 auxilio,
3845 2391 3903 2441 ut

2255 2481 2518 2554 paschali
2550 2477 2972 2534 interveniente
3001 2475 3397 2538 solemnitate,
3419 2473 3498 2528 ab
3528 2472 3690 2527 omni
3709 2473 3902 2542 pravi-

2253 2575 2371 2626 tate
2403 2568 2646 2624 defensa
2677 2567 2853 2622 donis
2875 2563 3208 2622 coelestibus
3237 2565 3644 2634 prosequatur.
3663 2561 3793 2616 Per.

2537 2749 2800 2791 DOMINICA
2837 2749 2877 2788 ll
2915 2747 3047 2788 POST
3084 2745 3332 2786 OCTAVAS
3371 2743 3612 2784 PASCHJS.

2327 2903 2480 2958 Deus
2511 2901 2614 2974 qui
2643 2899 2998 2964 errantibus,
3028 2897 3162 2952 utin
3177 2896 3333 2952 viam
3363 2895 3594 2967 possint
3607 2893 3798 2948 redire
3812 2893 3904 2964 ju-

2255 2991 2442 3056 stitiae,
2475 2989 2734 3046 veritatis
2769 2997 2882 3043 tuae
2913 2989 3108 3042 lumen
3132 2983 3517 3050 ostendis,da
3551 2981 3778 3036 cunctis
3797 2982 3902 3054 qui

495 3064 672 3176 :ﬁam
685 3063 915 3136 Placiﬁs
931 3063 1188 3118 moribus
1200 3061 1513 3132 dignanter
1524 3064 1808 3120 desePViI‘e
1823 3067 2136 3176 οοηοϐἀθιξ·
2183 3050 2226 3110 C
2257 3079 2584 3134 Christiana
2597 3077 2956 3149 perfessione
2970 3075 3358 3140 censentur,et
3371 3071 3470 3126 illa
3481 3085 3764 3141 respuere
3777 3050 3904 3141 qua:

493 3151 621 3208 Per.

493 3271 595 3314 vni
621 3271 899 3310 KALENDAS
928 3266 953 3295 ο
979 3254 1146 3311 JUNli.
1167 3283 1235 3295 -—-
1273 3253 1424 3326 (373)
1479 3271 1704 3312 sums
1731 3273 1920 3312 SANGTI
1943 3275 2140 3314 URBANI

1229 3341 1398 3380 PAPB.

563 3436 668 3502 Da,
699 3447 1070 3504 quaesumus,
1085 3431 1467 3502 omnipotens
1481 3431 1660 3502 Deus,
1677 3438 1738 3488 ut
1751 3433 1853 3506 qui
1869 3433 2030 3490 beati
2043 3437 2141 3492 Ur-

493 3521 630 3578 bani
663 3520 937 3590 martyris
951 3520 1034 3574 tui
1049 3523 1228 3592 atque
1257 3519 1552 3590 pontiﬁcis
1567 3521 1858 3577 solemnia
1876 3523 2138 3590 colimus,

491 3609 621 3680 ejus
653 3607 814 3678 apud
847 3611 899 3662 te
931 3606 1452 3663 intercessionibus
1479 3609 1844 3679 adjuvemur.
1887 3613 2010 3666 Per.

561 3696 742 3766 Super
757 3695 972 3751 oblata.
997 3726 1063 3735 —
1081 3696 1211 3750 Haec
1237 3695 1464 3760 Hostia,
1487 3697 1755 3765 Domine,
1773 3713 2137 3768 quaesumus,

491 3783 994 3840 emundetnostra
1018 3784 1284 3846 crimina,
1317 3787 1391 3849 et,
1416 3784 1811 3840 intercedente
1839 3787 2008 3842 beato
2040 3787 2139 3841 Ur-

490 3871 652 3926 bano
685 3875 936 3940 martyre
967 3873 1086 3934 tuo,
1121 3870 1269 3940 (374)
1309 3869 1662 3924 sacriﬁcium
1713 3871 2138 3928 celebrandum

492 3957 868 4012 subditorum
895 3956 997 4010 tibi
1026 3971 1280 4026 corpora
1304 3962 1649 4027 mentesque
1684 3959 2028 4015 sanctiﬁcet.

561 4045 658 4097 Ad
679 4041 1111 4111 Complendum.
1131 4073 1200 4084 —
1219 4043 1374 4098 Beati
1405 4043 1614 4098 Urbani
1639 4047 1913 4116 martyris
1939 4049 2022 4103 tui
2055 4053 2138 4106 at-

491 4147 604 4202 que
629 4131 942 4201 pontificis,
971 4131 1216 4185 Domine
1245 4133 1662 4187 intercessione
1693 4133 2139 4208 placatus,praa-

491 4225 600 4283 sta,
617 4233 974 4290 quaesumus,
993 4223 1196 4288 utquaa
1213 4219 1512 4288 temporali
1524 4220 1874 4276 celebramus
1889 4225 2134 4292 actione,

489 4315 772 4377 perpetua
789 4304 1092 4359 salvatione
1108 4305 1530 4376 capiamus.Per
1550 4307 1856 4363 Dominum
1873 4317 2133 4368 nostrum.

773 4392 800 4433 ά
831 4409 1094 4448 υοΜιΝιαΑ
1123 4409 1140 4447 i
1169 4408 1308 4448 POST
1333 4409 1580 4450 ocnus
1615 4413 1849 4452 “suam.

559 4481 734 4549 Deus,
747 4481 854 4552 qui
873 4481 932 4536 in
946 4481 1066 4536 Filii
1079 4482 1164 4536 tui
1185 4482 1508 4540 humilitate
1519 4484 1816 4553 jacentem
1839 4487 2136 4544 mundum

488 4569 744 4632 crexisti,
769 4568 1044 4623 ﬁdelibus
1065 4569 1176 4624 tuis
1203 4575 1552 4641 perpetuam
1579 4571 1837 4628 laetitiam
1859 4574 1978 4644 89
1999 4590 2138 4631 con-

489 4657 656 4721 cede,
679 4663 741 4712 ut
765 4672 918 4728 quos
951 4663 1246 4729 perpetua)
1293 4659 1499 4714 mortis
1558 4659 1822 4730 eripuisti
1873 4663 2134 4732 casibus,

489 4746 721 4816 gaudiis
741 4745 924 4802 facias
950 4747 1322 4818 sempiternis
1355 4747 1595 4818 perfrui.
1623 4749 1743 4803 Per.

560 4833 748 4904 Super
761 4835 976 4890 oblata.
999 4865 1065 4874 -—
1089 4835 1266 4904 Digne
1279 4851 1380 4889 nos
1393 4841 1495 4891 tuo
1508 4835 1749 4901 nomini,
1766 4852 2134 4908 quaesumus,

562 5022 590 5053 ι
621 5010 679 5064 In
709 5009 944 5066 Kalend.
989 5013 1143 5066 Rom.
1200 5017 1253 5066 et
1295 5012 1396 5068 Ed.
1447 5011 1690 5070 Pamel.:
1731 5015 1872 5068 Nat.
1905 5021 2136 5072 sancto-

489 5097 625 5136 rum
649 5081 838 5146 Nerei,
873 5089 924 5138 ει
950 5083 1228 5146 Achillei,
1262 5087 1310 5136 et
1359 5083 1684 5138 Pancratii.
1727 5083 1906 5138 Solius
1960 5087 2136 5142 sancti

491 5152 760 5208 Pancratii
789 5153 1029 5208 meminit
1061 5155 1193 5208 Cod.
1225 5155 1361 5223 Reg.
1421 5155 1580 5208 Suec.
1611 5153 2022 5209 Observandum
2053 5164 2137 5212 est.

489 5223 546 5294 in
575 5223 800 5277 Kalend.
861 5227 1012 5278 Rom.
1071 5225 1220 5294 prius
1273 5231 1520 5278 annotari
1561 5227 1762 5278 festum
1819 5233 2132 5282 sanctorum

492 5293 649 5365 Nerei
667 5299 722 5348 et
739 5295 988 5357 Achillei,
1017 5293 1082 5348 eti
1100 5303 1288 5365 postea
1307 5295 1478 5346 sancti
1504 5295 1795 5349 Pancratii.

563 5364 592 5406 ι)
627 5366 685 5418 ln
717 5366 836 5419 sola
863 5365 1002 5418 Edit.
1039 5364 1242 5419 Pamel.
1280 5365 1596 5418 :Dedicati'o
1627 5365 1882 5422 basilica
1922 5375 2136 5425 sancta

491 5435 671 5502 Man,
698 5443 828 5500 etc.,
853 5435 1454 5506 reluctanteipsioiCod.
1483 5437 1632 5506 ltegg'
1653 5441 1810 5491 Suec.

565 5517 590 5548 ο
619 5508 757 5561 Ante
779 5507 881 5561 hoc
905 5505 1120 5560 festum.
1161 5504 1216 5560 iri
1243 5505 1341 5559 Ed.
1375 5504 1586 5562 Pamelf
1603 5505 1652 5561 le
1695 5509 1803 5562 itur
1847 5509 2133 5568 :Ascensa

565 5577 752 5635 mini.
783 5579 864 5635 ad
875 5583 1138 5635 sanctum
1167 5577 1421 5635 Petrum.
1444 5579 1572 5635 Item
1615 5525 1971 5635 z§lomimca
2009 5586 2132 5635 post

495 5574 752 5658 Domini,
783 5579 864 5636 ad
875 5583 1138 5636 sanctum
1167 5577 1421 5636 Petrum.
1444 5579 1572 5636 Item
1615 5597 1629 5640 :
1657 5574 1971 5638 Dominam
2009 5586 2132 5659 post

2253 3167 2394 3222 huic
2418 3165 2661 3220 inimica
2685 3167 2823 3220 sunt
2843 3161 3157 3224 nomini,et
3178 3176 3250 3217 ea
3273 3175 3409 3231 quae
3437 3163 3575 3213 sunt
3600 3164 3739 3230 apta
3769 3173 3903 3213 sec-

2257 3254 2386 3312 tari.
2421 3254 2553 3311 Per.

2320 3343 2506 3412 Super
2534 3343 2751 3396 oblata.
2775 3372 2830 3382 —
2863 3341 3033 3404 Deus,
3068 3337 3170 3410 qui
3227 3335 3599 3392 solemnitate
3633 3333 3904 3405 paschali

2251 3431 2512 3487 cmlestia
2540 3429 2768 3486 mundo
2799 3427 3062 3484 remedia
3081 3425 3376 3494 benignus
3411 3422 3688 3494 operaris,
3707 3437 3905 3476 annua

2251 3517 2579 3575 festivitatis
2607 3517 2787 3588 hujus
2817 3517 2980 3571 dona
2999 3527 3358 3586 prosequere
3391 3527 3403 3565 :
3431 3515 3492 3566 ut
3520 3507 3904 3565 observantia

2249 3607 2584 3680 temporalis
2608 3605 2686 3661 ad
2711 3605 2885 3660 vitam
2917 3601 3086 3658 nobis
3125 3599 3391 3672 proﬁciat
3449 3597 3900 3670 sempiternam.

2247 3699 2374 3752 Per.

2316 3782 2621 3852 Pravfatio.
2656 3813 2716 3821 —
2739 3781 2881 3835 Vere
2907 3777 3161 3848 dignum
3192 3779 3249 3831 et
3263 3775 3489 3846 justum
3511 3777 3616 3838 est,
3649 3787 3900 3844 aequum

2248 3876 2304 3926 et
2325 3871 2598 3940 salutare,
2624 3883 2736 3924 nos
2749 3869 2854 3923 tibi
2879 3881 3114 3938 semper
3133 3867 3188 3919 et
3217 3864 3440 3935 ubique
3455 3862 3672 3932 gratias
3694 3875 3899 3930 agere,

2249 3957 2493 4013 Domine
2519 3963 2740 4022 sancte,
2781 3955 2949 4012 Pater
2975 3955 3372 4024 omnipotens,
3408 3955 3621 4006 aeterne
3679 3951 3839 4004 Deus
3884 3967 3899 4004 :

2247 4047 2348 4118 qui
2369 4046 2442 4100 de
2477 4045 2710 4114 Virgine
2741 4043 2904 4100 nasci
2953 4042 3248 4111 dignatus,
3300 4054 3405 4110 per
3449 4037 3796 4108 passionem
3843 4039 3907 4091 et

2249 4139 2496 4190 mortem
2522 4149 2558 4189 a
2579 4139 2858 4204 perpetua
2881 4146 2992 4186 nos
3019 4133 3203 4183 morte
3217 4125 3509 4194 liberavit,
3534 4131 3908 4180 etresurrec-

2247 4223 2408 4280 tione
2439 4238 2550 4277 sua
2578 4227 2857 4276 aeternam
2881 4217 3052 4272 nobis
3092 4216 3276 4270 vitam
3299 4213 3677 4270 contulit.Per
3697 4228 3902 4284 quem.

2319 4311 2336 4346 τ
2353 4309 2780 4366 Benedictio.-—
2795 4303 3076 4376 Deus,qui
3103 4319 3206 4376 per
3225 4301 3720 4357 resurrectionem
3755 4298 3904 4354 Uni-

2171 4400 2216 4458 D
2247 4398 2424 4469 geniti
2456 4397 2546 4452 sui
2579 4397 2744 4451 vobis
2771 4393 3016 4449 contulit
3044 4397 3100 4447 et
3127 4391 3357 4446 bonum
3385 4385 3830 4460 Redemptionis
3844 4391 3909 4442 et

2249 4487 2426 4540 decus
2438 4482 2925 4556 adoptionis,90
2940 4496 3061 4534 suae
3080 4479 3249 4533 vobis
3263 4476 3526 4532 conferat
3537 4475 3782 4546 praemia
3797 4474 3909 4530 be-

2246 4573 2618 4631 nedictionis.
2639 4579 2846 4628 Amen.
2868 4571 2932 4623 Et
2949 4585 3066 4640 quo
3079 4567 3407 4622 redimente
3433 4563 3776 4636 percepistis
3789 4563 3908 4619 do-

2245 4679 2392 4718 num
2412 4667 2700 4734 perpetuae
2721 4655 3028 4720 libertatis,
3063 4671 3133 4710 eo
3165 4652 3448 4723 largiente
3480 4655 3785 4706 consortes
3817 4650 3906 4706 ef-

2244 4745 2520 4806 ﬁciamini
2553 4753 2786 4803 aeternas
2806 4743 3400 4801 haereditatis.Amen.
3429 4743 3490 4794 Et
3523 4737 3614 4793 cui
3645 4753 3910 4794 consur-

2243 4838 2544 4895 rexistisin
2555 4834 2912 4907 baptismate
2937 4829 3250 4894 credendo,
3269 4828 3365 4899 adj
3378 4825 3516 4898 ungi
3531 4824 3900 4882 mereamini

2246 5031 2492 5073 ascensa.
2519 5011 2762 5082 Senique
2791 5026 2802 5065 :
2845 5009 3072 5082 Festum
3102 5011 3315 5082 sanam
3341 5001 3703 5082 Ιξοιεῃτίαηςῖ
3725 5001 3900 5082 τείν-ρ’,

2246 5072 2398 5154 Quod
2430 5085 2589 5140 etiam
2617 5072 2836 5138 exhibet
2861 5079 3087 5154 Kalend1
3123 5081 3298 5154 Rom,
3325 5075 3394 5128 ad
3449 5073 3592 5128 diem
3641 5075 3708 5127 19
3739 5072 3904 5136 Maii,

2245 5147 2342 5213 s'ed
2369 5158 2470 5211 sub
2505 5155 2717 5208 nomine
2741 5157 2946 5206 sanctae
2979 5147 3357 5204 Pudentianaa.
3672 5217 3678 5220 _
3757 5209 3766 5220 _
3847 5209 3858 5220 _

2315 5228 2342 5268 ἀ
2373 5229 2506 5282 Haec
2537 5224 2818 5280 Dominica
2843 5228 2966 5294 post
2991 5221 3204 5276 Pascha
3227 5222 3403 5288 vacat,
3438 5231 3559 5270 cum
3585 5217 3808 5268 caeteris
3845 5217 3912 5266 in

2242 5298 2344 5352 Ed.
2381 5297 2587 5352 Pauiel.

2313 5351 2498 5423 etiam
2525 5351 2832 5420 Benedictio
2879 5361 2934 5416 in
2985 5355 3414 5416 Benedictionali
3463 5351 3710 5426 Gregorii
3760 5351 3918 5408 assi-
3967 5405 3976 5410 -

2241 5445 2442 5512 gnatur
2466 5441 2592 5512 :rDe
2619 5433 3080 5498 Rcsurrectione,
3125 5437 3246 5503 post
3273 5427 3720 5484 Beuedictionem
3751 5429 3926 5482 octa-

2241 5511 2326 5571 vae
2349 5511 2594 5568 Pascha.

2314 5583 2334 5628 Ι
2369 5582 2593 5660 Legitur
2616 5579 2674 5636 in
2701 5571 3126 5638 Benedictionali
3153 5576 3281 5650 post
3314 5568 3734 5648 praecedentem.
