4092 6200
202 256 302 327 106
1402 253 1619 318 LIBER
1660 252 2334 320 SAGRAMENTORUM.

204 413 254 466 in
270 394 470 451 ccclesti
498 392 726 463 regione
748 390 899 447 bene
927 391 1194 447 vivendo.
1254 392 1465 446 Amen.
1527 386 1821 459 Quodipse
1856 390 1904 450 Α

244 492 476 539 rastare.

244 502 476 539 rasrare.
1592 512 1599 517 ι

208 502 240 558 p
264 574 345 627 Ad
371 571 813 640 Complendum.
833 601 899 609 —
917 567 1658 637 anesumus,omnipotens
1675 565 1826 619 Deus

202 665 299 734 jam
325 677 433 715 non
464 665 773 715 teneamur
808 659 1052 714 obnoxii
1086 659 1387 713 sententia:
1419 653 1826 711 damnationis

205 754 474 813 humanae,
505 750 675 819 cujus
699 764 809 803 nos
824 748 1068 803 vinculis
1082 747 1207 802 haec
1232 746 1565 816 redemptio
1578 744 1823 817 pascha-

204 840 263 895 lis
289 837 551 894 absolvit.

262 928 401 983 Alia.
431 927 642 992 —Fac,
663 924 1626 998 quaesumus,omnipotensDeus,
1652 921 1827 994 utqui

203 1016 553 1090 paschalibus
565 1014 836 1070 remediis
862 1014 1139 1079 innovati,
1174 1011 1600 1068 similitudinem
1616 1012 1825 1067 terreni

202 1115 429 1188 parentis
450 1114 749 1169 evasimus
765 1113 841 1168 ad
862 1111 1113 1169 formam
1130 1111 1376 1167 caelestis
1398 1111 1827 1166 transferamur

199 1203 434 1260 auctoris.
468 1202 581 1268 Qui
615 1208 835 1258 tecum.

450 1316 716 1356 DOMINICA
747 1317 804 1355 ιιι
836 1316 973 1355 POST
995 1314 1240 1355 OCTAVAS
1272 1316 1514 1356 ΡΛςΟΗιΕ.

256 1402 414 1467 Deus,
447 1400 547 1468 qui
572 1397 826 1452 ﬁdelium
846 1403 1070 1453 mentes
1095 1396 1271 1451 unius
1288 1395 1469 1452 efﬁcis
1485 1396 1822 1463 voluntatis,

197 1488 262 1543 da
275 1488 499 1559 populis
519 1487 635 1542 tuis
654 1486 710 1540 id
727 1503 930 1542 amare
953 1486 1115 1558 quod
1132 1487 1426 1556 praecipis,
1449 1486 1504 1540 id
1527 1486 1825 1541 desidera-

197 1593 247 1632 re
270 1576 418 1647 quod
462 1576 863 1645 promittis,ut
902 1573 1404 1629 iutermundanas
1424 1574 1829 1631 varietatesibi

198 1671 374 1720 nostra
402 1663 518 1717 fixa
548 1665 669 1717 sint
699 1662 906 1726 corda,
940 1661 1042 1717 ubi
1089 1676 1229 1716 vera
1258 1667 1397 1717 sunt
1422 1663 1663 1731 gaudia.
1698 1663 1824 1717 Per.

2578 384 2926 457 Benedictio,

2006 483 2102 539 Ad
2124 484 2556 554 Complendum.
2588 484 2920 541 —Prassta.
2948 498 3291 556 quaesumus
3319 483 3594 557 omnipo-

1938 577 2062 629 tens
2093 576 2264 639 Deus,
2291 580 2349 629 at
2373 572 2761 645 percipientes
2778 573 3050 631 Paschali
3072 589 3320 631 munere
3344 575 3587 631 veniam
3634 586 3641 593 '

1939 669 2314 734 peccatorum
2339 662 2615 735 deinceps
2646 668 2891 735 peccata
2922 664 3196 720 vitemus.
3234 666 3341 723 Per
3396 665 3595 721 Domi-

1936 767 2078 807 num
2108 760 2397 808 nostrum.

2678 882 2841 921 ream
2880 864 2938 924 ti.

2005 983 2075 1039 In
2103 982 2302 1055 (380)!
2362 983 2591 1038 Litam’a
2629 981 2854 1051 Majorc,
2907 984 3157 1039 Mentem
3186 980 3423 1039 familiae
3476 988 3593 1040 tua:

1935 1087 2303 1144 quaasumus,
2338 1069 3001 1127 Domineintercedente
3032 1069 3207 1126 beato
3241 1070 3357 1135 ιιι.,
3381 1076 3438 1126 et
3464 1087 3594 1127 mu-

1936 1176 2076 1215 nere
2107 1160 2577 1231 compunctionis
2603 1158 2758 1231 aperi
2778 1160 3117 1229 etlargitate
3140 1158 3374 1231 pietatis
3408 1174 3592 1217 exau-

1937 1250 2013 1305 di.
2047 1250 2150 1305 Per
2188 1249 2527 1304 Dominum.

2004 1338 2165 1393 Alia.
2207 1342 2357 1393 Deus
2403 1338 2503 1410 qui
2560 1338 2767 1407 culpas
2806 1335 3281 1409 delinquentium
3333 1336 3596 1394 districta

1938 1426 2200 1481 feriendo
2221 1426 2472 1497 percutis
2506 1425 2672 1481 fletus
2699 1441 2936 1498 quoque
2967 1425 3302 1496 lugentium
3373 1442 3494 1481 non
3510 1442 3598 1482 re-

1938 1530 2109 1569 cuses
2136 1520 2193 1569 ut
2218 1514 2323 1586 qui
2350 1515 2581 1585 pondus
2610 1520 2716 1569 tuac
2742 1514 3278 1570 animadversionis
3306 1516 3588 1586 cognovi-

1937 1619 2092 1666 mus,
2119 1601 2294 1657 etiam
2330 1602 2558 1673 pietatis
2580 1602 2837 1675 gratiam
2867 1603 3215 1659 sentiamus.
3248 1603 3370 1659 Per.

2010 1691 2172 1748 Alta.
2206 1722 2269 1732 -
2302 1695 2497 1757 Parce,
2521 1707 2881 1764 quaesumus,
2921 1692 3162 1747 Domine
3194 1689 3598 1764 parcepopulo

257 1757 419 1823 Super
438 1751 657 1807 oblata.
688 1782 757 1791 —
784 1750 1474 1822 Exuberet,quaasumus,
1497 1750 1830 1816 Domine,in

1968 1796 2042 1835 uo
2064 1787 2118 1835 et
2132 1780 2428 1851 nullisjam
2448 1750 3157 1852 piatiarisadversitatihus
3174 1750 3327 1852 (3382)
3340 1750 3594 1851 fatigari,

198 1842 461 1896 mentibus
491 1842 713 1895 nostris
737 1841 1036 1911 paschalis
1052 1842 1242 1907 gratia
1268 1840 1714 1910 sacramenti,ut
1730 1839 1831 1894 d0‘

198 1930 271 1983 nis
302 1929 420 1983 suis
450 1932 589 1999 ipse
621 1943 730 1983 nos
757 1927 972 1997 dignos
1001 1927 1235 1982 efﬁciat.
1262 1927 1387 1981 Per.

160 2072 175 2083 κ
254 2018 543 2086 Prae/alio.
563 2047 634 2055 —
668 2017 812 2070 Vere
828 2018 1075 2085 dignum
1094 2016 1177 2085 etj
1192 2022 1389 2070 ustum
1408 2018 1833 2086 estusquum,et

188 2096 446 2173 salutare,
478 2122 597 2161 nos
637 2105 737 2159 tibi
765 2120 996 2174 semper
1017 2112 1071 2159 et
1106 2104 1327 2175 ubique
1359 2103 1579 2172 gratias
1629 2118 1829 2173 agere,

194 2195 403 2249 Domine
426 2200 661 2259 sancte,
700 2196 867 2247 Pater
901 2194 1284 2264 omnipotens
1340 2199 1553 2247 reterns
1586 2194 1833 2247 Deuszet

197 2284 322 2351 (375)
349 2283 423 2337 tui
445 2281 926 2337 misericordiam
959 2281 1219 2335 muneris
1263 2280 1833 2350 postulare,uttem-

196 2387 322 2442 pora
338 2372 558 2443 quidus
596 2378 729 2441 post
743 2370 1228 2424 resurrectionem
1245 2385 1416 2424 suam
1434 2368 1718 2424 Dominus
1735 2384 1831 2424 no-

196 2466 296 2515 ster
310 2460 335 2514 J
343 2476 473 2515 esus
496 2461 775 2515 Christus
792 2458 1099 2528 discipulis
1114 2460 1233 2511 suis
1250 2457 1835 2529 corporaliterappa-

194 2550 311 2614 ruit,
340 2552 422 2605 sic
444 2552 605 2621 (376)
628 2549 754 2620 ipso
772 2547 1100 2620 opitulante
1132 2548 1231 2619 pia
1272 2548 1591 2603 devotione
1620 2554 1835 2603 tracte-

198 2654 326 2703 mus,
357 2646 665 2711 quatenus
698 2637 752 2690 in
780 2637 874 2692 his
908 2636 1179 2692 omnium
1239 2636 1514 2692 vitiorum
1562 2636 1836 2692 sordibus

194 2743 406 2783 caream
414 2743 481 2783 us
492 2768 506 2781 .

751 2841 900 2912 (377)
924 2840 1270 2897 Benedictio.

252 2956 337 3009 Ad
375 2955 900 3027 Complendum.-—
919 2954 1207 3025 Concede,
1231 2971 1593 3027 quaesumus,
1614 2952 1836 3009 miseri-

195 3059 306 3099 cors
332 3044 508 3109 Deus,
549 3050 613 3098 ut
644 3044 811 3115 quod
832 3043 1133 3115 paschalis
1172 3044 1559 3115 exsequimur
1606 3043 1837 3099 institu-

1939 1884 2094 1941 quos
2112 1872 2361 1939 pretioso
2388 1868 2505 1923 Filii
2526 1869 2903 1939 tuisanguine
2926 1868 3361 1935 redemisti.0ui
3377 1874 3596 1926 tecum.

2011 1957 2159 2011 Atia.
2193 1987 2262 1996 —
2290 1957 2443 2012 Deus
2468 1957 2565 2027 qui
2602 1956 2808 2027 culpas
2838 1962 3074 2011 nostras
3106 1958 3216 2027 piis
3265 1955 3599 2011 verberibus

1938 2046 2218 2115 percutis,
2236 2051 2300 2100 ut
2328 2060 2437 2100 nos
2464 2060 2500 2100 a
2526 2044 3497 2117 nostrisiniquitatibusemundes,
3518 2044 3599 2100 da

1941 2133 2115 2189 nobis
2135 2133 2284 2189 etde
2308 2133 2549 2189 verbere
2578 2138 2674 2189 too
2711 2133 2997 2205 proﬁcere
3045 2138 3106 2191 et
3154 2134 3222 2188 de
3262 2137 3366 2189 tua
3426 2132 3596 2190 citius

1942 2222 2345 2278 consolatione
2373 2224 2651 2292 gaudere.
2683 2222 2794 2278 Per
2823 2222 3141 2278 Dominum
3183 2229 3471 2279 nostrum.

2011 2312 2151 2367 Alia
2175 2343 2242 2352 —
2269 2313 2482 2367 Adesto
2514 2312 2760 2367 Domine
2805 2312 3334 2384 supplicationibus
3361 2313 3597 2381 nostris,

1943 2406 2001 2458 et
2021 2408 2322 2472 sperantes
2344 2402 2406 2456 in
2437 2406 2536 2458 tua
2559 2401 2989 2467 misericordia,
3014 2401 3599 2458 intercedentebeato

1945 2492 2117 2547 Petro
2139 2492 2412 2562 apostolo
2438 2496 2558 2555 tuo,
2593 2490 2820 2546 caelesti
2872 2498 3114 2562 protege
3155 2488 3449 2561 benignus
3497 2507 3602 2548 au-

1944 2580 2083 2636 xilio
2107 2579 2241 2637 Per.

2014 2668 2169 2724 Alia.
2211 2668 2531 2731 —Praasta,
2587 2683 2931 2739 quaesumus
2986 2667 3371 2741 omnipotens
3430 2668 3598 2733 Deus,

1945 2761 2009 2811 ut
2029 2756 2105 2810 ad
2135 2763 2189 2810 te
2219 2759 2340 2812 toto
2371 2755 2544 2810 corde
2594 2754 2936 2823 clamantes,
2990 2757 3389 2813 intercedente
3421 2755 3601 2812 beato

1946 2845 2117 2901 Petro
2144 2844 2414 2916 apostolo
2445 2849 2566 2908 tuo,
2602 2848 2716 2900 tuae
2730 2844 2965 2916 pietatis
2992 2845 3430 2918 indulgentiam
3454 2859 3603 2901 con-

1946 2948 2291 3005 sequamur.
2323 2934 2426 2988 Per
2464 2931 2493 2974 b
2528 2975 2540 2987 .

2014 3023 2111 3077 Ad
2137 3022 2399 3078 Missam.
2431 3052 2499 3061 ——
2526 3022 2757 3088 Praesta,
2790 3038 3159 3095 quaesumus,
3200 3022 3601 3095 omnipotens,

195 3132 272 3197 tis,
291 3132 656 3189 salutiferam
678 3132 852 3187 nobis
876 3131 1039 3187 omni
1072 3140 1335 3203 tempore
1363 3132 1706 3188 sentiamus.
1728 3134 1837 3188 Per

1967 3114 2100 3167 )eus
2131 3116 2193 3167 ut
2217 3110 2320 3183 qui
2341 3111 2402 3165 in
2432 3109 2752 3167 afflictione
2775 3118 2980 3167 nostra
3010 3112 3084 3166 de
3116 3117 3217 3168 tua
3242 3111 3605 3182 pietatecon-

197 3219 495 3278 Dominum
519 3228 811 3277 nostrum.

258 3313 430 3379 Super
449 3310 733 3382 populum
757 3337 815 3347 -
848 3308 1118 3365 Gaudeat
1143 3309 1414 3373 Domine,
1434 3309 1600 3381 pleds
1616 3310 1831 3378 ﬁdelis;

198 3404 247 3452 et
272 3414 398 3454 cum
440 3401 707 3471 propriae
739 3398 937 3453 recolit
964 3399 1280 3453 satvatonis
1318 3398 1583 3462 exordia,
1606 3406 1662 3454 et
1708 3400 1837 3470 ejus

202 3496 481 3543 moveatur
504 3487 876 3558 augmentis.
911 3486 1347 3543 PerDominum
1362 3490 1837 3545 nostrumJesum

201 3576 498 3632 Christum.

492 3708 766 3749 DOIINICA
794 3708 852 3747 IV
881 3708 1017 3748 POS'I‘
1038 3706 1284 3748 OCTAVAS
1312 3708 1551 3749 PASCHE.

262 3806 406 3863 Deus
438 3824 476 3863 a
492 3824 622 3881 quo
636 3808 802 3862 bona
815 3813 1027 3862 cuncta
1042 3808 1372 3878 procedunt
1386 3808 1601 3878 largire
1619 3807 1842 3881 suppli-

206 3896 351 3951 cibus
377 3898 492 3953 tuis
519 3903 589 3952 ut
648 3897 982 3965 cogitemus
1030 3900 1084 3951 te
1141 3896 1468 3967 inspirante
1508 3913 1643 3967 qua!
1685 3904 1843 3954 recta

205 3992 410 4053 sunt,et
438 3991 495 4041 te
530 3984 910 4053 gubernante
941 3983 1151 4039 eadem
1178 3984 1480 4040 faciamus.
1513 3986 1638 4041 Per.

263 4072 431 4144 Super
464 4073 691 4127 Oblata.
727 4102 794 4111 —
824 4071 1209 4127 Clementiam
1242 4077 1427 4137 tuam,
1457 4072 1842 4146 Dominesup—

206 4161 405 4232 pliciter
434 4177 779 4225 exoramus,
811 4161 922 4231 91
957 4167 1019 4215 ut
1042 4161 1345 4231 paschalis
1375 4163 1635 4218 muneris
1652 4180 1844 4220 sacra-

210 4259 477 4315 mentum,
513 4252 685 4323 quod
723 4251 838 4304 fide
864 4249 1195 4312 recolimus,
1230 4256 1406 4321 etspe
1429 4251 1843 4309 desideramus

211 4337 388 4393 intenti
425 4344 723 4411 perpetua
751 4338 1062 4393 dilectione
1084 4338 1412 4408 capiamus.
1458 4341 1583 4395 Per.

264 4430 556 4498 Prae/alio.
592 4460 658 4469 —
693 4430 833 4483 Vere
859 4428 1103 4497 dignum
1129 4428 1432 4497 etjustum
1451 4434 1554 4495 est,
1602 4446 1843 4502 aequum

212 4520 259 4568 et
280 4518 524 4571 salutare
563 4533 682 4571 nos
715 4516 815 4570 tibi
834 4531 1069 4587 semper
1083 4521 1139 4571 et
1174 4517 1393 4588 ubique
1411 4518 1631 4585 gratias
1646 4535 1842 4587 agere,

215 4603 428 4660 Domine
458 4611 693 4674 sancte,
722 4602 891 4659 Pater
920 4605 1297 4675 omnipotens
1325 4610 1556 4672 aeterne,
1595 4608 1742 4661 Deus
1765 4612 1849 4671 ;et

219 4692 349 4760 {375)
375 4694 734 4763 Majestatem
763 4698 921 4745 tuam
946 4690 1259 4745 indefessis
1281 4693 1561 4767 precibus
1584 4712 1844 4761 exorare,

221 4784 271 4833 ut
295 4785 516 4835 mentes
549 4785 785 4835 nostras
818 4778 987 4833 bonis
1016 4778 1297 4850 operibus
1316 4784 1845 4854 semperinformes.

222 4865 344 4931 Quia
361 4869 441 4922 sic
465 4870 695 4924 erimus
724 4867 982 4938 praeclari
1018 4869 1281 4923 muneris
1311 4876 1593 4942 prompta
1611 4874 1849 4930 sinceri-

222 4957 316 5010 tate
343 4958 621 5021 cultores,
646 4956 715 5021 si,
735 4955 811 5011 ad
829 4955 1069 5010 meliora
1089 4955 1848 5036 jugitertranseuntes(379)

227 5043 474 5100 Paschale
506 5044 869 5116 mysterium
884 5042 1230 5100 studeamus
1260 5045 1483 5104 habere
1493 5057 1849 5122 perpetuum

227 5129 323 5189 Per
348 5134 664 5191 Christum.

284 5280 482 5350 ‘Apud
506 5279 716 5337 Pamel.
744 5281 867 5336 etin
902 5279 1133 5336 Kalend.
1186 5285 1339 5339 Rom.
1406 5302 1511 5341 non
1567 5288 1662 5343 hic
1717 5293 1851 5348 assi-

232 5354 575 5417 gnaturlitau.
604 5354 737 5419 Qua:
774 5368 901 5406 vero
951 5354 1178 5409 exhibet
1221 5357 1421 5411 Pamel.
1481 5361 1547 5414 ad
1597 5362 1737 5416 diem
1786 5365 1855 5417 25

237 5422 433 5497 epulis,
466 5424 559 5479 ubi
592 5425 851 5497 indicitur
880 5424 1079 5497 [itania
1100 5427 1305 5497 major,
1329 5446 1361 5483 a
1392 5431 1591 5486 nostris
1632 5434 1854 5490 omnino

241 5490 534 5570 discrepant.
590 5495 745 5570 Ifrior
788 5493 1060 5570 Theoder,
1120 5490 1222 5570 hoc
1270 5490 1389 5554 loco
1443 5504 1684 5558 meminit
1737 5504 1857 5562 lita-

240 5563 509 5693 %mAm
524 5570 582 5622 et
605 5563 713 5622 fere
732 5568 989 5623 convenit
1013 5584 1138 5623 cum
1173 5569 1320 5628 Edit.
1360 5572 1559 5631 Pamel.
1606 5576 1675 5633 ad
1715 5576 1858 5634 diem

570 5723 806 5788 PATROL.
843 5713 1126 5789 LXXVIII.

1946 3200 2205 3263 ﬁdimus,
2237 3205 2446 3255 contra
2458 3201 2713 3254 adversa
2725 3201 3045 3257 omniatua
3062 3215 3300 3273 semper
3317 3202 3603 3274 protectio

1947 3304 2017 3345 ne
2040 3289 2405 3343 muniamur.
2438 3290 2543 3342 Per
2575 3287 2897 3343 Dominum
2928 3293 3221 3344 nostrum.

2019 3379 2135 3449 92
2167 3379 2359 3447 Super
2378 3376 2600 3432 oblata.
2631 3402 2692 3413 —
2718 3376 3082 3433 Sacrificium
3095 3382 3317 3434 nostris
3345 3377 3606 3449 paenitu-

1948 3467 2098 3522 dinis
2109 3465 2863 3539 jejunantes,Domine,tibi
2877 3466 3605 3538 persolvimus,obsecran-

1950 3561 2035 3611 tes
2067 3561 2145 3624 ut,
2174 3555 2302 3624 ejus
2332 3553 2544 3608 virtute
2571 3552 2782 3609 muniti
2816 3570 3053 3626 semper
3077 3555 3155 3612 ad
3184 3555 3421 3612 cceleste
3466 3571 3606 3613 con-

1950 3642 2175 3698 vivium
2208 3641 2573 3696 festinemus.
2608 3641 2737 3696 Per.

2020 3731 2318 3801 Praefatio.
2353 3761 2421 3770 —
2451 3731 2597 3785 Vere
2628 3729 2870 3800 dignum
2900 3730 3193 3803 etjustum
3219 3736 3311 3787 est
3358 3747 3607 3805 aequum

1950 3825 2006 3876 et
2037 3820 2231 3875 salure
2263 3834 2373 3874 nos
2398 3817 2500 3874 tibi
2528 3833 2766 3890 semper
2793 3823 2851 3873 et
2879 3818 3101 3891 ubique
3142 3821 3363 3890 gratias
3403 3835 3601 3891 agere,

1953 3909 2200 3964 Domine
2223 3912 2445 3973 sancte,
2484 3907 3070 3980 Pateromnipotens.
3099 3914 3316 3965 aeterne
3348 3908 3606 3967 Dedszet

1950 4005 2006 4054 te
2054 4005 2359 4053 auctorem
2396 4003 2451 4051 et
2474 3996 2973 4052 sanctificatorem
3005 3997 3216 4069 jejunii
3246 3998 3606 4065 collaudare,

1952 4102 2059 4158 per
2070 4085 2233 4158 quod
2253 4100 2361 4140 nos
2373 4084 2592 4140 liberas
2606 4102 2641 4141 a
2655 4092 2982 4140 nostrorum
2995 4086 3211 4142 debitis
3220 4092 3606 4158 peccatorum.

1954 4178 2107 4245 Ergo
2120 4176 2352 4246 suscipe
2362 4174 2762 4244 jejunantium
2778 4190 2978 4245 preces
3001 4192 3013 4241 ;
3032 4182 3210 4247 atque
3230 4180 3291 4230 ut
3312 4192 3423 4231 nos
3441 4193 3475 4232 a
3489 4192 3610 4233 ma-

1952 4265 2022 4319 lis
2034 4262 2295 4319 omnibus
2311 4263 2644 4333 propitiatus
2659 4263 3239 4334 eripias,iniquitates
3255 4270 3480 4320 nostras
3494 4265 3612 4337 qui-

1951 4353 2067 4408 bus
2083 4352 2281 4407 merito
2303 4350 2611 4419 afﬂigimur
2623 4351 2888 4422 placatus
2902 4352 3167 4409 absolve.
3181 4353 3288 4408 Per
3301 4354 3609 4411 Christum.

2024 4453 2049 4482 ο
2079 4438 2424 4497 Benedictio.
2445 4468 2515 4480 -—
2544 4440 2931 4510 Omnipotens
2950 4441 3096 4496 Deus
3122 4440 3500 4498 devotionem
3520 4458 3613 4497 ve-

1956 4536 2138 4584 stram
2164 4528 2482 4596 dignanter
2506 4528 2795 4590 intendat,
2823 4535 2881 4583 et
2911 4544 3037 4584 suae
3054 4530 3224 4584 vobis
3252 4531 3613 4587 benedictio-

1955 4618 2047 4673 nis
2077 4617 2239 4671 dona
2266 4616 2572 4671 concedat.
2590 4623 2797 4671 Amen.
2814 4617 3123 4689 lndulgeat
3139 4618 3307 4674 vobis
3322 4621 3480 4676 mala
3494 4636 3611 4675 om-

1955 4707 2056 4761 nia
2084 4721 2219 4777 qure
2249 4703 2452 4773 egistis
2480 4711 2537 4759 et
2566 4704 2786 4760 tribuat
2812 4706 3046 4761 veniam
3100 4722 3279 4779 quam
3324 4710 3403 4764 ab
3425 4725 3496 4766 eo
3516 4712 3614 4765 de-

1955 4793 2220 4867 poscitis.
2255 4793 2460 4846 Amen.
2492 4791 2704 4864 Sicque
2719 4794 2867 4865 (384)
2875 4794 3085 4865 jejunii
3101 4796 3344 4851 vestriet
3365 4812 3614 4868 precum

1960 4889 2093 4939 vota
2114 4880 2403 4953 suscipiat
2424 4886 2482 4936 ut
2524 4880 2736 4935 avobis
2769 4883 3025 4938 adversa
3052 4883 3280 4951 omnia,
3312 4900 3447 4957 quae
3478 4902 3612 4958 pec-

1957 4977 2227 5028 catorum
2250 4968 2634 5025 retributione
2664 4970 2994 5037 meremini,
3048 4977 3356 5043 avertat,et
3382 4975 3614 5031 donum

1956 5061 2018 5116 in
2044 5076 2146 5115 vos
2168 5060 2420 5131 Spiritus
2449 5058 3026 5131 paraclitiinfundat.
3062 5063 3271 5119 Amen.
3292 5064 3465 5130 Quod
3480 5065 3611 5139 ipse

1958 5154 2234 5223 praestare
2258 5147 2554 5218 dignetur.

2029 5297 2060 5341 b
2092 5298 2225 5353 Post
2278 5297 2417 5351 hanc
2448 5296 2608 5354 Orat.
2639 5297 2694 5352 in
2710 5298 2853 5372 Edit.
2888 5301 3088 5372 Angeli
3113 5301 3330 5370 Hocce},
3389 5319 3485 5358 seu
3510 5303 3615 5362 Va-

1961 5370 2080 5438 tic.,
2133 5374 2435 5448 sequuntur
2476 5376 2707 5440 quatuor
2756 5370 3049 5429 Orationes
3103 5373 3305 5447 quibus
3334 5374 3613 5448 praemitti-

1963 5447 2051 5498 tur
2079 5457 2091 5495 :
2121 5442 2217 5496 Ad
2242 5456 2526 5510 campum.

1976 5585 1987 5597 θ
2035 5525 2059 5554 ο
2074 5510 2282 5643 ἐχθίω.
2300 5511 2357 5567 in
2381 5510 2826 5583 Benedictionali,
2875 5520 2930 5572 et
2976 5514 3293 5573 inscribitur
3343 5534 3357 5578 :
3406 5515 3484 5575 De
3527 5515 3616 5591 λθ.

1976 5600 2072 5643 run
2134 5623 2149 5643 .

1955 5600 2149 5663 Jumo.

3264 5744 3305 5837 ἦ

3249 5858 3259 5865 -
3268 5844 3317 5875 ‘3

3469 256 3584 319 106
3616 242 3617 245 ‘

3742 6056 4059 6148 ΔΙ
