4092 6200
229 226 313 294 ua
968 176 979 182 ’
1389 214 1604 285 mssa
1644 210 2315 284 SACRAMEN'I‘ORUM.

3450 203 3564 279 111,

225 352 867 433 susceptamosmetipsos
880 316 988 413 tibi
1000 350 1218 429 perﬁce
1240 367 1464 411 munus
1493 354 1799 410 aeternum.
1836 345 1888 412 Δ
1984 353 2175 428 Super
2211 351 2498 413 oblata.-
2526 349 2738 426 Accipe
2765 337 3411 425 qumsumus,Domine,
3444 358 3566 401 mu-

225 454 305 508 Per
326 447 609 506 Dominum
644 450 939 503 nostrum.

274 537 591 608 Prw/“alia—
611 536 757 591 Vere
774 535 1022 603 dignum
1051 538 1104 590 et
1114 533 1344 604 justum
1358 536 1464 596 est,
1483 544 1725 602 aequum
1752 530 1809 584 et

221 629 436 692 salutare,
466 641 567 681 nos
598 624 701 681 tibi
731 640 962 696 semper
992 630 1049 679 et
1083 622 1301 693 ubique
1332 620 1555 695 gratias
1608 633 1803 690 agere,

221 718 417 773 Domine
444 721 659 783 sancte,
694 713 863 769 Pater
891 714 1275 784 omnipotens.
1293 719 1502 766 aeterne
1526 709 1809 779 Deus,per

217 808 453 863 Christum
480 802 787 859 Dominum
801 808 1066 857 nostrum
1092 819 1106 855 :
1136 800 1233 871 qui
1253 799 1615 872 promissum
1632 795 1807 868 Spiri-

217 903 311 953 tum
332 892 673 964 paracletum
690 910 753 948 su
766 890 1198 962 perdiscipnlos
1219 887 1501 960 misit,qui
1517 884 1805 958 principio

213 984 452 1042 nascentis
474 981 742 1038 Ecclesia:
768 979 998 1036 cunctis
1025 979 1298 1049 gentibus
1351 974 1715 1039 imbuendis,
1748 976 1807 1029 et

214 1074 402 1129 Deitatis
418 1070 715 1127 scientiam
732 1070 978 1135 inderet,
994 1067 1396 1138 etlinguarum
1409 1065 1804 1120 diversitatem

211 1164 253 1218 in
274 1162 421 1216 unius
447 1159 586 1215 ﬁdei
616 1158 987 1215 confessione
1012 1158 1278 1212 sociaret.
1297 1157 1405 1210 Per
1428 1170 1607 1226 quem
1633 1152 1795 1223 Maja-

211 1258 369 1306 statem
381 1257 526 1306 tuam
542 1247 837 1320 supplices
849 1263 1176 1307 exoramus.
1188 1249 1249 1299 ut
1264 1244 1429 1315 cujus
1440 1242 1801 1298 celebramus

206 1339 463 1394 adventum
476 1339 547 1410 .ej
560 1355 628 1392 us
643 1335 989 1392 multimodis
1009 1334 1215 1406 gratiae
1227 1332 1524 1407 capiamus
1540 1329 1801 1385 effectum

206 1431 282 1485 Per
305 1444 466 1500 quem
496 1426 890 1498 Majestatem.

252 1517 326 1573 Ad
349 1515 845 1587 Complendum.—
882 1512 1122 1579 Adesto,
1148 1510 1408 1577 Domine,
1432 1521 1799 1582 quaesumus,

202 1606 380 1679 populo
408 1612 525 1671 tuo,
561 1611 619 1661 et
642 1620 823 1677 quem
850 1601 1145 1678 mysteriis
1169 1596 1801 1665 ccelestibusimbuisti,

201 1697 260 1751 ab
286 1695 520 1751 hostium
550 1693 757 1749 furore
786 1692 1053 1748 defende.
1081 1691 1208 1747 Per.

251 1785 456 1841 Alia.—
488 1786 667 1850 Deus,
694 1781 796 1853 qui
857 1780 1161 1852 discipulis
1186 1778 1302 1835 tuis
1350 1776 1633 1849 Spiritum
1664 1789 1803 1831 san-

202 1876 318 1928 ctum
342 1869 705 1944 paracletnm
732 1872 786 1925 in
819 1869 973 1941 ignis
1004 1868 1236 1924 fervore
1269 1867 1496 1923 mittere
1527 1864 1807 1935 dignatus

199 1978 263 2025 es,
281 1961 347 2016 da
362 1959 601 2033 populis
631 1960 747 2015 tuis
773 1959 831 2014 in
848 1959 1070 2014 unitate
1092 1950 1233 2013 ﬁdei
1250 1971 1381 2012 esse
1411 1955 1726 2017 ferventes,
1748 1959 1807 2008 ut

198 2049 241 2104 in
268 2054 352 2104 tua
379 2064 607 2120 semper
621 2046 937 2102 dilectione
966 2048 1406 2117 permanentes,
1427 2043 1558 2098 etin
1583 2041 1703 2097 ﬁde
1718 2041 1808 2097 in-

195 2138 462 2193 veniantur
492 2135 764 2198 stabiles,
791 2143 847 2191 et
877 2137 933 2191 in
963 2150 1140 2209 opere
1175 2133 1586 2190 efﬁcaces.Per
1616 2129 1807 2187 Domi-

194 2241 328 2283 num.

814 2325 842 2356 ⁸
871 2330 1029 2369 FERIA
1057 2328 1138 2368 111.

245 2403 382 2460 Adsit
425 2402 627 2467 nobis,
667 2403 938 2469 Domine,
1005 2416 1363 2473 qumsumns,
1425 2398 1611 2454 virtus
1679 2394 1806 2469 Spi-

189 2492 304 2548 ritus
320 2494 672 2565 sanctique:
686 2495 740 2548 et
754 2491 936 2546 corda
950 2495 1155 2546 nostra
1172 2488 1485 2544 clementer
1495 2489 1801 2558 expurget,

191 2581 316 2636 etab
339 2582 626 2638 omnibus
652 2587 890 2637 tueatur
904 2578 1189 2635 adversis.
1219 2578 1323 2632 Per
1355 2576 1694 2633 Dominum.

238 2667 705 2740 Superoblata.-—
732 2666 997 2723 Puriﬁcet
1060 2682 1190 2729 nos,
1254 2680 1627 2738 quaesumus,
1698 2665 1805 2718 Do-

188 2759 325 2825 mine,
353 2759 625 2814 muneris
656 2755 964 2830 prmsentis
1024 2754 1269 2819 oblatio,
1298 2760 1354 2809 et
1379 2752 1596 2823 dignos
1633 2765 1804 2807 sacra

186 2847 594 2920 participatione
630 2845 914 2918 perﬁciat.
944 2846 1053 2898 Per
1082 2843 1425 2899 Dominum.

235 2936 595 3005 Prae/alia—
630 2935 772 2990 Vere
808 2933 1059 3002 dignum
1090 2935 1144 2989 et
1170 2932 1403 3003 justum
1433 2932 1541 2995 est,
1569 2943 1803 2997 aequum

185 3024 488 3090 etsalutare,
510 3040 634 3081 nos
666 3022 766 3080 tibi
781 3037 1015 3095 semper
1039 3027 1096 3077 et
1120 3020 1343 3092 ubique
1366 3019 1587 3088 gratias
1605 3033 1804 3086 agere,

181 3111 387 3170 Domine
415 3120 645 3177 sancte,
679 3115 850 3168 Pater
913 3110 1319 3183 omnipotens,
1351 3115 1569 3162 aeterne
1630 3106 1804 3171 Deus,

184 3215 265 3270 per
283 3202 568 3258 Christum
606 3201 921 3258 Dominum
950 3204 1220 3254 nostrum
1245 3214 1258 3252 :
1278 3196 1380 3269 qui
1405 3194 1657 3268 Spiritus
1676 3209 1809 3249 san-

182 3290 239 3343 cti
262 3291 545 3347 infusione
569 3289 823 3361 replevit
847 3287 1032 3343 corda
1051 3286 1411 3350 ﬁdelium,ut
1431 3300 1540 3339 sua
1561 3283 1808 3338 admira-

183 3375 264 3432 bili
288 3381 654 3450 operatione,
688 3378 863 3449 100
898 3382 954 3431 et
986 3376 1076 3431 sui
1122 3373 1346 3431 amoris
1392 3374 1451 3428 in
1474 3373 1558 3427 eis
1604 3372 1806 3440 ignem

182 3468 511 3534 accenderet,
527 3474 587 3523 et
600 3484 713 3538 per
736 3465 1137 3521 diversitatem
1166 3463 1509 3533 linguarum
1526 3465 1730 3533 gentes
1746 3460 1806 3515 in

183 3558 360 3610 unitate
387 3556 527 3610 ﬁdei
545 3554 837 3610 solidaret
870 3570 885 3619 ;
914 3551 1086 3623 cujus
1110 3551 1274 3606 dono
1306 3549 1588 3622 petimus,
1617 3546 1808 3603 etille-

180 3643 420 3700 cebrosas
453 3660 491 3700 a
522 3644 707 3699 nobis
742 3641 978 3698 excludi
1006 3637 1727 3712 voluptates,etspiritales
1747 3638 1805 3692 in

178 3733 555 3790 nobisexstrui
573 3730 955 3805 plantarique
986 3730 1251 3786 virtutes.
1288 3729 1398 3785 Per
1429 3743 1611 3800 quem
1629 3727 1806 3798 Maje-

178 3826 371 3878 statem.

228 3911 300 3965 Ad
324 3910 857 3983 Comptendum.—
889 3911 1103 3965 Mentes
1132 3911 1385 3970 nostras,
1430 3920 1802 3978 qumsumus,

175 3995 662 4074 Domine,Spiritus
679 4002 924 4054 sanctus
938 3996 1147 4052 divinis
1160 4001 1387 4067 reparet
1401 3993 1801 4059 sacramentis,

172 4088 285 4156 quia
310 4090 433 4159 ipse
461 4094 555 4146 est
579 4086 865 4143 remissio
925 4085 1197 4141 omnium
1254 4089 1661 4156 peccatorum.
1697 4082 1805 4137 Per

176 4173 477 4234 Dominum.

638 4265 671 4308 h
711 4280 871 4320 rem».
893 4279 967 4319 iv.
999 4263 1198 4318 mensis
1223 4276 1300 4320 Iv.

225 4357 420 4413 lentes
444 4360 718 4420 nostras,
753 4369 1122 4427 quaesumus,
1158 4349 1799 4414 Domine,Paracletus,

172 4446 305 4513 quia
332 4454 381 4501 te
408 4445 704 4517 procedit,
728 4444 1021 4499 illuminet
1046 4461 1060 4510 ;
1092 4446 1149 4498 et
1177 4441 1424 4496 inducat
1451 4440 1505 4494 in
1532 4453 1796 4502 omnem,
1832 4438 1878 4496 D

174 4530 291 4587 sicut
315 4539 441 4589 tuus
473 4534 759 4606 promisit
790 4532 986 4597 Filius,
1010 4532 1338 4586 veritatem.
1373 4528 1479 4594 Qui
1505 4533 1697 4583 tecum
1716 4526 1797 4581 vi-

172 4620 300 4677 vitet
324 4628 555 4692 regnat,
596 4623 660 4678 in
694 4623 919 4677 unitate
949 4620 1239 4691 ejusdem.

224 4709 437 4765 Atia.—-
471 4713 727 4774 Praesta,
767 4724 1138 4783 qumsumus,
1201 4705 1588 4777 omnipotens
1618 4708 1674 4760 et
1700 4703 1799 4757 mi-

176 4797 382 4853 sericors
406 4800 594 4867 Deus,
632 4805 696 4852 ut
731 4797 979 4869 Spiritus
1009 4799 1253 4852 sanctus
1302 4793 1624 4850 adveniens
1649 4798 1798 4846 tem-

175 4883 308 5027 ἔξω
318 4901 422 4943 nos
433 4887 652 4960 gloria
668 4902 814 4954 sum,
831 4885 1151 4955 dignanter
1168 4882 1498 4939 habitando
1512 4879 1797 4954 perﬁciat.

226 5132 247 5164 ι
271 5122 452 5179 Iisdem
478 5125 535 5179 in
569 5122 874 5179 Codicibus
898 5123 1064 5178 statio
1093 5126 1180 5178 est
1202 5122 1281 5177 ad
1324 5121 1606 5177 Sanctam
1653 5121 1799 5175 Ana-

174 5198 284 5243 itast

212 5208 592 5320 isgd'fbamel.
632 5264 801 5319 habet
826 5280 926 5320 nro
953 5269 1065 5320 stat
1097 5281 1110 5319 :
1136 5263 1234 5318 Ad
1261 5269 1524 5319 sanctam
1552 5262 1795 5317 Mariam

176 5330 779 5403 Huietadsanctum
822 5330 1093 5392 Petrum.
1167 5335 1392 5390 Kalend.
1464 5337 1616 5389 Rom.
1676 5340 1795 5387 tan-

178 5410 263 5480 tum
296 5425 310 5460 :
340 5410 427 5463 Ad
450 5415 726 5465 sanctam
756 5408 1031 5464 Mariam.
1062 5406 1284 5461 Addunt
1304 5406 1411 5461 duo
1432 5403 1637 5460 Theod.
1671 5405 1793 5460 Ma-

173 5488 413 5632 Ἦριξά
434 5549 649 5632 P_amel.
682 5548 848 5632 static
867 5548 1013 5632 ierim
1061 5547 1243 5632 .Liujus
1272 5552 1365 5632 est
1415 5547 1489 5604 ad
1535 5551 1794 5628 iunctim;

183 5614 329 5679 Ιιαισξ
350 5622 499 5693 foris
528 5635 799 5681 murum.
826 5621 980 5678 Istud
1022 5614 1265 5678 ofﬁcium
1327 5617 1570 5693 Gregorii
1633 5616 1793 5691 primi

1915 461 2032 501 nus
2064 444 2356 513 oblatum,
2388 448 2444 501 et
2468 443 2784 516 dignanter
2810 442 3151 512 operare,ut
3167 435 3329 508 quod
3345 439 3565 507 myste-

1915 533 2020 588 riis
2034 533 2412 606 agimus,piis
2425 532 2731 588 effectibus
2750 525 3248 587 celebremus.Per
3261 523 3565 580 Dominum

1916 629 2209 681 nostrum.

1986 730 2364 799 Prmfatio.—
2394 732 2536 786 Vere
2562 728 2813 797 dignum
2837 729 2892 782 et
2936 724 3159 796 justum
3189 724 3299 785 est,
3326 732 3562 791 aequum

1916 825 1971 873 et
2006 820 2289 887 salutare,
2322 836 2431 875 nos
2458 818 2560 874 tibi
2575 820 2875 887 semperet
2902 812 3129 883 ubique
3145 810 3365 880 gratias
3384 819 3562 877 agere

1914 907 2162 965 Domine
2196 915 2416 972 sancte,
2452 909 2619 963 Pater
2647 904 3047 975 omnipotens,
3115 904 3332 954 mterne
3383 897 3559 961 Deus,

1913 1011 2020 1068 per
2032 998 2325 1054 Christum
2347 998 2665 1053 Dominum
2686 997 2979 1050 nostrum.
3000 993 3104 1044 Per
3118 1002 3291 1060 quem
3312 984 3565 1056 discipu-

1911 1083 1982 1141 lis
2008 1088 2256 1159 Spiritus
2277 1092 2517 1143 sanctus
2547 1085 2607 1141 in
2640 1090 2797 1139 terra
2830 1080 3006 1137 datur
3061 1076 3135 1133 ob
3185 1073 3562 1131 dilectionem

1913 1177 2190 1248 proximi,
2222 1181 2280 1232 et
2316 1176 2390 1231 de
2422 1174 2571 1231 caelo
2610 1172 2859 1228 mittitur
2904 1171 3147 1240 propter
3182 1161 3565 1220 dilectionem

1912 1268 2014 1322 tui.
2044 1267 2224 1337 Cujus
2246 1264 2464 1320 infusio
2488 1263 2745 1335 petimus
2768 1265 2826 1315 ut
2851 1259 2911 1315 in
2950 1256 3127 1313 nobis
3176 1256 3566 1337 peccatorum

1914 1356 2121 1412 sordes
2151 1359 2379 1419 exurat,
2410 1354 2492 1410 tui
2522 1351 2743 1408 amoris
2766 1350 2965 1419 ignem
2997 1345 3232 1409 nutriat,
3266 1348 3322 1399 et
3350 1356 3456 1397 nos
3484 1336 3566 1395 ad

1913 1461 2181 1502 amorem
2196 1442 2575 1500 fraternitatis
2589 1438 2894 1496 accendat.
2911 1437 3016 1492 Per
3026 1450 3193 1507 quem
3208 1431 3565 1503 Majestatem

1913 1541 2077 1592 tuam
2094 1579 2107 1592 .

1987 1634 2082 1690 Ad
2098 1629 2603 1705 Complendum.-—
2624 1628 2961 1692 Sumentes,
2998 1619 3269 1683 Domine,
3299 1614 3567 1705 coelestia

1834 1712 1883 1773 Β
1914 1703 2309 1787 sacramenta,
2333 1732 2681 1792 quaesumus
2711 1711 3077 1771 clementiam
3096 1714 3273 1773 tuam,
3306 1710 3372 1762 ut
3399 1703 3566 1776 quod

1914 1810 2313 1884 temporaliter
2325 1811 2585 1879 gerimus
2601 1802 2835 1862 aeternis
2861 1800 3096 1875 gaudiis
3111 1806 3562 1869 consequamur.

1914 1904 2040 1959 Per.

2501 2025 2526 2055 ο
2555 2010 2701 2085 (397)
2733 2023 2898 2065 FERIA
2924 2025 2979 2063 ν.

1985 2133 2090 2190 1110
2106 2148 2217 2190 nos
2233 2124 3044 2203 igne,quaesumus,Domine,
3062 2120 3311 2196 Spiritus
3324 2119 3563 2175 sanctus

1914 2222 2269 2288 inﬂammet,
2283 2235 2462 2292 quem
2479 2218 2766 2274 Dominus
2781 2214 3019 2271 nosterJ
3029 2227 3166 2267 esus
3180 2207 3443 2266 Christus
3460 2204 3568 2260 mi-

1915 2313 1989 2370 sit
2020 2314 2079 2368 in
2108 2317 2349 2377 terram,
2376 2312 2433 2364 et
2460 2296 3316 2363 voluitvehementeraccendi.
3350 2294 3461 2361 Qui
3488 2297 3567 2349 te-

1914 2418 2052 2458 cum
2079 2399 2228 2457 vivit
2257 2402 2311 2454 et
2334 2400 2541 2467 regnat
2562 2395 2717 2450 Deus
2744 2395 2803 2449 in
2822 2392 3043 2448 unitate
3068 2384 3361 2459 ejusdem.

1986 2491 2168 2560 Super
2192 2488 2473 2544 oblata.—
2512 2487 2731 2541 Virtute
2782 2481 3028 2555 Spiritus
3052 2476 3259 2541 sancti,
3298 2472 3564 2536 Domine,

1914 2591 2156 2631 munera
2185 2577 2394 2629 nostra
2425 2571 2729 2638 continge,
2754 2573 2813 2623 ut
2840 2564 3003 2639 quod
3026 2561 3398 2617 solemnitate
3420 2566 3568 2628 pras-

1913 2664 2063 2721 senti
2089 2668 2191 2720 tuo
2221 2660 2451 2717 nomini
2481 2658 2792 2723 dedicavit,
2823 2660 2879 2711 et
2898 2648 3261 2722 intelligibile
3284 2645 3456 2704 nobis
3481 2644 3566 2702 fa-

1913 2754 2029 2810 ciat
2054 2758 2111 2809 et
2128 2757 2437 2809 aeternum.
2462 2749 2572 2804 Per
2600 2746 2941 2803 Dominum.

1988 2858 2365 2929 Prw/alia—
2394 2857 2537 2910 Vere
2559 2853 2811 2925 dignum
2839 2854 2895 2905 et
2912 2849 3135 2919 justum
3186 2849 3293 2909 est,
3324 2855 3570 2915 mquum

1913 2955 1971 3010 et
1998 2952 2271 3018 salutare,
2304 2962 2415 3003 nos
2436 2944 2537 3001 tibi
2566 2958 2803 3015 semper
2825 2939 3115 3012 etubique
3129 2935 3349 3007 gratias
3369 2945 3564 3003 agere,

1920 3040 2165 3098 Domine
2197 3040 2418 3102 sancte,
2435 3035 2608 3091 Pater
2624 3032 3259 3103 omnipotens,aeterne
3285 3027 3571 3093 Deus,per

1924 3140 2089 3210 101
2120 3135 2416 3191 Christum
2446 3132 2761 3187 Dominum
2777 3127 3369 3195 nostrum.Perquem
3389 3119 3569 3192 pieta-

1916 3234 2034 3285 tem
2052 3231 2219 3281 tuam
2251 3220 2590 3294 suppliciter
2610 3220 2891 3293 petimus,
2926 3221 2990 3272 ut
3023 3213 3278 3286 Spiritus
3329 3213 3571 3265 sanctus

1917 3316 2101 3373 corda
2127 3318 2330 3370 nostra
2351 3313 2656 3382 expurget,
2686 3314 2743 3364 et
2774 3307 2863 3363 sui
2920 3304 3165 3361 luminis
3197 3298 3572 3357 irradiat—ione

1916 3406 2250 3480 perlustret,
2275 3409 2339 3460 ut
2370 3404 2428 3457 in
2460 3417 2527 3455 eo
2558 3400 2661 3472 qui
2687 3398 3018 3470 gratiarum
3042 3393 3284 3465 largitor
3305 3393 3394 3446 est
3412 3391 3573 3444 recta

1917 3496 2249 3567 sapiamus,
2264 3497 2321 3549 et
2336 3492 2409 3547 de
2422 3490 2551 3561 ejus
2565 3486 2977 3543 consolatione
2992 3484 3053 3537 in
3072 3484 3418 3554 perpetuum
3434 3491 3569 3547 gau-

1916 3584 2182 3640 deamus.
2219 3581 2329 3636 Per
2354 3595 2533 3651 quem
2560 3576 2923 3645 Maiestatem
2951 3577 3141 3628 tuam.

1986 3671 2079 3727 Ad
2108 3667 2616 3735 Complendum.—
2641 3663 2832 3720 Sacris
2890 3658 3248 3726 cmlestibus,
3294 3654 3569 3723 Domine,

1917 3764 2124 3818 sancto
2156 3757 2376 3831 Spiritu
2406 3758 2710 3827 operante,
2746 3752 2884 3807 vitia
2902 3753 3107 3806 nostra
3136 3747 3487 3831 purgentur,
3509 3745 3573 3798 ut

1915 3829 2267 3906 muneribus
2296 3845 2413 3902 tuis
2435 3844 2737 3918 possimus
2755 3853 2993 3911 semper
3016 3833 3227 3908 aptari.
3261 3832 3370 3888 Per
3386 3829 3571 3885 Domi-

1915 3951 2061 3991 num
2090 3938 2374 3989 nostrum.

1984 4033 2141 4088 Alia.
2158 4061 2228 4072 —
2252 4030 2490 4092 Praesta,
2523 4018 3182 4097 quassumus,Domine,
3209 4020 3330 4073 uta
3348 4011 3568 4071 nostris

1914 4120 2214 4176 mentibus
2246 4116 2509 4173 carnales
2526 4111 3056 4182 amoveatSpiritus
3074 4107 3341 4167 affectus,
3371 4108 3428 4158 et
3450 4101 3567 4171 spi-

1914 4208 2105 4264 ritalia
2129 4206 2306 4262 nobis
2332 4205 2494 4261 dona
2525 4198 3107 4274 potenterinfundat.
3140 4192 3566 4250 PerDominum

1912 4303 2184 4355 nostrum
2201 4296 2228 4348 J
2235 4311 2404 4351 esum
2418 4292 2713 4349 Christum
2733 4289 2939 4344 Filium
2955 4292 3123 4342 tuum
3137 4283 3258 4355 ,qui
3274 4287 3470 4337 tecum
3484 4279 3565 4333 vi-

1909 4387 1990 4443 vit
2027 4392 2080 4441 et
2108 4387 2335 4454 regnat,
2361 4383 2538 4449 Deus,
2571 4380 2631 4434 in
2674 4378 2897 4433 unitate
2946 4371 3241 4448 ejusdem.

2407 4503 2567 4543 FERIA
2599 4503 2677 4540 v1.
2705 4483 2731 4524 ἀ
2764 4484 2952 4537 mensis
2986 4497 3060 4533 1v.

1983 4598 2129 4667 (398)
2160 4598 2262 4657 Da.
2295 4609 2657 4667 quiesumus,
2708 4588 2979 4645 Ecclesiae
3027 4589 3163 4651 tuae,
3225 4580 3560 4638 misericors

1914 4685 2087 4749 Deus,
2118 4690 2199 4748 ut,
2236 4685 2442 4740 sancto
2467 4681 2682 4752 Spiritu
2700 4668 3559 4746 congregata.hostilinullate-

1912 4790 2025 4829 nus
2054 4771 2393 4828 incursione
2426 4767 2707 4825 turbetur.
2742 4766 2850 4820 Per
2877 4762 3194 4819 Dominum
3228 4764 3520 4816 nostrum.

1982 4880 2167 4950 Super
2195 4879 2483 4934 oblata.—
2534 4872 2853 4939 Sacrificia,
2901 4869 3170 4936 Domine,
3224 4867 3337 4925 tuis
3368 4865 3562 4922 oblata

1911 4967 2330 5040 conspectibus
2351 4965 2446 5021 ille
2467 4963 2620 5033 ignis
2636 4960 2873 5016 divinus
2890 4955 3284 5029 assumat,qui
3302 4953 3561 5026 discipu-

1908 5136 2015 5174 non
2049 5133 2191 5183 esse,
2220 5119 2368 5188 patet
2389 5132 2454 5188 ex
2483 5113 2958 5188 Ord.___Romano,
3028 5126 3158 5182 pag.
3206 5108 3286 5188 _8A3
3322 5123 3337 5173 ;
3365 5112 3418 5188 et
3470 5102 3560 5158 Al-

1907 5190 2086 5255 cuino,
2121 5178 2247 5260 pag.
2301 5187 2409 5260 69_;
2433 5186 2558 5260 item
2625 5183 2949 5260 Microlqgo,
3008 5178 3144 5260 capi.
3351 5178 3558 5260 .Neque

1907 5278 2043 5317 sane
2075 5248 2148 5315 'in
2193 5248 2312 5313 uno
2362 5248 2772 5315 Coloniensium
2822 5248 3091 5308 codicum'
3130 5248 3452 5312 habebatur,
3480 5249 3557 5301 in-

1907 5333 2025 5405 quit
2081 5330 2287 5386 Pamel.
2319 5328 2526 5385 Abesse
2556 5344 2770 5401 quoque
2800 5344 2831 5381 a
2861 5325 2995 5380 Cod.
3020 5326 3160 5393 Reg.
3183 5322 3344 5376 Suec.
3374 5318 3556 5375 obser-

1906 5421 2286 5529 mdmluifdicitur
2331 5470 2493 5527 statio
2540 5470 2610 5525 ad
2647 5468 2933 5542 Apostolos
2983 5465 3043 5542 in
3091 5460 3326 5518 Kalend.
3379 5458 3547 5517 Rom.

1905 5544 2372 5601 consentientibus
2402 5542 2547 5600 Edit.
2579 5536 2781 5599 Paniel.
2816 5544 2871 5596 et
2896 5536 3065 5597 Codd.
3102 5550 3230 5591 mss.
