4092 6200
445 251 556 314 “5

1677 240 1941 310 SANCTI
1981 233 2332 301 GREGORII
2371 231 2610 298 MAGNI

3729 224 3840 294 {1.6

437 383 626 442 lorum
643 368 848 442 Christi
862 381 950 442 tui
965 397 1071 457 per
1087 381 1353 456 Spiritum
1368 384 1633 440 sanctum
1647 379 1830 438 corda
1845 389 2088 434 succen-
2117 371 2168 436 Α
2195 372 2252 426 et
2281 367 2561 438 salutare,
2575 384 2684 426 nos
2711 365 2818 425 tibi
2843 381 3080 441 semper
3090 369 3147 424 et
3172 362 3388 437 ubique
3400 360 3623 457 gratias
3643 373 3841 457 agere,

439 474 544 532 dit.
575 479 682 532 Per
709 473 984 530 eumdem
1015 474 1326 530 Dominum
1351 478 1640 530 nostrum.

509 566 885 636 Proefatio.—
909 565 1054 620 Vere
1075 565 1326 632 dignum
1341 569 1396 620 et
1415 564 2006 634 justumest,a3quum
2031 558 2088 612 et

440 653 717 720 salutare,
749 669 860 709 nos
885 653 991 708 tibi
1021 668 1255 724 semper
1279 657 1336 708 et
1364 652 1589 724 ubique
1619 650 1838 723 gratias
1886 661 2085 718 agere,

441 744 684 799 Domine
717 747 940 809 sancte,
974 741 1787 812 Pateromnipotens,aeterne
1809 738 1956 792 Deus
1985 751 1999 802 ;
2032 738 2089 789 et

440 833 800 905 Majestatem
821 838 984 888 tuam
1015 831 1354 903 suppliciter
1373 835 1704 894 exorare,ut
1723 828 1967 900 Spiritus
1991 840 2089 896 pa-

439 921 700 979 racletus
713 920 1011 985 adveniat,
1031 924 1230 984 etnos,
1248 916 1941 988 inhabitando,templum
1965 929 2088 968 suae

442 1010 777 1083 Majestatis
807 1009 1210 1082 emciat;quod
1231 1025 1362 1065 cum
1386 1007 1693 1077 Unigenito
1705 1006 1846 1062 Filio
1863 1014 1960 1060 tuo
1978 1003 2090 1058 cle-

444 1101 620 1157 menti
649 1103 924 1172 respectu
957 1114 1192 1171 semper
1213 1099 1470 1168 digneris
1495 1097 1774 1161 invisere,
1802 1102 1857 1150 et
1882 1093 2090 1150 tuaein-

441 1188 828 1246 habitationis
855 1180 1082 1256 fulgore
1102 1187 1162 1242 in
1189 1192 1548 1260 perpetuum
1587 1183 1958 1258 perlustrare.
1985 1180 2095 1234 Per

444 1293 626 1351 quem
651 1277 1036 1347 Majestatem.

515 1367 616 1422 Ad
653 1364 1167 1437 Complendum.——
1199 1363 1603 1436 Sumpsimns,
1643 1361 1910 1426 Domine,
1944 1357 2095 1416 sacri

448 1454 612 1512 dona
635 1452 1224 1527 mysterii,humiliter
1244 1453 1648 1526 deprecantes,
1689 1455 1748 1508 ut
1769 1467 1904 1524 qum
1931 1449 1991 1504 in
2015 1446 2096 1504 tui

448 1543 1079 1601 commemorationem
1112 1557 1219 1598 nos
1249 1541 1442 1598 facere
1455 1537 2098 1614 prmoepistidargiente

450 1637 659 1690 sancto
677 1631 917 1705 Spiritu,
934 1632 990 1687 in
1010 1636 1226 1688 nostra;
1245 1629 1921 1704 proﬁciantinfirmitatis
1939 1626 2100 1684 auxi-

447 1721 618 1778 lium.
645 1721 755 1778 Per
783 1721 1112 1776 Dominum.

2199 459 2444 514 Domine
2474 463 2694 522 sancte,
2731 459 2900 514 Pater
2924 458 3546 528 omnipotens,mteriie
3575 455 3760 510 Deus:
3785 453 3843 506 et

2196 554 2360 602 tuam
2379 547 2872 620 omnipotentiam
2891 546 3117 601 devotis
3137 544 3412 617 precibus
3433 539 3848 614 implorare,ut

2183 651 2308 724 lnos
2336 637 2487 707 (400)
2509 635 2858 708 Spiritustni
2883 635 3086 691 lumen
3109 633 3404 701 infundat,
3431 632 3602 700 cujus
3617 645 3731 724 nos
3753 643 3844 682 sa—

2200 725 2421 796 pientia
2439 731 2611 791 creat,
2630 725 2810 795 pietas
2828 729 3132 788 recreat,et
3147 720 3520 794 providentia
3535 717 3845 788 gubernat.

2199 814 2328 880 Qui,
2361 829 2497 868 cum
2529 831 2562 869 a
2587 819 2684 870 tua
2713 813 3042 869 substantia
3069 811 3231 866 nullo
3245 809 3427 866 modo
3459 808 3532 862 sit
3551 807 3848 870 diversus,

2200 901 2302 956 sed
2332 900 2437 956 tibi
2457 907 2513 957 et
2541 902 2852 971 Unigenito
2879 909 2978 956 tuo
2991 897 3518 955 consubstantialis
3534 901 3588 952 et
3615 899 3850 950 coaeter-

2200 1005 2335 1053 nus,
2350 989 2689 1046 diversitate
2708 997 2896 1046 tamen
2917 990 3203 1044 donorum
3225 987 3412 1060 replet
3429 991 3649 1044 tuorum
3667 981 3858 1040 corda

2200 1078 2478 1135 ﬁdelium.
2515 1082 2579 1136 Et
2611 1079 2744 1135 ideo
2775 1096 2911 1134 cum
2944 1079 3190 1149 angelis.

2271 1167 2302 1210 b
2330 1168 2692 1225 Benedictio.
2738 1167 3052 1224 Benedicat
3083 1166 3252 1222 vobis
3279 1165 3661 1238 omnipotens
3678 1163 3853 1225 Deus,

2203 1257 2306 1329 qui
2326 1263 2541 1314 cuncta
2570 1274 2641 1314 ex
2671 1257 2856 1313 nihilo
2887 1256 3126 1321 creavit,
3152 1255 3384 1311 etvobis
3402 1257 3461 1310 in
3499 1253 3858 1324 baptismate

2203 1361 2311 1419 per
2323 1346 2599 1418 Spiritum
2615 1352 2885 1404 sanctum
2897 1347 3304 1402 remissionem
3319 1345 3570 1400 omnium
3583 1344 3860 1414 peccato-

2204 1449 2339 1489 rum
2370 1434 2594 1490 tribuit.
2627 1441 2839 1491 Amen.
2869 1434 3096 1506 Quippe
3118 1433 3396 1490 eumdem
3435 1432 3698 1504 Spiritum
3722 1449 3861 1488 san-

2207 1528 2368 1578 ctum
2397 1523 2457 1578 in
2489 1525 2656 1592 ignes
2690 1524 2911 1592 linguis
2939 1523 3246 1596 discipulis
3279 1522 3401 1578 suis
3455 1521 3639 1588 dedit,
3669 1522 3860 1593 ipsius

2207 1610 2596 1668 illustratione
2621 1613 2800 1669 corda
2819 1618 3012 1669 vestra
3025 1612 3355 1685 perlustrat,
3387 1615 3565 1683 atque
3593 1611 3650 1666 in
3681 1628 3866 1667 suum

2131 1735 2176 1794 Β
2210 1702 3009 1774 amoremjugiteraccendat.
3037 1705 3241 1758 Amen.
3271 1702 3561 1766 Quatenus
3579 1700 3704 1794 ejus
3721 1699 3868 1756 dono

523 1812 716 1880 Super
724 1810 1020 1882 populum,
1039 1809 1186 1881 (399)
1197 1811 1247 1864 si
1253 1809 1312 1863 in
1318 1809 1554 1878 jejunio
1563 1807 1927 1879 fuerit—Da
1939 1803 2102 1862 nobis

2232 1806 2248 1845 ι
2271 1789 2427 1846 vitiis
2440 1792 2662 1846 cunctis
2687 1791 3019 1857 emundati,
3043 1791 3228 1863 ipsius
3249 1789 3629 1862 opitulatione
3651 1788 3730 1844 ab
3751 1805 3872 1845 om-

451 1915 813 1971 quassumus,
827 1897 1097 1964 Domine,
1131 1913 1236 1969 per
1255 1899 1506 1966 gratiam
1521 1897 1771 1968 Spiritus
1787 1895 2106 1960 sancti,no-

450 2003 591 2044 vam
605 1988 689 2044 tui
706 1987 990 2044 Paracleti
1007 1985 1283 2059 spiritalis
1299 1986 1688 2043 observantiae
1705 1985 2101 2058 disciplinam,

452 2081 518 2134 ut
549 2085 777 2133 mentes
803 2081 1036 2132 nostras
1063 2091 1233 2132 sacro
1249 2075 1854 2147 puriﬁcantejejnnio,
1878 2074 2104 2130 cunctis

451 2165 780 2223 reddantur
791 2165 841 2236 ej
853 2183 920 2220 us
937 2184 984 2219 m
995 2164 1272 2221 uneribus
1285 2165 1682 2238 aptiores.Per
1693 2164 2012 2220 Dominum
2023 2164 2105 2218 .ln

453 2255 688 2313 unitate
709 2254 1003 2328 ejusdem.

685 2385 928 2426 SABBATO
958 2384 1016 2428 IN
1045 2381 1074 2413 ⁸
1102 2385 1180 2426 XII
1214 2385 1563 2426 LECTIONIBUS
1587 2387 1781 2426 MENSIS
1801 2386 1882 2424 IV.

527 2485 821 2544 Mentibus
839 2486 1076 2551 nostris,
1091 2486 1360 2553 Domine,
1377 2485 1648 2557 Spiritum
1669 2491 1930 2542 sanctum
1947 2484 2108 2541 beni-

458 2589 610 2646 gnus
633 2574 904 2642 infunde,
936 2575 1103 2646 cujus
1129 2578 1186 2631 et
1218 2574 1506 2644 sapientia
1523 2573 1743 2630 conditi
1789 2591 2017 2640 sumus,
2051 2576 2110 2630 et

457 2663 835 2738 providentia
856 2663 1395 2734 gubernamur.Per
1411 2663 1720 2720 Dominum
1736 2670 2034 2720 nostrum.

529 2771 762 2828 Alia.—-—
791 2774 996 2826 Annue
1027 2769 1362 2826 misericors
1425 2772 1596 2838 Deus,
1630 2773 1692 2825 ut
1714 2769 1820 2842 qui
1877 2769 2104 2835 divina,

459 2862 758 2931 prmoepta
775 2859 818 2928 ι
829 2858 946 2929 02
961 2855 1264 2926 violando,
1279 2873 1316 2913 a
1327 2856 1587 2930 paradisi
1607 2855 2113 2913 felicitatedecidi-

460 2964 618 3015 mus,
633 2946 709 3004 ad
721 2951 954 3003 aeternas
966 2945 1525 3009 beatitudinis,duce
1543 2947 1757 3002 Sancto
1773 2945 2008 3018 Spiritu,
2024 2961 2109 3001 re-

463 3037 718 3094 deamus
735 3051 1182 3108 accessum,per
1193 3039 1432 3091 tuorum
1451 3035 1787 3092 custodiam
1802 3035 2114 3092 mandato-

461 3141 618 3183 rum.
655 3123 785 3180 Per.
807 3124 874 3178 In
901 3123 1124 3179 unitate
1151 3122 1441 3194 ejusdem.

533 3231 785 3287 Alia.—
815 3231 986 3292 Deus,
1013 3228 1117 3300 qui
1149 3227 1226 3283 ad
1241 3227 1581 3284 animarum
1596 3227 1886 3284 medelam
1898 3228 2112 3300 jejunii

463 3317 1000 3386 devotionecastiga
1009 3317 1053 3372 ri
1071 3331 1318 3389 corpora
1329 3316 1929 3388 praecepisti,concede
1945 3317 2114 3373 nobis

462 3405 768 3480 propitius,
802 3407 862 3460 et
888 3409 1078 3460 mente
1102 3409 1159 3460 et
1187 3419 1436 3476 corpore
1458 3420 1690 3477 semper
1721 3404 1828 3460 tibi
1859 3421 1985 3460 esse
2015 3405 2112 3461 de-

427 3553 431 3560 ,
462 3498 650 3552 votos.
692 3495 816 3549 Per.

531 3582 764 3639 Atia.—
791 3581 1032 3649 Prtesta,
1058 3581 1830 3654 qumsumus,omnipotens
1862 3585 2118 3648 Deus,ut

463 3669 827 3730 salutaribus
850 3669 1428 3743 jejuniiseruditi,ab
1442 3672 1726 3728 omnibus
1756 3672 1937 3728 etiam
1962 3673 2116 3728 vitiis

466 3761 854 3830 abstinentes,
884 3759 1369 3833 propitiationem
1400 3763 1566 3816 tuam
1586 3759 1819 3818 facilius
1845 3761 2117 3833 impetre-

467 3866 628 3908 mus.
656 3851 778 3905 Per.

538 3939 774 3994 Alia.——
797 3937 1034 4003 Prmsta,
1062 3952 1432 4008 quaesumus,
1451 3935 1832 4006 omnipotens
1855 3937 2121 4002 Deus,sic

469 4041 584 4082 nos
599 4025 676 4081 ab
689 4025 883 4096 epulis
898 4023 1240 4080 carnalibus
1257 4024 1552 4080 abstinere
1575 4043 1590 4091 ;
1611 4029 1672 4080 ut
1685 4024 1886 4080 avitiis
1904 4025 2124 4080 irruen-

471 4113 630 4170 tibus
655 4113 874 4184 pariter
881 4112 1252 4183 jejunemus.
1283 4113 1388 4168 Per
1413 4114 1726 4169 Dominum
1758 4121 2048 4169 nostrum.

542 4199 676 4261 Alia
701 4201 776 4257 ad
799 4201 1126 4256 Missam.—
1159 4203 1335 4270 Deus,
1365 4202 1470 4272 qui
1500 4201 1690 4257 tribus
1752 4201 1951 4274 pueris
1979 4202 2126 4258 miti-

477 4285 627 4356 gasti
655 4283 934 4341 ﬂammas
963 4284 1214 4354 ignium,
1243 4284 1504 4340 concede
1523 4285 2014 4358 propitiusjutnos
2047 4285 2128 4343 fa-

478 4367 674 4425 mulos
705 4373 840 4424 tuos
862 4383 985 4423 non
1014 4373 1224 4424 exurat
1251 4367 1502 4424 ﬂamma
1533 4369 1830 4426 vitiorum.
1865 4370 1992 4424 Per.

2213 1878 2388 1934 nibus
2413 1880 2872 1936 adversitatibus
2905 1880 3156 1944 defensi,
3178 1878 3463 1951 templum
3493 1877 3681 1949 ipsius
3711 1876 3872 1934 efﬁci

2213 1967 2592 2026 mereamini.
2628 1970 2836 2024 Amen.
2887 1969 3053 2033 Quod
3077 1969 3208 2040 ipse
3241 1973 3522 2038 praestare
3559 1966 3864 2038 dignetur.

2285 2058 2382 2114 Ad
2400 2057 2914 2126 Complendum.—
2937 2055 3244 2112 Praebeant
3274 2055 3758 2119 nobis,Domine.
3783 2055 3876 2111 di-

2223 2147 2421 2203 vinum
2458 2153 2556 2201 tua
2587 2152 2794 2202 sancta
2821 2146 3132 2210 fervorem,
3165 2161 3288 2218 quo
3315 2161 3528 2201 eorum
3552 2144 3780 2218 pariter
3815 2148 3876 2200 et

2217 2242 2354 2292 actu
2379 2235 2746 2292 delectemur
2776 2241 2832 2290 et
2859 2235 3078 2292 fructu.
3119 2235 3248 2291 Per.

2354 2369 2524 2442 103
2551 2385 2808 2427 comma».
2835 2370 2982 2440 (401)
3014 2381 3038 2412 c
3067 2386 3309 2424 ocnus
3341 2385 3730 2426 renrncosres.

2289 2492 2678 2560 Omnipotens
2695 2493 3070 2565 sempiternae
3099 2495 3272 2563 Deus,
3291 2493 3392 2567 qui
3418 2492 3624 2548 dedisti
3644 2491 3878 2548 famulis

2219 2583 2334 2638 tuis
2361 2581 2421 2637 in
2448 2582 2824 2638 confessione
2852 2599 3002 2638 verae
3017 2583 3149 2638 ﬁdei
3168 2588 3402 2638 aeternae
3420 2581 3712 2638 Trinitatis
3741 2581 3874 2651 glo-

2217 2669 2365 2725 riam
2391 2685 2732 2738 agnoscere,
2764 2672 2897 2725 etin
2926 2671 3189 2742 potentia
3255 2670 3568 2742 Majestatis
3617 2669 3876 2726 adorare

2221 2759 2538 2825 Unitatem,
2567 2775 2924 2830 quaesumus
2955 2764 3016 2814 ut
3041 2759 3314 2830 ejusdem
3340 2758 3476 2814 ﬁdei
3503 2757 3877 2814 ﬁrmitateab

2223 2847 2496 2904 omnibus
2521 2863 2745 2920 semper
2760 2847 3106 2904 muniamur
3123 2847 3413 2904 adversis.
3435 2847 3543 2903 Per
3561 2846 3880 2904 Dominum

2221 2943 2485 2993 nostrum
2501 2980 2514 2993 .

2293 3024 2473 3096 Super
2494 3023 2716 3080 oblata.
2751 3053 2796 3064 -
2821 3023 3154 3088 Sanctiﬁca,
3227 3039 3599 3097 quiesumus,
3630 3023 3883 3080 Domine

2149 3093 2194 3156 δ
2226 3093 2385 3170 Deus
2408 3119 2626 3175 noster,
2658 3129 2764 3184 per
2790 3112 3082 3182 Unigeniti
3111 3093 3695 3184 tuivirtutem,hujus
3717 3111 3886 3168 obla-

2222 3203 2401 3260 tionis
2432 3203 2714 3269 Hostiam,
2746 3208 2802 3258 et
2830 3207 3184 3268 cooperante
3236 3203 3452 3274 Spiritu
3511 3208 3740 3266 sancto,
3773 3217 3887 3273 per

2224 3309 2356 3348 eam
2389 3293 2791 3364 nosmetipsos
2813 3292 2908 3346 tibi
2936 3293 3154 3364 perﬁce
3181 3308 3402 3348 munus
3432 3298 3734 3348 aeternum.
3769 3291 3887 3347 Per

2224 3381 2526 3436 eumdem.
2563 3381 2628 3435 In
2659 3381 2880 3436 unitate
2911 3380 3206 3451 ejusdem.

2299 3469 2827 3540 Praefatio.——Vere
2854 3469 3103 3537 dignum
3131 3474 3186 3525 et
3211 3469 3438 3540 justum
3454 3473 3801 3542 est,azquum
3821 3472 3890 3525 et

2226 3559 2506 3624 salutare,
2540 3575 2650 3614 nos
2680 3558 2780 3612 tibi
2810 3573 3042 3629 semper
3067 3563 3122 3613 et
3149 3558 3372 3629 ubique
3405 3558 3626 3628 gratias
3671 3573 3874 3626 agere,

2228 3648 2476 3704 Domine
2503 3653 2725 3711 sancte,
2759 3647 2930 3702 Peter
2977 3647 3376 3718 omnipotens,
3420 3652 3635 3702 mterne
3669 3649 3820 3701 Deus
3869 3664 3885 3702 :

2223 3737 2372 3808 (402)
2401 3737 2505 3809 qui
2537 3752 2672 3791 cum
2701 3736 3013 3805 Unigenito
3033 3735 3173 3791 Filio
3199 3742 3320 3801 tuo,
3349 3741 3406 3791 et
3435 3737 3644 3808 Spiritu
3675 3739 3890 3792 sancto

2228 3842 2385 3882 unus
2413 3841 2476 3879 es
2499 3827 2670 3889 Deus,
2692 3840 2846 3878 unus
2867 3841 2930 3878 es
2961 3825 3268 3893 Dominus,
3298 3839 3416 3880 non
3469 3824 3526 3879 id
3555 3825 3730 3880 unius
3753 3823 3890 3880 sin-

2231 3911 2543 3982 gularitate
2559 3913 2954 3988 personased
2967 3913 3024 3967 in
3043 3912 3217 3968 unius
3231 3913 3504 3968 Trinitate
3519 3912 3887 3968 substantiae.

2231 4001 2398 4068 Quod
2426 4001 2586 4056 enim
2617 4001 2690 4055 de
2718 4006 2820 4056 tua
2850 4001 3058 4070 gloria,
3089 4001 3389 4057 revelante
3449 4011 3527 4070 te,
3581 4001 3892 4057 credimus

2232 4093 2348 4148 hoc
2369 4091 2440 4146 de
2455 4089 2596 4145 Filio
2618 4095 2742 4160 tuo,
2762 4091 2876 4146 hoc
2895 4090 2968 4145 de
2995 4089 3213 4161 Spiritu
3235 4095 3442 4146 sancto
3471 4092 3596 4145 sine
3615 4088 3896 4144 differen-

2233 4181 2330 4236 tiae
2347 4179 2698 4234 discretione
2717 4178 3157 4244 sentimus;utin
3183 4178 3558 4234 confessione
3573 4195 3728 4236 verae
3746 4195 3897 4234 sem-

2237 4269 2595 4340 piternaeque
2621 4267 2877 4336 Deitatis,
2912 4273 2968 4323 et
2997 4268 3054 4322 in
3079 4268 3347 4342 personis
3388 4268 3796 4340 proprietas,et
3825 4265 3896 4322 in

2239 4355 2495 4414 essentia
2525 4357 2744 4412 Unitas.
2772 4362 2829 4411 et
2848 4357 2908 4412 in
2943 4356 3237 4426 Majestate
3259 4357 3539 4412 adoretur
3558 4355 3894 4428 aequalitas.

549 4451 743 4523 Super
774 4452 2130 4526 oblata.—OmnipotenssempiterneDeus,qui
2164 4453 2207 4512 D
2241 4449 2431 4513 Quam
2467 4445 2718 4500 laudant
2748 4443 2971 4511 angeli.

484 4553 606 4594 non
625 4535 1050 4593 sacriﬁciorum
1065 4537 1389 4593 ambitione
1405 4537 1790 4610 placaris,sed
1806 4539 2002 4594 studia
2020 4539 2134 4610 piae

484 4621 814 4678 devotionis
833 4621 1115 4688 intendis,
1132 4622 1213 4677 da
1226 4621 1462 4678 familiae
1479 4627 1594 4678 tua;
1621 4623 1901 4694 Spiritum
1918 4629 2134 4678 rectum

485 4710 772 4767 ethabere
785 4727 886 4766 cor
904 4710 1220 4775 mundum,
1241 4711 1462 4766 uttides
1484 4727 1686 4767 eorum
1710 4712 1838 4768 haec
1851 4712 2013 4767 dona
2028 4710 2134 4767 tibi

487 4799 782 4863 conciliet,
814 4804 871 4856 et
899 4799 1197 4856 humilitas
1226 4799 1424 4856 oblata
1445 4801 1845 4856 commendet.
1882 4803 2002 4856 Per.

560 4888 938 4959 Praefatio.—
957 4890 1097 4944 Vere
1125 4887 1377 4959 dignum
1403 4893 1459 4945 et
1492 4888 1722 4960 justum
1757 4894 1863 4956 est,
1892 4903 2138 4962 (equum

564 5075 592 5106 ι
621 5063 849 5135 Legitur
883 5063 936 5118 in
965 5063 1064 5119 Ed.
1093 5064 1296 5120 Pamel.
1355 5069 1409 5120 et
1437 5063 1492 5118 in
1547 5063 1778 5121 Kalend.
1807 5065 1963 5122 Rom.
1999 5082 2012 5118 :
2045 5066 2141 5121 Ad

493 5139 750 5192 sanctum
779 5137 1030 5192 Petrum.

567 5205 765 5280 {Haec
780 5207 1100 5280 Benedictio
1127 5223 1232 5262 non
1261 5206 1540 5280 legiturrin
1567 5206 1689 5280 aliis
1713 5207 1834 5273 Edz,
1853 5206 2141 5280 nequidem

499 5277 553 5332 in
587 5276 1040 5333 Benedictionali.
1065 5278 1251 5332 Exstat
1279 5277 1332 5332 in
1367 5281 1387 5332 1
1423 5278 1738 5334 Theoderic.

571 5359 596 5390 ο
625 5348 764 5402 Male
786 5349 842 5404 in
877 5349 1018 5404 Edit.
1047 5350 1221 5405 Vatic.
1248 5357 1300 5404 et
1339 5348 1681 5412 Gussanvil.,
1714 5350 1772 5404 in
1789 5357 1944 5405 nocte
1975 5349 2138 5406 Pent.

481 5415 908 5492 orteAPriores
942 5414 1185 5492 Editores
1218 5419 1292 5492 ita
1312 5419 1586 5492 legerunt,
1606 5437 1723 5492 pro,
1755 5421 1808 5473 in
1834 5430 1964 5492 oct.,
1989 5421 2116 5475 addi

499 5489 649 5545 tione
668 5489 780 5563 litt.
812 5507 872 5547 η.
909 5493 1068 5563 Apud
1100 5491 1302 5563 Pamel-
1345 5489 1473 5545 sunt
1519 5489 1641 5545 aliae
1694 5491 1999 5546 Orationes.
2023 5492 2140 5563 _Ad

499 5562 804 5634 marginem
826 5561 1102 5634 vero—haec
1117 5561 1283 5634 habet
1304 5584 1325 5634 ,τ
1357 5563 1654 5634 Dominica
1704 5569 1898 5618 vacat.
1966 5561 2142 5617 Ofﬁcii

503 5631 718 5707 quoque
745 5633 909 5709 hujus
930 5633 1120 5692 titulus
1148 5633 1286 5690 satis
1311 5631 1519 5690 indicat
1578 5632 1976 5706 Gregorianum
2037 5649 2144 5690 non

2312 4537 2338 4578 ά
2373 4536 2711 4593 Benedictio.
2732 4567 2792 4576 —
2819 4536 3206 4604 Omnipotens
3235 4535 3508 4600 Trinitas,
3541 4551 3696 4592 unus
3720 4538 3774 4590 et
3796 4549 3898 4588 ve-

2241 4643 2362 4688 rus,
2401 4627 2571 4688 Deus,
2597 4625 2785 4692 Pater,
2813 4629 2868 4679 et
2901 4625 3098 4689 Filius,
3126 4629 3180 4678 et
3201 4623 3454 4694 Spiritus
3494 4628 3755 4686 sanctus,
3789 4622 3899 4678 det

2242 4713 2412 4770 vobis
2435 4729 2496 4767 se
2523 4712 2864 4768 desiderare
2884 4711 3150 4776 ﬁdeliter,
3206 4728 3530 4780 agnoscere
3587 4711 3896 4778 veraciter,

2243 4801 2488 4870 diligere
2515 4801 2833 4858 sinceriter.
2868 4806 3078 4856 Amen.
3127 4800 3544 4872 Equalitatem
3605 4805 3781 4871 atque
3809 4799 3902 4854 in-

2245 4888 2839 4946 commutabilitatem
2872 4905 2996 4944 suae
3028 4889 3296 4944 essentia:
3350 4889 3434 4944 ita
3499 4890 3706 4944 vestris
3733 4902 3903 4942 men-

2247 5084 2388 5122 esse.
2417 5068 2492 5120 De
2513 5064 2941 5120 octavainterim
2986 5064 3335 5118 Pentecostes
3405 5063 3729 5118 celebranda
3789 5061 3904 5130 late

2251 5144 2443 5192 tractat
2474 5139 2663 5202 Berno,
2697 5136 2764 5190 de
2790 5136 2971 5201 Missa,
2997 5152 3126 5207 cap.
3159 5136 3212 5194 3,
3253 5142 3307 5190 et
3358 5135 3602 5189 officium
3661 5135 3762 5188 hoc
3805 5151 3907 5207 au-

2249 5209 2552 5264 thenticum
2578 5225 2698 5262 esse
2732 5207 2872 5262 idem
2895 5205 3105 5278 probat,
3165 5223 3284 5277 cap.
3353 5207 3437 5278 5,7
3478 5224 3544 5260 ex
3609 5205 3908 5278 concordia

2250 5281 2420 5350 hujus
2454 5279 2730 5334 Orationis
2759 5275 2905 5333 cum'
2942 5275 3255 5350 Antiphone
3298 5285 3364 5350 Aet
3431 5277 3650 5350 lection.
3697 5275 3748 5329 in
3795 5276 3905 5350 hac

2251 5347 2533 5406 Dominica
2563 5349 2918 5422 praescriptis.
2951 5349 3105 5403 Facit
3160 5348 3402 5421 ejusdem
3433 5348 3766 5402 mentionem
3807 5347 3910 5401 mi-

2253 5423 2530 5494 crologus,
2558 5423 2790 5494 cap.59,
2823 5427 2926 5494 etc.

2253 5494 2351 5621 ΤΗΙ
2387 5488 2873 5621 ιξῗβρηόάὶοιὶοηθ
2913 5491 3014 5545 hac
3083 5490 3216 5545 nihil
3283 5489 3522 5556 invenio,
3593 5488 3698 5545 nisi
3764 5488 3820 5544 in
3875 5489 3900 5544 1

2341 5581 2404 5620 eo
2453 5580 2580 5620 eric.

2341 5580 2580 5620 θοαθτιο.
