4092 6200
470 231 582 352 usi

1701 277 1966 346 SANGTI
2007 271 2356 339 GREGORII
2397 271 2635 336 MAGNI
2693 345 2697 348 ἠ

3758 227 3900 329 ιω

469 417 924 478 tercessionibus
937 415 1222 475 credimus
1235 413 1878 488 adjuvandos,sauctas
1891 408 2115 481 vigilias
2146 407 2196 468 A
2224 423 2380 476 mus,
2399 405 2546 464 tales
2558 420 2670 462 nos
2697 404 2827 462 ﬁeri
2843 409 2956 460 tuae
2973 401 3176 474 gratiae
3201 397 3350 471 largi
3359 401 3496 488 tate,
3513 401 3574 455 ut
3584 395 3739 455 bona
3770 400 3886 454 tua

471 509 801 588 Christiana
835 508 1046 580 pietate
1074 505 1453 572 celebremus,
1482 511 1546 560 ut
1575 519 1682 576 per
1711 505 1867 560 hanc
1889 503 2114 558 institu-

471 599 684 656 tionem
707 596 1067 652 salutiferam
1104 595 1276 666 106
1305 598 1685 666 peccatorum
1713 592 1939 655 sordes,
1972 605 2118 662 quas

474 702 789 760 corporum
809 685 1120 755 fragilitate
1133 683 1634 755 contrahimus,jej
1647 682 1797 737 nniis
1812 687 1866 736 et
1879 681 2118 735 eleemo-

475 775 642 848 synis
683 773 1016 828 abluamus.
1067 771 1385 828 auxiliante
1421 773 1678 827 Domino
1713 775 1938 835 nostro,
1983 767 2123 822 Jesu

477 863 700 920 Christo
711 861 812 934 qui
831 878 956 917 cum
969 862 1138 916 Patre
1159 867 1215 916 et
1232 861 1451 932 Spiritu
1468 867 1674 916 sancto
1694 857 1897 914 vivitet
1914 859 2126 927 regnat

483 953 658 1018 Deus,
695 965 802 1021 per
841 950 1046 1006 omnia
1078 949 1299 1006 srecula
1325 949 1705 1005 saeculorum.

549 1039 700 1096 Alia.
728 1071 796 1079 —
821 1039 925 1095 Ill.
954 1039 1166 1094 Mensis
1173 1037 1403 1110 jejunia
1421 1039 1480 1094 in
1507 1039 1614 1094 hac
1631 1035 2003 1094 hebdomade
2026 1049 2126 1090 no-

479 1128 573 1186 bis
602 1131 737 1184 sunt
753 1127 1038 1193 tenenda;
1061 1127 1316 1199 ideoque
1341 1126 1922 1182 hortamursanctam
1955 1123 2130 1180 ﬁdem

479 1219 762 1282 vestram,
787 1221 848 1272 ut
868 1221 1104 1288 quarta,
1137 1219 1326 1281 sexta,
1349 1215 1448 1272 vel
1467 1216 1714 1286 septima
1740 1215 1884 1270 feria
1895 1213 2130 1285 jejuna-

482 1309 932 1376 mus,quatenus
945 1305 1162 1360 divinis
1179 1304 1527 1360 inbaarendo
1541 1301 2133 1375 mandatis,propitia-

486 1394 701 1451 tionem
731 1393 832 1450 Dei
871 1395 1058 1450 nostri
1096 1393 1534 1466 perseverantia
1575 1393 1787 1449 debitae
1841 1391 2134 1448 servitutis

486 1482 770 1548 obtineat,
795 1482 1120 1538 auxiliante
1142 1482 1394 1539 Domino
1409 1485 1614 1538 nostro
1630 1483 1765 1537 Jesu
1781 1477 2133 1550 Christo,qui

487 1586 626 1628 cum
655 1571 826 1626 Patre
851 1575 907 1626 et
931 1569 1145 1642 Spiritu
1162 1573 1372 1626 sancto
1387 1569 1524 1626 vivit
1549 1575 1606 1626 et
1633 1572 1840 1642 regnat
1859 1569 2013 1624 Deus
2033 1582 2137 1640 per

487 1660 696 1716 omnia
719 1660 937 1716 saecula
967 1659 1336 1716 saeculorum.

917 1749 1066 1820 (409)
1095 1764 1282 1804 ΜεΝειε
1304 1765 1379 1804 iv.
1430 1765 1591 1804 FERIA
1619 1763 1702 1806 iv.

562 1837 711 1910 (410)
741 1837 804 1894 ει
825 1844 950 1906 post
976 1837 1397 1894 Hebdomadam
1417 1838 1774 1894 Pentecostes
1801 1837 2133 1892 advenerit.

564 1927 762 1983 Oratio
783 1926 860 1981 ad
895 1927 1145 1982 Missam.
1173 1957 1244 1968 —-
1278 1927 1664 1997 Omnipotens
1713 1931 1770 1982 et
1807 1926 2140 1982 misericors

494 2017 670 2080 Deus,
701 2020 846 2086 apta
868 2031 974 2070 nos
1003 2019 1115 2071 tuae
1145 2015 1438 2086 prOpitius
1469 2015 1780 2081 voluntati,
1807 2031 1947 2088 quo,
1989 2014 2142 2069 sicut

495 2103 629 2174 ejus
662 2107 1078 2176 praetereuntes
1106 2103 1404 2160 tramitem
1433 2104 1757 2169 deviamus,
1791 2103 1875 2159 sic
1911 2104 2142 2172 integro

500 2195 701 2249 tenore
725 2191 1079 2261 dirigamur,
1101 2192 1180 2248 ad
1212 2193 1370 2248 illius
1401 2209 1628 2266 semper
1654 2194 1924 2250 ordinem
1942 2208 2142 2248 recur-

495 2285 712 2338 rentes.
734 2280 844 2336 Per
860 2281 1179 2337 Dominum
1201 2287 1487 2338 nostrum.

562 2369 722 2426 Alia.
755 2400 824 2411 —
844 2371 928 2426 Da
953 2369 1124 2426 nobis
1165 2375 1447 2434 mentem,
1478 2371 1745 2437 Domine,
1779 2387 1911 2442 quia
1942 2371 2038 2426 tibi
2067 2370 2146 2426 sit

491 2456 730 2532 placita,
759 2458 901 2530 quia
929 2458 1144 2514 talibus
1155 2458 1374 2531 jugiter
1389 2459 1684 2532 quidquid
1698 2467 1782 2516 est
1813 2476 2142 2532 prosperum

495 2546 874 2603 ministrabis.
910 2547 1020 2602 Per
1049 2547 1372 2604 Dominum
1397 2554 1690 2605 nostrum.

561 2635 765 2704 Super
788 2635 1008 2692 oblata.
1034 2669 1094 2676 —
1111 2636 1492 2692 So’lemnibus
1507 2637 1752 2710 jejuniis
1769 2637 2036 2708 expiatos
2046 2642 2145 2693 tuo

491 2737 624 2794 nos,
651 2724 916 2791 Domine,
940 2725 1222 2797 mysterio
1235 2731 1650 2797 congruentes,
1683 2727 1796 2784 hoc
1824 2743 1996 2782 sacro
2031 2743 2144 2782 mu-

490 2813 886 2886 nere,eﬂice,q
897 2813 992 2871 uia
1011 2819 1175 2872 tanto
1192 2815 1365 2871 nobis
1380 2815 1680 2872 salubrius
1693 2816 1910 2882 aderis,
1925 2821 2146 2889 quanto

499 2903 561 2958 to
589 2901 651 2956 id
675 2901 952 2958 devotius
973 2903 1430 2974 sumpserimus.
1467 2903 1594 2960 Per.

564 2990 866 3059 Praefatio
899 3033 912 3046 .
943 3023 998 3033 —
1025 2991 1171 3048 Vere
1184 2991 1427 3062 dignum
1455 2999 1510 3047 et
1533 2993 1759 3063 justum
1791 2997 2147 3066 est,asquum

493 3082 550 3176 et
580 3077 856 3176 salutare,
888 3096 1000 3176 nos
1015 3080 1118 3176 tibi
1144 3096 1381 3152 semper
1397 3086 1458 3176 et
1477 3081 1692 3154 ubique
1710 3084 1930 3152 gratias
1947 3098 2144 3152 agere,
2183 3114 2227 3176 Ο

491 3168 740 3226 Domine
770 3175 993 3238 sancte,
1037 3171 1206 3226 Pater
1244 3170 1654 3243 omnipotens,
1696 3179 1911 3228 aeterne
1939 3173 2094 3229 Deus
2130 3190 2142 3229 :

491 3257 631 3330 quia
647 3261 780 3330 post
809 3257 940 3314 illos
961 3257 1166 3314 lmtitiae
1183 3258 1309 3314 dies
1347 3259 1581 3332 quosin
1596 3260 1825 3316 honore
1854 3261 2079 3318 Domini
2112 3279 2149 3320 a

493 3345 748 3401 mortuis
775 3347 1136 3416 resurgentis
1166 3353 1223 3402 et
1245 3347 1304 3402 in
1335 3347 1513 3404 caelos
1546 3349 1924 3404 ascendentis
1956 3351 2150 3421 exegi-

495 3448 650 3500 mus,
671 3439 918 3506 postque
946 3440 1278 3506 perceptum
1302 3437 1488 3490 sancti
1525 3437 1767 3509 Spiritus
1795 3439 2036 3507 donum,
2054 3455 2149 3494 ne-

499 3521 1184 3594 cessarionobisjejunia
1203 3530 1412 3580 sancta
1429 3525 1683 3596 provisa,
1708 3531 1861 3592 sunt,
1902 3531 1964 3582 ut
2003 3543 2151 3598 pura

497 3611 950 3670 conversatione
973 3611 1304 3668 viventibus
1318 3631 1436 3685 quae
1449 3614 1730 3670 divinitus
1745 3615 2148 3671 suntEcclesiae

499 3699 718 3758 collata
739 3707 1148 3771 permaneant.
1177 3703 1280 3757 Per
1307 3703 1623 3759 Christum.

568 3788 662 3844 Ad
699 3787 1120 3859 Complendum.
1154 3820 1221 3831 —
1251 3789 2151 3862 Concede,quzesumus,Domine

494 3875 713 3950 populo
730 3881 832 3931 tuo
857 3877 1087 3932 veniam
1109 3882 1504 3948 peccatorum,
1533 3882 1597 3933 ut
1611 3879 1776 3949 quod
1794 3879 2007 3934 meritis
2029 3895 2150 3934 non

502 3963 830 4038 praesumit,
859 3963 1244 4034 indulgentiae
1277 3969 1384 4020 tuae
1415 3964 1592 4021 celeri
1651 3965 1919 4038 largitate
1970 3969 2153 4038 perci-

501 4051 645 4126 piat.

1181 4156 1342 4196 FERIA
1367 4159 1440 4196 Vl.

576 4228 648 4284 Ut
675 4226 866 4296 nobis,
905 4228 1176 4301 Domine,
1227 4235 1594 4286 terrenarum
1640 4231 1879 4301 frugum
1933 4233 2155 4290 tribuas

503 4317 855 4384 ubertatem,
887 4317 981 4373 fac
1004 4323 1229 4373 mentes
1242 4323 1478 4374 nostras
1511 4318 1734 4375 caelesti
1763 4319 2157 4389 fertilitate,fe-

506 4405 757 4462 cundas.
798 4405 907 4461 Per
932 4407 1248 4462 Dominum
1277 4412 1577 4464 nostrum.

2224 502 2282 552 et
2305 495 3064 568 fiducialiterimpetremus,
3087 496 3142 548 et
3159 490 3287 546 sine
3300 487 3646 546 difﬁcultate
3679 502 3876 542 suma-

2229 601 2385 649 mus,
2420 585 2544 640 Per.

2300 674 2447 729 Alia.
2481 674 2648 728 —Da
2689 672 2880 737 nobis,
2913 669 3179 733 Domine,
3211 682 3462 732 regnum
3494 669 3684 730 tuum,
3717 662 3882 734 justi-

2231 763 2494 834 tianique
2517 778 2742 834 semper
2773 761 3086 833 inquirere,
3112 764 3170 812 ut
3199 757 3412 828 quibus
3459 754 3725 822 indigere
3771 767 3884 807 nos

2232 851 2542 926 perspicis,
2570 851 2890 906 clementer
2918 848 3100 904 facias
3129 845 3458 901 abundare.
3493 843 3622 898 Per.

2306 940 2463 995 Alia.
2514 968 2567 978 νη
2598 938 2994 1009 Deus,quinos
3025 936 3097 989 de
3121 933 3501 1006 praesentibus
3532 927 3886 1001 adjumentis

2236 1045 2368 1086 esse
2393 1028 2628 1084 vetuisti
2648 1027 2948 1090 sollicitos,
2985 1025 3196 1088 tribue,
3237 1037 3610 1096 quaesumus,
3677 1026 3738 1074 ut
3789 1018 3888 1090 pie

2238 1119 2764 1190 sectantibus,quaa
2785 1123 2886 1172 tua
2919 1120 3078 1180 sunt,
3113 1112 3389 1168 universa
3414 1110 3583 1166 nobis
3605 1107 3891 1165 salutaria

2239 1206 2678 1264 condonentur.
2710 1207 2842 1262 Per.

2313 1298 2475 1352 Alia.
2505 1296 2674 1360 Deus,
2707 1294 2809 1366 qui
2854 1292 3260 1348 misericordia
3305 1295 3404 1345 tua
3436 1287 3724 1359 praevenis
3763 1300 3893 1341 non

2242 1391 2524 1458 petentes,
2545 1384 2622 1440 da
2634 1383 2809 1440 nobis
2831 1381 3104 1439 affectum
3131 1379 3475 1450 Mujestatem
3495 1383 3657 1432 tuam
3671 1373 3897 1446 jugiter

2242 1473 2623 1546 deprecandi,
2641 1478 2702 1528 ut
2724 1474 2939 1544 pietate
2961 1475 3238 1541 perpetua
3269 1465 3634 1539 supplicibus
3657 1464 3899 1536 potiora

2243 1562 2556 1620 defendas.
2597 1564 2703 1618 Per
2735 1562 3052 1616 Dominum
3087 1563 3374 1614 nostrum.

2318 1653 2478 1709 Alia.
2505 1651 2752 1716 —Deus,
2779 1651 2882 1722 qui
2897 1666 3012 1705 non
3039 1646 3296 1718 despicis
3325 1645 3500 1700 corde
3531 1642 3818 1699 contritos
3839 1645 3902 1697 et

2173 1762 2220 1822 Β
2249 1738 3062 1811 afﬂictosmiseriis,populum
3083 1735 3340 1806 tnumjej
3353 1734 3463 1789 unii
3485 1732 3558 1788 ad
3571 1736 3626 1787 te
3643 1729 3904 1786 devotio-

2249 1846 2324 1886 ne
2355 1830 2697 1886 clamantem
2727 1828 3008 1900 propitius
3027 1825 3266 1888 exaudi,
3303 1829 3364 1878 ut
3393 1838 3547 1895 quos
3565 1818 3903 1876 humiliavit

2251 1919 2600 1987 adversitas,
2633 1917 2860 1974 attollat
2901 1913 3296 1988 reparationis
3352 1918 3463 1968 tum
3501 1910 3888 1984 prOsperitas.

2252 2009 2379 2064 Per.

2645 2095 2798 2164 (411)
2829 2111 2964 2151 rosr
2990 2104 3014 2135 α
3048 2106 3488 2149 eassmcrrones.

2323 2195 2411 2251 ,αιά
2437 2194 2672 2250 Missam.
2706 2225 2769 2233 —
2798 2193 2975 2256 Deus,
3010 2191 3108 2263 qui
3142 2196 3258 2245 tres
3308 2201 3525 2260 pueros
3555 2189 3628 2240 de
3661 2182 3904 2240 camino

2255 2283 2427 2358 ignis,
2462 2300 2581 2340 non
2613 2282 2806 2338 solum
2839 2281 3076 2344 illiesos,
3107 2277 3206 2334 sed
3239 2277 3416 2335 etiam
3442 2275 3562 2332 tuis
3621 2272 3907 2330 laudibus

2253 2373 2700 2430 conclamantes
2729 2370 3006 2433 liberasti,
3040 2383 3384 2440 queesumus
3417 2370 3476 2419 ut
3499 2380 3608 2419 nos
3631 2368 3909 2435 peccato—

2254 2477 2390 2517 rum
2411 2459 2662 2517 nexibus
2682 2458 2998 2514 obvolutos
3030 2455 3186 2511 velut
3208 2455 3280 2509 de
3305 2452 3587 2521 voragine
3619 2450 3774 2520 ignis
3797 2447 3912 2503 eri-

2254 2549 2405 2622 pias,
2431 2554 2490 2604 ut
2520 2548 2825 2604 criminum
2860 2546 3152 2610 ﬂammas,
3181 2556 3552 2616 operumque
3574 2537 3912 2595 carnalium

2255 2637 2532 2694 incendia
2550 2643 2920 2709 superantes,
2971 2634 3269 2706 hymnum
3310 2629 3410 2688 tibi
3456 2628 3717 2684 debitum
3777 2627 3910 2698 jure

2255 2726 2588 2800 meritoque
2619 2726 2962 2781 reddamus.
2991 2725 3120 2780 Per.

2326 2817 2519 2886 Super
2541 2816 2758 2872 oblata.
2788 2846 2855 2855 —
2887 2813 3134 2869 Domine
3163 2815 3314 2868 Deus
3345 2814 3566 2872 noster,
3596 2806 3698 2880 qui
3731 2805 3789 2861 in
3815 2805 3912 2861 his

2255 2905 2450 2979 potius
2461 2903 2743 2961 creaturis
2758 2920 2903 2976 quas
2917 2905 2992 2958 ad
3006 2901 3330 2972 fragilitatis
3347 2903 3561 2955 nostra;
3574 2894 3913 2969 praesidium

2257 2993 2575 3050 condidisti
2591 2998 2686 3048 tuo
2700 3007 2938 3064 quoque
2952 2990 3178 3046 nomini
3197 3003 3442 3043 munera
3459 2985 3685 3057 jussisti
3707 2983 3910 3038 dican-

2257 3083 2335 3140 da
2367 3082 2663 3147 constitui,
2687 3080 2900 3146 tribue,
2927 3095 3294 3152 quaesumus,
3340 3081 3402 3132 ut
3457 3081 3510 3130 et
3557 3075 3686 3128 vitia
3731 3071 3910 3126 nobis

2257 3171 2566 3245 praesentis
2593 3170 2905 3233 auxilium,
2937 3175 2991 3224 et
3023 3165 3358 3224 aeternitatis
3403 3163 3655 3220 efﬁciant
3707 3175 3908 3216 sacra-

2257 3267 2542 3316 mentum.
2579 3262 2700 3314 Per.

2327 3351 2380 3406 A
2393 3348 2434 3404 d
2447 3347 2859 3414 Complendum
2873 3387 2885 3400 .
2905 3377 2972 3385 —
2987 3347 3322 3416 Sumptum,
3339 3355 3689 3414 quaesumus,
3718 3337 3912 3392 Domi-

2258 3453 2354 3501 ne,
2370 3435 2704 3492 venerabile
2723 3439 3183 3497 sacramentum,
3203 3439 3256 3488 et
3277 3428 3583 3504 praesentis
3607 3427 3742 3483 vitae
3769 3426 3911 3481 sub-

2259 3525 2442 3593 sidiis,
2467 3541 2576 3580 nos
2600 3524 2810 3591 foveat,
2846 3527 2900 3578 et
2927 3529 3174 3578 aeternae.
3198 3522 3326 3576 Per.

2337 3614 2511 3686 108
2533 3613 2718 3682 Super
2736 3613 3038 3681 populum.
3065 3642 3134 3653 —
3149 3609 3444 3673 Proﬁciut,
3460 3606 3728 3668 Domine,
3749 3619 3914 3676 quaa-

2259 3719 2490 3768 sumus,
2519 3703 2688 3773 plebs
2721 3701 2821 3756 tibi
2856 3701 3052 3756 dicata
3075 3701 3185 3770 pitB
3221 3698 3550 3753 devotionis
3570 3694 3807 3756 affectu,
3828 3699 3912 3757 ut,

2259 3795 2443 3848 sacris
2469 3791 2699 3846 actibus
2724 3790 2974 3857 erudita,
3010 3794 3230 3860 quanto
3249 3785 3540 3858 Majestati
3570 3791 3672 3838 tua:
3699 3782 3762 3837 fit
3780 3797 3917 3851 gra-

2261 3881 2390 3938 tior.
2425 3885 2586 3934 tanto
2617 3880 2784 3933 donis
2819 3877 3148 3949 potioribus
3175 3881 3489 3942 augeatur.
3528 3873 3656 3928 Per.

2259 3985 2359 4024 xm
2385 3983 2665 4023 KALENDAS
2687 3983 2836 4022 JULII.
2870 3997 2936 4006 —
2977 3982 3204 4020 Mnus
3247 3964 3396 4033 (412)
3420 3975 3738 4018 sucronem
3770 3974 3916 4014 caa-

2826 4071 2974 4110 VASII
2989 4071 3054 4108 ΕΤ
3069 4069 3341 4108 PROTASII.

2333 4144 2474 4216 (413)
2511 4145 2859 4198 Sanctorum
2895 4148 3223 4212 martyrum
3257 4137 3916 4204 nos,Domine,Gerva—

2265 4233 2332 4287 sii
2359 4239 2414 4287 et
2431 4229 2980 4288 Protasiiconfessio
3006 4231 3180 4285 beata
3204 4228 3595 4290 communiat,
3615 4233 3672 4280 et
3694 4223 3920 4292 fragili-

2267 4320 2365 4376 tati
2387 4327 2604 4376 nostrae
2641 4319 2970 4375 subsidium
2999 4320 3318 4388 dignanter
3344 4321 3563 4372 exoret.
3584 4314 3692 4368 Per
3729 4311 3920 4368 Domi-

2266 4425 2411 4465 num
2443 4415 2728 4464 nostrum.

579 4495 774 4564 Super
796 4495 1005 4550 oblata.
1045 4525 1102 4536 —~
1141 4497 1205 4552 Ut
1234 4499 1479 4566 accepta
1493 4496 1597 4552 tibi
1618 4496 1755 4566 sint,
1782 4496 2024 4553 Domine
2054 4509 2159 4548 no-
2193 4477 2238 4536 Ῐ)
2335 4495 3116 4568 Superoblata.~—Concede
3133 4494 3709 4563 nobis,omnipotens
3730 4489 3917 4556 Deus,

513 4583 892 4653 strajejunia,
909 4589 1118 4655 praesta
1131 4585 1328 4649 nobis,
1351 4587 1824 4658 quzesumus,huj
1837 4605 1902 4642 us
1923 4598 2158 4640 munere

509 4672 866 4728 sacramenti
892 4673 1269 4745 puriﬁcatum
1303 4675 1406 4730 tibi
1426 4681 1623 4747 pectus
1651 4675 1888 4732 offerre.
1923 4677 2030 4730 I’er
2056 4676 2160 4728 Do-

508 4760 743 4816 minum
761 4768 1030 4816 nostrum
1045 4803 1060 4817 .

589 4849 764 4920 108
782 4849 876 4905 Ad
895 4849 1334 4920 Complendum.
1358 4882 1428 4892 -—-
1455 4852 2014 4924 Annue,quaisumus
2039 4867 2158 4905 om-

508 4937 788 5010 nipotens
800 4939 968 5004 Deus,
989 4945 1048 4994 ut
1061 4948 1550 4996 sacramentorum
1575 4946 1795 4999 tuorum
1813 4947 1977 5011 gesta
1995 4956 2159 4995 reco-

509 5023 710 5092 lentes,
740 5033 794 5082 et
825 5028 1461 5099 temporalisecuritate
1491 5029 1838 5097 relevemur,
1867 5029 2162 5086 eterudia-

511 5129 645 5170 mur
663 5103 948 5185 legalibus
975 5116 1275 5175 institutis.
1311 5119 1420 5173 Per
1447 5119 1762 5176 Dominum
1797 5125 2079 5175 nostrum.

581 5205 778 5272 Super
800 5206 1106 5276 papulum.
1141 5235 1209 5248 —-
1233 5205 1410 5262 Fideli
1439 5207 1683 5278 populo,
1702 5208 1967 5271 Domine,
1998 5207 2160 5261 mise-

509 5291 830 5349 ricordiam
862 5298 1027 5348 tuam
1050 5293 1321 5365 placatus
1349 5294 1634 5365 impende,
1652 5299 1708 5349 et
1735 5295 2012 5366 praesidia
2038 5310 2163 5350 cor-

513 5381 672 5455 poris
703 5379 946 5452 copiosa
967 5382 1154 5437 tribue
1173 5381 1536 5453 supplicanti.
1569 5381 1676 5436 Per
1700 5383 2037 5438 Dominum.

586 5485 828 5525 saeuo
854 5487 914 5524 ιιι
938 5485 1019 5524 xu
1047 5485 1198 5524 LECl‘.
1224 5499 1296 5510 —
1347 5469 1590 5534 Praesta,
1637 5469 1900 5537 Domine,
1935 5487 2164 5544 quaesu-

2268 4585 2824 4649 uthismuneribus,
2878 4599 3012 4656 quae
3075 4600 3182 4654 pro
3208 4591 3548 4639 sanctorum
3576 4585 3918 4650 martyrum

2267 4675 2526 4730 Gervasii
2556 4680 2610 4729 et
2651 4673 2898 4728 Protasii
2923 4672 3151 4727 honore
3178 4672 3518 4733 deferimus,
3548 4674 3604 4723 et
3633 4674 3688 4723 te
3717 4667 3922 4737 place-

2269 4780 2392 4817 mus
2423 4761 2711 4830 exhibitis,
2743 4767 2800 4816 et
2828 4777 2935 4816 nos
2969 4761 3333 4814 viviticemur
3363 4759 3641 4829 accepiis.
3714 4755 3841 4809 Per.

2339 4852 2436 4906 Ad
2460 4851 2901 4920 60mplendum.
2939 4881 3006 4890 -—
3026 4851 3127 4913 Da,
3158 4865 3522 4922 quaesumus,
3552 4844 3924 4914 omnipotens

2269 4941 2441 5005 Deus,
2469 4943 2528 4991 ut
2555 4939 2969 5008 mysteriorum
3001 4936 3213 4991 virtute
3267 4943 3630 4998 sanctorum,
3669 4939 3723 4988 et
3766 4934 3921 5005 (414)

2268 5029 2688 5084 intercessione
2707 5030 3024 5081 beatorum
3052 5025 3312 5080 Gervasii
3344 5033 3402 5080 et
3431 5025 3680 5080 Protasii
3706 5029 3926 5094 marty-

2269 5132 2392 5172 rum
2425 5120 2683 5178 tuorum,
2728 5113 2846 5168 vita
2884 5119 3087 5168 ucstra
3116 5113 3261 5180 (415)
3295 5112 3582 5168 fulciatur.
3608 5112 3736 5166 Per.

2377 5219 2437 5259 ix
2465 5219 2741 5258 “meas
2767 5218 2921 5259 JULll.
2953 5202 3100 5272 (416)
3135 5217 3338 5256 νιαιιιλ
3378 5218 3562 5256 SANCTI
3591 5215 3815 5258 JOANNIS

2939 5307 3212 5346 BAPTISTE
3227 5335 3238 5346 .

2345 5380 2585 5445 Praesta,
2613 5394 2977 5452 quassamus,
3011 5383 3382 5448 omnipotens
3410 5376 3588 5440 Deus,
3624 5373 3926 5430 utfamilia

2274 5473 2376 5525 tua
2405 5484 2510 5541 per
2537 5467 2695 5524 viam
2727 5467 2928 5524 salutis
2953 5466 3211 5536 incedat,
3244 5471 3300 5522 et
3330 5464 3486 5521 beati
3505 5463 3751 5520 Joannis
3774 5463 3931 5522 Prae-

583 5669 614 5704 ι
638 5660 767 5718 Non
785 5654 1072 5730 legiturin
1081 5653 1186 5714 Ed.
1199 5653 1955 5728 Vatic.posthedictiones
1971 5673 1984 5728 ;
2000 5661 2210 5720 caetera
2247 5661 2386 5718 sunt
2405 5657 2646 5718 similia.
