4092 6200
226 261 312 323 123
1409 262 1619 325 LIBER
1661 254 2318 332 SACRAMENTORUM

3444 262 3557 328 ΗΒ

222 394 352 452 sione
399 391 451 450 in
499 390 900 451 ecclesiasticas
950 391 1088 451 ﬁdei
1136 393 1411 452 fundavit
1468 395 1788 452 soliditate.
1831 394 1881 455 A
1978 396 2160 469 Super
2182 399 2484 469 populum.
2518 398 2837 467 --Prassta,
2870 416 3233 473 quaesumus,
3290 399 3563 473 omnipo-

222 490 379 541 Amen.
396 486 598 555 thuos
624 483 952 540 beatiPauli
973 484 1351 541 sanctissima
1375 485 1644 541 instruxit
1665 500 1801 555 prae-

220 572 466 634 dicatione.
489 588 586 626 sua
605 578 835 627 tueatur
850 574 1184 642 gratissima
1202 574 1563 631 defensione.
1588 576 1797 628 Amen.

220 662 454 731 Quatenus
467 661 664 716 Petrus
688 661 874 728 clave,
910 664 1118 718 Paulus
1140 679 1433 728 sermone,
1461 664 1686 736 utrique
1706 662 1802 716 in-

219 750 508 807 tercessione
523 751 595 805 ad
610 748 773 806 illam
789 768 897 806 nos
908 757 1130 807 certent
1144 753 1389 822 patriam
1403 754 1799 816 introducere,

216 838 269 895 ad
290 855 442 909 quam
465 838 558 901 illi,
590 838 738 893 alter
758 855 953 903 cruce,
985 839 1128 896 alter
1153 840 1369 908 gladio,
1403 839 1801 896 bodieruadie

214 943 483 1000 pervenere.
507 930 712 983 Amen.
735 929 902 994 Quod
935 929 1060 1000 ipse
1091 937 1397 1000 praestare.

260 1018 337 1072 Ad
360 1017 785 1088 Complendum.
807 1048 878 1058 —
921 1019 1077 1083 Quos
1108 1017 1352 1083 caelesti,
1401 1018 1673 1086 Domine,
1700 1016 1805 1073 ali-

210 1111 368 1161 mento
393 1108 625 1172 satiasti,
650 1106 991 1178 apostolicis
1007 1107 1529 1164 intercessionibus
1541 1109 1619 1163 ab
1642 1107 1804 1163 omni

209 1195 503 1251 adversitate
528 1194 789 1251 custodi.
825 1197 949 1251 Per.

255 1284 720 1356 SuperpOpnlum.
744 1315 801 1325 —
819 1285 1114 1341 Familiam
1130 1289 1305 1348 tuam.
1325 1302 1533 1356 quassu
1543 1302 1685 1352 mus,
1702 1288 1805 1341 Do-

206 1373 344 1435 mine,
365 1374 644 1445 propitius
667 1372 910 1439 intuere,
939 1379 994 1429 et
1022 1373 1363 1446 apostolicis
1384 1374 1635 1430 defende
1665 1391 1806 1446 pra:-

205 1460 352 1529 sidiis,
370 1469 429 1516 ut
445 1478 648 1518 eorum
664 1462 941 1535 precibus
957 1464 1332 1535 gubernetur,
1354 1480 1389 1536 q
1401 1464 1573 1519 uibus
1588 1464 1800 1529 nititur,

201 1550 637 1615 teconstituente,
672 1551 1063 1624 principibus.
1099 1553 1221 1607 Per.

251 1640 469 1694 Alia.-—
497 1644 671 1706 Deus,
707 1641 811 1713 qui
859 1641 1129 1712 apostolo
1177 1648 1278 1698 tuo
1328 1644 1514 1706 Petro,
1577 1640 1805 1696 collatis

1910 491 2037 543 tens
2071 487 2245 557 Deus,
2269 494 2332 544 ut
2358 489 2535 545 nullis
2566 506 2671 545 nos
2698 491 3004 561 permittas
3018 490 3562 563 perturbationibus

1908 577 2165 645 concuti,
2196 594 2351 650 quos
2378 578 2433 633 in
2461 580 2797 650 apostolicae
2815 580 3207 637 confessionis
3241 587 3408 653 petra
3424 578 3562 635 soli-

1909 662 2083 720 dasti.
2120 665 2248 720 Per.

1909 770 1958 805 Vl
2009 769 2182 809 NONAS
2236 771 2383 812 JULII.
2437 785 2501 797 ·-
2550 773 2772 811 ΝΑΤΛΜΒ
2825 773 3141 814 8ΑΝοΤΟΒΠΗ
3184 773 3441 814 PROCESSI
3498 773 3563 813 ΒΤ

2568 863 2781 902 MARTINI
2790 862 2899 902 ΛΝΙ.

1983 932 2149 997 Deus,
2182 933 2285 1005 qui
2305 948 2414 989 nos
2429 941 3027 991 sanctorumtuorum
3045 934 3310 991 Processi
3339 939 3396 990 et
3416 938 3562 992 Mar-

1910 1019 2123 1075 tiniani
2146 1021 2615 1078 confessionibus
2644 1023 2916 1093 gloriosis
2933 1022 3271 1078 circumdas
3289 1028 3344 1079 et
3369 1028 3563 1093 prote-

1914 1109 2023 1179 gis,
2058 1110 2136 1167 da
2162 1110 2356 1180 nobis,
2388 1117 2445 1166 et
2470 1127 2679 1168 eorum
2708 1112 3039 1168 imitatione
3071 1110 3381 1184 proﬁcere,
3404 1119 3460 1167 et
3477 1112 3562 1168 in-

1914 1199 2265 1255 tercessione
2285 1200 2559 1267 gaudere.
2586 1202 2707 1255 Per.

1985 1287 2174 1354 Super
2199 1289 2408 1345 oblata.
2440 1290 2795 1361 -—Suscipe,
2826 1289 3086 1357 Domine,
3119 1304 3322 1362 preces
3343 1293 3400 1344 et
3432 1303 3568 1344 mu-

1915 1392 2077 1442 nera,
2112 1394 2247 1449 quae
2270 1381 2449 1433 uttuo
2474 1378 2589 1433 sint
2619 1379 2803 1449 digna
2829 1377 3195 1452 conspectui,
3229 1382 3566 1435 sanctorum

1914 1471 2150 1523 tuorum
2177 1468 2454 1538 precibus
2475 1467 2841 1537 adjuvemur.
2868 1470 2974 1525 Per
3008 1469 3350 1524 Dominum.

1983 1558 2075 1612 Ad
2105 1557 2639 1626 Complendum.—
2692 1558 2965 1629 Corporis
3017 1558 3189 1624 sacri,
3242 1562 3297 1613 et
3327 1554 3569 1629 pretiosi

1914 1646 2223 1717 sanguinis
2274 1646 2475 1718 repleti
2526 1646 2833 1711 libamine,
2880 1663 3251 1714 quaesumus,
3296 1644 3566 1709 Domine,

197 1724 413 1783 clavibus
442 1730 606 1799 regni
638 1728 908 1794 caelestis,
929 1730 1346 1803 ligandiatque
1369 1730 1637 1785 solvendi
1660 1729 1804 1802 (428)
1839 1758 1884 1816 Β
1918 1737 2068 1790 Deus
2099 1741 2317 1800 noster,
2354 1741 2413 1791 ut
2443 1734 2607 1808 quod
2632 1736 2728 1807 pia
2752 1736 3065 1792 devotione
3091 1735 3375 1806 gerimus,
3406 1730 3570 1791 certa

196 1816 509 1886 pontiﬁcium
533 1818 851 1885 tradidisti,
868 1820 1126 1876 concelle
1152 1818 1661 1876 utintercessionis
1677 1820 1801 1890 ejus

194 1904 379 1969 auxilio.
397 1922 429 1961 a
444 1912 828 1978 peccatorum
846 1914 1186 1964 nostrorum
1203 1908 1449 1964 nexibus
1462 1907 1703 1964 liberem
1714 1924 1799 1963 ur.

193 1991 273 2047 Per
290 1995 612 2050 Dominum.

242 2082 376 2138 Alia.
396 2114 455 2125 —-
476 2083 873 2157 Omnipotens
907 2086 1265 2157 sempiterne
1293 2089 1465 2153 Deus,
1492 2086 1591 2160 qui
1612 2085 1802 2141 Eccle-

190 2170 307 2226 siam
329 2176 481 2227 tuam
514 2173 851 2245 apostolica
874 2174 1160 2231 soliditate
1191 2174 1507 2232 fundatam
1525 2176 1602 2230 ab
1626 2174 1801 2231 infer-

1912 1824 2321 1895 redemptione
2350 1824 2680 1895 capiamus.
2720 1827 2843 1880 Per.

1911 1929 2092 1969 Ριιιοιε
2150 1928 2326 1969 NONAS
2380 1929 2539 1969 JULll.
2579 1944 2649 1953 —
2702 1913 2853 1985 (431)
2908 1929 3123 1970 OCTAVA
3177 1927 3567 1969 Aposromnuu

2506 2016 2661 2056 PETRI
2695 2018 2761 2057 ΕΤ
2793 2018 2969 2057 PAULI.

1979 2089 2153 2152 Deus,
2186 2088 2355 2158 cujus
2402 2087 2647 2145 dextera
2693 2088 2934 2145 beatum
2984 2091 3223 2145 Petrum
3254 2088 3563 2145 ambulan-

1909 2182 2017 2235 tem
2052 2177 2107 2233 in
2126 2177 2423 2242 ﬂuctibus,
2444 2194 2517 2233 ne
2542 2185 2926 2249 mergeretur,
2948 2180 3153 2245 erexit,
3183 2185 3238 2234 et
3256 2185 3563 2251 coaposto~

194 2274 363 2316 narum
392 2261 542 2317 eruis
593 2270 812 2319 terrore
862 2268 1187 2335 portarum,
1237 2272 1447 2334 praesta
1477 2270 1557 2331 ut,
1590 2265 1650 2320 in
1701 2270 1802 2320 tua
1907 2268 2034 2324 lum
2053 2268 2102 2340 ej
2116 2284 2181 2321 us
2199 2267 2451 2325 Paulum
2474 2268 2643 2324 tertio
2664 2268 3125 2338 naufragantem
3147 2268 3216 2324 de
3242 2267 3568 2340 profundo-

191 2349 387 2407 veritate
403 2352 752 2420 persistens,
777 2352 943 2410 nulla
965 2353 1209 2426 recipiat
1229 2355 1526 2411 consortia
1547 2352 1804 2427 perﬁdo-

194 2452 313 2492 rum.
342 2440 459 2495 Per.

244 2528 371 2584 Alia.
413 2561 477 2570 —
523 2530 758 2586 Exaudi
800 2547 931 2595 nos,
969 2533 1141 2598 Deus,
1176 2531 1450 2589 salutaris
1474 2538 1695 2598 noster,
1751 2536 1808 2588 et

192 2617 546 2686 apostolorum
582 2626 822 2676 tuorum
854 2637 968 2677 nos
1015 2627 1175 2677 tuere
1206 2621 1519 2694 praesidiis,
1546 2637 1806 2695 quorum

191 2704 380 2762 donasti
403 2707 618 2764 ﬁdeles
643 2725 778 2765 esse
805 2710 1104 2766 doctrinis.
1139 2712 1262 2766 Per.

242 2794 369 2850 Abh.
393 2827 457 2836 -
486 2800 649 2867 Esto,
678 2800 950 2864 Domine,
984 2800 1271 2870 plebitum
1304 2799 1725 2868 sanctiﬁcator,
1752 2804 1810 2855 et

192 2890 371 2945 custos,
388 2887 813 2958 utapostolicis
834 2890 1067 2943 munita
1080 2888 1389 2960 praesidiis,
1409 2894 1465 2944 et
1498 2904 1811 2944 conversa-

192 2971 313 3026 tione
342 2973 435 3029 tibi
466 2974 723 3047 placeat,
756 2981 811 3033 et
842 2992 1053 3033 secura
1083 2976 1398 3033 deserviat.
1432 2978 1559 3033 Per.

212 3073 363 3116 ruinis
414 3079 703 3120 [ausurus
752 3067 908 3121 JUth.
969 3096 1036 3105 —
1077 3067 1246 3137 (429)
1299 3083 1531 3122 manus
1585 3081 1776 3122 sanan

893 3171 1074 3210 PAULI.

243 3239 397 3309 Deus,
416 3243 521 3314 qui
556 3241 996 3298 multitudinem
1020 3242 1287 3313 gentium
1310 3242 1459 3299 beati
1480 3242 1642 3299 Pauli
1671 3258 1811 3316 apo-

190 3328 295 3382 stoli
322 3331 732 3400 praedicatione
754 3332 1030 3395 docuisti,
1054 3330 1132 3386 da
1150 3332 1341 3397 nobis,
1364 3347 1729 3403 quaesumus,
1754 3335 1816 3387 ut

192 3430 331 3485 cujus
354 3420 528 3475 natali
538 3421 618 3476 tia
637 3420 911 3487 colimus,
935 3420 1066 3492 ejus
1083 3421 1246 3493 apud
1266 3426 1318 3476 te
1337 3422 1666 3493 patrocinia
1686 3437 1813 3479 sen-

191 3504 392 3563 tiamus.
425 3510 550 3564 Per.

246 3595 409 3664 Super
435 3599 663 3655 oblata.
696 3598 1054 3655 —Ecclesite
1110 3604 1243 3663 tum,
1290 3614 1659 3671 qumsumus,
1708 3600 1817 3655 Do-

189 3683 337 3748 mine,
354 3701 556 3757 preces
568 3693 629 3743 et
650 3686 881 3743 Hostias
892 3687 1219 3760 apostolica
1231 3688 1593 3744 commendet
1606 3688 1814 3749 oratio.

195 3775 239 3824 ut
262 3773 404 3843 quod
435 3776 800 3846 proillorum
813 3775 1001 3845 gloria
1014 3776 1414 3840 celebramus,
1443 3776 1619 3833 nobis
1636 3776 1819 3849 prosit

190 3858 249 3913 ad
274 3863 514 3920 veniam.
545 3866 679 3920 Per.

245 3948 371 4017 (430)
408 3953 701 4023 Praefatio
732 3965 758 3995 δ
786 3959 839 4009 et
859 3952 1189 4019 benedictio,
1214 3970 1335 4025 qua:
1355 3961 1434 4010 est
1452 3954 1741 4025 superius.

243 4038 321 4092 Ad
346 4042 781 4111 Complcndum.
831 4075 893 4084 --
934 4044 1246 4114 Perceptis,
1291 4044 1555 4109 Domine,
1615 4060 1814 4099 sacra-

191 4129 372 4185 mentis
400 4131 587 4187 beatis
614 4132 903 4204 apostolis
930 4132 1456 4188 intervenientibus
1509 4134 1551 4204 ι
1571 4132 1682 4205 14
1713 4133 1815 4188 de-

189 4227 481 4285 precamur,
503 4226 567 4275 ut
583 4237 726 4293 quae
748 4237 853 4292 pro
876 4220 1111 4276 illorum
1136 4220 1432 4276 celebrata
1452 4228 1589 4276 sunt
1607 4222 1815 4291 gloria,

190 4302 326 4358 nobis
338 4308 657 4377 proﬁciant
673 4309 750 4364 ad
775 4310 1084 4365 medelam.
1104 4312 1207 4365 Per
1221 4309 1519 4365 Dominum
1533 4317 1813 4365 nostrum.

217 4454 266 4521 ,³
295 4445 429 4523 idem
470 4450 680 4523 legitur
709 4450 935 4523 inlidit.
987 4450 1162 4505 Vatic.
1216 4457 1267 4505 et
1298 4450 1638 4519 Gussanvil.,
1674 4452 1818 4523 quod

193 4516 433 4593 signiﬁcat
467 4516 727 4593 superius
777 4522 832 4575 in
899 4524 1038 4593 festo
1086 4528 1396 4576 sanctorum
1446 4516 1631 4586 apost.’
1679 4516 1818 4577 Petri

192 4588 389 4707 ᾕρευιὶ
412 4588 645 4671 exstare
698 4592 1152 4659 benedictionem,
1213 4610 1335 4665 quze
1391 4593 1609 4648 minime
1641 4599 1820 4650 tamen

192 4674 205 4707 l
239 4668 535 4707 lrenerlfnr,

192 4663 258 4730 ibi
268 4663 446 4730 reperit
457 4680 539 4717 ur.

248 4725 273 4766 ll
298 4725 350 4783 in
374 4733 616 4787 Kalend.
650 4735 805 4788 Rom.
841 4752 853 4791 :
883 4733 1097 4800 Septem
1123 4733 1370 4801 fratrum
1411 4735 1554 4803 Apii
1582 4743 1632 4790 et
1660 4735 1822 4790 Sala-

196 4814 292 4874 ζτε.
316 4805 383 4857 At
410 4810 603 4859 censet
633 4811 687 4858 et
719 4804 878 4858 Joan.
915 4807 1110 4859 Fronto
1131 4806 1418 4874 legendum
1451 4807 1754 4873 vi'aAppia
1772 4812 1822 4860 et

196 4868 404 4927 Salaria.
464 4875 688 4946 Septem
746 4875 970 4930 fratrum
1022 4868 1241 4931 nomina
1265 4875 1483 4930 exhibet
1524 4868 1818 4942 Panielius,

196 4948 237 5011 at
258 4950 430 5000 contra
450 4952 566 4999 vet.
595 4949 725 5001 Mss.
753 4946 942 5001 fidem.
980 4947 1107 5001 Post
1136 4949 1238 5001 hoc
1284 4948 1499 5011 festum,
1539 4948 1591 5001 in
1638 4948 1812 5005 Codd.

195 5010 373 5099 fucaret.
405 5024 459 5099 et
488 5017 710 5099 duobus
741 5019 1002 5099 Theoder.
1038 5017 1237 5099 legitur
1260 5036 1286 5099 :_
1313 5010 1663 5099 ’Τναηςιαῑηςθ
1689 5036 1822 5099 .cor-

193 5088 325 5146 poris
352 5090 438 5161 vel
469 5093 670 5147 natale
698 5090 883 5161 sancti
900 5088 1195 5161 Benedicti
1231 5089 1357 5161 abb.
1382 5094 1536 5161 cujus
1558 5090 1817 5151 ofﬁcium,

199 5162 241 5208 ut
262 5165 333 5232 est
360 5159 411 5213 in
444 5167 679 5232 utroque
702 5160 964 5214 Theoder.
1005 5160 1093 5215 hic
1120 5159 1462 5214 exhibemus.

255 5228 456 5304 Oratio.
505 5228 1346 5304 —'Umuipotensusempiterne
1381 5233 1541 5291 Deus.
1580 5233 1673 5303 qui
1728 5248 1822 5304 per

200 5295 446 5375 gloriosa_
493 5295 787 5373 exempla'
844 5295 1167 5375 humilitatis
1254 5295 1610 5375 triumphum'
1664 5295 1820 5375 nobis

198 5371 447 5443 ostendisti
508 5371 799 5439 aeternum,
858 5372 948 5435 da,
1007 5390 1345 5443 quresumus,
1407 5371 1461 5428 ut
1522 5374 1658 5428 viam
1716 5373 1819 5427 tibi

203 5439 766 5516 planitze‘obedienliaa,
810 5460 969 5516 quam
1026 5439 1354 5500 venerabilis
1400 5446 1560 5499 Pater
1614 5445 1823 5499 illassus

206 5511 515 5590 antecedebat
569 5511 915 5590 Benedictus,
965 5532 1064 5570 nos
1110 5518 1383 5590 praeclaris
1442 5519 1556 5588 ejus
1615 5516 1822 5573 meritis

206 5578 342 5658 δή]ψὲ
373 5584 487 5639 sine
508 5602 689 5641 errore
720 5578 1138 5658 subsequamur.
1166 5580 1287 5645 Per.

262 5649 492 5713 Secreta.
520 5688 587 5702 —
624 5657 810 5715 Sacris
858 5649 1144 5727 altaribus,
1183 5658 1428 5726 Domine,
1465 5658 1685 5717 Hostias
1731 5675 1821 5714 su-

1842 3115 1892 3181 Ο

1911 2357 2103 2429 pelagi
2132 2357 2411 2427 liberavit,
2433 2357 2650 2412 exaudi
2678 2373 2787 2412 nos
2808 2357 3121 2429 propitius,
3153 2362 3210 2413 et
3225 2356 3485 2413 concede
3508 2359 3570 2412 ut

1915 2446 2233 2501 amborum
2249 2445 2485 2511 meritis,
2500 2446 2843 2502 aeternitatis
2858 2445 3104 2515 gloriam
3115 2460 3569 2517 consequamur.

1917 2537 2020 2590 Per
2058 2533 2399 2589 Dominum.

1986 2621 2176 2692 Super
2202 2622 2418 2678 oblata.
2448 2652 2517 2663 —
2565 2623 2813 2687 Hostias,
2864 2637 3240 2695 quaesumus,
3299 2620 3570 2690 Domine,

1917 2711 2151 2781 suscipe
2177 2710 2449 2782 placatus
2475 2710 2727 2775 oblatas,
2752 2727 2881 2783 quae
2912 2712 3133 2767 meritis
3160 2709 3573 2782 apostolorum

1918 2804 2158 2855 tuorum
2176 2800 2320 2853 Petri
2344 2805 2398 2854 et
2415 2798 2660 2864 Pauli,te
2684 2798 3289 2868 sanctiﬁcante,nobis
3316 2798 3574 2855 efﬁcian-

1921 2891 2013 2943 tur
2041 2887 2347 2943 salutares.
2381 2889 2503 2942 Per.

1989 2975 2087 3031 Ad
2109 2976 2547 3047 Complendum.
2568 3008 2636 3017 —
2662 2977 2978 3033 Beatorum
3000 2975 3405 3049 apostolorum
3436 2980 3572 3031 tuo-

1921 3079 2080 3130 rum,
2116 3064 2382 3130 Domine,
2416 3064 2563 3119 Petri
2611 3068 2665 3121 et
2692 3064 2852 3122 Pauli
2905 3065 3239 3121 desiderata
3283 3064 3577 3121 solemnia

1924 3156 2320 3218 recensentes,
2353 3158 2590 3224 praesta,
2621 3167 2995 3225 quaesumus,
3029 3160 3087 3209 ut
3114 3169 3322 3209 eorum
3348 3151 3573 3224 suppli-

1924 3240 2260 3296 cationibus
2276 3241 2639 3307 muniamur,
2660 3257 2917 3313 quorum
2936 3242 3201 3312 regimur
3216 3240 3576 3314 principatu.

1925 3330 2046 3384 Per.

1995 3417 2178 3488 Super
2192 3418 2498 3489 populum.
2550 3448 2621 3458 —
2655 3417 2924 3487 Protege,
2957 3418 3224 3483 Domine,
3281 3416 3579 3489 populum

1925 3511 2108 3565 tuum,
2128 3513 2182 3560 et
2195 3506 2592 3577 apostolorum
2609 3511 2830 3560 tuorum
2848 3506 3176 3577 patrocinio
3189 3506 3582 3562 conﬁdentem

1926 3600 2213 3667 perpetua
2242 3592 2586 3649 defensione
2614 3609 2923 3650 conserva.

1933 3684 2103 3756 115
2132 3700 2186 3737 v1
2217 3699 2334 3739 inus
2378 3699 2534 3737 JULll.
2576 3713 2649 3723 —
2686 3697 2914 3739 manus
2946 3683 3097 3756 (432)
3139 3698 3348 3739 SEPTEM
3395 3682 3425 3725 ιι
3455 3699 3582 3737 rna-

2664 3787 2832 3826 TRUM.

1997 3862 2245 3927 Praesta,
2264 3876 2638 3933 quaesumus,
2657 3862 3038 3932 omnipotens
3066 3863 3236 3929 Deus,
3257 3864 3323 3915 ut
3338 3860 3435 3933 qui
3454 3858 3584 3932 glo-

1924 3952 2117 4007 riosos
2150 3955 2436 4022 martyres
2468 3950 2645 4005 fortes
2668 3950 2726 4005 in
2758 3966 2864 4006 sua
2897 3949 3274 4005 confessione
3302 3949 3581 4021 cognovi-

1928 4057 2086 4107 mus,
2107 4042 2236 4113 pios
2256 4039 2412 4112 apud
2436 4046 2489 4095 te
2506 4040 2563 4094 in
2579 4045 2781 4094 nostra
2794 4039 3213 4096 intercessione
3228 4040 3579 4095 sentiamus.

1928 4130 2068 4188 Per.

1998 4218 2185 4288 Super
2204 4219 2422 4275 oblata.
2450 4248 2513 4259 —
2539 4217 2853 4275 Sacriﬁciis
2880 4218 3276 4290 praesentibus,
3312 4218 3578 4287 Domine,

1926 4323 2294 4380 quaesumus,
2310 4306 2550 4363 intende
2564 4308 2929 4378 placatus,et,
2945 4307 3441 4363 intercedentibus
3455 4321 3585 4360 san-

1931 4449 2235 4523 perpositas
2285 4454 2506 4523 sanctus
2558 4448 2919 4523 Benedictus,
2950 4464 3289 4519 quaesumus,
3323 4447 3379 4503 in
3436 4446 3579 4502 salu-

1930 4520 2039 4577 tem
2060 4520 2222 4575 nobis
2251 4521 2532 4591 provenire
2562 4520 2843 4590 deposcat.
2889 4521 3011 4591 Per.
3360 4532 3367 4541 '

2001 4590 2304 4661 Prw/“alio.
2329 4622 2393 4631 —
2417 4592 2554 4647 Vere
2576 4592 2801 4661 dignum
2833 4597 2883 4646 et
2905 4590 3111 4662 justum
3135 4596 3236 4657 est,
3257 4605 3488 4662 aequum
3527 4595 3581 4645 et

1932 4664 2189 4735 salutare,
2226 4680 2322 4716 nos
2371 4662 2485 4735 tibi,
2520 4660 2737 4735 semper
2778 4668 2830 4735 et
2879 4660 3079 4733 ubique
3126 4660 3335 4730 gratias
3365 4678 3580 4735 _agere,

1931 4734 2158 4788 Domine
2202 4739 2410 4796 sancte,
2460 4732 3039 4803 Pater'omnipotens,
3099 4739 3302 4787 aeterne
3360 4733 3509 4787 Deus
3562 4748 3574 4787 :

1932 4812 1984 4876 et
2011 4805 2252 4875 gloriam
2284 4810 2429 4859 tuam
2473 4805 2710 4876 profusis
2766 4804 3024 4876 precibus
3079 4819 3365 4876 exorare;
3394 4810 3452 4858 ut
3483 4803 3581 4875 qui

1930 4874 2078 4930 beati
2106 4876 2436 4930 confessoris
2473 4874 2564 4930 tui
2612 4874 2889 4930 Benedicti
2940 4892 3262 4931 veneramur
3313 4874 3474 4943 festa,
3510 4874 3581 4929 te

1932 4949 2253 5018 opitulante,
2288 4947 2407 5018 ejus
2436 4948 2744 5003 sanctitatis
2774 4946 2975 5001 imitari
3006 4946 3278 5001 valeamus
3306 4945 3581 5018 exempla.

1934 5016 1995 5097 El
2048 5016 2466 5097 cujus__meritis
2527 5034 2865 5097 nequaquam
2917 5034 3209 5097 possumus
3253 5016 3577 5097 _comquari,

1930 5089 2047 5161 ejus
2081 5089 2336 5159 precibus
2368 5088 2668 5143 mereamur
2693 5088 2957 5160 adjuvari.
2993 5089 3103 5147 Per
3132 5088 3437 5147 Christum.

2003 5162 2084 5215 Ad
2107 5160 2538 5231 Complendum.
2583 5191 2650 5201 —
2697 5164 2949 5229 Protegat
2987 5178 3104 5230 nos,
3170 5161 3426 5223 Domine,
3460 5175 3582 5231 cum

1930 5231 2007 5285 tui
2060 5229 2404 5303 perceptione
2430 5232 2773 5303 sacramenti.
2801 5232 3000 5286 beatus
3050 5231 3381 5303 Benedictus
3410 5229 3583 5285 abbas

1931 5320 2027 5374 pro
2064 5302 2239 5357 nobis
2298 5302 2705 5374 intercedendo,
2759 5310 2814 5356 ut
2868 5310 2935 5374 et,
2971 5302 3403 5357 conversationis
3451 5317 3582 5374 eius

1931 5371 2275 5443 experiamur
2294 5372 2553 5437 insignia,
2578 5380 2632 5428 et
2656 5373 3065 5429 intercessionis
3113 5374 3290 5444 ipsius
3319 5371 3582 5445 percipia-

1932 5462 2052 5498 mus
2080 5445 2363 5513 suffragia.
2389 5446 2509 5500 Per.

2000 5516 2156 5571 Alia.
2184 5509 2597 5586 —'lntercessio
2629 5532 2749 5579 nos,
2780 5532 3121 5586 quaesumus,
3147 5512 3404 5586 Domine,
3434 5509 3583 5567 beati

1930 5586 2211 5643 Benedicti
2238 5585 2454 5643 abbatis
2501 5582 2860 5651 commendet,
2914 5592 2973 5658 ut
3016 5585 3159 5658 quod
3215 5582 3417 5639 nostris
3440 5599 3581 5658 _mc-

1929 5659 2052 5719 ritis
2079 5676 2190 5717 non
2208 5658 2475 5728 valemus,
2502 5658 2622 5733 ejus
2663 5657 2972 5733 patrocinio
3024 5654 3407 5729 assequamur.
3439 5654 3574 5713 Per.
