4092 6200
447 250 562 314 127

1679 250 1946 316 SANCTI
1985 239 2333 313 GREGORII
2371 246 2611 314 MAGNI

3745 243 3860 308 128

441 383 548 444 etis
573 384 707 452 tuis,
753 383 1055 443 devotioni
1109 385 1328 442 nostrae
1376 382 1710 459 proﬁciant,
1768 388 1827 444 et
1881 383 2081 462 saluti.
2123 382 2172 446 Δ
2201 380 2278 440 da
2311 382 2548 440 famulis
2577 382 2694 441 tuis
2720 397 2970 442 suorum
2985 381 3224 440 veniam
3241 381 3620 456 peccatorum
3635 380 3702 436 ut
3723 392 3863 435 san-

439 473 564 532 Per.

514 563 801 634 Prw/alio.
835 594 904 604 —-
925 565 1070 619 Vere
1095 563 1345 622 dignum
1375 571 1430 622 et
1450 566 1678 634 justum
1710 570 1816 632 est,
1847 579 2092 638 aequum

441 657 496 709 et
519 652 796 716 salutare,
820 667 928 707 nos
957 652 1060 709 tibi
1096 670 1330 726 semper
1349 659 1408 710 et
1429 655 1651 726 ubique
1680 656 1900 720 gratias
1955 670 2092 723 age-

439 758 520 804 re.
552 741 794 797 Domine
807 747 1028 807 sancte,
1051 743 1646 817 Pateromnipotens,
1667 751 1881 802 aeterne
1898 745 2052 800 Deus
2075 760 2087 800 :

439 827 654 886 donari
685 831 860 887 nobis
887 832 1232 901 suppliciter
1261 839 1582 900 exorantes,
1613 839 1677 890 ut
1719 835 1871 890 sicut
1900 833 2092 889 sancti

345 987 357 1001 ι
439 919 525 975 tui
559 921 851 976 mundum
883 921 934 975 in
959 927 1059 978 tua
1088 923 1300 980 virtute
1315 924 1596 989 vicerunt,
1624 925 1704 980 ita
1731 939 1842 980 nos
1870 939 1905 978 a
1930 938 2093 978 mun-

425 1008 618 1100 ‘danis
644 1010 945 1066 erroribus
974 1013 1274 1084 postulent
1325 1013 1602 1086 expediri.
1637 1015 1747 1070 Per
1794 1013 2092 1070 Christum

443 1097 776 1155 Dominum.

508 1186 606 1242 Ad
619 1189 1054 1260 Complendum.
1080 1222 1133 1233 —
1159 1192 1898 1263 Quaesumus,omnipotens
1918 1193 2092 1262 Deus,

437 1279 507 1332 ut
531 1275 690 1332 illius
711 1278 982 1335 salutaris
999 1281 1309 1352 capiamus
1325 1281 1622 1342 eﬂeetum.
1643 1283 1815 1354 cujus
1842 1298 1946 1354 per
1965 1283 2093 1339 hinc

439 1367 716 1436 mysteria
733 1367 951 1439 pignus
964 1370 1310 1441 accepimus.
1337 1373 1446 1426 Per
1470 1371 1789 1426 Dominum
1805 1375 2092 1427 nostrum.

437 1487 541 1528 vin
565 1489 852 1530 KALENDAB
875 1493 1122 1534 sucum.
1159 1509 1228 1518 —-
1257 1478 1408 1551 (433)
1439 1493 1665 1536 manus
1691 1493 1878 1536 SANCTI
1909 1493 2093 1536 JACOBI

1125 1583 1409 1625 APOSTOLI.

513 1670 668 1736 Esto,
703 1671 973 1737 Domine,
1007 1673 1293 1744 propitius
1321 1673 1480 1745 plebi
1505 1678 1644 1738 tuae,
1699 1673 2095 1731 sanctificator

443 1763 498 1815 et
526 1764 749 1825 custos,
780 1765 842 1816 ut
867 1741 1128 1832 apostoli
1151 1763 1229 1818 tui
1261 1741 1462 1820 Jacobi
1495 1764 1725 1820 munita
1771 1761 2088 1835 praesidiis,
2121 1741 2167 1800 Β

442 1852 497 1904 et
521 1850 974 1907 conversatione
1008 1851 1114 1908 tibi
1143 1851 1399 1924 placeat,
1429 1857 1484 1911 et
1519 1869 1730 1910 secura
1760 1851 2081 1909 deserviat.

441 1935 568 1994 Per.

509 2027 700 2098 Super
722 2028 941 2087 oblata.
964 2061 1032 2070 —
1057 2029 1398 2087 Oblationes
1439 2031 1640 2105 pOpuli
1666 2032 1772 2099 tui,
1821 2033 2090 2096 Domine,

438 2131 810 2186 quaesumus,
843 2119 993 2174 beati
1017 2119 1272 2190 apostoli
1314 2121 1394 2176 tui
1427 2121 1628 2178 Jacobi
1660 2121 1862 2194 passio
1915 2121 2093 2177 beata

437 2203 724 2264 conciliet.
761 2210 816 2262 et
854 2223 988 2278 quas
1009 2207 1226 2263 nostris
1279 2213 1419 2280 apta
1475 2225 1598 2265 non
1652 2213 1789 2265 sunt
1840 2209 2088 2276 meritis,

434 2291 582 2349 fiant
614 2293 713 2348 tibi
746 2293 963 2364 placita
1009 2297 1139 2368 ejus
1167 2297 1608 2370 deprecatione.
1640 2299 1768 2355 Per.

402 2374 413 2387 ”
505 2382 806 2450 Praefatio.
824 2416 896 2426 —
911 2385 1056 2440 Vere
1079 2385 1330 2450 dignum
1357 2391 1461 2453 est,
1486 2403 1728 2460 (equum
1745 2387 2088 2454 etsalutare,

435 2484 547 2526 nos
575 2471 674 2526 tibi
707 2487 942 2542 semper
970 2477 1026 2530 et
1075 2475 1294 2547 ubique
1325 2477 1544 2544 gratias
1583 2491 1778 2543 agere,
1842 2476 2091 2533 Domine

437 2564 654 2625 sancte,
681 2561 853 2618 Pater
907 2563 1306 2634 omnipotens,
1335 2569 1552 2620 aeterne
1581 2567 1758 2622 Deus:
1789 2566 1929 2636 quia
1956 2565 2092 2622 licet

436 2645 613 2705 nobis
649 2665 886 2723 semper
898 2651 1148 2707 salutem
1165 2657 1444 2724 operetur
1460 2655 1639 2710 divini
1662 2655 1980 2711 celebratio
1998 2671 2092 2712 sa-

437 2739 749 2806 cramenti,
773 2741 1124 2813 propensius
1149 2747 1348 2797 tamen
1371 2743 1546 2798 nobis
1561 2743 1926 2800 conﬁdimus
1957 2759 2092 2814 pro-

437 2824 720 2892 futuram,
735 2828 783 2883 si
805 2827 958 2885 beati
975 2830 1222 2899 apostoli
1238 2831 1320 2888 tui
1335 2832 1534 2888 Jacobi
1563 2832 2090 2890 intercessionibus

435 2913 810 2985 adjuvemur.
845 2919 955 2975 Per
985 2919 1306 2978 Christum.

503 3005 598 3060 Ad
622 3007 1051 3079 Complendum.
1074 3041 1140 3050 —
1163 3009 1326 3065 Beati
1341 3011 1594 3082 apostoli
1615 3011 1699 3068 tui
1729 3011 1957 3077 Jacobi,
1991 3027 2090 3066 cu-

2200 479 2430 531 ctorum
2459 479 2698 532 tuorum
2717 473 3219 532 intercedentibus
3237 470 3458 530 meritis
3483 468 3562 527 ab
3578 466 3860 526 omnibus

2201 579 2540 620 mereamur
2569 563 3031 620 adversitatibus
3080 561 3338 620 liberari.
3387 561 3495 617 Per
3534 559 3858 616 Dominum

2201 658 2494 709 nostrum.

2251 729 2449 814 'Super
2481 743 2696 799 oblata.
2717 774 2783 784 -—
2803 743 3046 799 Munera
3061 741 3186 806 tibi,
3209 739 3478 804 Domine,
3494 753 3603 810 pro
3627 740 3862 795 sancto-

2197 845 2333 886 rum
2350 835 2674 902 martyrum
2689 831 2893 888 Abdon
2910 837 2962 887 et
2975 831 3210 888 Sennen
3225 827 3507 902 passione
3521 825 3856 893 deferimus,

2202 919 2294 992 qui
2325 919 2467 975 dum
2497 919 2786 976 ﬁniuntur
2815 921 2874 976 in
2913 921 3107 984 terris,
3139 919 3274 976 facti
3306 925 3447 974 sunt
3475 915 3695 973 omlesti
3723 915 3860 972 luce

2200 1008 2492 1080 perpetui,
2523 1009 2829 1066 humiliter
2857 1009 3229 1080 postulantes
3279 1013 3343 1064 ut
3368 1022 3577 1064 eorum
3624 1021 3860 1077 semper

2204 1098 2426 1154 meritis
2455 1098 2816 1156 muniamur.
2873 1100 3000 1156 Per.

2273 1186 2568 1257 Prw/“alio.
2606 1219 2658 1229 -—
2687 1190 2830 1244 Vere
2857 1187 3107 1260 dignum
3142 1190 3198 1244 et
3223 1187 3451 1258 justum
3481 1189 3594 1249 est,
3615 1199 3860 1258 equum

2202 1278 2263 1330 et
2289 1275 2566 1341 salutare,
2587 1293 2698 1332 nos
2725 1275 2828 1332 tibi
2854 1275 3394 1350 semperetubique
3412 1273 3634 1343 gratias
3652 1287 3854 1344 agere,

2206 1363 2453 1418 Domine
2485 1369 2705 1433 sancte,
2749 1368 2914 1422 Pater
2943 1365 3343 1436 omnipotens,
3391 1368 3610 1421 aeterne
3652 1362 3812 1418 Deus
3841 1376 3854 1417 :

2202 1457 2260 1506 et
2295 1453 2338 1522 1
2357 1453 2461 1523 17
2498 1457 2553 1508 te
2583 1451 2828 1510 laudare
2843 1453 3179 1510 mirabilem
3199 1451 3512 1508 Dominum
3541 1451 3600 1506 in
3631 1448 3862 1506 sanctis

2201 1539 2336 1606 tuis,
2352 1557 2504 1613 quos
2517 1547 2651 1598 ante
2665 1541 3150 1599 constitutionem
3164 1541 3366 1597 mundi
3385 1539 3448 1598 in
3460 1544 3736 1596 aeternam
3750 1537 3864 1594 tibi

2203 1629 2446 1698 gloriam
2461 1633 2811 1704 praeparasti,
2827 1637 2890 1688 ut
2903 1648 3002 1704 per
3011 1649 3106 1688 eos
3119 1631 3249 1686 huic
3261 1648 3349 1686 mu
3359 1630 3464 1688 udo
3481 1629 3733 1686 veritatis
3747 1631 3859 1683 tum

2203 1717 2403 1774 lumen
2419 1719 2786 1784 ostenderes,
2810 1737 2962 1792 quos
2979 1720 3061 1776 ita
3078 1720 3286 1792 spiritu
3304 1719 3562 1776 veritatis
3587 1716 3855 1782 armasti,

2201 1811 2266 1862 ut
2295 1806 2677 1866 formidinem
2709 1809 2916 1865 mortis
2939 1809 3455 1880 perinﬁrmitatem
3473 1805 3668 1863 carnis
3693 1805 3858 1861 evin-

2201 1901 2418 1952 cerent.
2437 1895 2516 1952 De
2532 1912 2782 1969 quorum
2796 1897 3046 1967 collegio
3063 1901 3500 1970 suntmartyres
3513 1895 3596 1952 tui
3614 1893 3853 1964 Abdon,

2201 1982 2354 2055 (436)
2395 1992 2452 2040 et
2483 1986 2727 2051 Sennes,
2756 1988 2860 2060 qui
2897 1987 2954 2042 in
3009 1985 3281 2043 Ecclesiae
3313 1989 3429 2042 tuae
3477 1991 3646 2056 prato
3701 1983 3858 2038 sicut

2201 2087 2356 2128 rosae
2373 2077 2430 2128 et
2445 2073 2568 2130 lilia
2586 2073 2934 2140 ﬂoruerunt,
2948 2091 3105 2148 quos
3119 2075 3412 2145 Unigeniti
3430 2073 3516 2130 tui
3530 2071 3779 2142 sanguis
3793 2072 3857 2127 in

2202 2161 2407 2233 praelia
2433 2163 2847 2230 confessionis,
2862 2181 3035 2221 roseo
3052 2164 3249 2221 colore
3271 2163 3596 2236 perfuditet
3606 2161 3688 2218 ob
3704 2176 3860 2232 prm-

2203 2251 2392 2309 mium
2417 2254 2718 2326 passionis
2745 2255 2920 2311 niveo
2946 2253 3202 2312 liliorum
3234 2253 3544 2328 splendore
3587 2250 3849 2308 vestivit.

2201 2343 2305 2396 Per
2323 2357 2504 2414 quem
2543 2343 2929 2414 Maiestatem.

2270 2429 2362 2485 Ad
2375 2430 2815 2500 Complendum.
2835 2464 2906 2475 —
2922 2431 3208 2504 Populum
3221 2437 3410 2496 tuum,
3435 2429 3700 2492 Domine,
3723 2442 3860 2500 per-

2199 2524 2380 2590 petua
2412 2520 2742 2578 munitione
2771 2521 3046 2587 defende,
3075 2537 3185 2578 nec
3210 2521 3538 2587 difﬁculter,
3560 2517 3725 2592 quod
3758 2517 3858 2590 pie

2199 2612 2255 2663 et
2260 2607 2280 2678 j
2293 2614 2420 2664 uste
2432 2611 2692 2681 postulat
2701 2617 3124 2682 consequatur,
3138 2610 3232 2667 cui
3253 2615 3598 2667 sanctorum
3619 2612 3856 2665 tuorum

2200 2697 2410 2753 merita
2449 2697 2875 2770 suffragantur.
2907 2699 3036 2756 Per.

2305 2819 2576 2862 KALENDIS
2617 2821 2868 2864 AUGUSTI.
2908 2837 2980 2849 --
3019 2823 3090 2863 ΔΙ)
3129 2821 3377 2864 SANCTUII
3418 2819 3636 2861 PETBUH
3677 2818 3747 2858 AD

2901 2912 3150 2954 VINGULA.

2269 2997 2450 3064 Deus,
2470 3000 2574 3072 qui
2597 2999 2830 3058 beatum
2861 3001 3099 3058 Petrum
3153 3000 3494 3074 apostolum
3539 3015 3574 3055 a
3603 2995 3857 3054 vinculis

429 3093 530 3166 jus
551 3095 728 3152 hodie
754 3097 1060 3154 festivitate
1097 3101 1140 3170 ι
1159 3101 1270 3172 ιε
1298 3115 1544 3172 corpore
1572 3104 1627 3156 et
1653 3099 1943 3169 sanguine
1962 3099 2088 3157 Filii
2126 3105 2172 3166 ς,
2199 3085 2545 3144 absolutum
2567 3089 2819 3146 illaesum
2842 3090 3000 3146 abire
3013 3089 3223 3157 fecisti,
3243 3097 3602 3154 nostrorum,
3622 3103 3860 3160 quassu-

434 3183 512 3239 tui
543 3200 649 3240 nos
679 3185 1629 3254 refecisti,qumsumus,Domine,
1671 3189 2088 3246 intercessione

435 3271 679 3342 adjuva,
702 3289 810 3344 pro
832 3275 1003 3343 cujus
1021 3275 1391 3333 solemnitate
1403 3277 1760 3350 percipimus
1779 3280 1883 3334 tua
1903 3278 2084 3346 dona,

433 3358 724 3417 ltetantes.
757 3366 864 3417 Per
903 3365 1198 3422 eumdem.

505 3449 696 3520 Super
717 3453 1017 3522 populum.
1042 3486 1110 3494 —
1123 3453 1511 3511 Solemnitatis
1525 3454 1870 3526 apostolicae
1895 3455 2090 3511 multi-

437 3537 748 3610 plicatione
763 3541 1086 3602 gaudentes
1099 3543 1473 3600 clementiam
1493 3547 1657 3600 tuam
1670 3543 2088 3617 deprecamur,

437 3627 837 3698 omnipotens,
873 3633 1046 3696 Deus,
1079 3635 1140 3686 ut
1162 3631 1388 3688 tribuas
1413 3631 1634 3702 jugiter
1660 3649 1770 3688 nos
1801 3649 2008 3688 eorum
2035 3636 2094 3688 et

437 3716 811 3774 confessione
835 3718 1123 3786 benedici,
1155 3725 1211 3777 et
1230 3720 1574 3794 patrociniis
1603 3721 1922 3778 confoveri.
1981 3721 2092 3776 Per

440 3805 775 3863 Dominum.

435 3925 495 3966 Iv
557 3921 584 3953 ε
614 3927 896 3968 ΚΑιεκοΑε
963 3929 1212 3971 AUGUSTI.
1277 3945 1346 3956 -—
1401 3931 1623 3971 manus
1697 3916 1846 3986 (434)
1905 3930 2090 3972 sanun

1145 4019 1366 4058 FELICIS.

507 4103 916 4161 Inﬁrmitatem
937 4110 1208 4164 nostram
1227 4107 1477 4179 respice,
1510 4107 1880 4177 omnipotens
1913 4110 2085 4176 Deus,

435 4196 490 4246 et
513 4192 660 4259 (435)
687 4209 840 4264 quos
867 4194 1363 4267 ponduspropriaa
1393 4195 1646 4252 actionis
1678 4200 1902 4264 gravat,
1930 4196 2088 4254 beati

433 4281 617 4338 felicis
639 4283 918 4353 martyris
951 4285 1035 4340 tui
1065 4288 1244 4358 atque
1273 4285 1565 4358 pontiﬁcis
1597 4285 1935 4341 intercessio
1962 4286 2088 4356 glo-

434 4370 593 4426 riosa
617 4385 727 4425 nos
757 4377 1045 4443 protegat.
1063 4374 1170 4430 Per
1203 4373 1521 4430 Dominum
1554 4378 1846 4431 nostrum.

2199 3191 2358 3240 mus,
2393 3176 2636 3233 absolve
2651 3177 2892 3236 vincula
2913 3185 3320 3252 peccatorum,
3343 3183 3400 3235 et
3417 3177 3621 3234 omnia
3647 3174 3859 3232 malea

2197 3263 2374 3320 nobis
2402 3265 2753 3338 prOpitiatus
2779 3267 3042 3324 exclude.
3069 3268 3196 3324 Per.

2270 3355 2692 3424 Superoblata.
2729 3387 2794 3397 —
2841 3357 3098 3428 Suscipe,
3155 3355 3420 3418 Domine,
3479 3352 3736 3410 Hostiam
3769 3367 3860 3408 re-

2199 3441 2869 3514 demptionishumanas,
2890 3445 3313 3502 interveniente
3337 3443 3510 3500 beato
3531 3441 3699 3498 Petro
3711 3457 3860 3512 apo-

2201 3529 2378 3600 stolo,
2409 3537 2465 3587 et
2489 3531 2738 3588 salutem
2767 3533 2942 3589 nobis
2970 3535 3184 3590 mentis
3229 3538 3284 3589 et
3311 3531 3568 3604 corporis
3597 3544 3854 3603 operare

2201 3617 2482 3690 placatus.
2516 3620 2644 3674 Per.

2270 3709 2369 3764 Ad
2398 3708 2845 3780 Complendum.
2888 3740 2956 3752 —
3001 3709 3274 3782 Corporis
3319 3706 3473 3764 sacri
3521 3711 3579 3764 et
3611 3705 3860 3778 pretiosi

2202 3797 2508 3866 sanguinis
2521 3797 3036 3870 repletilibamine,
3052 3814 3426 3871 quaesumus,
3445 3796 3692 3853 Domine
3703 3795 3860 3850 Deus

2201 3891 2422 3952 noster,
2449 3893 2512 3940 ut
2539 3887 2704 3959 quod
2732 3887 2826 3958 pia
2871 3887 3186 3944 devotione
3214 3885 3245 3928 ι)
3275 3885 3558 3956 gerimus,
3611 3883 3862 3940 interce-

2198 3972 2374 4030 dente
2399 3973 2576 4030 beato
2615 3975 2785 4032 Petro
2815 3975 3086 4050 apostolo
3117 3982 3239 4044 tuo,
3265 3980 3424 4032 certa
3455 3973 3861 4046 redemptione

2199 4075 2530 4134 capiamus.

2199 4184 2252 4223 IV
2321 4184 2498 4226 NONAS
2572 4185 2822 4226 AUGUSTI.
2900 4201 2969 4210 —
3034 4185 3264 4226 NATALIS
3334 4183 3518 4223 SANCTl
3590 4181 3860 4222 STEPHANI

2695 4273 2944 4316 EPIBCOPI
2971 4275 3034 4314 ET
3067 4275 3355 4314 MARTYRIS.

2273 4365 2441 4429 Deus,
2469 4365 2572 4437 qui
2616 4379 2726 4420 nos
2757 4365 2911 4421 beati
2941 4365 3220 4436 Stephani
3251 4363 3528 4434 martyris
3563 4363 3646 4418 tui
3671 4365 3860 4434 atque

505 4458 998 4534 Supe_roblata.——
1016 4463 1244 4518 Hostias
1266 4463 1392 4529 tibi,
1411 4463 1679 4531 Domine,
1706 4478 1812 4535 pro
1847 4479 2088 4520 comme-

2213 4452 2486 4508 Jontiﬁcis
2515 4468 2717 4508 annua
2747 4453 3120 4509 solemnitate
3138 4451 3419 4516 laetiﬁcas,
3439 4449 3700 4507 concede
3719 4465 3860 4521 pro.

435 4548 768 4604 moratione
798 4551 989 4606 sancti
1013 4551 1214 4608 Felicis
1239 4552 1770 4624 oﬁ‘erimus,quem
1805 4553 1932 4608 atui
1963 4569 2088 4610 cor-

435 4637 598 4707 poris
626 4636 853 4694 unitate
881 4640 1042 4696 nulla
1082 4642 1325 4697 tentatio
1355 4641 1673 4714 separavit.
1707 4640 1835 4697 Per.

506 4724 594 4780 Ad
616 4725 1054 4794 Complendum.
1074 4761 1144 4772 —
1162 4731 1442 4798 Spiritum
1470 4729 1660 4796 nobis,
1687 4731 1953 4796 Domine,
1972 4735 2084 4786 tuae

435 4812 734 4870 charitatis
764 4815 1026 4881 infunde,
1047 4809 1269 4889 utquOs
1284 4833 1396 4872 uno
1423 4832 1576 4888 pane
1589 4816 1809 4872 caelesti
1837 4816 2080 4883 satiasti,

436 4902 832 4960 intercedente
845 4905 1018 4962 beato
1034 4905 1218 4962 Felice
1231 4909 1492 4977 martyre
1514 4908 1636 4970 tuo,
1653 4909 1756 4961 tua
1769 4903 1952 4962 facias
1964 4906 2083 4974 pie-

433 4995 554 5046 tate
584 4992 816 5050 cordes.
851 4993 980 5051 Per.

431 5113 492 5154 ιιι
521 5113 803 5155 KALENDAS
821 5115 1062 5157 AUGUSTI.
1086 5133 1157 5142 —
1177 5117 1402 5157 NATALIS
1440 5116 1759 5157 SANCTORUM
1801 5116 1978 5157 ΑλΒῦοΝ
2017 5115 2082 5157 ετ

1147 5205 1368 5245 SENNBN.

505 5277 678 5341 Deus,
723 5269 824 5348 qui
857 5278 1074 5334 sanctis
1097 5278 1209 5333 tuis
1239 5277 1442 5334 Abdon
1468 5284 1524 5333 et
1555 5279 1789 5334 Sennen
1817 5277 1892 5333 ad
1923 5277 2083 5333 hanc

429 5361 678 5432 gloriam
699 5365 971 5421 veniendi
986 5367 1300 5437 copiosum
1321 5381 1534 5420 munus
1547 5366 1750 5434 gratiae
1763 5365 2080 5430 contulisti,

499 5513 695 5568 sAmte
740 5513 842 5568 hoc
889 5512 1088 5569 festum
1138 5513 1192 5568 in
1239 5513 1410 5570 Codd.
1443 5514 1712 5570 Theoder.
1755 5521 1810 5570 et
1858 5515 2072 5574 Gemet.

430 5590 724 5660 occurrunt
774 5585 918 5640 festa
967 5585 1504 5660 sanctae_Prax_edis,_
1544 5591 1599 5660 et
1649 5587 1827 5642 sancti
1872 5587 2082 5660 Apolli-

2197 4540 2378 4612 pitius
2404 4546 2464 4596 ut
2493 4542 2662 4612 cujus
2692 4542 2958 4598 natalitia
2983 4541 3246 4606 colimus,
3280 4541 3353 4595 de
3383 4540 3646 4611 ejusdem
3672 4538 3848 4594 etiam

2197 4629 2555 4701 proiectione
2577 4631 2972 4700 gaudeamus.
3003 4629 3110 4686 Per
3128 4629 3437 4684 Dominum
3464 4633 3756 4684 nostrum.

2265 4717 2447 4786 Super
2495 4717 2708 4774 oblata.
2752 4749 2821 4759 —-
2867 4719 3109 4774 Munera
3157 4717 3278 4788 tibi,
3331 4717 3602 4786 Domine,
3654 4716 3858 4771 dicata

2195 4805 2501 4860 sanctiﬁca
2521 4821 2535 4872 ;
2559 4811 2615 4863 et
2643 4806 3044 4862 intercedente
3075 4805 3250 4861 beato
3269 4805 3566 4876 Stephano
3593 4805 3854 4874 martyre

2194 4898 2295 4950 tuo
2340 4901 2520 4966 atque
2573 4895 2870 4966 pontifice,
2911 4911 3018 4968 per
3046 4893 3256 4950 eadem
3311 4907 3424 4950 nos
3470 4893 3733 4966 placatus
3765 4891 3858 4946 in-

2193 4980 2388 5038 tende.
2429 4981 2538 5038 Per
2582 4983 2925 5042 Dominum.

2263 5071 2360 5125 Ad
2391 5070 2804 5143 Complendum.
2839 5103 2901 5114 -
2923 5074 3054 5129 Haec
3070 5087 3182 5128 nos
3199 5069 3558 5136 communio,
3577 5067 3856 5136 Domine,

2191 5164 2454 5231 purgeta
2484 5161 2733 5218 crimine
2760 5177 2773 5228 ;
2799 5167 2854 5217 et
2879 5161 3275 5217 intercedente
3333 5159 3512 5217 beato
3553 5157 3862 5230 Stephano

2193 5261 2455 5328 martyre
2487 5261 2582 5312 tuo
2605 5265 2778 5329 atque
2802 5257 3084 5330 pontiﬁce
3111 5257 3368 5314 cmlestis
3399 5254 3646 5312 remedii
3671 5253 3865 5312 faciat

2193 5359 2324 5400 esse
2347 5352 2670 5403 consortes.
2695 5351 2816 5403 Per.

2191 5449 2420 5514 utroque
2451 5443 2718 5502 Theorler.
2751 5449 2804 5498 et
2835 5443 3008 5498 sancti
3040 5441 3386 5498 Pantaleonis
3411 5442 3466 5498 in
3493 5441 3706 5496 Gemet.

2262 5511 2292 5554 δ
2323 5515 2378 5569 In
2411 5515 2544 5569 Cod.
2571 5518 2706 5569 Reg.
2739 5517 2922 5569 Suec..
2952 5515 3228 5569 oerimus.
3254 5521 3416 5569 certa
3461 5511 3749 5569 redempti

2262 5515 2292 5554 ι)
2323 5515 2378 5570 In
2411 5515 2544 5570 Cod.
2571 5518 2706 5587 Reg.
2739 5517 2922 5580 Suec.,
2951 5515 3228 5585 gerimus,
3254 5521 3416 5570 certa
3461 5515 3856 5580 redemptione

2194 5587 2504 5661 capiamus.
2527 5587 2790 5655 Perretc.
2817 5588 2876 5643 ln
2906 5585 3001 5643 Ed.
3030 5586 3235 5643 Pamel.
3267 5586 3376 5642 alia
3403 5591 3489 5640 est
3511 5585 3704 5644 oratio.

431 5656 600 5722 naris,
622 5661 938 5714 sanctorum
978 5673 1106 5715 vero
1129 5656 1338 5716 Nicasii
1365 5662 1420 5714 et
1469 5656 1757 5716 Sociorum
1802 5656 1964 5716 mart.
2020 5659 2196 5732 in”...
