4092 6200
467 263 578 324 ιθι

1700 250 1965 320 SANCTI
2003 248 2361 320 ΕΒ.Εοοῆῐί
2402 256 2610 324 MAGN
2614 264 2639 324 Ι

3761 264 3878 331 132

463 393 624 450 tibus
656 392 876 449 meritis
901 391 980 450 ad
1009 394 1230 448 nostrae
1253 390 1462 448 salutis
1489 390 1771 453 auxilium
1805 388 2115 463 provenire
2147 392 2196 454 Α
2298 407 2473 449 lDlDL‘S
2498 411 2745 453 AUGUSTI.
2774 428 2845 438 —
2885 397 3034 469 (451)
3060 413 3286 454 smus
3341 413 3529 455 sascn
3592 415 3882 458 mppou'n

464 482 747 538 concede.
780 481 921 538 Per.

531 570 833 639 Prw/auo.
866 599 939 609 —
961 567 1110 622 Vere
1137 566 1391 640 dignum
1431 574 1486 623 et
1503 568 1736 638 justum
1753 570 1861 633 est,
1878 583 2116 640 aequum

465 665 521 715 et
550 658 828 722 salutare,
857 673 968 714 nos
997 656 1097 712 tibi
1128 656 1664 728 semperetubique
1679 655 1902 728 gratias
1923 673 2114 727 agere,

465 747 708 803 Domine
739 752 957 811 sancte,
984 746 1161 804 Pater
1190 748 1597 817 omnipotens,
1630 752 1835 801 aeterre
1855 746 2008 800 Deus
2031 764 2043 801 :
2065 752 2121 800 et

467 836 762 908 praecipue
795 836 941 907 (444)
964 835 1024 890 in
1052 835 1147 889 die
1184 834 1577 890 solemnitatis
1623 832 1945 898 hodiernae,
1999 849 2122 905 qua

466 923 677 979 beatus
712 923 1060 978 Laurentius
1084 922 1279 977 hostia
1303 927 1511 977 sancta
1540 921 1679 977 viva
1733 921 1836 976 tibi
1878 922 2122 993 placens

466 1012 616 1086 (445)
643 1012 879 1068 oblatus
904 1018 991 1067 est
1032 1011 1198 1084 ;qui,
1252 1014 1390 1081 igne
1441 1012 1850 1081 accensus‘tui
1876 1011 2118 1077 amoris,

471 1106 812 1158 constanter
832 1102 1032 1170 ignem
1058 1099 1338 1155 sustinuit
1358 1100 1676 1171 passionis,
1702 1105 1758 1155 et
1778 1115 1885 1172 per
1911 1100 2124 1155 imma-

372 1220 383 1229 ι
472 1189 715 1246 nitatem
743 1195 1170 1245 tormentorum
1187 1187 1541 1260 pervenitad
1554 1188 1890 1243 societatem
1912 1187 2122 1242 civium

471 1292 881 1362 supernorum.
910 1278 1016 1333 Per
1039 1279 1317 1334 Christum
1357 1278 1694 1332 Dominum.
1922 1336 1928 1341 ,

543 1369 631 1423 Ad
658 1367 1099 1440 Complendum.
1122 1397 1193 1408 —
1220 1366 1523 1438 Supplices
1547 1372 1601 1422 te
1628 1382 1927 1437 rogamus,
1944 1365 2124 1422 omni-

472 1465 680 1530 potens
711 1458 867 1512 Deus
903 1498 917 1522 ,
948 1463 1009 1512 ut
1028 1472 1177 1527 quos
1206 1455 1381 1510 donis
1409 1453 1738 1511 caelestibus
1763 1455 2010 1520 satiasti,
2035 1455 2124 1510 in-

472 1546 805 1602 tercedente
830 1544 1007 1601 beato
1040 1544 1348 1600 Laurentio
1389 1549 1648 1616 martyre
1682 1549 1803 1609 tuo,
1834 1549 2126 1617 perpetua

474 1635 829 1707 protectione
858 1632 1180 1689 custodias.
1227 1633 1349 1687 Per.

2902 503 3202 544 MARTYRIS.

2301 591 2495 647 Sancti
2531 594 2804 664 martyris
2832 593 2913 649 tui
2947 593 3266 666 Hippolyti,
3320 595 3589 662 Domine,
3643 612 3883 669 quaesu-

2230 695 2385 742 mus,
2424 681 2762 735 veneranda
2804 681 3081 737 festivitas
3139 681 3419 738 salutaris
3472 685 3672 741 auxilii
3708 686 3884 741 nobis

2230 773 2468 838 praestet
2498 776 2911 835 augmentum.
2950 770 3090 827 Per.

2299 856 2493 925 Super
2515 856 2734 912 oblata.
2768 888 2835 897 —
2890 859 3153 931 Respice,
3188 859 3459 924 Domine,
3498 877 3750 918 munera
3775 878 3883 934 po-

2232 945 2479 1018 pulitui,
2501 953 2843 1002 sanctorum
2875 946 3181 1004 festivitate
3212 951 3429 1020 votiva,
3461 956 3517 1006 et
3540 957 3654 1006 tua;
3687 951 3886 1007 testiﬁ-

2231 1035 2380 1090 catio
2400 1035 2655 1090 veritatis
2676 1035 2855 1091 nobis
2877 1036 3149 1108 proﬁciat
3171 1037 3268 1100 .ad
3299 1038 3567 1096 salutem.
3606 1042 3711 1096 Per
3766 1042 3884 1095 Do-

2231 1124 2489 1179 minum.

2305 1212 2625 1283 Prcefatio.
2659 1212 2873 1268 —Vere
2898 1214 3148 1284 dignum
3167 1219 3223 1271 et
3235 1216 3464 1286 justum
3493 1221 3598 1281 est,
3637 1234 3885 1292 aequum

2232 1306 2290 1357 et
2318 1300 2710 1364 salutare,nos
2741 1301 2841 1356 tibi
2860 1318 3094 1374 semper
3124 1311 3180 1358 et
3202 1304 3422 1376 ubique
3445 1306 3661 1374 gratias
3682 1323 3884 1377 agere,

2233 1390 2481 1445 Domine
2513 1396 2734 1460 sancte,
2771 1390 2948 1447 Pater
2973 1393 3375 1464 omnipotens,
3407 1400 3623 1451 aeterne
3680 1397 3838 1451 Deus
3872 1413 3885 1451 :

2232 1480 2456 1549 ett352)
2484 1484 2645 1534 tuam
2663 1479 3021 1535 clementiam
3054 1480 3199 1536 votis
3263 1482 3637 1554 supplicibus
3690 1484 3893 1556 implo-

2233 1584 2385 1634 rare,
2420 1576 2481 1623 ut
2510 1567 2667 1622 beati
2693 1567 3343 1639 Hippolytiintercessio
3374 1578 3745 1643 peccatorum
3780 1589 3888 1628 no-

2235 1663 2491 1712 strorum
2518 1655 2688 1711 nobis
2716 1655 2974 1712 obtineat
2995 1658 3248 1722 veniam,
3306 1659 3403 1731 qui
3454 1676 3559 1731 per
3601 1667 3893 1717 tormenta

544 1724 742 1817 super
765 1722 1073 1817 Populffm-
1102 1752 1173 1817 —_
1202 1720 1900 1817 De“9:_cujus__‘fhfritaus
1914 1720 2124 1776 ardore
2153 1754 2201 1814 Β
2235 1745 2526 1817 passionis
2551 1752 2833 1801 aeternam
2878 1747 3144 1816 pervenit
3171 1720 3248 1803 ad
3287 1720 3558 1817 gloriam.
3594 1752 3698 1806 Per
3726 1749 3894 1807 Chri-

473 1811 687 1869 beatus
714 1811 1063 1867 Laurentius
1105 1810 1318 1866 edaces
1370 1810 1628 1865 incendii
1656 1808 1957 1875 ﬂammas,
1990 1825 2124 1865 con-

479 1904 706 1973 tempto
721 1905 1122 1972 persecutore,
1150 1898 1386 1963 devicit,
1419 1898 1681 1954 concede
1714 1904 1999 1953 utomnes
2027 1897 2130 1969 qui

480 1988 747 2061 martyrii
778 1989 907 2060 ejus
937 1989 1147 2043 merita
1199 2003 1551 2044 veneramur
1596 1987 1965 2060 protectionis
2022 1992 2132 2043 tua:

483 2078 699 2135 auxilio
730 2078 1100 2134 muniamur.
1149 2075 1277 2132 Per.

553 2167 698 2225 Alia.
734 2198 800 2207 —
834 2166 1031 2223 Sancti
1072 2164 1365 2221 Laurentii
1412 2180 1545 2229 nos,
1598 2164 1868 2230 Domine,
1924 2172 2134 2222 sancta

476 2255 742 2330 precatio
761 2260 1015 2320 tueatur,
1047 2261 1103 2310 et
1130 2254 1296 2326 quod
1345 2259 1549 2309 nostra
1592 2254 1958 2311 conscientia
2010 2271 2131 2310 non

480 2345 807 2417 meretur,ej
821 2359 887 2399 us
901 2343 1078 2399 nobis
1099 2344 1201 2415 qui
1216 2343 1322 2399 tibi
1341 2342 1559 2414 placuit
1570 2344 1841 2399 oratione
1855 2344 2129 2400 donetur.

477 2434 615 2494 Per.

550 2523 715 2578 Alia.
745 2552 815 2563 —
842 2520 1008 2577 Adsit
1038 2519 1231 2585 nobis,
1258 2520 1523 2587 Domine,
1547 2537 1913 2593 quaesumus,
1946 2522 2136 2578 sancti

483 2612 775 2668 Laurentii
804 2609 1084 2682 martyris
1110 2610 1193 2666 tui
1225 2610 1287 2665 in
1318 2617 1419 2665 tua
1457 2610 1882 2681 glorificatione
1899 2611 2133 2667 benedi-

483 2701 620 2766 ctio,
651 2700 823 2771 cujus
848 2698 1025 2755 nobis
1057 2704 1149 2755 est
1177 2698 1356 2755 hodie
1385 2698 1542 2756 facta
1565 2699 1916 2770 suffragium
1943 2701 2005 2757 in
2035 2707 2136 2758 tua

482 2790 696 2847 virtute
718 2788 1156 2845 confessio.Per
1178 2788 1494 2844 Dominum
1525 2794 1797 2845 nostrum
1813 2833 1828 2847 .

554 2878 719 2934 Alia.
752 2908 819 2917 —-
845 2879 1073 2941 Praesta,
1099 2882 1463 2949 quaesumus,
1498 2877 1762 2943 Domine,
1803 2884 1865 2934 ut
1896 2894 2135 2950 semper

484 2983 590 3024 nos
610 2967 652 3038 ι
667 2968 718 3037 2
733 2968 776 3037 1
796 2966 953 3022 beati
983 2965 1279 3021 Laurentii
1300 2965 1757 3039 laetiﬁcent(41a6)
1774 2967 1968 3022 votiva
1983 2983 2135 3023 mar-

482 3056 659 3130 tyria,
673 3072 808 3129 quae
824 3071 1052 3127 semper
1063 3071 1193 3111 esse
1205 3070 1329 3110 non
1341 3054 1621 3111 desinunt
1633 3054 2128 3114 admiranda.Per.

554 3197 611 3236 in
650 3196 769 3236 mus
808 3195 1059 3235 AUGUSTI.
1090 3209 1155 3220 -
1188 3178 1337 3250 (447)
1368 3195 1593 3235 smus
1632 3196 1817 3235 SANC‘II
1859 3180 2062 3253 Insun-

1046 3285 1121 3323 Τιι
1180 3279 1208 3310 ³
1251 3284 1525 3325 MARTYBIS
1537 3312 1550 3327 .

552 3394 707 3449 Beati
737 3392 980 3449 Tiburtii
1007 3407 1136 3461 nos,
1177 3391 1437 3457 Domine,
1491 3393 1731 3447 foveant
1786 3394 2133 3450 continuata

480 3482 778 3557 prmsidia,
806 3481 951 3554 quia
976 3496 1093 3536 non
1132 3479 1362 3535 desinis
1413 3481 1709 3553 propitius
1740 3481 1951 3537 intueri
1983 3499 2133 3555 quos

480 3570 701 3628 talibus
728 3570 959 3626 auxiliis
977 3569 1339 3626 concesseris
1364 3569 1809 3640 adjuvari.Per.

554 3660 734 3732 Super
763 3659 990 3716 oblata.
1029 3690 1098 3699 —-
1124 3658 1362 3725 Adesto,
1400 3659 1645 3714 Domine
1701 3658 1980 3731 precibus
2032 3675 2137 3732 po-

484 3749 608 3823 puli
630 3750 739 3815 tui,
759 3749 967 3805 adesto
984 3748 1559 3820 muneribus,utquae
1574 3747 1757 3803 sacris
1788 3755 1920 3804 sunt
1944 3749 2139 3805 oblata

485 3839 808 3910 mysteriis,
845 3843 1083 3893 tuorum
1117 3837 1220 3892 tibi
1251 3836 1526 3907 placeant
1551 3836 1972 3893 intercessione
2003 3854 2137 3894 san-

487 3934 743 3983 ctorum.
792 3926 909 3983 Per
937 3923 1258 3980 Dominum
1288 3928 1581 3979 nostrum.

560 4014 864 4084 Praefatio.
895 4044 961 4054 --
984 4014 1126 4068 Vere
1143 4012 1391 4084 dignum
1421 4017 1476 4068 et
1501 4014 1727 4083 justum
1758 4018 1865 4078 est,
1899 4030 2139 4085 aequum

486 4108 547 4160 et
572 4103 855 4166 salutare,
882 4117 990 4156 nos
1021 4100 1121 4155 tibi
1138 4116 1375 4172 semper
1395 4101 1690 4174 etubique
1702 4102 1921 4174 gratias
1940 4117 2134 4173 agere,

487 4193 735 4249 Domine
759 4197 984 4255 sancte,
1013 4190 1191 4247 Pater
1246 4188 1649 4261 omnipotens,
1681 4198 1897 4247 mterne
1930 4194 2083 4247 Deus
2122 4206 2135 4246 :

485 4280 591 4352 qui
620 4281 768 4334 dum
790 4278 946 4333 beati
975 4278 1214 4333 Tiburtii
1248 4279 1447 4334 merita
1477 4278 1731 4350 gloriosa
1760 4295 2138 4349 veneramur,

487 4368 633 4442 (448)
648 4366 934 4424 auxilium
949 4367 1125 4423 nobis
1148 4372 1262 4422 tua;
1292 4368 1674 4438 protectionis
1705 4368 1912 4425 adfore
1936 4369 2143 4440 depre-

486 4474 716 4529 camur,
753 4458 901 4530 (449)
931 4458 1205 4529 quoniam
1238 4458 1536 4513 credimus
1564 4474 1675 4514 nos
1696 4474 1802 4532 per
1824 4475 2031 4515 eorum
2058 4459 2144 4514 in-
2174 4464 2222 4524 D

487 4549 903 4603 tercessionem
932 4548 1035 4618 qui
1060 4545 1156 4601 tibi
1184 4545 1455 4616 placuere
1492 4553 1876 4618 peccatorum
1922 4554 2144 4604 nostro-

487 4651 623 4693 rum
653 4635 891 4691 veniam
918 4637 1250 4708 impetrare.
1277 4638 1379 4690 Per
1396 4636 1711 4692 Christum.

560 4725 651 4780 Ad
681 4724 1098 4796 Complendum.
1126 4756 1197 4769 -—
1230 4723 1624 4796 Sumpsimus,
1653 4725 1907 4791 Damine,
1930 4725 2145 4797 pignus

491 4815 916 4886 redemptionis
941 4819 1175 4871 aeternae
1205 4830 1217 4870 :
1248 4814 1323 4869 sit
1347 4815 1541 4885 nobis,
1571 4830 1929 4887 quaesumus,
1971 4814 2141 4870 inter-

493 4904 763 4960 veniente
789 4905 966 4960 beato
1015 4903 1277 4959 Tiburtio
1326 4912 1587 4977 martyre
1629 4909 1748 4968 tuo,
1814 4906 1963 4977 (450)
2010 4903 2144 4960 vitae

492 4992 793 5067 praesentis
834 4992 1105 5049 auxilium
1132 4993 1351 5066 pariter
1380 5000 1436 5049 et
1467 4991 1706 5050 futurae.
1745 4992 1886 5051 Per.

563 5155 591 5185 ι
624 5143 682 5198 In
732 5142 969 5201 Kalend.
1009 5143 1173 5200 Rom.
1235 5142 1453 5197 additur
1486 5158 1498 5198 :
1531 5143 1633 5199 Die
1692 5142 1836 5212 SS.,
1891 5142 1993 5197 hoc
2036 5147 2140 5209 est,

494 5231 659 5296 supra
690 5218 895 5296 scripta
916 5232 934 5296 :_
955 5215 1160 5296 Natat.
1189 5214 2003 5296 sanctaSusannzpie‘vero
2024 5231 2139 5285 seq.

491 5284 663 5399 legito
698 5303 708 5341 :
738 5284 846 5373 ‘Die
876 5289 942 5342 12
985 5286 1156 5340 Mens.
1197 5288 1327 5367 Aug.
1360 5284 1536 5339 Natat
1597 5289 1783 5340 sancti
1812 5285 2039 5373 Eupli.‘
2084 5284 2118 5365 ς

623 5359 681 5412 In
713 5360 957 5422 Lalensn,
981 5358 1310 5429 presbyteri.
1344 5357 1430 5429 lt_a_
1449 5373 1663 5427 quoque
1686 5356 1890 5429 legitur
1918 5374 1973 5411 in
1996 5353 2141 5429 ludit.

493 5429 853 5496 Pamel.,sed
889 5425 1214 5498 presbyteri
1280 5425 1620 5482 desideratur
1682 5425 1918 5485 in'Cod.
1992 5428 2134 5499 Reg.

496 5501 814 5627 sufijenset
843 5564 1124 5637 Pamelius
1162 5563 1267 5637 hoc
1326 5563 1563 5637 ofﬁcium
1629 5569 1684 5620 et.
1747 5581 1980 5637 sequens
2040 5585 2145 5623 non

493 5655 617 5698 esse
646 5638 819 5698 sancti
847 5636 1114 5712 Gregorii,
1170 5636 1301 5694 licet
1341 5635 1601 5712 Gregorio
1657 5652 1781 5694 esse
1827 5635 2144 5710 vetustiora,

2238 1843 2421 1893 stum.

2307 1924 2391 1980 Ad
2420 1924 2869 1993 Complendum.
2883 1956 2949 1966 —
2975 1924 3500 1983 Sacramentorum
3516 1929 3894 1998 tuorum,Do-

2240 2014 2421 2079 mine,
2436 2012 2785 2068 communio
2802 2020 3043 2086 sumpta
3061 2030 3168 2069 nos
3185 2015 3390 2078 salvet,
3409 2023 3466 2073 et
3488 2018 3895 2075 intercedente

2244 2104 2417 2159 beato
2449 2101 2762 2175 Hippolyto
2786 2108 3048 2175 martyre
3080 2110 3197 2175 tuo,
3229 2106 3287 2160 in
3315 2110 3430 2162 tua;
3468 2108 3721 2163 veritatis
3759 2107 3898 2164 luce

2242 2191 2571 2248 conﬁrmet.
2605 2191 2744 2248 Per.

2313 2314 2407 2353 ιιι
2445 2313 2728 2353 KALENDAS
2767 2313 3118 2354 SEPTEHBRIS.
3147 2329 3217 2343 —-
3242 2316 3463 2357 NATALIS
3501 2317 3691 2357 SANCTI
3730 2317 3826 2356 EU-

2738 2403 2873 2442 ssau
2913 2385 2943 2428 b
2996 2402 3362 2445 CONFESSOBIS
3375 2434 3388 2448 .

2318 2494 2489 2557 Deus,
2512 2492 2614 2565 qui
2646 2508 2756 2548 nos
2787 2492 2936 2548 beati
2951 2494 3185 2550 Eusebii
3212 2496 3563 2553 confessoris
3590 2495 3671 2551 tui
3694 2512 3901 2552 annua

2244 2582 2618 2637 solemnitate
2646 2581 2816 2650 122
2835 2581 3117 2652 laatiticas,
3142 2584 3401 2639 concede
3415 2582 3695 2655 propitius
3720 2590 3779 2639 ut
3800 2599 3899 2639 cu-

2239 2672 2340 2743 jus
2368 2669 2636 2726 natalitia
2656 2671 2922 2737 colimus,
2956 2685 3062 2743 per
3086 2672 3215 2743 ejus
3246 2672 3323 2727 ad
3372 2679 3427 2729 te
3459 2672 3732 2746 exempla
3760 2688 3899 2745 gra-

2243 2761 2504 2816 diamur.
2540 2759 2673 2815 Per.

2314 2849 2503 2916 Super
2540 2846 2828 2903 oblata.—
2860 2846 3070 2902 Laudis
3110 2852 3250 2915 tuas,
3283 2849 3551 2915 Domine,
3611 2848 3892 2906 immola-

2242 2953 2378 2993 mus
2399 2936 2633 2991 Hostias
2651 2935 2706 2990 in
2721 2941 2959 2991 tuorum
2973 2938 3543 2994 commemoratione
3559 2942 3895 2993 sanctorum

2240 3026 2462 3099 quibus
2479 3041 2588 3080 nos
2610 3030 2666 3079 et
2692 3025 3077 3095 praesentibus
3096 3027 3232 3082 exui
3261 3026 3433 3083 malis
3459 3026 3820 3083 conﬁdimus
3834 3031 3897 3084 et

2162 3104 2207 3166 Ο
2240 3115 2474 3172 futuris.
2501 3115 2602 3169 Per
2624 3113 2965 3169 Dominum.

2310 3203 2609 3272 Praefatio.
2642 3234 2710 3242 —
2732 3205 2870 3257 Vere
2889 3202 3140 3273 dignum
3167 3209 3222 3259 et
3238 3205 3462 3277 justum
3509 3210 3615 3269 est,
3644 3221 3892 3277 aequum

2240 3299 2297 3350 et
2313 3292 2588 3359 salutare,
2615 3307 2723 3347 nos
2741 3291 2844 3346 tibi
2866 3308 3107 3363 semper
3126 3299 3182 3349 et
3210 3295 3425 3366 ubique
3447 3284 3667 3363 gratias
3691 3309 3893 3363 agere,

2239 3381 2490 3439 Domine
2512 3380 2904 3446 sancte,Pater
2931 3383 3331 3453 omnipotens,
3357 3389 3572 3438 aeterne
3604 3386 3755 3438 Deus
3790 3399 3802 3438 :
3838 3388 3901 3438 et

2240 3470 2619 3528 clementiam
2634 3477 2796 3525 tuam
2816 3471 3020 3541 pronis
3043 3472 3683 3543 mentibusimplorare,
3710 3477 3772 3527 ut
3790 3486 3901 3543 per

2245 3560 2401 3617 beati
2434 3559 2669 3615 Eusebii
2682 3558 3042 3615 confessoris
3059 3560 3141 3615 tui
3164 3560 3667 3626 intercessionem,
3693 3560 3899 3617 saluti-

2243 3649 2430 3705 feram
2461 3648 2521 3703 in
2542 3647 2759 3702 nostris
2788 3646 3086 3702 mentibus
3109 3647 3313 3704 ﬁrmes
3335 3648 3729 3705 devotionem.
3744 3650 3898 3705 Con-

2245 3738 2546 3809 cedasque
2579 3742 2641 3791 ut
2665 3737 2810 3792 sicut
2840 3742 2892 3791 te
2924 3736 3113 3792 solum
3144 3737 3442 3793 credimus
3472 3745 3806 3801 Auctorem,
3838 3745 3901 3794 et

2245 3841 2598 3882 veneramur
2611 3824 3094 3890 Salvatorem,sic
3119 3824 3177 3880 in
3202 3832 3551 3898 perpetuum
3577 3827 3626 3896 ej
3638 3826 3902 3884 usinter—

2246 3921 2425 3970 ventu
2446 3912 2780 3968 habeamus
2810 3913 3166 3984 adjutorem.
3196 3915 3301 3971 Per
3323 3914 3645 3972 Christum.

2317 4005 2403 4060 Ad
2428 4003 2850 4072 Complendum.
2884 4033 2955 4044 —
2975 4003 3173 4060 Sancti
3205 4004 3430 4059 Eusebii
3460 4004 3725 4061 natalitia
3745 4003 3900 4060 cele-

2247 4095 2504 4159 brantes,
2537 4091 2835 4164 supplices
2867 4098 2941 4156 te,
2975 4092 3247 4159 Domine,
3264 4093 3677 4165 deprecamur,
3705 4093 3902 4150 uthoc

2247 4183 2405 4239 idem
2439 4180 2612 4238 nobis
2638 4181 3265 4253 semperindulgsntiae
3278 4198 3465 4239 causa
3496 4184 3569 4238 sit
3593 4190 3651 4239 et
3666 4182 3899 4238 salutis.

2250 4274 2375 4329 Per.

2322 4376 2503 4416 nonan
2566 4376 2670 4415 me.
2733 4358 2883 4431 (454)
2914 4371 2939 4401 c
2968 4374 3177 4415 VlGlLlA
3214 4376 3610 4416 assumenosis
3677 4376 3903 4416 saxeus

2964 4464 3146 4503 MARIE
3160 4494 3172 4506 .

2326 4540 2498 4604 Deus,
2525 4537 2629 4610 qui
2649 4536 2992 4607 virginalem
3015 4537 3217 4593 aulam
3245 4538 3434 4594 beatae
3461 4538 3671 4603 Marias,
3699 4537 3757 4593 in
3784 4551 3913 4608 qua

2252 4626 2784 4697 habitares,eligere
2798 4626 3080 4695 dignatus
3098 4626 3296 4693 est,da
3312 4643 3693 4699 quaesumus,
3717 4631 3779 4680 ut
3794 4641 3913 4681 sua

2253 4733 2363 4773 nos
2393 4716 2729 4771 defensione
2760 4714 3022 4770 munitos
3050 4714 3346 4785 jucundos
3374 4716 3517 4779 (455)
3572 4715 3746 4771 faciat
3775 4729 3912 4771 sum

2252 4806 2533 4861 interesse
2554 4802 2872 4859 festivitati.
2910 4804 3018 4868 Qui
3049 4804 3199 4859 vivis
3232 4811 3541 4877 etregnas.

2324 4894 2511 4962 Super
2533 4893 3051 4960 oblata—Magna
3070 4898 3155 4947 est
3172 4891 3440 4958 Domine,
3476 4891 3638 4965 apud
3653 4890 3914 4947 clemen-

2254 4982 2401 5039 tiam
2429 4987 2591 5037 tuam
2620 4981 2720 5035 Dei
2749 4979 3056 5035 Genitricis
3085 4981 3295 5045 oratio,
3339 4996 3527 5053 quam
3562 4979 3786 5036 idcirco
3826 4978 3909 5036 de

2253 5131 2544 5189 verisimile
2574 5130 2679 5203 ipsi
2709 5129 3153 5203 videatur.VSane
3209 5136 3428 5203 exstant
3477 5130 3532 5186 in
3571 5129 3711 5188 Cod.
3750 5132 3902 5203 Reg.

2257 5208 2449 5269 Suec.,
2482 5203 2535 5257 in
2565 5201 2792 5273 utroque
2823 5201 3064 5273 'l‘lieod.,
3129 5202 3183 5256 in
3250 5202 3499 5272 Geznet.,
3558 5209 3697 5267 etc.,
3740 5201 3916 5256 etiam

2254 5277 2357 5330 sub
2379 5274 2811 5343 Assumptwnis
2863 5274 3039 5327 titulo.
3100 5274 3327 5329 Notatur
3358 5275 3461 5328 hoc
3509 5273 3663 5327 modo
3719 5274 3772 5325 in
3802 5273 3918 5327 Ka-

2254 5348 2397 5402 lend.
2436 5349 2593 5401 Hom.
2638 5368 2649 5400 :
2684 5346 2792 5400 Die
2815 5346 2878 5398 15
2902 5359 3087 5401 mens.
3128 5346 3278 5416 Aug.
3313 5344 3603 5401 Solemnia
3651 5344 3724 5400 de
3754 5346 3919 5399 Pau-

2252 5418 2469 5474 sutione
2494 5424 2703 5472 sancta
2718 5416 2948 5472 Mariae.
2984 5416 3080 5470 Ubi
3124 5433 3337 5488 quoque
3357 5417 3672 5488 assignatur
3697 5416 3916 5488 Evang.

2252 5490 2493 5545 intravit
2521 5491 2691 5544 .lesus
2720 5489 2782 5543 in
2820 5488 3120 5558 quoddam
3146 5486 3382 5544 bastell.
3434 5486 3672 5543 Consule
3708 5486 3924 5543 doctis-

2255 5560 2378 5618 simi
2408 5562 2573 5618 Joan.
2610 5560 2899 5616 Frontonis
2924 5566 3084 5616 notas
3111 5558 3181 5615 ad
3210 5560 3357 5615 hunc
3383 5558 3592 5621 locum.
