4086 6198
218 256 306 334 433
1369 184 1596 308 LIBER
1633 228 2289 303 SACRAMENTORUM
2712 193 2725 198 ³
2966 236 2973 245 ·
3429 232 3542 293 134

221 391 434 476 presenti
458 385 661 446 seculo
686 381 1034 442 transtulisti
1063 386 1127 438 ut
1149 396 1255 476 pro
1285 378 1542 476 peccatis
1565 373 1784 476 nostris
1816 377 1864 441 Α
1918 366 2510 476 .mAdComp'lendum.
2568 396 2639 476 :—
2676 367 2891 476 Mensas
2934 362 3191 476 cmlest'i‘s
3216 362 3545 476 participes

221 454 339 562 ἕξ)υά
360 490 402 539 te
416 474 745 536 ﬁducialiter
782 470 1265 529 intercedat.Per
1295 468 1576 526 eumdem
1600 465 1783 523 Domi-
1896 455 2106 562 effecti,
2139 456 2520 562 implorarmus
2545 454 3115 562 p‘le'mneiitiamtuam
3131 454 3374 509 Domine
3387 454 3546 562 Deus

1899 550 2117 607 noster,
2147 551 2207 599 ut
2235 546 2338 616 qui
2370 544 2519 598 festa
2543 542 2644 597 Dei
2676 542 2979 597 Geuitricis
3010 542 3264 597 colimus
3286 556 3323 596 a
3370 540 3546 596 malis

368 650 773 724 complendum,
823 679 893 689 _
941 645 1164 703 ραιθειί
1222 660 1465 700 munere
1520 643 1784 710 satiatos,
1897 633 2349 724 imminentibus
2383 631 3405 702 ejusintercessionibusliberemur.
3438 629 3547 685 Per

218 722 515 821 omnipotens
535 746 702 805 Deus,
737 744 840 794 tua
875 753 985 792 nos
1034 736 1393 808 protectione
1425 732 1674 798 custodi,
1733 738 1791 789 et
1898 722 2200 821 θυξῐξξίεω·

215 836 498 900 castimonia:
520 845 730 903 pacem
758 827 1060 882 mentibus
1086 823 1302 879 nostris
1332 827 1509 893 atque
1533 822 1789 893 corpori-

214 934 299 988 bus
321 921 681 982 intercedente
712 917 890 972 beala
911 914 1117 979 Maria,
1148 912 1505 984 propitiatus
1526 910 1787 980 indulge,

212 1025 258 1076 ut
279 1016 501 1073 veniente
545 1021 771 1079 sponso
812 1002 953 1059 Filio
1000 1008 1103 1058 tuo
1155 1000 1487 1071 Unigenito,
1528 997 1791 1055 accensis

210 1101 541 1176 lampadibus,
582 1097 715 1167 ejus
737 1093 916 1164 digne
970 1089 1382 1164 prastolemur
1442 1104 1782 1145 occursum.

212 1192 419 1263 Quivivit
440 1194 492 1244 et
514 1188 727 1254 regnat
746 1184 902 1237 Deus
927 1181 989 1235 in
1022 1180 1251 1236 unitate
1280 1177 1534 1250 Spiritus
1579 1176 1790 1233 sancti.

258 1283 464 1338 Alia.-~
485 1274 775 1341 Concede,
805 1270 1143 1326 misericors
1173 1268 1348 1333 Deus,
1381 1266 1795 1337 fragilitatino-

1970 809 2119 865 Alia.
2147 839 2214 850 —
2238 809 2474 879 Porrige
2514 808 2709 872 nobis,
2742 806 3011 872 Domine,
3029 804 3335 862 dexteram
3358 810 3545 873 tuam,

1898 903 1956 954 et
1983 914 2086 970 per
2124 897 2608 955 intercessionem
2629 897 2819 952 beatae
2831 894 3174 965 etgloriosae
3191 909 3547 967 semperque

1901 987 2149 1056 virginis
2172 986 2476 1042 Geuitricts
2506 987 2702 1042 Mariae
2737 984 3017 1041 auxilium
3073 984 3244 1039 nobis
3272 999 3547 1055 superum

1900 1076 2132 1131 virtutis
2162 1076 2456 1149 impende.
2484 1075 2602 1132 Per
2630 1072 2925 1129 eumdem.

2044 1180 2116 1218 XV
2128 1179 2405 1219 KALENDAS
2437 1177 2801 1218 SBPTEIBRIS.
2834 1191 2903 1200 -
2948 1176 3175 1215 NATALIS
3203 1174 3393 1217 SANGTI

2437 1267 2647 1307 AGAPI'I'I
2677 1250 2705 1292 ιι
2733 1265 3030 1305 λωιτγιιιε.

1977 1340 2124 1414 (460)
2158 1340 2359 1397 Sancti
2387 1341 2666 1411 martyris
2690 1339 2775 1395 tui
2804 1338 3041 1410 Agapiti
3061 1339 3271 1395 merita
3286 1355 3414 1394 nos.
3448 1342 3556 1395 Do-

1906 1431 2086 1501 mine,
2113 1428 2287 1501 124
2309 1432 2573 1501 pretiosa
2597 1433 2891 1492 tueantur,
2913 1429 2975 1482 in
3020 1427 3259 1499 quibus,
3299 1433 3411 1483 tuae
3436 1428 3555 1483 Ma-

207 1517 304 1606 sltris
317 1541 707 1617 iniquitatibus
734 1551 1142 1606 resurgamus.
1161 1534 1278 1593 Per
1298 1532 1600 1590 eumdem.
1900 1518 2132 1617 ξθῗίὸξίε
2146 1532 2331 1617 ορίῗτςι
2346 1518 2761 1617 ἓτωάίοθξίθεν
2780 1520 2837 1573 εἴ
2852 1532 3114 1588 Ρτωεθηε
3141 1517 3438 1589 capiamus
3454 1517 3556 1573 ad"

252 1638 376 1693 Alia.
395 1606 459 1676 ί-
485 1628 777 1691 Concede,
806 1641 1175 1699 quaesumus,
1226 1623 1598 1695 omnipotens
1647 1622 1798 1679 Deus
1900 1607 2188 1699 jmf’l‘ium
2209 1606 2583 1699 8§_flllurum-
2609 1606 2747 1699 Ber-

203 1728 260 1784 ad
279 1727 439 1782 beata:
453 1721 647 1777 Marius
666 1694 907 1788 semper
918 1712 1165 1784 virginis
1187 1711 1412 1783 gaudia
1436 1716 1657 1767 aeterna
1669 1727 1799 1783 per-
1831 1731 1876 1790 Β
1910 1787 1918 1794 _
1974 1696 2392 1794 δξιρεῖηορίαςα
2419 1725 2487 1735 ·-’
2509 1695 2773 1794 ξυὲοίῼθιτ
2825 1694 3110 1794 Domine».
3135 1709 3408 1762 munera:
3431 1711 3558 1794 qui?

201 1819 376 1886 tingere
391 1812 458 1868 de
486 1810 661 1879 cujus
680 1822 790 1862 nos
803 1783 1145 1860 veneranda
1157 1801 1793 1874 Assumptionetribuis
1831 1783 1873 1790 '
1904 1787 1966 1886 ίξξ
1991 1785 2043 1857 θ]
2055 1783 2242 1840 “subi
2268 1783 2642 1886 30.1991???“
2672 1783 2991 1886 deirimES
3017 1784 3111 1880 (⁵9]
3123 1799 3191 1838 ιιε
3230 1799 3340 1839 n05
3374 1783 3560 1840 conﬁ'

199 1871 357 1962 annua
375 1871 740 1958 solemnitate
762 1892 1044 1966 gaudere.
1090 1891 1224 1949 Per.
1370 1871 1387 1874 ⁷
1905 1874 2092 1929 dimus
2116 1873 2447 1944 patrocinio
2476 1871 2737 1927 liberari.
2771 1871 2873 1925 Per
2901 1871 3235 1927 Dominum.

1974 1964 2082 2020 Ad
2113 1961 2547 2031 Complendum.
2567 1990 2630 2000 —
2652 1960 3562 2032 Protegat,quaasumus_Domine

1907 2054 2194 2126 populum
2220 2059 2388 2106 tuum
2418 2055 2477 2105 et
2497 2049 2875 2123 participatio
2905 2051 3410 2106 cmlestisindulta
3427 2066 3567 2106 con-

1907 2143 2046 2197 vivii
2075 2147 2132 2197 et
2157 2140 2495 2211 deprecatio
2514 2140 2731 2194 collata
2742 2146 3103 2195 sanctorum.
3123 2138 3238 2197 Per
3256 2139 3567 2195 Dominum

1908 2237 2209 2288 nostrum.

1980 2335 2035 2374 ιι
2060 2333 2344 2374 summa
2373 2331 2724 2373 SBPTEIBRIS.
2769 2346 2840 2356 —
2894 2330 3120 2372 unus
3176 2318 3363 2373 smc'ri
3412 2332 3568 2374 mio-

2514 2421 2643 2462 ἸἮΕΙ
2660 2421 2956 2461 HARTYRIS.

210 1379 310 1429 stre
329 1366 677 1442 praesidium,
704 1368 767 1416 ut
797 1360 901 1432 qui
945 1364 1165 1414 sancta:
1201 1357 1302 1412 Dei
1360 1356 1657 1413 Genitricis
1707 1370 1793 1411 re-

206 1462 362 1535 quiem
375 1455 756 1514 celebramus,
789 1446 1220 1504 intercessionis
1245 1445 1375 1516 ejus
1395 1445 1613 1500 auxilio
1642 1460 1678 1500 a
1694 1459 1796 1499 no-

312 2025 461 2097 123
487 2039 633 2078 xvm
686 2033 967 2075 KALENDAS
1025 2031 1373 2071 serraunais.
1410 2045 1475 2056 —
1501 2013 1654 2087 (456)

464 2134 764 2176 ABSUMPTIU
789 2131 1005 2171 SANCTAB
1028 2131 1216 2169 HARUB
1236 2129 1495 2171 VIRGINIS.

249 2233 372 2301 (£37)
400 2226 750 2290 Veneranda
780 2222 1252 2293 nobis,Domiue,
1276 2223 1456 2293 hujus
1472 2227 1558 2279 est
1584 2222 1700 2278 diei
1725 2222 1803 2278 l‘e-

201 2322 382 2377 stivitas
404 2322 458 2374 in
489 2334 605 2389 qua
638 2321 845 2371 sancta
868 2313 969 2367 Dei
1010 2313 1284 2367 Genetrix
1331 2316 1575 2385 mortem
1621 2312 1800 2367 subiit

200 2412 521 2481 temporalem
546 2421 663 2461 nec
701 2409 900 2458 tamen
926 2399 1133 2456 mortis
1153 2400 1408 2455 nexibus
1430 2400 1684 2472 deprimi
1702 2416 1803 2472 po-

202 2500 291 2554 tuit
303 2514 416 2569 quae
435 2495 646 2551 Filium
674 2500 845 2547 tuum
867 2491 1189 2545 Dominum
1220 2494 1489 2544 nostrum
1516 2489 1589 2544 de
1623 2505 1687 2544 se
1712 2505 1807 2561 ge-
1985 2496 2282 2553 Auxilium
2304 2501 2473 2553 tuum
2497 2496 2698 2560 nobis,
2731 2495 3569 2569 nomineaumsummmmm.

201 2591 301 2644 nuit
318 2591 682 2643 incarnalum
710 2581 817 2647 Qui
849 2586 1045 2636 ῑθουω
1078 2578 1223 2634 Vim
1243 2584 1296 2633 εἴ
1324 2586 1535 2649 [δίζηαι
1556 2579 1732 2646 Deus,
1915 2592 2010 2643 tus
2042 2585 2315 2658 impende
2335 2592 2392 2641 et
2413 2585 2810 2642 intercedente
2845 2585 3024 2639 beato
3071 2584 3373 2640 Timotheo
3423 2600 3567 2641 mar-

250 2676 341 2735 Ad
361 2675 615 2733 Missam.
642 2668 1111 2726 —Famulorum
1142 2674 1371 2723 tuorum
1409 2669 1662 2725 Domine
1708 2668 1807 2724 de-
1915 2680 2039 2747 tyre
2070 2682 2171 2730 tuo
2187 2674 2495 2731 dexteram
2529 2689 2707 2747 super
2738 2689 2850 2730 nos
2882 2682 2990 2729 tua;
3021 2672 3458 2746 propitiationis
3471 2690 3568 2731 ex-

197 2766 316 2822 lictis
340 2766 599 2836 ignosce,
627 2767 683 2818 et
699 2760 799 2833 qui
820 2758 1054 2831 placere
1085 2773 1158 2812 ce
1185 2757 1418 2813 actibus
1446 2759 1663 2814 nostris
1686 2775 1808 2815 non
1916 2766 2108 2821 tende.
2139 2764 2276 2822 Per.

201 2855 449 2919 valemus,
468 2851 783 2910 Genitricis
805 2848 926 2905 Filii
953 2847 1035 2902 tui
1055 2846 1288 2903 Domini
1302 2847 1488 2903 nostri
1530 2848 1809 2904 interces-
1987 2853 2181 2923 Super
2209 2853 2433 2909 oblata.
2464 2854 2803 2925 --Accepta
2832 2852 2932 2909 tibi
2966 2852 3057 2924 sit,
3090 2852 3325 2908 Domine
3369 2867 3569 2909 sacra-

201 2945 335 3002 sione
361 2943 675 2999 salvemur.
702 2939 812 3006 Qui
836 2942 1036 2993 tecum
1094 2937 1257 2991 vivit.

1947 2946 2199 3014 replebis
2227 2944 2451 2999 oblatio
2467 2959 2575 3014 pro
2631 2950 2857 2999 tuorum
2924 2944 3146 2999 honore
3202 2949 3572 3014 sanctorum,

252 3033 409 3103 Super
429 3031 657 3088 oblata.
691 3058 759 3068 —
789 3027 1114 3083 Subveniat
1142 3024 1412 3089 Domine,
1453 3023 1614 3097 plebi
1672 3031 1808 3096 tum,
1856 3099 1888 3105 _
1921 3047 2182 3105 quorum
2220 3047 2282 3087 se
2314 3031 2536 3087 meritis
2566 3031 2905 3102 percepisse
2942 3031 3017 3087 de
3062 3030 3439 3087 tribulatione
3478 3048 3574 3087 co-

198 3121 274 3177 Dei
293 3120 579 3177 Genilricis
618 3119 987 3188 oratioquam
1020 3120 1078 3169 et
1099 3113 1147 3168 si
1171 3130 1274 3185 pro
1303 3114 1637 3170 conditione
1688 3131 1817 3171 car-
1846 3099 1891 3161 Ο
1924 3099 2158 3194 έιιοεοιι
2181 3122 2491 3177 auxilium.
2518 3099 2621 3175 Per
2657 3099 3001 3176 Dominum.

196 3211 268 3264 nis
287 3213 565 3280 migrasse
587 3207 1009 3276 cognoscimus
1037 3205 1098 3259 in
1119 3203 1340 3258 cmlesti
1363 3204 1553 3273 gloria
1574 3205 1732 3276 apud
1761 3211 1814 3261 te
1993 3214 2091 3267 Ad
2120 3211 2548 3281 complendum.
2579 3239 2651 3250 —
2670 3210 2864 3265 Divini
2889 3210 3152 3265 muneris
3166 3209 3438 3280 largitate
3482 3226 3572 3268 sa-

197 3314 284 3369 pro
306 3300 464 3355 nobis
490 3313 668 3355 orare
693 3296 1040 3351 sentiamus.
1062 3294 1170 3349 Per
1209 3294 1481 3349 eumdem
1514 3298 1813 3351 Dominun

197 3396 441 3445 nostrum.

253 3478 510 3550 Prafatio.
540 3508 613 3519 —
642 3477 787 3533 Vere
818 3472 1073 3543 dignum
1097 3477 1153 3527 et
1178 3472 1405 3543 justum
1441 3479 1530 3528 est
1567 3489 1811 3546 aequum

200 3571 241 3622 et
259 3567 492 3625 salutare
519 3583 637 3623 nos
670 3563 772 3621 tibi
795 3576 1032 3633 semper
1056 3566 1113 3616 et
1138 3560 1356 3633 ubique
1386 3561 1611 3632 gratias
1640 3579 1816 3638 agere

203 3656 410 3713 Domine
437 3661 654 3721 sancte,
717 3656 885 3709 Pater
943 3650 1344 3722 omnipotens,
1379 3658 1596 3707 aeterne
1638 3652 1815 3723 Deus,

200 3748 302 3800 ette
325 3745 380 3801 in
404 3742 787 3802 veneratione
818 3755 1123 3796 sacrarum
1155 3739 1450 3810 virginum
1477 3740 1816 3799 exsultanti-

200 3830 291 3888 bus
313 3836 516 3890 animis
544 3833 819 3899 laudare,
850 3829 1201 3885 benedicere
1231 3828 1534 3899 predicare
1562 3847 1576 3885 :

1924 3302 2453 3373 tiati,qumsumus,
2477 3301 2723 3355 Domine
2746 3300 2901 3354 Deus
2951 3307 3172 3366 noster,
3226 3306 3290 3356 ut
3331 3302 3575 3355 interce-

1923 3392 2095 3446 dente
2121 3390 2294 3445 beato
2324 3391 2628 3445 Timotheo
2664 3398 2923 3460 martyre
2971 3395 3087 3458 tuo,
3146 3388 3277 3460 ejus
3332 3405 3571 3462 semper

1926 3478 2375 3554 participatione
2407 3478 2700 3535 vivamus.
2741 3477 2870 3533 Per.

1994 3585 2055 3625 ix
2083 3583 2363 3624 KALENDAS
2389 3581 2750 3622 snpnunnis.
2779 3595 2847 3606 —
2888 3566 3039 3638 (462)
3097 3583 3324 3625 mnus
3381 3583 3569 3624 sum

2353 3667 2379 3698 ο
2406 3670 2811 3710 BARTBOLOIUBI
2868 3671 3145 3711 APOSTOLI.

1998 3747 2374 3819 Omnipotens
2439 3747 2795 3817 sempiterna
2841 3744 3017 3817 Deus,
3077 3746 3175 3816 qui
3223 3745 3405 3817 hujus
3457 3745 3576 3801 diei

1926 3836 2335 3894 venerandam
2368 3842 2757 3906 sanctamque
2804 3832 3069 3889 laetitiam
3119 3835 3279 3889 beati
3327 3834 3579 3906 apostoli

254 3922 747 3995 (458)1nterquas
801 3922 1152 3976 intemerata
1210 3918 1309 3974 Dei
1370 3919 1626 3976 Genitrix
1653 3922 1819 3993 virgo

200 4008 366 4074 Maria,
395 4013 570 4085 cujus
587 4010 1032 4081 Assumptionis
1062 4008 1222 4063 diem
1268 4007 1663 4076 celebramus,
1698 4012 1824 4081 glo-

200 4099 554 4157 riosaeffulsit
596 4119 611 4156 :
645 4099 787 4167 Quae
807 4104 860 4153 et
881 4095 1261 4167 Unigenitum
1292 4104 1460 4153 tuum
1485 4103 1673 4155 sancti
1701 4101 1824 4173 Spi-

199 4188 319 4244 ritus
362 4190 821 4246 obumbratione
849 4188 1125 4258 concepit
1152 4193 1211 4242 et
1244 4186 1596 4257 virginitatis
1632 4189 1823 4259 gloria

202 4287 553 4348 permanente
586 4278 728 4335 huic
747 4275 975 4332 mundo
994 4276 1199 4331 lumen
1216 4283 1499 4332 ueternum
1518 4278 1825 4335 eﬁ’uditJe-

203 4380 311 4422 sum
328 4365 940 4424 CbristumDominum
970 4372 1236 4421 nostrum
1264 4364 1371 4421 Per
1399 4381 1577 4437 quem

1931 3927 2014 3984 tui
2028 3923 2443 3982 Bartholomtei
2493 3922 2802 3978 festiVitate
2853 3924 3128 3989 tribuisti,
3186 3923 3262 3979 da
3307 3923 3579 3979 Ecclesia

1928 4023 2043 4072 tuae
2074 4020 2498 4086 quaesumus,“
2523 4027 2727 4067 amare
2746 4013 2910 4084 quod
2928 4012 3181 4067 credidit
3203 4019 3260 4068 et
3268 4013 3584 4084 praedicare

1932 4109 2097 4178 quod
2119 4102 2316 4158 docuit
2344 4102 2453 4158 Per
2494 4101 2814 4157 Dominum
2837 4109 3131 4157 nostrum.

2005 4188 2181 4260 Super
2212 4187 2427 4244 oblata.
2482 4217 2544 4229 -
2574 4188 2737 4243 Beati
2764 4187 3016 4258 apostoli
3071 4188 3147 4243 tui
3182 4186 3580 4245 Bartbolamaei

1934 4279 2103 4350 cujus
2121 4277 2416 4333 solemnia
2445 4292 2745 4331 recensem
2755 4294 2817 4330 us
2829 4293 3194 4348 quaesumus,
3207 4279 3587 4344 Domine,au-

1933 4369 2074 4424 xilio
2093 4374 2194 4424 tua
2212 4364 2507 4422 beneﬁcia
2530 4365 2850 4438 capiamus,
2882 4381 2989 4438 pro
3012 4382 3136 4438 quo
3187 4368 3292 4423 tibi
3341 4367 3583 4425 Hostias

260 4466 284 4497 ι
306 4458 661 4514 Benedictio.
691 4487 762 4497 —
781 4458 934 4526 (459)
959 4455 1126 4521 Deus,
1149 4455 1255 4527 qui
1284 4470 1390 4526 per
1414 4457 1606 4512 beatas
1629 4457 1825 4513 Mariis
1860 4456 1903 4516 D
1935 4457 2132 4513 laudis
2157 4454 2483 4511 offerimus.

206 4544 416 4616 Virginis
434 4553 685 4619 partum
714 4560 904 4616 genus
920 4544 1247 4599 humanum
1268 4543 1550 4614 dignatus
1572 4551 1663 4602 est
1678 4546 1828 4602 redi-

208 4646 348 4699 mere,
376 4651 485 4692 sua
522 4651 629 4692 vos
648 4634 929 4704 dignetur
977 4632 1387 4688 benedictione
1441 4632 1825 4706 locupletare.

207 4722 382 4780 Amen.
409 4726 675 4798 Ejusque
700 4720 1237 4794 semperetubique
1264 4722 1830 4793 patrociniasentia-

209 4811 285 4876 tis,
309 4828 371 4869 ex
392 4815 483 4885 cuj
494 4831 569 4870 us
600 4814 944 4868 intemerato
980 4816 1143 4866 utero
1169 4821 1473 4868 auctorem
1501 4812 1835 4870 vitasusci-

209 4912 319 4969 pere
342 4905 635 4959 meruistis
653 4904 863 4957 Amen.
896 4898 959 4956 Et
978 4901 1082 4972 qui
1108 4900 1186 4955 ad
1217 4901 1346 4970 ejus
1408 4900 1832 4959 celebrandum

211 4986 547 5048 festivitatem
579 4989 880 5046 hodierna
898 4988 995 5045 die
1023 4988 1252 5044 devotis
1276 4989 1575 5046 mentibus
1625 5008 1837 5050 conve-

210 5076 369 5144 nistis,
401 5078 759 5152 spiritalium
772 5077 1132 5150 gaudiorum
1149 5081 1204 5133 et
1217 5082 1838 5153 mternorumpraamio-

212 5178 319 5220 rum
345 5170 660 5224 vobiscum
679 5183 930 5223 munera
946 5167 1275 5239 reportetis.
1303 5171 1501 5224 Amen.
1523 5171 1691 5227 Ouod
1707 5172 1837 5244 ipse

214 5263 456 5323 prestare
476 5258 780 5328 dignetur.

272 5389 293 5418 ³
322 5383 627 5437 Benedictio
654 5381 775 5437 haec
805 5380 860 5435 in
884 5381 1308 5437 Benedictionaii
1342 5384 1670 5439 continetur.

273 5447 475 5530 "Deest
500 5465 807 5530 martyris,
850 5451 906 5507 in
956 5454 1092 5508 Cod.
1144 5454 1281 5526 Heg.
1340 5454 1579 5511 Sueciie.
1640 5456 1744 5513 Sed
1782 5456 1839 5514 in

220 5526 365 5597 Ρτίιιξᾷ
382 5528 643 5582 Oratione
661 5526 879 5597 legitur.

277 5595 421 5651 °Hoc
451 5597 655 5653 festam
684 5593 952 5652 omittitur
994 5593 1048 5649 in
1114 5595 1348 5654 Kalend.
1412 5596 1593 5664 Rom.,
1632 5597 1691 5655 in
1739 5602 1838 5657 Ca-

224 5657 480 5727 leusietin
503 5670 654 5727 Cod.
691 5670 824 5744 Reg.
860 5669 1026 5726 Suec.
1086 5667 1278 5725 Exstat
1326 5667 1385 5724 in
1430 5657 1674 5741 Gemet.,
1744 5671 1835 5731 ubi

2006 4544 2310 4616 Praefatio.
2345 4574 2399 4585 —
2431 4546 2573 4600 Vere
2593 4544 2844 4614 dignum
2874 4548 2932 4601 et
2945 4545 3176 4615 justum
3232 4550 3321 4600 est
3357 4560 3588 4617 aequum

1940 4640 1993 4692 et
2013 4636 2287 4705 salutare,
2322 4649 2431 4689 nos
2459 4634 2564 4689 tibi
2594 4649 2823 4706 semper
2852 4641 2908 4690 et
2941 4635 3161 4707 ubique
3184 4634 3586 4706 gratiasagere

1941 4726 2181 4782 Domine
2211 4729 2433 4788 sancte,
2463 4722 2638 4779 Pater
2680 4722 3073 4794 omnipotens,
3114 4731 3328 4779 aeterne
3376 4723 3541 4780 Deus
3571 4736 3584 4787 ;

1940 4815 2043 4889 qui
2081 4812 2408 4869 Ecclesiam
2443 4818 2600 4868 tuam
2636 4812 2999 4885 sempiterna
3043 4813 3259 4885 pietate
3285 4814 3434 4885 (463)
3464 4826 3588 4867 non

1941 4902 2165 4958 deseris
2193 4901 2297 4957 sed
2322 4915 2425 4971 per
2453 4897 2657 4955 beatos
2672 4899 2971 4971 opostolos
2989 4905 3120 4955 tuos
3128 4899 3346 4971 jugiter
3362 4900 3586 4966 crudis,

1943 4996 2000 5049 et
2029 4991 2159 5046 sine
2176 4990 2295 5046 ﬁne
2317 4987 2602 5044 custodis.
2638 4989 2740 5044 Per
2760 4987 3063 5045 Christum
3094 4988 3419 5045 Dominum
3488 5002 3595 5045 no-

1946 5087 2152 5138 strum.

2014 5171 2109 5226 Ad
2136 5169 2568 5241 Complendum.
2597 5197 2666 5209 --
2683 5168 3064 5240 Sumpsimus
3083 5167 3331 5225 Domine
3375 5167 3596 5240 pignus

1946 5260 2151 5316 salutis
2180 5268 2427 5325 aeternas,
2453 5258 2813 5313 celebrantes
2830 5264 2991 5314 beati
3008 5258 3418 5315 Bartholomeei
3446 5273 3592 5329 apo-

1947 5385 2136 5441 eodem
2162 5385 2249 5439 die
2272 5384 2422 5455 prius
2446 5384 2657 5456 legitur
2680 5399 2692 5437 :
2721 5384 2862 5449 Nat,
2879 5385 3067 5440 sancti
3087 5382 3360 5442 Audoem'
3381 5381 3599 5456 episco-

1948 5457 2115 5529 pisc.
2154 5452 2629 5529 ttotliouiageiisis,
2697 5473 2752 5510 Vl
2813 5459 3085 5512 Kalendas
3150 5456 3485 5529 Septembris
3535 5452 3599 5506 in

1951 5523 2181 5601 iitroque
2209 5523 2499 5602 Theodfet
2525 5544 2580 5584 in
2611 5530 2818 5586 Gemet.
2842 5530 3158 5602 assignatur
3210 5523 3237 5581 ί
3270 5523 3405 5583 Nat.
3461 5537 3601 5582 san-

1954 5603 2033 5660 cti
2058 5600 2193 5672 Ruﬁ
2218 5600 2529 5675 martyris.
