4092 6200
431 255 546 318 139

1669 254 1932 336 ΞᾼΝΟΤΙ
1972 253 2314 323 GBEGORII
2355 251 2591 324 MAGNl

3725 245 3876 354 ιω.

427 391 763 460 martyrum
794 389 1035 442 tuorum
1049 383 1302 444 Cornelii
1333 391 1390 445 et
1407 388 1688 462 Cypriani
1708 389 2048 446 solemnitati

2182 407 2239 447 xi
2263 407 2546 449 uruanas
2587 407 2875 449 ocrosms.
2910 421 2982 431 —
3017 387 3049 431 1)
3075 401 3284 446 νιαιιιΑ
3339 401 3531 444 sanan
3577 401 3834 442 inmani

426 475 542 533 bus
571 482 708 531 sunt
735 475 946 530 dicata.
983 476 1110 533 Per.

497 565 879 634 Praefatio.—
902 567 1048 620 Nere
1075 565 1327 636 dignum
1355 571 1412 623 et
1425 567 1655 638 justum
1687 572 1795 632 est,
1827 583 2071 640 aequum

429 657 488 710 et
511 653 788 719 salutare,
807 667 919 708 nos
941 653 1048 708 tibi
1069 671 1306 728 semper
1325 663 1383 712 et
1402 657 1618 728 ubique
1630 659 1847 728 gratias
1872 672 2066 726 agere,

426 741 675 797 Domine
703 748 925 808 sancte,
959 743 1124 799 Pater
1177 744 1577 816 omnipotens,
1627 752 1845 801 aeterne
1879 748 2069 801 Deus:

428 829 576 902 (480)
607 836 879 902 tuamque
898 830 962 886 in
989 838 1331 888 sanctorum
1361 841 1598 889 tuorum
1626 834 1869 889 Cornelii
1896 834 2072 889 simul

427 924 484 974 et
503 919 780 991 Cypriani
807 919 1116 976 festivitate
1145 923 1470 992 praedicare
1501 925 1789 991 virtutem,
1823 938 1972 995 quos
1987 922 2072 977 di-

424 1009 614 1063 versis
629 1013 917 1064 terrarum
944 1010 1452 1082 partibus,greges
1474 1027 1676 1068 sacros
1695 1012 1894 1068 divino
1921 1027 2074 1083 pane

427 1103 754 1169 pascentes,
783 1113 904 1154 una
922 1097 1057 1165 ﬁde,
1089 1099 1425 1172 eademque
1441 1099 1538 1155 die
1568 1099 1695 1172 pari
1710 1100 1970 1156 nominis
1993 1099 2075 1155 tui

427 1186 805 1243 confessione
829 1188 1150 1245 coronasti.
1183 1189 1288 1244 Per
1317 1188 1634 1245 Christum.

496 1275 594 1330 Ad
613 1275 1126 1345 Complendum.—
1143 1277 1520 1342 Quaesumus,
1539 1276 2074 1344 Domine,salutari-

424 1362 542 1420 bus
562 1361 767 1434 repleti
793 1362 1114 1433 mysteriis,
1149 1371 1214 1420 ut
1234 1381 1493 1436 quorum
1511 1365 2074 1422 solemniacelebra-

425 1468 563 1509 mus
592 1451 964 1509 orationibus
993 1451 1367 1523 adjuvemur.
1399 1455 1520 1509 Per.

424 1557 542 1597 XVII
570 1555 852 1597 KALENDAS
873 1555 1160 1596 OCTOBRIS.
1181 1573 1249 1582 --
1276 1558 1501 1598 NATALIS
1557 1557 1746 1599 SANGTI
1785 1559 2072 1600 NICOMEDIS

1101 1646 1394 1688 “ARTYRIS.

2810 476 3212 517 EVANGELISTE.

2252 553 2334 608 Da
2372 553 2561 614 nobis.
2626 552 3010 624 omnipotens
3065 547 3240 614 Deus,
3288 550 3354 603 ut
3399 546 3552 602 beati
3589 545 3835 612 Matthzei

2179 643 2433 715 apostoli
2461 643 2543 699 tui
2561 651 2616 700 et
2641 641 3037 712 evangelistze,
3055 655 3238 712 quam
3251 637 3642 711 praevenirnus
3661 650 3835 690 vene-

2177 731 2370 788 randa
2395 732 2762 801 solemnitas,
2785 729 3222 786 etdevotionem
3245 727 3410 782 nobis
3427 731 3644 798 augeat
3665 728 3722 780 et
3744 739 3834 780 sa-

2179 819 2382 878 lutem.
2406 822 2510 878 Per
2551 821 2875 878 Dominum
2907 823 3192 874 nostrum.

2250 919 2428 992 Super
2455 921 2675 976 oblata.
2703 951 2769 960 —
2800 916 2954 988 (482)
3002 913 3314 986 Apostolici
3365 911 3692 968 reverentia
3716 908 3836 966 cul-

2181 1009 2360 1064 trinis
2391 1006 2706 1064 offerentes
2729 1006 2824 1062 tibi
2849 1005 2956 1076 13
2972 1006 3016 1074 ι
3045 1019 3216 1060 sacra
3237 1001 3540 1074 mysteria,
3561 1000 3832 1066 Domine,

2180 1113 2530 1169 quaesumus
2561 1103 2622 1152 ut
2643 1095 2800 1152 beati
2825 1092 3073 1150 Mattlimi
3103 1091 3478 1162 evangelista:
3507 1087 3832 1158 suffragiis,

2180 1185 2352 1256 cujus
2379 1185 2646 1242 natalitia
2676 1185 2974 1258 praeimus,
3005 1181 3252 1254 (483)hic
3281 1180 3448 1251 plebs
3466 1183 3566 1235 tua
3599 1192 3836 1250 semper

2179 1279 2236 1330 et
2261 1291 2372 1330 sua
2404 1281 2540 1331 vota
2563 1275 2898 1346 depromat,
2931 1278 2986 1327 et
3010 1270 3342 1326 desiderata
3396 1265 3702 1341 percipiat.
3730 1265 3834 1321 Per

2179 1364 2492 1420 Dominum
2544 1368 2836 1420 nostrum.

2247 1462 2344 1517 Ad
2369 1462 2798 1534 Complendum.
2829 1490 2903 1501 —
2939 1457 3098 1514 Beati
3147 1455 3398 1512 Mattbaai
3427 1452 3828 1526 evangelista,

2178 1567 2550 1624 qumsumus,
2581 1551 2846 1614 Domine,
2873 1545 3302 1621 supplicatione
3333 1543 3628 1616 placatus,
3658 1547 3715 1597 et
3740 1558 3834 1597 ve-

2177 1640 2343 1696 niam
2371 1641 2537 1696 nobis
2568 1639 2779 1704 tribue,
2807 1643 2866 1694 et
2895 1635 3160 1694 remedia
3193 1634 3534 1704 sempiterna
3556 1631 3828 1688 concede.

493 1719 730 1807 Adesto,
762 1717 1032 1790 Domine,
1075 1720 1298 1792 populo
1327 1728 1448 1788 tuo,
1473 1725 1536 1777 ut
1561 1721 1719 1777 beati
1743 1721 2068 1778 Nicomedis
2101 1759 2147 1820 Β
2178 1731 2288 1785 Per
2317 1729 2637 1786 Dominum
2667 1733 2965 1784 nosti-uin.

422 1795 701 1880 martyris
724 1809 809 1865 tui
827 1809 1036 1870 merita
1065 1809 1878 1882 praeclai'a(481)suscipiens,
1895 1811 2068 1882 130

419 1898 500 1954 ad
523 1897 966 1970 impetrandam
991 1898 1460 1954 misericordiam
1489 1904 1657 1955 tuam
1684 1915 1917 1970 semper
1945 1901 2070 1970 ejus

414 1987 766 2060 patrociniis
793 1988 1172 2056 adjuvemur.
1207 1987 1336 2044 Per.

483 2078 678 2146 Super
707 2075 993 2132 oblata.—
1021 2077 1291 2148 Suscipe,
1329 2077 1600 2147 Domine,
1658 2093 1911 2134 munera
1933 2093 2068 2150 pro-

413 2165 596 2238 pitius
628 2164 856 2229 oblata,
887 2180 1024 2238 quia
1052 2165 1354 2236 Majestati
1380 2171 1499 2222 tum
1526 2167 1686 2222 beati
1727 2165 2064 2223 Nicomedis

412 2256 691 2328 martyris
713 2255 1092 2312 commendet
1117 2257 1328 2313 oratio.
1350 2257 1473 2314 Per.

484 2355 571 2410 Ad
603 2353 1129 2424 Complendum.—
1149 2353 1468 2412 Puriﬁcent
1495 2371 1626 2421 nos,
1658 2355 1928 2423 Domine,
1975 2371 2066 2413 sa-

413 2450 717 2500 cramenta
744 2459 880 2516 quas
909 2443 1301 2516 sumpsimus,
1333 2449 1390 2500 et
1432 2443 1831 2500 intercedente
1881 2444 2062 2501 beato

409 2533 728 2590 Nicomede
750 2538 1011 2605 martyre
1025 2539 1144 2598 tuo,
1163 2548 1198 2589 a
1209 2533 1432 2589 cunctis
1445 2531 1706 2590 efficiant
1719 2533 1874 2589 vitiis
1885 2533 2060 2592 abso-

409 2621 590 2678 lutos.
620 2625 745 2680 Per.

405 2735 507 2778 XVI
526 2735 808 2776 KALENDAS
834 2735 1112 2778 OCTOBRIS.
1142 2752 1210 2762 --
1237 2737 1465 2778 NATALIS
1495 2736 1722 2776 ΒΑΝΟΤιΕ
1773 2737 2055 2777 EUPHEMLE

1077 2826 1377 2866 MARTYRIS.

478 2908 864 2983 Omnipotens
887 2908 1242 2981 sempiterne
1269 2908 1440 2975 Deus,
1473 2907 1576 2982 qui
1607 2908 1839 2964 inﬁrma
1860 2908 2052 2964 mundi

403 2997 592 3072 eligis,
628 3007 690 3056 ut
713 3000 886 3057 fortia
911 3015 1162 3072 quaeque
1187 2999 1543 3066 confundas,
1574 3001 1834 3055 concede
1861 3000 2054 3071 propi-

2246 1826 2604 1896 Μίαν-δη,
2651 1827 2919 1895 Domine,
2947 1825 3158 1880 beatus
3204 1819 3517 1877 Matthaeus
3572 1832 3832 1888 evange-

2175 1916 2311 1974 lista
2352 1921 2568 1972 nostra!
2601 1913 2934 1984 fragilitatis
2965 1913 3224 1983 adjutor,
3278 1915 3338 1965 ut
3362 1924 3471 1982 pro
3520 1907 3690 1964 nobis
3724 1905 3834 1963 tibi

2180 2003 2522 2077 supplicans
2553 2003 2854 2076 copiosius
2873 2001 3168 2058 audiatur.
3202 1999 3330 2054 Per.

2175 2119 2238 2160 XI
2283 2119 2566 2159 KALENDAS
2622 2116 2899 2158 OCTOBRIS.
2935 2129 3008 2142 --
3047 2113 3278 2156 NATALIS
3325 2111 3515 2152 SANCTI

2600 2205 2886 2256 APOSTOLI,
2917 2204 2983 2244 ΕΤ
2999 2200 3400 2244 κνωρειιετε.

2244 2289 2406 2347 Beati
2454 2287 2702 2346 Mattbaei
2757 2285 3160 2357 evangelista,
3216 2283 3486 2348 Domine,
3557 2279 3829 2354 precibus

2173 2379 2548 2450 adjuvemur,
2577 2383 2640 2434 ut
2657 2375 2821 2450 quod
2845 2373 3208 2448 possibilitas
3222 2376 3428 2428 nostra
3442 2385 3564 2426 non
3575 2369 3821 2435 obtinet,

2171 2467 2300 2539 ejus
2329 2467 2504 2523 nobis
2556 2465 2976 2522 intemessione
3027 2463 3303 2520 donetur.
3356 2461 3462 2517 Per
3499 2460 3824 2515 Dominum

2168 2561 2455 2612 nostrum.
3235 2597 3240 2601 .

2235 2653 2657 2723 Super-oblata.
2670 2681 2743 2694 —
2755 2654 2828 2707 Su
2835 2647 3292 2723 pplicationibus
3307 2645 3644 2719 apostolicis
3657 2642 3823 2700 beati

2164 2743 2409 2800 Mattbaei
2426 2742 2826 2812 evangelistse,
2852 2753 3222 2812 quaesumus,
3243 2736 3506 2801 Domine,
3529 2733 3815 2799 Ecclesiae,

2164 2837 2280 2888 tuae
2291 2831 2741 2888 commendetur
2751 2829 2993 2900 oblatio,
3010 2829 3182 2900 cujus
3195 2825 3518 2897 magnificis
3532 2823 3823 2896 praedica-

2163 2920 2422 2978 tionibus
2448 2920 2734 2976 eruditur.
2759 2919 2882 2974 Per.

2234 3019 2537 3089 Prwfatio.
2566 3049 2633 3057 —
2654 3019 2798 3073 Vere
2829 3016 3079 3086 dignum
3107 3019 3163 3070 et
3185 3015 3408 3086 justum
3429 3015 3536 3076 est,
3569 3024 3818 3082 equum

3567 2109 3834 2151 HAITHB).

406 3088 518 3146 tius
553 3096 613 3146 ut
639 3091 742 3163 qui
771 3089 960 3146 beatae
993 3089 1334 3162 Euphemite
1358 3089 1626 3162 martyris
1653 3095 1760 3144 tuae
1776 3088 2049 3146 solemnia

2182 3112 2220 3164 at
2239 3088 2520 3172 salutare,
2537 3123 2647 3163 nos
2667 3105 2769 3162 tibi
2789 3119 3026 3177 semper
3037 3111 3092 3160 et
3115 3104 3336 3176 ubique
3363 3099 3582 3172 gratias
3613 3113 3813 3169 agere,

403 3178 654 3236 colimus
683 3178 812 3250 ejus
844 3179 1011 3251 apud
1035 3185 1088 3234 te
1119 3177 1453 3251 patrocinia
1475 3178 1823 3234 sentiamus.
1853 3179 1976 3234 Per.

470 3275 662 3346 Super
684 3277 983 3334 oblata.—
999 3277 1621 3348 Praesta,qua=.sumus,
1641 3276 1872 3331 Domine
1894 3279 2050 3333 Deus

400 3371 620 3432 noster,
650 3370 712 3420 ut
735 3366 888 3421 sicut
915 3363 977 3420 in
1008 3371 1109 3420 tuo
1138 3369 1463 3437 conspectu
1487 3379 1648 3420 mors
1679 3371 1768 3420 est
1793 3364 2052 3437 pretiosa

401 3460 766 3520 sanctorum,
795 3453 876 3510 ita
906 3469 1115 3510 eorum
1140 3452 1348 3510 merita
1370 3453 1783 3509 venerantium
1805 3461 2052 3527 accepta

398 3543 504 3601 tibi
531 3545 814 3600 reddatur
834 3543 1078 3600 oblatio.
1113 3543 1257 3600 Per.-

469 3643 568 3699 Ad
579 3643 1101 3713 Complendum.—
1116 3641 1596 3710 Sanctiﬁcetnos,
1617 3641 2050 3714 nominaque;-

395 3749 632 3798 sumus,
672 3735 755 3790 tui
805 3733 1107 3806 perceptio
1166 3733 1544 3802 sacramenti,
1588 3737 1643 3790 et
1705 3733 2047 3790 intercessio

393 3822 582 3880 beatae
612 3823 1025 3896 martyris,tuae
1043 3820 1384 3894 Euphemiaa
1399 3822 1504 3878 tibi
1517 3821 1727 3877 reddat
1745 3829 2042 3894 acceptos.

394 3912 524 3968 Per.

463 4022 645 4064 EODEM
673 4024 859 4064 nin.--
888 4021 1118 4063 manus
1161 4021 1480 4062 smc'ronuu
1527 4011 1698 4062 LUCUE
1727 4016 1755 4049 ι
1783 4022 1848 4060 s'r
1889 4022 2046 4062 enui-

1129 4111 1294 4150 ΝιΑΝι.

461 4191 700 4264 Praesta,
717 4193 1268 4267 Domine,precibus
1283 4193 1500 4249 nostris
1513 4209 1648 4248 cum
1665 4193 2044 4250 exsultatione

389 4291 763 4357 proventum,
801 4291 860 4339 ut
874 4299 1134 4356 quorum
1152 4283 1311 4338 diem
1329 4282 1624 4354 passionis
1642 4298 1846 4338 annua
1867 4283 2041 4339 devo-

386 4372 544 4430 tione
572 4373 910 4441 recolimus,
951 4374 1130 4429 etiam
1143 4372 1691 4428 ﬁdeiconstantiam
1721 4371 2039 4446 subsequa-

387 4478 544 4534 mur,
569 4463 698 4518 Per.

292 4628 298 4636 η
459 4559 640 4632 Super
661 4561 942 4617 oblata.—-
977 4560 1120 4616 Vota
1153 4559 1354 4633 populi
1381 4558 1479 4630 tui,
1545 4559 1814 4630 Domine,
1847 4558 2042 4632 propi-

387 4648 566 4706 tiatus
588 4651 919 4716 intende,ut
947 4666 1204 4722 quorum
1237 4665 1348 4704 nos
1384 4647 1592 4704 tribuis
1633 4649 1926 4705 solemnia
1949 4664 2041 4704 ce-

385 4737 640 4808 lebrare,
671 4739 856 4795 facias
883 4738 1145 4808 gaudere
1175 4737 1497 4809 suffragiis.
1536 4737 1662 4794 Per.

453 4838 544 4894 Ad
577 4837 1081 4910 Complendum.—
1113 4837 1362 4904 Exaudi,
1407 4837 1676 4903 Domine,
1709 4851 1914 4908 preces
1937 4852 2040 4894 no-

385 4931 559 4998 atras,
589 4933 655 4984 ut
677 4933 1022 4984 sanctorum
1053 4932 1310 4998 tuorum,
1330 4928 1758 5000 quorumfesta
1771 4927 2040 4982 solemni-

385 5022 472 5075 ter
496 5017 894 5082 celebramus,
917 5015 1216 5073 continuis
1236 5014 1547 5072 foveamur
1568 5013 1962 5072 auxiliis.Per.

450 5176 629 5232 aNon
660 5173 904 5230 meminit
956 5174 1127 5230 sancti
1197 5173 1504 5230 Geminiani
1574 5171 1804 5230 Kalend.
1867 5173 2029 5229 Rom.

380 5247 516 5321 Ejus
547 5256 727 5304 autem
759 5265 954 5302 nomen
987 5249 1342 5321 consignatur
1388 5245 1642 5321 in_ljodd.
1666 5320 1672 5321 γ
1697 5245 1832 5300 Mss.
1867 5254 2030 5321 etiam

381 5317 802 5392 antiquissimis,
835 5323 1026 5386 quales
1058 5317 1184 5372 sunt
1229 5317 1365 5373 βοά.
1433 5317 1570 5388 Reg.
1643 5320 1806 5372 Suec.
1890 5327 1944 5373 et
1974 5318 2032 5372 b1

379 5391 826 5464 quos’l’auielius
855 5391 1146 5464 consuluit.

448 5466 477 5506 ι)
506 5464 584 5519 De
615 5469 715 5517 hac
743 5461 945 5534 Vigilia
970 5460 1191 5534 siletur“
1215 5476 1266 5534 1n
1291 5457 1444 5534 _Eiii_t.
1547 5457 1805 5534 Pamelii_
1841 5466 1903 5534 et
1922 5459 2028 5514 Ka-

378 5533 740 5599 lend.Hom.,
775 5528 1128 5604 antiquisque
1155 5528 1327 5584 Codd.
1404 5531 1516 5604 limo
1577 5529 1630 5584 in
1695 5529 1834 5604 God.
1887 5532 2025 5604 lteg.

379 5606 543 5672 Suec,
576 5613 626 5662 et
655 5609 712 5662 in
741 5606 844 5660 Ms.
899 5601 1114 5658 Caleusi
1163 5605 1370 5656 nullum
1401 5603 1468 5657 de
1519 5609 1710 5658 sancto
1765 5601 2026 5660 Mattbaéo

379 5685 557 5736 exstat
586 5679 844 5734 ofﬁcium.
876 5676 936 5732 In
965 5673 1108 5736 Edit.
1140 5673 1377 5738 Pamelii
1435 5673 1722 5750 reperitur,
1757 5673 1854 5732 sed
1883 5673 2028 5734 intra

2163 3197 2411 3254 Domine
2442 3201 2660 3262 sancte,
2684 3195 2856 3251 Pater
2883 3193 3285 3266 omnipotens,
3334 3197 3551 3246 aeterne
3605 3190 3762 3244 Deus
3795 3204 3810 3242 :

2161 3287 2264 3360 qui
2300 3285 2615 3342 Ecclesiam
2647 3289 2804 3341 tuam
2830 3285 2888 3340 in
2903 3284 3016 3340 tuis
3042 3280 3319 3338 fidelibus
3342 3279 3563 3352 ubique
3588 3277 3817 3350 pollen-

2163 3379 2280 3432 tem
2317 3374 2658 3447 apOstolicis
2697 3373 2840 3430 facis
2867 3379 3140 3428 constare
3188 3369 3472 3426 doctrinis
3518 3383 3532 3434 ;
3569 3373 3814 3440 praesta,

2160 3479 2530 3538 quaesumus,
2556 3467 2618 3519 ut
2637 3479 2743 3535 per
2773 3453 2926 3534 quos
2947 3461 3186 3516 initium
3212 3459 3427 3514 divina:
3453 3456 3816 3527 cognitionis

2160 3553 2406 3626 accepit,
2430 3567 2534 3624 per
2559 3567 2660 3608 eos
2687 3565 2876 3622 usque
2905 3550 2966 3605 in
2996 3549 3179 3604 finem
3209 3545 3410 3603 seaculi
3439 3546 3636 3618 capiat
3660 3545 3813 3617 (484)

2155 3642 2326 3714 regni
2347 3641 2604 3699 caelestis
2629 3645 3039 3710 augmentum,
3078 3638 3188 3692 Per
3201 3634 3520 3695 Christum.

2227 3739 2322 3796 Ad
2339 3738 2762 3810 Complendum.
2791 3769 2844 3778 —
2859 3736 3172 3808 Perceptis,
3189 3735 3460 3800 Domine.
3477 3747 3816 3790 sacramen-

2156 3829 2249 3898 tis,
2282 3829 2457 3885 beato
2487 3828 2760 3884 Matthaeo
2789 3824 3062 3900 apostolo
3113 3829 3217 3880 tuo
3249 3828 3306 3878 et
3333 3821 3696 3894 evangelista
3723 3821 3815 3878 in-

2154 3918 2536 3986 terveniente,
2562 3916 2955 3989 deprecamur
2987 3918 3048 3970 ut
3075 3929 3207 3986 qua;
3235 3928 3344 3984 pro
3370 3912 3495 3984 ejus
3511 3909 3816 3968 celebrata

2153 4013 2293 4063 sunt
2318 4005 2507 4076 gloria
2534 4004 2709 4061 nobis
2742 4003 3056 4077 proﬁciant
3082 3999 3157 4058 ad
3181 3999 3504 4058 medelam.
3533 3999 3665 4056 Per.

2224 4107 2271 4160 A
2285 4103 2384 4161 lia.
2399 4134 2470 4146 —
2482 4103 2635 4174 (485)
2650 4103 2891 4166 Praesta,
2902 4098 3646 4173 quaasumus,omnipotens
3664 4099 3816 4153 Deus

2152 4199 2217 4250 ut
2245 4195 2342 4267 qui
2367 4194 2586 4264 jugiter
2606 4191 2942 4266 apostolica
2973 4189 3316 4246 defensione
3352 4188 3670 4252 munimur,
3697 4202 3816 4243 nec

2153 4283 2547 4339 succumbam
2557 4299 2622 4338 us
2648 4282 2824 4351 vitiis,
2850 4296 2959 4336 nec
2971 4280 3386 4352 opprimamur
3399 4277 3683 4334 adverSis.
3698 4274 3811 4332 Per

2151 4372 2476 4428 Dominum
2517 4377 2814 4428 nostrum.

2168 4458 2172 4463 ’
2646 4483 2816 4524 nassa
2843 4481 2944 4533 vii.
2992 4481 3153 4522 FERIA
3179 4477 3204 4507 ο
3233 4475 3304 4520 iv.

2220 4567 2633 4626 Misericordia:
2662 4572 2778 4622 tuae
2808 4565 3106 4630 remediis,
3127 4577 3500 4635 quaesumus,
3533 4559 3812 4632 Domine,

2149 4658 2434 4730 fragilitas
2480 4665 2680 4713 nostra
2707 4655 3006 4719 subsrstat,
3058 4663 3117 4708 ut
3163 4667 3296 4725 qua)
3328 4666 3442 4706 sua
3465 4651 3813 4706 conditione

2149 4749 2432 4814 atteritur,
2457 4753 2560 4802 tua
2584 4745 2892 4802 clementia
2915 4747 3239 4814 reparetur.
3271 4740 3402 4796 Per.

2217 4844 2377 4901 Alia.
2397 4877 2462 4886 —
2481 4847 2717 4908 Prassta,
2730 4856 3108 4914 quaesumus,
3124 4838 3392 4902 Domine,
3411 4833 3650 4893 familia
3667 4851 3816 4909 sup-

2146 4932 2404 5007 plicanti,
2439 4937 2504 4990 ut
2531 4933 2678 4988 dum
2693 4947 2726 4987 a
2749 4930 2895 4987 cibis
2913 4927 3318 5004 corporalibus
3343 4941 3404 4984 se
3424 4925 3749 4996 abstinent,
3771 4941 3818 4984 α

2145 5022 2298 5080 vitiis
2327 5027 2524 5079 mente
2548 5021 2839 5095 jejunent.
2874 5019 3003 5076 Per.

2144 5171 2374 5242 uncinos
2403 5169 2739 5228 conclusum.
2780 5169 3023 5227 Habetur
3067 5170 3125 5225 in
3154 5174 3385 5242 utroque
3425 5163 3634 5224 Theod.
3665 5161 3816 5224 etin

2144 5241 2434 5388 Gecmztpud
2465 5314 2704 5382 Pamel.,
2745 5314 2799 5370 in
2835 5315 2944 5370 Ms.
2977 5311 3276 5388 Calensiet
3325 5311 3380 5366 in
3437 5309 3560 5388 Kal.
3588 5309 3812 5388 _Rom_.,

2141 5390 2306 5443 statio
2327 5381 2650 5461 assignatur
2679 5381 2755 5442 ad
2784 5392 3036 5442 sanctum
3061 5384 3317 5440 Marium
3337 5401 3356 5450 ;
3381 5383 3560 5461 addit.
3588 5381 3814 5461 Painel.

2139 5455 2652 5532 Maioremprud
2713 5461 2977 5524 eumdem,
3020 5463 3412 5532 consentiente
3437 5455 3589 5532 'Cod.
3647 5455 3802 5532 ltegj.

2139 5524 2324 5598 Suec,
2356 5531 2504 5604 prius
2541 5524 2834 5604 simulatur
2887 5527 3182 5601 liuminica,
3229 5527 3385 5604 cujus
3438 5527 3602 5584 statio
3657 5524 3816 5580 indi-

2137 5604 2278 5664 citur
2305 5603 2380 5660 ad
2408 5609 2682 5662 sanctum
2708 5603 2953 5662 Petrum.
