4092 6200
474 330 591 396 143

1716 323 1981 393 SANC'l‘l
2021 320 2364 390 GREGOBII
2404 320 2638 389 MAGNI

3771 320 3887 390 ιιι

473 482 632 529 rum,
665 468 723 520 et
754 470 908 537 quOs
936 461 1060 534 pati
1088 476 1200 534 pro
1216 464 1314 518 tuo
1344 461 1589 518 nomine
1618 460 1977 532 voluisti,fac
2005 460 2120 518 tuis
2152 474 2201 531 Α
2303 459 2485 530 Super
2514 462 2733 519 oblata.
2769 491 2834 502 —
2864 459 3197 517 Benedictio
3248 463 3370 526 tua,
3406 458 3667 527 Domine,
3714 459 3889 532 larga

472 553 752 610 fidelibus
781 550 1116 621 suffragari.
1146 550 1274 606 Per.

541 652 742 719 Super
775 646 997 705 oblata.
1033 678 1100 689 —
1129 649 1396 721 Anticipa
1426 665 1534 705 nos
1578 648 1989 707 misericordia
2014 664 2119 702 sua

471 739 819 811 priusquam
851 738 1010 793 zelus
1040 738 1141 792 iraa
1163 738 1469 803 desaeviat,
1505 736 1844 792 misericors
1862 736 2039 799 Deus,
2063 740 2121 790 et

467 826 598 883 haec
619 830 782 882 dona
798 825 1123 893 sanctiﬁca,
1140 831 1221 889 ut,
1237 825 1334 896 adj
1346 825 1427 880 uti
1440 825 1780 896 patrociniis
1796 824 2116 890 beatorum,

466 932 707 988 quorum
722 922 962 988 propter
977 920 1028 969 te
1040 914 1283 983 sanguis
1296 912 1522 968 effusus
1536 920 1642 978 est,
1653 929 1759 984 pro
1766 914 2118 986 pitiationem

467 1011 634 1061 tuam
665 1019 803 1060 cum
817 1013 1200 1076 peccatorum
1230 1004 1405 1057 venia
1429 1017 1890 1072 consequamur.
1921 1005 2043 1056 Per.

537 1102 627 1156 Ad
656 1102 1075 1170 Compleudum.
1109 1130 1173 1139 —
1197 1097 2117 1163 Sitnobis,Domine,sacramenti

468 1193 551 1245 tui
581 1198 741 1245 certa
771 1190 1053 1252 Salvatio,
1098 1205 1226 1259 quae
1264 1188 1575 1242 beatorum
1635 1194 1956 1257 martyrum
1993 1194 2117 1241 tuo-

467 1295 602 1335 rum
634 1280 861 1334 Cosmaa
884 1285 939 1332 et
964 1277 1235 1332 Damiani
1267 1277 1488 1331 meritis
1518 1276 1884 1346 imploratur.
1916 1278 2039 1330 Per.

536 1391 599 1432 lll
650 1391 926 1432 KALENDAS
974 1390 1259 1431 OCTOBRIS.
1320 1388 1690 1428 -—DED|CATIO
1729 1384 1754 1413 ⁸
1784 1387 2042 1428 BASlLlCB

1032 1478 1227 1517 BANCTI
1254 1477 1544 1517 MICHAELIS

540 1565 710 1633 Deus,
740 1563 845 1635 qui
872 1562 1020 1618 miro
1040 1560 1245 1616 ordine
1276 1559 1627 1630 angelorum
1653 1557 1988 1625 ministeria,
2012 1558 2115 1614 ho-

465 1654 812 1726 minumque
840 1653 1176 1723 dispensas,
1209 1649 1470 1705 concede
1483 1651 1766 1721 propitius
1797 1656 1857 1703 ut
1887 1648 2111 1720 quibus

462 1741 573 1798 tibi
602 1741 1148 1797 ministrantibusin
1161 1739 1304 1795 cmlo
1327 1753 1565 1811 semper
1588 1738 1898 1803 assistitur,
1926 1736 1999 1793 ab
2020 1738 2112 1793 his

461 1830 523 1886 in
550 1836 702 1887 terra
729 1838 933 1886 nostra
964 1830 1081 1885 vita
1110 1829 1433 1884 muniatur.

533 1928 725 1997 Super
749 1928 968 1983 oblata.
1001 1957 1064 1967 —
1091 1926 1325 1982 Hostias
1352 1924 1458 1980 tibi
1504 1924 1772 1989 Domine,
1800 1924 1995 1981 laudis
2025 1924 2108 1981 of-

459 2016 731 2082 ferimus,
761 2016 1106 2088 suppliciter
1134 2015 1526 2087 deprecantes
1554 2021 1615 2069 ut
1635 2016 1891 2078 easdem,
1924 2029 2109 2084 ange-

460 2105 576 2163 lico
606 2121 715 2178 pro
745 2106 919 2161 nobis
948 2106 1373 2159 interveniente
1404 2103 1708 2173 sutfragio,
1751 2108 1807 2158 et
1840 2103 2110 2175 placatus

461 2195 743 2267 accipias,
766 2199 823 2250 et
845 2193 923 2249 ad
936 2193 1187 2248 salutem
1198 2198 1467 2247 nostram
1485 2192 1797 2263 provenire
1814 2192 2110 2247 concedas

459 2285 570 2341 Per
597 2284 938 2338 Dominum.

531 2380 816 2452 Praelatio.
849 2410 919 2419 —
945 2381 1083 2435 Vere
1099 2378 1351 2450 dignum
1377 2380 1434 2433 et
1446 2378 1678 2449 justum
1708 2381 1812 2447 est,
1866 2393 2108 2449 aequum

461 2475 519 2529 et
540 2472 821 2538 salutare,
846 2484 959 2525 nos
985 2470 1088 2525 tibi
1109 2484 1332 2540 semper
1360 2474 1415 2523 et
1429 2467 1647 2538 ubique
1677 2467 1896 2538 gratias
1907 2482 2105 2537 agere,

459 2561 710 2618 Domine
740 2565 964 2623 sancte,
996 2558 1169 2614 Pater
1197 2556 1602 2628 omnipotens,
1659 2560 1878 2611 aeterne
1909 2556 2062 2612 Deus
2090 2573 2102 2610 :

459 2651 651 2706 sancti
692 2646 983 2704 Michaelis
1021 2646 1363 2716 archangeli
1401 2646 1601 2701 merita
1645 2646 2024 2715 praedicantes
2089 2661 2104 2712 ;

457 2739 726 2809 quamvis
758 2736 917 2792 enim
945 2736 1116 2792 nobis
1138 2736 1211 2791 sit
1234 2734 1431 2791 omnis
1461 2733 1733 2803 angelica
1765 2736 2107 2789 veneranda

458 2828 965 2898 sublimatas,qua3
986 2828 1046 2882 in
1074 2827 1389 2896 Majestatis
1419 2830 1533 2879 tuae
1563 2822 1832 2878 consistit
1860 2838 2106 2894 conspe-

457 2924 576 2983 ctu,
608 2916 711 2973 illa
738 2923 932 2972 tamen
967 2920 1057 2971 est
1080 2917 1439 2987 propensius
1468 2913 1826 2968 honoranda
1879 2928 2016 2984 quas
2044 2913 2105 2967 in

457 3007 585 3077 ejus
605 3005 833 3061 ordinis
860 3005 1146 3074 dignitate
1173 3003 1428 3058 caelestis
1450 3001 1672 3057 militias
1698 3000 1913 3056 meruit
1942 3004 2105 3072 prin-

457 3098 735 3166 cipatum.
758 3094 865 3148 Per
897 3093 1198 3149 Christum
1226 3090 1548 3146 Dominum
1593 3098 1887 3145 nastrum.

2232 548 2571 617 descendat,
2600 567 2730 623 qum
2762 566 3007 607 munera
3025 554 3251 613 nostra,
3282 548 3641 621 deprecante
3680 555 3888 606 sancto

2230 639 2422 695 Marco
2437 640 2776 698 confessore
2797 647 2897 696 tuo
2914 646 3093 712 atque
3113 639 3413 712 pontiﬁce,
3433 640 3536 693 tibi
3555 640 3768 694 reddat
3787 654 3889 695 ac-

2230 735 2419 798 cepta,
2449 733 2504 782 et
2522 728 2688 784 nobis
2715 735 3156 786 sacramentum
3212 727 3638 798 redemptionis
3661 725 3885 785 eﬁciat.

2231 815 2342 872 Per
2371 817 2681 872 Dominum
2713 825 3005 874 nostrum.

2297 913 2394 967 Ad
2421 915 2832 985 complendum.
2860 944 2931 955 —
2961 914 3065 978 Da,
3094 929 3465 985 qumsumus,
3518 914 3786 980 Domine,
3814 913 3885 969 ﬁ-

2229 1000 2457 1056 delibus
2485 1006 2722 1074 papulis
2753 1008 3098 1058 sanctorum
3124 1008 3360 1057 tuorum
3379 1017 3615 1073 semper
3637 1018 3880 1058 venera-

2225 1091 2383 1146 tione
2408 1091 2609 1159 laetari,
2640 1097 2697 1147 et
2726 1108 2934 1148 eorum
2956 1097 3245 1163 perpetua
3294 1090 3718 1163 supplicatione
3749 1108 3880 1147 mu-

2224 1180 2356 1235 niri.
2381 1180 2490 1235 l’er
2523 1182 2860 1237 Dominum.

2224 1285 2407 1324 PRIDIE
2434 1286 2554 1325 ιυυε
2592 1286 2877 1326 OCTOBRIS.
2906 1301 2973 1310 --
2998 1285 3227 1326 NAI‘ALIS
3256 1283 3445 1325 BANCTI
3472 1285 3675 1325 CALlSTl
3698 1285 3872 1325 PAPE.

2298 1357 2473 1421 Deus,
2505 1359 2609 1430 qui
2640 1374 2748 1414 nos
2778 1358 3075 1431 conspicis
3105 1375 3179 1414 ex
3201 1365 3405 1414 nastra
3418 1358 3745 1414 inﬁrmitate
3774 1359 3876 1414 de-

2226 1445 2504 1510 ﬁcere,ad
2518 1463 2786 1502 amorem
2800 1453 2968 1503 tuum
3001 1463 3111 1503 nos
3138 1446 3592 1503 misericorditer
3621 1463 3726 1519 per
3744 1463 3878 1503 san-

2224 1541 2455 1591 ctorum
2484 1540 2720 1591 tuorum
2745 1536 3021 1608 exempla
3049 1541 3336 1591 restaura.
3379 1535 3488 1590 Per
3550 1535 3876 1593 Dominum

2222 1629 2512 1679 nostrum.

2292 1720 2480 1790 Super
2508 1722 2715 1777 oblata.
2749 1723 3082 1794 —Mystica
3120 1721 3313 1786 nobis,
3372 1720 3643 1790 Domine,
3689 1723 3878 1795 prosit

2147 1832 2193 1890 B
2222 1808 2459 1876 oblatio,
2487 1825 2622 1882 qum
2647 1826 2759 1866 nos
2788 1818 2843 1866 et
2872 1828 2907 1866 a
2932 1811 3195 1866 reatibus
3247 1810 3466 1866 nostris
3498 1811 3791 1882 expediat.
3818 1818 3878 1868 et

2221 1905 2511 1971 perpetua
2540 1900 2875 1956 servatione
2897 1900 3228 1957 confirmet.
3247 1900 3370 1956 Per.

2289 1998 2381 2052 Ad
2408 1998 2824 2068 complendum.
2844 2031 2902 2039 —
2920 2000 3668 2072 Qumsumuspmnipotens
3691 1997 3869 2067 Deus,

2217 2094 2285 2142 ut
2330 2094 2560 2142 reatum
2609 2093 2873 2143 nostrum
2912 2103 3162 2144 munera
3192 2096 3421 2145 sacrata
3450 2088 3781 2162 puriﬁcent,
3814 2094 3875 2144 et

2217 2181 2374 2231 recte
2396 2175 2632 2231 vivendi
2660 2175 2827 2232 nobis
2848 2183 3166 2248 operentur
3195 2176 3494 2234 etfectum.
3534 2178 3645 2234 Per
3669 2175 3870 2234 Domi-

2217 2280 2365 2320 num
2395 2272 2678 2321 nostrum.

2358 2408 2431 2449 XV
2460 2409 2731 2449 KALENDAS
2767 2407 3100 2448 NOVEIBRIS.
3136 2422 3206 2433 —
3225 2404 3250 2434 ε
3278 2408 3503 2450 ΜΤΑυε
3529 2408 3712 2451 SANCTI

2820 2497 2970 2537 ιυω
3006 2497 3324 2537 ΕνΑΝιιετΒ

2290 2606 2644 2663 Interveniat
2660 2621 2769 2678 pro
2799 2605 2993 2673 nobis,
3017 2606 3283 2672 Domine,
3308 2607 3865 2679 qumsumusJao

2219 2702 2461 2752 sanctus
2492 2701 2630 2751 tuus
2651 2696 2841 2752 Lucas
2870 2695 3250 2767 evangelista,
3273 2696 3378 2768 qui
3408 2696 3601 2752 crucis
3625 2697 3867 2753 mortiﬁ-

2215 2787 2508 2842 cationem
2532 2784 2753 2856 jugiter
2775 2784 2835 2839 in
2894 2800 3004 2840 suo
3034 2800 3282 2857 corpore
3307 2800 3416 2857 pro
3472 2785 3555 2840 tui
3604 2785 3867 2842 nominis

2214 2874 2440 2931 honore
2463 2874 2741 2947 portavit.
2769 2873 2877 2929 Per
2905 2872 3218 2929 Dominum
3248 2879 3539 2929 nostrum.

2284 3002 2472 3070 Super
2500 2998 2711 3055 oblata.
2745 3029 2809 3039 —
2842 2998 3019 3054 Donis
3040 3013 3150 3053 nos
3174 2997 3533 3070 coelestibus,
3567 2998 3664 3065 da,
3699 3014 3865 3072 qum-

2216 3106 2446 3152 sumus,
2480 3087 2745 3153 Domine,
2778 3087 2957 3143 libera
2982 3091 3176 3142 mente
3207 3088 3441 3153 servire,
3508 3094 3571 3142 ut
3608 3104 3866 3146 munera

526 3192 557 3233 ιι
584 3191 931 3248 Benedictio.
962 3221 1031 3231 -
1062 3194 1239 3256 Deus,
1270 3190 1375 3261 qui
1403 3188 1483 3244 ad
1539 3187 1792 3243 salutem
1832 3193 2104 3243 nostram
2139 3195 2183 3255 ο
2212 3194 2349 3251 qum
2379 3176 3152 3242 deferimus,interveniente
3176 3175 3355 3231 beato
3380 3176 3745 3246 evangelista
3762 3184 3861 3233 tuo

454 3282 808 3353 angelorum
840 3296 1086 3345 suorum
1147 3281 1324 3335 utitur
1355 3276 1700 3341 ministerio,
1757 3292 1967 3331 eorum
1999 3292 2105 3332 vos

454 3373 782 3427 munimine
811 3368 1119 3425 communi
1147 3368 1316 3438 132
1345 3364 2101 3439 (488)0ustodiatcustodia.

453 3468 663 3515 Amen.
687 3461 792 3515 Det
820 3458 990 3513 vobis
1015 3464 1352 3528 mentiump
1372 3457 1666 3521 uritatem,
1687 3459 1746 3509 et
1752 3455 1773 3524 j
1786 3468 1962 3524 ugem
1980 3470 2105 3510 cor-

454 3563 659 3622 porum
672 3549 1019 3613 castitatem.
1036 3545 1142 3618 qui
1161 3561 1370 3602 eorum
1383 3543 1580 3600 electis
1602 3543 1887 3599 omnibus
1903 3559 1966 3599 re
1971 3559 2105 3615 pro-

454 3638 618 3694 misit
636 3636 1059 3711 mqualitatem.
1092 3633 1547 3706 Amen.Quique
1575 3633 1690 3689 illis
1714 3632 2105 3690 certissimam

454 3741 579 3782 sum
608 3726 1042 3799 permansionis
1072 3725 1270 3781 tribuit
1295 3724 1600 3788 ﬁduciam,
1657 3724 1782 3793 ipse
1810 3738 1916 3778 vos
1945 3724 2100 3789 ﬁdei,

455 3817 602 3888 spei,
632 3817 1087 3885 cliraritastique
1109 3812 1524 3884 perseverabili
1541 3813 1750 3867 virtute
1766 3813 2101 3880 conﬁrmet,

455 3915 632 3977 atque
661 3907 740 3961 ad
770 3920 979 3960 eorum
996 3901 1375 3959 beatitudinis
1423 3902 1771 3957 societatem
1820 3902 2106 3972 perducat

453 4001 667 4052 Amen.
693 3994 866 4060 Quod
882 3995 1007 4066 ipse
1034 3999 1319 4064 praestare
1348 3990 1641 4060 dignetur.

524 4093 634 4150 Ad
662 4093 1078 4163 complendum.
1150 4090 1308 4145 Beati
1332 4089 1641 4160 arhangeli
1702 4090 1788 4145 tui
1811 4090 2107 4147 Michaelis

452 4179 933 4239 intercessesione
962 4178 1206 4245 suﬂ‘ulti,
1236 4178 2108 4251 supplices,teDomine,depre-

455 4276 921 4343 camur,utquos
946 4270 1171 4325 honore
1200 4269 1641 4340 prosequimur,
1680 4275 2104 4337 contingamus

456 4366 514 4418 et
534 4368 753 4416 mente.
782 4363 888 4415 Per
921 4358 1264 4416 Dominum.

528 4459 709 4529 Super
733 4458 1040 4528 populum.
1074 4484 1142 4496 —
1180 4457 1325 4527 (489)
1358 4455 1580 4511 Adesto
1634 4455 1791 4528 plebi
1820 4464 1955 4523 tum,
1986 4456 2101 4512 mi-

2212 3268 2371 3322 Luca
2394 3273 2448 3321 et
2476 3264 2771 3320 medelam
2803 3264 2977 3320 nobis
2995 3270 3315 3337 operentur
3340 3272 3396 3320 et
3418 3266 3689 3335 gloriam.
3727 3264 3858 3322 Per.

2283 3373 2577 3443 Praefatio.
2607 3373 2836 3427 —Vere
2862 3372 3113 3442 dignum
3149 3378 3205 3428 et
3227 3371 3459 3442 justum
3489 3377 3595 3437 est,
3625 3387 3863 3444 aequum

2213 3468 2271 3518 et
2296 3463 2556 3518 salutare
2580 3476 2690 3516 nos
2714 3460 2818 3516 tibi
2848 3475 3080 3532 semper
3100 3465 3157 3515 et
3186 3461 3402 3532 ubique
3429 3459 3652 3529 gratias
3683 3474 3863 3530 agere

2215 3552 2462 3607 Domine
2491 3556 2718 3617 sancte,
2739 3553 2905 3620 pater
2920 3547 3320 3619 omnipotens,
3348 3553 3566 3604 aeterne
3602 3548 3868 3615 Deus;et

2214 3647 2269 3697 te
2286 3641 2345 3695 in
2361 3646 2597 3695 tuorum
2616 3644 2957 3693 sanctorum
2974 3636 3205 3693 meritis
3218 3636 3485 3707 gloriosis
3496 3637 3862 3708 collaudare,

2213 3727 2558 3785 benedicere
2590 3732 2645 3782 et
2672 3725 3126 3798 praedicare,qui
3147 3740 3251 3782 eos
3271 3725 3627 3782 dimicantes
3655 3732 3869 3785 contra

2213 3818 2443 3890 antiqui
2471 3832 2681 3888 serpen
2690 3817 3351 3884 tis,machinamenta,et
3367 3817 3579 3887 proprii
3596 3817 3867 3889 corporis

2212 3907 2645 3970 blandimenta,
2662 3904 3106 3978 inexpugnabili
3137 3904 3366 3971 virtute,
3389 3907 3507 3960 Rex
3528 3905 3755 3975 gloriae,
3770 3920 3868 3962 ro-

2214 3996 2537 4052 borasti.Ex
2551 3995 2755 4066 quibus
2766 3994 2967 4049 beatus
2981 3994 3170 4050 Lucas
3183 3993 3543 4065 evangelista
3556 3995 3866 4065 tuus,(49l)

2216 4092 2530 4155 assumpto
2548 4089 2713 4139 scuto
2730 4083 2888 4148 ﬁdei,
2903 4087 2961 4138 et
2980 4083 3149 4155 galea
3177 4082 3406 4148 salutis,
3422 4089 3478 4137 et
3508 4084 3708 4153 gladio
3729 4082 3867 4157 Spi-

2213 4175 2365 4230 ritus
2394 4174 2600 4239 sancti,
2633 4178 2689 4227 et
2718 4171 2958 4227 viriliter
3018 4180 3223 4227 contra
3253 4172 3530 4228 vitiorum
3560 4171 3867 4231 incentiva

2214 4264 2601 4336 pugnavit,et
2624 4260 2980 4330 evangelicae
3015 4262 3189 4316 nobis
3247 4261 3579 4317 dulcedinis
3639 4261 3869 4322 ﬂuenta

2213 4355 2365 4425 (492)
2392 4351 2673 4408 manavit.
2701 4352 2865 4407 Unde
2897 4352 3153 4422 petimus
3183 4349 3555 4418 immensam,
3590 4354 3862 4420 Domine,

2212 4442 2494 4514 pietatem
2520 4447 2705 4505 tuam,
2741 4446 2801 4494 ut
2824 4441 2930 4511 qui
2951 4455 3090 4495 eum
3119 4445 3201 4495 tot
3233 4439 3573 4495 meritorum
3624 4440 3871 4498 donasti

456 4528 705 4605 sericors
740 4547 921 4611 Deus,
952 4552 1026 4612 et,
1077 4552 1139 4601 ut
1163 4548 1368 4615 gratiae
1401 4551 1511 4601 tuaa
1549 4546 1841 4602 beneﬁcia
1877 4547 2104 4618 potiora

2234 4529 2640 4601 irmrogativls,
2667 4544 2778 4584 nos
2839 4528 2965 4600 ejus
3003 4534 3059 4584 et
3095 4528 3370 4584 informes
3427 4528 3733 4602 exemplis,
3806 4535 3872 4589 et

454 4637 765 4711 percipiat,
795 4636 945 4692 beati
967 4636 1261 4691 Michaelis
1294 4636 1635 4707 archangeli
1664 4636 1759 4691 fac
1772 4638 2105 4708 supplicem

454 4727 976 4800 deprecationibns
1005 4724 1321 4782 sublevari.
1345 4726 1452 4780 Per
1481 4726 1803 4780 Dominum
1833 4732 2107 4782 nostrum

466 4840 627 4884 NONlS
651 4840 932 4881 ocroams.
970 4855 1036 4865 —
1061 4840 1283 4879 manus
1313 4839 1501 4879 SANCTI
1562 4824 1710 4896 (490)
1750 4840 1918 4881 MARCI
1958 4841 2107 4884 eam

525 4927 771 4990 Exaudi,
802 4926 1072 4990 Domine,
1103 4938 1465 4995 quaesumus,
1509 4938 1712 4994 preces
1741 4932 2000 4996 nostras,
2028 4936 2109 4986 et-

452 5015 875 5076 interveniente
903 5014 1071 5070 beato
1095 5016 1287 5069 Marco
1298 5013 1636 5069 confessore
1651 5021 1749 5069 tuo
1762 5023 1941 5088 atque
1959 5034 2107 5089 pon-

452 5108 632 5178 tiﬁce,
664 5105 1123 5177 supplicationes
1153 5110 1389 5159 nostras
1418 5102 1692 5177 placatus
1716 5104 1982 5167 intende.
1998 5108 2107 5166 Per

454 5190 775 5255 Dominum
802 5198 1094 5252 nostrum.

523 5398 552 5432 ι
580 5388 640 5442 In
670 5385 901 5461 Kalend.
919 5387 1099 5440 Rom.:
1128 5383 1428 5461 Dedicatio
1465 5384 1718 5441 ecclesiae
1742 5384 2100 5461 archangeli.

454 5460 515 5519 In
548 5463 653 5515 Ms.
682 5458 883 5513 Kalens
914 5476 930 5525 ;
962 5458 1143 5512 sancti
1163 5457 1364 5527 angeli.
1410 5458 1466 5510 ln
1519 5463 1628 5511 vet.
1665 5457 2106 5517 Sacramuntai‘io

456 5532 836 5590 Gal.ic.exstat
863 5529 1039 5584 Missa
1065 5529 1124 5582 in
1145 5530 1363 5583 honore
1387 5529 1581 5583 sancti
1604 5531 1975 5596 Mu:/iael.,ab
2000 5536 2107 5590 hac

452 5605 616 5675 longe
646 5602 1010 5675 discrepans._
1043 5600 1108 5675 in
1138 5604 1297 5669 cujus
1324 5672 1330 5675 _
1358 5600 1683 5656 Prail'auoue
1715 5619 1813 5657 seu
1881 5605 2104 5663 Gentes-

454 5670 659 5733 tatione
686 5670 1046 5727 declinationis
1076 5671 1141 5726 lit
1174 5672 1372 5726 mentio
1412 5684 1420 5695 '

527 5747 561 5805 b
591 5744 1039 5802 Benedictionem
1069 5746 1212 5800 hanc
1242 5743 1497 5804 nesciunt
1525 5744 1619 5801 alii
1641 5744 1772 5803 libri
1801 5751 1995 5810 nostri.

2214 4620 2459 4691 adjuves
2489 4618 2732 4673 meritis.
2758 4616 2866 4672 Per
2896 4617 3212 4674 Christum.

2289 4740 2744 4802 Benedictionem
2773 4738 3094 4815 require,in
3110 4740 3304 4801 natali
3317 4744 3484 4816 (Vide
3496 4749 3694 4801 notam
3707 4742 3868 4820 508).

2287 4845 2383 4900 Ad
2415 4843 2843 4914 Complendum.
2866 4873 2934 4883 —
2954 4842 3193 4908 Praesta,
3215 4858 3568 4915 qumsumus
3593 4845 3871 4918 omnipo-

2217 4939 2346 4991 tens
2409 4939 2626 4989 mterne
2688 4931 2866 4997 Deus,
2901 4936 2963 4987 ut
2990 4933 3149 5004 quod
3185 4933 3255 4987 de
3292 4939 3499 4989 sancto
3529 4932 3698 4991 altari
3758 4941 3872 4993 tuo

2214 5022 2560 5095 accepimus
2589 5021 2863 5094 precibus
2876 5020 3033 5077 beati
3050 5020 3423 5091 evangelista:
3440 5022 3522 5077 tui
3541 5025 3707 5079 Luem
3725 5040 3875 5082 san-

2214 5112 2678 5170 ctiticetanimas
2690 5117 2950 5180 nostras,
2982 5126 3089 5184 per
3099 5111 3263 5183 quod
3283 5109 3391 5168 tuti
3404 5126 3531 5170 esse
3555 5114 3871 5186 possimus

2213 5200 2337 5259 Per.

2284 5406 2314 5443 c
2342 5389 2403 5444 In
2433 5386 2563 5462 Cod.
2601 5383 2930 5462 Reg.ASuec.
2957 5394 3082 5462 post
3140 5384 3375 5445 ofﬁcium
3405 5383 3473 5445 de
3511 5393 3699 5447 sancto
3744 5386 3880 5448 Cal.

2215 5459 2354 5520 lixto
2383 5456 2571 5516 omnia
2600 5456 2977 5515 ominittuutur
2998 5474 3170 5533 usque
3200 5462 3268 5516 ad
3300 5462 3587 5533 Kalendas
3632 5466 3877 5519 Novem-

2213 5532 2347 5598 bris,
2407 5533 2460 5586 in
2518 5533 2721 5604 quibus
2780 5550 2883 5586 non
2913 5532 3154 5588 omnium
3219 5542 3530 5589 sanctorum
3570 5532 3873 5602 festivitas,

2216 5605 2312 5660 sed
2366 5603 2550 5658 solum
2592 5603 2765 5658 sancti
2799 5603 3021 5659 Caesarii
3055 5604 3231 5660 natale
3288 5605 3613 5661 celebratur.
3677 5606 3879 5664 Codex

2217 5676 2465 5749 Celeusis
2498 5677 2701 5749 nescit
2730 5673 2869 5749 l‘esra
2896 5674 3073 5749 sancti
3104 5675 3287 5746 Luem,
3333 5682 3647 5735 sanctorum
3683 5676 3878 5737 Simo.

2214 5748 2301 5804 nis
2327 5754 2382 5805 et
2403 5746 2665 5815 ἐπεξίοι
2689 5748 2864 5804 sancti
2893 5746 3139 5807 Themin.
