4092 6200
249 255 342 322 us
1429 217 1639 309 Lmen
1680 236 2345 306 SACRAMENTORUM.

1873 373 1922 434 A
1955 375 2025 431 tis
2045 373 2331 447 apostolis
2345 372 2480 441 tuis,
2494 387 2620 445 quae
2634 386 2741 444 pro
2755 368 2980 426 illorum
2997 363 3336 423 veneranda
3350 363 3596 436 gerimus

334 406 376 446 τι
399 401 652 445 κλιιπολς
680 400 998 442 uovnanrs
1029 415 1094 424 —
1117 385 1324 439 VlGlLlA
1339 394 1733 437 Arosrononuu

755 493 971 533 SIHONIS
1005 491 1066 531 ET
1103 491 1265 531 JUDE.

305 575 548 642 Concede,
578 588 948 648 quasumus.
986 573 1352 646 omnipotens
1395 574 1562 634 Deus,
1588 574 1652 626 ut
1682 569 1834 626 sicut

251 667 589 741 apostolorum
621 671 862 722 tuorum
883 665 1128 726 Simonis
1154 669 1210 720 et
1235 662 1398 718 ludas
1411 661 1598 731 glorio
1615 677 1649 716 a
1676 663 1840 716 nata-

246 758 340 816 litia
362 756 751 830 praevenimus,
779 755 866 811 sic
896 755 971 811 ad
1004 760 1100 810 tua
1129 753 1417 809 beneﬁcia
1439 749 1840 822 promerendo.

246 848 554 917 maiestatem
573 851 738 900 tuam
767 860 878 916 pro
911 843 1084 899 nobis
1114 843 1230 914 ipsi
1256 840 1648 914 praeveniunt.

295 955 452 1023 Super
467 953 685 1010 oblata.
708 984 773 992 —
795 951 1125 1008 Muneribus
1144 951 1385 1014 nostris,
1403 948 1674 1011 Domine,
1699 963 1837 1018 apo-

245 1045 476 1100 stolarum
508 1040 769 1097 Simonis
787 1046 839 1096 et
866 1040 1032 1096 ludas
1061 1039 1205 1095 festa
1228 1035 1836 1110 prmcedimus.bumi-

243 1127 708 1201 literpostulantes
723 1130 787 1181 ut
801 1143 936 1198 quas
968 1124 1351 1180 conscientia
1386 1129 1599 1180 nostra
1626 1136 1839 1193 praepe-

243 1219 441 1274 diuntur
471 1215 794 1273 obstaculis
815 1214 1041 1271 illorum
1069 1214 1282 1270 meritis
1304 1219 1475 1284 grata
1492 1212 1834 1268 reddantur.

239 1308 343 1365 Per.

289 1413 542 1482 Praefatio.
575 1443 648 1453 —
675 1412 821 1466 Vere
847 1410 1099 1479 dignum
1131 1414 1188 1466 et
1209 1411 1435 1476 justum
1466 1416 1571 1472 est,
1605 1423 1838 1480 aequum

235 1507 278 1559 et
294 1502 545 1565 salutare,
571 1517 682 1556 nos
705 1501 809 1555 tibi
826 1516 1057 1570 semper
1075 1504 1132 1554 et
1157 1497 1374 1570 ubique
1397 1497 1616 1563 gratias
1639 1512 1836 1561 agere,

235 1592 437 1647 Domine
477 1594 701 1657 sancte,
745 1589 916 1644 Pater
956 1589 1349 1659 omnipotens,
1397 1592 1613 1642 aeterne
1662 1587 1836 1651 Deus,

234 1681 347 1751 quia
367 1685 426 1734 tu
473 1695 529 1733 es
562 1677 856 1734 mirabilis
881 1677 941 1733 in
972 1677 1250 1732 omnibus
1280 1677 1496 1732 sanctis
1526 1676 1662 1741 tuis,
1685 1691 1839 1746 quos

233 1773 276 1824 et
301 1767 528 1824 nominis
570 1767 658 1822 tui
708 1765 1082 1822 confessione
1109 1765 1445 1837 praeclaros,
1480 1770 1536 1821 et
1566 1769 1840 1836 suscepta

236 1873 316 1929 pro
341 1861 387 1912 te
411 1855 593 1912 fecisti
626 1855 906 1927 passione
929 1855 1244 1924 gloriosos.
1285 1854 1450 1911 Unde
1481 1855 1628 1909 sicut
1647 1853 1724 1908 illi
1755 1853 1837 1924 je-

228 1945 456 2015 junando
485 1943 836 2015 orandoque
871 1948 1263 2006 certaverunt,
1299 1947 1363 1998 ut
1390 1943 1547 1998 hanc
1594 1945 1841 2012 possent

233 2033 452 2088 obtinere
477 2033 814 2096 victoriam,
861 2033 943 2088 ita
988 2048 1098 2088 nos
1125 2033 1141 2091 l
1158 2033 1286 2102 493)
1317 2047 1524 2087 eorum
1556 2029 1842 2102 exemplis

229 2121 578 2177 informemur
595 2126 661 2175 ut
675 2122 744 2176 ad
768 2120 1126 2176 celebranda
1157 2119 1468 2191 praesentia
1482 2119 1627 2174 festa
1644 2118 1842 2174 idonei

232 2210 588 2270 inveniamur.
618 2214 674 2265 et
705 2210 778 2264 ad
806 2217 1012 2265 aeterna
1043 2209 1419 2281 percipienda
1449 2225 1646 2265 eorum
1665 2209 1839 2264 inter-

229 2303 374 2355 ventu
402 2299 565 2368 digni
598 2299 956 2371 judicemur.
986 2300 1094 2354 Per
1123 2299 1443 2355 Christum.

286 2407 366 2460 Ad
381 2407 799 2474 complendum.
831 2437 886 2446 —
920 2407 1179 2476 Sumpto.
1214 2406 1486 2472 Domine,
1519 2420 1844 2460 sacramen-

229 2497 292 2560 to,
309 2495 642 2567 suppliciter
654 2495 1044 2566 deprecamur
1062 2498 1104 2565 ι
1119 2496 1228 2566 37
1249 2500 1329 2557 ut,
1345 2493 1844 2550 intercedentibus

221 2583 380 2638 beatis
404 2583 708 2656 apostolis,
737 2584 901 2656 quod
925 2583 1325 2654 temporaliter
1349 2585 1632 2654 gerimus,
1653 2582 1731 2638 ad
1763 2582 1843 2637 vi-

223 2675 320 2727 tam
357 2675 670 2746 capiamus
696 2677 993 2729 aeternam.
1029 2673 1162 2730 Per.

273 2771 354 2825 Ad
391 2772 686 2839 Vesperos.
722 2802 790 2811 —
821 2771 1209 2842 Omnipotens
1257 2770 1615 2842 sempiterne
1663 2771 1840 2834 Deus,

221 2859 391 2914 mundi
422 2859 666 2916 Creator
679 2864 733 2914 et
759 2865 968 2924 rector,
985 2860 1081 2930 qui
1109 2859 1317 2914 beatos
1333 2861 1637 2930 apostolos
1661 2857 1842 2913 nomi-

219 2949 290 3001 nis
328 2949 406 3003 tui
440 2949 636 3020 gloria
672 2948 1029 3010 sublimasti,
1061 2947 1295 3014 exaudi,
1328 2964 1680 3020 quaesumus,
1737 2949 1841 3001 Do-

218 3037 366 3104 mine,
387 3037 677 3109 populum
711 3045 879 3092 tuum
913 3053 1047 3092 cum
1090 3041 1434 3092 sanctorum
1468 3041 1706 3092 tuorum
1735 3035 1836 3091 tibi

216 3127 518 3194 patrociniis
541 3126 1014 3198 supplicantem,
1055 3131 1115 3180 ut
1139 3126 1310 3180 nobis
1342 3131 1396 3180 et
1430 3126 1589 3197 pacis
1623 3125 1838 3180 donum

215 3212 420 3276 tribuas,
443 3219 497 3270 et
530 3215 950 3270 continuatum
965 3213 1326 3285 proﬁciatad
1360 3215 1492 3268 fidei
1515 3220 1568 3270 et
1591 3213 1835 3270 charita-

213 3300 270 3353 tis
295 3308 685 3374 augmentum.
723 3304 823 3357 Per
852 3303 1155 3358 Dominum
1188 3306 1477 3358 nostrum.

215 3421 244 3460 ἲ
273 3425 527 3466 KALINDAS
569 3426 878 3465 NOVEMBRI.
941 3441 1010 3450 —
1055 3426 1277 3464 NATALIS
1330 3425 1653 3466 SANCTORUM
1706 3425 1838 3465 APO-

605 3516 889 3554 STOLORUM
919 3515 1134 3554 SXMONIS
1174 3516 1242 3553 ET
1266 3516 1410 3555 ,ιυοιε

267 3603 422 3670 Deus,
449 3606 556 3676 qui
586 3621 707 3660 nos
734 3622 839 3676 per
865 3605 1072 3660 beatos
1085 3605 1384 3674 apostolos
1400 3611 1532 3661 tuos
1559 3605 1636 3660 ad
1670 3606 1836 3673 agni-

212 3691 386 3747 tionem
400 3694 478 3749 tui
505 3694 779 3750 nominis
791 3695 994 3750 venire
1013 3694 1389 3762 tribuisti,da
1403 3694 1576 3749 nobis
1591 3694 1832 3759 gloriam

213 3784 603 3852 sempiternam
639 3783 1012 3855 proﬁciendo
1044 3782 1365 3849 celebrare,
1398 3788 1451 3838 et
1474 3783 1832 3840 celebrando

211 3871 472 3937 proﬁcere.
500 3873 638 3929 Per.

262 3967 422 4038 Super
458 3970 681 4025 oblata.
712 3999 781 4010 —
839 3968 1120 4034 Gloriam,
1173 3969 1430 4033 Domine,
1487 3974 1828 4024 sanctorum

207 4060 576 4124 apostolorum
615 4063 967 4130 perpetuam
1007 4062 1375 4121 venerantes,
1404 4073 1746 4129 quaesumus
1770 4063 1832 4113 ut

206 4157 330 4204 eam,
356 4147 532 4201 sacris
566 4145 861 4218 mysteriis
888 4145 1122 4216 expiati,
1174 4145 1412 4216 dignius
1441 4145 1821 4202 celebremus.

206 4229 310 4287 Per.

266 4329 546 4399 Prw/alio.
581 4361 660 4372 —
689 4333 831 4385 Vere
865 4331 1106 4399 dignum
1138 4335 1193 4385 et
1221 4333 1442 4400 justum
1466 4334 1827 4403 est,a=,quum

208 4418 249 4506 et
277 4417 530 4484 salutare,
562 4436 682 4475 nos
709 4420 812 4473 tibi
840 4435 1074 4491 semper
1090 4419 1376 4490 etubique
1394 4420 1611 4481 gratias
1633 4436 1825 4484 agere,
1865 4449 1908 4506 ι)

211 4501 413 4560 Domine
444 4514 682 4574 sancte,
727 4509 892 4563 Pater
922 4510 1315 4579 omnipotens,
1338 4514 1545 4562 teter-ne
1564 4510 1713 4562 Deus
1742 4514 1830 4564 :te

209 4587 248 4642 in
266 4599 481 4651 tuorum
509 4595 930 4667 apostolorum
952 4596 1352 4663 glorificantes
1379 4596 1749 4667 honore,qni
1777 4602 1831 4651 et

210 4678 296 4733 illis
325 4684 568 4740 tribuisti
601 4685 1020 4739 beatitudinem
1036 4684 1479 4750 sempiternam,
1511 4691 1565 4738 et
1596 4685 1832 4738 inﬁrmi-

211 4769 508 4826 tatinostrre
537 4773 686 4828 talia
721 4774 1032 4844 praestitisti
1053 4771 1362 4842 suffragia,
1386 4788 1488 4841 per
1519 4772 1826 4844 (t94lqute

210 4861 591 4927 tuapossimus
617 4861 872 4931 adipisci
894 4861 1181 4925 subsidia,
1201 4860 1576 4931 etprevenire
1594 4861 1667 4916 ad
1689 4877 1828 4932 prie-

209 4943 295 4999 mia
315 4950 696 5019 repromissa.
725 4951 827 5004 Per
857 4949 1180 5004 Christum.

207 5039 635 5102 Bmedictionem
669 5048 740 5102 R.
782 5047 845 5112 Ο.
881 5046 965 5117 (ld
997 5052 1082 5102 est
1114 5047 1362 5118 Require
1386 5062 1506 5116 qua:
1533 5049 1756 5116 supra.)

260 5141 788 5212 AdComplendum.
811 5175 865 5184 —
897 5145 1206 5216 Perceptis,
1221 5143 1475 5208 Domine,
1504 5159 1827 5198 sacramen-

208 5226 280 5288 tis,
300 5232 630 5302 suppliciter
657 5239 710 5289 te
724 5248 1032 5303 rogamus,
1058 5237 1138 5301 ut,
1164 5232 1660 5289 intercedentibus
1690 5232 1828 5289 bea.

266 5430 487 5504 {Exstat
510 5436 563 5489 in
591 5435 891 5490 Codicibus
929 5435 1130 5489 nostris
1160 5440 1213 5490 et
1243 5434 1296 5488 in
1329 5435 1467 5489 Mss.
1495 5435 1632 5504 Reg.
1656 5435 1818 5490 Suec.

217 5499 695 5625 giusolemnilatis
765 5507 1004 5560 omnium
1067 5511 1373 5561 sanctorum
1426 5499 1646 5560 minime
1723 5522 1828 5560 me-

275 5639 566 5704 hMiramur
616 5647 706 5705 hic
747 5652 1070 5706 annotatum
1123 5665 1154 5704 a
1182 5647 1454 5705 Pamaelio
1500 5647 1669 5723 (quod
1701 5648 1826 5708 etim

3484 224 3596 296 M6

1951 466 2251 538 passione,
2285 463 2458 518 nobis
2488 463 2800 534 proﬁciant
2820 460 2896 517 ad
2931 457 3248 515 medelam.
3276 456 3412 514 Per.

2018 566 2175 621 Alia.
2206 595 2270 606 —
2298 562 2518 618 Exaudi
2537 577 2666 623 nos.
2686 562 2839 614 Deus
2857 557 3130 614 salutaris
3149 558 3438 622 noster,et
3457 567 3595 624 apo-

1950 654 2235 711 stolorum
2256 659 2491 708 tuorum
2507 667 2612 706 nos
2626 656 2789 705 tuere
2803 647 3108 719 praesidiis,
3133 659 3390 717 quorum
3414 643 3594 700 dona-

1949 745 2019 801 sti
2050 744 2250 799 ﬁdeles
2276 759 2407 797 esse
2425 739 2724 796 doctrinis.
2756 740 2876 792 Per.

2054 867 2238 908 PRIDIE
2263 865 2536 906 KALENDAS
2566 860 2903 902 NOVEMBRIS.
2950 874 3019 886 -ν
3047 857 3249 896 νῐίιιιιΑ
3276 855 3488 896 ΟΜΝΙΕΜ

2613 951 2955 993 ΞΑΝΟΤΟΒῙΙΜ.

2015 1049 2264 1104 Domine
2294 1049 2448 1102 Deus
2473 1050 2693 1112 noster,
2724 1041 3056 1112 multiplica
3083 1053 3262 1109 super
3303 1052 3413 1092 nos
3457 1050 3596 1106 gra-

1947 1138 2099 1196 tiam
2141 1143 2324 1206 tuam,
2359 1140 2416 1192 et
2458 1151 2710 1205 quorum
2763 1130 3164 1204 praevenimus
3203 1126 3462 1197 gloriosa
3500 1140 3594 1180 so-

1947 1227 2186 1293 lemnia,
2211 1227 2402 1282 tribue
2435 1223 2713 1296 subsequi
2739 1221 2792 1276 in
2827 1224 3035 1277 sancta
3064 1215 3436 1292 professione
3457 1213 3597 1272 lasti-

1947 1315 2110 1371 tiam.
2141 1319 2264 1371 Per.

2018 1413 2214 1481 Super
2233 1412 2448 1468 oblata.
2482 1441 2552 1450 —
2573 1409 2768 1465 Altare
2789 1411 2980 1472 tuum,
3001 1405 3239 1462 Domine
3264 1405 3438 1468 Deus,
3475 1417 3599 1458 mu-

1947 1501 2190 1557 neribus
2219 1501 2602 1557 cumulamus
2631 1498 2844 1554 oblatis
2868 1513 2878 1550 :
2915 1496 3014 1560 da,
3051 1510 3414 1567 quaesumus,
3439 1495 3501 1547 ut
3521 1490 3600 1547 ad

1949 1590 2199 1646 salutem
2227 1597 2489 1647 nostram
2531 1589 2803 1645 omnium
2828 1591 3174 1642 sanctorum
3195 1590 3426 1640 tuorum
3466 1597 3593 1653 pre-

1949 1680 2214 1736 cationes
2238 1680 2572 1751 proﬁciant,
2593 1692 2846 1751 quorum
2876 1673 3160 1732 solemnia
3176 1677 3425 1729 ventura
3442 1687 3593 1744 prm-

1948 1769 2262 1824 currimus.
2283 1769 2417 1828 Per.

2020 1867 2114 1920 Ad
2128 1867 2561 1937 Complendum.
2587 1895 2650 1905 —
2670 1862 3092 1924 Sacramentis,
3108 1859 3439 1923 Domine,et
3458 1872 3602 1927 gau-

1949 1954 2060 2010 diis
2087 1961 2290 2026 optata
2319 1954 2655 2010 celebritate
2695 1953 2867 2023 138
2887 1950 3506 2022 expletis,quaesumus
3540 1949 3603 2002 ut

1951 2058 2150 2098 eorum
2180 2045 2452 2115 precibus
2485 2043 2864 2116 adjuvemur,
2892 2055 3152 2113 quorum
3170 2034 3601 2094 recordationi-

1951 2132 2060 2187 bus
2089 2133 2460 2188 exhibentur.
2493 2135 2627 2190 Per.

2021 2232 2203 2302 Super
2226 2231 2519 2302 papulnm.
2550 2263 2618 2272 —
2647 2229 2845 2294 Erudi,
2897 2241 3264 2299 quaesumus,
3326 2225 3597 2292 Domine,

1952 2321 2237 2392 populum
2273 2326 2438 2376 tuum
2455 2319 2814 2391 spiritalibus
2830 2315 3262 2380 instrumentis,
3283 2318 3602 2385 etquorum

1953 2418 2233 2482 praestare
2247 2410 2538 2465 solemnia
2556 2407 2903 2481 praevenire,
2929 2406 3020 2461 fac
3039 2421 3246 2460 eorum
3262 2408 3315 2458 et
3330 2401 3602 2459 conside-

1952 2499 2178 2554 ratione
2199 2499 2477 2554 devotum
2506 2502 2560 2553 et
2585 2497 2934 2552 defensione
2962 2509 3252 2549 securum.
3289 2492 3428 2549 Per.

1953 2598 2386 2667 (495)ΚΑιιεΝι)Αε
2410 2613 2735 2650 NOVEmBRIS.
2767 2626 2832 2634 —
2850 2608 3076 2649 manus
3096 2604 3122 2634 ι
3153 2607 3338 2647 SANCTI
3373 2602 3600 2645 casam!

2625 2698 2924 2739 MARTYRIS.

2023 2783 2166 2855 (496)
2195 2784 2366 2848 Deus,
2423 2783 2526 2852 qui
2586 2797 2695 2837 nos
2730 2781 2884 2836 beati
2935 2778 3205 2850 martyris
3237 2775 3317 2832 tui
3357 2773 3589 2831 Ctesarii

1951 2888 2154 2928 annua
2185 2870 2556 2927 solemnitate
2586 2870 2870 2933 laetiﬁcas,
2905 2867 3162 2924 concede
3204 2865 3495 2938 propitius
3535 2865 3602 2919 ut

1951 2963 2120 3031 cujus
2160 2960 2425 3017 natalitia
2456 2959 2733 3024 colimus,
2767 2958 2947 3014 etiam
2975 2957 3238 3012 actiones
3264 2954 3591 3011 imitemur.

1951 3052 2084 3109 Per.

2021 3149 2203 3217 Super
2231 3149 2448 3204 oblata.
2483 3179 2550 3188 —
2576 3147 2814 3203 Hostias
2844 3145 2969 3210 tibi,
3005 3144 3272 3208 Domine,
3305 3141 3460 3198 beati
3488 3142 3602 3197 Cm-

1950 3240 2087 3295 sarii
2116 3240 2389 3309 martyris
2418 3238 2502 3292 tui
2533 3237 2760 3292 dicatas
2783 3235 3002 3291 meritis
3029 3233 3319 3299 benignus
3335 3247 3586 3301 assume,

1947 3334 2003 3383 et
2033 3327 2110 3383 ad
2124 3332 2476 3400 perpetuum
2490 3325 2667 3382 nobis
2697 3325 2890 3381 tribue
2911 3323 3220 3396 provenire
3245 3320 3596 3377 subsidium.

1945 3417 2070 3473 Per.

2015 3515 2112 3570 Ad
2125 3513 2568 3581 Complendum.
2588 3542 2654 3552 —
2668 3509 3408 3580 Quaesumus,omnipotens
3420 3509 3594 3576 Deus,

1943 3603 2124 3675 utqui
2157 3601 2415 3657 caelestia
2437 3601 2719 3656 alimenta
2751 3599 3146 3670 percepimus,
3194 3597 3595 3652 intercedente

1944 3691 2121 3747 beato
2163 3688 2413 3746 Caesario
2446 3692 2705 3760 martyre
2731 3693 2828 3742 tuo
2860 3703 2966 3759 per
2993 3687 3122 3742 haec
3165 3693 3370 3742 contra
3399 3683 3596 3740 omnia

1943 3781 2197 3837 adversa
2224 3777 2586 3834 muniamur.
2627 3778 2733 3832 Per
2763 3776 3110 3832 Dominum.

2013 3893 2196 3933 EODEM
2226 3894 2331 3931 me.
2360 3908 2425 3916 —
2457 3877 2602 3946 (497)
2634 3891 2854 3931 mnus
2888 3875 2917 3916 ι)
2948 3889 3156 3929 OMNIUM
3207 3887 3523 3927 saucronuu

2011 3975 2402 4045 Omnipotens
2438 3974 2795 4043 sempiterne
2828 3975 3004 4040 Deus,
3032 3972 3134 4043 qui
3165 3986 3275 4025 nos
3325 3969 3594 4024 omnium

1942 4071 2280 4119 sanctorum
2300 4064 2508 4118 merita
2523 4063 2636 4116 sub
2653 4077 2775 4116 una
2793 4060 3042 4116 tribuisti
3063 4059 3402 4115 celebritate
3420 4073 3592 4113 vene-

1939 4152 2075 4216 rari,
2100 4167 2450 4223 quaesumus
2472 4155 2534 4204 ut
2563 4149 2963 4205 desideratam
2994 4148 3168 4204 nobis
3195 4152 3306 4203 tuae
3322 4147 3595 4217 propitia-

1940 4239 2111 4294 tionis
2127 4239 2586 4306 abundantiam,
2609 4236 3009 4308 multiplicatis
3042 4234 3587 4298 intercessionibus,

1939 4327 2235 4395 largiaris.
2265 4328 2387 4382 Per.

2013 4429 2184 4494 Super
2213 4425 2421 4479 oblata.
2470 4453 2534 4463 —
2586 4425 2826 4478 Munera
2877 4421 3001 4486 tibi,
3055 4420 3323 4485 Domine,
3369 4424 3590 4474 nostrae

1940 4512 2272 4568 devotionis
2298 4512 2612 4572 offerimus,
2638 4527 2770 4582 quae
2805 4515 2860 4565 et
2906 4526 3015 4580 pro
3067 4515 3421 4563 cunctorum
3482 4507 3588 4562 tibi

1941 4606 2108 4669 grata
2136 4601 2253 4653 sint
2281 4600 2503 4653 honore
2537 4605 2904 4662 sanctorum,
2929 4602 2985 4652 et
3011 4596 3180 4651 nobis
3206 4595 3510 4658 salutaria,
3536 4601 3589 4650 te

1939 4690 2278 4749 miserante,
2311 4687 2652 4742 reddantur.
2690 4689 2814 4742 Per.

2011 4786 2299 4854 Prw/“aiio.
2334 4817 2401 4824 —
2421 4786 2564 4839 Vere
2590 4785 2840 4852 dignum
2869 4788 2922 4838 et
2946 4784 3178 4852 justum
3205 4786 3308 4845 est,
3339 4797 3579 4854 (equum

1939 4881 1995 4930 et
2021 4875 2300 4938 salutare,
2316 4889 2421 4928 nos
2450 4873 2550 4928 tibi
2576 4890 2810 4943 semper
2832 4879 2885 4927 et
2903 4873 3119 4944 ubique
3141 4873 3366 4937 gratias
3387 4887 3585 4941 agere,

1940 4963 2188 5018 Domine
2218 4969 2436 5026 sancte,
2473 4962 3046 5032 Pateromnipotens,
3081 4966 3297 5016 teterne
3323 4959 3505 5015 Deus:
3533 4953 3592 5014 et

1939 5051 2482 5107 clementiamtuam
2516 5049 2855 5121 suppliciter
2883 5049 3218 5114 obsecrare,
3240 5055 3297 5105 ut
3323 5065 3460 5103 cum
3492 5063 3588 5102 ex-

1939 5139 2290 5194 sultantibus
2306 5139 2527 5193 sanctis
2540 5137 2598 5193 in
2614 5138 2868 5193 cmlestis
2881 5141 3044 5207 regni
3061 5138 3349 5193 cubilibus
3369 5135 3588 5203 gaudia

1937 5232 2142 5283 nostra
2172 5227 2524 5297 subjungas.
2564 5229 2626 5282 Et
2643 5243 2796 5298 quos
2831 5227 3058 5284 virtutis
3087 5225 3419 5282 imitatione
3462 5239 3585 5280 non

1938 5432 1995 5487 in
2043 5432 2190 5486 Edit.
2242 5431 2556 5486 Gussanvil.
2616 5431 2837 5501 legitur)
2892 5431 3054 5499 hujus
3105 5425 3584 5501 dieioﬁiciumAin

1937 5503 2191 5558 omnibus
2240 5501 2460 5573 reperiri
2506 5502 2642 5573 Mss.
2673 5497 2866 5557 ‘Certe
2904 5497 2980 5556 de»
3025 5503 3143 5573 ipso
3175 5500 3362 5573 siletur
3384 5500 3439 5573 in
3469 5497 3587 5573 God

1941 5577 2080 5644 Reg.
2113 5567 2314 5636 Suec...
2338 5573 2391 5628 in
2426 5571 2640 5629 duobus
2661 5574 2786 5630 aliis
2809 5592 2841 5632 ει
2895 5567 3147 5630 Menardo
3172 5569 3262 5624 hic
3305 5567 3581 5633 indicatis,

1941 5647 2061 5704 etin
2081 5644 2316 5704 Kalend.
2343 5647 2504 5701 Rom.
