4092 6200
425 223 538 312 m
1181 271 1196 298 κ
1265 226 1273 234 ’

1664 219 1929 296 8ᾹΝΟΤῙ
1967 217 2316 289 GBEGORII
2355 223 2599 294 MAGNI

3719 220 3836 290 ηε

425 395 750 458 possumus
779 374 964 450 sequi,
993 371 1202 433 debitae
1230 368 1626 431 venerationis
1667 370 2077 442 contingamus

2210 358 2612 436 [ﬁu'nnous
2638 375 2970 422 NOVEMBRIS.
3007 390 3077 403 —
3123 372 3346 418 unus
3402 375 3591 420 sinon
3637 375 3840 421 usus

427 469 666 528 affectu.
701 470 802 524 Per
822 466 1142 524 Christum.

500 559 845 618 Benedictio.
862 589 930 598 —
949 557 1303 614 Sanctorum
1323 569 1565 612 suorum
1585 553 1809 610 meritis
1835 565 1942 609 vos
1968 553 2077 607 Do-

429 648 626 706 minus
658 647 839 704 faciat
863 644 1149 713 benedici,
1177 649 1235 703 et
1261 653 1470 702 contra
1485 644 1740 700 adversa
1759 643 1955 699 omnia
1979 656 2076 696 eo-

428 753 562 796 rum
593 736 1020 792 intercessione
1059 735 1303 792 muniri.
1335 736 1548 791 Amen.
1572 735 1789 789 Eorum
1818 729 2078 786 eﬂlciant

429 825 712 896 suffragia
739 823 961 890 felices,
989 841 1240 896 quorum
1263 823 1588 880 festivitatis
1607 823 1754 878 diem
1774 817 2077 876 celebratis

430 920 700 972 ovantes.
736 915 948 972 Amen.
981 915 1104 980 Quo
1125 929 1332 970 eorum
1365 912 1664 969 imitantes
1696 907 2076 980 exempla,ad

430 1004 692 1062 cmiestia
719 1004 958 1077 possitis
985 1003 1288 1076 pervenire
1311 1003 1620 1076 promissa.
1652 1003 1858 1058 Amen.
1907 995 2078 1064 Quod

429 1092 558 1168 ipse
591 1099 874 1165 pressiore
899 1093 1188 1164 dignetur.

505 1181 601 1237 Ad
633 1181 1076 1251 Comptendum.
1097 1213 1159 1222 --
1179 1182 1531 1238 Sanctorum
1546 1179 1802 1236 omnium
1819 1175 2080 1248 gloriosa

432 1269 747 1340 confessio,
775 1272 947 1339 Deus,
979 1271 1150 1344 139
1179 1270 1367 1327 tribue
1382 1269 1964 1340 nobis,quaasumus,
1994 1267 2078 1330 ut,

435 1377 539 1434 per
565 1361 696 1418 haec
717 1365 922 1418 sancta
951 1377 1088 1434 qum
1119 1360 1507 1434 sumpsimus,
1552 1363 1793 1416 tuorum
1839 1352 2080 1412 admisti

433 1451 717 1522 conciliis,
745 1449 1161 1508 misericordia:
1177 1454 1290 1508 tuae
1303 1451 1554 1522 dapibus
1577 1448 1928 1522 saginemur.
1949 1445 2076 1500 Per.

501 1541 668 1598 Alia.
684 1571 750 1582 —
773 1541 879 1608 Da,
894 1555 1256 1613 quaesumus,
1273 1539 1532 1606 Domine,
1549 1537 1822 1594 ﬁdelibus
1843 1533 2080 1606 populis

433 1629 700 1688 omnium
713 1646 740 1684 s
752 1633 1051 1686 auctorum
1071 1644 1300 1701 semper
1311 1627 1688 1684 veneratione
1704 1624 1974 1691 laetari,et
1986 1637 2080 1680 eo-

434 1733 567 1776 rum
597 1724 882 1790 perpetua
903 1717 1339 1790 supplicatione
1365 1717 1592 1772 muniri.
1635 1717 1758 1771 Per.

509 1808 663 1880 (498)
692 1807 962 1874 Quatuor
978 1807 1402 1864 Coronatorum
1419 1807 1646 1862 nomina
1662 1805 1783 1861 haec
1797 1807 1962 1858 sunt:
1985 1802 2081 1857 Se-

433 1907 622 1958 verus,
639 1893 1014 1955 Severianus,
1041 1892 1394 1958 Victorinus,
1409 1899 1462 1948 et
1477 1891 1912 1962 Carpophorus,
1931 1885 2080 1958 (499)

433 1996 685 2054 quorum
717 1981 834 2038 dies
857 1982 1072 2037 natalis
1086 1996 1195 2051 per
1210 1983 1503 2037 incuriam
1535 1979 1830 2048 neglectus
1847 1977 2084 2033 minime

437 2067 691 2134 reperiri
699 2072 920 2136 poterat
937 2084 953 2132 ;
979 2065 1098 2122 ideo
1123 2072 1412 2122 statutum
1433 2071 1514 2121 est
1530 2068 1595 2120 ut
1614 2065 1676 2119 in
1698 2079 1894 2120 eorum
1911 2061 2084 2118 eccle-

434 2155 540 2222 sia,
556 2155 751 2210 horum
767 2155 1022 2227 quinque
1034 2153 1503 2226 sanctorum,qui
1547 2155 1609 2208 in
1623 2153 1801 2208 missa
1837 2152 2086 2206 recitan-

449 2243 794 2308 tur,na(dlis
815 2244 1160 2310 celebretur,
1179 2249 1242 2298 ut
1274 2259 1405 2299 cum
1445 2242 1572 2298 istis
1613 2256 1814 2298 eorum
1854 2253 2086 2312 quoque

437 2333 715 2388 memoria
737 2333 960 2400 pariter"
987 2332 1112 2400 ﬁat.

437 2436 494 2476 vi
522 2436 644 2476 mus
709 2420 1037 2477 novsnnais.
1076 2450 1140 2460 —-
1179 2435 1401 2475 NATALIS
1447 2435 1770 2475 saucronuu
1831 2433 2083 2482 cannon

1051 2521 1465 2560 CORONATORUM.

507 2603 750 2669 Praesta,
775 2601 1806 2674 qumsumus,omnipotensDeus,ut
1832 2599 1934 2672 qui
1963 2599 2085 2669 glo-

437 2690 631 2748 riosos
661 2695 976 2764 martyres,
1009 2691 1154 2765 (500)
1179 2690 1502 2757 Claudium,
1521 2691 1922 2755 Nicostratum,
1937 2689 2082 2758 (501)

442 2781 584 2853 Sym
593 2779 1320 2853 phonianum,Castorium
1334 2785 1512 2854 atque
1525 2777 2083 2850 Simplicium,fortes

437 2869 498 2926 in
525 2884 635 2924 suo
665 2867 1035 2925 confessione
1049 2869 1460 2938 cognovimus,
1475 2868 1604 2940 pios
1626 2865 1794 2939 apud
1819 2871 1876 2922 te
1904 2865 1965 2922 in
1983 2880 2085 2922 no-

441 2961 565 3014 stra
593 2957 1014 3014 intercessione
1035 2957 1381 3014 sentiamus.
1421 2957 1548 3013 Per.

2875 466 3162 516 MA‘R'I‘YRIS-

2182 608 2188 614 ν
2257 541 2502 608 Praesta,
2559 559 2932 618 qumsumus,
2983 549 3358 622 omnipotens
3415 544 3586 610 Deus,
3641 537 3840 614 utqui

2188 627 2342 686 beati
2369 635 2594 690 Mennaa
2620 635 2898 708 martyris
2933 636 3014 692 tui
3037 636 3303 696 natalitia
3350 634 3622 698 colimus,
3655 633 3832 688 inter-

2185 721 2450 776 cessione
2479 723 2603 791 ejus
2629 722 2690 778 in
2717 724 2800 780 tui
2817 725 3292 782 nominisamore
3307 725 3669 784 roboremur.
3698 721 3830 776 Per.

2255 815 2443 888 super
2465 819 2686 877 oblata.
2730 853 2799 864 --
2833 823 2994 879 Beati
3025 827 3246 880 Mennas
3277 821 3557 895 martyris
3582 821 3690 885 tui,
3723 822 3838 876 Do-

2187 905 2366 974 mine,
2423 908 2718 968 solemnia
2758 920 3154 979 recensentes,
3194 928 3544 985 quassumus
3597 915 3663 966 ut
3701 911 3836 982 ejus

2187 995 2408 1054 auxilio
2429 1004 2531 1054 tua
2545 998 2833 1056 beneﬁcia
2854 1000 3182 1074 capiamus,
3197 1017 3306 1075 pro
3327 1017 3450 1074 quo
3471 999 3577 1057 tibi
3601 1001 3838 1057 Hostias

2184 1083 2378 1142 laudis
2409 1086 2738 1148 oﬂ‘erimus.
2781 1090 2913 1149 Per.

2257 1175 2354 1233 Ad
2382 1175 2816 1246 Complendum.
2846 1180 3174 1237 Benedictio
3207 1187 3328 1248 tua,
3366 1183 3541 1248 Deus,
3593 1178 3842 1252 impleat

2189 1263 2370 1320 corda
2395 1264 2678 1335 ﬁdelium,
2709 1267 2978 1342 talesque
2998 1269 3276 1340 perficiat,
3309 1270 3408 1342 qui
3447 1275 3502 1326 et
3529 1275 3836 1341 martyrum

2185 1351 2580 1411 honorificent
2609 1357 3022 1428 passiones.et
3037 1359 3302 1416 remedia
3337 1359 3547 1416 salutis
3576 1363 3834 1425 mternaa,

2188 1441 2418 1498 eisdem
2449 1445 2984 1516 patrocinantibus,
3001 1453 3429 1522 assequentur.
3467 1448 3608 1507 Per.

2237 1555 2423 1596 EODEM
2449 1557 2559 1600 DIE.
2595 1574 2664 1584 —
2695 1560 2919 1600 NATALIS
2942 1557 2969 1590 ⁸
2999 1561 3185 1603 ΒΑΝΟΤΙ
3212 1563 3441 1603 ΜᾹΗΤΙΝΙ
3481 1561 3839 1603 οοηηθεοιιιε

2266 1641 2436 1703 Deus,
2471 1640 2569 1713 qui
2609 1643 2906 1714 conspicis
2931 1644 3072 1716 quia
3109 1660 3179 1700 ex
3207 1644 3370 1702 nulla
3397 1649 3603 1701 nostra
3628 1645 3842 1701 virtute

2113 1710 2161 1769 Β
2194 1710 2594 1795 ευὺεὶειὶωὐε,
2655 1710 2916 1788 con-cede
2949 1710 3259 1805 'propitius
3317 1739 3378 1790 ut
3421 1733 3842 1790 intercessione

2193 1815 2345 1888 beati
2375 1817 2600 1874 Martini
2624 1819 2983 1877 confessoris
3015 1822 3093 1878 tui
3119 1827 3298 1894 atque
3326 1821 3847 1894 pontiﬁciscontra

2194 1905 2398 1962 omnia
2435 1907 3176 1966 adversamuniar'nurPer
3195 1911 3501 1968 Dominum
3532 1917 3834 1967 nostrum.

2264 2003 2448 2073 Super
2469 2006 2688 2062 oblata.
2724 2037 2794 2048 —
2823 2007 2983 2064 Beati
3004 2009 3234 2066 Martini
3270 2009 3586 2082 pontiﬁcis,
3603 2024 3846 2081 quasu-

2194 2108 2346 2159 mus,
2383 2093 2648 2164 Domine,
2672 2095 2846 2151 nobis
2880 2097 2976 2167 pia
3002 2113 3121 2152 non
3162 2097 3312 2152 desit
3340 2099 3548 2164 oratio,
3589 2113 3727 2170 quas
3785 2102 3848 2153 et

2194 2197 2447 2238 munera
2459 2188 2660 2239 nostra
2677 2185 2960 2246 conciliet,
2976 2192 3206 2242 ettuam
3232 2187 3401 2243 nobis
3417 2185 3845 2257 indulgentiam

2195 2286 2430 2342 semper
2463 2271 2740 2329 obtineat.
2781 2275 2886 2328 Per
2921 2275 3236 2332 Dominum
3269 2280 3562 2333 nostrum.

2268 2369 2572 2436 Praefatio.
2613 2399 2680 2412 --
2699 2371 2845 2427 Vere
2875 2371 3117 2442 dignum
3140 2379 3196 2429 et
3219 2373 3435 2444 justum
3464 2379 3571 2438 est,
3601 2389 3844 2446 aequum

2193 2457 2544 2523 etsalutare,
2569 2473 2678 2514 nos
2710 2459 2812 2515 tibi
2845 2462 3378 2534 semperetubique
3406 2461 3628 2536 gratias
3659 2476 3842 2530 agere

2193 2545 2430 2602 Domine
2456 2552 2680 2618 sancte,
2716 2551 2882 2605 Pater
2914 2549 3319 2622 omnipotens,
3347 2557 3563 2608 aeterne
3620 2551 3777 2606 Deus
3821 2567 3836 2618 ;

2194 2635 2365 2704 cujus
2394 2635 2538 2707 (502)
2558 2652 2800 2693 munere
2829 2637 3042 2694 beatus
3065 2640 3344 2696 Martinus
3359 2638 3840 2712 confessorpari-

2194 2728 2280 2778 ter
2307 2729 2360 2778 et
2383 2724 2688 2792 sacerdos,
2728 2730 2786 2780 et
2813 2727 3114 2784 bonorum
3157 2744 3400 2800 operum
3455 2726 3844 2786 incrementis

2194 2813 2468 2878 excrevit,
2495 2818 2551 2868 et
2584 2813 2762 2872 variis
2782 2815 3062 2872 virtutum
3092 2816 3266 2872 donis
3283 2817 3634 2883 exuberavit,
3663 2823 3718 2872 et
3743 2816 3848 2873 mi-

2192 2899 2412 2956 raculis
2433 2903 2806 2958 coruscavit:
2837 2903 2958 2975 qui,
2990 2905 3148 2975 quod
3194 2905 3390 2961 verbis
3415 2905 3635 2973 docuit,
3695 2921 3840 2977 ope-

2194 3004 2327 3044 rum
2355 2989 2712 3046 exhibitione
2729 2991 3068 3063 complevit,
3098 2999 3154 3050 et
3183 2992 3543 3049 documento
3580 2992 3757 3048 simul
3788 2997 3850 3050 et

507 3056 690 3126 Super
717 3053 930 3110 oblata.
953 3085 1024 3096 —
1065 3053 1405 3110 Benedictio
1431 3057 1554 3121 tua,
1588 3053 1861 3155 Domine,
1918 3051 2080 3155 larga

2210 3079 2465 3150 exemplo
2498 3079 2754 3135 subditis
2783 3051 3137 3138 adlcmlestia
3164 3098 3348 3154 regna
3366 3081 3848 3155 pergendidnca-

437 3142 782 3205 descendat,
809 3158 944 3214 qum
974 3146 1031 3198 et
1069 3158 1315 3198 munera
1339 3146 1566 3206 nostra,
1625 3139 2083 3212 deprecantibus

437 3230 658 3288 sanctis
679 3231 814 3296 tuis,
847 3231 950 3286 tibi
969 3230 1180 3286 reddat
1201 3235 1460 3302 accepta,
1489 3234 1545 3286 et
1560 3228 1740 3286 nobis
1759 3243 2084 3285 sacramen-

435 3323 557 3376 tum
577 3319 1004 3390 redemptionis
1027 3317 1262 3374 eﬂiciat.
1287 3319 1414 3374 Per.

506 3421 805 3490 Praefatio.
825 3451 896 3462 —
924 3421 1069 3476 Vere
1099 3420 1348 3490 dignum
1379 3422 1668 3492 etjustum
1690 3424 1796 3488 est,
1839 3435 2082 3494 aequum

435 3514 494 3567 et
513 3509 788 3578 salutare,
822 3509 1370 3580 nostibisemperet
1401 3510 1622 3582 ubique
1650 3511 1872 3582 gratias
1886 3524 2082 3578 agere,

439 3599 690 3655 Domine
717 3603 940 3662 sancte,
985 3598 1159 3654 Pater
1192 3597 1594 3670 omnipotens,
1619 3604 1836 3656 interno
1886 3600 2034 3654 Deus
2068 3620 2081 3652 :

439 3687 814 3744 celebrantes
830 3690 1170 3742 sanctorum
1192 3686 1454 3744 natalitia
1465 3689 1897 3744 Coronatorum
1914 3704 1927 3742 :
1944 3687 2087 3759 quia

449 3777 586 3832 dum
610 3775 692 3832 tui
723 3775 975 3832 nominis
1009 3790 1116 3847 per
1166 3791 1268 3831 eos
1313 3775 1564 3845 gloriam
1611 3775 2083 3849 frequentamus,

436 3866 498 3922 in
529 3869 746 3920 nostrae
773 3863 906 3919 fidei
933 3869 1254 3933 augmento
1287 3864 1736 3920 succrescimsu.
1781 3865 1890 3920 Per
1933 3864 2084 3919 Cbri-

439 3959 628 4010 stum.

509 4051 606 4106 Ad
620 4049 1069 4120 Complendum.
1096 4080 1164 4091 —
1179 4049 1519 4106 Coelestibus
1545 4050 1740 4106 refecti
1761 4064 2087 4106 sacramen-

439 4139 514 4195 tis
546 4139 799 4209 gaudiis,
847 4137 1145 4210 supplices
1167 4141 1242 4203 te,
1277 4137 1546 4206 Domine,
1579 4139 1976 4212 deprecamur
2003 4143 2082 4203 ut,

442 4243 703 4300 quorum
735 4225 1065 4298 gloriamur
1090 4225 1424 4299 triumphis,
1441 4232 1816 4300 protegantur
1835 4227 2081 4284 auxiliis.

439 4317 563 4374 Per.

545 4429 586 4469 ν
609 4429 737 4470 IDUS
751 4426 1095 4469 NOVEIIBRIS.
1130 4443 1197 4453 --
1227 4429 1460 4471 NATALIS
1489 4429 1676 4470 SANCTI
1707 4429 1978 4470 THIODORI

1126 4519 1398 4559 MARTYBIS
1411 4547 1420 4560 .

513 4599 689 4663 Deus,
721 4597 824 4671 qui
850 4611 962 4655 nos
991 4598 1151 4656 beati
1197 4599 1486 4656 Theodori
1523 4601 1800 4673 martyris
1845 4602 1924 4657 tui
1948 4615 2086 4656 con-

439 4689 698 4746 fessione
713 4687 972 4759 gloriosa
985 4689 1314 4745 circumdas
1331 4694 1384 4745 et
1400 4690 1903 4762 protegis,preesta
1919 4688 2086 4745 nobis

439 4778 568 4850 ejus
597 4777 924 4832 imitatione
970 4777 1274 4848 proﬁcere,
1326 4781 1384 4832 et
1412 4779 1677 4834 oratione
1705 4778 1912 4834 fulciri.
1955 4778 2080 4833 Per.

511 4875 917 4946 Superoblata.
941 4905 1012 4916 —-
1032 4874 1297 4954 Suscipe,
1318 4875 1582 4940 Domine,
1599 4875 1866 4931 ﬁdelium
1882 4891 2086 4946 preces

441 4979 576 5020 cum
609 4962 1014 5020 oblationibus
1033 4963 1390 5029 Hostiarum,
1409 4968 1482 5031 et,
1502 4964 1896 5020 intercedente
1910 4963 2086 5019 beato

437 5051 747 5108 Theodoro
774 5059 1036 5125 martyre
1060 5057 1180 5118 tuo,
1205 5067 1310 5125 per
1324 5052 1452 5108 haec
1471 5053 1584 5125 piae
1598 5052 1930 5110 devotionis
1959 5051 2085 5108 οω-

439 5140 526 5197 cia
556 5141 633 5196 ad
658 5140 960 5197 ccelestem
980 5140 1231 5214 gloriam
1269 5145 1667 5198 transeamus.
1695 5142 1828 5198 Per.

511 5239 609 5294 Ad
633 5238 1065 5310 Complendum.
1082 5271 1150 5280 -—
1172 5239 1388 5295 Praesta
1414 5240 1610 5304 nobis,
1644 5239 2086 5312 Domine,qn&3-

441 5341 672 5394 sumus,
702 5326 1284 5384 intercedentebeato
1310 5327 1619 5382 Theodoro
1635 5334 1893 5400 martyre
1910 5333 2011 5383 tuo
2028 5330 2089 5382 ut

438 5433 576 5488 quae
605 5429 707 5472 ore
733 5415 1104 5486 contigimus,
1141 5431 1290 5487 pura
1333 5421 1530 5472 mente
1569 5416 1904 5488 capiamus.
1947 5416 2078 5471 Per.

507 5570 536 5602 α
570 5558 630 5612 In
671 5557 878 5630 Theod.
938 5555 1115 5611 sancti
1173 5556 1388 5630 Martini
1445 5556 1640 5630 festum
1696 5563 1920 5630 ponitur
1962 5562 2087 5613 ante

433 5634 546 5686 nat.
579 5629 755 5686 sancti
785 5627 1022 5696 Menum,
1055 5632 1108 5684 et
1152 5627 1342 5702 vigilia
1372 5629 1602 5685 sotemni
1633 5627 1993 5704 prmvenitur.

2117 4427 2164 4486 ι)

2195 3171 2322 3222 tum
2375 3167 2642 3238 praebuit.
2689 3168 2850 3224 Unde
2891 3175 3045 3224 tuam
3069 3170 3448 3226 clementiam
3481 3172 3740 3242 petimus
3785 3174 3851 3226 ut

2193 3255 2343 3326 ejus,
2374 3256 2477 3326 qui
2510 3256 2612 3312 tibi
2643 3257 2883 3328 placuit,
2902 3259 3190 3330 exemplis
3215 3259 3294 3314 ad
3335 3259 3485 3316 bene
3535 3254 3848 3328 agendum

2193 3343 2597 3409 informemur,
2651 3345 2874 3401 meritis
2906 3347 3258 3414 muniamur,
3313 3346 3843 3404 intercessionibus

2193 3430 2570 3502 adjuvemur,
2599 3434 2850 3505 qualiter
2877 3435 2953 3491 ad
2977 3437 3210 3492 omleste
3231 3451 3503 3506 regnum,
3539 3435 3636 3490 illo
3668 3437 3850 3492 inter-

2191 3521 2472 3588 veniente,
2527 3527 2581 3578 te
2629 3523 2972 3594 opitulante,
2997 3525 3304 3597 pervenire
3333 3539 3692 3580 mereamur.
3737 3524 3847 3580 Per

2195 3607 2512 3667 Christum.

2264 3707 2362 3762 Ad
2392 3707 3080 3778 Complendum.—Tua,
3098 3710 3366 3775 Domine,
3385 3713 3590 3767 sancta
3617 3724 3850 3766 sumen-

2195 3799 2300 3859 tes,
2319 3796 2658 3868 suppliciter
2681 3799 3096 3868 deprecamur,
3112 3803 3176 3854 ut
3197 3815 3454 3870 quorum
3490 3814 3851 3856 veneramur

2193 3883 2652 3951 confessionem,
2679 3886 2956 3956 praesidia
2987 3886 3329 3942 sentiamus.
3362 3889 3490 3944 Per.

2269 3983 2456 4052 Super
2481 3985 2796 4053 populum.
2846 4015 2911 4026 —
2958 3983 3210 4051 Exaudi,
3242 3984 3506 4048 Domine,
3548 3984 3848 4056 populum

2195 4073 2365 4125 tuum
2403 4077 2525 4128 tota
2577 4071 2678 4126 tibi
2722 4077 2914 4128 mente
2967 4073 3318 4143 subjectum,
3349 4078 3404 4128 et
3434 4072 3586 4128 beati
3621 4073 3848 4130 Martini

2195 4158 2494 4230 pontiﬁcis
2521 4159 2948 4232 supplicatione
2967 4161 3219 4231 custodi,
3240 4167 3320 4227 ut,
3338 4177 3577 4233 corpore
3593 4168 3648 4216 et
3669 4161 3855 4218 corde

2195 4251 2513 4318 protectus,
2537 4249 2701 4320 quod
2756 4249 2850 4320 pie
2889 4249 3072 4306 credit
3115 4255 3371 4322 appetat,
3413 4255 3471 4306 et
3495 4249 3660 4324 quod
3687 4250 3852 4321 juste

2197 4340 2398 4407 sperat
2425 4335 2709 4392 obtineat.
2745 4337 2878 4393 Per.

2337 4439 2376 4479 x
2413 4440 2684 4480 KALENDAS
2717 4440 3034 4482 occeuems.
3078 4457 3143 4465 ~-—
3167 4424 3196 4467 b
3226 4437 3449 4482 manus
3491 4443 3702 4482 sanans:

2889 4528 3118 4568 CIBCILIE
3131 4558 3144 4571 .

2269 4613 2441 4678 Deus,
2467 4610 2570 4682 qui
2611 4625 2720 4665 nos
2766 4625 2970 4666 annua
3025 4611 3214 4667 beatae
3269 4611 3511 4668 Caeciliae
3568 4612 3850 4684 martyris

2196 4703 2311 4755 tuae
2337 4698 2704 4754 solemnitate
2739 4699 2904 4772 141
2943 4700 3222 4767 laetificas,
3263 4700 3344 4757 da
3360 4709 3423 4756 ut
3454 4717 3634 4772 quam
3675 4717 3852 4758 vene-

2195 4803 2402 4844 ramur
2418 4787 2634 4854 ofﬁcio,
2668 4788 2847 4844 etiam
2879 4787 2994 4860 piae
3027 4787 3497 4846 conversationis
3521 4805 3852 4861 sequamur

2196 4875 2495 4946 exemplo.
2533 4877 2658 4932 Per.
2913 4865 2916 4868 ’

2265 4972 2452 5045 Super
2479 4973 2698 5030 oblata.
2730 5004 2801 5016 —
2827 4975 3192 5041 HaaeHostia,
3224 4973 3856 5048 Domine,placationis

2197 5067 2254 5118 et
2279 5061 2469 5118 laudis
2502 5079 2840 5133 quaesumus
2865 5068 2943 5132 ut,
2969 5063 3394 5120 interveniente
3420 5063 3597 5120 beata
3620 5062 3859 5120 Caecilia

2196 5156 2450 5223 martyre
2484 5157 2602 5220 tua,
2655 5169 2764 5208 nos
2797 5157 2898 5207 tua
2930 5151 3348 5224 propitiatione
3373 5151 3590 5222 dignos
3616 5167 3859 5222 semper

2198 5238 2440 5295 efﬁciat.
2480 5240 2608 5296 Per.

2266 5331 2569 5400 Prae/“alio.
2603 5361 2672 5372 —
2701 5333 2844 5386 Vere
2873 5329 3122 5398 dignum
3153 5329 3458 5400 etjustum
3487 5335 3593 5396 est,
3621 5344 3860 5401 aequum

2199 5423 2256 5476 et
2285 5419 2564 5484 salutare,
2595 5435 2705 5476 nos
2721 5419 2815 5474 tibi
2845 5423 3150 5490 semperet
3173 5418 3391 5491 ubique
3410 5417 3633 5490 gratias
3651 5431 3854 5488 agere,

2200 5632 2236 5689 ι)
2269 5559 2404 5686 thx
2436 5560 2602 5636 priori
2623 5561 2834 5624 Theod.
2900 5561 3002 5616 hoc
3055 5559 3252 5616 festum
3311 5576 3436 5618 cum
3489 5558 3679 5634 vigilia
3713 5556 3857 5614 cale.

2238 5649 2298 5688 ra
2325 5649 2412 5689 ur.

2238 5649 2388 5688 ratur
2397 5673 2412 5692 ο
