4092 6200
453 263 564 332 181

1711 263 1976 334 SANCTI
2013 263 2308 332 GEGORII
2349 267 2590 334 MAGNI

3737 263 3855 338 its!

450 401 576 462 litio
605 413 843 477 semper
867 399 1142 474 gaudere,
1177 405 1239 458 ut
1261 400 1423 476 apud
1441 401 1906 462 misericordiam
1937 403 2095 458 tuam
2123 404 2172 468 Α
2217 401 2404 462 beatae
2433 403 2625 462 Lucina
2655 401 2970 462 festivitate
2985 401 3338 476 gaudemus,
3361 402 3442 461 ita
3471 402 3583 478 piae
3597 401 3862 463 devotio-

454 493 741 566 exemplis
767 491 894 564 ejus
925 498 1312 564 protegamur
1331 497 1388 549 et
1415 493 1658 550 meritis.
1687 498 1812 550 Per.

431 599 635 646 ,rmout
709 599 983 641 KALENDAS
1059 598 1377 640 DECEIBRIS.
1457 615 1526 625 —
1599 599 1812 639 unus
1856 593 1884 626 ι
1915 587 2099 638 sanari

1151 689 1374 728 ANDBLE
1388 717 1400 730 .

521 761 884 834 Majestatem
917 765 1080 818 tuam
1113 763 1429 834 supplices,
1463 763 1732 826 Domine,
1760 777 2100 824 exoramus,

453 855 518 908 ut
549 852 702 908 sicut
726 850 1130 908 Ecclesitetuaa
1159 851 1370 908 beatus
1391 853 1659 910 Andreas
1685 850 1992 924 apostolus
2009 866 2104 905 ex-

455 941 595 998 stitit
619 942 971 1012 prmdicator
999 949 1055 996 et
1083 945 1294 1010 rector,
1325 941 1407 998 ita
1431 941 1595 1015 apud
1626 946 1678 998 te
1707 941 1898 1013 sitpro
1931 939 2104 996 nobis

453 1035 776 1102 perpetuus
799 1031 1176 1087 intercessor.
1216 1033 1349 1088 Per.

527 1118 1018 1186 Superoblala.—
1033 1119 1288 1176 Sacriﬁci
1300 1135 1398 1176 um
1415 1118 1814 1185 nostrumtibi,
1837 1116 2101 1180 Domine,

457 1207 992 1281 qumsumus,beati
1017 1208 1264 1264 Andreae
1295 1209 1552 1280 precatio
1583 1213 1787 1266 sancta
1809 1205 2101 1272 conciliet,

459 1301 521 1352 ut
547 1297 720 1369 cujus
745 1296 968 1354 honore
982 1297 1164 1354 solem
1175 1297 1322 1354 niter
1335 1297 1645 1354 exhibetur
1657 1296 1879 1354 meritis
1891 1295 2104 1354 efﬁcia-

457 1389 552 1442 tur
571 1391 905 1458 acceptum.
947 1385 1054 1442 Per
1091 1387 1400 1444 Dominum
1430 1391 1721 1444 nostrum.

527 1475 828 1546 Praefatio.
854 1505 925 1517 -—
947 1477 1090 1530 Vere
1103 1475 1356 1546 dignum
1379 1477 1671 1546 etjustum
1688 1479 2036 1548 est,mquum
2051 1477 2108 1530 et

459 1563 730 1630 salutare,
764 1579 875 1620 nos
907 1563 1010 1620 tibi
1034 1581 1254 1636 semper
1310 1570 1366 1620 et
1392 1565 1605 1637 ubique
1645 1565 1866 1636 gratias
1911 1578 2104 1634 agere,

461 1653 708 1709 Domine
753 1657 974 1720 sancte,
1011 1653 1180 1709 Pater
1203 1654 1608 1726 omnipotens,
1643 1660 1859 1710 aeterne
1891 1654 2046 1708 Deus
2087 1669 2100 1708 :

2209 493 2302 549 nis
2333 494 2681 550 erudiamur
2706 493 2939 551 eﬁ'ectu.
2963 495 3093 554 Per.
3447 541 3456 548 .

2280 583 2484 653 Super.
2499 584 2719 640 oblata.
2739 616 2802 628 ——
2827 586 3204 651 Quaesumus,
3223 583 3496 640 virtutum
3529 583 3860 640 cmlestium

2211 670 2386 736 Deus,
2407 677 2472 728 ut
2495 673 2908 746 sacrificiapro
2929 679 3142 729 sanctae
3159 679 3272 728 tum
3295 673 3478 728 Lucina
3491 672 3672 728 solem
3683 673 3860 730 nitate

2209 759 2410 818 delata
2433 762 2793 820 desiderium
2851 779 2964 818 nos
3011 761 3336 835 temporale
3357 762 3612 818 doceant
3639 761 3860 818 habere

2211 855 2642 923 contemptum,
2657 857 2714 908 et
2727 852 2950 908 ambire
2963 851 3119 908 dona
3137 849 3702 910 faciantcmlestium
3715 866 3861 922 gau-

2212 937 2474 998 diorum.
2515 943 2642 998 Per.

2283 1029 2374 1084 Ad
2395 1030 2829 1099 Complendum.
2853 1061 2922 1072 --
2943 1029 3745 1100 Laeti,l)omine,sumpsimns
3769 1043 3866 1087 sa-

2213 1119 3392 1191 cramentacoelestiaqum,intercedente
3413 1134 3522 1189 pro
3533 1116 3702 1174 nobis
3723 1117 3866 1174 bea-

2215 1211 2274 1264 ta
2301 1208 2477 1264 Lucia
2507 1213 2764 1280 martyre
2805 1215 2927 1278 tua,
2975 1213 3052 1264 ad
3103 1209 3286 1266 vitam
3333 1206 3510 1266 nobis
3549 1206 3868 1280 proﬁciant

2216 1299 2658 1370 sempiternam.
2695 1299 2798 1354 Per
2821 1298 3162 1354 Dominum.

2285 1387 2440 1442 Alia.
2468 1418 2536 1429 —
2580 1387 2924 1443 lntercessio
2967 1403 3098 1454 nos,
3163 1387 3431 1450 Domine,
3488 1401 3864 1460 quaesumus,

2215 1483 2428 1532 sanctae
2445 1477 2636 1532 Lucius
2659 1477 2936 1548 martyris
2951 1481 3064 1534 tuae
3083 1476 3280 1534 votiva
3307 1475 3708 1540 confoveat,ut
3731 1475 3864 1546 ejus

2215 1573 2448 1622 sacrata
2477 1566 2748 1622 natalitia
2775 1585 2804 1620 e
2859 1566 3260 1637 temporaliter
3311 1565 3776 1638 frequentemus,
3807 1569 3868 1620 et

2217 1655 2656 1726 conspiciamus
2677 1659 2924 1712 aeterna.
2946 1655 3056 1711 Per
3087 1655 3406 1712 Dominum
3437 1659 3736 1712 nostrum.

461 1741 1415 1818 (506)quoniamadestnobisdies
1433 1743 2179 1829 magniﬁcivotivamys-B
2219 1762 2296 1798 xu
2335 1761 2608 1800 “caunas
2655 1761 2923 1802 JANUARII.
2991 1775 3064 1786 --
3136 1761 3367 1800 mnus
3400 1757 3425 1786 ο
3485 1760 3670 1800 εΑΝοτι
3729 1758 3868 1799 reo-

460 1830 586 1886 terii
609 1847 726 1902 qua
747 1831 1107 1886 venerandus
1133 1831 1401 1886 Andreas
1420 1832 1723 1902 apostolus
1751 1847 2106 1902 germanum

463 1934 526 1974 se
551 1918 794 1990 gloriosi
810 1918 1060 1991 apostoli
1077 1921 1160 1974 tui
1171 1921 1319 1974 Petri
1336 1925 1448 1975 tam
1461 1919 1884 1992 praedicatione
1897 1920 2108 1976 Christi

463 2009 546 2064 tui
573 2023 756 2081 quam
785 2009 1234 2064 conversatione
1263 2010 1624 2077 monstravit,
1643 2015 1702 2064 ut
1724 2009 1780 2064 id
1809 2007 1840 2050 ι)
1868 2009 2030 2081 quod
2045 2008 2108 2064 li-

456 2097 602 2154 bera
623 2098 1209 2170 praedicaveratvoce
1239 2101 1385 2170 (507)
1415 2115 1522 2154 nec
1537 2099 1805 2171 pendens
1839 2097 2013 2171 144
2033 2103 2112 2156 ta-

464 2191 618 2243 ceret
643 2187 702 2243 in
735 2203 928 2256 cruce,
957 2191 1380 2259 Auctotemque
1409 2188 1544 2244 vitae
1582 2188 1859 2259 perennis
1889 2193 2011 2244 tam
2050 2189 2111 2243 in

461 2273 576 2332 hac
597 2275 722 2332 vita
747 2277 1106 2349 sequiquam
1121 2277 1183 2332 id
1205 2277 1412 2333 mortis
1427 2291 1642 2346 genere
1655 2278 1859 2332 meruit
1879 2277 2108 2344 imitari,

461 2368 528 2420 ut
554 2365 722 2435 cujus
753 2371 1047 2437 praecepto
1073 2369 1298 2421 terrena
1340 2366 1400 2421 in
1431 2367 1790 2438 semeptipso
1815 2365 2113 2422 crucifixe-

460 2457 554 2508 rat
581 2452 903 2518 desideria,
934 2453 1064 2524 ejus
1091 2454 1514 2526 exemploipse
1529 2455 2102 2526 patibuloﬁgeretur.

465 2541 708 2614 Utrique
729 2541 906 2612 igitur
943 2542 1216 2612 germani
1241 2543 1586 2614 piscatores,
1607 2544 1788 2599 ambo
1814 2559 1987 2598 cruce
1999 2542 2112 2598 ele-

462 2630 770 2686 vanturad
795 2629 1034 2696 cmlum,
1057 2635 1288 2702 utquos
1307 2632 1365 2686 in
1379 2631 1559 2702 hujus
1573 2633 1704 2688 vitm
1722 2649 1898 2687 cursu
1923 2633 2110 2700 gratia

460 2722 564 2774 tua
595 2723 678 2774 tot
713 2717 966 2774 vinculis
998 2719 1234 2790 pietatis
1249 2718 1781 2785 obstrinxerat,hos
1803 2719 2110 2776 immarce-

461 2807 682 2863 scibilis
695 2808 756 2862 in
770 2822 955 2878 regno
975 2807 1250 2864 caelorum
1265 2813 1524 2866 necteret
1535 2825 1783 2865 corona.
1805 2812 1867 2864 Et
1893 2825 1928 2880 q
1939 2809 2108 2864 uibus

459 2905 584 2953 erat
611 2911 733 2952 una
759 2913 942 2952 causa
967 2897 1327 2959 certaminis,
1385 2913 1508 2954 una
1537 2897 1842 2954 retributio
1873 2903 2028 2953 esset
2052 2903 2108 2954 et

457 2985 702 3059 praemii.
737 2985 845 3041 Pcr
874 3001 1050 3058 quem
1079 2987 1444 3057 Majestatem
1484 2991 1674 3047 tuam.

527 3083 976 3138 Benedictionem
1008 3085 1258 3154 require,
1294 3083 1445 3156 (508)
1469 3083 1532 3140 in
1568 3083 1788 3141 natali.

529 3181 622 3236 .id
649 3181 1183 3246 Complendum.—
1213 3181 1610 3253 Sumpsimns,
1631 3179 2110 3248 Domine,rlivina

455 3267 760 3340 mysteria,
775 3269 934 3324 beati
947 3269 1197 3325 Andreae
1220 3269 1533 3326 festivitate
1547 3270 1833 3337 laetantes,
1851 3286 1985 3343 qum
2001 3271 2110 3326 sic-

455 3363 520 3414 ut
551 3357 663 3414 tuis
693 3358 913 3413 sanctis
943 3358 1020 3414 ad
1049 3357 1324 3427 gloriam,
1351 3359 1644 3426 itanobis,
1671 3361 2106 3430 quassumus,ad

453 3446 690 3502 veniam
725 3447 1010 3518 prodesse
1043 3445 1342 3519 perﬁcies.
1367 3447 1474 3502 Per
1505 3447 1852 3505 Dominum.

525 3544 623 3599 Ad
659 3544 950 3614 Vesperos.
975 3575 1046 3586 -—
1085 3545 1170 3600 Da
1202 3545 1401 3610 nobis,
1449 3561 1810 3616 qumsumus,
1861 3545 2108 3601 Domine

453 3633 606 3690 Deus
635 3639 857 3700 noster,
879 3633 1039 3690 beati
1069 3633 1322 3704 apostoli
1347 3635 1429 3690 tui
1455 3634 1702 3690 Andreae
1741 3637 2109 3691 intercessio-

451 3723 635 3779 nibus
662 3723 976 3790 sublevari,
1001 3727 1064 3778 ut
1093 3723 1238 3794 (509)
1264 3739 1370 3794 per
1392 3739 1545 3796 quos
1570 3724 1838 3779 Ecclesiae
1865 3729 1979 3779 tuae
2011 3741 2108 3779 su-

451 3811 618 3883 perni
647 3811 908 3866 muneris
939 3811 1276 3866 rudimenta
1303 3812 1672 3882 donasti,per
1696 3828 1800 3867 eos
1833 3811 2109 3868 subsidia

453 3905 756 3971 perpetuae
772 3897 978 3953 salutis
995 3897 1330 3968 impendas.
1353 3898 1456 3953 Per
1483 3900 1798 3954 Dominum
1817 3905 2103 3955 nostrum.

525 3997 686 4052 Alia.
718 4027 788 4037 —
816 3994 1063 4060 Exaudi.
1103 3994 1372 4060 Domine,
1407 3995 1684 4066 populum
1735 4003 1900 4051 tuum
1969 4013 2106 4052 cum

455 4081 642 4135 sancti
661 4081 908 4151 apostoli
925 4081 1002 4136 tui
1033 4082 1282 4137 Andreas
1307 4083 1638 4156 patrocinio
1655 4082 2104 4155 supplicantem,

457 4171 522 4223 ut
551 4171 652 4223 tuo
681 4183 918 4241 semper
956 4169 1178 4225 auxilio
1209 4186 1420 4226 secura
1447 4170 1550 4226 tibi
1576 4171 1763 4242 possit
1792 4171 2106 4228 devotione

457 4256 678 4312 servire
691 4298 704 4311 .
743 4259 874 4314 Per.

455 4370 632 4410 lBlDUS
663 4368 996 4413 DECEMBRIS.
1031 4385 1099 4395 ·-·
1127 4371 1348 4412 NA'I‘ALIS
1385 4373 1596 4413 SANCT£
1643 4373 1811 4414 LUCLB
1852 4374 2104 4414 VIRGINIS.

2839 1850 2926 1890 ΜΕ
2969 1849 3248 1890 APOSTOLI.

2289 1923 2374 1978 Da
2393 1922 2587 1986 nobis,
2613 1938 2984 1994 quaesumus,
3015 1923 3286 1984 Domine,
3317 1922 3468 1978 beati
3511 1921 3760 1995 apostoli
3781 1921 3866 1977 tui

2217 2012 2451 2068 Thomas
2469 2011 2950 2067 solemnitatibus
2963 2012 3292 2081 gloriari,ut
3303 2012 3434 2082 ejus
3451 2027 3574 2066 sem
3585 2012 3732 2082 per!
3747 2009 3866 2084 45

2220 2105 2276 2158 et
2301 2101 2641 2172 patrociniis
2677 2101 3070 2168 sublevemur,
3096 2105 3152 2156 et
3173 2100 3348 2156 ﬁdem
3381 2115 3645 2171 congrua
3690 2099 3872 2154 devo-

2222 2192 2378 2248 tione
2397 2195 2708 2246 sectemur.
2743 2193 2865 2244 Per.

2290 2289 2488 2358 Super
2514 2289 2814 2344 oblata.—
2845 2285 3137 2350 Debitum,
3159 2285 3427 2352 Domine,
3447 2289 3662 2342 nostra:
3679 2284 3875 2340 reddi-

2221 2391 2354 2431 mus
2381 2376 2693 2445 servitutis,
2729 2375 3076 2446 suppliciter
3101 2381 3429 2436 exorantes,
3473 2381 3536 2430 ut
3566 2371 3872 2440 suffragiis

2219 2463 2378 2519 beati
2407 2464 2646 2520 Thomas
2677 2465 3006 2535 apostoliin
3031 2462 3204 2519 nobis
3231 2467 3332 2518 tua
3351 2478 3602 2518 munera
3617 2461 3870 2526 tuearis,

2219 2553 2387 2622 cujus
2413 2552 2759 2608 honorando
2800 2551 3254 2617 confessionem,
3287 2551 3483 2606 laudis
3509 2549 3610 2606 tibi
3637 2549 3871 2606 hostias

2219 2641 2613 2697 immolemus.
2639 2641 2745 2696 Per
2785 2641 3104 2696 Dominum
3145 2649 3436 2697 nostrum.

2285 2740 2582 2810 Praefatio.
2625 2771 2690 2778 —
2721 2741 2863 2794 Vere
2891 2739 3141 2810 dignum
3168 2744 3224 2794 et
3263 2739 3490 2809 justum
3515 2741 3868 2809 est,a2quum

2217 2832 2274 2884 et
2302 2827 2706 2896 salutare,nos
2737 2827 2840 2881 tibi
2869 2843 3096 2898 semper
3118 2827 3410 2898 etubique
3423 2826 3641 2898 gratias
3665 2839 3868 2894 agere,

2217 2915 2466 2972 Domine
2503 2919 2724 2980 sancte,
2759 2915 2928 2970 Pater
2955 2915 3356 2985 omnipotens,
3405 2919 3620 2970 aeterne
3651 2914 3800 2968 Deus
3853 2928 3868 2967 :

2217 3005 2320 3077 qui
2337 3003 2656 3059 Ecclesiam
2672 3009 2824 3058 tuam
2843 3005 2900 3058 in
2915 3003 3256 3074 apostolicis
3270 3003 3527 3058 tribuisti
3547 3001 3876 3057 consistere

2219 3091 2646 3160 fundamentis,
2665 3091 2738 3148 de
2756 3108 3006 3164 quorum
3023 3091 3270 3162 collegio
3287 3091 3438 3146 beati
3469 3091 3706 3146 Thom!!!
3725 3105 3876 3160 apo-

2219 3181 2352 3238 stoli
2373 3183 2456 3236 tui
2481 3181 2772 3236 solemnia
2799 3181 3187 3242 celebrantes.
3209 3187 3330 3246 tua,
3353 3181 3615 3244 Domine,
3645 3193 3874 3251 praeco-

2216 3269 2318 3326 nia
2345 3285 2462 3325 non
2495 3274 2820 3325 taceamus.
2853 3270 2960 3325 Per
2997 3271 3309 3325 Dominum
3349 3273 3643 3324 nostrum.

2279 3361 2342 3414 Β.
2368 3359 2434 3424 0.
2473 3358 2685 3413 Bened.
2719 3359 2776 3414 in
2797 3358 2993 3414 natali.

2287 3456 2376 3512 Ad
2399 3457 2844 3525 Complendum.
2865 3487 2929 3496 —
2959 3456 3268 3521 Conserva,
3286 3455 3553 3519 Domine,
3581 3453 3868 3526 populum

2217 3550 2406 3610 tuum,
2431 3551 2486 3600 et
2507 3561 2686 3617 quem
2703 3551 3030 3599 sanctorum
3059 3549 3298 3599 tuorum
3331 3541 3616 3615 prmsidiis
3631 3557 3750 3596 non
3765 3539 3868 3595 de-

2217 3633 2360 3688 sinis
2393 3633 2696 3704 adjuvare,
2719 3633 2988 3706 perpetui
3013 3631 3201 3687 tribus
3257 3631 3516 3702 gaudere
3559 3628 3866 3685 remediis.

2217 3721 2350 3778 Per.

2285 3819 2464 3889 Super
2480 3821 2788 3890 papulum.
2805 3817 3622 3890 —Da,quaesumus,Domine,
3641 3815 3870 3888 populo

2217 3911 2340 3974 tuo,
2373 3909 2648 3978 Spiritum
2706 3908 2968 3963 veritatis
3007 3915 3062 3962 et
3109 3909 3290 3978 pacis,
3347 3911 3421 3972 et,
3473 3905 3874 3962 intercedente

2215 3995 2386 4052 beato
2399 3997 2618 4052 Thoma
2634 3997 2904 4068 apostolo
2921 4001 3100 4060 tuo,et
3111 4001 3164 4052 te
3179 4001 3300 4052 tota
3315 4001 3508 4050 mente
3523 4001 3872 4062 cognoscat,

2215 4092 2272 4140 et
2291 4101 2422 4156 qua:
2447 4085 2550 4140 tibi
2569 4091 2706 4140 sunt
2735 4085 2952 4158 placita
2981 4091 3104 4140 toto
3119 4085 3296 4140 corde
3329 4089 3601 4139 sectetur.
3631 4083 3733 4138 Per
3763 4084 3876 4137 Do-

2217 4175 2448 4229 minum
2471 4179 2740 4229 nostrum
2769 4177 2972 4229 Jesum
3005 4173 3328 4228 Christum.

2289 4269 2436 4341 (510)
2475 4285 2668 4324 meum
2707 4269 2733 4310 ά
2763 4285 2904 4326 οιωο
2969 4287 3034 4323 an
3075 4283 3362 4326 accessum
3421 4283 3789 4325 DEDICANDAM.

2217 4368 2500 4424 Primitus
2512 4368 2664 4424 enim
2679 4373 2996 4439 antequam
3007 4369 3276 4438 ponti/ea:
3293 4373 3544 4422 introeat
3556 4367 3872 4438 ecclesiam,

529 4451 756 4508 Exaudi
786 4467 920 4522 nos,
955 4455 1104 4509 Deus
1136 4452 1412 4512 salutaris
1473 4461 1698 4522 noster,
1741 4462 1801 4512 ut
1833 4455 1983 4512 sicut
2035 4457 2107 4512 de

2231 4457 2342 4526 [t5l
2359 4455 2816 4528 l)illuminentur
2827 4472 2896 4510 xu
2911 4455 3165 4512 candela
3173 4471 3282 4525 per
3293 4455 3592 4512 circuitum
3605 4455 3876 4512 ecclesia:

527 4621 554 4654 ι
585 4611 648 4686 In
677 4610 912 4668 Kalend.
951 4613 1111 4670 Rom.
1161 4613 1539 4686 praescribitur
1591 4613 1856 4686 Evangel.
1907 4617 2110 4672 Ambu-

461 4682 958 4766 lans_.t_esusju:ctq
987 4682 1174 4766 mare,
1196 4684 1248 4738 in
1277 4686 1422 4757 quod
1447 4687 1672 4741 homilia
1697 4687 1730 4742 5
1749 4682 1933 4742 sancti
1983 4688 2110 4743 Gre-

458 4754 600 4826 gorii
637 4755 839 4824 legitur
872 4753 1084 4812 habita.
1297 4753 1310 4757 ⁷

463 4899 472 4904 _
530 4823 559 4866 ι)
591 4825 666 4878 Ex
693 4825 780 4880 his
807 4827 1238 4904 corroborentur
1277 4829 1403 4904 acta
1431 4827 1603 4882 sancti
1640 4827 1876 4904 Andr-ere
1899 4827 2114 4904 proba-

459 4899 787 4970 turquenon
821 4897 898 4970 ita
929 4903 1198 4970 recentem
1215 4897 1615 4970 fuissgeorum
1653 4897 2102 4970 publicationem.

531 4965 732 5044 cNihil
759 4965 994 5044 habetur
1017 4968 1084 5022 de
1109 4975 1310 5044 sancto
1353 4968 1562 5044 Thoma
1607 4965 1668 5023 in'
1703 4971 1926 5044 (lodice
1961 4973 2102 5044 Reg.

463 5037 657 5102 Suec.,
687 5037 742 5112 in
767 5037 1000 5104 Calensi,
1033 5045 1086 5093 et
1107 5039 1424 5112 iniKalend.
1469 5043 1658 5102 Rom.,
1692 5041 1784 5095 ubi
1819 5037 2110 5112 assignan-

458 5114 548 5182 tur
569 5115 694 5182 post
716 5107 914 5182 festum
934 5111 1354 5182 sanctmrLucite
1373 5119 1626 5182 quatuor
1639 5107 1962 5168 Dominica}
1981 5119 2116 5169 ante

459 5179 674 5252 Natale
701 5181 964 5252 Domini.
1007 5181 1168 5252 Apud
1227 5179 1546 5248 Pamelium,
1577 5190 1950 5238 consentiente
1997 5187 2104 5239 Ms.

461 5249 698 5318 Calensi,
733 5251 937 5322 legituo
969 5271 980 5309 :
1017 5249 1091 5306 De
1121 5253 1367 5307 adventu
1403 5253 1636 5308 Domini
1671 5256 1966 5310 Dominica
2001 5257 2116 5314 -l.et

461 5329 877 5392 consequenter
905 5323 1208 5378 Dominica
1251 5323 1302 5386 2,
1359 5330 1474 5380 etc.
1547 5325 1684 5380 Post
1729 5327 2026 5382 Sabbatum
2051 5328 2113 5382 in

461 5393 764 5468 duodecim
799 5394 1134 5468 lectionibus
1160 5411 1254 5468 seu
1287 5401 1518 5468 quatuor
1585 5402 1756 5466 temp.
1823 5399 1965 5468 apud
2019 5401 2114 5451 Pa-

465 5463 678 5518 melium
725 5463 988 5520 inseritur
1050 5463 1413 5518 officium—de
1467 5473 1656 5518 sancto
1698 5463 1934 5530 'Thouia,
2018 5468 2112 5522 sed

461 5533 606 5606 intra
635 5535 864 5606 uncinos
891 5535 1390 5606 comprehenditur.
1435 5535 1509 5588 De
1545 5537 1836 5591 Dominicis
1903 5536 2112 5592 Adven-

465 5605 988 5680 tus_infra_habetur
1017 5604 1295 5680 :pt'ticium
1355 5605 1410 5659 in
1473 5605 1576 5662 Ed.
1619 5607 1810 5680 Angeli
1841 5609 2034 5665 ﬂocces
2061 5614 2114 5664 et

466 5673 524 5732 in
539 5675 706 5732 altera
733 5675 984 5748 Hugonis
1013 5675 1280 5744 Menardi,
1301 5693 1462 5750 quam
1491 5673 1762 5751 sequitur,

2291 4614 2320 4656 (ι
2349 4616 2426 4670 De
2453 4615 2702 4670 ecélesim
2733 4613 3076 4669 dedtcatione
3114 4631 3220 4668 non
3246 4621 3417 4684 agunt
3439 4613 3538 4668 hoc
3567 4613 3688 4668 loco
3723 4615 3864 4670 Mss.

2223 4687 2412 4752 nostri,
2448 4687 2540 4740 sed
2566 4686 2694 4740 alibi
2725 4685 3020 4750 fusissime,
3053 4685 3286 4740 maxime
3324 4685 3556 4750 Gemet.,
3589 4684 3680 4738 ubi
3707 4685 3874 4739 etiam

2221 4757 2545 4812 describitur
2567 4762 2737 4812 totum
2769 4757 3006 4810 officium
3031 4763 3352 4810 nocturnum
3385 4755 3451 4810 de
3503 4755 3873 4818 dedicatione,

2222 4827 2519 4897 assignatis
2543 4827 2824 4882 duodecim
2849 4825 3082 4898 Psalmis
3114 4843 3236 4898 cum
3274 4825 3508 4898 singulis
3541 4825 3878 4898 Antiphonis

2223 4915 2286 4952 ex
2327 4899 2684 4969 prsesvrpipto
2733 4915 2848 5021 reg.
2883 4897 3060 4952 sancti
3099 4897 3395 4952 Benedicti.
3443 4898 3646 4952 Psalmi
3681 4897 3882 4952 autem

2225 4986 2328 5021 non
2367 4975 2652 5021 sumuntur
2677 4969 2743 5021 de
2812 4969 2943 5021 eria.
2993 4967 3088 5021 sed
3140 4985 3204 5021 ex
3234 4969 3568 5021 diversarum
3621 4967 3882 5021 feriarum

2225 4967 2336 5023 non
2367 4967 2652 5022 sumuntur
2677 4969 2743 5023 de
2791 4967 2943 5024 feria.
2993 4967 3088 5022 sed
3140 4985 3204 5022 ex
3234 4969 3568 5023 diversarum
3621 4967 3882 5022 feriarum

2223 5039 2452 5111 Psalmis
2477 5040 2672 5095 delecti
2727 5045 2874 5094 sunt.
2911 5039 3061 5096 Unde
3113 5039 3283 5110 liquet
3311 5039 3583 5111 quomodo
3609 5045 3737 5111 tunc
3799 5039 3886 5093 in-

2223 5110 2560 5178 telligeretur
2586 5111 2726 5181 quod
2751 5113 3056 5180 pecernitur
3079 5127 3206 5181 cap.
3265 5110 3468 5180 “reg.
3507 5111 3682 5164 sancti
3713 5110 3892 5166 Bene-

2223 5127 2560 5178 temgeretur
2586 5127 2726 5181 quon
2751 5127 3056 5180 pecernuur
3079 5127 3144 5164 ca
3195 5157 3206 5168 .
3265 5127 3328 5164 is
3355 5127 3468 5180 reg.
3507 5127 3682 5164 sancti
3713 5127 3890 5166 uene-

2223 5181 2349 5236 dicti
2379 5201 2390 5236 :
2423 5127 3368 5250 Insanctorumfestivitatiguswel
3386 5182 3650 5236 omnibus
3677 5183 3890 5238 solem-

2223 5255 2524 5316 nilatibus,
2557 5253 2702 5308 sicut
2731 5253 2981 5307 (titinius
3011 5254 3314 5308 Dominicn
3337 5253 3427 5308 die
3455 5253 3762 5322 agendum,
3805 5254 3894 5308 ita

2221 5332 2666 5394 agatur-,exceplo
2677 5324 2826 5394 quod
2837 5323 3042 5378 Psalmi
3055 5331 3152 5378 aut
3183 5325 3512 5394 Antiphonta
3523 5325 3606 5394 uel
3621 5323 3895 5394 lectiones

2223 5395 2296 5450 ad
2321 5395 2497 5466 ipsum
2521 5393 2671 5450 diem
2688 5393 3042 5466 pertinentes
3067 5393 3362 5466 dicantur.
3395 5395 3450 5447 In
3479 5393 3620 5448 lidit.
3659 5393 3881 5466 Pamel.

2225 5464 2556 5521 contractius
2605 5464 2964 5520 est—officium
3015 5466 3066 5519 in
3120 5465 3480 5536 dedicatione,
3547 5464 3888 5536 omninoviue

2223 5537 2522 5593 diversum.
2564 5537 2828 5592 Pauciora
2859 5539 3034 5590 adhuc
3076 5535 3238 5590 habet
3269 5536 3452 5590 Codex
3487 5538 3624 5598 Reg.
3699 5537 3878 5595 Suec.

2227 5609 2298 5662 At
2317 5615 2549 5681 uterque
2581 5607 2791 5681 Theod.
2833 5609 2992 5681 longe
3047 5609 3202 5679 plura
3247 5613 3307 5681 et
3365 5605 3638 5681 longiora,
3683 5607 3745 5661 In
3789 5606 3887 5681 his

2210 5679 2421 5753 legitur
2445 5677 2762 5741 benedictio
2803 5679 2876 5734 ad
2920 5677 3138 5750 signum
3191 5677 3642 5752 ecclesia—quod,
3687 5677 3884 5752 appel-
