4086 6198
206 286 300 352 187

1392 268 1601 343 unas
1640 264 2311 355 SAGRAMBNTORUM.

3436 273 3560 346 'tttb

201 414 455 477 stanterin
469 417 683 471 sancta
695 409 972 470 trinitatis
981 409 1098 469 fide
1111 409 1398 470 catholica
1411 413 1798 484 perseverent.
1834 408 1879 470 Α
1911 416 2006 467 cto
2017 416 2138 467 tuos
2152 410 2311 468 licari
2329 414 2542 486 tneque
2554 410 2942 471 habitationis
2954 410 3087 471 loca
3099 411 3302 472 vocari
3325 412 3564 472 voluisti

202 511 288 565 Per
300 506 587 564 Dominum
600 508 866 559 nostrum
880 504 1079 559 Iesum
1094 496 1390 559 Christum
1408 502 1602 558 Filium
1619 506 1798 567 tuum,

202 598 283 672 qui
304 601 469 652 tecum
494 594 926 662 vivitetregnat
949 594 1176 649 Deusin
1208 592 1427 648 unitate
1440 590 1726 662 ejusdem.

200 686 321 755 (5&9)
344 686 451 752 Ipsa
480 682 736 751 expleta,
767 683 972 750 incipit
1003 682 1390 751 Antiphonam
1434 679 1696 735 lntroibo
1722 674 1799 733 ad

200 774 346 832 altare
371 772 463 826 Dei
491 771 833 840 mei,ipsam
894 772 1182 836 canendo,
1206 786 1338 827 cum
1376 770 1504 841 ipso
1544 768 1794 825 Psalmo.

205 864 337 919 Vadit
360 868 489 918 ante
516 862 735 927 altare,
760 861 908 932 (550)
938 867 992 917 et
1016 860 1217 931 fundit
1244 862 1401 933 quod
1426 859 1710 915 remansit
1733 857 1800 913 de

193 955 297 1021 ipsa
321 965 465 1021 aqua
492 950 574 1006 ad
594 950 777 1006 basim
806 950 1034 1006 altaris.
1070 951 1143 1004 Et
1165 950 1493 1018 c.v’ergitur
1511 949 1705 1004 altare
1729 946 1800 1002 de

193 1041 329 1096 linteo
348 1056 365 1103 ;
393 1039 537 1106 (551)
565 1048 767 1106 postea
796 1038 969 1107 σθεν(
992 1040 1270 1100 incesum,
1302 1044 1354 1092 et
1386 1037 1564 1092 mittit
1603 1036 1793 1091 oleum

190 1144 334 1198 super
355 1128 555 1194 altare,
577 1127 727 1198 (552)
750 1127 810 1182 in
840 1127 1030 1183 medio
1046 1140 1273 1189 crucem
1288 1127 1533 1193 faciens,
1556 1134 1607 1181 et
1629 1138 1798 1193 super

185 1223 387 1289 quatuor
396 1216 633 1285 angulos
648 1232 777 1271 cum
788 1216 831 1271 Α
842 1215 1119 1287 ntiphona
1131 1216 1385 1271 canendo
1400 1212 1793 1281 ErexitJacob,

188 1320 288 1361 cum
310 1306 525 1360 Psctmo
544 1304 697 1377 (553)
734 1305 1134 1361 Fundamenta
1148 1304 1277 1375 ejus
1304 1304 1489 1374 ;(554)
1516 1306 1569 1359 et
1582 1302 1796 1371 unguit

184 1410 278 1450 cum
302 1408 472 1449 manu
492 1409 598 1448 suo
620 1394 806 1465 ipsum
837 1393 1103 1465 lapidem,
1134 1408 1355 1464 semper
1412 1394 1707 1448 incensum
1732 1391 1795 1445 in

185 1483 392 1539 circuitu
418 1483 592 1553 ipsius
618 1484 827 1539 altaris
847 1483 963 1539 alio
979 1483 1271 1539 sacerdote
1295 1482 1572 1551 faciente.
1637 1480 1791 1545 Post,

186 1572 306 1643 (555)
331 1571 543 1642 expleto
572 1573 835 1635 Psatmo,
864 1572 1046 1627 mittit
1077 1573 1289 1628 iterum
1317 1572 1505 1627 oleum
1531 1569 1797 1625 similiter

182 1660 301 1716 sicut
321 1660 478 1730 prius
490 1662 761 1716 canendo
776 1660 821 1715 Α
833 1662 1176 1732 ntiphonam
1194 1661 1348 1729 (556)
1368 1662 1529 1715 Mane
1543 1672 1795 1726 surgens

1910 502 2129 573 quique
2143 517 2248 573 per
2258 501 2554 558 famulum
2571 510 2736 560 tuum
2754 506 2999 576 Moysen
3011 504 3369 561 vestimenta
3394 503 3563 576 ponti

1911 590 2104 646 ticalia
2132 595 2187 646 et
2225 592 2633 655 sacerdotalia;
2675 609 2777 648 seu
2802 594 3138 664 Leyitica,et
3159 593 3275 649 alia
3304 606 3562 665 quaeque

1909 678 2124 735 diversi
2146 681 2375 746 generis
2391 687 2745 737 ornamenta
2766 681 2843 737 ad
2859 684 3089 738 cultum
3114 688 3169 738 et
3183 682 3460 739 decorem
3480 687 3563 738 ta-

1909 767 2218 824 bernaculi
2244 775 2301 826 et
2326 769 2524 826 altaris
2546 770 2625 826 tui
2659 770 2781 825 ﬁeri
2813 764 3125 827 decrevisti
3161 788 3174 837 ;
3204 771 3562 844 exaudipro-

1910 858 2082 927 pitius
2103 873 2309 929 preces
2342 864 2579 914 nostras
2608 864 2664 914 et
2693 860 2896 914 omnia
2927 864 2984 914 et
3027 860 3402 915 diversarum
3431 875 3561 933 spe-

1908 944 2128 1001 cierum
2160 952 2532 1011 ornamenta,
2564 949 2623 1003 in
2658 963 2834 1003 usum
2864 953 2981 1004 tuae
3003 949 3177 1019 hujus
3194 948 3561 1006 basilicasvel

1908 1034 2110 1089 altaris
2131 1036 2210 1090 ad
2226 1036 2514 1091 honorem
2534 1043 2591 1092 et
2607 1037 2849 1108 gloriam
2876 1042 3037 1093 tuam
3060 1044 3391 1109 prteparata
3407 1038 3559 1108 (564)

1911 1123 2218 1195 puriﬁcare
2230 1131 2286 1179 et
2298 1126 2524 1181 sanctiﬁ
2535 1141 2666 1182 care
2681 1126 3019 1183 benedicere
3032 1133 3089 1182 et
3101 1142 3450 1183 consecrare
3460 1142 3563 1200 per

1908 1217 2130 1268 nostra;
2157 1213 2501 1270 humilitatis
2515 1215 2857 1272 servitutem
2880 1216 3161 1287 digneris,
3184 1222 3243 1271 ut
3271 1221 3326 1271 et
3346 1216 3562 1271 divinis

1908 1301 2160 1357 cultibus
2185 1302 2484 1373 sacrisque
2512 1304 2851 1361 ministeriis
2883 1311 3025 1377 apta
3056 1305 3321 1374 existant,
3385 1311 3440 1361 et
3469 1304 3562 1361 his

1908 1390 2260 1447 confectioni
2288 1392 2523 1464 corpori
2555 1400 2609 1449 et
2636 1394 2940 1463 sanguinis
2978 1395 3118 1449 Jesu
3175 1394 3384 1449 Chrisii
3438 1393 3562 1450 Filii

1907 1479 1990 1535 tui
2018 1480 2247 1535 Domini
2276 1481 2458 1536 nostri
2485 1480 2684 1549 dignis
2704 1487 2985 1554 pareatur
3009 1482 3416 1541 famulatibus.
3450 1483 3561 1549 Qui

1906 1572 2101 1623 tecum
2136 1569 2277 1623 vivit
2308 1574 2364 1625 et
2386 1575 2613 1641 regnat.

1977 1666 2018 1720 A
2033 1666 2133 1720 tia.
2153 1698 2219 1707 —
2240 1668 2391 1738 (563)
2411 1668 2802 1740 Omnipotens
2822 1668 3177 1740 sempiterne
3195 1668 3368 1735 Deus,
3384 1685 3419 1725 a
3436 1684 3557 1741 quo

181 1749 347 1813 Jacob,
369 1750 746 1805 cumPsalmo
758 1751 980 1804 Bonum
997 1756 1083 1804 est
1100 1748 1369 1804 conﬁteri
1385 1746 1649 1803 Domino.
1671 1747 1791 1835 Ipso
1824 1759 1867 1819 Β
1905 1755 2110 1811 omnia,
2126 1755 2432 1810 immunda
2452 1755 2916 1835 purganturetin
2935 1772 3057 1828 quo
3082 1757 3285 1813 omnia
3309 1761 3559 1829 purgata

179 1840 350 1910 expleto
369 1840 513 1908 (557)
546 1840 734 1893 mittit
760 1839 1007 1894 chrisma
1027 1838 1306 1894 similiter
1328 1837 1593 1893 canendo
1611 1838 1664 1893 A
1678 1834 1789 1890 nti-

176 1934 384 1998 phonam
417 1929 558 1983 Ecce
594 1927 751 1982 odor
778 1926 903 1982 Filii
933 1927 1200 1989 mei,cum
1223 1926 1455 1982 Psalmo
1478 1924 1793 1989 Lauda,Je-

178 2016 413 2086 rusalem,
452 2016 812 2081 Dominum,
844 2018 986 2071 Item
1001 2015 1398 2086 Antiphonam
1429 2015 1670 2071 Unxitte
1687 2014 1795 2067 Do-

181 2104 360 2167 minus,
386 2105 687 2159 Psatmum
718 2105 1128 2160 Eructavitcor
1153 2103 1667 2160 meum.Deindein
1681 2103 1795 2157 cir-

178 2193 310 2248 cuitu
330 2194 563 2249 ecclesiae
588 2194 1114 2265 perparietes(558)
1131 2193 1344 2249 dextro
1376 2194 1439 2247 in
1470 2192 1672 2249 dextro
1700 2192 1792 2259 fa-

179 2283 531 2339 cienscruccm
563 2298 707 2338 cum
731 2282 1794 2354 potiicedeipsochrismatecumAnti-

177 2370 332 2442 phona
362 2373 768 2427 Sanctiﬁcavit
803 2372 1411 2439 Dominus,Psalmum
1429 2374 1663 2437 Magnus
1691 2371 1794 2424 Do-

180 2459 360 2523 minus,
375 2469 426 2516 et
443 2461 585 2515 Ecce
602 2474 791 2516 nunc.
808 2461 951 2516 Item
962 2461 1106 2516 dicit
1122 2459 1523 2530 Antiphonam
1545 2457 1793 2529 Lapides

178 2546 375 2617 pretiosi
403 2549 716 2605 Psalmum
778 2549 999 2613 Lauda,
1055 2548 1402 2604 Jerusalem.
1461 2551 1609 2609 (559)
1648 2545 1794 2602 Inde

182 2636 367 2702 faciens
388 2652 622 2693 crucem
657 2638 884 2693 incensi
910 2652 1082 2709 super
1106 2639 1296 2694 altare
1346 2638 1516 2693 dicit:
1554 2636 1792 2692 Oremus

182 2725 452 2791 Diaconus,
483 2736 545 2781 ut
576 2742 786 2798 supra.
812 2727 891 2783 Et
912 2727 1055 2783 dicit
1084 2726 1407 2783 Orationem
1422 2726 1793 2795 superattare

234 2823 317 2877 Dei
346 2824 523 2881 Patris
543 2825 977 2895 omnipotentis
992 2821 1793 2889 misericordiam,dilectissi-

183 2912 242 2965 mi
265 2911 477 2979 fratres,
500 2913 925 2984 deprecemur,
941 2918 1004 2969 ut
1024 2913 1130 2967 hoc
1152 2913 1336 2968 altare
1351 2911 1653 2967 sacriﬁciis
1678 2910 1792 2981 spi-

181 3000 447 3057 ritualibus
460 3003 947 3058 consecrandum
959 3002 1122 3058 vocis
1134 3006 1353 3057 nostris
1368 3005 1651 3057 exoratus
1666 2998 1790 3055 otti-

180 3089 251 3143 cio
263 3091 515 3161 presenti
529 3090 954 3147 benedictione
968 3090 1381 3153 sanetiﬁcet,ut
1392 3090 1453 3145 in
1466 3104 1538 3144 eo
1566 3104 1793 3159 semper

177 3178 464 3236 oblationes
476 3180 846 3237 famulorum
859 3196 1105 3236 suorum
1120 3180 1313 3236 studio
1326 3196 1449 3234 suae
1465 3178 1793 3235 devotionis

179 3266 446 3337 impositas
468 3270 831 3325 benedicere
856 3274 915 3325 et
940 3270 1311 3325 sanctiﬁcare
1377 3268 1670 3337 dignetur,
1741 3271 1794 3322 et

177 3358 378 3427 spiritali
393 3358 663 3428 placatus
677 3358 923 3414 incenso
934 3357 1211 3429 prascanti
1224 3356 1457 3412 familia:
1469 3372 1592 3411 suae
1605 3371 1794 3427 prom-

180 3450 286 3514 ptus
308 3449 606 3504 exauditor
635 3448 894 3504 assistat.
927 3447 1044 3505 Per
1074 3446 1393 3502 Dominum
1420 3453 1689 3500 nostrum
1705 3446 1794 3500 Je-

178 3549 275 3587 sum
298 3534 588 3592 Christum
624 3536 838 3593 Filium
872 3541 1041 3591 tuum
1061 3534 1163 3606 qui
1187 3537 1449 3589 ventrus.
1470 3533 1683 3589 Iterum
1709 3533 1792 3589 di-

181 3623 240 3677 cit
265 3625 493 3680 Oremus
518 3625 813 3681 Diaconus
844 3624 914 3681 Ut
939 3639 1135 3695 supra.

231 3721 464 3792 Sequitur
484 3723 852 3780 Benedictio.
882 3752 951 3763 -
974 3725 1126 3778 Deus
1138 3720 1611 3792 omnipotens,in
1625 3720 1794 3791 cujus

177 3806 361 3865 honore
377 3812 560 3868 altare
593 3813 713 3867 hoc
743 3811 896 3881 (560)
915 3810 1030 3865 sub
1044 3810 1511 3867 invocationetui
1530 3809 1792 3864 nominis

178 3893 304 3967 digni
316 3898 1001 3957 consecramus.clemens
1014 3902 1072 3953 et
1085 3898 1361 3969 propitius
1375 3912 1570 3967 preces
1586 3901 1793 3954 nostris

178 3982 478 4043 humilitatis
491 3987 808 4052 exaudi,et
819 3991 1042 4058 prtesta
1065 3992 1127 4042 ut
1141 3988 1201 4042 in
1228 3988 1333 4041 hac
1350 4001 1551 4042 mensa
1564 3987 1679 4041 sint
1696 3985 1792 4042 tibi

177 4068 420 4132 libamina
442 4078 485 4146 ι
502 4078 627 4149 5o
644 4076 1034 4148 accepta,sint
1052 4076 1366 4141 grata,sint
1380 4075 1646 4145 pinguia,
1670 4074 1795 4145 Spi-

176 4160 293 4213 ritus
306 4165 476 4219 sancti
495 4166 571 4219 tui
585 4180 705 4220 sem
714 4180 814 4234 per
824 4180 952 4219 rore
965 4162 1287 4234 perfusa,ut
1301 4161 1456 4217 omni
1470 4167 1721 4233 tempore
1732 4162 1793 4216 in

175 4244 264 4301 hoc
284 4248 401 4306 loco
413 4252 803 4323 supplicantis
832 4251 1171 4309 tibifamilie
1192 4256 1289 4308 tue
1304 4251 1633 4306 anxietates
1653 4250 1794 4305 rele-

178 4350 274 4403 ves,
288 4341 664 4410 egritudines
694 4356 1122 4411 cures,prmces
1142 4339 1599 4405 exaudias,voto
1612 4338 1795 4394 susci-

180 4421 297 4491 pias,
314 4426 645 4485 desiderata
664 4428 1006 4495 conﬁrmes,
1041 4427 1339 4500 postulata
1370 4425 1795 4483 concedas.Per

187 4508 477 4572 Dominum.

238 4610 428 4668 Deinde
446 4615 587 4671 dicit
606 4614 997 4686 Antiphonem
1020 4612 1318 4671 Conﬁrma
1346 4613 1462 4670 hoc
1474 4615 1651 4678 Deus,
1666 4628 1794 4669 cum

185 4694 361 4757 Gloria.

236 4796 361 4865 (561)
386 4802 635 4864 Deinde,
659 4801 992 4858 tenentibus
1007 4800 1387 4856 subdiaconis
1407 4801 1492 4854 vel
1513 4799 1793 4870 acolythis

186 4882 599 4951 linteamina,vel
628 4892 833 4945 omnia
863 4894 1203 4945 ornamenta
1234 4888 1489 4944 ecclesias
1518 4904 1614 4943 seu
1646 4904 1790 4945 vasa

184 4984 313 5030 sacra
336 4992 682 5051 quacunque
708 4980 792 5035 ad
819 4978 1043 5034 cultum
1069 4980 1179 5033 Dei
1193 4987 1244 5033 et
1258 4977 1502 5034 ecclesiae
1512 4979 1794 5049 pertinere

186 5060 421 5132 videntur,
448 5067 732 5124 benedicit
745 5083 809 5121 ea
835 5068 1113 5138 pontifex.

236 5156 528 5219 Benedictio
562 5165 715 5233 (562)
754 5165 838 5221 ad
860 5165 1233 5228 linteamina,
1288 5163 1371 5218 vel
1391 5163 1462 5218 ad
1494 5165 1693 5219 omnia
1727 5164 1791 5219 in

187 5257 318 5301 usum
345 5250 613 5310 basilicae.
644 5284 711 5294 —
743 5254 894 5326 (563)
925 5252 1316 5325 Omnipotens
1346 5257 1402 5308 et
1457 5252 1791 5306 misericors

192 5329 329 5400 Deus,
353 5342 538 5412 quiat)
574 5341 751 5399 initio
784 5340 949 5398 utilia
980 5348 1035 5396 et
1072 5340 1406 5397 necessaria
1440 5339 1789 5395 hominibus

192 5426 355 5482 creasti
371 5431 704 5505 templaque
718 5430 1114 5489 manuhomin
1126 5447 1224 5487 um
1243 5429 1396 5486 facta
1410 5428 1640 5484 nomini
1658 5444 1791 5485 san-

248 5606 273 5642 a
293 5594 405 5651 Hec
428 5596 738 5674 meditatio
771 5598 967 5655 iisdem
1000 5615 1135 5674 pene
1160 5598 1339 5655 verbis
1361 5598 1567 5670 legitur
1597 5596 1655 5653 in
1682 5603 1787 5654 vet.

197 5657 391 5721 Sacram,
419 5669 556 5727 Gal],

1824 4492 1871 4551 D

1904 1842 2563 1915 clarescunt,supplices
2578 1844 2783 1900 famuli
2803 1846 2887 1900 tui
2906 1850 3064 1901 tuam
3077 1845 3557 1917 omnipotentiam

1902 1932 2344 1996 invocamus,ut
2373 1934 2450 1988 ab
2481 1934 2589 1988 hoc
2611 1950 2769 2000 vase,
2803 1934 2893 1989 vel
2924 1936 3274 1990 vestimento
3296 1950 3424 2006 quae
3450 1928 3553 2011 tibi

1902 2021 2159 2077 offerunt
2190 2021 2395 2077 famuli
2426 2022 2507 2076 tui
2540 2022 2649 2086 Ill.,
2679 2023 2874 2077 omnis
2907 2023 3147 2093 spiritus
3199 2020 3552 2078 immundus

1902 2110 2185 2166 confusus
2210 2110 2377 2181 longe
2403 2110 2686 2176 discedat,
2716 2116 2772 2165 et
2797 2126 2901 2181 per
2925 2109 3061 2165 ﬁdei
3079 2109 3553 2166 benedictionem

1899 2198 2038 2254 huic
2064 2198 2445 2255 sanctoalteri
2468 2204 2568 2254 tuo
2595 2200 2714 2254 sint
2744 2199 3087 2270 perfecta,et
3117 2198 3278 2255 utilia
3304 2198 3373 2254 ad
3398 2214 3552 2269 opus

1900 2285 2210 2341 ministerii
2246 2286 2349 2350 tui,
2379 2292 2432 2341 te
2455 2286 2704 2356 juvante
2738 2285 3111 2341 sanctiﬁcata
3137 2292 3544 2358 permaneant.

1901 2375 2005 2430 Per
2036 2376 2344 2431 Dominum
2376 2381 2674 2430 nostrum.

1974 2473 2158 2542 (566)'
2175 2472 2505 2529 Benedictio
2522 2487 2690 2543 super
2714 2487 2930 2529 munus
2948 2474 3104 2543 quod
3121 2473 3250 2544 quis
3280 2474 3553 2530 ecclesia.

1900 2562 2084 2631 offert.
2100 2562 2447 2632 Deus,cujus
2470 2563 2648 2616 verbo
2666 2560 3153 2632 etpotentiafacta
3180 2563 3554 2633 suntomnia,

1901 2650 2069 2721 cujus
2082 2648 2236 2703 dono
2252 2650 2600 2720 percipimus
2614 2664 2741 2719 quas
2757 2648 2833 2703 ad
2850 2650 2983 2703 vitae
3019 2648 3355 2704 redemium
3370 2650 3558 2721 possi—

1901 2737 2186 2793 demuste
2215 2737 2509 2808 supplices
2543 2737 2691 2791 nixis
2723 2736 2991 2807 precibus
3018 2752 3339 2792 exoramus
3371 2744 3436 2793 ut
3482 2736 3556 2793 de

1901 2827 2042 2882 sede
2065 2826 2390 2899 Majestatls
2421 2831 2538 2881 ture
2564 2826 2703 2881 huic
2728 2824 3013 2880 oblationi
3044 2825 3310 2882 ﬁdelium
3337 2826 3556 2882 santiﬁ-

1900 2921 2067 2971 cator
2094 2914 2614 2988 accedas.Suscipe
2639 2915 2713 2969 de
2733 2929 2914 2969 manu
2934 2912 3297 2970 famulorum
3316 2921 3554 2971 tuorum

1900 3005 2221 3060 Ill.munus
2236 3003 2493 3059 oblatum
2507 3003 2682 3075 ,quod
2700 3019 2733 3059 a
2751 3008 2846 3059 tua
2865 3001 3554 3060 clementiabenedictum

1901 3094 1959 3148 in
1983 3093 2163 3164 hujus
2190 3092 2505 3148 sanctuarii
2546 3093 2817 3148 tuiusum
2858 3098 3095 3148 maneat
3116 3098 3553 3151 consecratum.

1903 3182 2030 3238 Sint
2060 3183 2187 3237 haec
2216 3182 2275 3237 in
2330 3186 2651 3251 conspectu
2684 3188 2779 3236 tuo
2818 3181 3069 3237 libenter
3100 3186 3365 3251 accepta,
3408 3183 3558 3237 sicut

1902 3270 2213 3343 quondam
2247 3268 2386 3325 Abel
2402 3269 2627 3324 alumni
2648 3270 2747 3334 tui,
2766 3269 2850 3324 vel
2870 3269 3295 3326 Melchisedech
3312 3285 3558 3326 munera

1903 3358 2005 3413 tibi
2047 3357 2383 3427 placuerunt
2414 3357 2710 3413 ohlata.Et
2735 3358 2876 3429 quia
2890 3358 2968 3413 ob
2985 3358 3276 3413 honorem
3302 3358 3379 3412 tui
3403 3374 3558 3415 amo-

1902 3445 1981 3501 ris
1998 3446 2311 3501 ecclesiam
2332 3451 2498 3500 tuam
2521 3447 2771 3500 summis
2788 3446 3057 3501 nituntur
3078 3446 3361 3502 decorare
3383 3446 3556 3502 obse-

1903 3534 2084 3607 quiis,
2110 3540 2167 3589 tu
2185 3535 2292 3597 eis,
2318 3535 2916 3605 Domine,magnapro
2943 3536 3144 3605 parvis
3169 3533 3558 3605 recompe'nsa

1903 3628 1982 3687 ut,
2007 3623 2611 3678 devotionemeorum
2626 3622 2951 3693 accipiens,
2984 3626 3232 3693 peccata
3262 3622 3555 3687 dimittas,

1900 3711 2018 3767 ﬁde
2029 3726 2131 3767 eos
2145 3710 2772 3783 repleas,indulsrentia
2786 3709 3414 3774 foveas,misericordia
3428 3726 3557 3781 pro-

1904 3799 2175 3869 tegas,ad
2186 3814 2350 3853 versa
2362 3800 2951 3870 destruas,prospera
2973 3798 3555 3854 concedaatlabeant

1901 3892 1961 3945 in
1978 3890 2093 3944 hoc
2107 3887 2325 3943 saeculo
2339 3887 2512 3943 bona;
2526 3887 2770 3942 actionis
2781 3887 3232 3952 documentum,
3252 3886 3414 3943 chari
3424 3887 3553 3942 tatis

1903 3977 2171 4043 studium,
2206 3975 2401 4032 sancti
2443 3976 2668 4033 amonis
2698 3975 2972 4032 eﬁectum
3004 3982 3061 4031 et
3087 3976 3147 4031 in
3188 3975 3382 4031 futuro
3414 3991 3554 4031 cum

1903 4067 2126 4121 sanctis
2138 4064 2366 4136 angelis
2379 4065 2788 4137 adispicantur
2799 4071 3151 4138 perpetuum
3166 4080 3417 4135 reguum
3428 4106 3439 4118 .
3450 4064 3558 4120 Per

1906 4154 2243 4210 Dominum.

1981 4261 2146 4333 151
2182 4261 2338 4316 Alia.
2371 4291 2440 4302 ——
2464 4259 2689 4315 Exaudi
2716 4275 2844 4326 nos,
2889 4259 3145 4327 Domine,
3176 4274 3555 4331 quaesumus,

1904 4352 2118 4405 nthasc
2146 4350 2504 4414 linteamina,
2533 4349 2767 4420 aliaque
2814 4348 3185 4410 indumenta.
3228 4364 3461 4404 necnon
3502 4354 3557 4405 et

1902 4453 2045 4493 vasa
2066 4437 2571 4493 sanctoaltarituo
2586 4442 2766 4508 atque
2806 4436 3067 4492 ecclesias
3101 4442 3556 4503 tumcunctoque

1902 4526 2053 4582 sacri
2066 4525 2373 4582 ministerii
2397 4526 2525 4580 usui
2544 4539 2746 4596 prmpa
2755 4531 2900 4591 rata,
2910 4523 3257 4580 benedicere
3273 4532 3327 4579 et
3344 4525 3558 4580 sancti-

1901 4614 2082 4671 ﬁcare
2110 4615 2387 4685 digneris.
2416 4614 2524 4670 Per
2549 4613 2849 4670 Dominum
2875 4618 3145 4669 nostrum
3176 4615 3371 4669 Jesum
3396 4613 3551 4669 Chri-

1904 4709 2085 4761 stum.

1974 4803 2060 4857 Ad
2087 4801 2238 4872 (566)
2262 4800 2697 4858 consecrandam
2720 4808 3010 4871 patenum.
3055 4824 3129 4842 -~
3153 4798 3305 4870 (568)
3342 4802 3555 4855 Conse-

1901 4906 2142 4946 cramus
2172 4895 2226 4946 et
2252 4888 2872 4944 sanctiﬁcamushanc
2902 4887 3229 4959 patenam,b
3257 4888 3336 4943 ad
3363 4888 3551 4944 conﬁ—

1901 4979 2181 5035 ciendum
2212 4979 2272 5034 in
2301 4994 2371 5034 ea
2402 4993 2620 5049 corpus
2648 4979 2879 5032 Domini
2912 4978 3096 5032 nostri
3154 4979 3299 5033 Jesu
3337 4977 3552 5033 Christi

1901 5069 2178 5140 patientis
2198 5082 2436 5123 crucem
2454 5082 2563 5139 pro
2574 5066 2759 5121 salute
2777 5072 2978 5122 nostra
2993 5066 3395 5138 omnium,qui
3413 5082 3552 5123 cum

1902 5157 2070 5211 Patre
2098 5161 2153 5211 et
2185 5156 2402 5225 Spiritu
2432 5158 2637 5210 sancto
2669 5155 2877 5211 vivitet
2894 5160 3212 5226 regnatper
3226 5160 3436 5210 cuncta
3456 5170 3555 5209 sas.

1901 5244 2036 5300 cula
2066 5243 2434 5299 saaculorum.
2470 5246 2681 5298 Amen.

1970 5341 2120 5408 (569)
2144 5342 2271 5396 inde
2298 5340 2505 5411 faciens
2529 5341 2742 5411 signum
2769 5341 2948 5395 crucis
2993 5339 3055 5394 de
3085 5341 3206 5396 oleo
3237 5345 3436 5397 sancto
3463 5355 3553 5395 su-

1895 5446 1996 5503 per
2022 5439 2322 5500 patenam,
2357 5430 2518 5487 dicit.

1968 5600 1997 5643 h
2028 5601 2093 5655 In
2090 5600 2332 5727 duobus
2344 5599 2549 5657 Theod.
2582 5617 2596 5656 :
2630 5600 2728 5655 Ad
2753 5596 3318 5671 confringendumin
3344 5609 3407 5651 ea
3422 5609 3553 5652 coro

1968 5687 2030 5727 ιε.
2057 5689 2088 5727 e
2204 5710 2217 5720 ι
2592 5714 2595 5719 .
2702 5688 2709 5717 ;

1902 5687 2030 5743 pus,
2057 5687 2163 5735 etc.
2204 5710 2217 5720 ι
2592 5714 2595 5719 .
2702 5688 2709 5717 ;
