4086 6198
201 268 288 339 168

1375 254 1585 343 LIBER
1624 202 2270 339 SAcaiiiisiimiitiu

3423 270 3538 340 166

202 402 518 476 triumphum.
545 403 753 461 Amen.
787 397 959 467 Quod
1000 400 1127 473 ipse
1180 406 1458 474 praestare
1489 403 1777 474 dignetur,
1813 414 1863 471 Α
1916 452 1923 455 .
1962 404 2111 461 Alia.
2141 435 2207 445 —
2239 403 2365 461 Sint
2391 404 3180 476 tibi,Domine,quiesumiis,
3210 408 3390 465 nostri
3419 427 3539 464 mu-
3608 383 3617 391 ’

202 496 331 566 cujus
348 507 594 568 regnum.

252 582 330 638 Ad
354 578 774 647 Complendum.
795 577 1269 649 —Sumpsimus,
1303 579 1557 647 Domine,
1594 580 1781 636 sancti

199 672 273 728 Ill.
302 668 538 738 martyris
559 667 931 723 solemnitate
945 666 1205 722 coelestia
1227 668 1706 740 sacramenta,cuj
1720 685 1783 723 us

200 757 455 827 suffragiis,
470 770 828 825 quaesumus,
848 755 1117 824 largiaris
1135 762 1196 810 ut
1211 756 1377 827 quod
1392 757 1784 829 temporaliter

198 848 423 918 gerimus,
451 850 682 898 aeternis
711 844 944 912 gaudiis
973 858 1436 915 consequamur.
1466 847 1593 900 l’er.
1766 918 1771 922 π

248 935 403 1003 Super
425 933 712 1003 populum.
742 931 957 1000 —Fac,
988 945 1351 1003 quaesumus,
1377 931 1614 988 Domine
1634 938 1782 989 Deus

194 1019 758 1089 noster,intercedente
778 1019 957 1075 beato
981 1028 1224 1090 martyre
1255 1026 1357 1075 tuo
1380 1022 1504 1089 UL,
1517 1023 1783 1093 populum

194 1117 315 1167 tuum
339 1111 391 1163 in
415 1115 509 1163 tua
533 1108 855 1163 devotione
875 1106 1307 1179 gaudere,quia
1333 1118 1617 1181 perpetua
1630 1118 1718 1166 est
1728 1117 1784 1167 et

191 1199 329 1273 plena
352 1197 601 1264 felicitas,
634 1197 686 1252 si
708 1196 1011 1252 bonorum
1037 1200 1306 1251 omnium
1321 1197 1645 1254 serviamus
1670 1202 1785 1255 Au-

193 1290 316 1346 ctori.
343 1292 437 1343 Per
462 1286 782 1342 Dominum
804 1291 1071 1342 nostrum
1089 1286 1291 1342 Jesum
1319 1287 1637 1344 Christum.

242 1377 373 1432 Aliae
392 1376 711 1432 Orationes.
745 1405 816 1415 —
856 1375 1055 1431 Sancti
1083 1376 1183 1430 Ill.
1213 1378 1480 1448 martyris
1528 1379 1633 1445 tui,
1667 1381 1784 1435 Do-

192 1468 330 1531 mine,
347 1481 450 1521 nos
470 1464 660 1520 oratio
674 1471 881 1520 sancta
903 1464 1197 1533 conciliet,
1224 1480 1353 1537 quae
1371 1466 1554 1522 sacris
1567 1467 1783 1524 virtuti-

188 1557 273 1613 bus
296 1554 612 1610 veneranda
642 1552 913 1623 refulget.
944 1553 1054 1611 Per
1084 1556 1395 1609 Dominum
1422 1562 1705 1611 nostrum.

242 1644 388 1716 158
416 1643 558 1697 Alia.
593 1672 667 1683 —
693 1644 855 1697 Beati
880 1650 1149 1713 martyris
1172 1643 1254 1698 tui
1310 1644 1407 1699 λιι.
1440 1660 1779 1717 quassamus

186 1737 388 1799 Domine,
416 1732 693 1805 precibus
706 1732 805 1802 adj
816 1739 1146 1795 uvemur,et
1158 1734 1209 1804 ej
1223 1748 1293 1787 us
1308 1733 1482 1803 digne
1498 1735 1779 1789 solemnia

180 1824 481 1878 celebrantes
510 1827 611 1876 tuo
637 1820 868 1876 nomini
900 1819 989 1876 fac
1020 1835 1135 1876 nos
1163 1837 1399 1893 semper
1449 1837 1583 1877 esse
1600 1822 1775 1899 devof

179 1918 259 1968 tos.
278 1913 389 1966 Per.

227 2000 358 2056 Alia.
386 1998 636 2055 —Beati
669 1999 946 2069 martyris
976 1996 1062 2053 tui
1093 1999 1210 2065 ιιι,
1258 2013 1624 2070 quaesumus,
1658 2004 1776 2058 Do-

178 2090 314 2154 mine,
338 2103 440 2144 nos
463 2087 873 2159 patrocinium
902 2086 1185 2143 collatum
1210 2102 1332 2142 non
1361 2089 1778 2162 deserat,quod

177 2177 495 2251 fragilitatem
518 2182 789 2233 nostram
820 2180 879 2232 et
906 2176 1181 2248 precibus
1208 2181 1442 2233 tueatur
1461 2182 1519 2233 et
1532 2179 1774 2239 meritis.

177 2267 270 2322 Per.

226 2356 360 2415 Alia.
380 2387 446 2399 —
470 2357 649 2423 Deus,
679 2356 777 2427 qui
810 2360 1079 2412 sanctam
1108 2355 1283 2412 nobis
1311 2355 1495 2428 hujus
1539 2356 1654 2413 diei
1684 2374 1775 2414 so-

175 2445 488 2503 lemnitatem
500 2461 610 2517 pro
628 2446 1201 2502 commemoratione
1220 2445 1377 2502 beati
1396 2447 1673 2518 martyris
1694 2448 1774 2504 tui

178 2535 249 2590 Ill.
274 2534 461 2603 fecisti,
494 2536 713 2592 adesto
732 2534 963 2590 familias
994 2542 1106 2590 tum
1136 2535 1435 2606 precibus,
1485 2546 1542 2592 et
1595 2537 1675 2593 da
1714 2541 1777 2592 ut

176 2625 308 2694 cuius
320 2626 488 2682 hodie
516 2626 672 2681 festa
701 2624 1088 2692 celebramus,
1119 2624 1249 2695 ejus
1274 2624 1498 2681 meritis
1521 2631 1578 2680 et
1600 2626 1773 2682 inter-

175 2713 491 2769 cessionibus
511 2712 609 2783 adj
623 2728 892 2768 uvemur.
924 2712 1040 2770 Per
1070 2712 1380 2768 Dominum
1408 2719 1699 2771 nostrum.

223 2804 344 2858 Alia.
368 2833 435 2843 —
461 2802 639 2858 Plebs
671 2810 796 2871 tua,
828 2801 1098 2869 Domine,
1131 2803 1317 2857 sancti
1373 2806 1647 2874 martyris
1692 2804 1775 2861 tui

175 2889 247 2945 Ill.
271 2900 317 2947 te
343 2892 763 2961 glortticaLione
790 2890 1152 2961 magniﬁcet,
1184 2898 1239 2947 et
1281 2892 1497 2947 eodem
1539 2908 1775 2965 semper

173 2994 418 3051 precante,
449 2988 503 3037 te
527 2995 875 3037 mereamur
905 2980 1121 3035 habere
1131 2986 1442 3036 rectorem.
1464 2981 1570 3036 Per
1589 2981 1774 3037 Domi-

176 3084 285 3126 num
310 3080 591 3129 nostrum.

264 3184 398 3224 lissii
425 3172 659 3239 (594)1N
689 3182 889 3225 VlGlLlA
919 3182 1278 3223 rwmuonuu
1305 3183 1636 3225 MARIYRUM.

222 3267 499 3323 Beatorum
531 3272 856 3339 martyrum
883 3265 980 3321 ιιι.
1007 3272 1059 3321 et
1109 3265 1202 3320 Ill.
1266 3266 1536 3323 natalitia
1588 3283 1770 3324 vene-

167 3356 710 3429 randa,quaasumus,
742 3357 1011 3419 Domine,
1040 3355 1299 3411 Ecclesia
1324 3363 1423 3411 tua
1446 3358 1656 3413 devota
1671 3374 1770 3414 su-

172 3446 355 3517 seipiat,
371 3453 428 3503 et
440 3447 546 3503 ﬁat
556 3461 790 3517 magnae
805 3444 1249 3517 gloriﬁcationis
1264 3460 1468 3502 amore
1484 3447 1554 3501 de
1563 3448 1768 3505 votior.

171 3533 263 3591 Per.

223 3632 375 3703 Super
398 3634 605 3690 oblata.
635 3660 711 3673 --
743 3634 869 3688 Haec
891 3632 1111 3698 Hostia,
1127 3631 1399 3699 Domine,
1418 3647 1768 3708 quaesumus,

170 3724 402 3779 emundet
430 3731 632 3780 nostra
665 3722 895 3787 delicta,
927 3728 985 3777 et
1013 3722 1092 3778 ad
1147 3730 1457 3779 venturam
1487 3723 1775 3782 festivita-

171 3814 261 3865 tem
282 3821 306 3852 ι
325 3819 602 3868 tantorum
639 3818 962 3883 martyrum
989 3817 1228 3866 tuorum
1260 3811 1772 3870 Ill.celebrandam

171 3898 491 3957 subditorum
505 3902 621 3957 sibi
635 3915 894 3972 corpora
913 3904 1269 3972 mentesque
1283 3903 1631 3960 sanctiﬁcat.
1641 3903 1769 3960 Per.

221 3999 481 4068 Prefalio.
508 4031 578 4041 —
608 4000 760 4055 Vere
796 3998 1050 4068 dignum
1079 4004 1136 4053 et
1158 3999 1383 4069 justum
1412 4005 1519 4064 est,
1546 4015 1772 4071 aequum

166 4091 209 4144 et
232 4091 474 4157 salutare,
506 4110 619 4149 nos
634 4092 736 4148 tibi
770 4108 1009 4164 semper
1024 4097 1082 4147 et
1107 4095 1328 4163 ubique
1341 4095 1560 4163 gratias
1576 4109 1766 4164 agere,

169 4178 365 4237 Domine
387 4190 604 4246 sancte,
640 4185 812 4237 Pater
850 4180 1246 4252 omnipotens,
1305 4190 1519 4237 aeterne
1566 4184 1720 4238 Deus
1753 4202 1766 4239 :

168 4270 523 4327 misericordiae
555 4272 756 4335 dator,
788 4276 846 4325 et
874 4270 1053 4325 totius
1104 4270 1385 4325 bonitatis
1420 4278 1640 4337 auctor,
1665 4274 1769 4346 qui

164 4354 373 4425 ieiuniis.
402 4361 769 4416 orationibus
815 4366 870 4414 et
920 4360 1329 4430 eleemosyuis,
1387 4369 1768 4431 peccatorum

169 4449 382 4503 remedia
402 4458 456 4504 et
483 4452 772 4504 virtutum
791 4449 1053 4502 omnium
1076 4448 1290 4503 tribuis
1313 4457 1697 4517 incrementa;
1712 4458 1767 4506 te

1806 3143 1850 3205 C

1892 508 2039 548 nera
2067 501 2235 564 grata
2258 492 2491 564 jejunii,
2519 494 2661 564 quia
2694 502 2831 549 tunc
2862 496 3061 550 eadem
3087 498 3147 551 in
3191 505 3537 556 sanctorum

1890 582 1989 638 Ill.
2023 583 2208 652 digna
2244 583 2811 637 commemoratione
2841 584 3185 655 deferimus,
3208 588 3255 641 si
3284 595 3341 643 et
3371 594 3536 645 actus

1891 670 2124 726 illorum
2155 672 2370 741 pariter
2395 669 2857 742 subsequamiir.
2888 672 3014 727 Per.

1970 759 2144 832 159
2168 758 2325 813 Alia.
2364 789 2435 799 —
2465 761 2703 822 Praesta,
2736 774 3110 829 quaesumus,
3157 763 3536 835 omnipotens

1892 851 2067 920 Deus,
2098 858 2158 903 ut
2186 847 2586 920 populustuus
2609 848 2686 902 ad
2704 847 2890 918 pleum
2910 850 3243 904 devotionis
3262 852 3537 908 atfectum

1891 937 2201 994 beatorum
2227 944 2545 1009 martyrum
2573 937 2672 991 Ill.
2696 936 2976 991 natalitiis
2992 946 3533 1009 prieparetur,eteo-

1891 1043 2013 1082 rum
2028 1026 2356 1099 patrocinio
2377 1032 2771 1098 promerente,
2792 1024 2976 1097 plenas
2994 1027 3191 1100 capiat
3207 1030 3536 1087 securitatis

1891 1122 2308 1186 augmentum.
2348 1113 2452 1170 Per
2479 1113 2820 1170 Dominum.

1961 1205 2119 1261 Alia.
2150 1235 2214 1244 —
2236 1207 2408 1272 Deus,
2425 1204 2651 1275 quinos
2667 1218 2870 1259 annua
2896 1202 3208 1260 beatorum
3222 1209 3540 1279 martyrum

1891 1300 2130 1350 tuorum
2161 1294 2256 1349 Ill.
2290 1291 2581 1348 solemnia
2606 1292 2975 1364 frequentare
2998 1292 3537 1368 concedis,praesta,

1891 1397 2260 1457 quaesumus,
2290 1388 2354 1437 ut
2381 1385 2438 1437 et
2465 1381 2692 1436 devotis
2718 1380 2930 1436 eadem
2945 1383 3247 1437 mentibus
3278 1384 3538 1441 celebre-

1891 1489 2045 1538 mus,
2070 1477 2124 1526 et
2154 1487 2363 1526 eorum
2380 1470 3286 1541 intercessionibusadjuvemur.
3309 1475 3415 1529 Per
3428 1477 3543 1531 Do-

1890 1562 2121 1617 minum
2146 1567 2436 1617 nostrum.

1958 1650 2049 1704 Ad
2077 1649 2409 1705 Matutinus.
2436 1684 2509 1694 --
2539 1646 2829 1719 Deus,qui
2849 1647 3204 1704 hodiernam
3231 1648 3385 1706 diem
3404 1667 3537 1708 san-

1887 1744 2117 1794 ctorum
2149 1746 2383 1793 tuorum
2406 1738 2498 1793 Ill.
2536 1738 2820 1808 martyrio
2852 1738 3232 1808 consecrasti,
3263 1740 3337 1795 da
3363 1741 3537 1798 nobis

1886 1827 2137 1884 salutem
2170 1830 2386 1883 mentis
2416 1833 2473 1882 et
2497 1828 2780 1898 corporis,
2816 1832 2878 1882 ut
2900 1833 2955 1881 et
2984 1826 3220 1883 illorum
3263 1833 3536 1900 passioni

1886 1917 1960 1973 sit
1986 1917 2288 1972 veneratio
2301 1932 2370 1971 ex
2391 1915 2942 1980 nostradevotioue,
2961 1924 3016 1969 et
3046 1916 3223 1971 nobis
3255 1919 3532 1974 auxilium

1885 2004 2279 2079 proveniatde
2308 2020 2518 2060 eorum
2540 2004 2921 2059 sanctissima
2947 2005 3392 2063 intercessione.
3410 2008 3532 2065 Per.

2194 2119 2249 2158 ΙΝ
2280 2118 2480 2158 ΝΑΤΑιιι
2511 2117 2869 2157 Ριυιωιοηυκ
2896 2117 3223 2158 MARTYRUM.

1956 2201 2342 2274 Omnipotens
2370 2202 2726 2273 sempiterna
2762 2201 2937 2266 Deus,
3005 2201 3108 2273 qui
3136 2217 3243 2274 per
3293 2202 3535 2273 gloriosi

1881 2290 2037 2349 bella
2060 2291 2401 2347 certaminis
2413 2291 2491 2346 ad
2520 2288 2887 2345 immortales
2901 2291 3230 2361 triumphos
3250 2298 3535 2364 martyres

1883 2380 2163 2451 extulisti,
2192 2380 2270 2436 da
2295 2378 2577 2436 cordibus
2629 2378 2847 2435 nostris
2895 2378 3144 2449 dignam
3175 2396 3285 2452 pro
3325 2398 3535 2439 eorum

1884 2469 2454 2527 commemoratione
2484 2468 2763 2533 laetitiam,
2788 2473 2855 2523 ut
2883 2484 3145 2540 quorum
3195 2474 3531 2528 memoriam

1882 2560 1979 2631 pio
1990 2575 2193 2615 amore
2207 2575 2305 2614 am
2313 2557 2850 2629 plectimur,eorum
2862 2557 3133 2629 precibus
3150 2560 3223 2614 ad
3226 2562 3244 2630 j
3257 2576 3529 2618 uvemur.

1954 2650 2140 2720 Super
2163 2648 2381 2705 oblata.
2404 2677 2476 2687 —
2505 2645 2743 2701 Munera
2768 2645 2890 2710 tibi,
2926 2649 3191 2712 Domine,
3207 2656 3419 2704 nostra)
3433 2650 3534 2706 de-

1880 2737 2140 2795 votionis
2154 2735 2487 2806 offerimus,
2499 2752 2634 2809 qum
2661 2741 2716 2790 et
2732 2750 2842 2807 pro
2867 2741 3102 2791 tuorum
3118 2738 3220 2792 tibi
3234 2752 3403 2808 graia
3417 2741 3533 2797 sint

1880 2827 2108 2884 honore
2132 2825 2452 2897 justorum,
2487 2831 2543 2879 et
2572 2822 2741 2879 nobis
2779 2825 3060 2881 salutaria
3107 2833 3158 2881 te
3185 2834 3528 2896 miserante,

1880 2915 2230 2973 reddantur.
2264 2917 2392 2969 Per.
2750 2908 2762 2929 °

1953 3013 2254 3084 Praefatio.
2283 3042 2350 3053 —-
2371 3013 2516 3068 Vere
2546 3012 2797 3083 dignum
2825 3017 2880 3067 et
2897 3011 3132 3082 justum
3159 3018 3263 3078 est,
3289 3029 3531 3086 aequum

1882 3110 1936 3161 et
1961 3104 2239 3169 salutare,
2268 3118 2379 3158 nos
2405 3102 2757 3174 tibisemper
2788 3107 2845 3157 et
2869 3104 3087 3175 ubique
3102 3104 3321 3172 gratias
3334 3120 3531 3177 agere,

1883 3192 2136 3249 Domine
2161 3197 2384 3258 sancte,
2416 3191 2587 3247 Pater
2617 3193 3014 3264 omnipotens,
3065 3198 3278 3248 aeterne
3328 3195 3483 3250 Deus
3515 3216 3527 3256 :

1881 3282 1986 3357 qui
2013 3287 2358 3339 sanctorum
2384 3287 2717 3352 martyrum
2733 3287 2969 3337 tuorum
2985 3280 3086 3354 pia
3104 3284 3435 3339 certamina
3454 3285 3535 3342 ad

1881 3372 2186 3445 copiosam
2219 3370 2496 3443 perducis
2529 3370 2858 3437 victoriam,
2888 3378 3066 3443 atque
3088 3379 3427 3443 perpetuum
3449 3375 3534 3429 eis

1881 3460 2114 3533 largiris
2144 3459 2530 3531 triumphum,
2562 3466 2622 3514 iit
2643 3459 2913 3515 Ecclesiae
2943 3470 3055 3515 tuae
3074 3477 3308 3533 semper
3325 3465 3442 3519 sint
3472 3464 3533 3520 in
3566 3520 3573 3525 ,

1883 3541 2251 3622 exemplum;
2282 3546 3092 3621 pi'aastanobis,quiesumus,
3124 3557 3181 3604 ut
3211 3567 3318 3623 per
3337 3568 3534 3607 eorum

1882 3640 2382 3703 intercessionem,
2409 3651 2666 3707 quorum
2698 3636 2850 3692 festa
2888 3638 3280 3709 celebramus,
3300 3641 3533 3710 pietatis

1882 3733 1999 3786 tum
2026 3742 2265 3783 munera
2290 3726 2622 3797 capiamus.
2656 3725 2766 3781 Per
2793 3726 3108 3782 Christum.

1953 3825 2307 3884 Benedictio.
2339 3855 2408 3866 —
2436 3823 2466 3866 δ
2492 3824 2811 3880 Benedicat
2844 3825 3008 3879 vobis
3035 3824 3320 3881 Dominus
3336 3824 3532 3884 beato-

1881 3934 2012 3973 rum
2045 3920 2374 3986 martyrum
2397 3930 2647 3969 suorum
2687 3913 2782 3969 Ill.
2819 3913 3428 3983 suﬂ‘ragiis,etliberet
3458 3918 3531 3973 ab

1880 4005 2339 4063 adversitatibus
2366 4003 2616 4059 cunctis.
2638 4003 2848 4058 Amen.
2876 4003 3269 4059 Commendet
3295 4020 3404 4061 vos
3434 4020 3532 4061 eo-

1879 4109 2015 4151 rum
2045 4091 2679 4164 intercessiogloriosa,
2712 4106 2971 4163 quorum
2985 4093 3044 4147 in
3058 4100 3385 4165 conspectu
3404 4096 3534 4167 ejus

1884 4187 1971 4238 est
2000 4196 2153 4236 mors
2175 4182 2450 4253 pretiosa.
2479 4180 2677 4233 Amen.
2738 4180 2807 4235 Ut
2834 4182 2978 4235 sicut
3007 4180 3088 4234 illi
3134 4198 3241 4252 per
3298 4182 3537 4239 diversa

1884 4285 2095 4341 genera
2125 4276 2551 4325 tormentorum
2582 4268 2837 4323 ccelestis
2866 4268 3026 4337 regni
3057 4280 3193 4326 sunt
3212 4270 3395 4326 sortiti
3421 4272 3537 4327 hie-

1884 4360 2215 4426 reditatem,
2248 4359 2328 4413 ita
2349 4372 2456 4413 vos
2486 4372 2693 4413 eorum
2710 4361 3045 4413 mereamini
3062 4368 3417 4415 consortium
3430 4376 3536 4434 per

1889 4450 2183 4504 bonorum
2214 4463 2462 4521 operum
2489 4446 2937 4503 exhibitionem.
2968 4450 3181 4504 Amen.
3206 4450 3379 4515 Quod
3403 4450 3534 4523 ipse

170 4532 339 4591 humili
361 4540 676 4594 devotione
708 4552 1024 4610 precamur
1056 4544 1118 4593 ut
1144 4540 1250 4610 qui
1275 4542 1492 4593 sanctis
1513 4547 1624 4595 tuis
1646 4515 1765 4608 ΠΛ,
1804 4515 1849 4574 D
1885 4542 2174 4611 prmetare
2200 4515 2500 4609 dignetur.

172 4634 376 4692 quorum
401 4627 547 4684 festa
591 4627 1013 4699 prmvenimus,
1047 4628 1318 4698 martyrii
1346 4628 1558 4684 dedisti
1601 4644 1769 4686 coro-

170 4724 295 4779 nam,
322 4716 837 4773 intercessionibus
854 4731 1056 4772 eorum
1081 4718 1159 4772 ad
1170 4717 1300 4771 haec
1329 4719 1569 4786 agenda
1592 4718 1770 4775 nobis

168 4800 349 4858 tribuas
371 4806 741 4862 indefessam
770 4804 1108 4861 efﬁcaciam.
1140 4806 1248 4861 Per
1273 4805 1586 4862 Christum.

219 4901 288 4954 Ad
313 4902 730 4976 Complendum.
765 4934 835 4945 —
859 4904 1042 4960 Pasce
1074 4919 1204 4970 nos,
1238 4905 1506 4975 Domine,
1534 4907 1769 4961 tuorum

168 4989 353 5055 gaudiis
379 4992 595 5065 ubique
620 4999 990 5060 sanctorum,
1023 4993 1167 5065 quia
1194 5002 1411 5071 nostra:
1428 4993 1638 5050 salutis
1665 5011 1770 5052 au-

166 5088 517 5149 gmentasunt,
553 5084 794 5157 quoties
816 5083 927 5138 illis
946 5084 1143 5138 honor
1167 5083 1621 5154 impenditur,in
1637 5084 1766 5157 qui-

165 5163 250 5219 bus
272 5175 324 5227 tn
350 5173 634 5229 mirabilis
664 5172 1028 5244 praedicaris.
1051 5172 1178 5229 Per.

215 5264 370 5335 Super
415 5272 721 5343 populum.
752 5302 822 5312 —
878 5270 1145 5341 Protege,
1212 5271 1482 5337 Domine,
1527 5270 1766 5344 plebem

167 5355 307 5423 tuam,
335 5370 383 5412 et
406 5377 587 5432 quam
624 5372 949 5431 martyrum
990 5364 1228 5416 tuorum
1259 5361 1361 5417 Ill.
1393 5370 1632 5417 assidua
1667 5363 1767 5418 tri~

165 5438 303 5500 buisti
313 5447 611 5506 festivitate
624 5452 923 5522 devotam,
951 5451 1052 5506 tibi
1086 5465 1325 5523 semper
1346 5452 1619 5524 placitam
1634 5451 1764 5509 ﬁeri

169 5536 384 5601 precibus
407 5539 670 5597 concede
689 5542 1015 5611 justorum.
1052 5541 1162 5597 Per
1176 5581 1189 5595 .

223 5694 247 5731 ι
264 5686 316 5747 lii
337 5688 503 5755 Vatis.
534 5698 591 5757 et
612 5691 884 5763 Gussanv.
910 5692 1058 5755 Edit.
1089 5691 1290 5772 legitur
1306 5700 1667 5759 sanctorum.

1950 4637 2049 4691 Ad
2079 4635 2516 4707 Cumplendum.
2547 4634 3071 4700 —.Priesta,nobis,
3095 4635 3352 4702 Domine,
3373 4652 3535 4710 qum-

1880 4740 2112 4791 sumus,
2146 4729 2206 4781 ut
2220 4739 2356 4797 qum
2372 4739 2478 4796 pro
2492 4728 2822 4795 martyrum
2840 4732 3070 4779 tuorum
3089 4724 3184 4781 ιιι.
3207 4726 3383 4782 beata
3400 4741 3537 4798 pas-

1878 4813 2043 4870 sione
2070 4814 2425 4886 peregimus,
2461 4812 2733 4884 ipsorum
2750 4813 2924 4867 nobis
2948 4812 3534 4871 ﬁantintercessione

1878 4903 2250 4967 salutaria,in
2280 4919 2539 4977 quorum
2567 4903 2841 4960 natalitiis
2880 4910 3014 4959 sunt
3043 4905 3530 4962 exsultanterim-

1876 4998 2057 5068 picta.
2089 4994 2199 5049 Per
2228 4992 2546 5050 Dominum
2579 4997 2870 5049 nostrum.

1946 5091 2095 5148 Alia.
2120 5121 2185 5133 —
2212 5092 2603 5163 Omnipotens
2629 5093 2983 5163 sempiterna
3005 5090 3293 5166 Deus,qui
3315 5092 3379 5149 in
3399 5110 3531 5152 san-

1875 5184 2104 5237 ctorum
2137 5183 2378 5235 tuorum
2410 5179 2699 5236 cordibus
2725 5178 3029 5235 ﬂammam
3055 5187 3169 5236 tum
3197 5181 3528 5239 dilectionis

1875 5269 2173 5338 accendis,
2205 5268 2378 5341 160
2401 5269 2480 5324 da
2493 5269 2792 5324 mentibus
2812 5269 3031 5324 nostris
3051 5270 3308 5325 eamdem
3323 5270 3456 5327 ﬁdei
3474 5276 3530 5328 et

1876 5358 2177 5416 charitatis
2193 5361 2486 5425 virtutem,
2506 5364 2824 5431 utquorum
2841 5359 3175 5431 gaudemus
3197 5360 3523 5433 triumphis,

1874 5446 2263 5522 proﬁciamus
2292 5447 2597 5520 exemplis.
2638 5447 2767 5503 Per.

1943 5545 2101 5603 Alia.
2132 5576 2204 5589 —
2227 5544 2316 5603 Ad
2342 5545 2744 5603 defensionem
2772 5544 3332 5614 ﬁdelium,Domine,
3362 5561 3524 5618 queas

1942 5691 1973 5740 δ
2001 5700 2063 5760 In
2088 5694 2555 5763 Beuedictionalis
2568 5696 2658 5755 ubi
2671 5698 2794 5757 hac
2804 5695 3078 5776 leguntur,
3102 5695 3390 5759 benedicat
3408 5711 3523 5775 voc.
