4086 6198
218 291 310 349 l69
1019 249 1022 251 ’
1411 291 1622 359 LIBER
1664 293 2332 361 SACRAMENTORUM.

3421 333 3426 336 ·
3469 309 3581 371 170

218 425 384 476 noster
402 421 454 474 in
485 421 851 480 solemnitate
901 424 1055 481 beati
1095 428 1446 485 confessoris
1499 431 1579 486 tui
1619 430 1728 493 Ill.,
1763 435 1823 485 ut
1855 435 1898 494 Α
1933 433 2157 492 runtur,
2189 430 2452 500 ipsorum
2486 433 2664 504 digna
2692 434 3074 507 perﬁciantur
3103 442 3160 494 et
3199 437 3443 496 meritis.
3476 441 3585 497 Per

217 511 322 580 ejus
337 525 488 563 sacra
509 511 770 567 natalitia
783 514 1170 584 celebrantes,
1189 518 1262 573 ad
1279 519 1711 589 impetrandam
1730 519 1823 574 mi-

216 597 542 652 sericordiam
559 604 705 653 tuam
721 617 837 654 sem
848 603 1006 673 perej
1019 620 1085 656 us
1103 606 1442 675 patrociniis
1458 607 1819 678 adjuvemur.

217 688 312 739 Per.

269 774 400 829 Alia.
423 776 890 848 —Omnipotens
917 783 1271 853 seinpiterne
1286 785 1460 848 Deus,
1493 785 1586 840 cui
1615 790 1822 841 cuncta

213 861 534 916 famulantur
548 863 864 931 elementa,
883 870 1087 924 exaudi
1103 872 1408 942 propitius,
1424 872 1821 928 intercedente

208 965 296 1020 pro
324 950 476 1003 nobis
497 952 838 1010 confessore
854 962 954 1012 tuo
975 960 1099 1025 Ill.,
1114 960 1441 1015 orationem
1459 968 1744 1026 nostram,
1766 966 1822 1016 et

211 1039 370 1091 tribue
397 1039 565 1094 nobis
595 1043 1068 1102 misericordiam
1105 1051 1274 1103 tuam
1319 1066 1333 1115 ;
1366 1055 1422 1104 et
1451 1066 1819 1121 quaecunque

207 1127 425 1196 praecipis
442 1133 782 1198 utagamus,
804 1134 928 1204 ipse
945 1135 1042 1206 adj
1055 1153 1169 1192 uva
1187 1138 1493 1210 utimplere
1509 1140 1815 1210 possimus.

203 1215 292 1268 Per
315 1216 620 1272 Dominum
658 1227 947 1277 nostrum.

258 1302 393 1355 Alia
415 1333 478 1343 —
501 1305 696 1360 Sancti
729 1310 1084 1365 confessoris
1121 1312 1200 1367 tui
1223 1314 1308 1368 Ill.
1345 1315 1534 1370 tribue
1562 1331 1692 1378 nos,
1714 1316 1820 1371 Do-

204 1389 339 1452 mine,
357 1391 892 1462 supplicationibus
908 1397 1110 1463 foveri,
1131 1406 1190 1455 ut
1213 1402 1380 1472 cujus
1396 1403 1819 1474 depositionem

203 1493 373 1532 annuo
385 1480 751 1538 celebramus
766 1486 1072 1558 obsequio,
1089 1488 1216 1558 ejus
1231 1490 1375 1561 apud
1394 1496 1443 1546 te
1459 1492 1821 1548 intercessio-

201 1564 348 1620 nibus
374 1574 426 1622 et
455 1571 680 1625 meritis
709 1573 1085 1642 adjuvemur.
1121 1578 1247 1632 Per.

315 1671 456 1710 MISSA
501 1673 552 1709 IN
600 1675 802 1714 YlGlLlA
851 1678 1212 1720 PLURlMORUM
1257 1682 1666 1723 CONFESSORUM.

1935 521 2255 574 Dominum
2294 526 2586 577 nostrum.

2003 606 2294 675 Praefatio.
2318 639 2390 649 —
2411 611 2549 664 Vere
2568 612 2818 681 dignum
2833 615 3119 684 etjustum
3143 620 3250 685 est,
3266 632 3501 689 aaquum
3527 617 3585 673 et

1932 693 2206 756 salutare,
2226 711 2334 750 nos
2359 696 2458 751 tibi
2473 715 2703 770 semper
2723 707 2778 756 et
2795 702 3016 774 ubique
3029 705 3250 774 gratias
3263 721 3459 774 agere,
3473 707 3582 761 Do-

1929 781 2090 836 mine
2111 791 2331 851 sancte,
2349 786 2516 840 Pater
2532 788 2932 859 omnipotens,
2953 797 3167 847 aeterne
3190 794 3344 848 Deus
3368 796 3580 852 :etMa-

1925 870 2200 939 jestatem
2230 879 2394 928 tuam
2411 875 2662 947 supplici
2677 877 2992 934 devotione
3019 895 3281 946 exorare,
3303 887 3366 938 ut
3386 884 3581 940 beato-

1928 973 2062 1012 rum
2094 960 2501 1017 confessorum
2530 970 2763 1019 tuorum
2794 965 2918 1031 IIl.,
2950 983 3206 1038 quorum
3232 969 3407 1024 hodie
3433 970 3581 1028 festa

1928 1046 2322 1114 celebramus,
2343 1050 2588 1106 obtentu
2605 1069 2942 1109 mereamur
2961 1061 3124 1110 tuum
3141 1056 3404 1113 obtinere
3419 1058 3580 1114 auxi-

1929 1135 2099 1190 lium.
2134 1137 2237 1190 Per
2259 1137 2572 1194 Christum.

2003 1223 2138 1278 Alia
2171 1226 2471 1294 Praefatio.
2507 1258 2568 1268 —
2614 1230 2755 1283 Vere
2777 1229 3028 1300 dignum
3080 1236 3136 1287 et
3183 1231 3420 1303 justum
3472 1238 3578 1299 est,

1928 1326 2170 1382 aequum
2199 1315 2542 1380 etsalutare,
2559 1331 2667 1371 nos
2683 1317 2786 1372 tibi
2807 1334 3039 1388 semper
3057 1326 3112 1376 et
3127 1321 3340 1393 ubique
3357 1323 3580 1392 gratias

1927 1414 2122 1468 agere,
2159 1404 2404 1458 Domine
2453 1411 2676 1470 sancte,
2710 1406 2878 1462 Pater
2920 1408 3305 1479 omnipotens,
3369 1418 3580 1468 aeterne

1929 1490 2082 1544 Deus
2114 1507 2127 1544 :
2157 1497 2210 1544 et
2231 1498 2282 1546 te
2300 1492 2359 1545 in
2376 1499 2609 1547 tuorum
2630 1494 2856 1549 honore
2877 1501 3221 1552 sanctorum
3238 1498 3336 1553 Ill.
3363 1499 3580 1569 gloriﬁ-

1927 1593 2084 1640 care,
2119 1579 2221 1649 qui
2249 1580 2426 1634 etillis
2444 1596 2551 1652 pro
2579 1583 3579 1644 certaminisconstantiabeatitudi-

1926 1680 2065 1720 nem
2100 1666 2346 1722 tribuisti
2374 1671 2818 1740 sempiternam,
2852 1673 3249 1728 etintirmitati
3274 1681 3576 1736 nostraata-

257 1744 543 1800 Beatomm
573 1749 983 1806 confessorum
1019 1758 1277 1818 tuorum,
1311 1756 1581 1822 Domine,
1605 1758 1696 1811 [(1,
1727 1775 1818 1812 na-
1853 1792 1896 1850 Β
1930 1752 2008 1807 lia
2030 1754 2809 1828 praestitistisuﬂragia,quce
2832 1775 2934 1830 pro
2948 1776 3148 1815 eorum
3163 1764 3377 1819 meritis
3391 1765 3576 1835 possis

201 1832 351 1888 talitia
380 1842 735 1905 praeeuntes,
754 1840 1050 1911 supplices
1065 1850 1120 1896 te
1137 1860 1439 1915 rogamus,
1459 1852 1686 1918 utquos
1700 1862 1819 1906 cm-

198 1927 296 1983 lesti
315 1931 488 2000 gloria
502 1933 856 2002 sublimasti,
875 1940 988 1992 tuis
1005 1940 1214 1996 adesse
1227 1944 1513 1998 concedas
1529 1945 1814 1999 fidelibus.

199 2017 294 2072 Per.

252 2105 409 2177 Super
431 2110 637 2166 oblata.
672 2145 736 2153 —
765 2114 1154 2182 Sacriﬁcium,
1179 2118 1446 2185 Domine,
1491 2120 1654 2191 quod
1710 2137 1818 2193 pro

197 2194 352 2249 beatis
379 2199 832 2255 confessoribus
864 2202 977 2257 tuis
1006 2205 1104 2259 Ill.
1133 2206 1300 2261 offert
1332 2213 1532 2262 nostra
1559 2209 1816 2280 devotio,

199 2295 368 2335 eorum
382 2285 595 2338 meritis
615 2294 834 2355 augeat
860 2289 1049 2354 nobis,
1068 2297 1120 2345 te
1133 2292 1413 2361 donante,
1441 2293 1725 2364 suﬁ‘ragiu
1738 2313 1816 2365 m,

200 2367 294 2422 Per.

253 2457 522 2526 Prae/alio.
557 2491 625 2501 —
645 2461 795 2518 Vere
823 2463 1071 2534 (lignum
1105 2467 1401 2536 etjustum
1429 2474 1538 2537 est,
1591 2487 1816 2543 aequum

200 2548 244 2598 et
267 2546 520 2611 salutare,
543 2565 650 2604 nos
689 2550 790 2605 tibi
823 2569 1056 2624 semper
1076 2562 1130 2610 et
1147 2557 1360 2628 ubique
1376 2558 1594 2626 gratias
1621 2577 1816 2628 agere,

201 2632 408 2689 Domine
448 2643 655 2692 sancte
691 2639 861 2695 Pater
892 2643 1288 2715 omnipotens,
1349 2654 1564 2702 aeterne
1623 2651 1816 2704 Deus:

200 2728 499 2779 sanctorum
536 2731 780 2782 tuorum
803 2729 892 2782 Ill.
910 2731 1346 2789 solemnitatem
1369 2738 1817 2806 preevenientes,

202 2813 419 2866 concede
448 2815 766 2884 propitius,
805 2823 864 2871 ut
893 2820 996 2889 qui
1022 2821 1191 2875 donis
1219 2824 1334 2876 tuis
1369 2825 1448 2879 ita
1479 2827 1821 2882 exstiterunt

202 2897 419 2964 gloriosi,
453 2903 616 2972 apud
655 2908 711 2957 te
743 2905 959 2960 nostris
977 2909 1590 2969 existantnominibus
1618 2915 1819 2971 idonei

199 2985 606 3047 interventores.
646 2991 757 3046 Per
795 2993 1105 3051 Christum.

259 3076 408 3146 163
432 3080 514 3132 Αιι
527 3080 963 3150 Complendum.
989 3115 1051 3124 -
1069 3087 1433 3154 Qutesumsu,
1460 3092 1712 3158 Domine,
1731 3108 1821 3147 sa-

199 3162 446 3220 lutaribus
470 3167 682 3239 repleti
705 3172 1009 3241 mysteriis,
1036 3180 1361 3247 utquorum
1388 3179 1820 3236 solemnitatem

201 3257 460 3320 prmimus,
495 3271 713 3311 eorum
741 3261 1115 3316 orationibus
1147 3264 1525 3334 adjuvemur.
1554 3268 1676 3323 Per.

254 3341 740 3414 Superpopulum.
765 3378 829 3387 —
850 3350 1164 3417 Conserva,
1179 3369 1541 3426 quresumus,
1567 3358 1818 3424 Domine,

202 3427 450 3486 familiam
475 3441 672 3497 tuam,
693 3443 748 3490 et
767 3436 1250 3495 benedictionum
1274 3449 1506 3499 tuarum
1531 3448 1821 3517 propitius

204 3517 428 3576 ubertate
459 3525 742 3594 purifica,
781 3533 842 3581 ut
869 3543 970 3598 per
996 3530 1475 3588 intercessionem
1507 3535 1822 3592 beatarum

205 3607 573 3666 confessorum
611 3621 854 3668 tuorum
889 3616 1512 3676 Ill.eteruditionibus
1537 3624 1652 3678 tuis
1675 3641 1826 3679 sem-

203 3707 283 3763 per
301 3697 726 3770 multiplicetur,
751 3709 804 3756 et
829 3703 1022 3761 donis.
1049 3709 1150 3760 Per
1186 3709 1502 3764 Dominum
1533 3718 1824 3777 nostrum,

258 3787 394 3843 Alia.
427 3817 491 3827 -
530 3789 875 3860 Propitiare,
905 3795 1234 3850 misericors
1265 3798 1434 3864 Deus,
1454 3801 1828 3871 supplicatio-

203 3871 348 3926 nibus
374 3878 609 3941 nostris,
624 3885 684 3932 et
701 3880 981 3950 populum
1003 3888 1171 3937 tuum
1189 3886 1452 3954 pervigili
1469 3891 1826 3958 protectione

203 3964 416 4027 custodi,
455 3972 513 4020 ut
540 3965 652 4037 qui
684 3968 989 4023 beatorum
1017 3973 1427 4029 confessorum
1459 3981 1693 4031 tuorum
1725 3979 1820 4033 Ill.

207 4047 456 4107 solemnia
470 4055 902 4124 praevenimus,
920 4059 1146 4115 tribuas
1163 4061 1332 4116 nobis
1346 4080 1416 4118 ex
1431 4082 1630 4120 eorum
1644 4067 1821 4122 imita-

206 4138 331 4193 tione
355 4157 640 4214 prospera
671 4146 881 4201 mundi
914 4147 1237 4221 despicere,
1279 4157 1334 4207 et
1356 4153 1518 4209 nulla
1564 4155 1689 4225 ejus
1721 4156 1823 4210 ad-

205 4239 343 4281 versa
369 4230 704 4288 formidare.
737 4234 861 4288 Per.

261 4318 488 4374 Alia.—
533 4322 712 4388 Deus,
745 4323 850 4394 qui
887 4323 1088 4381 beatos
1135 4328 1506 4385 confessores
1557 4337 1691 4388 tuos
1726 4334 1818 4389 Ill.

209 4415 507 4463 sanctorum
524 4415 763 4465 tuorum
782 4413 1001 4467 meritis
1013 4418 1360 4488 comquasti,
1376 4419 1453 4475 da
1466 4421 1639 4476 nobis
1658 4422 1715 4476 in
1731 4438 1825 4478 eo-

1929 1842 2134 1898 audire
2166 1843 2500 1912 dignanter.
2554 1846 2661 1900 Per
2691 1847 3005 1903 Christum.

1998 1942 2023 1971 δ
2055 1932 2399 1986 Benedictio.
2419 1965 2481 1972 —-—
2496 1934 2820 1989 Sanctorum
2839 1953 3068 1991 suorum
3083 1938 3458 1995 confessorum
3471 1943 3574 1998 Ill.

1928 2019 2151 2074 meritis
2183 2036 2287 2076 vos
2320 2023 2607 2076 Dominus
2634 2023 2810 2078 faciat
2830 2026 3120 2090 benedici,
3160 2033 3441 2086 etconlra
3465 2031 3576 2085 ad-

1930 2123 2092 2161 versa
2112 2110 2316 2163 omnia
2329 2126 2532 2164 eorum
2550 2111 2967 2168 intercessione
2985 2116 3218 2170 muniri.
3250 2118 3454 2172 Amen.
3474 2121 3578 2174 Eo-

1928 2210 2053 2249 rum
2071 2195 2285 2252 eﬂicrat
2298 2198 2574 2267 suffragio
2586 2198 2809 2270 felices,
2833 2218 3072 2273 quorum
3089 2205 3412 2261 festivitatis
3430 2207 3578 2262 diem

1930 2283 2234 2338 celebratis
2265 2294 2528 2342 ovantes.
2578 2294 2786 2344 Amen.
2846 2288 2974 2356 Quo
3027 2307 3234 2347 eorum
3276 2293 3577 2352 imitantes

1929 2372 2222 2444 exempla,
2253 2374 2329 2428 ad
2361 2375 2622 2431 caelestia
2647 2381 2953 2447 pervenire
2980 2381 3219 2450 possitis
3243 2384 3569 2454 promissa.

1928 2466 2137 2516 Amen.
2176 2463 2346 2526 Quod
2375 2464 2505 2533 ipse
2538 2474 2809 2535 praastare
2836 2468 3125 2537 dignetur.

2009 2549 2182 2621 164
2212 2552 2301 2604 Ad
2316 2552 2747 2624 complendum.
2764 2587 2826 2596 ——
2846 2558 3206 2614 Etnatalitiis
3221 2566 3576 2625 sanctorum,

1930 2639 2190 2702 Domine,
2206 2646 2258 2694 et
2273 2643 2620 2697 sacramenti
2637 2660 2871 2700 munere
2888 2647 3503 2719 vegetati,quaesumus
3522 2657 3580 2704 ut

1927 2726 2100 2782 bonis
2130 2729 2350 2800 quibus
2382 2745 2484 2800 per
2517 2738 2679 2787 tuam
2707 2735 2952 2801 gratiam
2984 2752 3142 2791 nunc
3171 2737 3436 2794 fovemur
3453 2755 3580 2811 per-

1929 2815 2195 2871 fruamur
2224 2821 2472 2873 aelernis.
2503 2823 2608 2876 Per
2636 2822 2950 2877 Dominum
2986 2832 3278 2880 nostrum.

1999 2903 2182 2974 Super
2204 2907 2504 2976 populum.
2528 2939 2593 2947 —
2614 2909 2856 2977 Adesto,
2888 2912 3155 2977 Domine,
3182 2915 3458 2985 precibus
3479 2931 3582 2987 po-

1929 2992 2054 3062 puli
2086 2994 2167 3047 tui
2198 3010 2335 3048 cum
2352 2999 2696 3052 sanctorum
2722 2998 2808 3052 Ill.
2832 3001 3158 3070 patrocinio
3173 3003 3578 3074 supplicantis,

1929 3087 1991 3135 ut
2004 3081 2165 3152 quod
2187 3083 2428 3153 prOpria
2440 3083 2661 3140 fiducia
2675 3100 2794 3141 non
2808 3089 3577 3162 praesumitsuﬂ‘ragantium

1855 3149 1899 3209 (ἶ
1927 3171 2149 3224 meritis
2179 3179 2600 3243 consequatur.
2640 3177 2764 3230 Per.

1997 3259 2156 3314 Alia.
2190 3262 2735 3330 —Magniﬁcantes,
2795 3267 3056 3334 Domine,
3113 3269 3580 3327 misericordiam

1931 3353 2095 3404 tuam
2110 3349 2447 3420 suppliciter
2458 3367 2694 3409 exoram
2707 3371 2770 3408 us
2787 3360 2846 3410 ut
2863 3357 2956 3428 qui
2974 3374 3083 3413 nos
3103 3365 3440 3416 sanctorum
3457 3369 3586 3416 tuo-

1929 3453 2061 3493 rum
2085 3437 2488 3509 frequentibus
2506 3441 2649 3496 facis
2667 3445 2944 3500 natalitiis
2965 3447 3269 3514 interesse,
3289 3453 3583 3523 perpetuis

1932 3526 2158 3582 tribuas
2189 3529 2466 3582 interesse
2501 3533 2830 3586 consortiis.
2857 3534 2984 3589 Per.

2005 3615 2153 3670 Alia.
2180 3646 2247 3654 ——
2272 3616 2352 3670 Da
2365 3617 2556 3683 nobis,
2577 3621 2954 3690 omnipotens
2969 3625 3146 3690 Deus,
3168 3626 3228 3681 in
3245 3632 3583 3684 sanctorum

1934 3707 2174 3759 tuorum
2207 3710 2258 3757 te
2287 3720 2527 3775 semper
2556 3711 3126 3767 commemoratione
3146 3715 3412 3779 laudare,
3443 3719 3584 3787 quia

1933 3792 2193 3848 refovere
2220 3794 2459 3848 curabis
2490 3811 2643 3866 quos
2674 3797 2732 3851 in
2801 3798 3022 3855 honore
3053 3808 3151 3858 tuo
3202 3818 3582 3874 perseverare

1933 3882 2234 3937 concedis.
2265 3882 2372 3937 Per
2401 3884 2719 3941 Dominum
2749 3894 3040 3945 nostrum.
3563 3886 3570 3896 ’

2003 3971 2152 4026 Alia.
2182 4003 2248 4011 —
2262 3972 2610 4028 Sanctorum
2627 3982 2854 4031 tuorum
2868 3979 2900 4032 Ι
2905 3979 2989 4045 Il.,
3007 3980 3263 4048 Domine,
3286 3983 3582 4054 suffragiis

1930 4061 2247 4132 imploram
2259 4078 2342 4127 us,
2367 4068 2480 4118 uta
2495 4064 2723 4120 cunctis
2739 4065 3062 4124 liberemur
3075 4069 3340 4128 oﬂ‘ensis.
3368 4073 3466 4128 Per
3478 4075 3584 4130 Do-

1932 4152 2159 4205 minum
2194 4157 2481 4206 nostrum.

2002 4239 2474 4294 Alia.—Exaudi
2527 4257 2657 4308 nos,
2718 4244 3100 4315 omnipotens
3143 4251 3199 4303 et
3251 4248 3584 4305 misericors

1933 4327 2104 4396 Deus,
2135 4333 2191 4381 et
2221 4333 2560 4383 sanctorum
2583 4335 2819 4386 tuorum
2835 4349 2944 4388 nos
2969 4334 3187 4406 ubique
3207 4341 3364 4393 tuere
3386 4338 3585 4410 prcssi-

1931 4415 2064 4470 diis.
2108 4416 2236 4472 Per.

208 4495 638 4553 rumcelebritate
667 4501 949 4569 gaudere,
971 4509 1825 4576 utquorumcommemoratio-
1855 4505 1899 4564 D
2003 4505 2162 4558 Alia.
2183 4535 2251 4544 —
2271 4505 2502 4570 Tribue,
2526 4522 2890 4578 quasumus,
2917 4511 3164 4576 Domine,
3191 4518 3426 4570 sanctos
3453 4520 3584 4570 ῑυοε

209 4594 318 4634 nem
348 4586 590 4652 agimus,
616 4604 817 4643 eorum
840 4590 1162 4648 imitatione
1179 4596 1827 4664 proiiciamus,etinter-

210 4670 544 4730 cessionibus
579 4677 981 4734 sublevemur.
999 4681 1106 4738 Per
1129 4683 1447 4740 Dominum
1463 4693 1730 4744 nostrum
1743 4690 1827 4743 Je-

212 4771 318 4814 sum
341 4759 652 4819 Christum.

419 4875 473 4914 ΙΝ
507 4877 706 4918 NATALI
747 4879 1100 4922 PLURIMORUM
1151 4885 1566 4931 CONPESSORUM.

268 4941 490 5012 Prasta,
518 4951 792 5017 Domine,
824 4971 1193 5025 quaesumus,
1222 4964 1284 5014 ut
1315 4963 1462 5016 sicut
1493 4967 1825 5019 sanctorum

212 5033 410 5118 tuorum
427 5038 516 5093 Ill.
537 5056 648 5094 nos
664 5042 1297 5104 natalitiacelebranda
1311 5066 1424 5104 non
1439 5051 1733 5118 deserunt,
1751 5053 1826 5108 ita

210 5117 388 5190 jugiter
417 5127 714 5196 suffragiis
739 5133 1116 5188 comitentur.
1151 5137 1270 5190 Per.

271 5208 423 5283 Super
450 5216 660 5271 oblata.
686 5249 751 5257 —
772 5220 1027 5289 Munera,
1049 5221 1296 5279 Domine
1316 5225 1502 5296 plebis
1522 5233 1655 5294 tua},
1679 5245 1826 5300 quaa-

218 5309 405 5388 sumus,
422 5303 716 5361 beatorum
732 5308 1138 5364 confessorum
1154 5320 1382 5368 tuorum
1396 5317 1490 5373 Ill.
1507 5315 1828 5388 ﬁantgrata

220 5383 494 5462 suffragiis,
525 5400 582 5449 et
599 5410 699 5467 pro
718 5411 980 5469 quorum
1004 5399 1170 5456 trium
1180 5401 1312 5473 phis
1331 5408 1429 5460 tuo
1445 5383 1826 5463 nominioﬂ‘e-

1927 4593 2150 4664 jugiter
2179 4609 2348 4649 orare
2379 4610 2483 4665 pro
2512 4597 2684 4650 nobis
2727 4614 2739 4665 ;
2782 4605 2837 4652 et
2867 4616 3103 4670 semper
3134 4617 3236 4656 eos
3266 4603 3586 4659 clementer

1934 4681 2189 4753 digneris
2221 4683 2446 4739 audire.
2483 4687 2586 4738 Per
2619 4686 2933 4741 Dominum
2965 4693 3260 4746 nostrum.

2003 4771 2152 4825 Alia.
2180 4774 2467 4827 —Sancti
2495 4773 2591 4838 tui,
2645 4790 3013 4845 quaesumus,
3047 4778 3316 4847 Domine,
3370 4781 3588 4853 jugiter

1933 4860 2102 4915 nobis
2128 4865 2237 4916 ate
2268 4865 2324 4916 et
2347 4861 2576 4916 veniam
2601 4864 2917 4933 postulent,
2937 4873 2990 4920 et
3017 4868 3362 4938 profectum.
3387 4872 3514 4927 Per.

2458 4973 2509 5012 ΙΝ
2549 4976 2748 5015 γιϐιιιιλ
2787 4977 3066 5020 VIRGINUM.

2005 5045 2237 5102 Sanctus
2262 5048 2537 5118 martyris
2560 5054 2673 5104 tua:
2695 5050 2814 5118 ιιι,
2840 5054 3100 5120 Domine,
3135 5056 3588 5129 supplicationi-

1931 5134 2046 5190 bus
2071 5135 2259 5191 tribue
2282 5153 2386 5192 nos
2404 5138 2609 5205 foveri,
2633 5145 2692 5195 ut
2713 5142 2880 5213 cujus
2907 5145 3307 5202 venerabilem
3327 5148 3590 5204 solemni-

1933 5228 2117 5279 tatem
2149 5226 2540 5295 prtevenimus
2562 5229 2872 5301 obsequio,
2905 5231 3029 5302 ejus
3070 5233 3588 5293 intercessionibus

1934 5315 2427 5370 commendemur
2457 5322 2512 5372 et
2542 5318 2781 5373 meritis.
2819 5320 2920 5375 Per
2946 5322 3264 5380 Christum.

2003 5402 2194 5475 Super
2248 5404 2462 5463 oblata.
2511 5437 2574 5448 -
2622 5409 2960 5466 Muneribus
3013 5416 3252 5484 nostris,
3316 5414 3586 5488 Domine,

278 5589 299 5623 ι
321 5581 499 5642 Iisdem
519 5587 697 5644 verbis
725 5588 960 5647 habetur
986 5590 1042 5647 in
1073 5591 1509 5654 Benedictionali
1540 5613 1639 5673 pro
1670 5599 1956 5659 nativitate
1989 5598 2340 5675 plurimorum
2378 5599 2770 5673 confessorum,

540 5727 776 5794 Pareas.
816 5730 1100 5794 LXXVIII.
