4092 6200
463 292 577 356 171

1637 257 1640 260 ’
1704 283 1966 354 SANCTI
2005 277 2352 350 causam
2391 279 2628 350 MAGNI

3649 255 3654 258 ’
3758 279 3866 347 m

465 427 688 482 sancta
711 423 812 482 Ill.
844 419 1122 497 martyris
1145 419 1258 480 tuae
1287 422 1436 480 festa
1464 423 1862 494 praecedimus,
1893 425 2110 495 praesta
2141 429 2191 488 Α
2223 417 2430 472 mundi
2463 419 2642 489 hujus
2672 419 2922 476 adversa
2951 418 3125 476 nobis
3152 419 3381 490 praestet
3413 415 3722 472 auxilium.
3763 416 3872 472 Per

465 529 806 586 quaesumus
826 521 889 568 ut
915 529 1046 586 quas
1065 517 1448 584 peccatorum
1503 519 1848 568 nostrorum
1878 526 2112 583 praepe-

465 601 708 657 diuntur
725 601 1049 656 obstaculis
1077 601 1231 656 illius
1253 601 1476 657 meritis
1499 601 1824 658 reddantur
1843 607 2110 671 accepta.

464 688 573 744 Per
595 688 917 744 Dominum
940 695 1232 745 nostrum.

535 777 837 845 Praefatio.
861 809 925 820 —
943 779 1089 834 Vere
1105 779 1352 849 dignum
1369 785 1424 835 et
1431 779 1658 850 justum
1675 784 1782 844 est,
1801 795 2038 852 aequum
2056 781 2114 834 et

465 865 738 931 salutare,
761 881 872 920 nos
905 866 1005 920 tibi
1037 881 1268 937 semper
1291 873 1346 922 et
1377 868 1592 940 ubique
1633 870 1854 938 gratias
1912 883 2108 938 agere,

468 953 715 1008 Domine
737 958 960 1018 sancte,
987 953 1158 1010 Pater
1180 957 1576 1027 omnipotens,
1613 964 1830 1012 aeterne
1853 961 2032 1012 Deus:
2057 961 2114 1012 et

465 1045 522 1096 te
543 1041 730 1096 beatae
743 1041 851 1100 Ill.
879 1041 1143 1098 natalitia
1159 1043 1595 1114 praveniendo,
1615 1045 1880 1110 laudare,
1903 1045 2114 1116 praedi-

467 1141 603 1182 care
619 1127 1050 1196 etbenediccre,
1065 1145 1242 1200 quam
1261 1137 1419 1186 tanto
1434 1147 1666 1188 munere
1685 1133 2034 1198 sublimasti,
2055 1138 2113 1186 ut

467 1213 520 1270 ei
549 1214 844 1270 conferres
873 1223 928 1271 et
948 1217 1306 1285 virginitatis
1319 1235 1600 1276 coronam
1621 1227 1677 1276 et
1697 1223 1962 1292 martyrii
1989 1220 2112 1292 pal-

465 1317 652 1358 mam.
684 1303 866 1374 Cujus
883 1303 1246 1361 interventus
1275 1322 1408 1373 nos,
1441 1323 1808 1378 quaesumus,
1836 1327 1869 1364 a
1895 1309 2113 1365 nostris

464 1391 710 1446 mundet
727 1391 1036 1458 delictis,et
1053 1409 1442 1465 supernorum
1462 1397 1680 1450 civium
1705 1398 1884 1453 faciat
1904 1398 2110 1454 ascisci

465 1479 796 1534 consortiis.
823 1481 927 1535 Per
955 1480 1272 1536 Christum.

544 1575 714 1647 165
731 1574 862 1630 Alia
876 1577 1171 1646 Praefatio.
1193 1609 1260 1620 —-
1281 1580 1424 1636 Vere
1437 1580 1683 1652 dignum
1701 1591 1756 1638 et
1773 1583 1787 1654 j
1803 1587 1983 1639 ustum
2005 1587 2110 1652 est,

463 1677 705 1734 aequum
719 1669 776 1719 et
789 1665 1060 1730 salutare,
1075 1681 1187 1721 nos
1205 1667 1310 1722 tibi
1325 1685 1446 1722 sem
1457 1685 1560 1740 per
1583 1675 1639 1726 et
1659 1671 1877 1742 ubique
1891 1672 2112 1742 gratias

464 1763 661 1822 agere,
688 1751 938 1808 Domine
968 1760 1189 1822 sancte,
1228 1757 1395 1812 Pater
1439 1760 1840 1830 omnipotens,
1897 1767 2112 1816 aeterne

464 1842 616 1896 Deus
649 1855 661 1894 :
695 1848 752 1896 et
782 1849 853 1907 te,
885 1841 1075 1898 beatae
1105 1845 1201 1898 Ill.
1235 1845 1503 1901 natalitia
1533 1849 1968 1918 prteveniendo,
1995 1850 2114 1905 lau-

458 1928 624 1993 dare,
659 1929 983 2000 praedicare
1004 1937 1059 1985 et
1074 1931 1445 1998 benedicere,
1474 1951 1651 2006 quam
1681 1941 1844 1992 tanto
1869 1955 2112 1993 munere

459 2016 812 2081 s‘ublimasti,
837 2023 898 2073 ut
918 2018 968 2073 ei
1002 2019 1298 2076 conferres
1329 2022 1686 2092 virginitatis
1711 2041 2021 2092 coronam,
2055 2031 2111 2082 et

455 2105 726 2178 martyrii
745 2107 1008 2178 palmam
1035 2125 1049 2174 ;
1069 2109 1272 2181 sicque
1303 2111 1514 2166 virtute
1536 2113 1677 2168 iidei
1698 2119 1752 2168 et
1777 2114 1983 2170 decore
2004 2133 2109 2187 pu-

455 2195 671 2250 dicitis:
703 2196 967 2268 polleret,
997 2203 1056 2252 ut
1075 2198 1150 2252 ad
1165 2199 1425 2256 cmlestia
1441 2216 1624 2272 regna
1643 2203 1809 2274 virgo
1825 2205 2040 2274 pariter
2053 2210 2108 2261 et

459 2292 690 2356 martyr
708 2285 973 2340 intraret.
995 2288 1100 2342 Per
1113 2287 1427 2344 Christum.

522 2373 617 2428 Ad
629 2373 1056 2442 Complendum.
1073 2405 1138 2415 —-
1153 2377 1524 2442 Quaesumus,
1538 2379 1914 2452 omnipotens
1931 2380 2099 2446 Deus,

452 2467 518 2518 ut
532 2477 792 2533 quorum
813 2477 923 2518 nos
953 2463 1160 2520 tribuis
1189 2467 1636 2523 communicare
1667 2471 1982 2540 memoriis,
2005 2485 2100 2528 eo-

449 2564 585 2607 rum
605 2549 788 2608 facias
816 2554 1102 2608 veraciter
1130 2552 1478 2610 imitatores.
1511 2555 1634 2612 Per.

951 2684 1009 2723 1N
1039 2685 1236 2725 NATALI
1283 2686 1578 2727 VIRGINUM.

509 2784 686 2852 Deus,
716 2784 819 2857 qui
831 2785 981 2842 inter
999 2790 1206 2842 caetera
1221 2787 1496 2858 potentia:
1509 2795 1624 2843 tuae
1641 2789 1911 2846 miracula
1923 2791 2094 2846 etiam

435 2877 494 2930 in
519 2891 664 2932 sexu
679 2873 876 2945 fragili
891 2876 1196 2930 victoriam
1211 2877 1477 2947 martyrii
1491 2893 1600 2933 con
1611 2879 1810 2942 tulisti,
1829 2881 2091 2935 concede

433 2961 723 3034 propitius
758 2966 818 3014 ut
849 2959 1020 3029 cujus
1047 2959 1310 3014 natalitia
1336 2959 1606 3026 colimus,
1637 2977 1742 3032 per
1765 2963 1896 3034 ejus
1927 2964 2006 3019 ad
2032 2969 2086 3020 te

431 3049 707 3119 exempla
739 3047 1106 3118 gradiamur.
1131 3047 1242 3103 Per
1269 3047 1592 3104 Dominum
1613 3058 1905 3106 nostrum.

502 3135 690 3206 Super
717 3137 940 3192 oblata.
965 3165 1029 3174 -
1048 3138 1111 3190 In
1137 3143 1354 3191 sanctae
1389 3137 1630 3207 virginis
1651 3139 1748 3194 Ill.
1774 3139 2085 3196 festivitate
2120 3129 2165 3190 C

430 3225 705 3298 pretiosa,
737 3229 852 3288 tua,
891 3225 1160 3288 Domine,
1191 3225 1486 3280 mirabilia
1515 3228 1927 3299 praedicantes,
1963 3246 2086 3284 mu-

429 3329 572 3370 nera
593 3315 794 3369 votiva
816 3313 1138 3370 deferimus
1159 3332 1174 3384 ;
1195 3318 1427 3385 ρτωδιδ,
1443 3330 1810 3386 quaesumus,
1843 3323 1905 3372 ut
1935 3319 2086 3374 sicut

431 3403 558 3474 ejus
589 3401 688 3458 tibi
717 3407 886 3472 grata
907 3407 1038 3456 sunt
1057 3409 1288 3467 merita,
1318 3403 1406 3458 sic
1433 3408 1652 3460 nostrae
1673 3407 1970 3462 servitutis
1991 3423 2084 3463 ac-

428 3498 599 3565 cepta
625 3491 950 3546 reddantur
980 3489 1191 3546 ofﬁcia.
1215 3491 1315 3548 Per
1341 3493 1660 3548 Dominum
1683 3501 1973 3550 nostrum.

498 3581 800 3650 Praefatio.
825 3610 891 3620 -—
913 3580 1054 3636 Vere
1065 3580 1316 3651 dignum
1331 3585 1388 3636 et
1394 3582 1415 3652 j
1429 3587 1627 3637 ustum
1641 3587 1748 3649 est,
1775 3599 2015 3656 eaquum
2031 3591 2086 3641 et

427 3670 706 3735 salutare,
738 3684 846 3724 nos
873 3668 976 3724 tibi
1015 3684 1251 3740 semper
1283 3675 1338 3724 et
1365 3670 1588 3742 ubique
1615 3673 1836 3741 gratias
1887 3689 2082 3754 agere,

427 3757 677 3814 Domine
700 3763 918 3824 sancte,
945 3757 1111 3812 Pater
1131 3757 1526 3828 omnipotens,
1556 3766 1774 3816 aeterne
1797 3762 1964 3826 Deus,
1981 3777 2088 3834 per

426 3847 723 3902 Christum
757 3847 1074 3900 Dominum
1093 3850 1383 3900 nostrum.
1406 3846 1592 3910 Quem
1609 3849 1786 3904 beata
1801 3849 1966 3920 virgo
1985 3866 2088 3922 pa-

423 3937 563 3993 riter
588 3940 646 3992 et
668 3941 895 4007 martyr
923 3935 1018 3990 Ill.
1042 3939 1098 3990 et
1117 3933 1427 4003 diligendo
1453 3935 1661 4001 timuit,
1717 3943 1775 3992 et
1817 3939 2085 3996 timendo

426 4025 662 4090 dilexit;
689 4025 889 4096 illique
913 4024 1230 4095 conjuncta
1259 4027 1348 4078 est
1377 4023 1704 4096 moriendo,
1741 4025 1834 4080 cui
1866 4043 1928 4082 se
1945 4043 2084 4083 con-

426 4119 762 4170 secraverat
775 4117 934 4168 caste
951 4113 1203 4166 Vivendo
1224 4129 1242 4180 ;
1260 4119 1315 4167 et
1336 4127 1445 4182 pro
1462 4128 1531 4167 eo
1547 4115 1942 4185 temporalem
1963 4123 2082 4172 stu-

426 4201 547 4258 duit
576 4203 862 4256 sustinere
895 4215 1157 4271 poenam,
1191 4205 1256 4256 ut
1280 4201 1357 4254 ab
1387 4215 1458 4256 eo
1477 4202 1802 4273 perciperet
1829 4204 2080 4273 gloriam

427 4289 875 4362 sempiternam.
893 4291 1055 4353 Quae,
1072 4289 1218 4342 dum
1239 4287 1538 4360 duplicem
1561 4290 1682 4344 vult
1707 4307 1942 4348 sumere
1959 4293 2080 4366 pal-

426 4399 586 4440 mam
612 4383 674 4438 in
704 4381 854 4438 sacri
883 4381 1217 4436 certaminis
1235 4395 1446 4450 agone,
1481 4387 1535 4437 et
1561 4382 1634 4437 de
1653 4385 1906 4455 corporis
1927 4387 2076 4442 inte-

426 4472 656 4542 gritate,
689 4476 745 4526 et
768 4471 841 4526 de
866 4470 1002 4524 ﬁdei
1028 4469 1298 4541 puritate,
1325 4469 1686 4526 laboriosius
1707 4471 1876 4528 duxit
1895 4473 2077 4544 longa
2112 4491 2156 4550 ι)

427 4560 656 4632 antiqui
679 4560 866 4614 hostis
905 4562 1192 4614 sustinere
1234 4563 1619 4627 tentamenta,
1653 4576 1838 4632 quam
1891 4564 2074 4620 vitam

425 4653 772 4718 praesentem
786 4648 904 4702 cito
916 4649 1180 4704 amittere
1195 4663 1298 4718 per
1309 4653 1622 4704 tormenta.
1639 4650 1682 4714 Ο
1693 4651 1931 4704 uoniam
1947 4665 2076 4704 cum

423 4736 488 4792 in
517 4737 798 4808 martyrio
829 4741 1242 4808 proponantur
1262 4752 1332 4792 ea
1348 4752 1481 4808 quae
1495 4743 1768 4802 terreant,
1795 4737 1858 4792 in
1883 4737 2076 4793 carnis

425 4837 568 4882 vero
588 4825 1028 4881 delectamentis
1041 4841 1109 4880 ea
1125 4842 1254 4897 quas
1267 4827 1576 4891 mulceant,
1593 4826 1887 4882 molestius
1902 4845 1929 4882 s
1939 4827 2077 4884 usti-

425 4919 600 4970 netur
623 4912 810 4968 hostis
821 4913 1110 4980 occultus,
1127 4929 1310 4986 quam
1325 4915 1919 4985 superaturinfestus.
1937 4917 2075 4972 Cum

428 5017 568 5074 ergo
599 5001 662 5056 in
695 5007 941 5072 utroque
971 5003 1050 5057 tui
1077 5001 1148 5056 sit
1177 5002 1440 5057 muneris
1457 5001 1622 5074 quod
1653 5003 1808 5069 vicit,
1836 5003 2075 5074 quiani-

426 5090 511 5148 hil
539 5089 694 5144 valet
715 5089 982 5143 humana
1013 5089 1317 5156 fragilitas,
1351 5089 1466 5144 nisi
1497 5097 1599 5144 tua
1629 5091 1783 5145 hanc
1830 5091 2072 5161 adjuvet

425 5179 635 5252 pietas,
668 5193 770 5251 pro
786 5177 984 5244 nobis,
998 5193 1363 5250 quaesumus,
1381 5185 1544 5233 tuam
1559 5175 1836 5248 pietatem
1852 5185 2067 5254 exoret,

427 5283 558 5340 qua:
580 5283 614 5322 a
642 5273 696 5322 te
723 5267 951 5336 accepit
983 5273 1044 5320 ut
1067 5267 1342 5320 vinceret.
1371 5266 1438 5320 Et
1465 5281 1595 5336 quas
1645 5267 1932 5335 Unigeniti
1987 5266 2070 5322 tui

425 5355 646 5414 intrare
677 5355 891 5412 meruit
911 5353 1268 5424 thalamum,
1292 5354 1717 5410 intercessione
1764 5371 1872 5410 sua
1919 5353 2071 5410 inter

2220 522 2398 577 quem
2427 507 2789 578 Majestatem
2825 514 3007 564 tuam.

2289 604 2428 659 Alia
2459 605 2757 675 Praefatio.
2786 637 2856 646 ——
2907 605 3051 660 Vere
3099 603 3350 672 dignum
3395 605 3450 656 et
3497 602 3730 673 justum
3762 605 3870 667 est,

2220 707 2458 762 aequum
2489 697 2546 746 et
2575 693 2852 760 salutare,
2879 709 2987 748 nos
3019 693 3125 746 tibi
3147 706 3382 762 semper
3403 697 3458 746 et
3491 690 3706 762 ubique
3739 705 3874 760 gra-

2221 781 2330 836 tias
2343 795 2537 851 agere,
2556 782 2800 837 Domine
2813 787 3033 850 sancte,
3049 780 3220 835 Pater
3239 785 3634 850 omnipotens,
3657 785 3873 834 aeterne

2221 869 2512 940 Deus,per
2539 869 2832 925 Christum
2865 869 3180 924 Dominum
3214 873 3477 922 nostrum
3501 885 3511 924 :
3535 869 3706 937 cujus
3737 868 3876 923 cha-

2221 957 2628 1014 ritatisardore
2655 961 2786 1027 ista,
2803 966 2854 1014 et
2877 973 3087 1013 omnes
3100 963 3314 1012 sanctae
3339 957 3611 1026 virgines,
3637 973 3673 1011 a
3693 957 3876 1012 beata

2221 1045 2402 1102 Maria
2430 1047 2772 1117 exemplum
2793 1047 3137 1116 virginitatis
3160 1045 3533 1115 accipientes,
3559 1047 3877 1116 praesentis

2221 1133 2420 1189 saeculi
2453 1135 2783 1206 voluptates
2813 1151 2882 1190 ac
2911 1135 3152 1190 delicias
3185 1139 3688 1203 contempserunt.
3717 1135 3876 1198 Quo-

2221 1224 2385 1278 niam
2416 1227 2517 1279 tuo
2537 1224 2698 1278 dono
2731 1229 2924 1279 actum
2947 1229 3036 1278 est
3065 1223 3212 1294 (597)
3247 1227 3308 1276 ut
3339 1227 3652 1294 postquam
3697 1225 3876 1292 Virgo

2221 1313 2294 1368 de
2325 1313 2555 1382 Virgine
2579 1313 2812 1382 prodiit,
2841 1328 3017 1368 sexus
3037 1311 3258 1380 fragilis
3275 1316 3430 1365 esset
3453 1311 3634 1378 fortis,
3652 1312 3876 1383 et(578)

2221 1409 2282 1462 in
2317 1417 2438 1471 quo
2472 1401 2642 1471 166
2677 1401 2782 1455 fuit
2810 1400 3091 1471 peccandi
3109 1399 3374 1463 facilitas,
3409 1404 3566 1454 esset
3591 1399 3876 1455 vincendi

2220 1482 2487 1542 felicitas.
2513 1493 2920 1559 Antiquusque
2941 1487 3150 1552 hostis,
3180 1489 3280 1558 qui
3309 1503 3414 1558 per
3431 1487 3741 1558 antiquam
3761 1487 3880 1543 vir-

2223 1577 2420 1646 ginem
2449 1592 2635 1645 geuus
2657 1579 2992 1632 humanum
3017 1591 3076 1630 se
3107 1577 3315 1630 vicisse
3345 1575 3734 1645 gloriabatur,
3769 1593 3879 1647 per

2223 1669 2459 1720 sanctas
2489 1680 2645 1718 nunc
2659 1667 2933 1733 virgines,
2958 1679 3243 1736 sequaces
3265 1663 3462 1736 potius
3485 1665 3670 1720 Mariae
3689 1681 3876 1736 quam

2149 1787 2192 1845 Β
2224 1755 2376 1816 Ενω,
2399 1751 2690 1807 vincatur.
2722 1754 2786 1808 Et
2811 1755 2868 1808 in
2893 1769 2961 1808 eo
2992 1753 3182 1823 major
3211 1754 3262 1807 ei
3311 1753 3582 1808 confusm
3625 1760 3876 1824 crescat,

2221 1841 2386 1912 quod
2399 1841 2472 1896 de
2484 1857 2554 1895 eo
2580 1845 2758 1896 etiam
2781 1858 2956 1897 sexus
2969 1842 3192 1912 fragilis
3211 1841 3339 1910 jam
3357 1842 3699 1912 triumphat.
3719 1844 3880 1907 Qua-

2221 1935 2456 2000 propter
2473 1929 2832 1984 immensam
2853 1931 3129 2000 pietatem
3149 1935 3314 1984 tuam
3331 1931 3630 1986 humiliter
3655 1947 3878 2002 expos-

2219 2019 2430 2083 cimus,
2464 2025 2526 2072 ut
2560 2034 2664 2089 per
2683 2018 3546 2090 earumintercessionem,quas
3577 2023 3632 2073 et
3655 2036 3876 2076 sexum

2217 2106 2481 2162 vicerunt
2505 2113 2561 2160 et
2586 2107 2883 2176 saeculum,
2915 2107 3135 2178 tibique
3179 2107 3526 2176 placuerunt
3553 2113 3608 2162 et
3635 2109 3877 2178 Virgini-

2215 2195 2350 2250 tatis
2373 2195 2606 2260 decore,
2640 2202 2696 2250 et
2721 2197 3011 2266 passionis
3033 2195 3253 2264 vigore,
3285 2211 3395 2249 nos
3429 2211 3764 2251 mereamur
3811 2203 3874 2254 et

2213 2281 2570 2338 invisibilem
2590 2285 2824 2338 hostem
2847 2299 3144 2354 superare,
3195 2289 3250 2339 et
3283 2284 3590 2352 Unigenito
3621 2290 3723 2342 tuo
3759 2288 3870 2342 Do-

2211 2372 2376 2426 mino
2407 2377 2608 2427 nostro
2631 2373 2946 2428 adharere.
2969 2373 3071 2427 Per
3099 2389 3275 2444 quem
3319 2373 3712 2442 Majestatem.

2277 2489 2304 2519 ει
2335 2478 2693 2534 Benedictio.
2719 2477 3287 2534 —Beuedicatvobis
3301 2479 3587 2534 Dominus
3609 2481 3708 2552 qui
3724 2479 3864 2537 bea-

2208 2567 2281 2618 ta:
2311 2563 2522 2632 virgini
2551 2563 2647 2618 Ill.
2681 2565 2976 2619 concessit
2996 2568 3053 2618 et
3079 2563 3358 2619 decorem
3393 2563 3750 2634 virginitatis
3801 2571 3864 2624 et

2207 2651 2458 2720 gloriam
2479 2653 2797 2723 passionis.
2819 2660 3024 2708 Amen.
3057 2656 3120 2707 Et
3143 2654 3314 2723 cujus
3337 2653 3724 2724 opitulatione
3755 2655 3863 2713 illa

2203 2741 2671 2795 meruitetsexus
2685 2739 3047 2810 fragilitatem
3059 2743 3605 2813 etpersequentium
3627 2743 3856 2798 rabiem

2203 2827 2528 2896 devincere,
2555 2845 2657 2882 vos
2681 2830 2920 2899 possitis
2949 2836 3004 2883 et
3043 2835 3376 2884 vestrorum
3395 2847 3708 2901 corporum
3734 2832 3862 2888 ille-

2201 2915 2411 2970 cebras
2431 2923 2488 2970 et
2517 2917 2740 2988 antiqui
2775 2918 2957 2972 hostis
3013 2918 3498 2973 machinamenta
3529 2935 3848 2990 superare.

2196 3009 2402 3058 Amen.
2439 3007 2566 3069 Quo
2598 3006 2747 3059 sicut
2771 3005 2872 3060 illa
2903 3021 3046 3059 sexu
3067 3005 3259 3074 fragili
3283 3007 3442 3061 virile
3474 3009 3604 3062 nisa
3629 3014 3712 3062 est
3729 3024 3858 3064 cer-

2197 3097 2398 3147 tamen
2423 3097 2607 3158 adire,
2641 3099 2694 3148 et
2731 3099 2864 3164 post
2891 3101 3188 3150 certamen
3219 3095 3293 3149 de
3322 3095 3596 3150 hostibus
3643 3097 3852 3151 trium-

2195 3182 2400 3254 phare,
2423 3183 2504 3238 ita
2533 3199 2636 3237 vos
2657 3184 2716 3237 in
2745 3185 2857 3238 hac
2871 3183 3226 3239 mortalitate
3243 3184 3506 3239 viventes
3531 3185 3780 3240 valeatis
3797 3192 3858 3242 et

2194 3273 2502 3341 antiquum
2533 3271 2766 3326 hostem
2795 3271 3129 3336 devincere,
3161 3277 3216 3326 et
3248 3271 3325 3326 ad
3353 3287 3538 3342 regna
3586 3273 3857 3332 coelestia

2193 3359 2521 3432 pervenire.
2549 3363 2756 3416 Amen.
2791 3359 2962 3427 Quod
2983 3363 3109 3431 ipse
3143 3367 3432 3431 prmstare.

2261 3456 2306 3510 A
2319 3457 2399 3513 lia
2411 3458 2771 3514 Benedictio.
2787 3489 2856 3498 —
2874 3460 2977 3514 0m
2989 3459 3046 3512 ni
3053 3463 3262 3528 potens
3282 3459 3587 3524 Dominus,
3605 3458 3856 3517 interce-

2193 3545 2470 3600 dentibus
2497 3548 2713 3602 sanctis
2745 3545 3074 3616 virginibus
3104 3547 3224 3601 suis
3255 3547 3380 3612 Ill.,
3437 3565 3537 3602 vos
3568 3548 3854 3619 dignetur

2195 3635 2561 3700 benedicere,
2591 3637 2692 3706 qui
2723 3636 2796 3690 de
2813 3637 3053 3707 antiquo
3075 3636 3240 3691 hoste
3275 3652 3392 3690 non
3408 3637 3604 3693 solum
3641 3653 3745 3710 per
3769 3640 3854 3695 vi-

2195 3741 2310 3790 ros,
2339 3741 2548 3779 verum
2578 3725 2749 3779 etiam
2779 3741 2880 3796 per
2918 3724 3174 3780 feminas
3205 3725 3388 3780 voluit
3439 3727 3838 3799 triumphare.

2195 3821 2400 3868 Amen.
2435 3815 2496 3868 Et
2522 3814 2625 3884 qui
2655 3814 2766 3867 illis
2795 3813 2972 3867 voluit
3001 3813 3307 3868 centesimi
3331 3815 3555 3869 fructus
3609 3816 3850 3874 donum

2194 3901 2405 3956 decore
2431 3901 2774 3969 virginitatis
2805 3907 2862 3956 et
2890 3917 3082 3970 agone
3127 3902 3394 3974 martyrii
3421 3903 3702 3973 conferre,
3743 3921 3850 3961 vos

2193 3991 2461 4060 dignetur
2475 3995 2531 4044 et
2552 3991 2821 4044 vitiorum
2835 3991 3214 4062 squaloribus
3231 4008 3580 4062 expurgare,
3597 3998 3650 4047 et
3665 3995 3850 4049 virtu-

2193 4085 2309 4134 tum
2323 4080 2693 4150 lampadibus
2707 4095 3011 4136 exornare.
3027 4083 3232 4134 Amen.
3251 4083 3291 4144 Ο
3305 4089 3550 4135 natenus
3567 4083 3712 4136 virtu
3725 4087 3850 4138 lum

2191 4171 2321 4224 oleo
2350 4169 2429 4224 ita
2459 4175 2760 4238 pectorum
2795 4175 3122 4224 vestrorum
3148 4169 3459 4239 lampades
3491 4169 3712 4240 possint
3754 4188 3851 4227 re-

2189 4258 2353 4329 pleri,
2391 4265 2450 4312 ut
2479 4275 2616 4312 cum
2643 4261 2723 4313 eis
2747 4259 3001 4313 C(Blestis
3017 4258 3224 4329 sponsi
3243 4259 3575 4312 thalamum
3593 4259 3844 4316 valeatis

2186 4347 2435 4415 ingredi.
2456 4349 2664 4400 Amen.
2695 4347 2866 4410 Quod
2889 4348 3018 4417 ipse
3035 4353 3313 4418 praestare
3343 4348 3634 4416 dignetur,
3663 4348 3846 4419 cujus

2185 4451 2440 4504 regnum
2469 4443 2525 4490 et
2553 4437 2891 4505 imperium.

2254 4535 2348 4588 Ad
2381 4533 2820 4602 Gomplendum.
2844 4561 2912 4574 ἀι
2940 4534 3304 4589 Auxilientur
3333 4535 3529 4599 nobis,
3565 4533 3839 4606 Domine,

2186 4628 2428 4692 sumpta
2441 4623 2740 4692 mysteria,
2762 4629 2837 4687 et,
2857 4623 3252 4677 intercedente
3269 4624 3438 4678 beata
3455 4625 3480 4677 Ι
3487 4623 3528 4678 ιι
3571 4629 3842 4694 martyre

2183 4715 2306 4776 tua,
2325 4713 2679 4782 sempiterna
2711 4713 3070 4782 protectioue
3099 4713 3470 4768 conﬁrment.
3499 4712 3604 4768 Per
3635 4711 3842 4768 Domi-

2183 4815 2330 4854 num
2357 4806 2648 4854 nostrum.

2249 4897 2412 4952 Alia.
2431 4927 2497 4937 -—
2517 4897 2952 4967 lndulgentiam
2981 4898 3175 4966 nobis,
3205 4899 3472 4964 Domine,
3515 4897 3693 4954 beata
3715 4895 3830 4954 Ill.

2181 4993 2408 5054 martyr
2435 4986 2732 5058 imploret,
2767 5004 2890 5057 quae
2917 4987 3012 5042 tibi
3039 5003 3268 5056 semper
3297 4995 3464 5056 grata
3491 4985 3724 5052 exstitit,
3777 4989 3844 5042 et

2181 5075 2388 5129 merito
2415 5077 2717 5144 castitatis,
2748 5083 2803 5129 et
2833 5083 2945 5130 tuae
2995 5076 3361 5146 professione
3415 5074 3668 5130 virtutis.
3725 5073 3842 5130 Per

2179 5163 2498 5218 Dominum
2521 5171 2788 5217 nostrum
2813 5166 3012 5218 Jesum
3039 5165 3328 5219 Christum
3361 5163 3572 5218 Filium
3605 5169 3788 5218 tuum.

2246 5259 2390 5330 (599)
2413 5259 2552 5316 Alia
2578 5261 2776 5315 Missa.
2803 5262 3056 5326 —Deus,
3090 5264 3320 5334 quinos
3372 5261 3547 5316 hodie
3602 5269 3836 5322 sanctm

2177 5347 2419 5420 virginis
2443 5349 2540 5405 Ill.
2570 5364 2774 5404 annua
2799 5349 3172 5404 solemnitate
3223 5349 3505 5419 laetificas,
3560 5355 3830 5410 concede

497 5605 526 5640 ι
554 5595 684 5654 meo
706 5591 908 5656 Bened.
951 5592 1267 5676 assignatur
1311 5591 1368 5652 in
1395 5590 1816 5654 Benedictionali
1863 5607 1962 5672 pro
1992 5593 2110 5654 nat.
2165 5587 2330 5648 unius
2359 5585 2611 5668 virginis,
2641 5593 2697 5646 et
2725 5601 2958 5666 sequens
2987 5581 3048 5646 in
3099 5585 3381 5650 nativitate
3430 5583 3656 5668 plurim.
3713 5581 3826 5654 vir-

429 5665 638 5750 Binum.
