4034 6178
476 293 587 366 178

1723 300 1986 365 SANCTI
2024 288 2369 363 GBEGORII
2409 286 2646 359 MAGNI

3774 297 3896 363 l76

549 435 722 507 169
734 434 914 503 Super
925 432 1211 490 oblata.—
1225 430 1587 491 Oblationem
1602 440 2115 507 nostram,quaesu-
2142 444 2193 504 Α
2227 434 2318 486 rat
2346 445 2381 486 a
2411 428 2583 485 vobis
2598 446 2694 485 cor
2722 429 3049 503 lapideum,
3065 433 3124 486 et
3147 425 3428 495 detvobis
3450 444 3554 486 cor
3579 446 3890 489 carneum.

466 539 624 590 mus,
652 523 917 587 Domine,
947 521 1411 580 misericorditer
1455 529 1761 597 acceptare
1805 532 1863 580 et
1904 522 2115 579 sancti-

465 611 645 668 ﬁcare
669 611 953 681 digneris,
993 617 1055 667 ut
1079 613 1209 683 ejus
1253 614 1715 670 sanctificatione
1746 613 1921 669 nobis
1952 611 2115 667 salus

465 701 797 773 proveniat,
821 706 878 756 et
900 699 1168 756 defensio
1207 702 1588 774 sempiterna.
1622 706 1747 761 Per.

2227 519 2440 576 Amen.
2472 520 2633 584 Quod
2658 520 2783 591 ipse
2831 527 3131 592 praestare.

2294 607 2391 662 Ad
2409 608 2925 678 Complendum.—
2952 606 3215 679 Sumptis
3240 607 3887 678 muneribus,Domine,

2223 712 2594 769 quaesumus,
2619 699 3315 770 utcumfrequentatione
3360 700 3628 767 mysterii
3656 706 3890 757 crescat
3926 706 3933 709 ’

536 788 835 858 Praefatio.
866 789 1099 845 —Vere
1122 791 1369 859 dignum
1395 796 1454 847 et
1468 793 1700 862 justum
1741 796 1845 857 est,
1880 804 2114 862 aequum
2221 792 2438 840 nastrae
2469 783 2675 841 salutis
2702 786 2972 841 effectus.
3033 786 3142 841 Per
3181 783 3521 839 Dominum.

461 884 519 934 et
545 877 822 941 salutare,
850 894 963 934 nos
997 878 1094 934 tibi
1106 895 1345 951 semper
1361 887 1418 936 et
1445 882 1662 954 ubique
1675 881 1896 953 gratias
1911 893 2108 949 agere,

460 966 706 1022 Domine
740 974 964 1032 sancte,
1001 969 1165 1024 Pater
1202 970 1601 1041 omnipotens,
1660 979 1878 1026 aeterne
1909 970 2059 1023 Deus
2092 987 2106 1023 :

2297 872 2474 943 Super
2500 875 2810 942 populum.
2848 905 2913 915 —
2936 874 3108 941 Deus,
3128 874 3295 945 quite
3328 872 3387 927 in
3404 874 3577 929 rectis
3605 891 3674 930 ac
3694 876 3885 933 since-

2218 962 2299 1017 ris
2333 978 2573 1017 mauere
2597 963 2929 1033 pectoribus
2970 964 3211 1025 asseris,
3247 978 3322 1033 po
3362 962 3536 1017 nobis
3562 970 3666 1019 tua
3682 966 3884 1033 gratia

458 1055 563 1129 qui
591 1055 994 1111 Ecclesiaetuaa
1016 1056 1169 1112 filios
1182 1057 1334 1113 sicut
1362 1074 1487 1115 non
1517 1074 1713 1115 cessas
1756 1056 2112 1127 erudire,ita
2219 1050 2364 1106 tales
2390 1050 2657 1116 existere.
2682 1051 2737 1106 in
2770 1052 2993 1123 quibus
3023 1050 3289 1105 habitare
3319 1050 3601 1121 digneris.
3628 1054 3739 1109 Per
3766 1053 3883 1112 Do-

456 1160 582 1201 non
606 1145 826 1201 desinis
854 1146 1159 1215 adjuvare,
1213 1154 1278 1201 ut
1313 1147 1633 1213 scientiam,
1675 1155 1728 1204 te
1767 1147 2107 1213 miserante,

456 1239 619 1290 recta
632 1232 905 1300 faciendi,
921 1241 975 1289 el
989 1235 1444 1306 possibilitatem
1470 1238 1709 1309 capiant
1723 1234 2104 1307 exsequendi.

456 1322 566 1377 Per
593 1322 905 1378 Christum.

2219 1139 2452 1194 minum
2483 1145 2754 1196 nostrum
2791 1142 2996 1196 Jesum
3053 1140 3371 1195 Christum.

2542 1242 2867 1284 HBBDOMADA
2906 1245 2960 1284 ιν
3000 1246 3133 1282 Ροετ
3160 1244 3549 1285 PENTECOSTBN.

2288 1319 2780 1392 Deprecatiouem
2800 1328 3091 1381 nostram,
3110 1334 3470 1389 quaesumus,
3496 1319 3877 1385 Domine,be-

524 1420 552 1452 ι
580 1409 2109 1478 Benedictio.—BenedicatvobisDominus,etcusto-
2216 1407 2435 1475 nignus
2462 1408 2700 1472 exaudi,
2731 1413 2787 1461 et
2813 1405 3028 1477 quibus
3057 1406 3432 1477 supplicandi
3466 1415 3711 1477 praestas
3733 1409 3881 1464 affe-

454 1497 579 1555 diat
608 1514 731 1553 vos.
763 1499 1271 1555 Amen.llluminet
1286 1501 1498 1556 faciem
1522 1518 1694 1558 suam
1717 1517 1899 1573 super
1921 1504 2109 1565 vos,et
2215 1499 2402 1560 ctum,
2425 1500 2615 1554 tribue
2646 1494 3009 1551 defensionis
3039 1494 3353 1549 auxilium.
3385 1493 3495 1549 Per
3516 1497 3871 1555 Dominum.

453 1586 796 1643 misereatur
819 1590 1010 1643 vestri.
1026 1591 1566 1646 Amen.Convertat
1592 1590 1821 1647 vultum
1838 1605 2016 1644 suum
2034 1588 2105 1643 ad

450 1689 581 1741 vos,
613 1681 670 1731 et
687 1676 870 1731 donet
897 1676 1070 1732 vobis
1101 1693 1327 1748 pacem.
1368 1683 1580 1734 Amen.
1605 1679 1777 1744 Quod
1801 1680 1928 1750 ipse
1946 1692 2100 1749 prse-

450 1768 608 1821 stare
635 1764 931 1834 dignetur,
963 1765 1136 1836 cujus
1156 1781 1399 1836 regnum
1425 1774 1482 1823 et
1508 1767 1816 1839 imperium
1836 1768 1964 1822 sine
1986 1766 2103 1821 ﬁne

448 1858 779 1923 permanet,
803 1866 909 1923 per
938 1854 1146 1909 omnia
1193 1854 1413 1910 saecula
1440 1855 1822 1913 saeculorum.
1876 1855 2092 1909 Amen.

448 1941 782 1997 Benedictio
808 1941 910 1998 Dei
938 1941 1121 1998 Patris
1151 1949 1208 1998 et
1243 1942 1367 1999 Filii
1418 1949 1477 2000 et
1526 1943 1779 2017 Spiritus
1810 1945 2014 2008 sancti,
2046 1947 2102 1999 et

445 2040 568 2103 pax
586 2030 826 2087 Domini
847 2031 923 2087 sit
950 2046 1189 2103 semper
1217 2032 1549 2091 vobiscum.
1588 2035 1652 2090 Et
1709 2049 1843 2090 cum
1889 2031 2099 2105 spiritu

444 2122 575 2178 tuo.
1150 2170 1153 2175 λ

514 2207 612 2262 Ad
640 2206 1068 2280 Complendum.
1099 2238 1153 2249 —
1176 2208 1398 2279 Tantis,
1422 2209 1682 2274 Domine,
1735 2208 1941 2281 repleti
1973 2224 2099 2263 mu-

441 2295 707 2361 neribus,
734 2311 1083 2368 quaesumus
1098 2302 1157 2352 ut
1181 2302 1237 2353 et
1266 2297 1550 2355 salutaria
1575 2297 1737 2355 dona
1760 2299 2094 2372 capiamus,

443 2388 502 2441 et
524 2399 562 2441 a
590 2389 690 2441 tua
719 2399 1035 2456 nunquam
1077 2383 1254 2441 laude
1270 2402 1601 2442 cessemus.
1643 2387 1769 2443 Per.

514 2472 691 2545 Super
720 2475 1023 2545 populum.
1056 2504 1123 2513 —
1156 2473 1381 2529 Fideles
1420 2481 1576 2540 tuos,
1611 2474 1882 2539 Domine,
1918 2474 2096 2530 bene-

443 2559 622 2619 dictio
645 2561 978 2619 desiderata
996 2563 1466 2635 conﬁrmet,ques
1497 2580 1598 2620 eos
1622 2570 1679 2620 et
1699 2580 1735 2621 a
1761 2572 1859 2619 tua
1888 2564 2096 2619 volun-

440 2656 557 2709 tate
581 2652 757 2708 faciat
792 2667 1110 2724 nunquam
1139 2653 1500 2725 discrepare,
1530 2658 1587 2710 et
1608 2654 1721 2709 tuis
1749 2667 1984 2725 semper
2008 2653 2092 2707 in-

438 2741 683 2812 dulgeat
703 2741 1009 2797 beneﬂciis
1033 2743 1336 2813 gratulari.
1352 2742 1459 2798 Per
1481 2742 1763 2799 eumdem
1796 2743 2092 2798 Dominum

437 2838 737 2888 nostrum.

720 2933 1044 2974 HEBDOMADA
1107 2934 1168 2976 ΙΙΙ
1233 2935 1369 2976 POST
1409 2935 1802 2977 PENTECOSTBN.

508 3005 705 3066 Sancti
731 3008 990 3064 nominis
1023 3008 1124 3075 tui,
1151 3010 1420 3076 Domine,
1456 3012 1729 3066 timorem
1782 3009 1994 3082 pariter
2033 3013 2091 3065 et

435 3110 701 3156 amorem
731 3096 825 3153 fac
852 3112 963 3153 nos
984 3098 1202 3154 habere
1228 3100 1761 3171 perpetuum,quia
1779 3114 2086 3170 nunquam

2283 1583 2472 1654 Super
2495 1586 2713 1642 oblata.
2748 1614 2813 1624 -—
2846 1582 3381 1650 Munera,Domine,
3414 1584 3616 1640 oblata
3647 1586 3877 1643 sancti-

2213 1671 2349 1737 ﬁca,
2384 1682 2444 1729 ut
2480 1674 2749 1731 tuinobis
2780 1672 3071 1743 Unigeniti
3102 1687 3321 1743 corpus
3340 1677 3399 1727 et
3421 1674 3667 1743 sanguis
3695 1675 3877 1731 fiant.

2212 1760 2318 1816 Per
2347 1763 2686 1819 Dominum.

2282 1849 2572 1921 Praefatio.
2607 1852 2837 1907 —Vere
2866 1848 3115 1920 dignum
3143 1853 3201 1906 et
3231 1849 3463 1920 justum
3489 1856 3598 1916 est,
3639 1868 3869 1924 aequum

2210 1941 2558 2007 etsalutare,
2580 1958 2692 1997 nos
2725 1941 2828 1997 tibi
2856 1955 3094 2011 semper
3112 1944 3168 1994 et
3184 1939 3324 2011 ubiq
3338 1956 3407 1995 ue
3425 1941 3650 2009 gratias
3665 1957 3866 2012 agere,

2209 2028 2460 2086 Domine
2485 2038 2708 2095 sancte,
2743 2030 2912 2086 Pater
2975 2030 3372 2100 omnipotens,
3412 2037 3623 2086 aeterne
3655 2031 3814 2087 Deus
3848 2049 3861 2086 :

2207 2118 2381 2188 cujus
2397 2120 2506 2176 hoc
2524 2118 2839 2176 miriﬁcum
2860 2134 3010 2190 opus
3025 2135 3093 2173 ac
3108 2117 3368 2174 salutare
3381 2120 3733 2190 mysterium
3757 2120 3864 2178 fuit

2208 2211 2273 2262 ut
2295 2209 2505 2277 perditi
2527 2210 2754 2264 dudum
2770 2214 2948 2279 atque
2962 2206 3235 2278 prostrati
3252 2207 3325 2262 de
3353 2206 3596 2264 diabolo
3622 2213 3679 2265 et
3698 2226 3865 2266 mor-

2207 2296 2278 2351 tis
2300 2297 2507 2353 aculeo
2525 2297 2597 2353 ad
2628 2298 2784 2353 hanc
2811 2296 3051 2366 gloriam
3077 2311 3576 2368 vocaremur,qua
3590 2313 3753 2354 nunc
3765 2314 3862 2369 ge-

2204 2398 2319 2439 nus
2332 2384 2585 2441 electum
2598 2383 3119 2456 sacerdotiumque
3135 2384 3354 2453 regale,
3380 2384 3636 2456 populus
3660 2388 3863 2458 acqui-

2203 2473 2428 2530 sitionis
2458 2482 2513 2530 et
2538 2491 2680 2545 gens
2719 2479 2929 2530 sancta
2982 2489 3352 2529 vocaremur.
3394 2475 3649 2542 Agentes
3678 2475 3861 2545 igitur

2202 2562 2533 2620 indefessas
2560 2564 2782 2633 gratias
2804 2567 3198 2633 sanctamque
3211 2562 3681 2619 muniﬁcentiam
3702 2570 3858 2620 tuam

2203 2651 2611 2723 praedicantes,
2646 2652 2930 2722 Majeslati
2967 2656 3079 2705 tum
3120 2652 3248 2705 hinc
3305 2666 3477 2706 sacra
3515 2650 3854 2720 deferimus,

2201 2756 2338 2812 quas
2368 2741 2535 2795 nobis
2566 2742 2690 2812 ipse
2714 2739 2918 2795 salutis
2953 2746 3171 2795 nostra:
3203 2744 3376 2795 autor
3403 2740 3663 2796 Christus
3695 2742 3859 2798 insti-

2202 2832 2331 2886 tuit.
2354 2830 2457 2885 Per
2478 2846 2661 2902 quem
2694 2830 3058 2900 Majestatem
3079 2834 3266 2883 tuam.

2270 2930 2294 2960 ο
2322 2919 2678 2975 Benedictio.
2712 2949 2777 2959 —
2805 2917 3123 2973 Benedicat
3161 2917 3331 2972 vobis
3356 2918 3642 2974 Dominus
3665 2921 3857 2977 nostri

2197 3007 2318 3063 oris
2346 3007 2625 3080 alloquio,
2651 3014 2706 3062 et
2727 3023 2829 3062 cor
2850 3013 3109 3062 vestrum
3132 3006 3348 3061 sinceri
3373 3007 3599 3062 amoris
3612 3008 3853 3081 copulet

2196 3111 2351 3152 nexu
2384 3099 2925 3169 perpetuo.;Amen.
2952 3095 3229 3151 Floreatis
3258 3111 3455 3152 rerum
3473 3099 3849 3168 praesentium

432 3192 538 3245 tua
562 3187 994 3256 gubernatione
1020 3169 1310 3255 destituis,
1336 3169 1511 3260 quos
1535 3187 1598 3244 in
1640 3169 1936 3243 soliditate
1972 3192 2086 3243 tum
2115 3169 2161 3229 ο
2196 3184 2966 3258 copiis,justitiaacquisitis,
2987 3184 3291 3255 gaudeatis
3308 3188 3640 3257 perenniter
3654 3187 3849 3244 fructi-

431 3276 761 3353 dilectionis
788 3275 1056 3332 instituis.
1091 3275 1200 3331 Per
1227 3276 1571 3332 Dominum.

502 3364 925 3433 Supeaobtata.
943 3394 1013 3404 —
1036 3364 1267 3420 Oblatio
1296 3380 1422 3430 nos,
1451 3363 1722 3428 Domine,
1740 3367 1839 3420 tuo
1854 3363 2087 3420 nomini

432 3450 990 3525 dicandapuriﬁcet,
1019 3458 1077 3509 et
1099 3452 1173 3509 de
1195 3453 1291 3508 die
1311 3454 1373 3509 in
1397 3452 1558 3509 diem
1574 3454 1649 3509 ad
1673 3452 1929 3510 scelestis
1959 3454 2085 3510 vitae

430 3542 749 3600 transferat
776 3544 1093 3599 actionem.
1123 3544 1249 3598 Per.

500 3631 811 3702 Praefatio.
842 3660 910 3672 —
948 3633 1088 3687 Vere
1115 3630 1369 3702 dignum
1388 3630 1691 3703 etjustum
1705 3635 1815 3698 est,
1849 3647 2081 3704 equum

431 3723 489 3777 et
517 3720 798 3789 salutare,
815 3736 926 3777 nos
944 3721 1049 3776 tibi
1070 3735 1307 3794 semper
1318 3725 1375 3776 et
1404 3720 1628 3793 ubique
1648 3721 1871 3791 gratias
1883 3737 2079 3791 agere,

429 3809 680 3867 Domine
696 3815 921 3874 sancte,
940 3809 1107 3864 Pater
1122 3810 1523 3880 omnipotens,
1539 3816 1755 3864 aeterne
1789 3813 1958 3877 Deus,
1979 3826 2083 3883 per

431 3898 727 3954 Christum
744 3897 1064 3954 Dominum
1088 3906 1391 3955 nostrum:
1410 3910 1707 3969 perquem
1721 3899 2081 3970 Mejestatem

430 3990 587 4043 tuam
605 3987 941 4057 suppliciter
969 4001 1304 4052 exoramus,
1338 3993 1399 4041 ut
1427 3986 1506 4042 ab
1522 3984 1778 4041 Ecclesia
1796 3992 1895 4043 tua
1910 3988 2083 4059 quid-

430 4074 579 4147 quid
594 4082 682 4129 est
699 4075 947 4130 noxium
962 4080 1023 4129 tu
1047 4074 1321 4146 repellas,
1357 4080 1411 4130 et
1426 4074 1591 4146 quod
1610 4075 1805 4130 eidem
1820 4076 2081 4132 salutare

432 4163 1063 4234 estlargiarismosque
1086 4170 1294 4218 contra
1314 4162 1602 4235 superbos
1635 4164 1871 4235 spiritus
1887 4164 2081 4220 humi-

429 4248 644 4308 litatem
663 4252 883 4317 tribuas
894 4251 1303 4308 rationabilem
1320 4252 1640 4321 custodire,
1662 4268 1802 4307 cum
1832 4255 2079 4322 gratiam

430 4346 598 4395 tuam
619 4341 940 4395 clementer
966 4340 1141 4394 nobis
1161 4339 1602 4411 impendis;nec
1624 4342 1871 4396 humani
1896 4344 2081 4399 incer-

431 4434 524 4485 tos
544 4427 771 4485 consilii
795 4428 1194 4500 derelinquas,
1227 4429 1331 4484 sed
1360 4434 1481 4495 tua,
1509 4444 1646 4501 quas
1674 4428 1799 4487 falli
1820 4447 1940 4486 non
1981 4449 2081 4503 po-

430 4524 561 4583 test,
590 4517 1022 4587 gubernatioue
1044 4518 1352 4591 disponas.
1377 4518 1485 4573 Per
1514 4534 1720 4590 quem.

500 4605 530 4648 b
558 4606 914 4664 Benedictio.
938 4636 1005 4645 —
1029 4606 1380 4679 Propitietur
1408 4610 1694 4662 Dominus
1713 4609 1941 4663 cunctis
1970 4609 2079 4665 ini-

433 4696 754 4767 quitatibus
779 4695 1007 4758 vestris,
1045 4696 1217 4767 17o
1244 4701 1298 4751 et
1322 4699 1493 4752 sanet
1530 4711 1731 4752 omnes
1758 4696 2079 4767 languares

430 4791 897 4842 vestros.Amen.
916 4786 1271 4842 Redimatde
1283 4786 1517 4842 interitu
1531 4786 1790 4842 animam
1805 4794 2076 4859 vestram,

431 4879 488 4932 et
517 4875 684 4932 satiet
707 4875 769 4931 in
795 4875 970 4931 bonis
1001 4874 1364 4932 desiderium
1379 4881 1874 4932 vestrum.Amen.
1901 4875 2080 4933 Aufe-

430 5052 618 5119 costen
636 5045 896 5103 occurrit.
928 5044 1060 5104 Sed.
1095 5050 1223 5119 post
1259 5045 1497 5101 ofﬁcium
1527 5045 1888 5119 dedicationis
1925 5045 2066 5119 eccl.

428 5118 675 5189 sequitur
708 5132 719 5171 :
748 5118 815 5173 In
834 5119 1026 5175 natali
1047 5117 1196 5189 pdpw
1220 5119 1290 5174 In
1319 5119 1686 5174 ordinatione
1713 5117 2065 5187 presbyteri.

428 5192 803 5260 Adsponsam
822 5189 1575 5246 benedicendumﬂrationes
1584 5206 1687 5260 pro
1693 5197 2071 5261 peccatis,etc,

434 5261 525 5315 Sic
556 5261 719 5315 etiam
741 5262 999 5331 legituriu
1028 5263 1167 5316 Cod.
1217 5263 1360 5332 lteg.
1407 5263 1632 5324 Suecize,
1665 5277 1731 5314 ex
1764 5278 1869 5332 quo
1910 5260 2077 5314 multa

429 5332 697 5388 Editionis
751 5332 1074 5387 Pameliana:
1150 5344 1326 5386 errata
1381 5332 1657 5385 emendari
1718 5339 1965 5401 possunt,
2016 5339 2075 5386 ut

430 5420 566 5477 pag.
600 5404 724 5472 384,
752 5403 805 5456 in
835 5408 1089 5458 Urauone
1110 5404 1181 5458 ad
1227 5404 1645 5477 eape'ttaturam
1674 5419 1690 5455 :
1729 5403 2073 5477 Adnovam

433 5474 715 5532 imit/enat
743 5483 997 5546 gratiam
1024 5489 1229 5529 vocare
1250 5475 1530 5546 dignatus
1549 5489 1732 5542 es,pro
1754 5474 1845 5546 Ad
1860 5490 2075 5528 comam

432 5548 736 5616 tondendi,
750 5544 864 5613 etc,
898 5545 976 5600 uti
996 5546 1218 5599 exhibet
1246 5545 1336 5598 hic
1365 5544 1544 5616 Codex
1598 5561 1705 5616 ms.
1741 5545 2074 5599 Omittuntur

472 5634 645 5689 uoque
666 5618 959 5675 Dominicis
997 5623 1120 5686 post
1141 5619 1501 5689 Pentecosten
1524 5615 1576 5670 in
1606 5615 1844 5689 lialend.
1876 5619 2063 5689 itom.

472 5634 645 5689 uoque
666 5631 959 5675 uomimcse
997 5631 1120 5686 post
1141 5631 1501 5670 reutecoswn
1524 5632 1576 5670 in
1607 5631 1844 5674 naiena.
1897 5631 2063 5675 nom.

429 5631 627 5746 ﬁarum
656 5691 837 5749 Missa:
867 5689 1224 5761 assignantur
1262 5687 1451 5745 eodem
1518 5686 1711 5749 ordine
1760 5684 1817 5743 in
1854 5688 2073 5747 duobus

2193 3273 2308 3331 bus
2339 3276 2755 3330 sincerissima
2783 3274 3104 3335 charitatis,
3136 3276 3348 3330 Amen.
3386 3274 3628 3331 Tribuat
3674 3277 3847 3334 vobis

2195 3364 2479 3420 Dominus
2497 3363 2654 3420 dona
2675 3364 3050 3436 perennia,ut
3078 3362 3228 3434 (614)
3260 3367 3394 3435 post
3431 3370 3704 3435 tempora
3727 3365 3850 3421 feli-

2193 3452 2336 3507 citer
2352 3451 2601 3508 dilatata
2624 3450 2962 3523 percipiatis
2992 3450 3217 3520 gaudia
3245 3451 3847 3523 sempiterna.Amen.

2193 3539 2366 3608 Quod
2394 3542 2522 3614 ipse
2552 3550 2836 3614 praestare
2858 3541 3151 3611 dignetur.

2262 3631 2361 3686 Ad
2395 3631 2844 3701 Complendum.
2878 3659 2947 3670 —
2976 3629 3170 3686 Sacris
3190 3629 3557 3699 muneribus,
3594 3632 3846 3690 Domine

2190 3721 2503 3792 perceptis,
2545 3735 2890 3791 quaesumus
2936 3724 2999 3774 ut
3036 3733 3149 3773 nos
3210 3734 3417 3774 eorum
3458 3720 3688 3787 virtute,
3730 3727 3847 3779 eta

2194 3809 2346 3864 vitiis
2374 3808 2653 3864 omnibus
2683 3811 2906 3880 expies,
2955 3815 3010 3863 et
3040 3807 3210 3863 donis
3250 3814 3357 3863 tuas
3397 3808 3594 3880 gratia:
3630 3811 3847 3882 jugiter

2188 3896 2445 3968 repleas.
2488 3897 2597 3951 Per
2628 3896 2948 3951 Dominum
2965 3900 3264 3953 nostrum.

2257 3986 2448 4057 Super
2472 3988 2775 4058 paputum.
2802 4014 2875 4026 --
2897 3986 3191 4059 Tempora
3222 3994 3448 4054 nostra,
3463 4004 3833 4060 quaesumus.

2186 4075 2457 4146 Domine,
2493 4077 2587 4148 pio
2619 4075 2826 4131 favore
2860 4082 3295 4147 prosequere,et
3345 4078 3562 4148 quibus
3599 4095 3844 4136 cursum

2188 4164 2396 4220 tribuis
2426 4165 2762 4235 largiorem,
2794 4171 3000 4236 praesta
3020 4166 3354 4221 continuum
3376 4167 3673 4238 benignus
3689 4170 3848 4226 auxi-

2185 4250 2358 4310 lium.
2398 4255 2503 4308 Per
2534 4253 2853 4309 Dominum
2881 4259 3177 4309 nostrum.

2425 4343 2529 4413 l7
2549 4344 2591 4412 ι
2625 4358 2951 4397 ΗεΒοοιιΑῡΑ
2977 4358 3010 4396 v
3047 4358 3182 4397 Posr
3207 4358 3596 4402 rexrecosrm.

2260 4429 2564 4486 Protector
2601 4433 2658 4485 in
2692 4438 2744 4486 te
2776 4431 3164 4502 sperantium,
3204 4432 3359 4487 Deus
3386 4435 3514 4489 sine
3543 4451 3668 4507 quo
3692 4435 3840 4493 nihil

2112 4526 2158 4585 Ι)
2189 4523 2274 4575 est
2292 4519 2730 4585 validum,nihil
2750 4522 3383 4593 saucium,multiplica
3400 4540 3577 4594 super
3595 4539 3704 4581 nos
3726 4526 3838 4582 mi-

2189 4609 2562 4664 sericordiam
2606 4615 2788 4678 tuam,
2814 4618 2893 4677 ut,
2918 4618 2968 4665 te
2995 4619 3239 4675 rectore,
3268 4620 3319 4667 te
3348 4613 3522 4676 duce,
3545 4613 3627 4668 sic
3648 4618 3842 4669 trans-

2186 4712 2398 4753 eamus
2415 4713 2518 4769 per
2546 4696 2699 4753 bona
2717 4700 3157 4771 temporalia,ut
3183 4715 3303 4756 non
3325 4702 3661 4758 amittamus
3676 4707 3844 4760 aeter-

2186 4800 2286 4851 na,
2327 4786 2433 4841 Per
2462 4787 2781 4842 Dominum
2803 4794 3096 4846 nostrum.

2255 4873 2439 4945 Super
2461 4874 2679 4932 oblata.
2711 4905 2780 4916 —
2806 4876 3065 4950 Respice,
3119 4879 3389 4944 Domine,
3424 4896 3676 4938 munera
3697 4897 3843 4957 sup-

2185 5042 2509 5101 Theoderic.
2540 5062 2605 5101 ac
2634 5045 2692 5100 in
2736 5047 2939 5102 nostris
2967 5046 3161 5106 Editis.
3194 5049 3255 5104 In
3310 5050 3511 5106 Codice
3564 5068 3690 5107 vero
3731 5052 3843 5109 Ge-

2183 5123 2317 5241 mett.
2378 5120 2721 5189 reperiuntur
2778 5118 3089 5175 immediate
3152 5127 3276 5193 post
3333 5129 3582 5177 octavam
3638 5124 3843 5181 Pente-

2183 5204 2274 5241 cos
2303 5204 2385 5241 es.

2183 5204 2360 5241 coetes
2374 5232 2385 5243 .

2253 5270 2279 5301 ει
2312 5260 2534 5329 Legitur
2561 5261 2616 5315 in
2659 5260 3035 5318 Benediction.

2184 5336 2292 5385 cfio
2315 5341 2446 5400 quot
2460 5331 2667 5386 idianis
2710 5334 2929 5388 diebus.

2253 5400 2281 5443 ι)
2311 5404 2907 5477 Denedictioueuihauc
2954 5404 3149 5460 nullibi
3179 5406 3320 5477 logi.

2254 5483 2277 5511 ο
2312 5474 2439 5526 llaec
2470 5491 2683 5545 quoque
2714 5473 2839 5528 aliis
2879 5492 2943 5529 ex
3007 5473 3302 5532 Codicibus
3373 5477 3594 5533 minime
3663 5487 3826 5540 nota.

2181 5543 2500 5624 De‘ceeteris
2520 5543 2964 5624 quiesequuntur
3023 5550 3209 5603 eadem
3247 5549 3397 5607 dicta
3465 5556 3649 5618 sunto,
3720 5552 3837 5611 nisi

2182 5616 2336 5673 aliter
2361 5632 2472 5687 rem
2502 5632 2561 5672 se
2582 5616 2782 5674 habere
2807 5634 3151 5682 moneamus.

3116 5262 3539 5336 inscribiturque
3603 5283 3614 5323 :
3658 5264 3837 5324 Bene-
