4034 6178
231 161 331 226 181

1439 161 1650 226 LIBER
1691 155 2342 234 SACRAMENTORUM

3501 180 3614 252 182

287 296 476 366 Super
494 293 1584 370 populum.—Conserva,qu£esumus,
1600 293 1855 358 Domine,
1891 289 1940 352 A
1968 297 2254 369 intendat,
2289 309 2345 361 et
2370 305 2686 379 culparum
2732 309 3005 369 omnium
3040 311 3203 371 vobis
3231 316 3473 375 veniam
3503 318 3615 378 ole-

227 389 442 441 tuorum
469 384 645 440 corda
673 384 1022 454 ﬁdelium,et
1041 386 1243 450 gratim
1276 393 1383 442 tuae
1409 387 1622 442 virtute
1663 399 1859 440 corro-

225 473 368 537 hora,
404 480 461 528 ut
489 474 617 528 etin
638 479 737 530 tua
773 475 887 529 sint
905 475 1342 548 supplicatione
1362 475 1858 541 devoti,etmutua

226 562 513 618 dilectione
546 563 781 618 sinceri.
819 564 921 620 Per
954 566 1275 620 Dominum
1309 569 1602 621 nostrum.

507 686 836 725 HEBDOMADA
866 687 944 727 X11
975 688 1114 728 POST
1148 687 1541 728 PENTECOSTEN-

283 778 440 837 Deus,
469 777 572 846 qui
591 778 1085 846 omnipotentiam
1099 783 1263 834 tuam
1280 777 1583 850 parcendo
1597 776 1852 840 maxime,

227 865 376 936 176
388 869 443 919 et
471 866 814 921 miserando
827 867 1534 937 manifestas,multiplica
1549 882 1723 936 super
1743 881 1854 919 nos

217 955 664 1010 misericordiam
697 960 882 1016 tuam.
900 963 982 1023 ut,
1011 956 1086 1012 ad
1106 963 1208 1012 tua
1223 957 1515 1027 promissa
1527 959 1851 1012 currentes.

213 1043 518 1098 cmlestium
551 1044 850 1101 bonorum
884 1045 1067 1102 facias
1095 1063 1223 1102 esse
1255 1051 1581 1102 consortes.
1626 1048 1726 1100 Per
1743 1045 1855 1099 Do“

213 1135 422 1188 minum
455 1141 754 1191 nostrum.

270 1230 440 1295 Super
471 1231 691 1286 oblata.
720 1262 791 1272 —
820 1233 965 1296 Tibi,
1002 1233 1272 1296 Domine,
1315 1231 1608 1287 sacriﬁcia
1651 1230 1851 1286 dicata

208 1318 529 1386 reddantur,
562 1336 702 1391 quae
738 1321 820 1376 sic
853 1322 927 1376 ad
955 1321 1248 1376 honorem
1284 1321 1533 1376 nominis
1564 1320 1646 1375 tui
1691 1317 1849 1374 defe-

207 1407 364 1462 renda
390 1409 673 1477 tribuisti,
705 1415 770 1465 ut
788 1410 993 1466 eadem
1025 1410 1290 1467 remedia
1321 1411 1446 1466 ﬁeri
1480 1414 1685 1465 nostra
1703 1424 1848 1479 pras-

205 1503 384 1552 stares.
437 1498 547 1553 Per
579 1499 921 1554 Dominum.

262 1586 542 1654 Prw/alio.
579 1619 651 1628 —
675 1589 822 1643 Vere
852 1588 1102 1657 dignum
1133 1594 1185 1643 et
1208 1589 1432 1659 justum
1456 1590 1564 1653 est,
1599 1601 1843 1658 aequum

1965 401 2190 448 menter
2217 395 2520 454 attribuat.
2568 400 2766 456 Amen.
2811 403 2982 468 Quod
3008 403 3136 475 ipse
3165 409 3468 476 praestare.

2032 481 2128 537 Ad
2154 484 2601 553 Complendum.
2636 520 2702 531 —
2735 491 3088 558 Sentiamus,
3117 493 3612 568 Domine,qumsu-

1963 585 2121 640 mus,
2153 572 2234 628 tui
2259 577 2629 646 perceptione
2651 581 3008 637 sacramenti
3054 582 3391 639 subsidium
3408 584 3612 641 mentis

1963 664 2019 714 et
2039 662 2321 732 corporis,
2353 668 2416 718 ut
2446 663 2505 720 in
2535 670 2785 738 utroque
2815 668 3040 735 salvati,
3075 670 3331 729 cmlestis
3361 672 3607 730 remedii

1961 748 2331 820 plenitudine
2358 752 2703 820 gloriemur.
2738 755 2867 811 Per.

2032 838 2213 906 Super
2242 842 2530 911 populant.
2553 846 3097 911 —Tuere,Domine,
3118 848 3404 920 populum
3422 856 3607 916 tuum,

1961 931 2018 982 et
2040 927 2395 984 salutaribus
2428 933 2717 1003 praesidiis
2741 949 2980 1007 semper
3009 936 3275 1007 adjutum
3316 938 3607 1000 beneﬁciis

1960 1031 1991 1069 a
2022 1016 2156 1072 tolle
2183 1021 2474 1076 continuis
2506 1028 2560 1076 et
2593 1024 2805 1078 mentis
2837 1028 2888 1078 et
2920 1025 3202 1097 corporis.
3235 1026 3363 1083 Per.

2258 1144 2590 1183 HEBDOMADA
2619 1147 2711 1186 XIV
2736 1147 2876 1188 POST
2907 1149 3313 1199 ΡΕΝἸἸΞΟΟΒΤΕΝ.

2031 1231 2414 1302 Omnipotens
2443 1237 2795 1308 sempiterne
2817 1239 2995 1305 Deus,
3014 1256 3114 1312 per
3128 1257 3300 1313 quem
3315 1244 3494 1316 erepit
3521 1261 3608 1302 es-

1957 1337 2018 1376 se
2048 1322 2213 1392 quod
2248 1339 2366 1379 non
2398 1330 2542 1393 erat,
2575 1331 2630 1382 et
2658 1327 2806 1399 (627)
2841 1328 3062 1386 factum
3081 1339 3166 1386 est
3191 1332 3421 1390 visibile
3443 1335 3608 1408 quod

1953 1409 2182 1476 latebat,
2218 1411 2522 1468 stultitiam
2561 1416 2747 1471 nostri
2777 1417 2966 1474 cordis
2997 1421 3276 1489 emunda,
3310 1428 3367 1480 et
3385 1439 3516 1495 quas
3543 1424 3606 1482 in

1953 1499 2128 1554 nobis
2155 1504 2294 1556 sunt
2319 1501 2596 1558 vitiorum
2621 1509 2845 1562 secreta
2871 1507 3135 1576 puriﬁoa,
3189 1514 3254 1565 ut
3312 1512 3605 1582 possimus

1951 1588 2050 1642 tibi
2082 1588 2330 1644 Domino
2362 1605 2516 1660 pura
2539 1597 2734 1649 mente
2762 1595 3001 1651 servire.
3032 1597 3143 1653 Per
3193 1600 3531 1656 Dominum.

205 1679 249 1728 et
267 1674 666 1740 salutare,nos
689 1676 794 1732 tibi
824 1693 1055 1747 semper
1071 1684 1127 1732 et
1155 1676 1367 1748 ubique
1399 1676 1620 1746 gratias
1643 1689 1839 1742 agere,
1877 1659 1921 1717 Β
2021 1677 2206 1746 Super
2229 1659 2436 1734 oblata.
2471 1711 2540 1721 -—
2566 1681 2877 1738 Ot‘ferimus
2901 1683 3027 1751 tibi,
3062 1687 3318 1754 Domine,
3349 1688 3605 1746 Hostiam

204 1763 426 1819 Domine
454 1771 686 1834 sancte,
718 1769 885 1821 Pater
913 1767 1528 1838 omnipotens,a=.terne
1551 1767 1728 1819 Deus:
1751 1779 1843 1818 cu-

199 1851 279 1922 jus
306 1853 558 1922 primum
603 1859 716 1909 tuae
751 1855 1278 1926 pietatisindicium
1306 1854 1467 1918 est,si
1504 1853 1603 1909 tibi
1623 1870 1732 1909 nos
1756 1854 1841 1910 fa-

201 1939 300 1994 cias
329 1946 446 1996 toto
478 1943 666 1997 corde
691 1943 1024 2011 subjectos,
1060 1949 1116 1998 et
1143 1944 1409 2015 spiritum
1443 1943 1611 1997 nobis
1664 1947 1842 2000 tantae

202 2027 842 2096 devotionisinfundas,
878 2040 939 2088 ut
1005 2033 1291 2104 prOpitius
1343 2032 1613 2102 largiaris
1640 2048 1844 2088 conse-

203 2127 428 2190 quenter
455 2121 771 2176 auxilium.
803 2123 907 2178 Per
937 2123 1246 2177 Christum.

260 2218 284 2248 ι
311 2208 676 2265 Benedictio.
693 2242 760 2252 —
775 2211 1161 2266 Devotionem
1175 2216 1435 2266 vestram
1453 2210 1739 2265 Dominus
1757 2210 1844 2265 di-

204 2303 431 2366 gnanter
461 2299 760 2360 intendat,
797 2305 853 2355 et
879 2317 1002 2355 suae
1033 2300 1204 2356 vobis
1236 2299 1664 2356 benedictionis
1688 2300 1846 2356 dona

203 2387 485 2441 concedat.
510 2390 724 2442 Amen.
759 2387 1002 2460 Talique
1050 2405 1158 2442 vos
1191 2389 1246 2443 in
1306 2388 1576 2458 praesenti
1630 2387 1846 2443 sreculo

204 2473 446 2530 subsidio
477 2477 740 2541 muniat,
763 2481 825 2532 ut
855 2477 1106 2548 paradisi
1137 2494 1236 2532 vos
1263 2477 1321 2532 in
1347 2477 1846 2532 futurohabitato-

201 2576 277 2616 ras
295 2562 524 2618 efﬁciat.
562 2569 775 2622 Amen.
813 2566 1021 2637 Sicque
1049 2566 1235 2621 corda
1274 2570 1474 2621 vestra
1509 2564 1846 2620 sacrifican~

202 2651 265 2704 do
283 2649 621 2717 benedicat,
654 2659 709 2708 et
741 2654 1150 2709 benedicendo
1180 2653 1524 2723 sanctiﬁcat,
1560 2658 1623 2708 ut
1651 2653 1849 2708 vobis-

202 2755 338 2806 cum,
372 2741 494 2795 imo
531 2742 594 2797 in
619 2742 792 2796 vobis
815 2759 953 2798 eum
979 2742 1244 2798 habitare
1306 2741 1572 2797 delectet.
1637 2747 1843 2796 Amen.

205 2826 351 2892 Quod
383 2829 504 2900 ipse
539 2836 854 2901 praestare.

258 2918 810 2987 AdComplendum.
831 2951 896 2960 —
911 2921 1284 2986 Quaesumus,
1301 2919 1547 2974 Domine
1571 2919 1723 2972 Deus
1745 2935 1844 2972 no.

1951 1763 2292 1835 placationis
2325 1771 2382 1822 et
2405 1767 2619 1833 laudis,
2648 1769 2948 1829 humiliter
3008 1772 3410 1844 implorantes,
3457 1784 3520 1832 ut
3548 1776 3607 1833 et

1952 1867 2082 1908 eam
2115 1853 2383 1924 placabili
2415 1856 2630 1925 pietate
2647 1859 2953 1928 respicias,
2987 1865 3042 1916 et
3065 1860 3441 1919 offerentium
3477 1877 3604 1937 pre-

1953 1956 2048 1994 ces
2079 1941 2341 1997 clementi
2372 1943 2642 2011 largitate
2668 1946 2978 2004 exaudias.
3011 1948 3136 2003 Per.

2027 2032 2334 2100 Prw/‘atio.
2370 2063 2435 2073 —
2463 2036 2606 2088 Vere
2632 2033 2882 2104 dignum
2913 2040 2966 2092 et
2987 2037 3208 2107 justum
3239 2041 3342 2106 est,
3367 2053 3600 2111 aequum

1953 2119 2301 2186 etsalutare,
2335 2137 2446 2176 nos
2469 2122 2574 2177 tibi
2606 2139 2842 2194 semper
2871 2128 2926 2179 et
2950 2125 3166 2198 ubique
3207 2128 3428 2196 gratias
3465 2143 3602 2199 age-

1953 2225 2036 2273 re,
2071 2210 2317 2265 Domine
2339 2215 2562 2275 sancte,
2588 2214 2760 2267 Pater
2787 2214 3403 2285 omnipotens,asterne
3423 2218 3596 2277 Deus:

1953 2297 2097 2368 quia
2125 2303 2178 2352 tu
2204 2298 2263 2352 in
2294 2304 2497 2355 nostra
2519 2316 2754 2369 semper
2774 2300 2990 2358 faciens
3032 2303 3374 2360 inﬁrmitate
3423 2306 3604 2361 virtu-

1953 2391 2095 2451 tem,
2120 2389 2272 2459 (6'28)
2297 2389 2618 2445 Ecclesiam
2649 2394 2816 2446 tuam
2842 2391 2992 2447 inter
3039 2393 3285 2450 adversa
3340 2409 3602 2452 crescere

1954 2475 2228 2541 tribuisti,
2255 2481 2316 2532 ut
2345 2494 2477 2532 cum
2512 2482 2822 2549 putaretur
2871 2496 3183 2552 oppressa,
3233 2486 3373 2537 tunc
3402 2482 3603 2554 potius

1954 2565 2300 2634 praevaleret
2329 2566 2604 2630 exaltata,
2637 2567 2783 2622 dum
2813 2567 2994 2624 simul
3019 2573 3074 2625 et.
3103 2569 3519 2640 experientiam
3540 2569 3609 2625 ﬁ-

1956 2651 2049 2705 dei
2082 2652 2345 2708 declarat
2364 2653 2624 2722 afﬂictio,
2651 2659 2708 2710 et
2737 2655 3219 2712 victoriosissima
3240 2671 3608 2730 semperpar-

1957 2746 2202 2804 severet,
2224 2746 2280 2796 te
2309 2741 2656 2811 adjuvante,
2688 2743 2942 2800 devotio.
2968 2745 3074 2799 Per
3099 2745 3420 2802 Christum.

2028 2831 2376 2886 Benedictio.
2411 2861 2476 2872 —
2505 2833 2607 2886 Det
2627 2832 2795 2887 vobis
2827 2833 3111 2888 Dominus
3136 2849 3354 2889 munus
3372 2849 3492 2888 suae
3509 2833 3610 2890 be-

1955 2919 2333 2984 nedictionis,
2363 2924 2414 2975 et
2445 2920 2667 2991 repleat
2695 2937 2804 2976 vos
2835 2921 3046 2992 spiritu
3074 2921 3328 2977 veritatis
3345 2927 3400 2977 et
3417 2923 3604 2994 pacis.

204 3009 394 3074 ster,ut
414 3026 571 3080 quos
607 3010 824 3065 divinis
841 3027 1110 3080 reparare
1141 3027 1251 3064 non
1280 3010 1504 3065 desinis
1522 3023 1844 3062 sacramen-
1883 3018 1928 3078 C
1957 3008 2161 3062 Amen.
2194 3009 2490 3073 Quatenus
2523 3009 2604 3065 sic
2633 3025 2740 3080 per
2772 3011 2916 3064 viam
2946 3009 3151 3065 salutis
3177 3011 3393 3066 devota
3411 3015 3607 3067 mente

202 3095 275 3159 tis,
298 3099 403 3150 tuis
437 3115 562 3153 non
598 3099 891 3153 destituas
920 3101 1214 3168 benignus
1248 3099 1502 3153 auxiliis.
1529 3101 1651 3152 Per.

261 3183 427 3257 Super
443 3190 766 3256 populum.
795 3221 862 3228 —
886 3189 1099 3245 Fideles
1132 3195 1286 3252 tuos,
1329 3187 1846 3257 Domine,quresu-

204 3288 334 3339 mus,
367 3292 617 3348 corpore
650 3278 869 3348 pariter
893 3282 947 3333 et
977 3281 1173 3332 mente
1205 3276 1474 3348 puriﬁca,
1512 3279 1594 3343 ut,
1629 3279 1731 3329 tua
1761 3274 1846 3328 in-

207 3363 494 3432 spiratione
527 3367 900 3437 compuncti,
933 3367 1144 3422 noxias
1200 3365 1620 3420 delectationes
1662 3362 1844 3418 vitare

205 3453 561 3518 praevaleant,
599 3461 790 3525 atque,
825 3459 887 3509 ut
917 3471 1122 3510 earum
1149 3471 1264 3510 non
1299 3453 1614 3526 capiantur
1650 3451 1842 3507 illece-

207 3536 321 3602 bris,
351 3546 451 3596 tua
481 3559 731 3614 semper
751 3544 1043 3598 suavitate
1075 3547 1415 3608 pascantur.
1441 3542 1562 3596 Per.

477 3657 822 3696 HEBDOMADA
844 3658 938 3697 Xlll
971 3658 1105 3697 POST
1135 3657 1533 3696 PENTECOSTEN.

265 3725 651 3795 Omnipotens
666 3731 1017 3801 sempiterne
1033 3731 1206 3794 Deus,
1224 3729 1324 3802 qui
1344 3727 1715 3784 abundantia
1731 3727 1844 3799 pie-

206 3816 319 3870 tatis
344 3824 454 3872 tuae
483 3823 543 3873 et
587 3819 783 3874 merita
817 3819 1152 3889 supplicum
1185 3817 1424 3873 excedis
1468 3822 1524 3872 et
1573 3822 1708 3872 vota
1759 3817 1841 3871 ef-

208 3901 362 3959 funde
390 3923 578 3976 super
607 3923 716 3961 nos
750 3907 1222 3963 misericordiam
1257 3913 1448 3969 tuam,
1486 3914 1548 3959 ut
1587 3905 1842 3960 dimittas

208 4005 319 4060 qua:
345 3995 713 4050 conscientia
744 3997 968 4064 metuit,
997 4001 1050 4051 et
1073 3996 1313 4066 adjicias
1334 3995 1498 4067 quod
1516 3993 1703 4050 oratio
1723 4008 1842 4048 non

208 4085 513 4148 praesumit.
549 4085 686 4139 Per.

267 4168 443 4238 Super
471 4175 696 4228 oblata.
731 4205 798 4212 —
831 4173 1096 4244 Respice,
1147 4173 1414 4239 Domine,
1471 4187 1838 4241 quaesumus,

209 4264 439 4314 uestram
465 4264 756 4331 propitius
781 4261 1142 4325 servitutem,
1172 4265 1233 4315 ut
1251 4261 1415 4330 quod
1443 4259 1747 4314 offerimus
1771 4259 1842 4314 sit

1954 3097 2204 3152 curratis
2219 3102 2280 3152 ut
2294 3097 2730 3167 subrepentium
2746 3098 3085 3153 delictorum
3099 3099 3347 3171 laqueos
3361 3099 3608 3156 salubri-

1953 3189 2039 3241 ter
2063 3185 2345 3240 evadatis.
2373 3190 2577 3240 Amen.
2593 3186 2804 3258 Sicque
2821 3187 3151 3243 efﬁciamini
3169 3189 3221 3242 in
3237 3189 3362 3258 ejus
3381 3188 3606 3261 suppli-

1953 3275 2176 3328 catione
2206 3274 2421 3342 devoti,
2451 3280 2504 3328 et
2533 3275 2593 3329 in
2628 3281 2826 3330 mutua
2849 3275 3155 3331 dilectione
3183 3276 3414 3341 sinceri,
3439 3281 3504 3333 ut
3528 3277 3602 3333 ad

1953 3362 2185 3417 caeleste
2213 3378 2460 3432 regnum
2499 3363 2802 3430 pervenire
2854 3365 3093 3436 possitis
3144 3365 3352 3420 securi.
3395 3365 3604 3421 Amen.

1953 3452 2122 3516 Quod
2157 3451 2288 3519 ipse
2315 3455 2610 3520 prmstare.

2021 3538 2113 3592 Ad
2145 3538 2596 3604 Complendum.
2615 3569 2683 3579 —
2710 3538 2973 3595 Viviﬁcet
2994 3545 3608 3612 nos,quaesumus,Do-

1952 3625 2133 3688 mine,
2166 3625 2346 3695 hujus
2375 3625 2744 3696 participatio
2769 3631 2980 3682 sancta
3007 3628 3292 3696 mysterii,
3321 3634 3376 3684 et
3393 3630 3607 3701 pariter

1951 3712 2127 3768 nobis
2155 3713 2556 3783 expiationem
2586 3713 2807 3769 tribuat
2835 3718 2894 3768 et
2918 3714 3249 3770 munimen.
3283 3715 3410 3771 Per.

2022 3801 2516 3872 Superpopulum.
2537 3833 2605 3842 —
2623 3803 2999 3873 Omnipotens
3011 3806 3068 3858 et
3082 3804 3412 3860 misericors
3431 3806 3601 3868 Deus,

1951 3889 2026 3946 de
2055 3891 2226 3960 cujus
2260 3906 2502 3945 munere
2527 3891 2686 3946 venit
2715 3896 2776 3945 ut
2809 3890 2909 3945 tibi
2937 3906 2972 3946 a
3001 3891 3603 3961 ﬁdelibustuisdigne

1953 3983 2009 4034 et
2041 3978 2414 4034 laudabiliter
2438 3978 2742 4040 serviatur,
2774 3978 2990 4042 tribue,
3017 3995 3393 4050 qumsumus,
3434 3979 3604 4036 nobis

1953 4074 2017 4121 ut
2048 4067 2124 4122 ad
2155 4067 2579 4139 promissiones
2613 4071 2745 4122 tuas
2773 4065 2901 4121 sine
2922 4064 3246 4124 offensione
3278 4084 3600 4125 curramus.

1953 4157 2081 4211 Per.

2274 4268 2596 4308 HBBDO'HADA
2618 4268 2691 4306 XV
2731 4267 2864 4307 POST
2888 4267 3279 4308 PENTECOSTEN.

212 4342 276 4398 ibi
307 4363 519 4404 munus
551 4356 891 4421 acceptum,
919 4351 990 4406 sit
1013 4356 1233 4405 nostra;
1268 4349 1598 4418 fragilitatis
1653 4347 1843 4402 subsi-
1878 4382 1920 4439 υ
2026 4351 2410 4421 Omnipotens
2435 4349 3242 4421 sempiterneDeus,danobis
3263 4349 3603 4422 ﬁdei,l78

213 4432 368 4490 dium.
403 4441 525 4492 Per.

271 4521 574 4591 Prw/alio.
609 4527 758 4582 Vere
802 4527 1054 4595 dignum
1105 4534 1161 4582 et
1187 4527 1416 4594 justum
1457 4530 1563 4590 est,
1596 4541 1843 4597 aequum

213 4613 259 4661 et
281 4612 547 4678 salutare,
580 4630 692 4668 nos
711 4615 810 4670 tibi
836 4631 1059 4686 semper
1079 4622 1131 4669 et
1156 4614 1378 4685 ubique
1406 4614 1624 4682 gratias
1646 4628 1839 4679 agere,

217 4696 433 4754 Domine
470 4709 698 4766 sancte,
730 4705 900 4758 Pater
922 4705 1320 4775 omnipotens,
1382 4709 1593 4758 aeterne
1646 4703 1797 4755 Deus
1825 4717 1836 4754 :

213 4789 296 4853 qui
326 4805 427 4844 nos
453 4792 813 4860 castigando
845 4808 1044 4857 sanas,
1074 4800 1128 4847 et
1181 4791 1506 4846 refovendo
1539 4790 1841 4860 benignus

215 4874 403 4941 crudis,
437 4879 580 4933 dum
615 4880 810 4947 magis
842 4880 930 4934 vis
956 4879 1152 4934 salvos
1183 4895 1313 4934 esse
1340 4884 1635 4934 correctos
1654 4895 1840 4949 quam

214 4964 375 5028 perire
403 4967 690 5037 dejectos.
721 4969 827 5022 Per
854 4968 1149 5024 Christum
1192 4968 1508 5022 Dominum
1545 4973 1836 5023 nostrum-

277 5051 620 5111 Benedictio.
646 5088 712 5096 —
736 5057 935 5111 Gratia
959 5073 1068 5111 sua
1081 5073 1184 5110 vos
1211 5055 1835 5127 Dominuslocupletet,

217 5141 260 5190 et
285 5142 480 5198 caelesti
507 5144 920 5200 benedictione
939 5144 1298 5214 multiplicat.
1321 5148 1527 5198 Amen.
1552 5143 1639 5198 Ab
1673 5144 1838 5199 omni

219 5239 303 5278 vos
330 5230 682 5287 adversitate
703 5233 867 5302 177
889 5231 1186 5301 defendat,
1213 5237 1267 5286 et
1296 5233 1391 5302 pia
1420 5247 1654 5303 semper
1670 5233 1838 5286 mise-

220 5315 412 5374 ratione
424 5321 733 5377 custodiat.
755 5324 959 5377 Amen.
987 5321 1299 5376 Petitiones
1318 5326 1541 5377 vestras
1562 5321 1838 5393 placatus

1954 4439 2078 4510 spei
2100 4446 2154 4494 et
2176 4439 2478 4494 charitatis
2503 4445 2917 4508 augmentum,
2952 4444 3008 4494 et
3029 4447 3086 4494 ut
3102 4455 3604 4496 mereamurasse-

1949 4527 2048 4597 qui
2081 4527 2240 4599 quod
2267 4526 2575 4599 promittis,
2610 4525 2702 4583 fac
2735 4543 2839 4582 nos
2865 4542 3065 4583 amare
3107 4527 3272 4600 quod
3303 4527 3598 4602 praecipis.

1951 4616 2075 4670 Per.

2020 4704 2201 4772 Super
2225 4704 2435 4760 oblata.
2474 4735 2528 4744 —
2556 4703 2896 4776 Propitiare,
2932 4704 3196 4769 Domine,
3226 4704 3452 4776 populo
3477 4708 3598 4773 tuo,

1949 4791 2264 4861 propitiare
2289 4791 2654 4856 muneribus,
2690 4797 2747 4847 ut
2774 4791 2882 4847 hac
2910 4791 3207 4847 oblatione
3255 4792 3516 4863 placatus
3546 4795 3602 4848 et

1948 4877 2380 4948 indulgentiam
2416 4878 2590 4934 nobis
2632 4878 2850 4936 tribuas
2883 4884 2934 4934 et
2950 4879 3248 4951 postulata
3280 4879 3597 4936 concedas.

1947 4967 2075 5023 Per.

2019 5057 2314 5125 Prw/utin.
2347 5087 2418 5099 -—
2437 5057 2583 5112 Vere
2609 5057 2841 5127 dignum
2870 5063 2925 5113 et
2959 5058 3186 5128 justum
3217 5062 3326 5122 est,
3356 5073 3598 5129 aequum

1947 5150 2005 5198 et
2035 5143 2313 5209 salutare,
2347 5161 2457 5199 nos
2478 5145 2572 5201 tibi
2590 5161 2824 5216 semper
2845 5151 2900 5200 et
2921 5145 3136 5216 ubique
3162 5147 3383 5214 gratias
3405 5161 3593 5216 agere,

1949 5233 2195 5288 Domine
2218 5238 2436 5303 sancte,
2475 5235 2638 5288 Pater
2668 5233 3066 5305 omnipotens,
3115 5240 3324 5290 aeterne
3390 5235 3545 5288 Deus
3576 5247 3591 5283 :

1948 5322 2053 5394 qui
2077 5337 2187 5376 nos
2220 5321 2293 5377 de
2319 5321 2493 5378 donis
2528 5323 2813 5379 bonorum
2846 5323 3263 5396 temporalium
3277 5323 3348 5378 ad
3361 5335 3597 5393 percep-

286 5549 306 5581 ι
331 5537 624 5601 Exhibetur
643 5543 697 5600 in
722 5542 1155 5603 Benedictionali
1185 5543 1326 5601 inter
1356 5560 1697 5615 communes,
1721 5561 1817 5601 seu
1848 5543 1984 5604 nulli
2009 5543 2113 5600 diei
2141 5542 2406 5601 addictas.
