4034 6178
395 215 504 288 183

1633 203 1897 278 SANCTI
1933 205 2283 274 GREGOR’II
2323 199 2561 274 MAGNI

3686 195 3816 270 let

393 313 615 414 tionem
634 347 912 430 provehis
950 353 1324 418 aeternorum,
1348 353 1404 408 et
1425 341 1550 408 haec
1599 347 1804 407 tribuis
1856 352 1912 404 et
1936 345 2039 406 illa
2070 343 2117 407 A
2147 335 2612 413 consistere,tuo
2635 357 2862 416 semper
2875 339 3023 417 (630)
3039 355 3276 399 munere
3290 338 3673 419 gubernetur.
3692 340 3805 400 Per

391 445 645 516 largiris,
663 449 724 501 ut
739 449 794 501 et
817 443 1115 500 mansuris
1126 443 1242 516 jam
1255 441 1606 515 incipiamus
1625 440 2040 512 inseri,etpraa-

392 534 761 593 tereuntibus
786 549 908 590 non
925 533 1127 588 teneri.
1149 534 1336 588 Tuum
1353 536 1436 588 est
1449 531 1606 588 enim
1622 531 1782 603 quod
1799 529 2040 586 vivimus

393 615 532 696 quia
561 623 695 679 licet
723 621 948 694 peccati
978 621 1218 678 vulnere
1249 625 1462 678 natura
1493 627 1693 677 nostra
1715 621 1784 674 sit
1813 619 2038 687 vitiata,

332 709 342 718 ”
395 712 480 768 tui
506 716 704 768 tamen
720 717 805 766 est
835 712 1030 783 operis
1059 717 1122 766 ut
1153 710 1364 767 terreni
1385 709 1648 782 generati
1679 707 1753 765 ad
1781 707 2041 765 coelestia

393 815 800 858 renascamur.
832 801 938 856 Per
969 801 1285 858 Christum.

466 889 819 947 Benedictio.
852 923 917 932 —
948 891 1285 948 Benedictio
1303 907 1413 947 vos
1437 889 1670 946 Domini
1728 887 2045 946 comitetur

395 977 630 1052 ubique,
661 979 892 1052 sibique
914 995 1154 1052 semper
1181 980 1361 1037 faciat
1381 978 2044 1051 adhaerereAmeanse

397 1083 504 1124 vos
517 1084 622 1122 sua
631 1067 1040 1126 benedictione
1063 1069 1368 1133 salviﬁcet,
1382 1069 1484 1142 qui
1499 1069 1776 1137 dignatus
1789 1071 1880 1122 est
1891 1065 2045 1140 plas-

399 1171 561 1213 mare
591 1163 870 1229 potenter.
895 1162 1102 1214 Amen.
1127 1159 1413 1230 Atqueita
1434 1174 1536 1214 vos
1553 1161 1787 1230 praestet
1799 1156 2045 1212 feliciter

398 1244 609 1312 vivere,
635 1250 700 1302 ut
721 1246 974 1318 caelestis
991 1247 1374 1304 beatitudinis
1417 1246 1636 1304 efﬁciat
1677 1245 2040 1304 cohaeredes.

401 1333 610 1389 Amen.
647 1334 818 1399 Quod
849 1334 975 1408 ipse
999 1339 1298 1408 praestare.

474 1419 516 1474 Δ
529 1417 571 1474 d
595 1417 1022 1490 Complendum.
1041 1451 1107 1462 -—
1123 1417 1944 1487 leestibus,Domine,donis
1956 1433 2049 1473 sa-

400 1505 598 1572 tiatos,
613 1523 882 1580 quassum
890 1525 958 1564 us
969 1511 1034 1564 ut
1045 1512 1100 1566 et
1111 1508 1412 1565 voluntate
1425 1509 1520 1582 pie
1531 1513 1806 1582 recteque
1819 1504 2048 1563 vivendi

405 1598 464 1650 et
490 1594 702 1652 virtute
731 1599 908 1669 atque
937 1597 1204 1654 efﬁcacia
1219 1597 1560 1669 perﬁciendi
1590 1614 1698 1654 nos
1720 1595 2050 1668 jugiterdo-

401 1696 548 1739 nare
577 1683 860 1753 digneris.
895 1686 1007 1742 Per
1034 1686 1373 1742 Dominum.

476 1771 657 1844 Super
681 1775 974 1846 populum.
1001 1806 1071 1818 —
1092 1777 1406 1843 Conserva,
1426 1773 2052 1847 quaesumus,Domine

406 1860 700 1936 populum
725 1867 924 1934 tuum;
959 1868 1016 1920 et
1034 1879 1215 1935 quem
1241 1863 1602 1920 salutaribus
1629 1862 1918 1935 praesidiis
1933 1877 2052 1918 non

407 1948 630 2005 desinis
643 1949 740 2021 adj
751 1951 1257 2024 uvare,perpetuis
1275 1951 1463 2007 tribue
1477 1951 1738 2020 gaudere
1754 1949 2054 2007 beneﬁciis

408 2045 464 2094 et
492 2038 706 2096 mentis
731 2043 786 2094 et
814 2040 1100 2111 corporis.
1128 2041 1233 2098 Per
1257 2041 1578 2098 Dominum
1607 2046 1894 2098 nostrum.

428 2140 436 2146 ’
723 2143 1048 2184 HBBDOIADA
1072 2146 1172 2185 XVI
1205 2145 1336 2187 POST
1367 2145 1758 2187 PBNTECOSTEN.

482 2215 738 2281 Custodi,
757 2217 1022 2283 Domine,
1043 2218 1728 2290 quaasumusEcclesiam
1747 2224 1901 2275 tuam
1924 2233 2056 2290 pro-

408 2304 712 2378 pitiatione
738 2310 1046 2378 perpetua,
1074 2313 1130 2362 et
1157 2307 1300 2380 quia
1329 2307 1456 2363 sine
1489 2311 1542 2362 te
1562 2307 2058 2364 labiturhumana

409 2391 760 2459 mortalitas,
782 2393 898 2449 tuis
927 2410 1165 2466 semper
1193 2395 1427 2451 auxiliis
1439 2401 1494 2452 et
1505 2395 1888 2452 abstrahatur
1903 2412 1938 2452 a
1953 2411 2059 2453 no-

407 2479 521 2538 xiis
549 2483 608 2536 et
627 2480 706 2537 ad
736 2481 1014 2539 salutaria
1047 2483 1353 2553 dirigatur.
1381 2485 1486 2540 Per
1511 2485 1851 2542 Dominum.

480 2569 678 2638 Super
705 2569 920 2626 oblata.
950 2573 1294 2629 —Hostiam
1324 2573 1592 2630 sacriﬁcii
1617 2571 2060 2641 singularistibi

422 2657 690 2724 Domine,
721 2658 1049 2716 deferentes
1080 2661 1359 2733 petimus,
1402 2666 1465 2719 ut
1489 2663 1616 2734 ejus
1638 2663 1850 2718 virtute
1871 2679 1981 2717 nos
2001 2667 2060 2720 et

412 2761 450 2802 a
475 2747 735 2819 peccatis
761 2749 1072 2817 emacules,
1104 2756 1158 2806 et
1189 2756 1292 2807 tua
1339 2751 1804 2808 sanctiﬁcatione
1843 2751 2058 2822 dignos

413 2835 650 2894 eﬂicias.
679 2836 788 2892 Per
804 2837 1146 2894 Dominum.

482 2924 790 2996 Praefatio.
822 2957 888 2966 —
915 2929 1055 2982 Vere
1085 2927 1336 2998 dignum
1367 2933 1421 2983 et
1435 2927 1654 2998 justum
1677 2932 1782 2994 est,
1815 2944 2059 3001 aequum

411 3017 469 3070 et
506 3013 782 3080 salutare,
811 3030 923 3070 nos
948 3015 1052 3071 tibi
1069 3032 1296 3088 semper
1320 3017 1602 3090 etubique
1620 3017 1842 3087 gratias
1858 3033 2053 3086 agere,
2087 3007 2130 3069 C

406 3101 641 3158 Domine
673 3105 897 3165 sancte,
927 3104 1100 3160 Pater
1127 3104 1520 3177 omnipotens,
1543 3111 1759 3162 aeterne
1777 3107 2059 3178 Deus.per

407 3190 700 3248 Christum
715 3191 1033 3248 Dominum
1047 3199 1316 3248 nostrum
1342 3209 1355 3249 :
1384 3195 1484 3266 qui
1511 3195 1834 3250 aeternitate
1866 3210 2058 3250 sacer—

407 3278 549 3356 dotii
572 3280 658 3336 sui
680 3296 892 3337 omnes
904 3279 1006 3336 tibi
1022 3280 1344 3338 servientes
1368 3283 1700 3339 sanctiﬁcat
1720 3283 2057 3338 sacerdotes

413 3369 692 3438 quoniam
723 3369 958 3425 mortali
987 3385 1166 3426 carne
1195 3370 1560 3439 circumdati,
1583 3372 1664 3426 ita
1691 3371 2057 3443 quotidianis

406 3461 784 3527 peccatorum
811 3457 1639 3528 remissionibusindigemus.
1656 3465 1848 3515 utnon
1871 3459 2057 3514 solum

408 3559 519 3616 pro
545 3545 792 3616 populo,
827 3547 933 3602 sed
951 3547 1129 3604 etiam
1153 3563 1262 3620 pro
1293 3549 1469 3606 nobis
1499 3547 1767 3620 ejusdem
1794 3547 2056 3604 tePonti-

408 3631 538 3688 ﬁcis
569 3635 810 3705 sanguis
841 3639 1062 3692 exoret.
1092 3636 1200 3692 Per
1217 3653 1419 3708 quem.

489 3723 660 3795 179
678 3735 704 3766 α
737 3723 1084 3781 Benedictio.
1099 3757 1168 3766 —
1191 3725 1486 3781 Concedat
1517 3726 1686 3781 vobis
1707 3727 2058 3796 omnipotens

413 3809 566 3866 Deus
599 3827 820 3867 munus
851 3828 973 3868 suae
998 3811 1790 3884 benedictionis,quivestrm
1819 3820 2058 3870 estcon-

409 3898 565 3954 scius
589 3899 962 3956 inﬁrmitatis.
1012 3903 1220 3956 Amen.
1253 3901 1319 3955 Et
1343 3900 1494 3971 (629)
1535 3900 1632 3971 qui
1659 3902 1827 3956 vobis
1857 3902 2058 3957 tribuit

409 3987 779 4060 supplicandi
793 3988 1078 4054 affectum,
1095 3987 1743 4045 tribuatconsolationis
1757 3989 2054 4044 auxilium.

409 4076 620 4132 Amen.
650 4075 720 4132 Ut
745 4076 823 4132 ab
853 4093 924 4134 eo
953 4084 1008 4133 et
1032 4079 1338 4149 praesentis
1369 4083 1426 4134 et
1454 4077 1664 4134 futurae
1689 4078 1814 4134 vita:
1865 4077 2060 4133 subsi-

412 4162 576 4218 dium
605 4164 871 4236 capiatis,
907 4165 1077 4236 cujus
1103 4180 1206 4220 vos
1235 4165 1492 4222 bonitate
1521 4170 1749 4222 creatos
1779 4183 1910 4222 esse
1941 4183 2060 4224 cre-

411 4250 572 4306 ditis.
605 4253 812 4308 Amen.
843 4252 1015 4320 Quod
1039 4252 1170 4324 ipse
1199 4260 1497 4325 praastare.

2103 450 2118 462 ·
2147 433 2496 492 Dominum.

2219 524 2400 594 Super
2419 524 2638 581 oblata.
2677 554 2740 564 —
2769 523 2897 580 Tua
2936 536 3070 586 nos,
3105 521 3373 587 Domine,
3418 526 3804 578 sacramenta

2150 614 2488 670 custodiant
2517 618 2572 670 et
2615 618 2820 670 contra
2854 611 3183 669 diabolicos
3236 616 3513 669 tueantur
3564 627 3806 684 semper

2149 702 2443 759 incursus.
2478 705 2586 760 Per
2617 704 2937 760 Dominum
2969 707 3263 759 nostrum.

2224 792 2532 860 Praefatio.
2557 825 2620 834 -
2653 794 2792 848 Vere
2818 791 3068 862 dignum
3097 797 3154 846 et
3173 791 3391 862 justum
3422 795 3528 856 est,
3555 804 3804 862 aequum

2152 885 2208 936 et
2238 880 2518 948 salutare,
2548 897 2653 937 nos
2669 881 3090 954 tibisemperet
3113 881 3325 953 ubique
3349 882 3572 951 gratias
3599 895 3800 950 agere,

2125 971 2399 1046 ‘Domine
2429 977 2650 1034 sancte.
2683 972 2854 1027 Pater
2879 971 3274 1042 omnipotens,
3305 975 3522 1026 aeterne
3545 970 3809 1025 Deus:et

2149 1060 2588 1118 teincessanter
2615 1062 2864 1132 precari,
2881 1065 2938 1116 ut
2963 1061 3062 1132 qui
3085 1066 3134 1116 te
3149 1066 3391 1116 auctore
3414 1059 3804 1126 subsistimus,

2154 1153 2209 1206 te
2225 1149 2608 1221 dispensante
2629 1149 2976 1220 dirigamur.
2997 1152 3116 1205 Non
3137 1149 3280 1220 (631)
3297 1147 3809 1206 nostrissensibus

2153 1238 2583 1311 relinquemur,
2609 1242 2708 1296 sed
2739 1239 2814 1296 ad
2845 1247 2960 1296 tum
2993 1239 3215 1296 reducti
3257 1253 3491 1310 semper
3510 1237 3809 1294 tramitem

2154 1326 2440 1394 veritatis,
2473 1327 2600 1383 haac
2631 1327 2979 1384 studeamus
3009 1343 3274 1384 exercere
3294 1325 3813 1400 quasprascipis,ut

2157 1414 2461 1488 possimus
2488 1416 2650 1473 dona
2679 1417 2974 1490 precipere
3017 1433 3152 1492 quas
3173 1414 3484 1489 promittis.
3516 1417 3619 1470 Per
3650 1413 3814 1471 Chri-

2159 1511 2336 1562 stum.

2233 1593 2582 1651 Benedictio.
2613 1627 2680 1636 —-
2711 1594 3106 1667 Omnipotens
3126 1595 3280 1650 Deus
3298 1596 3678 1666 peccatorum
3717 1607 3816 1648 ve-

2081 1709 2126 1768 B
2161 1685 2406 1738 strorum
2432 1683 2700 1739 maculas
2713 1690 2943 1755 purget,
2962 1688 3014 1739 et
3029 1699 3138 1740 sua
3151 1699 3254 1738 vos
3267 1681 3668 1738 benedictione
3682 1679 3816 1737 illu-

2163 1775 2324 1826 stret.
2350 1773 2556 1828 Amen.
2582 1772 2825 1843 Repleat
2841 1787 2945 1828 vos
2959 1771 3301 1843 spiritalium
3317 1770 3486 1826 donis
3507 1770 3812 1837 virtutum,

2162 1873 2216 1924 ei
2245 1875 2621 1930 perseverare
2643 1860 2822 1916 faciat
2845 1862 2902 1916 in
2935 1859 3110 1916 bouis
3143 1860 3512 1932 propositum
3533 1863 3812 1916 vestrum.

2165 1951 2370 2002 Amen.
2404 1949 2616 2022 Sicque
2628 1949 3024 2005 humilitatem
3039 1955 3296 2004 vestram
3314 1948 3448 2005 beni
3460 1964 3604 2007 unus
3616 1963 3818 2019 accep-

2165 2039 2262 2102 tet,
2295 2041 2356 2092 ut
2385 2053 2510 2092 sua;
2540 2053 2649 2094 vos
2681 2037 2914 2110 pietatis
2947 2037 3414 2093 remuneratione
3470 2035 3814 2107 locupletet.

2165 2126 2374 2181 Amen.
2410 2127 2576 2192 Quod
2611 2127 2736 2198 ipse
2768 2131 3051 2200 praestare
3081 2127 3376 2196 dignetur.

2237 2215 2330 2270 Ad
2353 2215 2783 2284 Complendum.
2819 2247 2884 2256 —
2913 2217 3132 2272 Mentes
3182 2221 3420 2270 nostras
3447 2219 3504 2270 et
3560 2229 3820 2286 corpora

2165 2303 2486 2375 possideat,
2509 2305 2768 2374 Domine,
2797 2320 3166 2376 quaesumus,
3187 2303 3328 2359 doni
3343 2302 3592 2360 caelestis
3605 2318 3822 2374 opera-

2166 2391 2248 2448 tio
2275 2394 2421 2466 (.632)
2455 2398 2516 2450 ut
2547 2409 2664 2449 non
2696 2399 2886 2448 noster
2917 2407 3127 2448 sensus
3151 2393 3208 2446 in
3237 2391 3425 2456 nobis,
3471 2390 3574 2447 sed
3598 2391 3820 2463 jugiter

2166 2483 2294 2554 ejus
2324 2483 2647 2556 praeveniat
2677 2481 2940 2538 effectus.
2976 2482 3084 2536 Per
3104 2482 3434 2536 Dominum.

2235 2575 2418 2644 Super
2429 2571 2727 2642 populum.
2763 2603 2831 2612 —
2860 2571 3098 2633 Adesto,
3127 2570 3392 2634 Domine,
3429 2569 3817 2642 supplicatio-

2165 2660 2344 2716 nibus
2375 2661 2614 2724 nostris,
2647 2665 2703 2716 et
2726 2659 3817 2730 nihildesuaconscientiapraesumens

2167 2749 2322 2805 tibus
2349 2749 2630 2805 ineffabili
2664 2749 3040 2805 miseratione
3081 2764 3381 2812 succurre,
3413 2753 3474 2803 ut
3499 2753 3658 2819 quod
3689 2761 3816 2802 non

2163 2837 2344 2894 habet
2357 2839 2571 2894 ﬁducia
2587 2840 2938 2910 meritorum,
2951 2845 3050 2894 tua
3063 2835 3821 2906 conferatlargitasiuvicta

2165 2926 2481 2984 donorum.
2517 2931 2641 2982 Per.

2361 3017 2533 3088 180
2555 3031 2881 3072 HEBDOHADA
2905 3017 3040 3072 xvut
3065 3031 3200 3072 rosr
3231 3029 3622 3072 rsurecosrsx.

2233 3105 2510 3172 Absolve,
2532 3121 2898 3176 qumsumus.
2931 3103 3202 3171 Domine,
3219 3111 3454 3159 tuorum
3485 3101 3701 3158 delicta
3717 3117 3822 3174 po-

2163 3193 2464 3265 pulorum,
2489 3199 2545 3248 et
2565 3210 2601 3250 a
2626 3199 3006 3264 peccatorum
3046 3198 3379 3248 nostrorum
3405 3191 3822 3263 nexibus,qum

2163 3299 2265 3354 pro
2297 3289 2497 3338 nostra
2526 3282 2837 3350 fragilitate
2866 3280 3296 3346 contraximus,
3327 3287 3430 3337 tua
3459 3280 3822 3352 benignitate

2161 3370 2500 3427 liberemur.
2538 3374 2657 3426 Per.

2233 3459 2419 3527 Super
2443 3459 2666 3516 oblata.
2700 3490 2761 3504 --
2795 3460 2908 3514 Pro
2929 3462 3146 3513 nostra:
3177 3457 3474 3514 servitutis
3499 3463 3820 3529 augmento

2165 3548 2520 3603 sacriﬁcium
2536 3547 2636 3603 tibi
2651 3547 2847 3602 laudis
2865 3546 3198 3611 offerentes,
3215 3550 3580 3620 quaesumus,
3593 3546 3820 3602 Domine

2165 3636 2315 3708 (633)
2331 3642 2392 3692 ut
2403 3637 2563 3708 quod
2577 3635 2884 3692 immeritis
2898 3635 3214 3698 contulisti,
3230 3635 3517 3708 propitius
3531 3649 3817 3704 exsequa-

2165 3724 2262 3780 ris.
2299 3726 2405 3780 Per
2436 3725 2781 3780 Dominum.

2235 3814 2538 3881 Praefatio.
2573 3844 2639 3853 —
2671 3813 2816 3867 Vere
2847 3811 3100 3881 dignum
3133 3813 3424 3881 etjustum
3447 3815 3560 3876 est,
3581 3827 3819 3882 aequum

2165 3905 2222 3957 et
2251 3901 2533 3970 salutare,
2555 3917 2663 3956 nos
2679 3901 2780 3955 tibi
2799 3917 3036 3972 semper
3055 3905 3114 3956 et
3141 3901 3362 3980 ubique
3375 3901 3597 3972 gratias
3619 3915 3822 3970 agere,

2165 3990 2414 4045 Domine
2431 3990 3460 4061 sancte,Pateromnipotens,&3terne
3479 3987 3822 4062 Deuszquia,

2167 4095 2302 4134 cum
2326 4077 2499 4134 laude
2535 4085 2738 4134 nostra
2765 4094 2881 4134 non
2915 4094 3112 4147 egeas,
3145 4083 3314 4147 grata
3343 4077 3443 4133 tibi
3485 4082 3685 4134 tamen
3734 4081 3830 4132 est

2166 4173 2407 4223 tuorum
2437 4167 2676 4222 devotio
2703 4165 3062 4222 famulorum
3102 4183 3116 4232 ;
3143 4181 3244 4220 nec
3289 4170 3342 4222 te
3371 4172 3586 4234 augent
3617 4171 3829 4222 nostra

2167 4257 2486 4329 praeconia,
2508 4256 2608 4311 sed
2637 4255 2812 4311 nobis
2829 4255 3146 4326 proﬁciunt
3161 4253 3236 4310 ad
3253 4253 3826 4319 salutem.Quouiam

481 4339 581 4396 Ad
593 4340 1038 4411 Complendum.
1058 4342 1358 4398 —Praasta
1372 4343 2062 4404 nobis.misericorsDeus
2097 4376 2140 4435 Β
2171 4345 2320 4400 sicut
2348 4345 2570 4400 fontem
2604 4345 2736 4399 vitae
2769 4343 3066 4414 praeterire
3097 4359 3279 4398 causa
3300 4341 3718 4406 moriendiest,
3743 4343 3826 4397 sic

413 4426 888 4500 utplacationem
911 4434 1072 4486 tuam
1090 4431 1384 4502 promptis
1401 4431 1700 4486 mentibus
1719 4448 2058 4500 exoremus,

401 4521 490 4600 et,
523 4531 627 4588 per
656 4525 1033 4575 sacramenta
1061 4535 1198 4592 quas
1215 4520 1568 4591 sumpsimus
1583 4527 1952 4592 peccatorum
1969 4537 2058 4577 ve-

413 4605 566 4660 niam
595 4611 1043 4677 consequentes,
1076 4624 1113 4664 a
1133 4608 1326 4664 noxiis
1356 4609 1674 4665 liberemur
1705 4610 2058 4678 incursibus,

414 4693 520 4748 Per
542 4693 852 4750 Dominum
890 4703 1184 4752 nostrum.

487 4781 672 4849 Super
699 4786 999 4854 populum.
1026 4817 1091 4826 —
1143 4787 1483 4857 Propitiare.
1525 4787 1793 4852 Domine,
1835 4786 2062 4859 pOpulo

417 4877 534 4934 tuo,
568 4876 624 4925 et
652 4871 730 4927 ab
751 4874 1030 4928 omnibus
1054 4873 1214 4930 illum
1245 4873 1485 4930 absolve
1511 4877 1782 4948 peccatis.
1817 4880 1882 4931 ut
1901 4875 2063 4948 quod

419 4958 635 5013 nostris
651 4959 1075 5017 offensionibus
1100 4978 1530 5033 promeremur,
1563 4968 1662 5020 tua
1696 4964 2066 5035 indulgentia

419 5047 758 5118 repellatur.
790 5052 910 5105 Per.

711 5153 1042 5194 HEBDOMADA
1065 5155 1183 5195 XVII
1213 5155 1348 5196 POST
1368 5156 1766 5199 PENTECOSTEN.

493 5223 818 5292 Ecclesium
850 5231 1033 5298 tuam,
1064 5227 1334 5294 Domine,
1395 5229 1684 5286 miseratio
1724 5230 2069 5286 continuata

421 5313 668 5378 mundet
685 5320 741 5372 et
767 5316 1017 5384 muniat,
1051 5322 1106 5374 et
1133 5319 1275 5390 quia
1304 5319 1429 5375 sine
1470 5324 1522 5376 te
1550 5335 1671 5376 non
1702 5318 2071 5392 potestsalva

2171 4433 2382 4488 eodem
2411 4433 2632 4502 jugiter
2660 4431 3014 4496 redundare,
3049 4429 3294 4487 effectus
3319 4439 3405 4486 est
3431 4431 3556 4486 sine
3587 4430 3702 4487 ﬁne
3745 4431 3828 4486 vi-

2175 4520 2370 4576 vendi.
2405 4520 2511 4576 Per
2541 4520 2856 4574 Christum.

2247 4609 2593 4665 Benedictio.
2626 4638 2694 4649 —
2725 4607 3098 4676 Omnipotens
3135 4611 3284 4663 Deus
3307 4606 3527 4664 coelesti
3553 4623 3657 4661 vos
3685 4623 3825 4678 pro-

2157 4698 2420 4752 .tectione
2442 4697 2783 4762 circumdet,
2817 4702 2872 4752 et
2901 4713 3023 4752 sum
3045 4693 3470 4750 benedictionis
3483 4696 3638 4749 dono
3660 4693 3828 4750 locu-

2179 4785 2370 4858 pletet.
2402 4786 2608 4840 Amen.
2643 4785 3059 4857 Concedatque
3079 4783 3268 4845 vobis,
3299 4782 3544 4855 utquiiu
3568 4783 3696 4838 sola
3718 4798 3829 4854 spe

2176 4875 2377 4944 gratiae
2407 4874 2664 4930 celestis
2691 4873 3029 4938 innitimini,
3054 4871 3265 4928 ccelesti
3282 4871 3457 4926 etiam
3476 4871 3834 4942 protectione

2157 4962 2551 5032 ,muniamini.
2585 4965 2792 5018 Amen.
2829 4964 3130 5028 Quatenus
3161 4961 3287 5017 etin
3315 4960 3582 5030 praesenti
3604 4961 3830 5016 saeculo

2179 5051 2442 5106 mortalis
2462 5051 2589 5104 vita?
2615 5051 2820 5106 solatia
2837 5050 3105 5121 capiatis,
3128 5056 3182 5104 et
3210 5049 3588 5120 sempiternae
3610 5049 3842 5120 gaudia

2179 5141 2680 5210 comprehendere
2713 5139 2976 5195 valeatis.
3007 5137 3175 5202 Quod
3209 5140 3335 5206 ipse
3366 5145 3665 5208 praestare.

2251 5229 2294 5283 Α
2305 5229 2346 5284 d
2359 5227 2790 5298 Complmdum.
2807 5258 2876 5267 —
2888 5227 3169 5282 Salutaris
3186 5226 3395 5281 Hostiae
3411 5225 3849 5296 participatione

2178 5317 2446 5382 recreati,
2469 5331 2838 5390 quaesumus,
2865 5315 3237 5387 omnipotens
3279 5317 3456 5384 Deus,
3485 5320 3546 5369 ut
3579 5315 3711 5385 ejus
3730 5329 3845 5386 po-

489 5519 516 5552 ει
546 5508 736 5566 Exstat
761 5509 816 5564 in
847 5507 1298 5576 Benedictionali,
1327 5510 1539 5567 scilicet
1568 5511 1624 5568 in
1656 5511 1794 5576 serie
1816 5508 2254 5567 benedictionum
2279 5507 2349 5564 de
2383 5507 2656 5565 communi
2690 5524 2788 5564 seu
2807 5505 3266 5580 quotidianarum.
