4034 6178
458 201 570 265 187

1691 194 1955 261 SANGTI
1993 193 2338 260 GREGORII
2380 194 2618 261 MAGNI

3752 193 3872 259 188

453 337 677 406 trahas,
710 340 767 395 et
789 335 865 392 ad
897 333 1053 393 bona
1075 331 1351 393 facienda
1378 340 1713 401 convertas,
1740 337 1843 421 qui
1871 354 1993 395 non
2014 337 2102 394 vis
2138 329 2187 391 A
2218 328 2290 387 lis
2322 328 2607 421 operatio,
2633 332 2754 421 eta
2794 324 3006 421 nostris
3034 294 3519 421 perversitatibus
3550 325 3870 421 clementer

450 430 716 488 invenire
728 429 890 502 quod
907 428 1172 493 damnes,
1188 428 1286 485 sed
1300 445 1432 485 esse
1446 430 1645 502 potius
1659 431 1817 503 quod
1835 447 2100 487 coronas.

452 522 562 588 Qui
590 537 712 577 cum
741 522 848 586 pro
863 518 1084 575 nostris
1102 520 1316 581 meritis
1332 520 1551 592 jugiter
1566 537 1887 577 mereamur
1903 520 2101 592 afﬂigi,

451 615 517 668 tu
539 615 741 665 tamen
761 609 1055 680 judicium
1087 609 1163 667 ad
1191 610 1613 666 correctionem
1641 615 1953 679 temperas,
1982 626 2102 666 non

450 703 801 773 perpetuam
824 714 1062 754 exerces
1090 698 1166 754 ad
1192 715 1447 768 poenam.
1471 701 1632 757 Juste
1648 699 1807 756 enim
1836 699 2100 768 corrigis,

453 794 512 847 et
533 788 852 844 clementer
876 788 1140 860 ignoscis
1163 788 1221 843 in
1255 794 1508 860 utroque
1538 805 1737 855 verax,
1762 791 1821 845 in
1850 794 2104 860 utroque

454 877 813 934 misericors.
847 878 955 943 Qui
986 893 1097 933 nos
1124 893 1196 933 ea
1216 877 1345 946 lege
1366 878 1659 950 dispon‘is,
1685 883 1747 935 ut
1775 878 2103 935 coercendo

453 966 508 1022 in
540 971 826 1023 aeternum
850 967 1039 1034 perire
1072 982 1189 1023 non
1221 968 1404 1031 sinas,
1428 972 1482 1023 et
1509 967 1815 1037 parcendo
1841 968 2103 1039 spatium

453 1055 687 1111 tribuas
701 1056 1056 1118 corrigendi.
1092 1057 1195 1123 Qui
1228 1057 1362 1112 ideo
1387 1057 1564 1113 malis
1578 1056 1961 1129 praesentibus
1993 1072 2103 1111 nos

452 1143 740 1212 ﬂagellas,
763 1150 823 1199 ut
847 1145 924 1201 ad
955 1144 1115 1201 bona
1146 1145 1342 1201 futura
1385 1145 1679 1217 perducas
1719 1163 1736 1211 ;
1765 1145 1896 1202 ideo
1930 1145 2103 1201 bonis

449 1233 873 1305 temporalibus
919 1233 1269 1300 consolaris,
1306 1239 1370 1290 ut
1397 1234 1471 1290 de
1498 1235 1873 1307 sempiternis
1922 1234 2104 1290 facias

451 1322 745 1379 certiores.
780 1326 908 1389 Quo
939 1328 993 1379 te
1019 1329 1074 1379 et
1095 1324 1155 1380 in
1182 1325 1485 1396 prosperis
1527 1330 1585 1380 et
1616 1325 1674 1379 in
1702 1325 1974 1381 adversis
2003 1324 2103 1396 pia

449 1427 686 1484 semper
710 1412 1084 1469 confessione
1114 1412 1454 1471 laudemus.
1477 1414 1580 1471 Per
1594 1414 1889 1471 Christum
1910 1415 2104 1470 Domi-

446 1518 588 1557 num
614 1506 908 1559 nostrum.

519 1601 544 1633 8
577 1591 919 1648 Benedictio.
944 1622 1014 1632 —
1046 1591 1434 1663 Omnipotens
1460 1593 1615 1648 Deus
1648 1592 1776 1648 dies
1799 1596 2025 1648 vestros
2043 1592 2104 1646 in

2217 419 2514 492 expediat,
2546 424 2600 476 et
2630 419 2745 476 tuis
2773 419 2951 475 faciat
2975 434 3210 491 semper
3238 418 3525 475 inhaerere
3543 418 3863 475 mandatis.

2216 507 2352 567 Per.

2283 598 2459 669 Super
2472 598 2777 670 populum.
2806 629 2875 638 —
2906 596 3216 655 Familiam
3244 601 3433 662 tuam,
3491 612 3867 670 qumsumus,

2213 687 2482 752 Domine,
2499 689 2735 744 dextera
2756 692 2856 744 tua
2877 691 3163 759 perpetuo
3186 685 3512 742 circumdet
3529 686 3767 752 auxilio,
3784 690 3867 751 ut,

2212 776 2291 832 ab
2321 777 2485 833 omni
2512 777 2801 848 pravitate
2827 776 3095 841 defensa,
3115 775 3291 830 donis
3314 773 3649 832 coelestibus
3671 790 3872 848 prose~

2209 873 2453 938 quatur.
2507 866 2614 921 Per
2646 865 2968 922 Dominum
3000 870 3289 922 nostrum.

2496 988 2819 1027 HERDOIADA
2862 986 3001 1026 XXlV
3031 984 3165 1026 POST
3193 984 3582 1025 PBNTECOSTBN.

2284 1060 2539 1129 Largire,
2571 1075 2945 1132 quaesumus,
2968 1058 3234 1124 Domine,
3256 1058 3525 1114 ﬁdelibus
3546 1056 3659 1113 tuis
3677 1055 3870 1113 indul-

2212 1148 2471 1218 gentiam
2500 1148 2767 1219 placatus
2799 1155 2855 1204 et
2881 1163 3111 1219 pacem,
3153 1154 3213 1202 ut
3236 1147 3452 1218 pariter
3480 1146 3554 1201 ab
3586 1145 3877 1202 omnibus

2213 1237 2579 1293 mundentur
2602 1236 2866 1307 offensis,
2889 1242 3169 1294 etsecura
3182 1236 3286 1292 tibi
3300 1242 3495 1292 mente
3508 1235 3872 1292 deserviant.

2210 1326 2336 1384 Per.

2284 1415 2468 1484 Super
2496 1414 2718 1472 oblata.
2743 1445 2809 1456 —
2835 1413 3142 1471 Coelestem
3175 1412 3349 1469 nobis
3396 1411 3703 1485 praebeant
3744 1411 3876 1469 hec

2212 1504 2519 1576 mysteria,
2548 1520 2920 1577 quaesumus,
2945 1502 3216 1571 Domine,
3239 1500 3622 1565 medicinam,
3651 1505 3706 1557 et
3736 1501 3871 1558 vitia

2213 1593 2403 1650 nostri
2429 1593 2626 1649 cordis
2655 1596 3010 1664 expurgant.
3065 1591 3175 1646 Per
3202 1590 3526 1646 Dominum
3552 1595 3859 1648 nostrum.

450 1695 561 1735 sua
583 1695 730 1750 pace
756 1680 1055 1751 disponat,
1088 1686 1143 1736 et
1176 1698 1298 1737 suae
1321 1680 1935 1738 vobisbenedictionis
1952 1680 2106 1736 dona
2143 1695 2188 1754 Β
2286 1681 2581 1751 Prw/alio.
2604 1711 2674 1721 —
2697 1682 2835 1737 Vere
2857 1679 3105 1748 dignum
3139 1683 3196 1734 et
3215 1679 3447 1749 justum
3493 1681 3599 1741 est,
3624 1692 3872 1749 aequum

452 1768 753 1824 concedat.
788 1773 997 1825 Amen.
1017 1769 1105 1824 Ab
1130 1771 1411 1827 omnibus
1429 1786 1539 1827 vos
1558 1770 2105 1842 perturbationibus

450 1857 681 1917 liberet.
711 1862 767 1912 et
794 1863 1020 1915 mentes
1048 1864 1280 1915 vestras
1327 1877 1448 1917 suae
1478 1861 1636 1931 pacis
1688 1859 2107 1931 tranquillitate

455 1946 804 2002 consolidet.
835 1952 1040 2002 Amen.
1071 1949 1375 2014 Quatenus
1404 1950 1548 2020 spei,
1569 1949 1700 2006 ﬁdei
1724 1954 1779 2004 et
1805 1948 2106 2005 charitatis

452 2036 708 2108 gemmis
764 2037 973 2103 ornati,
1031 2042 1089 2092 et
1136 2044 1482 2109 praesentem
1532 2039 1715 2094 vitam
1773 2037 2106 2101 transigatis

451 2125 720 2190 illaesi,et
747 2126 822 2181 ad
871 2132 1156 2182 aeternam
1206 2129 1569 2197 perveniatis
1618 2129 1831 2185 securi.
1886 2130 2094 2184 Amen.

451 2213 621 2282 Quod
653 2215 774 2284 ipse
806 2220 1083 2283 praestare
1106 2216 1404 2285 dignetur.

524 2303 610 2358 Ad
645 2302 1418 2373 Complendum.—Gratias
1468 2307 1564 2363 tibi
1620 2307 1946 2372 referimus,
1998 2307 2105 2361 Do-

449 2391 631 2454 mine,
663 2408 835 2447 sacro
865 2409 1113 2448 munere
1140 2396 1413 2463 vegetati,
1439 2401 1601 2451 tuam
1637 2395 2102 2452 misericordiam

446 2480 851 2552 deprecantes,
880 2486 939 2537 ut
967 2482 1184 2549 dignos
1212 2498 1323 2539 nos
1345 2484 1474 2555 ejus
1504 2485 1955 2558 participatione
1972 2500 2103 2557 per-

446 2567 632 2625 ﬁcias.
659 2571 762 2623 Per
786 2570 1133 2628 Dominum.

517 2657 711 2726 Super
734 2659 1025 2728 populum.
1054 2690 1118 2699 -
1144 2659 1405 2717 Familia
1432 2665 1565 2729 tum,
1591 2678 1964 2734 quassumus,
2000 2661 2106 2718 Do-

448 2745 631 2807 mine.
667 2751 794 2802 esto
822 2752 1140 2819 protector,
1163 2754 1220 2804 et
1248 2750 1716 2806 misericordiam
1771 2756 1937 2807 tuam
1968 2767 2106 2808 cou-

447 2835 592 2892 cede
624 2838 911 2907 poscenti,
935 2854 1055 2909 qua
1082 2837 1186 2894 tibi
1216 2855 1449 2912 semper
1469 2840 1574 2897 fiat
1603 2840 1908 2906 obediens,
1931 2845 2104 2897 ettua

449 2924 610 2981 dona
631 2925 940 2997 percipiat.
976 2929 1105 2984 Per.

734 3040 1059 3081 HEBDOMADA
1079 3042 1220 3082 XXIII
1259 3042 1393 3083 POST
1422 3043 1810 3084 PBNTECOSTBN.

456 3196 465 3205 Ι
522 3120 913 3191 Omnipotens
938 3123 1350 3179 etmisericors
1373 3128 1540 3190 Deus,
1593 3125 1869 3181 universa
1926 3124 2101 3181 nobis

446 3208 817 3266 adversantia
841 3212 1193 3281 propitiatus
1222 3213 1490 3278 exclude,
1524 3219 1604 3278 ut,
1647 3218 1843 3269 mente
1882 3220 1939 3269 et
1980 3230 2105 3270 cor-

446 3312 587 3370 pore
612 3298 832 3370 pariter
860 3299 1134 3369 expediti,
1157 3307 1406 3373 quantua
1419 3305 1556 3358 sunt
1581 3302 1779 3357 liberis
1804 3302 2103 3359 mentibus

449 3401 873 3457 exsequamur.
900 3386 1007 3443 Per
1039 3388 1357 3445 Dominum
1381 3394 1673 3449 nostrum.

519 3475 930 3546 Superoblata.
950 3508 1020 3518 —
1040 3477 1143 3539 Da,
1163 3492 1523 3549 quaesumus,
1544 3479 1914 3551 omnipotens
1927 3481 2104 3547 Deus,

451 3562 535 3618 sic
562 3579 673 3618 nos
704 3563 886 3619 sacris
925 3567 1270 3622 muneribus
1299 3572 1461 3623 tuam
1498 3568 1732 3623 veniam
1761 3569 2100 3639 promereri,

454 3655 518 3706 ut
545 3657 780 3708 nostros
801 3652 1171 3723 corrigamus
1204 3672 1522 3722 excessus;
1547 3657 1630 3712 sic
1657 3656 1977 3713 fatentibus
2014 3673 2104 3712 re-

453 3739 654 3796 laxare
684 3740 986 3809 delictum,
1020 3746 1082 3796 ut
1102 3756 1486 3800 coerceamus
1504 3744 1563 3799 in
1579 3743 1698 3798 suis
1716 3745 2106 3817 parvitatibus

455 3826 802 3883 obstinatos.
836 3828 946 3884 Per
984 3830 1323 3884 Dominum.

525 3914 819 3983 Praefatio.
845 3949 915 3960 -ο
948 3919 1088 3973 Vere
1120 3917 1365 3986 dignum
1392 3922 1449 3973 et
1472 3918 1700 3987 justum
1731 3925 1836 3984 est,
1866 3936 2106 3993 aequum

453 4006 511 4057 et
531 4002 807 4069 salutare,
840 4021 950 4060 nos
971 4006 1071 4061 tibi
1096 4022 1326 4077 semper
1341 4013 1399 4062 et
1427 4006 1650 4079 ubique
1672 4008 1890 4075 gratias
1908 4024 2105 4078 agere,

453 4090 702 4145 Domine
724 4097 948 4157 sancte,
980 4093 1148 4149 Pater
1171 4098 1572 4167 omnipotens,
1600 4101 1815 4153 aeterne
1842 4097 1993 4152 Deus
2019 4101 2109 4153 :et

455 4177 832 4235 clementiam
863 4185 1022 4235 tuam
1044 4182 1384 4254 suppliciter
1405 4200 1669 4254 exorare,
1694 4190 1754 4241 ut
1777 4185 1952 4240 Filius
1971 4191 2107 4241 tuus

452 4267 616 4323 Jesus
634 4268 890 4323 Christus
909 4270 1180 4325 Dominus
1202 4277 1421 4339 uester,
1439 4274 1543 4343 qui
1567 4290 1630 4327 se
1647 4290 1840 4345 usque
1857 4275 1915 4329 in
1933 4274 2107 4330 ﬁnem

456 4355 655 4411 saeculi
684 4356 809 4412 suis
835 4357 1109 4430 promisit
1137 4358 1411 4415 ﬁdelibus
1439 4361 1807 4427 adfuturum,
1860 4364 2011 4431 (638)
2050 4368 2109 4419 et

2217 1774 2275 1826 et
2300 1768 2577 1835 salutare,
2608 1785 2716 1825 nos
2736 1767 2832 1823 tibi
2850 1783 3086 1840 semper
3114 1772 3170 1823 et
3192 1766 3408 1839 ubique
3427 1766 3646 1837 gratias
3670 1780 3871 1838 agere,

2216 1859 2464 1914 Domine
2495 1863 2715 1924 sancte,
2739 1858 2908 1913 Pater
2932 1857 3333 1927 omnipotens,
3386 1862 3597 1910 (sterne
3644 1854 3799 1910 Deus
3858 1871 3872 1910 :

2216 1948 2578 2017 Majestatem
2610 1952 2775 2002 tuam
2820 1944 3158 2018 suppliciter
3210 1944 3623 2015 deprecantes,
3659 1948 3742 2011 ut,
3774 1959 3877 1999 ex-

2215 2034 2403 2107 pulsis
2424 2035 2647 2106 azymis
2660 2035 2985 2101 vetustatis,
3012 2033 3165 2089 illius
3183 2032 3325 2102 Agni
3346 2032 3481 2087 cibo
3511 2032 3796 2086 satiemur
3819 2036 3881 2086 et

2215 2124 2431 2197 poculo
2456 2124 2557 2197 qui
2585 2128 2641 2179 et
2666 2122 3254 2192 nostramimaginem
3275 2126 3593 2192 reparavit,
3619 2126 3677 2176 et
3704 2136 3876 2175 suam

2214 2213 2390 2270 nobis
2442 2214 2695 2284 gratiam
2754 2211 3111 2285 repromisit,
3161 2212 3335 2266 Jesus
3392 2210 3651 2265 Christus
3697 2208 3877 2265 Filius

2215 2308 2377 2361 tuus.

2284 2392 2612 2449 Benedictio.
2637 2423 2701 2433 —
2721 2391 3107 2462 Omnipotens
3139 2390 3425 2446 Dominus
3443 2386 3751 2460 adaperiat
3771 2402 3879 2444 cor

2214 2488 2475 2538 vestrum
2498 2482 2556 2537 in
2588 2481 2712 2553 lege
2734 2497 2860 2543 sua,
2895 2486 2952 2536 et
2979 2479 3250 2535 humiliet
3280 2478 3513 2535 animas
3537 2482 3762 2533 vestras
3795 2476 3879 2533 ad

2214 2572 2509 2643 capienda
2535 2571 2813 2627 mandata
2839 2570 3118 2626 cmlestia-
3140 2571 3344 2623 Amen.
3376 2567 3660 2639 Quidquid
3700 2566 3878 2622 vobis

2213 2676 2323 2734 pro
2352 2659 2536 2716 salute
2569 2660 2908 2715 animarum
2933 2664 3264 2714 vestrarum
3284 2673 3351 2713 os
3379 2655 3745 2712 mortalitatis
3770 2670 3881 2711 no-

2214 2755 2349 2806 stra:
2380 2754 2630 2817 enarret,
2661 2752 2972 2818 acceptum
3001 2746 3171 2803 vobis
3201 2745 3382 2817 pietas
3405 2744 3605 2800 divina
3633 2742 3879 2800 efﬁciat.

2214 2840 2418 2894 Amen.
2453 2840 2539 2898 Ut.
2572 2837 2786 2921 divinis
2818 2835 3200 2891 sermonibus
3222 2833 3467 2889 animati
3497 2848 3634 2887 cum
3653 2831 3737 2887 eis
3768 2833 3881 2905 qui

2215 2942 2323 3000 pro
2344 2927 2510 2981 vobis
2537 2926 2860 2995 invigilant,
2892 2924 2965 2979 ad
2998 2929 3280 2979 aeternam
3300 2921 3726 2977 beatitudinem
3758 2937 3885 2977 me-

2217 3015 2471 3072 reamini
2496 3014 2801 3087 pervenire
2821 3013 3008 3069 illaesi.
3026 3015 3233 3068 Amen.
3252 3010 3420 3077 Quod
3448 3011 3571 3083 ipse
3591 3015 3884 3083 praestare

2214 3105 2513 3176 dignetur.

2284 3195 2379 3251 Ad
2392 3193 2833 3263 Complendum.
2857 3224 2925 3233 —
2942 3191 3304 3250 Sacriﬁcium
3320 3189 3527 3247 salutis
3543 3195 3758 3245 nostra:
3778 3188 3884 3245 tibi

2214 3282 2550 3349 offerentes,
2581 3299 2946 3354 quaesumus,
2970 3282 3214 3336 Domine
3237 3281 3391 3334 Deus
3408 3286 3628 3343 noster,
3658 3283 3719 3332 ut
3736 3294 3884 3334 con-

2214 3372 2389 3427 cedas
2418 3372 2589 3426 nobis
2619 3370 2939 3442 puriﬁcatis
2959 3370 3255 3425 mentibus
3268 3384 3504 3439 semper
3520 3373 3627 3423 tute
3644 3368 3884 3438 pietatis

2215 3460 2514 3517 celebrare
2548 3460 2914 3533 mysterium.
2948 3461 3057 3513 Per
3083 3459 3402 3514 Dominum
3429 3461 3723 3512 nostrum.

2288 3551 2481 3618 Super
2508 3549 2820 3619 populum.
2848 3579 2915 3588 ——
2936 3549 3014 3601 Da
3045 3546 3315 3607 salutem.
3343 3546 3612 3608 Domine,
3643 3560 3884 3616 quaesu-

2216 3655 2371 3704 mus,
2401 3637 2626 3710 populo
2659 3643 2757 3693 tuo
2788 3637 2999 3692 mentis
3027 3640 3085 3691 et
3113 3635 3403 3707 corporis,
3472 3640 3527 3689 et
3567 3635 3883 3706 perpetuis

2216 3726 2724 3784 consolationibus
2743 3734 2978 3781 tuorum
2999 3724 3157 3796 reple
3171 3724 3352 3778 corda
3367 3723 3651 3787 fidelium,
3674 3729 3760 3790 ut,
3786 3730 3886 3779 tua

2217 3817 2579 3889 protectione
2609 3814 2869 3879 relevati,
2904 3819 2960 3869 et
2989 3813 3089 3886 pia
3119 3813 3220 3867 tibi
3254 3811 3561 3867 devotione
3611 3810 3885 3883 compla—

2215 3909 2403 3968 ceant,
2432 3909 2488 3958 et
2514 3907 2619 3957 tua
2649 3918 2884 3973 semper
2909 3900 3203 3958 beneﬁcia
3249 3905 3713 3973 consequantur.
3767 3900 3886 3955 Per

2217 3991 2539 4047 Dominum
2573 3996 2865 4045 nostrum.

2366 4080 2538 4151 185
2570 4077 2599 4120 δ
2629 4094 2950 4133 ΗεΒῡοΜΑοΑ
2977 4094 3096 4133 xxv
3138 4093 3274 4132 rosr
3321 4092 3734 4133 rsnrscosrsx.

2289 4169 2464 4237 Deus,
2490 4168 2593 4240 qui
2615 4182 2723 4224 nos
2748 4167 3008 4231 regendo
3031 4182 3371 4230 conservas,
3401 4165 3888 4236 parcendojusti-

2216 4256 2382 4322 ﬁcas,
2411 4263 2514 4312 eta
2538 4255 2845 4328 temporali
2861 4255 3234 4311 tribulatione
3249 4270 3358 4310 nos
3377 4254 3559 4325 eripe,
3580 4259 3637 4309 et
3656 4253 3890 4323 gaudia

2218 4348 2391 4404 nobis
2414 4353 2628 4402 interna
2654 4346 2891 4415 largire.
2947 4344 3056 4399 Per
3082 4344 3400 4399 Dominum
3431 4349 3727 4399 nostrum.

456 4444 787 4515 praesentiae
805 4445 1131 4518 corporalis
1151 4449 1448 4519 mysteriis
1466 4464 1585 4504 non
1604 4450 1835 4506 deserat
1851 4467 2001 4521 quos
2022 4468 2104 4506 re-

2288 4437 2484 4505 Super
2503 4434 2725 4490 oblata.
2746 4464 2814 4474 —
2835 4433 3099 4505 Suscipe,
3119 4432 3386 4495 Domine,
3404 4431 3759 4502 propitiatus
3775 4431 3889 4488 ho-

459 4531 665 4598 demit,
694 4538 749 4589 et
779 4534 1093 4604 Majestatis
1115 4552 1239 4591 suae
1276 4536 1579 4593 beneﬁciis
1626 4554 1746 4594 non
1780 4539 2098 4612 relinquat.

460 4618 567 4675 Per
595 4637 764 4692 quem
783 4623 1170 4694 Maiestatem.

533 4709 881 4767 Benedictio.
908 4743 972 4753 —
998 4711 1433 4769 Benedictionis
1492 4715 1722 4771 Domini
1763 4717 1950 4781 gratia
2005 4732 2110 4771 vos

463 4812 699 4870 semper
724 4806 1010 4871 proteeat,
1043 4801 1194 4856 etab
1213 4802 1371 4857 omni
1393 4802 1550 4858 malo
1571 4802 1872 4861 defendat.
1899 4808 2105 4858 Amen.

462 4887 701 4942 Mundet
729 4904 835 4943 vos
872 4891 1042 4964 185
1063 4892 1141 4947 ab
1171 4890 1331 4947 omni
1363 4892 1609 4948 crimine
1630 4898 2027 4965 peccatorum,
2054 4897 2111 4948 et

462 4974 700 5033 sibimet
727 4975 960 5047 placere
983 4978 1162 5035 faciat
1192 4980 1249 5035 in
1282 4985 1591 5036 aeternum.
1630 4985 1839 5039 Amen.
1882 4982 2110 5052 Ubique

457 5063 630 5118 vobis
652 5064 930 5121 Dominus
949 5066 1213 5138 placatus
1229 5074 1521 5135 occurrat,
1539 5074 1595 5125 et
1614 5086 1733 5126 suae
1755 5070 2113 5126 benedictio-

457 5153 552 5207 nis
589 5169 767 5225 opem
793 5154 1113 5223 dignanter
1139 5156 1449 5213 attribuat.
1494 5161 1701 5216 Amen.
1770 5159 1940 5224 Quod
1984 5159 2110 5230 ipse

457 5245 735 5314 praestare
774 5243 1073 5311 dignetur.

529 5329 626 5385 Ad
647 5329 1077 5401 Complendum.
1102 5363 1172 5374 —
1190 5335 1313 5389 Tua
1338 5348 1468 5396 nos,
1494 5333 1766 5399 Domine,
1794 5335 2112 5391 medicina-

530 5482 557 5512 ³
587 5472 645 5527 In
684 5471 1108 5529 Benedictionali
1149 5479 1232 5529 est
1261 5473 1475 5531 ultima.

532 5540 562 5584 ¹³
592 5542 653 5603 In
682 5543 895 5601 Calensi
914 5544 1268 5620 assignantur
1296 5551 1505 5602 tantum
1520 5545 1816 5603 Dominicee
1842 5565 1972 5605 xxiv
1994 5552 2113 5627 post

2219 4524 2379 4589 stias,
2411 4522 2632 4594 quibus
2658 4527 2714 4577 et
2747 4527 2799 4576 te
2823 4520 3041 4592 placari
3064 4519 3317 4584 voluisti,
3337 4525 3393 4575 et
3416 4518 3586 4575 nobis
3622 4518 3889 4577 salutem

2218 4612 2439 4684 potenti
2470 4611 2685 4681 pietate
2712 4608 2963 4665 restitui.
2995 4608 3123 4664 Per.

2289 4700 2585 4770 Praefatio.
2616 4699 2847 4753 —Vere
2873 4697 3128 4766 dignum
3159 4703 3215 4752 et
3237 4697 3467 4768 justum
3496 4701 3600 4760 est,
3631 4712 3892 4770 (equum

2217 4796 2274 4846 et
2301 4788 2578 4855 salutare,
2609 4802 2715 4841 nos
2737 4786 2839 4842 tibi
2862 4801 3091 4859 semper
3121 4792 3176 4842 et
3208 4785 3429 4857 ubique
3478 4785 3696 4853 gratias
3740 4801 3892 4856 age-

2216 4894 2300 4942 re,
2336 4876 2581 4932 Domine
2603 4881 2826 4939 sancte,
2855 4875 3020 4930 Pater
3039 4875 3440 4946 omnipotens,
3467 4882 3684 4930 aeterne
3700 4875 3893 4944 Deus,

2219 4982 2323 5038 per
2349 4966 2631 5021 Christum
2655 4963 2952 5018 Dominum
2972 4968 3231 5017 nostrum
3257 4978 3268 5014 :
3292 4977 3398 5033 per
3415 4978 3587 5034 quem
3611 4969 3895 5018 sanctum

2217 5059 2274 5108 et
2303 5050 2679 5107 benedictum
2710 5065 2919 5105 nomen
2967 5048 3285 5119 Majestatis
3313 5053 3424 5103 tua:
3460 5048 3678 5119 ubique
3706 5065 3898 5106 vene-

2216 5147 2400 5207 ratur,
2425 5140 2726 5205 adoratur,
2757 5138 3105 5210 praedicatur
3125 5142 3181 5191 et
3202 5136 3429 5202 colitur,
3454 5138 3558 5208 qui
3588 5142 3676 5193 est
3708 5139 3899 5208 origo

2218 5229 2444 5295 salutis,
2468 5230 2565 5283 via
2586 5226 2833 5295 virtutis,
2861 5231 2917 5281 et
2938 5231 3049 5282 tuae
3078 5224 3420 5299 propitiatio
3463 5226 3715 5296 pietatis.
3774 5225 3901 5285 Per

2217 5334 2426 5391 quem.

2221 5477 2540 5535 Pentecost.
2570 5492 2583 5542 ;
2608 5476 2662 5531 in
2680 5477 2888 5532 Gemet.
2920 5492 3029 5529 xxv
3046 5480 3177 5543 post
3196 5479 3435 5531 octavas
3450 5472 3762 5530 Pentecost.
3787 5490 3813 5543 ,·
3832 5476 3901 5532 in

2221 5549 2384 5623 priori
2415 5548 2624 5604 Theod.
2662 5563 2774 5603 xxv
2829 5552 2957 5627 post
3004 5542 3333 5613 Pentecost,
3394 5545 3447 5602 in
3491 5542 3662 5601 altero
3710 5542 3885 5605 xxv1.
