4034 6178
491 249 607 321 199

1725 243 1992 327 SANCTI
2031 250 2394 328 GREGDRII
2437 253 2669 331 MAGNI

3743 211 3848 347 tot)

491 393 670 458 stodi,
705 408 850 464 quos
878 391 939 447 in
973 396 1024 447 te
1051 401 1289 464 sperare
1301 391 1558 450 donasti.
1585 395 1690 452 Per
1713 398 2027 454 Dominum
2045 413 2117 454 no
2174 403 2220 464 Α
2253 403 2373 455 toto
2403 401 2583 456 corde
2611 407 2990 474 respuere,ut
3012 401 3172 460 bona
3197 403 3300 461 tua
3327 421 3531 479 capere
3550 409 3846 473 valeamus.

489 491 689 539 strum.

557 570 716 625 Alia.
745 599 814 610 —
841 567 1060 625 Adesto
1109 569 1303 638 nobis,
1344 571 1680 628 misericors
1710 573 1884 640 Deus,
1938 581 1996 632 et
2024 581 2140 632 tua:

486 657 722 734 pietatis
752 657 926 714 nobis
959 659 1254 730 propitius
1275 657 1438 715 dona
1467 661 1749 718 concede.
1785 663 1914 722 Per.

557 748 720 804 Alia.
739 777 809 787 —
839 748 995 817 Rege
1014 747 1552 816 nostras,Domine,
1576 751 2139 823 prapitiusvolunta-

485 844 594 904 tes,
630 843 824 893 utnec
853 836 1110 907 propriis
1137 836 1546 908 iniquitatibus
1609 839 1991 911 implicentur,
2031 857 2140 898 nec

487 929 824 984 subdantur
851 924 1078 979 ahenis.
1110 925 1218 980 Per
1235 925 1558 982 Dominum
1579 936 1872 986 nostrum.

555 1015 711 1071 Atia.
739 1043 808 1052 —
835 1013 1184 1085 Comprime,
1218 1015 1486 1080 Domine,
1529 1031 1900 1088 qumsumus,
1923 1018 2139 1075 noxios

485 1119 724 1176 semper
750 1103 1044 1170 incursus,
1071 1109 1132 1157 et
1170 1103 1487 1159 salutarem
1527 1107 1882 1178 temporibus
1921 1109 2138 1164 nostris

483 1193 774 1264 propitius
797 1191 877 1244 da
897 1192 1180 1262 quietem.
1213 1191 1343 1246 Per.

550 1279 703 1334 Alia.
740 1309 799 1318 --
825 1280 912 1333 Ab
938 1278 1212 1335 omnibus
1237 1294 1349 1334 nos
1361 1279 1629 1352 defende,
1649 1297 2004 1354 quaesumus,
2028 1285 2132 1340 Do-

480 1369 664 1433 mine,
701 1382 937 1438 semper
965 1366 1636 1435 adversis,etcontinuis
1657 1375 1812 1426 tuere
1827 1371 2129 1442 praesidiis.

478 1459 584 1514 Per
617 1458 948 1512 Dominum.

549 1545 698 1601 Atia.
732 1576 798 1585 —
823 1547 931 1608 Da,
963 1561 1334 1617 quaesumus,
1366 1544 1738 1618 omnipotens
1767 1549 2008 1617 Deus,ut
2028 1550 2131 1622 qui

477 1635 842 1692 inﬁrmitatis
873 1642 1086 1689 nostrae
1102 1635 1327 1690 conscii
1341 1636 1414 1691 de
1429 1642 1532 1691 tua
1543 1637 1747 1693 virtute
1760 1637 2128 1705 conﬁdimus,

478 1725 593 1780 sub
620 1732 723 1780 tua
755 1738 993 1794 semper
1018 1723 1238 1794 pietate
1265 1724 1665 1794 gaudeamus.
1694 1725 1803 1782 Per
1823 1725 2130 1782 Dominum

477 1819 775 1870 nostrum.

549 1903 708 1958 Alia.
734 1932 800 1942 —
832 1903 940 1956 Fac
955 1916 1082 1965 nos,
1098 1916 1469 1972 quaesumus,
1483 1901 1732 1958 Domine
1745 1903 1900 1958 Deus
1913 1908 2128 1971 noster,

479 1990 542 2047 in
562 1996 667 2047 tua
687 1991 1001 2046 devotione
1029 1989 1459 2059 gaudere,quia
1478 1998 1758 2062 perpetua
1770 1998 1938 2058 est,et
1955 1993 2134 2066 plena

478 2079 744 2145 felicitas,
761 2079 808 2134 si
827 2081 1113 2134 bonorum
1128 2079 1382 2134 Omnium
1397 2080 1718 2135 serviamus
1729 2081 1988 2137 Auctori.
2007 2085 2128 2140 Per.

549 2169 711 2224 Alia.
744 2198 812 2208 —
835 2168 1221 2238 Omnipotens
1240 2183 1366 2222 sem
1372 2168 1594 2239 piterne
1608 2169 1887 2234 Deus,fac
1905 2186 2016 2226 nos
2029 2171 2132 2228 tibi

480 2273 714 2328 semper
741 2264 797 2310 et
820 2257 1093 2310 devotam
1121 2271 1325 2326 gerere
1352 2255 1717 2312 voluntatem
1760 2265 1816 2312 et
1845 2261 2130 2329 Majestati

479 2353 593 2402 tuas
629 2347 857 2400 sincero
879 2345 1056 2399 corde
1087 2344 1323 2400 servire.
1347 2345 1456 2400 Per
1479 2344 1798 2401 Dominum
1829 2355 2126 2404 nostrum.

549 2435 705 2490 Atia.
741 2464 804 2474 —
836 2433 1006 2496 Deus,
1035 2449 1071 2488 a
1103 2447 1224 2504 quo
1253 2440 1470 2488 cuncta
1489 2433 1651 2490 bona
1672 2436 2130 2505 procedunt,lar-

477 2523 601 2595 gire
628 2522 1000 2595 supplicibus
1031 2529 1092 2576 ut
1142 2525 1487 2591 cogitemus,
1541 2530 1595 2578 te
1621 2525 1968 2596 inspirante,
1997 2543 2128 2598 quas

474 2620 635 2670 recta
657 2618 902 2676 sunt,et,
930 2619 982 2666 te
1009 2613 1398 2680 gubernante,
1426 2613 1638 2666 eadem
1662 2613 1974 2669 faciamus.
2001 2616 2122 2670 Per.

545 2702 695 2757 Aha.
729 2732 797 2741 —
825 2703 943 2755 Vox
969 2708 1174 2756 nostra
1206 2709 1280 2766 te,
1311 2700 1582 2766 Domine,
1601 2704 2128 2775 semperdeprcce-

475 2795 590 2857 tur,
603 2791 750 2846 etad
767 2806 936 2846 aures
951 2801 1064 2844 tuae
1079 2788 1314 2860 pietatis
1333 2791 1633 2844 ascendat.
1662 2795 1764 2845 Per
1789 2791 2122 2848 Dominum.

545 2879 706 2937 Alia.
739 2909 810 2920 --
835 2883 1072 2946 Praesta,
1101 2879 1866 2950 quaesumus,omnipotens
1879 2881 2127 2949 Deus,ut

382 2967 386 2970 ’
474 2969 678 3026 liberis
705 2968 806 3026 tibi
833 2968 1127 3024 mentibus
1157 2966 1508 3022 serviamus.
1538 2969 1648 3022 Per
1674 2967 1997 3024 Dominum
2017 2986 2122 3026 no-

476 3066 688 3119 strum.

545 3150 705 3206 Alia.
736 3178 800 3188 -
836 3150 902 3204 Ut
929 3153 1113 3212 tuam,
1139 3145 1411 3214 Domine,
1427 3147 1898 3204 misericordiam
1917 3164 2126 3206 conse-

470 3254 748 3312 quamur,
780 3237 868 3292 fac
896 3253 1008 3293 nos
1033 3238 1135 3292 tibi
1160 3239 1282 3292 toto
1315 3235 1494 3291 corde
1525 3252 1655 3292 esse
1679 3237 2084 3296 devotos.Per.

549 3327 723 3399 198
753 3327 908 3382 Alia.
939 3357 1006 3366 —
1037 3325 1304 3396 Suscipe,
1339 3326 1608 3390 Domine,
1628 3341 1835 3397 preces
1862 3331 2119 3396 nostras,

469 3419 527 3473 et
543 3419 932 3472 clamantium
945 3417 1018 3472 ad
1038 3422 1092 3472 te
1105 3415 1205 3487 pia
1217 3414 1401 3470 corda
1423 3416 1709 3487 propitius
1723 3417 2118 3473 intende.Per.

535 3505 699 3563 Alia.
725 3536 787 3546 -—
809 3505 1086 3570 Cunctas,
1117 3505 1385 3570 Domine,
1409 3519 1645 3576 semper
1665 3521 1698 3558 a
1723 3505 1896 3560 nobis
1917 3505 2124 3578 iniqui-

466 3600 612 3652 tates
642 3593 879 3668 repelle,
895 3601 956 3648 ut
973 3595 1051 3649 ad
1075 3596 1231 3648 viam
1247 3593 1451 3648 salutis
1463 3599 1698 3648 internae
1711 3609 1918 3650 secura
1931 3602 2120 3652 mente

465 3701 799 3741 curramus.
835 3684 942 3738 Per
971 3682 1287 3738 Dominum
1319 3687 1604 3737 nostrum.

537 3774 689 3833 Alia.
714 3803 782 3813 —
808 3773 1166 3842 Redemptor
1194 3780 1413 3834 noster,
1459 3769 1682 3840 aspice,
1706 3771 1878 3837 Deus,
1921 3777 1978 3826 et
2016 3771 2122 3827 tibi

466 3878 578 3918 nos
596 3862 814 3934 jugiter
826 3859 1044 3914 servire
1072 3858 1351 3912 concede.
1373 3859 1483 3911 Per
1499 3857 1822 3912 Dominum
1837 3864 2094 3914 nostrum
2106 3900 2118 3914 .

534 3951 697 4006 Alia.
722 3978 789 3989 —
821 3949 992 4012 Deus,
1009 3946 1139 4001 cmli
1165 3953 1453 4017 terraeque
1465 3945 2123 4012 dominator,auxilium

465 4036 642 4094 nobis
675 4044 782 4092 tua:
811 4035 1176 4090 defensionis
1211 4034 1508 4103 benignus
1533 4034 1832 4105 impende.
1860 4035 1989 4090 Per.

537 4126 694 4181 Alia.
714 4154 786 4166 —
809 4126 1052 4190 Praesta,
1084 4139 1452 4195 quaesumus,
1509 4123 1845 4178 misericors
1858 4123 2032 4190 Deus,
2061 4129 2124 4181 ut

466 4217 572 4272 tibi
585 4215 802 4288 placita
817 4219 1008 4268 mente
1021 4212 1490 4268 serviamus.Per
1511 4212 1816 4268 Dominum
1835 4220 2117 4269 nostrum.

536 4306 684 4361 Αιία.
719 4333 786 4343 --
807 4302 1079 4358 Puritioet
1113 4317 1222 4356 nos
1251 4301 1626 4370 indulgentia
1644 4308 1765 4366 tua,
1780 4301 2121 4370 Deus,etab

399 4387 408 4392 ’
465 4395 632 4451 omni
658 4407 893 4465 semper
922 4391 1233 4463 iniquitate
1255 4391 1578 4446 custodiat.
1618 4391 1741 4446 Per.

537 4486 591 4541 Α
606 4485 700 4538 lia.
737 4511 806 4520 —
827 4481 1048 4536 Adesto
1065 4480 1257 4544 nobis,
1279 4478 1614 4535 misericors
1633 4479 1806 4552 Deus,
1831 4487 1888 4535 et
1907 4487 2004 4537 tua
2017 4479 2120 4537 cir-
2151 4485 2196 4545 D

467 4588 540 4630 ca
569 4588 678 4628 nos
707 4572 1058 4644 propitiatus
1084 4570 1248 4625 dona
1271 4571 1530 4625 custodi.
1560 4571 1682 4626 Per.

541 4663 690 4717 Alia.
726 4691 793 4702 —-
821 4667 867 4716 A
887 4658 1113 4715 cunctis
1137 4658 1553 4730 iniquitatibus
1581 4659 1791 4716 nostris
1820 4675 1970 4716 exue
1986 4675 2117 4727 nos,

469 4753 739 4822 Domine,
773 4756 830 4805 et
855 4750 908 4803 in
941 4755 1040 4804 tua
1069 4748 1161 4804 fac
1193 4763 1334 4819 pace
1365 4748 1650 4817 gaudere.
1682 4749 1808 4804 Per.

538 4843 696 4898 Atta.
731 4870 798 4880 -—
821 4839 1092 4907 Vincula,
1126 4837 1392 4905 Domine,
1417 4853 1791 4910 quaesumus,
1842 4839 2119 4896 humanae

467 4929 774 5004 pravitatis
787 4928 1098 4998 abrumpe,
1115 4925 1267 4982 utad
1300 4927 1705 4982 conﬁtendum
1727 4942 1946 4982 nomen
1968 4933 2120 4982 tuum

469 5018 658 5075 libera
686 5025 883 5074 mente
904 5031 1238 5072 curramus.
1273 5013 1404 5070 Per.

541 5107 684 5164 Αιια.
714 5135 785 5147 —-
812 5106 934 5160 Tua
960 5119 1088 5169 nos,
1117 5103 1386 5171 Domine,
1417 5119 1784 5175 qumsumus,
1813 5103 1998 5176 gratia
2021 5102 2117 5160 be-

469 5197 726 5260 nedicat,
761 5201 817 5250 et
845 5194 924 5249 ad
951 5195 1134 5249 vitam
1160 5193 1446 5264 perducat
1476 5200 1785 5249 aeternam.
1802 5193 1913 5249 Per
1932 5195 2119 5250 Domi.

470 5303 612 5345 num
645 5291 926 5341 nostrum.

543 5377 700 5433 Atia.
727 5403 798 5414 —
829 5371 989 5440 Vide,
1012 5369 1275 5440 Domine,
1307 5367 1681 5427 inﬁrmitates
1697 5375 2017 5438 nostras,et
2029 5388 2119 5429 ce-

471 5457 577 5526 leri
607 5461 786 5521 nobis
816 5459 1033 5534 pietate
1054 5474 1348 5515 succurre.
1367 5459 1472 5514 Per
1491 5459 1815 5516 Dominum
1839 5465 2115 5518 nostrum.

543 5554 696 5622 Alia.
712 5553 908 5613 —Fac
923 5565 1054 5622 nos,
1081 5549 1350 5623 Domine,
1374 5550 1912 5624 quaesumus,mala
1922 5556 2120 5612 nostra

2251 487 2375 544 Per.
3545 535 3554 543 .

2321 577 2480 632 Alia.
2512 609 2576 618 —
2609 581 2748 636 Esto
2779 581 2948 637 nobis
2972 580 3281 654 propitius,
3327 583 3498 652 Deus,
3528 589 3587 642 ut
3646 591 3738 645 tua
3755 605 3851 646 nos

2251 666 2658 724 misericordia
2681 668 3097 742 subsequatur.
3127 670 3234 726 Per
3263 673 3574 730 Dominum
3589 683 3849 733 nostrum-

2319 755 2471 812 Αιία.
2503 786 2569 798 -—
2595 756 2919 814 Praeveniat
2940 774 3072 826 nos,
3103 775 3467 831 quaesumus,
3485 762 3735 830 Domine,
3760 769 3853 822 nii-

2250 845 2566 900 sericordia
2596 851 2715 912 tua,
2730 855 2973 902 etvoces
2987 854 3221 904 nostras
3245 848 3551 906 clementia
3564 856 3671 908 tum
3684 855 3852 926 propi-

2249 931 2508 988 tiationis
2541 935 2839 1008 anticipet.
2876 935 3002 992 Per.
3801 963 3808 976 ι

2318 1040 2475 1096 Aha.
2509 1040 2688 1096 Celeri
2717 1042 2913 1110 nobis,
2942 1059 3309 1116 quaesumus,
3368 1046 3628 1114 Domine,
3673 1049 3856 1118 pietate

2247 1144 2540 1194 succurre,
2571 1137 2632 1186 ut
2657 1131 2896 1187 devotio
2955 1133 3418 1206 supplicantium
3468 1134 3544 1191 ad
3569 1135 3855 1206 gratiarum

2247 1221 2507 1274 transeat
2527 1221 2842 1275 actionem.
2879 1221 3006 1276 Per.

2315 1316 2465 1371 Atia.
2497 1347 2550 1358 —
2573 1317 2794 1374 Delicta
2824 1325 3045 1390 nostra,
3080 1319 3345 1388 Domine,
3373 1319 3590 1393 quibus
3637 1320 3854 1378 adversa

2244 1403 2640 1466 dominantur,
2667 1407 2840 1478 199
2871 1407 3140 1480 absterge
3155 1414 3210 1466 et
3225 1413 3324 1466 tua
3342 1424 3453 1464 nos
3485 1410 3699 1482 ubique
3715 1409 3852 1466 mise-

2242 1495 2476 1550 ratione
2501 1495 2744 1550 custodi.
2784 1496 2910 1551 Per.

2311 1591 2460 1646 Alia.
2500 1621 2558 1631 —
2593 1592 2871 1660 Absolve,
2900 1593 3164 1659 Domine,
3183 1599 3854 1666 quaesumusmostrorum

2241 1675 2480 1731 vincula
2499 1683 2902 1747 peccatorum,
2928 1683 2985 1733 et
3011 1678 3306 1750 quidquid
3345 1695 3455 1752 pro
3485 1678 3569 1736 eis
3594 1694 3856 1734 meremur

2162 1763 2206 1823 B
2239 1769 2456 1820 averte.
2493 1764 2626 1822 Per.

2310 1861 2465 1918 Αἰὶα·
2497 1893 2562 1904 -
2595 1861 2935 1918 Ascendant
2956 1863 3029 1919 ad
3045 1868 3118 1930 te,
3141 1865 3408 1934 Domine,
3430 1881 3632 1938 preces
3647 1869 3856 1928 nostris,

2240 1955 2296 2006 et
2327 1951 2405 2006 ab
2433 1950 2690 2007 Ecclesia
2723 1958 2818 2008 tua
2844 1957 3119 2008 cunctam
3137 1953 3354 2025 repelle
3393 1954 3727 2026 nequitiam.
3746 1953 3857 2008 Per.

2312 2049 2464 2104 Αιιά.
2486 2079 2559 2090 —
2581 2047 2912 2105 Clamantes
2932 2050 3010 2105 ad
3033 2057 3105 2117 te,
3128 2052 3304 2119 Deus,
3325 2051 3626 2120 dignanter
3641 2049 3857 2106 exaudi:

2244 2142 2307 2193 ut
2337 2153 2448 2192 nos
2480 2137 2548 2192 de
2568 2138 2865 2210 profundo
2887 2137 3208 2210 iniquitatis
3225 2139 3462 2213 eripias,
3497 2145 3553 2196 et
3568 2141 3641 2196 ad
3664 2137 3856 2210 gaudia

2241 2235 2460 2282 aeterna
2488 2225 2798 2298 perducas.
2821 2228 2943 2281 Per.

2310 2323 2473 2382 Alia.
2505 2353 2573 2363 ——
2604 2324 2873 2380 Concede
2903 2323 3100 2390 nobis,
3119 2341 3490 2398 quaesumus,
3513 2325 3760 2390 Domine,
3777 2339 3860 2379 ve-

2238 2413 2400 2468 niam
2433 2411 2808 2477 delictorum,
2835 2418 2892 2468 et
2915 2429 3019 2468 eos
3042 2413 3146 2487 qui
3179 2421 3230 2470 te
3255 2414 3614 2488 impugnare
3643 2413 3862 2470 moliun-

2238 2505 2332 2557 tur
2359 2516 2659 2573 expugna.
2683 2500 2806 2556 Per.

2307 2599 2463 2656 Alia.
2495 2629 2559 2639 —-
2588 2601 2850 2664 Tuanos,
2882 2599 3724 2674 Domine,qumsumus,gratia
3741 2615 3862 2654 sem-

2236 2704 2342 2761 per
2371 2695 2425 2744 et
2447 2688 2781 2758 praeveniat,
2811 2693 2868 2744 et
2905 2693 3202 2760 sequatur,
3218 2706 3287 2746 ac
3313 2691 3490 2748 bonis
3513 2689 3780 2763 operibus
3783 2687 3863 2758 ju-

2235 2777 2649 2850 giterpraistct
2677 2792 2809 2832 esse
2841 2778 3257 2850 intentos.7Per.

2305 2845 2460 2904 Αιὶᾰ.
2497 2849 2742 2920 Respice
2769 2864 2902 2917 nos,
2937 2848 3271 2904 misericors
3319 2851 3493 2920 Deus,
3548 2854 3604 2906 et
3656 2845 3866 2904 nomini

2233 2941 2336 2994 tuo
2367 2937 2584 3010 perﬁce
2613 2938 2895 2992 veraciter
2923 2937 3346 3010 obsequentes.
3382 2941 3506 2996 Per.

2307 3025 2464 3083 Alia.
2489 3057 2554 3066 —
2585 3027 2767 3082 Tuere
2799 3041 2931 3091 nos,
2968 3041 3220 3098 superne
3251 3028 3606 3093 moderator,
3631 3029 3686 3083 et
3709 3021 3866 3094 fragi-

2155 3124 2202 3184 c
2232 3114 2458 3171 litatem
2485 3120 2752 3171 nostram
2785 3113 2898 3168 tuis
2929 3114 3186 3170 defende
3208 3117 3520 3188 praesidiis.
3543 3117 3668 3172 Per.

2309 3204 2460 3260 Alia.
2496 3235 2560 3244 -—
2593 3205 2661 3260 Ut
2689 3204 2958 3259 anostris
2986 3205 3635 3274 excessibus,Domine,
3666 3209 3865 3274 tempe-

2232 3309 2446 3358 remus,
2461 3299 2563 3348 tua
2588 3309 2687 3346 nos
2701 3293 3253 3364 praeceptaconcede
3271 3295 3407 3366 jugi
3416 3300 3500 3350 ter
3517 3291 3860 3366 operari.Per

2303 3382 2452 3438 Alia.
2479 3413 2550 3422 ——
2572 3381 2751 3437 Aufer
2780 3397 2816 3438 a
2847 3379 3035 3447 nobis,
3059 3377 3865 3455 quiesumus,nostras,Domi-

2231 3489 2327 3538 ne,
2360 3472 2703 3544 pravitates,
2725 3475 2788 3526 ut
2815 3485 2937 3526 non
2962 3471 3441 3542 indignationem
3467 3477 3657 3537 tuam,
3677 3467 3775 3524 sed
3790 3467 3865 3522 in-

2230 3561 2593 3632 dulgentiam
2621 3560 2968 3616 sentiamus.
3002 3559 3130 3618 Per.

2300 3650 2451 3706 .llia.
2481 3679 2547 3690 —
2582 3651 2646 3706 Ut
2669 3650 2896 3704 cunctis
2927 3648 3346 3717 nos,Domine,
3369 3649 3580 3708 foveas
3596 3647 3866 3720 adjumen-

2230 3739 2322 3804 tis,
2357 3737 2470 3792 tuis
2497 3743 2638 3808 apta
2661 3738 2952 3809 propitius
2984 3736 3335 3810 disciplinis.
3371 3739 3499 3795 Per.

2305 3826 2456 3880 Alia.
2489 3857 2558 3864 —
2583 3825 2746 3882 Oculi
2781 3825 2957 3880 nostri
2987 3828 3065 3880 ad
3107 3830 3182 3892 te,
3209 3826 3489 3894 Domine,
3546 3839 3772 3896 semper
3796 3823 3870 3878 in-

2231 3913 2496 3978 tendant,
2525 3919 2588 3970 ut
2617 3913 2906 3982 auxilium
2929 3922 3086 3969 tuum
3101 3921 3158 3970 et
3188 3914 3652 3974 misericordiam
3679 3913 3872 3969 sentia-

2233 4019 2384 4058 mus.
2419 4006 2542 4058 Per.

2301 4091 2452 4146 Alia.
2480 4122 2539 4132 --
2571 4091 2822 4146 Peccata
2843 4091 3736 4163 nostra,qutesumus,Domine,
3762 4101 3872 4144 me-

2231 4195 2363 4236 mor
2392 4180 2674 4234 bumanze
2696 4179 3054 4238 conditionis
3079 4180 3344 4247 absolve,
3368 4187 3432 4237 et
3451 4179 3747 4254 quidquid
3773 4191 3870 4232 eo-

2229 4285 2352 4326 rum
2387 4268 2769 4324 retributione
2799 4283 3097 4324 meremur
3125 4275 3343 4324 averte.
3394 4270 3530 4326 Per.

2299 4359 2450 4414 Alia.
2485 4388 2552 4398 —
2582 4357 2823 4428 Porrige
2845 4357 3034 4424 nobis,
3068 4359 3243 4422 Deus.
3275 4359 3584 4416 dexteram
3623 4363 3788 4420 tuam,
3818 4355 3872 4410 et

2229 4447 2514 4502 auxilium
2542 4447 2713 4501 nobis
2744 4462 3013 4518 supernae
3044 4445 3286 4502 virtutis.
3313 4446 3450 4504 Per.

2297 4543 2448 4600 Atia.
2481 4574 2547 4583 —
2578 4543 2802 4598 Exaudi
2831 4558 2964 4608 nos,
3004 4544 3243 4599 Domine
3269 4544 3428 4599 Deus
3461 4551 3686 4616 noster,
3719 4547 3774 4600 et
3789 4542 3878 4596 Ec-

2228 4633 2473 4690 clesiam
2502 4639 2654 4687 tuam
2683 4633 2831 4687 inter
2849 4631 3338 4688 munditurbines
3367 4632 3769 4692 ﬂuctuantem
3782 4631 3880 4686 cle-

2228 4720 2405 4777 menti
2437 4720 2866 4791 gubernatione
2897 4720 3221 4776 moderare.
3252 4720 3375 4776 Per.

2303 4829 2478 4900 200
2507 4826 2658 4884 Alia.
2688 4857 2762 4868 —
2783 4827 3042 4894 Intende,
3065 4827 3328 4895 Domine,
3351 4844 3722 4901 quaesumus,
3757 4840 3883 4898 sup-
3974 4823 3975 4828 “

2227 4917 2410 4990 plices
2445 4925 2597 4984 tuos,
2625 4922 2682 4972 et
2712 4915 2931 4988 pariter
2951 4917 3126 4974 nobis
3140 4916 3579 4988 indulgentiam
3593 4915 3882 4975 tribuebe-
3974 4933 3975 4938 π

2226 5006 2446 5076 nignus
2471 5012 2528 5061 et
2547 5005 2840 5076 gaudium.
2875 5006 3002 5062 Per.

2295 5101 2796 5175 Alia.—Respice
2822 5119 2954 5169 nos,
3013 5102 3379 5176 omnipotens
3438 5110 3498 5162 et
3550 5102 3886 5162 misericors

2227 5187 2404 5252 Deus,
2421 5193 2476 5242 et
2496 5188 2574 5242 ab
2595 5187 2874 5244 omnibus
2890 5187 3372 5244 tribulationibus
3396 5188 3770 5262 propitiatus
3793 5184 3889 5244 ab-

2226 5276 2408 5334 solve.
2433 5276 2558 5331 Per.

2298 5374 2456 5431 Atia.
2483 5404 2555 5416 —
2571 5373 2911 5446 lniquitates
2941 5377 3176 5429 nostras
3190 5387 3264 5430 ne
3279 5368 3895 5447 respicias,Deus,sed

2228 5463 2357 5520 sola
2386 5463 2553 5520 nobis
2576 5461 2984 5520 misericordia
3013 5468 3118 5519 tua
3147 5463 3332 5535 prosit
3350 5462 3644 5535 indignis.
3665 5462 3798 5520 Per.

2299 5552 2446 5612 Alia.
2467 5582 2530 5594 —
2542 5553 2656 5611 Fac
2665 5567 2799 5624 nos,
2833 5552 3080 5616 Domine
3095 5551 3247 5612 Deus
3259 5557 3484 5626 noster.
3509 5553 3636 5618 tuis
3647 5549 3895 5618 obedire
