4034 6178
220 210 327 271 209

1436 208 1652 273 LIBER
1690 204 2373 271 SACRAMENTOBUM.

3501 213 3617 275 210

280 339 428 395 Alia.
446 338 917 411 —Omnipotens
939 339 1293 412 sempiterne
1314 339 1491 405 Deus,
1519 339 1626 412 qui
1655 337 1854 394 salvas
1884 337 1935 399 Α
1965 353 2311 403 mereamur,
2330 346 2594 413 peccata,
2610 355 2742 415 quae
2760 340 2932 398 nobis
2956 340 3369 409 adversantur,
3388 341 3611 412 relaxa;

219 444 432 493 omnes,
459 435 517 484 et
538 429 841 484 neminem
873 429 960 484 vis
1000 429 1207 500 perire,
1246 430 1408 501 aperi
1441 428 1661 485 fontem
1692 425 1856 482 beni-

218 517 656 592 gnitatistuaa,et
682 523 902 575 terram
924 518 1153 575 aridam
1182 519 1355 592 aquis
1381 518 1584 575 ﬂuenti
1599 515 1852 574 caelestis

218 609 515 675 dignanter
540 605 808 662 infunde.
837 607 965 665 Per.

271 696 433 754 Alia.
456 726 525 735 —
547 696 769 753 Delicta
796 702 1024 760 nostra,
1051 696 1319 763 Domine,
1354 712 1466 753 nos
1495 695 1607 767 ipsi
1633 709 1853 764 cogno-

214 786 434 854 scimus,
460 791 527 839 ut
544 786 736 857 ipsius
757 790 923 841 terra:
944 784 1179 842 fmditas
1206 790 1495 841 monstrat
1522 790 1851 853 transgres-

214 873 377 931 sionis
388 890 669 929 excessus
686 890 701 940 ;
719 879 777 928 tu
797 882 1018 940 autem,
1040 874 1296 946 piissime
1316 875 1504 938 Pater,
1524 871 1848 946 quicmlum

210 962 454 1019 clausisti
470 963 918 1018 contumacibus
933 969 988 1018 et
1009 964 1275 1033 ingratis,
1298 969 1609 1019 reseratum
1625 960 1848 1016 humili-

206 1051 304 1108 bus
317 1058 373 1107 et
396 1052 669 1107 contritis
687 1052 949 1108 concede
967 1052 1417 1124 deprecantibus
1441 1051 1708 1107 subsidia
1720 1050 1843 1122 plu-

205 1141 435 1209 viarum,
470 1146 531 1196 et
557 1141 775 1210 largire
804 1140 1185 1197 maerentibus
1227 1140 1688 1197 abundantiam.
1738 1138 1846 1193 Per

205 1230 433 1284 Dominu
446 1246 504 1284 m
522 1275 535 1285 .

257 1318 397 1375 Alia.
426 1320 575 1374 —In
605 1318 921 1375 afﬂictione
946 1317 1559 1375 maximaconstitutis
1571 1316 1841 1373 consola-

201 1408 399 1463 tionem
434 1408 657 1474 tribue,
674 1407 808 1464 fons
836 1407 1195 1479 largissimas
1212 1407 1474 1479 pietatis:
1496 1406 1840 1470 descendat,

197 1512 543 1570 quaesumus,
578 1498 781 1569 pluvia
796 1497 1091 1562 salutaris,
1108 1504 1164 1552 ut
1186 1496 1535 1567 omniaquae
1562 1494 1674 1550 sub
1689 1495 1842 1550 caelo

198 1591 317 1641 sunt
328 1585 656 1656 irrigentur
677 1586 755 1641 ab
777 1586 951 1657 aquis
972 1605 988 1657 ;
1014 1601 1162 1657 pace
1178 1600 1374 1641 servos
1397 1590 1530 1640 tuos
1553 1581 1839 1639 imbribus

196 1677 494 1740 consuetis,
531 1690 694 1747 quos
714 1675 790 1731 ad
816 1673 1052 1730 laudem
1095 1680 1210 1730 tuae
1232 1689 1432 1729 creare
1464 1672 1746 1742 dignatus
1776 1687 1841 1727 es
1868 1696 1916 1755 Β

197 1765 493 1834 Majestatis
509 1807 524 1820 .
563 1767 695 1821 Per.

254 1854 422 1925 210
451 1855 626 1909 Alia.
646 1884 714 1893 —
735 1853 1114 1924 Omnipotens
1139 1853 1314 1915 Deus,
1342 1850 1447 1923 qui
1465 1849 1626 1906 solus
1646 1863 1840 1921 aquas

193 1943 388 1998 emittis
418 1960 450 1998 e
482 1942 681 2009 caelis,
714 1943 878 1999 dona
907 1942 1091 1997 servis
1120 1940 1236 1996 tuis
1265 1939 1604 1996 beneﬁcium
1622 1936 1837 2010 pluviae

193 2030 472 2096 salutaris,
511 2037 583 2087 ut
615 2032 774 2104 quod
800 2031 1060 2086 facinore
1086 2035 1294 2084 nostro
1323 2027 1715 2100 suspenditur,
1740 2032 1837 2081 tuo

188 2119 294 2189 jam
311 2119 580 2192 gratuito
599 2134 847 2175 munere
878 2121 1248 2190 prorogetur.
1279 2119 1407 2173 Per.

485 2236 676 2292 Missa
704 2234 780 2291 ad
795 2234 1050 2306 pluviam
1078 2232 1511 2303 postulandum.

250 2351 413 2416 Deus,
427 2349 489 2406 in
511 2366 641 2421 quo
656 2349 926 2413 vivimus,
942 2364 1249 2403 movemur
1261 2353 1565 2413 etsumus,
1580 2345 1836 2419 pluviam

193 2439 339 2495 nobis
358 2438 562 2494 tribue
579 2442 1029 2508 congruentem,
1045 2441 1127 2500 ut,
1152 2436 1538 2508 praesentibus
1560 2432 1839 2490 subsidiis

194 2527 531 2585 suﬂicienter
544 2526 644 2598 adj
655 2527 754 2589 uti,
773 2526 1120 2597 sempiterna
1132 2524 1465 2579 fiducialius
1478 2528 1835 2595 appetamus.

197 2618 303 2673 Per.

250 2706 398 2763 Alia.
416 2737 490 2747 —
517 2704 749 2761 Delicta
776 2703 1098 2776 fragilitatis
1129 2709 1366 2771 nostras,
1390 2700 1654 2768 Domine,
1673 2714 1839 2772 qure-

197 2809 399 2860 sumus,
413 2795 740 2849 miseratus
755 2791 1021 2853 absolve,
1036 2796 1093 2846 et
1104 2807 1334 2863 aquaru
1346 2807 1399 2844 m
1416 2789 1686 2844 subsidia
1699 2804 1839 2860 pras-

194 2881 254 2937 be
279 2883 633 2946 caelestium,
649 2880 871 2954 quibus
886 2886 1120 2937 terrena
1133 2879 1392 2935 conditio
1415 2882 1683 2948 vegetata
1700 2876 1841 2932 sub-

198 2970 355 3027 sistat.
384 2975 491 3026 Per
506 3015 519 3026 .

251 3060 413 3133 Super
441 3062 677 3117 oblata.
702 3090 771 3100 —
801 3058 1048 3128 Oblatis,
1078 3058 1353 3123 Domine,
1383 3055 1615 3129 placare
1648 3069 1836 3110 mune-
1868 3052 1913 3115 C

193 3148 347 3215 ribus,
370 3155 424 3204 et
453 3156 870 3221 opportunum
900 3147 1075 3203 nobis
1105 3147 1287 3203 tribue
1308 3145 1521 3218 pluviae
1546 3143 1839 3200 sufﬁcien-

195 3237 253 3292 tis
278 3237 595 3294 auxilium.
621 3239 725 3292 Per
750 3237 1061 3292 Deminum
1095 3240 1383 3291 nostrum.

252 3327 337 3381 Ad
363 3325 803 3396 Complendum.
850 3355 921 3367 —
949 3324 1132 3380 Tuere
1164 3339 1298 3390 nos,
1331 3338 1696 3395 quaesumus,
1726 3322 1839 3376 Do-

196 3413 467 3479 mine,tua
504 3416 1067 3479 sanctasumentes,
1086 3416 1141 3468 et
1162 3412 1232 3467 ab
1245 3411 1528 3468 omnibus
1554 3410 1840 3482 propitius

198 3501 413 3559 absolve
444 3503 735 3577 peccatis.
768 3505 870 3558 Per
889 3501 1234 3558 Dominum.

757 3617 900 3673 Item
931 3615 1047 3672 alia
1073 3614 1268 3674 Missa.

259 3732 633 3806 Omnipotens
658 3732 1013 3804 sempiterne
1040 3730 1215 3798 Deus,
1244 3730 1415 3801 cujus
1448 3743 1693 3785 munere
1728 3726 1839 3782 ele-

203 3828 376 3878 menta
389 3823 606 3879 omnia
621 3824 980 3886 recreantur,
995 3818 1375 3875 reminiscere
1397 3816 1739 3872 miseration
1749 3832 1838 3869 um

203 3912 435 3977 tuarum,
463 3916 522 3967 et
550 3909 891 3966 salutiferas
920 3907 1145 3963 imbres
1171 3907 1441 3962 humano
1474 3902 1676 3974 generi
1704 3918 1838 3958 con-

202 3995 318 4053 cede
338 3999 660 4071 propitius,
684 4001 981 4069 quatenus
1006 3993 1384 4051 fecunditatis
1409 3998 1523 4049 tum
1546 3990 1838 4048 alimoniis

204 4088 376 4140 omnis
396 4093 559 4143 terra
578 4086 826 4141 lmtetur.
861 4085 984 4140 Per.

260 4171 432 4242 Super
480 4175 699 4230 oblata.
737 4204 806 4214 -
866 4172 1124 4236 Placare,
1164 4170 1430 4235 Domine,
1480 4168 1834 4224 muneribus

205 4275 415 4334 semper
436 4262 725 4334 acceptis,
745 4267 804 4316 et
827 4260 1173 4315 diuturnam
1197 4265 1465 4330 tempera
1489 4255 1720 4312 diffusis
1739 4256 1839 4311 im-

204 4345 386 4404 bribus
416 4351 757 4406 siccitatem.
783 4349 892 4404 Per
914 4347 1229 4402 Dominum
1262 4351 1551 4401 nostrum.

260 4438 545 4506 Praelatio.
584 4469 645 4477 ——
678 4439 819 4490 Vere
846 4436 1090 4504 dignum
1115 4440 1169 4488 et
1194 4435 1423 4502 justum
1450 4438 1559 4496 est,
1593 4447 1833 4504 aequum

207 4528 251 4576 et
279 4525 547 4590 salutare,
577 4541 690 4579 nos
707 4523 809 4577 tibi
835 4540 1068 4593 semper
1087 4528 1143 4575 et
1164 4522 1382 4591 ubique
1400 4521 1619 4589 gratias
1638 4535 1830 4588 agere,

204 4610 420 4668 Domine
442 4620 672 4675 sancte,
690 4611 858 4666 Pater
873 4609 1501 4681 omnipotens,mterne
1524 4608 1678 4662 Deus
1704 4605 1831 4661 :ob-

208 4708 476 4757 secrantes
495 4699 966 4755 misericordiam
988 4705 1162 4759 tuam,
1182 4704 1241 4751 ut
1262 4696 1591 4767 squalentes
1616 4696 1743 4768 agri
1759 4695 1835 4750 fe-

207 4789 388 4843 cundis
416 4789 717 4845 imbribus
771 4787 1081 4857 irrigantur
1110 4785 1325 4857 quibus
1380 4786 1598 4856 pariter
1650 4783 1831 4838 aestivi

210 4875 525 4945 mitigentur
581 4878 849 4933 ardores.
913 4881 968 4930 et
1041 4874 1409 4928 srevientium
1483 4872 1831 4927 morborum

211 4969 578 5035 restinguatur
625 4964 922 5027 accensio,
984 4979 1053 5019 ac
1102 4962 1264 5017 salus
1312 4961 1682 5025 hominibus,
1742 4960 1833 5031 ju-

212 5054 1071 5127 mentisqueproveniat;atque
1106 5057 1165 5106 ut
1220 5051 1366 5116 haec,
1427 5055 1479 5105 te
1525 5049 1827 5120 largiente,

269 5229 438 5283 ‘Cum
480 5230 652 5284 nullas
704 5229 795 5283 hic
847 5234 941 5283 aut
992 5226 1121 5282 alibi
1188 5226 1490 5281 habeantur
1547 5226 1831 5282 Orationes

216 5304 378 5352 contra
404 5306 565 5354 terrae
596 5306 819 5363 motum,
873 5303 1053 5354 visum
1094 5303 1179 5351 est
1222 5296 1377 5352 nobis
1408 5298 1726 5363 appendicis
1756 5299 1827 5352 lo-

216 5381 268 5419 co
289 5375 513 5424 attexere
537 5373 819 5425 collectam
848 5387 880 5423 a
917 5368 1268 5423 sanctissimo
1321 5369 1382 5420 D.
1438 5368 1503 5424 N.
1557 5368 1831 5423 Clemente

218 5449 334 5503 papa
378 5439 470 5503 XI,
521 5442 926 5509 elegantissime
981 5439 1359 5509 compositam,
1409 5457 1551 5501 cum,
1611 5440 1829 5509 ineunte

220 5511 480 5585 aml'lu3,
530 5506 697 5565 Italiae
747 5528 872 5583 pars
927 5506 1487 5585 maximmliouiaque
1526 5511 1647 5582 ipsa
1672 5506 1829 5565 teme

221 5578 423 5634 motibus
449 5578 759 5654 quateretur
782 5599 848 5637 ac
875 5580 1049 5637 ruinis
1084 5580 1400 5637 fmdaretur.

1961 427 2065 499 qui
2088 428 2245 500 pluis
2275 446 2452 503 super
2477 433 2671 501 justos
2691 439 2747 487 et
2777 431 3054 502 injustos,
3077 430 3256 487 etiam
3279 431 3493 486 nostris
3531 432 3615 487 of-

1962 514 2329 573 fensionibus
2360 519 2654 578 relaxatis.
2685 526 3025 593 exspectata
3065 520 3319 575 nubium
3362 536 3613 577 munera

1958 604 2250 678 largiaris,
2282 609 2501 680 quibus
2521 616 2577 665 et
2612 610 2774 667 salus
2803 610 3000 675 nobis,
3058 614 3115 665 et
3146 609 3426 665 alimenta
3461 626 3606 681 pras-

1958 700 2205 752 stentur.
2241 700 2344 753 Per
2364 698 2681 754 Dominum
2710 705 3001 755 nostrum.

2026 785 2124 840 Ad
2137 786 2549 858 Complendum.
2575 788 2936 844 —Precibus
2992 787 3193 859 populi
3222 787 3323 852 tui,
3367 803 3608 860 quassu-

1958 888 2112 938 mus,
2150 875 2418 937 Domine.
2452 877 2722 946 placatus
2756 876 2974 949 aspira,
3010 881 3073 931 ut
3102 876 3336 930 veniam
3383 875 3605 932 tribuas

1956 960 2604 1032 humauisexcessibus,
2627 971 2684 1021 et
2708 981 2887 1037 opem
2921 963 3148 1020 miseris
3178 963 3473 1032 benignus
3496 965 3605 1020 im-

1956 1050 2199 1119 pendas.
2235 1052 2337 1107 Per
2368 1053 2688 1110 Dominum
2720 1059 3008 1111 nostrum.

2192 1140 2483 1199 Orationes
2508 1144 2581 1199 ad
2616 1142 2953 1214 poscendam
2983 1141 3355 1197 serenitatem.

2024 1227 2273 1285 Domine
2302 1231 2475 1296 Deus,
2496 1233 2595 1304 qui
2628 1232 2685 1287 in
2718 1231 3032 1287 ministerio
3060 1245 3355 1301 aquarum
3393 1227 3598 1283 salutis

1950 1320 2062 1371 tum
2088 1317 2260 1373 nobis
2276 1326 2644 1377 sacramenta
2656 1319 3142 1385 sanxisti,exaudi
3158 1318 3485 1374 orationem
3500 1332 3600 1388 po-

1950 1404 2075 1475 puli
2098 1406 2199 1471 tui,
2224 1413 2279 1463 et
2299 1409 2439 1479 jube
2471 1415 2719 1465 terrores
2748 1409 3173 1465 inundantium
3207 1421 3438 1462 cessare
3475 1405 3600 1476 plu-

1950 1492 2203 1559 viarum,
2232 1495 2844 1570 ﬂagellumquehujus
2865 1496 3137 1553 elementi
3160 1495 3237 1551 ad
3264 1497 3371 1565 21
3391 1497 3433 1565 1
3464 1494 3600 1549 effe-

1949 1586 2110 1638 ctum
2138 1585 2221 1640 tui
2244 1592 2517 1642 converte
2546 1587 2830 1658 mysterii,
2848 1585 3020 1658 utqui
3036 1601 3096 1640 se
3109 1582 3599 1654 regenerantibus

1949 1673 2120 1742 aquis
2141 1674 2407 1743 gaudent
2430 1681 2687 1740 renatos,
2725 1676 2976 1746 gaudent
3014 1674 3105 1730 his
3162 1672 3592 1745 castigantibus

1948 1775 2075 1816 esse
2100 1769 2415 1820 correctos.
2448 1765 2575 1821 Per.

2017 1852 2172 1908 Alia.
2198 1882 2251 1894 —
2279 1852 3596 1926 Qumsumus.omnipotensDeus,clementiam

1950 1942 2135 2003 tuam,
2166 1949 2225 1996 ut
2248 1941 2669 1997 inundantiam
2698 1940 3285 2007 corrceasimbrium,
3311 1945 3369 1996 et
3392 1940 3592 1996 hilari-

1949 2031 2125 2085 tatem
2157 2030 2239 2086 tui
2260 2029 2645 2087 vultusnobis
2659 2029 2947 2102 impertiri
2964 2028 3245 2099 digneris.
3270 2029 3376 2086 Per
3394 2026 3591 2086 Domi-

1947 2133 2100 2173 num.

2225 2208 2400 2264 Missa
2428 2207 2505 2263 ad
2528 2206 2869 2277 poscendam
2907 2207 3307 2264 serenitatem.

2018 2294 2108 2351 Ad
2133 2299 2187 2352 te
2213 2312 2344 2359 nos,
2374 2295 2647 2361 Domine,
2673 2296 3000 2353 clamantes
3028 2290 3495 2357 exaudi,etaeris
3508 2306 3594 2346 se-

1947 2384 2245 2441 renitatem
2272 2384 2436 2440 nobis
2467 2384 2659 2441 tribue
2691 2383 3188 2455 supplicantibus,
3225 2385 3288 2436 ut
3334 2380 3434 2451 qui
3483 2393 3594 2451 pro

1945 2474 2206 2545 peccatis
2234 2472 2453 2530 nostris
2470 2473 2628 2543 juste
2662 2471 2985 2542 afﬂgimur,
3033 2468 3445 2527 misericordia
3489 2471 3595 2522 tua

1946 2562 2358 2634 prteveniente,
2389 2561 2764 2618 clementiam
2781 2561 3131 2618 sentiamus.
3160 2559 3271 2615 Per
3284 2555 3594 2613 Dominum

1949 2656 2241 2708 nostrum.

2018 2741 2197 2811 Super
2219 2741 2424 2797 oblata.
2455 2770 2523 2783 —
2552 2738 2872 2795 Prasveniat
2924 2751 3050 2802 nos,
3079 2748 3447 2808 quaesumus,
3483 2734 3591 2787 Do-

1948 2830 2240 2895 mine,tua
2259 2829 2448 2899 gratia
2473 2842 2729 2899 semper,
2747 2832 2803 2883 et
2815 2827 3295 2896 subsequatur,et
3308 2822 3417 2877 has
3431 2818 3593 2875 obla-

1948 2919 2153 2983 tiones,
2178 2933 2321 2990 quas
2350 2932 2454 2989 pro
2484 2915 2743 2988 peccatis
2763 2914 2984 2970 nostris
3006 2911 3232 2968 nomini
3262 2915 3358 2965 tuo
3383 2923 3595 2965 conse-

1948 3007 2200 3063 crandas
2228 3006 2574 3072 deferimus,
2606 3004 2898 3073 benignus
2927 3016 3186 3066 assume,
3211 3005 3275 3054 ut
3304 3013 3408 3069 per
3424 2995 3595 3051 inter-

1949 3095 2275 3151 cessionem
2296 3098 2642 3150 sanctorum
2667 3097 2900 3148 tuorum
2926 3089 3155 3146 cunctis
3210 3086 3384 3143 nobis
3416 3081 3593 3155 proﬁ-

1948 3186 2108 3241 ciant
2133 3183 2208 3240 ad
2241 3183 2520 3239 salutem.
2553 3183 2678 3237 Per.

2018 3272 2109 3327 Ad
2139 3271 2533 3340 Complendum
2600 3299 2669 3310 —
2699 3267 2868 3322 Plebs
2907 3271 3029 3331 tua,
3082 3263 3337 3326 Domine,
3396 3258 3596 3330 capiat

1949 3376 2134 3418 sacrm
2165 3358 2591 3416 benedictionis
2603 3360 3016 3427 augmentum,
3042 3358 3098 3409 et
3109 3350 3359 3423 capiosis
3375 3346 3596 3405 beneﬁ-

1949 3449 2167 3505 ciorum
2183 3452 2416 3504 tuorum
2430 3445 2767 3501 sublevetur
2778 3442 3036 3509 auxiliis,
3065 3456 3200 3512 quas
3213 3437 3392 3495 tantis
3422 3436 3593 3491 inter-

1949 3536 2284 3593 cessionem
2313 3531 2832 3605 deprecationibus
2862 3529 3199 3601 adjuvatur.
3232 3526 3361 3581 Per.

2199 3648 2394 3705 Oratio
2419 3647 2501 3704 ad
2523 3645 2907 3719 repellendam
2928 3644 3343 3711 tempestatem.

2020 3767 2194 3831 Deus,
2218 3762 2321 3837 qui
2348 3762 2619 3820 omnium
2650 3777 2847 3817 rerum
2878 3758 2982 3816 tibi
3014 3754 3396 3811 servientium
3417 3755 3594 3808 natu-

1949 3871 2079 3912 ram
2105 3870 2204 3925 per
2233 3853 2394 3926 ipsos
2425 3857 2624 3907 motus
2651 3849 2803 3907 aeris
2816 3847 2895 3905 ad
2909 3847 3258 3903 cultumtuae
3278 3840 3594 3913 Majestatis

1947 3941 2225 4007 instituis,
2257 3939 2734 4012 tranquillitatem
2748 3936 2920 3994 nobis
2938 3930 3351 3990 misericordiae
3374 3932 3489 3983 tuas
3507 3942 3594 3983 re-

1950 4031 2125 4087 motis
2161 4028 2375 4098 largire
2403 4025 2744 4091 terroribus,
2770 4028 2833 4080 ut
2863 4024 3029 4097 cujus
3051 4021 3205 4076 iram
3240 4017 3589 4090 expavimus

1947 4117 2316 4175 clementiam
2341 4114 2692 4171 sentiamus.
2718 4115 2844 4169 Per.

2406 4228 2608 4287 Oratio
2637 4232 2836 4282 contra
2861 4224 3133 4295 fulgura.

2018 4345 2403 4416 Omnipotens
2415 4341 2765 4411 sempiterne
2782 4342 2951 4403 Deus,
2965 4352 3142 4408 parce
3161 4332 3583 4397 metuentibus,

1869 4404 1913 4462 υ
1944 4440 2000 4491 et
2017 4404 2335 4507 propitiare
2348 4404 2802 4502 supplicibusmt
2814 4432 2942 4499 post
2954 4404 3162 4480 noxios
3176 4423 3337 4491 ignes
3352 4421 3591 4476 nubium

1942 4526 2001 4578 et
2026 4523 2138 4576 vim
2156 4518 2628 4591 procellarum,in
2650 4515 2961 4571 materiam
2975 4509 3426 4568 transeatlaudis
3442 4524 3594 4563 com-

1945 4609 2190 4666 minatio
2212 4605 2537 4680 potestatis.
2563 4605 2688 4659 Per°

2011 4700 2168 4754 Alia.
2191 4714 2260 4737 '—
2287 4694 2650 4763 Deus,cujus
2671 4691 2920 4760 imperio
2964 4688 3109 4744 nihil
3144 4702 3267 4743 non
3291 4685 3473 4741 verbo
3500 4699 3591 4738 re-

1941 4789 2117 4859 gitur,
2148 4785 2292 4840 nihil
2320 4799 2437 4837 non
2470 4781 2737 4836 oratione
2771 4784 3050 4840 mutatur,
3071 4792 3246 4846 parce
3275 4772 3592 4829 metuenti~

1941 4873 2410 4945 bus,propitiare
2435 4869 2824 4941 supplicibus,
2852 4875 2911 4921 ut
2930 4864 3588 4937 postuoxiosignesnu-

1942 4964 2192 5032 bium,et
2212 4958 2477 5015 turbines
2492 4955 2970 5028 procellarum,in
2987 4953 3299 5007 materiam
3327 4952 3591 5004 transeat

1940 5030 2125 5108 laudis
2138 5046 2501 5105 comminatio
2516 5042 2947 5117 potestatis.Per
2963 5039 3248 5097 Dominum
3264 5044 3513 5092 nostrum
3540 5046 3587 5089 ει.
3678 5030 3685 5039 ’

2300 5222 2550 5280 Callet-ta
2569 5228 2811 5290 tempore
2841 5224 3015 5274 terrae
3034 5223 3235 5271 motus.

2015 5369 2238 5424 Oratio.
2266 5397 2335 5405 —
2362 5362 2719 5433 Omnipotens
2776 5353 3103 5429 sempiterne
3160 5355 3324 5418 Deus,
3388 5352 3477 5433 qui
3510 5367 3591 5433 re-

1942 5421 2335 5510 spicis—terram
2365 5442 2415 5489 et
2468 5421 2600 5510 facis
2645 5448 2763 5510 eam
2807 5421 3057 5508 tremere,
3104 5443 3263 5504 parce
3295 5421 3587 5510 .metue'nti-

1944 5491 2067 5575 bus,
2095 5491 2387 5580 propitiare
2413 5503 2776 5580 supplimbus,
2833 5508 2890 5580 ut
2934 5501 3087 5569 cujus
3106 5491 3263 5580 :iram
3289 5502 3445 5580 terra:
3473 5491 3591 5580 fun-

1944 5566 2213 5637 damenta.
2248 5566 2648 5633 concutientem
2697 5566 3036 5645 expavimus,
3078 5566 3418 5622 clementiam
3466 5578 3594 5615 con-
