4034 6178
381 234 494 298 211

597 369 791 430 Oratio
817 385 930 440 pro
952 369 1252 439 fratribus
1287 371 1350 425 in
1382 369 1476 425 via
1491 369 1830 440 dirigendis.

459 461 634 526 Deus,
652 461 746 531 qui
763 459 1146 528 diligentibus
1167 467 1220 516 te
1235 459 1694 515 misericordiam
1710 465 1871 514 tuam
1891 473 2033 512 sem-

385 565 485 621 per
507 549 830 620 impendis,
862 553 918 604 et
945 565 980 604 a
1007 548 1688 604 servientibustibinulla
1719 565 1780 603 es
1797 549 2033 614 regione

383 637 766 707 longinquus,
798 635 986 706 dirige
1016 637 1170 692 viam
1193 637 1400 692 famuli
1431 636 1513 691 tui
1533 637 1628 692 Ill.
1649 637 1706 690 in
1731 635 2034 692 voluntate

385 729 510 788 tua,
553 729 684 779 utte
715 727 1070 796 protectore,
1098 735 1148 781 et
1171 729 1225 782 te
1245 723 1536 797 praeduce,
1562 727 1736 796 212
1759 724 2037 796 perjusti-

384 813 479 866 tim
493 811 736 868 semitas
750 815 874 868 sine
888 813 1212 870 offensione
1235 815 1683 884 gradiatur.Per
1701 815 2032 870 Dominum.

457 901 600 956 Alia.
633 933 690 942 -
715 902 959 970 Exaudi,
985 904 1252 968 Domine,
1294 919 1500 976 preces
1551 909 1804 968 nostras,
1837 907 1892 958 et
1933 902 2038 958 iter

387 989 590 1046 famuli
622 991 700 1046 tui
725 991 822 1047 Ill.
851 993 1140 1064 propitius
1172 994 1476 1058 comitare,
1511 992 1676 1064 eique
1707 992 2036 1046 misericor-

388 1079 552 1134 diam
585 1083 770 1144 tuam,
805 1080 954 1136 sicut
975 1081 1194 1152 ubique
1215 1098 1296 1146 es,
1315 1081 1394 1136 ita
1421 1081 2036 1154 ubiquelargire,qua-

392 1175 578 1234 tenus,
613 1169 692 1224 ab
721 1171 1000 1226 omnibus
1035 1169 1486 1226 adversitatibus
1519 1177 1618 1226 tua
1647 1169 2038 1242 opitulatione

389 1256 698 1324 defensus,
705 1259 727 1330 j
741 1263 1006 1314 ustorum
1021 1258 1454 1315 desideriorum
1469 1259 1724 1330 potiatur
1735 1257 2038 1313 effectibus

393 1350 448 1400 et
471 1345 574 1401 tibi
604 1346 926 1414 gratiarum
961 1346 1172 1403 referat
1203 1348 1513 1404 actionem.
1557 1351 1683 1404 Per.

463 1434 622 1490 Alia.
643 1466 714 1476 —
745 1437 916 1502 Deus,
949 1437 1048 1508 qui
1074 1437 1152 1492 ad
1174 1437 1356 1492 vitam
1388 1435 1576 1502 ducis,
1597 1435 2039 1492 etconﬁdentes

393 1521 526 1578 inte
556 1529 804 1594 paterna
835 1526 1196 1596 protectioue
1255 1526 1536 1588 custodis,
1597 1541 1939 1598 quaesumus
1979 1528 2044 1578 ut

392 1612 672 1684 praesenti
705 1613 930 1670 famulo
953 1619 1054 1670 tuo
1084 1631 1120 1670 a
1141 1614 1314 1670 nobis
1342 1613 1663 1684 egredienti
1703 1613 2042 1684 angelicum

393 1701 620 1758 tribuas
650 1701 1021 1768 comitatum,
1059 1710 1132 1775 ut,
1159 1703 1285 1774 ejus
1317 1704 1535 1758 auxilio
1565 1707 1889 1772 protectus,
1919 1702 2042 1757 nul—
2077 1727 2121 1786 Β

395 1790 510 1847 lius
525 1790 664 1846 mali
685 1791 1050 1846 concutiatur
1071 1791 1400 1856 formidine,
1433 1791 1596 1848 nullo
1619 1792 2044 1863 comprimatur

396 1879 772 1936 adversitatis
790 1895 1034 1949 angore,
1055 1879 1232 1935 nullis
1245 1880 1518 1936 irruentis
1535 1880 1758 1935 inimici
1773 1879 2043 1935 moleste-

394 1972 490 2025 tur
509 1967 740 2023 insidiis
765 1985 778 2034 ;
804 1969 928 2034 sed,
959 1969 1168 2039 spatiis
1183 1969 1495 2024 necessarii
1523 1968 1741 2024 itineris
1761 1984 2043 2042 prospero

399 2071 610 2126 gressu
627 2057 1284 2130 peractis,propriisque
1311 2057 1455 2114 locis
1479 2057 1719 2114 feliciter
1742 2058 2044 2113 restitutus

399 2145 703 2200 universos
737 2146 990 2216 reperiat
1015 2146 1289 2216 sospites,
1313 2162 1384 2202 ac
1404 2145 1636 2202 debitas
1659 2146 1924 2203 exsolvat
1947 2152 2045 2204 tuo

399 2232 622 2288 nomini
663 2233 904 2305 gratias.
935 2233 1042 2288 Per
1071 2233 1414 2290 Dominum.

827 2321 1008 2378 Missa
1022 2337 1136 2390 pro
1159 2322 1272 2378 iter
1291 2323 1618 2392 agentibus.

469 2407 705 2474 Adesto,
737 2409 1004 2474 Domine,
1023 2410 1560 2482 supplicationibus
1582 2410 2046 2478 nostris,etviam

399 2495 606 2552 famuli
637 2497 719 2552 tui
751 2496 838 2550 Ill.
871 2497 930 2552 in
949 2497 1152 2553 salutis
1171 2503 1286 2554 tute
1303 2501 1686 2570 prosperitate
1703 2500 2048 2572 dispone,ut

399 2583 550 2640 inter
577 2599 787 2640 omnes
815 2585 926 2639 vias
953 2587 1152 2641 etvitm
1165 2587 1344 2657 hujus
1371 2587 1684 2643 varietates
1707 2591 1804 2643 tuo
1823 2603 2050 2660 semper

400 2676 746 2744 protegatur
775 2673 1020 2732 auxilio.
1057 2675 1166 2730 Per
1184 2675 1518 2731 Dominum.

473 2761 670 2829 Super
690 2762 894 2818 oblata.
925 2763 1351 2835 —Propitiare,
1379 2779 1748 2836 quaesumus,
1779 2765 2044 2832 Domine,

402 2847 946 2919 supplicationibus
963 2853 1198 2918 nostris,
1223 2857 1278 2908 et
1299 2852 1632 2908 oblationes
1651 2853 1762 2910 has
1775 2870 1927 2926 quas
1945 2854 2049 2910 tibi

401 2935 711 2992 offerimus
743 2953 852 3008 pro
871 2937 1096 2994 famulo
1123 2945 1222 2995 tuo
1239 2941 1334 2995 Ill.
1361 2940 1660 3012 benignus
1687 2957 1952 3006 assume,
1987 2949 2050 3000 ut

399 3024 563 3081 viam
585 3024 740 3080 illius
757 3030 810 3080 et
827 3027 1178 3096 precedente
1197 3028 1386 3092 gratia
1403 3033 1505 3084 tua
1526 3029 1826 3098 dirigas.et
1843 3031 2044 3088 subse-

401 3117 620 3184 quente
641 3113 912 3170 comitari
927 3114 1278 3184 digneris,ut
1297 3117 1366 3172 de
1381 3120 1516 3172 actu
1551 3123 1726 3190 atque
1741 3119 2050 3175 incolumi-

401 3203 518 3256 tate
548 3202 674 3272 ejus
697 3203 1018 3259 secundum
1031 3203 1444 3260 misericordias
1462 3209 1578 3261 ture
1605 3207 1884 3278 praesidia
1905 3223 2050 3278 gau-

405 3289 657 3344 deamus.
679 3290 807 3345 Per.

471 3377 776 3446 Praefatio.
812 3409 878 3418 —
907 3379 1054 3435 Vere
1079 3379 1330 3449 dignum
1361 3381 1656 3452 etjustum
1691 3387 1796 3450 est,
1820 3401 2048 3455 mquam

401 3467 458 3519 et
487 3464 883 3531 salutare,nos
905 3467 1011 3523 tibi
1041 3485 1280 3540 semper
1299 3475 1356 3525 et
1387 3470 1606 3542 ubique
1621 3473 1838 3540 gratias
1851 3488 2045 3544 agere,

401 3551 650 3610 Domine
667 3559 887 3624 sancte,
925 3556 1096 3612 Pater
1124 3557 1518 3628 omnipotens,
1541 3566 1756 3616 aeterne
1787 3561 1941 3616 Deus
1967 3578 1982 3617 :
2016 3577 2052 3618 a

403 3655 527 3712 quo
551 3640 788 3698 deviare
819 3643 1192 3709 mori,coram
1215 3661 1327 3717 quo
1379 3646 1690 3702 ambulare
1727 3648 1918 3704 vivere
1944 3657 2046 3705 est.

405 3728 514 3796 Qui
547 3728 752 3786 fideles
787 3735 919 3786 tuos
945 3732 1005 3786 in
1035 3736 1140 3788 tua
1169 3735 1260 3788 via
1291 3734 1558 3802 deducis,
1589 3741 1645 3790 et
1673 3737 2052 3794 miseratione

403 3817 740 3887 gratissima
762 3818 821 3872 in
841 3819 1144 3874 veritatem
1176 3819 1440 3887 inducis;
1473 3821 1576 3892 qui
1602 3823 1871 3886 Abrahae,
1889 3825 2053 3880 Isaac

405 3908 459 3958 et
497 3903 677 3959 Jacob
707 3905 768 3960 in
803 3906 1109 3976 prtesentis
1139 3907 1244 3960 viae
1259 3911 1314 3962 et
1345 3907 1476 3962 vitae
1502 3910 2048 3978 curriculo,custos,

405 3993 530 4048 dux
556 3997 612 4048 et
633 4008 833 4047 comes
865 4009 992 4049 esse
1013 3993 1269 4059 voluisti,
1299 3999 1354 4050 et
1379 3995 1606 4052 famulo
1629 4001 1731 4052 tuo
1744 3999 1934 4054 Tobiae
1953 4015 2052 4055 an-

405 4073 606 4150 gelum
619 4080 908 4150 prmvium
924 4083 1274 4152 praeparasti
1297 4098 1310 4147 ;
1325 4083 1490 4154 cujus
1511 4085 1861 4142 immensam
1879 4089 2052 4143 mise-

405 4167 725 4224 ricordiam
751 4167 1100 4223 humillimis
1119 4169 1397 4240 precibus
1419 4171 1828 4242 imploramus,
1863 4181 1926 4231 ut
1947 4177 2054 4232 iter

395 4255 606 4312 famuli
637 4257 718 4310 tui
749 4256 782 4310 Ι
786 4255 980 4312 ll.cum
995 4257 1182 4312 suisin
1197 4259 1591 4329 prosperitate
1603 4261 1873 4331 dirigere,
1892 4281 2055 4320 eum-

407 4359 518 4416 que
543 4343 692 4398 inter
705 4344 812 4400 vim
835 4349 892 4400 et
914 4345 1044 4400 vitae
1067 4344 1244 4415 hujus
1265 4347 1578 4403 varietates
1601 4349 1858 4419 digneris
1869 4359 2054 4408 custo-

409 4431 555 4498 dire,
579 4437 891 4504 quatenus,
921 4432 1268 4505 angelorum
1301 4438 1542 4491 tuorum
1573 4439 1844 4507 praesidio
1875 4442 2054 4498 fultus
2087 4433 2130 4490 Ι)

408 4519 828 4577 intercessione
853 4537 1095 4594 quoque
1127 4525 1470 4579 sanctorum
1501 4531 1738 4582 tuorum
1767 4531 2055 4600 munitus,

411 4623 446 4664 a
468 4609 686 4664 cunctis
715 4609 1178 4666 adversitatibus
1219 4615 1320 4668 tua
1351 4612 1717 4670 miseratione
1764 4617 2049 4684 defensus,

407 4695 792 4768 profectionis
815 4703 870 4754 et
895 4699 1252 4754 reversionis
1283 4715 1402 4756 sum
1425 4699 1698 4758 felicitate
1729 4705 1973 4775 potitus,
2002 4711 2058 4763 et

411 4799 656 4855 compos
679 4785 955 4842 reddatur
973 4787 1266 4857 justorum
1297 4793 1582 4854 votorum,
1607 4797 1664 4845 et
1701 4791 1774 4847 de
1807 4810 2056 4852 suorum

411 4869 640 4928 laetetur
667 4874 1018 4930 remissione
1048 4881 1436 4947 peccatorum.
1461 4878 1566 4934 Per
1595 4879 1911 4938 Christum.

409 5030 663 5114 tritiones
693 5033 812 5104 ejus
840 5037 1120 5089 sanantem
1167 5035 1374 5108 jugiter
1413 5037 1711 5094 sentiamus.
1747 5041 1850 5096 Per
1877 5043 2053 5098 Domi-

411 5119 642 5160 mtuum.

484 5173 722 5230 Secreta.
752 5176 997 5252 —Deu_s,
1033 5174 1399 5252 qu_i_fu_ndasti
1423 5181 1622 5232 terram
1653 5197 1818 5252 super
1850 5182 2056 5238 stabili-

410 5247 574 5321 tatem
607 5261 780 5321 suam,
815 5245 1032 5321 suscipe
1054 5245 1365 5321 oblationes
1395 5253 1448 5302 et
1469 5265 1654 5318 preces
1679 5245 1863 5321 populi
1885 5255 2056 5312 tuiac

411 5315 864 5387 trementisterrse
905 5315 1160 5387 periculis
1210 5317 1426 5387 penitus
1469 5315 1701 5386 amotis,
1731 5315 2054 5380 divinmtuze

410 5385 708 5442 iracundiae
733 5385 966 5440 terrores
1001 5386 1056 5439 in
1089 5385 1341 5443 humanas
1381 5389 1575 5444 salutis
1635 5394 1868 5447 remedia
1925 5413 2055 5448 cou-

411 5462 577 5532 verte,
611 5463 670 5510 ut
695 5457 784 5529 qui
814 5459 890 5532 _de
913 5463 1064 5532 terra
1093 5463 1238 5516 sunt.
1267 5463 1322 5512 et
1375 5475 1428 5512 ιη
1455 5465 1664 5532 terram
1697 5471 2047 5532 revertentur,

409 5528 688 5650 gaudeant
713 5527 777 5582 se
806 5527 926 5582 fieri
975 5535 1167 5582 sancta
1219 5531 1570 5586 conversione
1621 5533 1889 5588 ccelestes.
1951 5527 2053 5590 Per

457 5613 716 5650 ominum.

457 5613 602 5655 0min
610 5615 696 5654 um
705 5641 716 5654 .

1623 233 1887 298 SANCTI
1929 231 2272 294 GREGOPJI
2315 237 2552 299 MAGNI

2061 367 2112 427 A
2218 367 2268 437 2
2285 371 2325 438 1
2341 369 2392 440 3
2415 370 2761 426 Benedictio.
2789 401 2854 409 —
2875 367 3098 439 Dirigat
3115 368 3222 424 iter
3243 371 3494 422 vestrum
3513 368 3794 422 Dominus

2143 455 2198 508 in
2219 457 2576 528 beneplacito
2591 475 2699 512 suo
2717 459 3002 529 vobisque
3023 457 3480 528 inseparabiliter
3495 457 3796 525 benignis-

2143 546 2320 598 simus
2339 555 2532 602 custos
2549 548 2848 602 inluereat.
2867 549 3038 602 Amen
3051 548 3276 601 .Ducem
3295 547 3456 602 vobis
3471 547 3798 612 archange-

2143 633 2266 689 lum
2297 635 2650 707 Raphaelem
2681 637 2978 700 adhibeat,
3005 643 3314 691 etomnem
3338 653 3372 690 a
3393 637 3557 690 vobis
3577 637 3802 690 incom-
3843 623 3850 628 ”

2146 724 2491 780 moditatem
2507 726 3104 798 contrarietatemque
3121 725 3468 797 prOpitiatus
3490 729 3796 780 amoveat.

2145 813 2355 868 Amen.
2390 815 2826 870 Desideriorum
2853 821 3184 870 vestrorum
3201 815 3294 886 pia
3323 819 3456 870 vota
3478 813 3804 870 clementer

2144 899 2408 972 impleat,
2445 911 2506 958 ut
2536 909 2588 958 et
2615 904 2706 958 hic
2763 903 2924 958 bona
2955 903 3265 974 consequi,
3311 907 3364 958 et
3409 903 3486 960 ad
3515 909 3802 960 teternam

2145 991 2575 1048 beatitudinem
2607 991 2910 1064 pervenire
2943 993 3181 1048 feliciter
3209 993 3572 1048 mereamini.
3595 993 3798 1048 Amen.

2148 1081 2316 1144 Quod
2335 1080 2460 1150 ipse
2493 1088 2794 1152 praestare.

2215 1169 2314 1224 Ad
2333 1170 2764 1240 Complemlum.
2785 1203 2838 1210 —
2865 1171 3015 1224 Deus
3043 1170 3286 1226 infinitas
3315 1171 3805 1227 misericordimet

2149 1257 2458 1327 Majestatis
2487 1257 2802 1326 immeusre,
2839 1275 3012 1331 quem
3037 1277 3140 1314 nec
3171 1258 3802 1329 Spatialocorum,'_nec

2149 1346 2454 1402 intervalla
2483 1355 2814 1418 temporum
2841 1351 2913 1404 ab
2935 1349 3026 1404 his
3051 1349 3395 1418 quostueris
3425 1348 3799 1418 disjungunt,

2151 1434 2356 1490 adesto
2389 1435 2617 1493 famulo
2651 1443 2749 1492 tuo
2771 1438 2865 1492 Ill.
2895 1439 2954 1492 in
2987 1443 3038 1492 te
3066 1437 3288 1508 ubique
3317 1435 3546 1501 fidenti,
3601 1443 3658 1492 et
3699 1453 3806 1508 per

2151 1538 2392 1578 omnem
2425 1540 2610 1596 quam
2641 1525 2822 1580 iturus
2845 1534 2930 1580 est
2953 1525 3106 1580 viam
3141 1526 3260 1580 dux
3287 1526 3338 1580 ei
3371 1531 3427 1580 et
3445 1541 3640 1580 comes
3667 1541 3808 1580 esse

2151 1612 2418 1680 dignare;
2443 1613 2588 1668 nihil
2612 1613 2692 1668 illi
2711 1613 3084 1668 adversitatis
3115 1620 3344 1676 noceat,
3371 1614 3512 1668 nihil
3547 1612 3808 1669 difﬁcul-

2153 1703 2287 1756 tatis
2313 1701 2796 1766 obsistat;cuucta
2821 1705 2870 1758 ei
2892 1704 3394 1770 salubria,cuncta
3421 1703 3536 1756 sint
3557 1718 3808 1773 prospe-

2151 1805 2254 1856 ra;
2284 1796 2357 1850 et.
2393 1791 2498 1846 sub
2530 1807 2643 1862 Ope
2675 1792 2924 1847 dexterze
2961 1799 3088 1854 tuae,
3119 1791 3412 1862 quidquid
3453 1791 3610 1861 justo
3627 1807 3810 1861 expe-

2153 1877 2304 1933 tierit
2329 1879 2647 1944 desiderio,
2683 1881 2858 1935 deleri
2889 1886 3286 1952 consequatur
3313 1879 3539 1935 etfectu.
3571 1880 3700 1934 Per.

2329 1985 2622 2043 Orationes
2651 1987 2729 2040 ad
2756 1987 2903 2056 (660)
2937 1987 3207 2042 clericum
3241 1985 3601 2054 faciendum.

2223 2093 2492 2160 Oremus,
2519 2093 2876 2150 dilectissimi
2905 2094 3131 2159 fratres,
3173 2093 3491 2150 Dominum
3525 2099 3806 2150 nostrum

2153 2181 2360 2238 Jesum
2393 2181 2688 2238 Christum
2715 2199 2819 2254 pro
2851 2181 2963 2237 hoc
2983 2182 3196 2238 famulo
3211 2199 3320 2236 suo
3347 2182 3574 2254 Ill.,qui
3601 2183 3676 2237 ad
3705 2183 3810 2238 de—

2155 2273 2502 2342 ponendam
2534 2287 2769 2327 comam
2797 2271 3004 2343 capitis
3035 2273 3124 2326 sui
3159 2272 3403 2342 proejus
3427 2287 3630 2326 amore
3647 2271 3814 2326 festi-

2157 2363 2344 2424 nat,ut
2375 2365 2556 2416 donet
2581 2361 2630 2414 ei
2655 2360 2934 2431 Spiritum
2958 2359 3363 2430 sanctum,qui
3397 2359 3658 2414 habitum
3675 2360 3814 2415 reli—

2159 2449 2351 2517 gionis
2377 2449 2434 2502 in
2459 2465 2529 2504 eo
2557 2455 2900 2520 perpetuum
2933 2453 3256 2512 conservet,
3283 2453 3338 2503 et
3359 2464 3390 2502 a
3409 2448 3608 2503 mundi
3633 2449 3814 2520 impe-

2157 2537 2444 2601 dimento,
2477 2537 2566 2592 vel
2595 2537 2862 2592 saeculari
2893 2535 3190 2592 desiderio
3215 2553 3318 2591 cor
3347 2537 3478 2606 ejus
3503 2537 3810 2596 defendat.

2157 2629 2220 2680 ut
2247 2625 2394 2680 sicut
2423 2625 2775 2680 immutatur
2803 2625 2860 2678 iu
2885 2625 3067 2688 vultu,
3095 2625 3658 2681 itamanusdextera
3676 2627 3814 2696 ejus

2157 2713 2212 2768 ei
2243 2713 2471 2769 virtutis
2503 2714 2724 2770 tribuat
2751 2715 3134 2780 incrementa,
3159 2719 3215 2768 et
3245 2714 3322 2768 ab
3343 2715 3508 2768 omni
3545 2715 3810 2771 caecitate

2160 2802 2404 2874 spiritali
2430 2803 2638 2858 oculos
2662 2803 2790 2872 ejus
2803 2803 3044 2874 aperiat,
3069 2809 3120 2858 et
3137 2802 3338 2858 lumen
3367 2803 3658 2858 eimternte
3675 2803 3812 2874 glo-

2158 2891 2258 2947 riae
2287 2891 2592 2954 concedat,
2631 2891 2740 2956 Qui
2769 2892 2911 2946 vivit
2935 2907 3074 2946 cum
3107 2892 3226 2946 Deo
3277 2893 3442 2946 Patre
3487 2891 3546 2946 in
3581 2892 3814 2948 unitate

2159 2979 2422 3050 ejusdem
2451 2979 2704 3051 Spiritus
2731 2980 2920 3035 sancti
2953 2982 3130 3035 Deus.
3193 2979 3301 3034 Per
3347 2981 3544 3036 omnia
3587 2980 3814 3038 saecula

2081 3091 2126 3151 ε
2161 3068 2512 3123 saeculorum
2529 3111 2541 3124 .

2227 3159 2368 3212 Item
2393 3157 2530 3210 alia.
2561 3187 2630 3196 —
2659 3156 2895 3221 Adesto,
2951 3155 3218 3221 Domine,
3273 3156 3814 3228 supplicationibus

2161 3243 2399 3306 nostris,
2431 3249 2486 3298 et
2503 3244 2662 3298 hunc
2679 3242 2964 3298 famulum
2985 3249 3152 3299 tuum
3171 3244 3520 3300 benedicere
3533 3245 3810 3316 dignare,

2159 3331 2250 3386 cui
2283 3333 2342 3386 in
2377 3337 2476 3386 tuo
2507 3337 2714 3386 sancto
2737 3333 2978 3386 nomine
3009 3331 3276 3388 habitum
3295 3349 3476 3390 sacra:
3505 3334 3814 3403 religionis

2159 3419 2544 3492 imponimus.
2579 3423 2658 3484 ut,
2684 3423 2736 3474 te
2757 3419 3064 3491 largiente,
3086 3425 3140 3476 et
3163 3421 3414 3477 devotus
3455 3421 3514 3476 in
3549 3422 3814 3478 Ecclesia

2159 3508 2488 3580 persistere,
2520 3513 2572 3562 et
2597 3509 2776 3563 vitam
2803 3509 3104 3580 persipere
3155 3515 3450 3566 mereatur
3501 3515 3812 3566 aeternam.

2159 3597 2270 3652 Per
2297 3597 2637 3652 Dominum.

2235 3689 2382 3741 Dum
2413 3685 2612 3740 tondes
2627 3699 2753 3738 eum
2785 3683 2930 3740 dicis
2961 3683 3352 3753 Antiphonem
3373 3687 3454 3740 Tu
3470 3687 3814 3750 es,Domine

2161 3773 2261 3845 qui
2281 3773 2546 3828 restitues
2574 3773 2716 3828 mihi
2739 3773 3137 3828 lnereditatem
3173 3789 3380 3830 meam.
3423 3776 3581 3831 Vers.
3617 3777 3820 3831 Domi-

2161 3875 2274 3914 nus
2307 3875 2443 3930 pars
2457 3861 2818 3916 haereditatis
2841 3877 3011 3924 mem,
3035 3862 3313 3918 etGloria.
3337 3863 3478 3919 Item
3499 3864 3818 3922 aliaAnli-

2157 3945 2368 4018 phona,
2399 3951 2521 4002 Haec
2551 3951 2636 4002 est
2663 3949 2976 4018 generatio,
3031 3956 3082 4004 et
3113 3950 3305 4005 Gloria
3355 3951 3494 4007 Item
3539 3952 3657 4008 alia
3689 3953 3818 4007 An-

2163 4035 2422 4104 tiphona,
2465 4036 2565 4092 Hic
2588 4037 2828 4107 accipiet
2869 4037 3370 4093 benedictionem.

2234 4124 2423 4179 Oratio
2431 4129 2554 4195 post
2567 4127 2979 4181 tonsionem.-—
2995 4126 3607 4198 Praesta,omnipotens
3627 4131 3808 4194 Deus,

2162 4211 2300 4266 huic
2323 4211 2542 4269 famulo
2573 4222 2670 4269 tuo
2705 4215 2802 4270 Ill.
2835 4215 3000 4284 cujus
3017 4214 3194 4269 hodie
3221 4216 3428 4287 capitis
3455 4231 3680 4274 comam
3697 4233 3812 4288 pro

2163 4299 2365 4356 divino
2387 4317 2590 4357 amore
2623 4303 3031 4374 deposuimus,
3061 4307 3122 4357 ut
3149 4304 3208 4358 in
3233 4308 3332 4359 tua
3345 4305 3660 4362 dilectione
3679 4321 3817 4376 per-

2165 4393 2342 4459 petuo
2397 4395 2640 4446 maneat
2670 4395 2726 4445 et
2745 4407 2880 4446 eum
2897 4392 3023 4445 sine
3049 4391 3354 4448 maculain
3383 4393 3814 4465 sempiternum

2164 4477 2483 4534 custodias.
2518 4479 2620 4534 Per
2651 4480 2989 4535 Dominum.

2169 4610 2464 4666 Orationes
2477 4615 2528 4666 et
2545 4626 2742 4666 nreces
2757 4627 2938 4680 super
2951 4611 3038 4682 (66
3052 4617 3064 4666 ί
3077 4614 3470 4680 )pamitentem
3488 4627 3514 4657 ι
3543 4615 3820 4684 conﬁten-

2521 4687 2628 4736 tem
2649 4687 2884 4752 peccata
2923 4698 3032 4738 sua
3071 4700 3234 4740 more
3257 4687 3451 4741 solito.

2237 4793 2385 4864 (662)
2433 4795 2678 4860 Exaudi,
2711 4795 2980 4860 Domine,
3037 4813 3231 4867 preces
3281 4803 3539 4864 nostras,
3595 4803 3654 4854 et
3701 4799 3820 4856 tibi

2165 4881 2564 4938 conﬁtentium
2579 4897 2756 4954 parce
2767 4885 3117 4955 peccatis,ut
3129 4902 3282 4958 quos
3293 4901 3404 4942 con
3413 4887 3672 4944 scientia:
3685 4904 3824 4944 rea-

2235 5041 2718 5096 Postcommum'o.
2739 5070 2810 5082 —
2837 5042 3006 5098 Tuere
3029 5061 3146 5108 nos,
3181 5044 3429 5114 Domine,
3472 5061 3818 5114 quaesumus,

2164 5117 2464 5185 tuasancta
2493 5117 2789 5185 sumentes,
2839 5119 2892 5166 et
2921 5118 3138 5181 terram,
3197 5133 3359 5185 quam
3425 5117 3660 5170 vidimus
3719 5133 3826 5172 no-

2168 5183 2382 5238 strisiui
2415 5181 2691 5256 .;.i.atibus
2717 5187 3055 5256 trementem,
3111 5181 3344 5256 superno
3385 5203 3603 5240 munere
3633 5187 3816 5250 ﬁrma,

2167 5261 2224 5328 ut
2255 5255 2568 5328 mortalium
2601 5253 2766 5308 corda
2791 5263 3122 5324 cognoscant
3147 5253 3192 5310 a'
3227 5263 3279 5310 te
3333 5257 3653 5328 indignante
3679 5258 3826 5314 talia.

2165 5325 2382 5404 ﬂagella
2405 5323 2620 5394 prodire
2683 5329 2735 5376 et
2770 5329 2820 5378 te
2866 5323 3174 5380 miserante
3233 5323 3478 5382 cessare:
3533 5329 3642 5385 Per
3709 5331 3826 5382 Do-

2165 5411 2390 5449 mtuum.

2235 5477 2268 5509 a
2297 5465 2478 5520 Multas
2509 5463 2868 5518 confessionis
2935 5465 3178 5522 formulas
3227 5486 3260 5522 a
3307 5467 3464 5524 nobis
3531 5469 3656 5524 olim
3701 5469 3824 5524 col-

2165 5536 2698 5609 lectselegipossunt
2737 5536 2810 5609 in_
2851 5543 3014 5592 tract.
3081 5539 3285 5593 Gallico
3345 5541 3410 5594 de
3481 5541 3731 5609 Confess.
3779 5557 3822 5597 η

2166 5611 2342 5679 parte,
2373 5622 2496 5674 cap.
2529 5607 2725 5672 12,14,
2755 5607 2841 5662 t9.
2877 5610 3130 5680 Magnam
3191 5625 3320 5667 vero
3359 5609 3530 5666 fuisse
3591 5607 3722 5667 alim
3747 5611 3820 5668 li-
