4004 6178
176 255 272 315 213

1361 244 1572 309 LIBER
1613 236 2285 313 SACRAMENTORUM.

3420 250 3571 315 214'

177 390 252 442 tus
272 385 513 448 accusat,
542 378 912 451 indulgentia
930 383 1039 437 tua!
1073 378 1466 436 miserationis
1484 373 1773 433 absolvat.
1810 373 1853 434 A
1892 379 2068 434 tatem
2092 385 2279 450 tuam,
2312 401 2687 457 quaesumus,
2710 387 2982 454 Domine,
3006 386 3187 457 hujus
3206 383 3415 442 famuli
3446 385 3535 440 tui

177 475 261 529 Per
284 471 607 526 Dominum.

232 559 387 632 2”.
426 559 574 614 Alia.
602 589 669 598 —-
701 559 852 631 (665)
894 557 1228 613 Prmveniat
1273 557 1434 612 hunc
1481 552 1775 610 famulum

175 656 319 713 tuum,
340 663 701 719 quaesumus,
720 647 984 713 Domine,
1005 645 1409 702 misericordia
1435 650 1555 711 tua,
1581 647 1778 697 utom-

173 755 257 795 nes
271 737 585 810 iniquitates
601 735 735 806 ejus
752 736 922 792 celeri
942 730 1773 806 indulgentiadeleautur.Per.

225 827 346 883 Atia.
374 857 441 865 —
466 824 618 895 (664)
651 825 894 891 Adesto,
930 823 1192 892 Domine,
1246 818 1778 895 supplicationibus

171 915 365 977 nostris,
393 929 497 968 nec
530 914 607 968 sit
635 913 713 968 ab
754 913 867 968 hoc
904 911 1131 968 famulo
1164 919 1262 966 tuo
1314 908 1635 966 clementiae
1660 914 1775 961 tuae

167 1002 451 1073 longinqua
475 1001 958 1057 miseratio.bana
986 999 1514 1070 vulnera,ejnsque
1547 996 1775 1051 remitte

166 1097 386 1163 peccata,
412 1097 490 1156 ut,
519 1089 699 1145 nullis
731 1108 765 1145 a
794 1098 847 1146 te
871 1088 1273 1160 iniquitatibus
1301 1092 1635 1158 separatus,
1669 1083 1772 1139 tibi

163 1180 372 1236 Domino
403 1194 645 1249 semper
668 1178 857 1234 valeat
897 1177 1223 1233 adhaerere.
1258 1177 1387 1231 Per.

213 1270 340 1323 Atia.
373 1299 436 1308 -—
468 1268 624 1339 (665)
654 1268 899 1323 Domine
941 1267 1096 1321 Deus
1130 1254 1352 1331 noster,
1382 1263 1527 1335 (666)
1561 1261 1661 1333 qui
1690 1260 1772 1316 of-

159 1356 386 1413 fensione
408 1360 617 1412 nostra
642 1372 763 1411 non
785 1356 1057 1421 vinceris,
1077 1355 1225 1426 (667)
1242 1354 1342 1408 sed
1369 1350 1770 1406 satisfactione

157 1445 388 1519 placaris,
405 1444 656 1515 respice,
681 1461 1044 1516 qumsumus,
1068 1442 1143 1499 ad
1175 1443 1330 1497 hunc
1358 1440 1648 1497 famulum
1666 1438 1769 1509 qui

157 1550 203 1591 se
226 1533 315 1588 tibi
339 1548 624 1605 peccasse
656 1532 910 1601 graviter
928 1530 1261 1586 conﬁtetur.
1282 1532 1471 1585 Tuum
1492 1533 1574 1581 est
1598 1524 1767 1580 ablu-

156 1624 334 1679 tionem
349 1622 663 1676 criminum
688 1621 853 1683 dare,
886 1623 943 1675 et
973 1618 1206 1673 veniam
1235 1622 1513 1690 praestare
1529 1628 1769 1687 peccan-

1888 464 2215 540 lacrymosa
2230 477 2587 547 suspiria.Tu
2601 478 2729 550 ejus
2745 479 2972 534 medere
2985 473 3407 544 vulneribus,2
3422 476 3465 545 ι
3482 474 3532 547 5

1888 560 1948 609 tu
1974 558 2146 626 jacen
2160 563 2192 617 ti
2211 581 2451 620 manum
2468 568 2703 638 porrige
2718 568 3036 623 salutarem
3049 581 3141 629 ,ne
3163 563 3415 619 Ecclesia
3431 570 3534 619 tua

1885 644 2087 717 aliqua
2110 652 2192 707 sui
2222 657 2481 726 corporis
2506 657 2772 728 portione
2801 663 3080 723 vastetur,
3108 670 3179 709 ne
3219 669 3360 723 grex
3399 659 3533 708 tuus

1885 736 2301 799 detrimentum
2334 745 2638 812 sustineat,
2674 763 2745 801 ne
2773 746 2846 801 de
2891 745 3128 802 familias
3155 749 3271 800 tum
3300 744 3527 798 damno

1885 826 2163 885 inimicus
2177 835 2447 904 exsultet,
2476 852 2549 892 ne
2573 842 2840 893 renatum
2859 836 3097 891 lavacro
3111 835 3351 890 salutari
3371 848 3531 888 mors

1886 920 2148 974 secunda
2172 924 2492 992 possideat.
2523 926 2645 981 Tibi
2695 941 2858 991 ergo,
2916 924 3179 986 Domine,
3232 921 3531 994 supplices

1883 1011 2215 1076 preces,tibi
2243 1013 2446 1069 ﬂetum
2464 1015 2657 1069 cordis
2683 1013 3136 1075 effundimus,tu
3157 1027 3331 1082 parce
3345 1009 3529 1066 conﬁ-

1885 1095 2048 1163 tenti,
2081 1105 2138 1152 ut
2170 1102 2327 1156 sicin
2354 1102 2464 1158 hac
2500 1104 2849 1159 mortalitate
2882 1105 3349 1172 peccatasua,.te
3368 1098 3532 1166 adju-

1881 1190 2074 1253 vante,
2104 1188 2590 1262 deﬂeat,qualiter
2616 1194 2674 1248 in
2709 1192 2997 1248 tremendi
3027 1188 3237 1261 judicii
3269 1187 3363 1242 die
3399 1202 3532 1240 sen-

1879 1275 2119 1331 tentiam
2134 1279 2533 1335 damnationis
2547 1286 2777 1336 aeternas
2795 1281 3008 1336 evadat
3028 1296 3040 1342 ;
3059 1284 3113 1333 et
3128 1277 3347 1333 nesciat
3360 1273 3527 1347 quod

1882 1366 2054 1419 terret
2078 1366 2136 1420 in
2166 1368 2445 1437 tenebris,
2473 1370 2633 1442 quod
2666 1369 2870 1425 stridet
2916 1369 2972 1424 in
3007 1367 3287 1430 ﬂammis,
3321 1370 3523 1436 atque,

1879 1451 1956 1505 ab
1983 1455 2198 1509 erroris
2229 1458 2319 1512 via
2347 1459 2421 1513 ad
2449 1458 2838 1514 iterreversus
2861 1456 3119 1528 justitiaa,
3150 1468 3520 1525 nequaquam

1880 1542 2031 1599 ultra
2053 1545 2392 1601 vulneribus
2411 1548 2723 1609 saucietur,
2752 1547 2852 1601 sed
2877 1548 3172 1614 integrum
3189 1543 3258 1600 sit
3273 1543 3327 1598 ei
3343 1547 3522 1613 atque

1877 1633 2252 1698 perpetuum.
2283 1632 2515 1703 etquod
2532 1634 2721 1702 gratia
2747 1637 2846 1686 tua
2864 1629 3125 1698 contulit,
3156 1633 3212 1684 et
3233 1627 3389 1700 quod
3419 1626 3524 1679 mi-

154 1713 298 1775 tibus,
328 1712 417 1782 qui
439 1708 643 1765 dixisti
678 1708 1077 1781 paenitentiam
1107 1714 1157 1763 te
1188 1706 1364 1762 malle
1387 1709 1765 1777 peccatorum

1899 1718 2195 1776 :ericordia
2217 1721 2577 1777 reformavit.
2620 1723 2722 1777 Per
2738 1721 3014 1777 eumdem
3046 1717 3363 1774 Dominum
3394 1729 3529 1771 nos-

151 1817 294 1872 quam
322 1806 596 1854 mortem.
633 1798 903 1855 Concede
960 1813 1121 1869 ergo,
1175 1795 1436 1861 Domine,
1470 1794 1577 1848 hoc
1616 1790 1765 1863 (668)

150 1896 199 1942 ut
220 1888 301 1943 tibi
343 1887 712 1960 poenitentia:
742 1884 1022 1942 excubias
1064 1883 1337 1948 celebret,
1379 1888 1434 1939 et
1490 1878 1767 1936 correctis

149 1977 337 2032 actibus
367 1975 512 2039 suis,
547 1974 812 2030 conferri
848 1973 954 2029 sibi
985 1989 1020 2028 a
1060 1978 1113 2028 te
1146 1972 1514 2044 sempiterna
1544 1967 1769 2040 gaudia

150 2064 451 2134 gratuletur.
492 2064 606 2118 Per
619 2105 634 2119 .

200 2152 592 2225 Alia—(669)
633 2154 862 2215 Precor,
898 2150 1165 2217 Domine,
1215 2150 1367 2221 (670)
1396 2146 1765 2204 clementiam

148 2247 237 2297 tua:
258 2241 565 2313 Majestatis
594 2256 670 2296 ac
698 2240 977 2295 nominis.
1015 2238 1225 2294 uthuis
1249 2237 1476 2293 famulo
1498 2240 1603 2291 tuo
1635 2250 1770 2306 pec-

150 2337 253 2386 cata
271 2330 609 2386 etfacinora
643 2345 749 2383 sua
768 2328 1068 2383 confitenti
1098 2328 1328 2382 veniam
1363 2327 1527 2393 dare,
1555 2331 1609 2380 et
1629 2340 1771 2396 prie-

151 2421 411 2474 teritorum
441 2419 773 2474 criminum
798 2417 996 2472 debita
1025 2417 1293 2471 relaxare
1347 2415 1624 2484 digneris,
1665 2410 1769 2485 qui

151 2507 377 2563 humeris
406 2509 511 2562 ﬁlii
546 2508 635 2563 tui
670 2523 843 2562 ovem
872 2506 1163 2578 perditam
1192 2503 1478 2559 reduxisti
1508 2503 1658 2571 (671)
1691 2499 1771 2555 ad

152 2596 347 2665 caulas;
372 2599 519 2667 (672)
542 2595 649 2667 qui
666 2594 966 2667 publicani
990 2593 1265 2665 precibus
1280 2592 1371 2647 vel
1400 2591 1770 2647 confessione

153 2683 383 2756 placatus
415 2701 499 2739 es.
530 2687 620 2739 Tu
649 2684 838 2749 etiam,
875 2683 1135 2751 Domine,
1167 2688 1224 2736 et
1247 2681 1387 2736 huic
1420 2679 1646 2735 famulo
1672 2684 1771 2732 tuo

154 2772 370 2843 placare,
389 2780 453 2828 tu
474 2773 525 2843 ej
539 2789 613 2827 us
646 2770 936 2843 prmcibus
960 2770 1250 2838 benignus
1272 2769 1421 2840 (673)
1449 2767 1769 2829 assiste,ut,

156 2862 569 2918 inconfessione
597 2859 784 2916 ﬂebili
815 2860 961 2931 (674)
997 2874 1360 2930 permanens,
1393 2855 1772 2913 clementiam

154 2956 282 3005 tuam
311 2950 574 3006 celeriter
603 2953 827 3013 exoret,
859 2952 936 3013 et,
967 2947 1117 3019 (675)
1151 2947 1360 3002 senctis
1388 2944 1668 3000 altaribus
1681 2956 1775 2996 re-

155 3044 368 3105 stitutus,
394 3040 520 3112 spei
547 3055 758 3094 rursus
789 3044 1018 3093 aeternae
1042 3046 1099 3091 et
1131 3036 1349 3091 ccclesti
1384 3035 1585 3105 gloriae
1623 3034 1774 3107 (676)

152 3125 480 3184 reformatur.
512 3128 633 3182 Per
662 3125 942 3181 eumdem
980 3124 1296 3179 Dominum
1340 3129 1628 3179 nostrum.

204 3242 333 3314 (677)
359 3242 675 3299 Orationes
704 3240 772 3294 ad
802 3237 1297 3296 reconciliandam
1326 3243 1701 3308 pandentem.

207 3357 338 3429 (678)
365 3357 618 3424 Adesto,
662 3355 927 3419 Domine,
962 3352 1501 3425 supplicationibus
1534 3351 1774 3419 nostris,

153 3450 299 3510 etme,
319 3446 415 3519 qui
457 3448 651 3501 etiam
684 3442 1093 3500 misericordia
1128 3446 1227 3497 tua
1243 3441 1471 3512 primus
1514 3440 1776 3511 indigeo,

154 3532 430 3589 clementer
451 3532 723 3589 exaudi:
766 3537 1024 3602 etquem
1051 3544 1172 3585 non
1225 3528 1505 3583 electione
1559 3527 1772 3595 meriti,

156 3621 237 3675 sed
261 3624 403 3677 dono
429 3621 644 3694 gratiae
670 3625 782 3675 tuae
811 3617 1164 3674 constituisti
1194 3616 1392 3689 operis
1418 3616 1596 3686 hujus
1619 3617 1778 3671 mini-

155 3714 332 3777 strum,
357 3709 431 3764 da
456 3708 758 3765 ﬁduciam
783 3706 866 3761 tui
894 3706 1157 3760 muneris
1177 3704 1562 3775 exsequendi,
1586 3706 1777 3775 etipse

156 3796 203 3850 in
226 3804 410 3853 nostro
440 3796 783 3853 ministerio
808 3810 944 3866 quas
970 3800 1082 3849 tum
1112 3795 1338 3865 pietatis
1370 3801 1460 3849 est
1506 3808 1776 3864 operare.

155 3881 241 3940 Per
266 3886 607 3942 Dominum.

209 3974 340 4028 Alia.
365 4005 436 4015 —
463 3976 623 4043 (679)
658 3973 901 4038 Praesta,
934 3985 1288 4042 quaesumus,
1332 3969 1602 4033 Domine,
1638 3969 1779 4025 huic

155 4058 346 4116 famulo
371 4062 736 4131 tuodignum
757 4059 1110 4130 poenitentiae
1128 4058 1403 4121 fructum,
1421 4065 1482 4112 ut
1506 4057 1777 4112 Ecclesiae

155 4157 248 4202 tua:
272 4158 480 4205 sanctas
506 4167 545 4205 a
578 4149 748 4220 cujus
794 4147 1124 4216 integritate
1150 4144 1416 4201 deviarat
1447 4145 1771 4216 peccando,

157 4234 524 4293 admissorum
539 4237 830 4293 reddatur
849 4234 1126 4290 innoxius
1153 4236 1387 4290 veniam
1406 4249 1776 4306 consequen-

154 4322 233 4377 do.
261 4325 359 4380 Per
392 4326 718 4381 Dominum
755 4328 1036 4379 nostrum.

213 4410 331 4466 Item
350 4414 509 4469 Atia.
540 4444 611 4453 —
640 4416 814 4477 Deus,
831 4409 1083 4466 humani
1110 4410 1341 4479 generis
1354 4409 1777 4478 benignissime

160 4500 478 4571 conditor,et
511 4499 1061 4557 misericordissime
1088 4498 1565 4570 reformator,qui
1592 4498 1781 4553 homi-

163 4601 273 4641 nem
303 4590 518 4645 invidia
550 4588 775 4644 diaboli
804 4588 880 4642 ab
912 4587 1233 4641 aeternitate
1274 4586 1569 4656 dejectum
1625 4586 1777 4641 unici

164 4673 262 4729 Filii
289 4680 361 4731 tui
386 4677 685 4745 sanguine
716 4674 1037 4743 redemisti,
1056 4674 1459 4731 viviﬁcahunc
1480 4675 1781 4744 famulum,

164 4778 315 4833 quem
341 4767 794 4821 tibinullatenus
814 4765 961 4819 mori
985 4763 1310 4828 desideras,
1336 4766 1504 4836 etqui
1534 4781 1652 4818 non
1686 4764 1784 4818 de-

165 4852 418 4927 relinquis
443 4857 713 4920 devium,
736 4869 974 4908 assume
1002 4858 1342 4907 correctum.
1371 4854 1642 4908 Moveant
1672 4853 1786 4924 pie-

168 5046 350 5122 brorum
382 5048 845 5122 pmnitentialium
873 5046 1107 5122 copiam,
1129 5044 1355 5122 “quibus
1384 5051 1434 5099 et
1465 5045 1789 5122 _confessio~

172 5120 239 5172 nis
297 5129 345 5174 et
382 5115 777 5177 'absolutionis
840 5115 1194 5172 sacerdotalis
1241 5115 1375 5169 ritus
1447 5116 1786 5184 docerentur,

174 5191 485 5262 probavimus
529 5190 833 5262 praesertim
885 5205 1008 5259 cap.
1067 5188 1153 5262 '24.
1216 5185 1790 5262 Quamplurimosrau-

174 5266 260 5314 tem
302 5258 541 5317 Ordines
562 5264 633 5317 ad
685 5262 928 5314 dandam
996 5258 1375 5328 paenitentiam
1435 5261 1789 5315 reconcilian-

177 5330 351 5403 dosque
402 5334 755 5403 pmnitentes,
808 5337 1051 5403 anostro
1106 5328 1509 5403 D._Edmundo
1556 5331 1793 5386 Mai-tene

178 5400 571 5458 mllectos'libro
599 5405 665 5457 de
699 5401 956 5471 Antiquis
997 5400 1271 5471 Ecclesiae
1297 5400 1509 5467 ritibus,
1554 5403 1795 5457 secunda

180 5482 321 5541 parte,
351 5491 475 5544 cap.
515 5475 571 5535 6,
602 5473 831 5528 articulo
849 5469 916 5544 7’7,
948 5472 1229 5544 consulere
1262 5469 1388 5544 licet
1414 5470 1456 5544 si
1503 5471 1682 5527 libeat.

205 5553 259 5620 ,ι
288 5541 470 5620 Eadem
510 5545 715 5620 _Missa_
753 5543 952 5620 legitur
983 5543 1038 5596 in
1094 5542 1198 5620 Ed.
1270 5541 1546 5620 Pamel.,_
1570 5561 1796 5620 consen-

184 5614 474 5674 tienteCod.
509 5616 650 5688 Reg.
682 5617 778 5679 S.,
811 5614 903 5669 ubi
952 5615 1213 5669 mendosa
1238 5628 1347 5667 non
1392 5620 1475 5668 est.
1504 5614 1657 5672 Edit.
1694 5618 1795 5671 lec-

1878 1812 2023 1863 trum
2045 1808 2268 1864 Jesum.

2124 1924 2300 1980 Missa
2330 1924 2479 1997 (680)
2509 1936 2535 1968 ι
2564 1940 2674 1994 pro
2699 1926 2957 1996 episcopo
2979 1924 3279 1993 defuncto.

1948 2040 2027 2093 Da
2051 2040 2248 2108 nobis,
2278 2040 2537 2104 Domine,
2560 2039 2902 2095 utanimam
2932 2037 3139 2093 famuli
3168 2036 3249 2092 tui
3274 2037 3364 2091 Ill.
3379 2035 3523 2109 epis-

1876 2127 2030 2199 copi,
2063 2144 2242 2200 quam
2272 2129 2347 2183 de
2374 2127 2570 2183 saeculi
2596 2126 2803 2183 educis
2844 2127 3144 2182 laborioso
3173 2124 3519 2192 certamine,

1877 2220 2220 2273 sanctorum
2254 2221 2491 2272 tuorum
2530 2216 2698 2271 ccetui
2730 2215 2955 2271 tribuas
2976 2229 3107 2270 esse
3160 2218 3518 2269 consortem.

1879 2308 1999 2362 Per.

1947 2393 2141 2462 Super
2158 2395 2368 2450 oblata.
2400 2425 2463 2434 -
2489 2393 2696 2448 Annue
2724 2390 2915 2459 nobis,
2948 2391 3287 2457 Domine,ut
3307 2390 3525 2445 animm

1880 2482 2083 2540 famuli
2109 2484 2189 2539 tui
2219 2484 2309 2539 Ill.
2335 2483 2593 2554 episcOpi
2613 2483 2738 2537 haec
2752 2481 2943 2553 prosit
2957 2480 3197 2549 oblatio,
3217 2496 3399 2552 quam
3417 2480 3526 2534 im-

1880 2572 2187 2637 molando,
2204 2573 2381 2628 totius
2404 2572 2606 2627 mundi
2632 2571 2886 2627 tribuisti
2910 2570 3159 2627 relaxari
3185 2569 3532 2625 delicta.Per

1880 2661 2197 2717 Dominum
2218 2665 2512 2717 nostrum.

1960 2751 2131 2819 Infra
2151 2751 2448 2806 actionem.
2481 2780 2548 2790 —
2577 2751 2735 2805 Hanc
2760 2746 3530 2818 igituroblationem,quam

1886 2840 1982 2895 tibi
1998 2840 2303 2896 offerimus
2316 2854 2423 2910 pro
2441 2837 2997 2894 commemoratione
3011 2834 3397 2907 depositionis
3411 2834 3531 2889 ani-

1885 2946 1994 2985 mas
2022 2928 2230 2984 famuli
2268 2927 2352 2982 tui
2384 2927 2476 2983 Ill.
2512 2926 2795 2998 episcopi,
2844 2936 3209 2996 quaesumus,
3262 2923 3527 2987 Domine,

1886 3024 1947 3073 ut
1976 3018 2242 3089 placatus
2272 3016 2527 3088 accipias
2556 3032 2567 3069 :
2602 3021 2656 3071 et
2708 3030 2888 3086 quem
2944 3014 2999 3068 in
3032 3028 3273 3085 corpore
3322 3010 3533 3067 consti-

1806 3094 1851 3153 Ο
1886 3111 2079 3163 tutum
2112 3106 2272 3160 sedis
2305 3103 2642 3177 apostolicae
2697 3101 3097 3172 gubernaculo
3131 3116 3390 3170 praeesse
3432 3115 3529 3155 vo-

1884 3195 2061 3261 luisti,
2093 3196 2150 3251 in
2166 3194 2487 3249 electorum
2503 3197 2736 3248 tuorum
2772 3207 3022 3247 numero
3037 3189 3327 3246 constitue
3342 3203 3533 3245 sacer-

1884 3283 2086 3340 dotum
2112 3300 2125 3350 ;
2159 3282 2399 3353 diesque
2429 3287 2686 3337 nostros.

1954 3372 2136 3444 Super
2150 3372 2446 3443 dz'ptycha.
2459 3402 2520 3410 —
2538 3370 2823 3425 Memento
2846 3368 3320 3435 etiam,Domiue,
3344 3367 3533 3422 famu-

1883 3461 2076 3518 lorum
2113 3465 2368 3516 tuorum.
2394 3460 2516 3523 Ill.,
2549 3458 2653 3530 qui
2694 3474 2802 3514 nos
2828 3461 3275 3530 praecesserunt,
3309 3462 3363 3511 et
3392 3455 3530 3510 dor-

1884 3552 2078 3606 miunt
2100 3552 2157 3604 in
2182 3564 2394 3604 somno
2420 3547 2606 3619 pacis.

1959 3639 2105 3711 (68f)
2139 3638 2276 3692 Item
2316 3643 2445 3705 post
2464 3636 2785 3691 lectionem.
2805 3665 2868 3674 —
2895 3631 3381 3696 lstis,Domine,et
3408 3647 3536 3686 om-

1885 3729 2064 3785 nibus
2089 3727 2150 3783 in
2181 3726 2407 3782 Christo
2433 3722 3108 3796 quiescentibus,locum
3124 3718 3425 3785 refrigerii,
3451 3717 3534 3771 lu-

1888 3817 1970 3873 cis
1990 3822 2047 3873 et
2061 3815 2225 3885 pacis
2241 3813 2676 3881 indulgentiam
2694 3809 3226 3882 dcprecamur.Per
3238 3807 3532 3862 Christum

1960 3905 2055 3960 Ad
2069 3902 2510 3971 Complendum.
2528 3933 2592 3940 —
2612 3901 2707 3955 His
2722 3898 3533 3969 sacriﬁciis,qusesumns,om-

1889 3993 2155 4065 nipotens
2188 3990 2363 4057 Deus,
2392 3996 2645 4061 purgata
2667 3989 2871 4042 anima
2904 3985 3107 4041 famuli
3132 3986 3213 4041 tui
3262 3984 3351 4039 Ill.
3383 3982 3537 4054 epis-

1886 4081 2019 4152 copi
2045 4080 2120 4135 ad
2146 4078 2567 4148 indulgentiam
2600 4082 2655 4132 et
2684 4076 3055 4145 refrigerium
3108 4073 3533 4144 sempiternum

1885 4169 2189 4243 pervenire
2216 4171 2537 4223 mereatur.

2136 4301 2276 4358 Item
2328 4300 2512 4355 Missa
2552 4314 2662 4369 pro
2703 4298 2954 4369 episcopo
2992 4297 3277 4367 defuncto.

1958 4419 2135 4476 Deus.
2162 4416 2264 4487 qui
2308 4415 2457 4469 inter
2481 4413 2837 4485 apostolicos
2870 4412 3209 4468 sacerdotes
3241 4410 3535 4467 famulum

1891 4512 2059 4562 tuum
2080 4505 2170 4559 Ill.
2202 4504 2553 4574 episcOpum
2599 4502 2824 4557 censeri
2865 4501 3065 4563 fecisti,
3102 4505 3344 4571 praesta,
3379 4514 3539 4571 qua!-

1890 4610 2122 4658 sumus,
2155 4598 2215 4647 ut
2244 4607 2496 4663 quorum
2528 4591 2717 4645 vicem
2741 4590 2984 4658 gerebat
3016 4589 3088 4644 ad
3110 4589 3320 4644 horam
3355 4589 3411 4642 in
3432 4595 3538 4641 ter-

1890 4684 1990 4741 ris.
2028 4697 2231 4737 eorum
2258 4684 2543 4751 perpetuo
2574 4678 3114 4733 consortiolaetetur
3135 4678 3188 4730 in
3214 4677 3536 4733 cmlisPer.

1964 4771 2151 4837 Super
2179 4769 2459 4824 oblata.—~
2484 4770 2614 4822 Haec
2636 4766 3538 4836 oblatio,Domiue,qumsumus,

1895 4861 2159 4915 animam
2190 4856 2396 4912 famuli
2428 4858 2504 4910 tui
2529 4854 2624 4910 Ill.
2646 4853 2913 4926 episcopi
2950 4852 3229 4908 omnibus
3259 4854 3411 4908 vitiis
3439 4852 3542 4906 hu-

1896 5055 1991 5117 tio,
2021 5052 2162 5124 quod
2188 5067 2318 5106 sane
2363 5065 2506 5124 sepe
2540 5047 2852 5124 contingit:
2894 5048 2980 5101 Sic
3012 5046 3065 5101 in
3118 5046 3274 5124 Orat:
3309 5063 3430 5124 quae
3461 5061 3544 5124 se-_-

1898 5116 2096 5194 quitur,
2132 5123 2332 5194 legitur
2352 5116 2744 5194 apudMPamel.
2780 5120 3036 5194 edacem,
3078 5134 3175 5194 pro
3205 5118 3416 5194 cclucis,
3459 5116 3543 5194 vel

1899 5186 2259 5253 eduxislifiit
2292 5186 2454 5247 habet
2485 5190 2622 5244 Cod.
2667 5193 2803 5251 Reg.
2839 5191 2893 5245 S.
2920 5186 3116 5261 Supra.
3150 5189 3201 5242 iu
3236 5190 3385 5244 Orat.
3421 5186 3547 5241 ulti-

1901 5284 1988 5321 ma
2017 5266 2250 5324 admor.
2276 5261 2620 5327 animali-am,
2661 5261 2755 5315 ubi
2780 5261 3068 5327 legitur,ut
3089 5261 3208 5315 sine
3226 5261 3427 5331 quibus
3443 5275 3548 5312 non

1902 5338 2144 5392 habetur
2167 5336 2311 5388 Imm.
2336 5332 2600 5393 cond-ilio,
2631 5331 2919 5386 deficiente
2945 5349 3137 5391 sensu.
3171 5332 3427 5401 scriptum
3462 5335 3548 5383 est

1902 5408 2107 5486 optime
2138 5405 2358 5486 quidem
2396 5423 2408 5457 :
2448 5403 2855 5486 ulnsi‘nequibus
2886 5421 2993 5457 non
3012 5404 3201 5486 alitur
3225 5402 3406 5486 .hum'q
3440 5404 3545 5477 etc.

1905 5471 1964 5535 In
1998 5471 2169 5533 veteri
2198 5478 2438 5531 Sacram.
2484 5473 2603 5531 Gal.
2638 5471 2813 5529 exstat
2870 5490 2976 5528 una
3011 5474 3181 5528 Missa
3224 5472 3273 5524 in
3336 5471 3551 5536 deposi-

1904 5550 2051 5606 tione
2073 5547 2393 5611 sacerdotis,
2430 5552 2482 5601 et
2526 5546 2698 5601 altera
2735 5562 2831 5616 pro
2880 5542 3154 5600 defunctis
3195 5540 3547 5613 quibuslibet.
