4034 6178
1729 76 1747 105 I

449 341 567 404 218

1690 324 1953 390 SANCTl
1994 318 2337 383 GREGORII
2379 314 2617 382 MAGNI
3712 304 3816 369 216

454 486 652 529 mante
687 463 1041 526 conditionis
1070 461 1361 532 absolvat,
1393 478 1519 535 qua:
1538 459 1719 517 totius
1744 455 1954 515 mundi
1972 452 2099 511 tulit
2129 450 2181 513 Α
2211 452 2374 517 stias,
2395 455 2459 506 ut
2488 444 2822 523 pontiﬁcale
2852 441 2948 535 cui
2985 439 3226 496 donasti
3252 437 3538 503 meritum,
3569 435 3742 492 dones
3777 442 3827 493 et

453 562 631 618 etiam
661 556 970 615 immolata
1000 559 1332 627 peccatum.
1376 554 1498 608 Per.

538 648 715 721 216
740 644 1127 716 Prw/alim—
1153 646 1261 699 Ver
1286 643 1533 711 dignum
1562 646 1619 697 et
1639 641 1860 713 justum
1891 640 1997 700 est,
2030 652 2101 691 ae-

457 755 639 813 quum
673 742 729 792 et
759 735 1153 796 salutare,nos
1176 732 1279 788 tibi
1300 747 1538 801 semper
1564 735 1620 786 et
1641 730 1851 801 ubique
1885 726 2105 796 gratias

2210 539 2550 613 praemium.
2587 539 2695 593 Per
2730 531 3063 589 Dominum.

2281 629 2379 683 Ad
2420 624 2857 695 Complendum.
2898 652 2956 661 —
2979 620 3181 673 Preces
3206 619 3461 679 nostras,
3493 629 3830 686 quaesumus,

2286 717 2555 795 Domine,
2571 729 2720 786 quas
2736 711 2795 767 in
2816 708 3020 766 famuli
3039 707 3117 763 tui
3142 705 3238 761 Ill.
3256 704 3520 776 episcopi
3543 701 3833 774 depositio-

457 790 654 897 ἔξει-θ,
685 823 934 880 Domine
965 826 1188 886 sancte,
1244 821 1410 875 Pater
1450 819 1850 890 omnipotens,
1891 820 2109 871 aeterne
2217 821 2290 862 ne
2310 798 3015 871 deferimus,propitiatus
3043 794 3281 858 exaudi,
3310 796 3371 847 ut
3393 790 3496 863 qui
3520 790 3836 846 nominituo

461 915 613 970 Deus
637 931 651 969 :
679 911 908 968 devotis
924 909 1288 965 clementiam
1305 914 1467 963 tuam
1484 906 1781 962 mentibus
1795 905 2111 962 obsecrano

2218 895 2613 951 ministerium
2627 888 2801 945 ﬁdele
2814 885 3089 959 dependit
3100 887 3401 955 ,perpetua
3415 885 3740 936 sanctorum
3758 893 3839 934 so-

461 1009 571 1072 tes,
604 1007 669 1057 ut
702 1000 967 1056 animam
996 999 1089 1053 Ill.
1122 997 1387 1069 episcopi
1419 997 1478 1052 in
1513 996 1833 1051 electorum
1883 995 2113 1050 tibimet
2219 984 2429 1040 cietate
2458 982 2704 1038 laetetur.
2739 979 2843 1033 Pel‘
2868 975 3192 1032 Dominum.

464 1090 816 1161 pontiﬁcum
831 1104 1083 1144 numero
1097 1087 1118 1159 j
1130 1086 1314 1142 ubeas
1328 1085 1648 1141 consistere
1665 1084 2113 1153 gaudentem,ut

465 1180 570 1252 qui
590 1180 687 1235 hic
709 1194 813 1249 pro
840 1184 943 1232 tuo
965 1176 1049 1233 eis
1082 1175 1333 1247 supplex
1367 1173 1741 1229 deserviebat
1766 1173 1957 1237 altari,
1991 1172 2114 1241 glo-

467 1270 628 1326 riosa
652 1267 769 1323 illic
795 1283 932 1322 cum
957 1266 1041 1321 eis
1068 1269 1168 1322 tua
1184 1263 1509 1333 gratuletur
1529 1263 1789 1319 etlaude.
1822 1262 1938 1321 Per
1959 1260 2119 1317 Chri-

472 1364 632 1414 stum
663 1356 984 1413 Dominum
1029 1360 1298 1410 nostrum
1313 1398 1326 1410 .

540 1448 719 1517 Infra
730 1447 1035 1503 actionem.
1060 1476 1122 1484 -—
1138 1445 1301 1500 Hanc
1313 1442 1489 1513 igitur
1502 1442 1865 1499 oblationem
1882 1442 2122 1498 servitu-

474 1538 546 1593 tis
559 1540 983 1606 nostrze,quam
1005 1533 1430 1590 tibioﬂ‘erimus
1444 1548 1553 1604 pro
1565 1531 2122 1587 commemoratione

476 1626 693 1683 animae
711 1623 916 1679 famuli
941 1623 1019 1678 tui
1044 1623 1145 1678 Ill.
1168 1621 1449 1692 episcopi,
1489 1620 2124 1693 quaesumus,Domine

475 1715 747 1787 placatus
760 1712 1039 1785 accipias,
1061 1716 1118 1768 et
1150 1727 1284 1766 cum
1305 1709 1657 1783 praesulibus
1677 1709 2013 1781 apostolicae
2046 1709 2126 1764 di-

478 1803 744 1875 gnitatis,
772 1817 1033 1874 quorum
1073 1805 1160 1856 est
1200 1805 1439 1855 secutus
1464 1798 1750 1863 ofﬁcium,
1780 1799 2001 1855 habere
2033 1798 2126 1854 tri-
2158 1816 2203 1874 Β

476 1891 630 1948 buas
644 1890 1015 1963 sempiternae
1037 1888 1419 1945 beatitudinis
1435 1888 1955 1960 portionem,atque
1978 1888 2130 1943 inter

483 1980 693 2037 summi
724 1978 984 2052 pastoris
1014 1977 1239 2035 efficias
1265 1977 1562 2049 praecipua
1576 1977 1846 2034 membra
1876 1978 2127 2045 censeri;

481 2072 722 2141 diesque
754 2073 1006 2125 nostros.

551 2159 646 2216 Ad
672 2158 1107 2227 Complendum.
1133 2188 1201 2198 —
1225 2159 1305 2213 Da
1328 2156 1873 2222 veniam,Domine,
1902 2172 2133 2229 quaesu-

485 2264 639 2313 mus,
668 2263 775 2318 per
785 2247 909 2301 hac
927 2248 1152 2310 sancta,
1170 2244 1471 2316 mysteria,
1486 2245 1697 2299 animm
1717 2244 1919 2299 famuli
1935 2245 2014 2299 tui
2031 2245 2128 2300 Ill.

487 2336 764 2407 episcopi,
797 2339 861 2389 ut
899 2349 1151 2389 occursu
1181 2349 1302 2388 non
1333 2337 1618 2388 terreatur
1674 2332 1855 2398 malo,
1891 2333 1991 2389 sed
2032 2338 2132 2391 tuo

488 2428 837 2496 protegatur
862 2421 1102 2477 auxilio.
1144 2423 1271 2477 Per.

560 2511 720 2569 Alia.
768 2511 1003 2575 Prtesta,
1037 2525 1400 2581 quaesumus,
1450 2511 1825 2583 omnipotens
1866 2511 2041 2578 Deus,
2074 2516 2135 2568 ut

492 2601 695 2659 anima
722 2599 914 2656 famuli
945 2600 1025 2655 tui
1057 2599 1153 2655 Ill.
1188 2599 1471 2672 episcopi,
1496 2617 1666 2672 quam
1690 2601 1749 2656 in
1767 2601 1881 2657 hoc
1915 2602 2135 2658 saeculo

493 2693 967 2748 commorantem
1006 2689 1190 2745 sacris
1218 2689 1565 2745 muneribus
1595 2689 2134 2758 decorasti,coslesti

492 2779 627 2836 sede
658 2778 921 2851 gloriosa
954 2777 1189 2835 exultet.
1221 2777 1325 2834 Per
1354 2779 1700 2837 Dominum.

775 2886 922 2943 Item
948 2884 1069 2941 alia
1114 2901 1215 2957 pro
1255 2886 1521 2956 episcopo
1550 2886 1845 2955 defuncto.

563 2992 825 3063 Suscipe,
855 2992 1113 3057 Domine,
1146 3006 1506 3064 quaesumus,
1530 3008 1737 3064 preces
1767 2996 2003 3050 nostras
2027 3010 2136 3068 pro

493 3082 696 3138 anima
724 3080 933 3136 famuli
960 3080 1044 3137 tui
1062 3080 1155 3137 Ill.
1173 3080 1457 3152 episcopi,
1475 3088 1538 3135 ut
1558 3080 1618 3136 in
1635 3082 1978 3154 pontificum
2004 3084 2136 3141 tibi-

493 3175 611 3225 met
640 3168 995 3241 placitorum
1020 3173 1310 3241 perpetua
1322 3168 1464 3225 sede
1484 3168 1729 3226 laetetur.
1755 3171 1883 3228 Per.

560 3259 759 3328 Super
770 3257 972 3315 oblata.
988 3289 1055 3299 —
1070 3257 1682 3327 Offerimus,Domine,
1701 3260 1928 3317 hostias
1947 3262 2139 3334 placa-

492 3346 692 3413 tionis,
710 3346 994 3410 etlaudis,
1012 3352 1075 3402 ut
1098 3350 1395 3418 perpetuae
1410 3347 1828 3405 misericordia
1845 3349 2136 3420 largitate,

494 3434 762 3492 animam
794 3432 996 3490 famuli
1012 3434 1094 3490 tui
1123 3434 1223 3490 Ill.
1254 3434 1509 3507 episcopi
1522 3435 1583 3491 in
1611 3435 1762 3493 lucis
1793 3441 2027 3496 aeternas
2058 3439 2142 3497 fa.

494 3523 619 3581 cias
646 3521 887 3592 regione
919 3522 1194 3592 gaudere.

2576 1106 2755 1164 Missa
2789 1117 2891 1175 pro
2929 1102 3188 1171 episcopo
3223 1098 3510 1167 defuncto.

2296 1231 2470 1293 Deus,
2502 1229 2600 1297 qui
2632 1228 2779 1283 inter
2811 1224 3170 1296 apostolicos
3211 1218 3842 1278 sacerdotesfamulum

2225 1325 2393 1376 tuum
2420 1319 2516 1375 Ill.
2537 1316 2887 1391 pontificiuli
2905 1313 3086 1370 fecisti
3114 1312 3399 1381 dignitate
3414 1310 3841 1381 vigere,przesta,

2228 1425 2591 1483 qumsumus,
2608 1412 2673 1463 ut
2686 1421 2891 1462 eorum
2905 1409 2957 1459 et
2974 1407 3258 1475 perpetuo
3271 1406 3622 1471 aggregetur
3637 1413 3849 1454 consor-

2229 1500 2331 1555 tio.
2359 1498 2466 1553 Per
2489 1497 2797 1552 Dominum
2818 1499 3112 1549 nostrum.

2304 1588 2495 1654 Super
2513 1586 2724 1642 oblata.
2763 1616 2828 1623 —
2850 1587 2975 1639 Haec
3007 1579 3248 1644 oblatio,
3281 1576 3527 1634 Domine
3552 1579 3718 1637 Deus,
3744 1572 3851 1628 ani-

2233 1693 2398 1733 mam
2414 1674 2616 1730 famuli
2644 1675 2721 1729 tui
2754 1673 2850 1728 Ill.
2892 1671 2969 1726 ab
2995 1668 3279 1726 omnibus
3294 1666 3852 1721 vitiishumanaacon-

2235 1765 2473 1820 ditionis
2506 1762 2803 1819 absolvat.
2840 1777 2970 1831 quae
3005 1759 3180 1814 totius
3202 1753 3572 1811 munditollit
3596 1749 3856 1807 etiamim-

2236 1853 2463 1910 molata
2490 1856 2824 1925 peccatum.
2851 1850 2971 1904 Per.

2309 1942 2613 2010 Praefatio.
2646 1970 2714 1979 —
2742 1941 2881 1992 Vere
2912 1936 3159 2004 dignum
3191 1939 3246 1990 et
3274 1934 3502 2004 justum
3524 1935 3624 1994 est,
3654 1944 3853 2000 aequum

2240 2035 2294 2087 et
2325 2030 2716 2094 salutare,nos
2734 2026 2836 2082 tibi
2869 2040 3105 2095 semper
3121 2028 3176 2079 et
3208 2022 3431 2093 ubique
3460 2020 3850 2091 gratiasagere,

2240 2120 2487 2175 Domine
2505 2122 2727 2182 sancte,
2752 2118 2916 2171 Pater
2931 2113 3332 2183 omnipotens,
3354 2114 3564 2165 teterne
3582 2107 3725 2160 Deus
3743 2124 3754 2162 :
3772 2104 3851 2157 de-

2243 2207 2392 2265 votis
2423 2205 2797 2261 clementiam
2851 2208 3009 2258 tuam
3054 2200 3351 2256 mentibus
3390 2196 3775 2254 obsecrantes,
3802 2193 3853 2245 ut

2241 2296 2501 2354 animam
2528 2293 2734 2349 famuli
2766 2292 2849 2347 tui
2880 2291 2974 2347 Ill.
3013 2290 3071 2345 in
3107 2289 3427 2344 electorum
3447 2283 3669 2340 tibimet
3685 2278 3853 2352 ponti-

2240 2385 2411 2441 ficum
2436 2399 2686 2439 numero
2718 2381 2982 2451 gaudeas
3012 2378 3337 2434 consistere
3357 2371 3683 2444 gaudendo,
3705 2364 3854 2437 utqui

2242 2477 2345 2530 tuo
2374 2489 2484 2547 pro
2510 2472 2591 2527 eis
2626 2470 2880 2543 supplex
2902 2466 3271 2523 deserviebat
3290 2459 3739 2547 altari,gloriosa
3757 2454 3855 2510 illic

2243 2578 2374 2619 cum
2401 2562 2484 2617 eis
2514 2558 2842 2633 gratuletur
2871 2557 3067 2613 laude.
3106 2556 3213 2611 Per
3248 2555 3544 2610 Christum
3571 2546 3856 2605 Dominum

2244 2656 2537 2707 nostrum.

2314 2741 2412 2796 Ad
2440 2736 2869 2809 Complendum.
2888 2766 2955 2774 —
2981 2732 3335 2804 Deus,cujus
3348 2725 3740 2785 misericordim
3754 2733 3860 2777 non

2245 2834 2331 2887 est
2368 2843 2676 2891 numerus,
2711 2823 2941 2896 suscipe
2975 2839 3080 2894 pro
3108 2820 3314 2878 anima
3346 2817 3551 2877 famuli
3580 2814 3656 2872 tui
3673 2812 3759 2869 Ill.
3774 2823 3861 2864 sa-

2245 2916 2501 2975 cerdotis
2533 2930 2734 2988 preces
2760 2910 3247 2980 nostras,etlucis
3270 2911 3325 2965 ei
3358 2907 3673 2976 laetitiaeque
3692 2896 3857 2988 regio-

2245 3021 2385 3062 nem
2406 3005 2467 3061 in
2496 2986 2839 3060 sanctorum
2872 3007 3111 3056 tuorum
3138 2998 3420 3055 societate
3469 2990 3735 3051 concede.
3764 2986 3859 3041 Per

2247 3096 2567 3151 Dominum
2600 3097 2895 3149 nostrum.

2601 3216 2779 3275 Missa
2797 3230 2906 3285 pro
2922 3212 3213 3271 sacerdote
3232 3211 3537 3282 defuncto.

2320 3341 2555 3405 Praesta,
2586 3354 2950 3412 quaesumus,
2986 3336 3254 3400 Domine,
3288 3339 3358 3390 ut
3386 3332 3587 3390 anima
3609 3320 3859 3383 famuliet

2250 3430 2567 3488 sacerdotis
2580 3429 2663 3485 tui
2686 3428 2959 3499 lll.quam
2978 3427 3035 3480 iu
3066 3425 3180 3481 hoc
3202 3424 3423 3480 saeculo
3435 3417 3857 3478 commorantem

2251 3519 2435 3576 sacris
2461 3517 2809 3573 muneribus
2835 3514 3151 3578 decorasti,
3195 3512 3423 3569 caelesti
3452 3508 3586 3566 sede
3632 3499 3863 3575 gloriosa

564 3611 945 3680 Prae/ntim—
966 3612 1110 3667 Vere
1136 3611 1383 3682 dignum
1402 3615 1457 3669 et
1469 3614 1696 3685 justum
1720 3619 2072 3691 est,aaquum
2087 3621 2143 3675 et
2254 3622 2492 3680 semper
2510 3604 2745 3661 θΧυῙῐεῑο
2778 3604 2882 3658 Ρθι*
2906 3600 3221 3658 Dominum
3237 3644 3252 3659 -

497 3700 774 3766 salutare,
804 3715 916 3756 nos
948 3699 1051 3756 tibi
1078 3715 1314 3773 semper
1353 3707 1409 3758 et
1438 3702 1656 3777 ubique
1696 3707 1917 3776 gratias
1945 3722 2140 3777 agere,

498 3789 749 3846 Domine
777 3793 1000 3854 sancte,
1029 3789 1200 3845 Pater
1227 3790 1629 3862 omnipotens,
1686 3799 1903 3850 aeterne
1945 3795 2097 3851 Deus
2126 3813 2139 3852 :

2321 3672 2515 3765 super
2539 3694 2755 3749 oblata.
2785 3689 3754 3761 ——Suscipe,Domine,quaesumus,
3778 3672 3865 3766 ho:

2257 3786 2405 3841 stias
2438 3799 2545 3855 pro
2572 3781 2775 3836 anima
2802 3778 3001 3835 famuli
3022 3782 3079 3833 et
3108 3777 3439 3833 sacerdotis
3466 3773 3544 3831 tui
3571 3769 3683 3833 Ill.,
3713 3770 3769 3819 ut
3781 3772 3871 3855 pm

494 3877 848 3935 ineffabilem
869 3851 1312 3933 tuaiclementiae
1325 3851 1638 3950 potentiam
1654 3883 1999 3953 suppliciter
2010 3851 2145 3940 exo-
2254 3851 2586 3947 pontificale
2600 3870 2834 3926 donasti
2851 3867 3186 3941 prtﬁmium,
3202 3867 3390 3923 dones
3419 3870 3474 3922 et
3497 3851 3871 3921 meritum-LP"

495 3972 721 4030 rantes,
752 3965 1089 4022 utfamulus
1108 3971 1244 4021 tuus
1264 3966 1712 4035 Ill.,beatorum
1746 3971 2144 4030 tabernaculis

497 4054 872 4118 constitutus,
906 4053 1169 4110 evasisse
1195 4053 1468 4111 carnales
1504 4055 1783 4126 glorietur
1812 4061 2140 4133 angustias,

497 4141 779 4212 diemque
803 4140 1011 4210 judicii
1049 4156 1185 4197 cum
1225 4147 1359 4198 voto
1387 4144 1797 4212 gratulationis
1824 4155 2141 4221 exspectet.

498 4229 601 4284 Per
630 4227 926 4283 Christum
958 4228 1276 4284 Dominum
1320 4236 1608 4288 nostrum.

2257 3964 2599 4018 Dominum.

2329 4053 2380 4121 2
2394 4052 2437 4121 1
2448 4049 2507 4120 8
2534 4050 2628 4104 Ad
2645 4044 3050 4116 Complendum
3063 4088 3076 4101 .
3090 4075 3157 4085 —
3171 4045 3402 4109 Praesta,
3413 4039 3865 4121 qumsumus,otn:

2254 4117 2529 4210 nigotens
2551 4139 2722 4203 Deus,
2752 4139 2815 4190 ut
2840 4134 3106 4190 animam
3131 4131 3335 4188 famuli
3396 4137 3456 4188 et
3483 4119 3783 4210 sacerdotis
3797 4117 3867 4210 illi

2255 4200 2344 4284 Ill.
2364 4227 2423 4281 in
2441 4200 2902 4295 congregatione
2927 4222 3226 4293 justorum
3243 4228 3473 4276 aeternae
3518 4200 3867 4273 beatitudinis

569 4316 744 4386 Infra
775 4318 1154 4373 actionem.—
1180 4318 1343 4374 Hanc
1373 4319 1553 4389 igitur
1573 4319 1959 4390 oblationem,
1979 4342 2144 4397 quam
2248 4315 2467 4387 jubeas
2498 4329 2628 4369 esse
2656 4315 3018 4368 οοῐὶεοΐῒθω·
3058 4309 3167 4365 Per
3203 4310 3545 4365 Dominum-

494 4403 599 4463 tibi
629 4403 936 4461 offerimus
991 4420 1098 4476 pro
1145 4406 1349 4463 anima
1377 4407 1583 4464 famuli
1614 4409 1691 4465 tui
1728 4411 1828 4467 Ill.
1857 4413 2142 4487 episcopi,

497 4493 1210 4565 quassumus,Domine,ut
1239 4495 1506 4567 placatus
1539 4497 1834 4570 accipias;
1863 4506 1918 4557 et
1958 4519 2141 4574 quem

496 4582 612 4639 tuis
626 4581 910 4638 altaribus
923 4583 1140 4639 servire
1159 4583 1516 4654 tribuisti,ad
1533 4586 1839 4644 beatorum
1854 4592 2145 4661 pertinere

493 4671 708 4743 jubeas
736 4671 1036 4727 consortia
1059 4673 1437 4730 sacerdotum
1475 4690 1489 4741 ;
1522 4674 1763 4748 diesque
1802 4685 2063 4737 nostros.

567 4759 667 4816 Ad
683 4758 1177 4831 Complendum.—
1195 4762 1563 4828 Quaesumus,
1578 4766 1953 4837 omnipotens
1969 4770 2141 4840 Deus,

497 4854 559 4906 ut
578 4850 831 4949 animum
859 4850 1071 4907 famuli
1106 4853 1276 4923 217
1307 4852 1385 4949 tui
1400 4852 1492 4909 Ill.
1525 4853 1789 4927 episcopi
1815 4857 1875 4911 in
1902 4874 2143 4930 congre-

494 4939 733 5010 gatione
758 4939 1055 5011 justorum
1095 4946 1330 4996 aeternae
1355 4940 1728 4999 beatitudinis
1746 4944 1965 5015 jubeas
2014 4962 2144 5004 esse

495 5034 857 5085 consortem.
892 5028 1001 5084 Per
1029 5029 1344 5085 Dominum
1367 5035 1663 5087 nostrum.

778 5152 908 5208 Alia
925 5153 1102 5209 Missa
1125 5168 1232 5223 pro
1262 5155 1528 5225 episcopo
1571 5155 1857 5229 defuncto.

565 5257 742 5325 Deus,
767 5257 871 5332 qui
895 5259 1046 5315 inter
1082 5260 1444 5332 apostolicos
1483 5263 1821 5321 sacerdotes
1852 5266 2141 5325 famulum

494 5348 664 5403 tuum
694 5347 797 5403 Ill.
837 5347 1190 5405 sacerdotali
1227 5347 1413 5405 fecisti
1446 5350 1731 5419 dignitate
1756 5354 1970 5425 vigere,
2003 5373 2143 5427 pras-

497 5440 612 5501 sta,
643 5451 1010 5509 quaesumus,
1044 5442 1107 5492 ut
1135 5452 1338 5493 eorum
1374 5453 1609 5511 quoque
1632 5447 1909 5514 perpetuo
1934 5459 2142 5515 aggre-

495 5529 665 5596 getur
690 5525 1008 5582 consortio.
1028 5529 1145 5581 Per.

566 5616 742 5687 Super
756 5616 1033 5672 oblata.—
1058 5615 1324 5687 Suscipe,
1350 5616 1618 5682 Domine,
1643 5634 2006 5689 quaesumus,
2034 5637 2140 5693 pro

493 5703 696 5761 anima
720 5704 926 5785 famuli
957 5704 1041 5762 tui
1056 5705 1157 5761 Ill.
1175 5705 1518 5773 sacerdotis,
1538 5722 1688 5777 quas
1709 5706 2010 5764 efferimus
2029 5708 2137 5767 ho-

2678 4435 2859 4491 Missa
2908 4433 3085 4488 unius
3114 4433 3399 4502 defuncti.

2175 4531 2220 4589 Β
2325 4559 2709 4632 Omnipotens
2752 4556 3102 4628 sempiterna
3118 4558 3291 4621 Deus,
3319 4555 3413 4610 cui
3441 4559 3737 4622 nunquam
3758 4538 3864 4632 sifle

2253 4666 2357 4724 spe
2386 4646 2803 4705 misericordiae
2831 4644 3219 4716 supplicatur,
3241 4642 3559 4716 prepitiare
3588 4634 3775 4693 animae
3797 4622 3864 4679 fa-

2252 4721 2397 4795 muli
2427 4737 2510 4794 tui
2536 4736 2655 4800 Ill.,
2684 4740 2743 4788 ut
2772 4732 2871 4807 qui
2903 4732 2978 4788 de
3005 4734 3117 4787 hac
3143 4733 3258 4787 vita
3287 4733 3345 4787 in
3372 4732 3456 4787 tui
3484 4721 3730 4786 nominis
3751 4725 3867 4770 con-

2251 4826 2505 4883 fessione
2535 4822 2826 4893 discessit,
2865 4826 3213 4876 sanctorum
3232 4825 3469 4876 tuorum
3502 4822 3733 4873 numero
3748 4811 3865 4859 eum

2250 4915 2437 4971 facias
2460 4911 2794 4984 aggregari.
2836 4911 2944 4965 Per
2983 4910 3294 4965 Dominum
3322 4913 3610 4965 nostrum.

2320 4980 2736 5072 Super'oblata.
2762 5031 2818 5041 —
2859 4997 3203 5070 Propitiare,
3227 5010 3590 5069 quaesumus,
3624 4980 3861 5072 Domine:

2249 5069 2469 5150 animae
2499 5088 2707 5147 famuli
2746 5088 2828 5144 tui
2857 5069 3105 5159 Ill.,ipro
3139 5102 3254 5157 qua
3300 5085 3404 5141 tibi
3429 5080 3658 5156 [hostias
3684 5069 3862 5159 P1363:

2249 5178 2429 5237 tionis
2458 5176 2768 5233 offerimus
2803 5192 2817 5241 ;
2845 5179 2903 5230 et
2936 5173 3151 5246 quiain
3184 5173 3448 5239 hacﬁluce
3480 5148 3863 5228 infidemansit

2249 5267 2557 5325 catholica.
2601 5268 2645 5315 ?:.
2671 5265 2687 5294 Γ
2736 5272 2804 5311 ἰε·
2829 5281 2852 5315 -ι
2887 5263 3003 5318 vita
3023 5262 3153 5336 ejus
3182 5261 3485 5318 retributio
3510 5248 3859 5316 condonetur.

2250 5355 2360 5411 Per
2400 5355 2719 5409 Dominum
2755 5355 3046 5407 nostrum.

2320 5445 2419 5501 Ad
2445 5440 2875 5513 Complendum.
2894 5471 2957 5479 —
2986 5439 3228 5503 Praesta,
3254 5449 3606 5510 quaesumus,
3630 5418 3863 5513 omqip‘?’

2249 5538 2377 5592 tens
2407 5508 2940 5595 Deus,—utauimam
2974 5508 3382 5583 famulituilll.
3403 5526 3481 5582 ab
3503 5514 3719 5600 angelis
3738 5508 3865 5600 10.035

2252 5627 2586 5693 susceptam
2614 5619 2670 5673 in
2695 5621 3030 5689 praeparata
3071 5612 3417 5673 habitacula
3452 5603 3663 5670 deduci
3697 5597 3861 5654 facias

2249 5712 2583 5771 beatorum.
2611 5706 2720 5763 Per
2742 5703 3087 5761 Dominum.
