4004 6178
163 298 250 357 M7
1333 291 1552 354 LIBER
1593 290 2273 356 SACRAMENTORUM.
3392 275 3509 337 218

164 426 338 484 lisse.
363 425 417 480 in
444 424 534 482 die
554 423 931 495 depositionis
949 425 1220 497 defuncti,
1253 424 1401 498 (682)
1425 425 1539 482 sive
1565 426 1746 495 tertio,
1781 432 1831 491 Α
1861 427 2238 497 sempiterna,
2271 429 2348 491 ut,
2405 420 2753 479 mortalibus
2795 415 3047 474 nexibus
3085 409 3383 485 expeditas
3407 407 3513 464 lux

589 515 826 585 septimo
853 515 1270 587 trigesimoque.
1862 531 1963 570 eas
1994 520 2214 571 (eterna
2248 514 2569 587 possideat.
2594 512 2727 566 Per.

213 604 415 666 Adesto,
447 604 711 669 Domine,
750 586 1122 676 quaesumus,
1154 586 1276 676 pro
1325 602 1518 659 anima
1545 601 1751 658 famuli
1934 605 2115 674 Super
2137 586 2427 660 oblata.——
2451 601 2680 656 Hostias
2706 598 2828 662 tibi,
2857 594 3125 659 Domine,
3147 588 3358 646 humili
3387 586 3512 676 pla-

157 692 218 748 tui
239 691 334 754 lli,
364 691 526 761 cujus
547 692 605 747 in
636 692 1010 764 depositione
1039 710 1147 749 sua
1168 674 1454 748 ofﬁcium
1486 708 1752 747 comme-
1863 692 2093 748 catione
2119 691 2461 755 deferimus,
2493 696 2552 744 ut
2579 688 2793 742 animae
2857 681 3222 738 famulorum
3267 674 3518 733 famula-

160 780 450 837 morationis
481 780 912 851 impendimus,
943 789 1005 837 ut
1034 781 1084 836 si
1116 781 1318 853 aliqua
1344 782 1396 836 ei
1451 780 1754 837 saecularis
1866 797 2120 854 rumque
2148 778 2384 836 tuarum
2408 794 2513 850 per
2540 778 2669 833 hinc
2698 771 3049 847 placationis
3115 767 3311 825 ofﬁcia
3358 771 3515 820 tuam

160 869 340 924 macula
370 868 622 935 inhtesit,
656 875 760 926 aut
791 871 988 927 vitium
1022 871 1325 927 mundiale
1354 870 1575 936 infecit,
1596 872 1756 925 dono
1867 869 2335 925 misericordiam
2364 869 2815 938 consequantur.
2841 862 2964 915 Per.

161 964 243 1015 tum
267 959 480 1031 pietatis
502 957 828 1031 indulgeas,
859 965 915 1015 et
965 964 1260 1032 extergas.
1313 960 1416 1015 Per
1446 959 1758 1015 Dominum
1939 958 2026 1013 Ad
2060 957 2489 1028 Complendam.
2509 952 2920 1014 —lnveniant,
2940 943 3519 1032 queesumus,Domi-

158 1054 399 1107 nostrum.
1149 1031 1154 1032 ί
1871 1064 1963 1113 ne,
1999 1048 2215 1102 animm
2237 1046 2599 1102 famulorum
2630 1041 3115 1109 famularumque
3156 1040 3391 1089 tuarum
3430 1031 3515 1089 Ill.

209 1139 345 1195 Alia
379 1170 435 1179 —
466 1140 841 1205 Quaesumus,
869 1140 1126 1205 Domine,
1161 1139 1376 1196 famulo
1410 1142 1506 1195 tuo
1524 1137 1639 1206 Ill.,
1664 1153 1763 1191 cu-
1870 1143 1920 1192 et
1948 1138 2065 1201 Ill.,
2093 1136 2487 1206 omniumque
2519 1133 2575 1187 in
2634 1130 2861 1187 Christo
2886 1123 3341 1200 quicscruium,
3375 1120 3522 1175 lucis

151 1230 225 1300 jus
251 1228 474 1293 tertium,
510 1229 910 1301 velseptimum
936 1230 1052 1286 sive
1076 1230 1433 1298 trigesimum
1457 1227 1656 1283 obitus
1671 1223 1761 1279 sui
1873 1224 2497 1285 seternaeconsortium,
2519 1220 2622 1292 qui
2649 1221 2707 1275 in
2722 1217 2984 1274 hacluce
3012 1223 3185 1287 pOrtll
3205 1219 3370 1267 tuum
3387 1223 3522 1265 con-

153 1317 270 1373 diem
295 1332 862 1381 commemoramus.
931 1324 1271 1375 sanctorum
1325 1323 1557 1373 tuorum
1588 1321 1763 1386 atque
1875 1316 2059 1369 secuti
2087 1320 2225 1368 sunt
2251 1316 2718 1368 sacramentum.
2748 1309 2870 1361 Per.

150 1405 413 1461 electorum
438 1405 660 1476 largire
685 1408 1073 1472 consortium,
1106 1412 1164 1463 et
1218 1422 1413 1462 rorem
1458 1405 1508 1460 ei
1538 1402 1763 1479 miseri-
1871 1421 2000 1489 635)
2029 1420 2059 1463 b
2088 1435 2290 1476 map”
2317 1435 2464 1475 mmo
2497 1418 2644 1491 (684)
2672 1433 2739 1471 λι)
2766 1429 2969 1470 δΑεηοε
3014 1427 3178 1467 0mm-
3208 1429 3241 1435 --
3300 1420 3525 1463 ῃκΝΕυι-

149 1495 321 1551 cordia:
343 1500 456 1550 tuas
482 1511 810 1566 perennem
843 1496 1111 1552 infunde.
1136 1497 1262 1551 Per.

199 1583 354 1652 Super
372 1582 580 1639 oblato.
596 1616 667 1625 —
695 1584 1217 1653 Adesto,Domine,
1233 1579 1763 1653 supplicationibus

144 1672 321 1727 nostris
343 1688 357 1737 ;
383 1677 436 1727 et
462 1673 626 1729 hanc
656 1673 1043 1739 oblationem,
1088 1690 1272 1745 quam
1302 1672 1405 1728 tibi
1454 1669 1761 1727 offerimus

2578 1503 2809 1543 CENDOS.

1944 1580 2091 1651 (685)
2124 1580 2375 1649 Majores
2406 1578 2620 1650 gradus
2662 1582 2792 1631 ante
2830 1571 3229 1641 Evangelium,
3270 1566 3529 1622 minores

1872 1684 2001 1725 vero
2025 1675 2153 1737 post
2196 1669 2660 1723 Communionem
2709 1664 3039 1726 dantur;et
3073 1658 3220 1731 (686)
3272 1657 3527 1711 minores

147 1759 206 1815 ob
231 1761 370 1815 diem
401 1761 800 1833 depositionis
831 1764 1068 1826 tertium,
1088 1763 1182 1818 vel
1203 1757 1764 1833 septimum,sioetri—
1796 1779 1840 1838 Β
1873 1758 2102 1828 quidem
2136 1756 2458 1812 Dominicis
2488 1756 2698 1820 diebus,
2727 1754 2777 1808 si
2828 1765 3049 1807 necesse
3090 1755 3192 1812 est,
3222 1745 3373 1817 (687)
3402 1756 3526 1798 ma-

148 1865 424 1917 gemmum,
455 1866 574 1922 pro
600 1852 807 1907 anima
836 1851 1042 1906 famuli
1071 1851 1189 1921 Ill.,
1223 1851 1493 1923 placatus
1525 1864 1594 1904 ac
1610 1847 1765 1903 beni-

148 1952 271 2008 gnus
298 1955 559 1994 assume.

203 2027 481 2095 Praefatio.
512 2058 590 2067 -—
623 2031 764 2083 Vere
786 2028 1034 2098 ilignum
1058 2030 1356 2101 etjustum
1385 2031 1491 2094 est,
1522 2040 1765 2099 aequum

149 2119 192 2168 et
214 2116 469 2181 salutare,
500 2132 623 2172 nos
655 2118 753 2173 tibi
776 2124 1081 2189 semperet
1110 2119 1317 2190 ubique
1331 2116 1552 2187 gratias
1571 2129 1764 2183 agere,

150 2203 354 2259 Domine
381 2212 612 2271 sancte,
644 2208 815 2262 Pater
830 2208 1450 2278 omnipotensmterne
1474 2207 1646 2269 Deus,
1662 2218 1771 2275 per

151 2295 398 2349 Christum
414 2295 746 2351 Dominum
764 2303 1048 2352 nostrum.
1065 2296 1173 2352 Per
1185 2312 1349 2368 quem
1363 2295 1524 2350 salus
1544 2292 1767 2358 mundi,

150 2398 233 2452 per
253 2399 419 2456 quem
434 2386 557 2442 vita
587 2385 926 2451 hominum,
949 2403 1046 2456 per
1057 2402 1235 2458 quem
1254 2385 1612 2440 resurrectio
1627 2399 1767 2437 mor-

150 2475 369 2527 tuorum.
399 2474 505 2529 Per
535 2478 745 2547 ipsum
777 2479 850 2540 te,
879 2475 1146 2536 Domine,
1181 2474 1519 2546 suppliciter
1550 2473 1767 2543 depre-

150 2574 341 2628 camur,
375 2568 435 2617 ut
459 2563 899 2619 animmfamuli
932 2563 1138 2628 tuiIll.,
1159 2564 1330 2635 cujus
1362 2563 1510 2618 diem
1539 2559 1773 2633 deposi-

152 2648 294 2704 tionis
323 2652 563 2707 tertium
594 2653 690 2708 vel
717 2653 1054 2724 septimum,
1077 2653 1193 2708 sive
1223 2651 1591 2721 trigesimum
1627 2649 1771 2705 cele-

150 2735 379 2805 bramus,
408 2740 853 2811 indulgentiam
886 2741 1087 2811 largiri
1114 2741 1376 2811 digneris
1404 2745 1770 2812 perpetuam,

152 2832 291 2897 atque
319 2830 615 2901 contagiis
651 2830 1020 2885 mortalitatis
1045 2838 1283 2886 exutam
1316 2830 1375 2885 in
1408 2835 1628 2885 aeternae
1657 2826 1774 2883 sal-

156 2916 365 2972 vationis
388 2924 631 2990 partem
653 2918 948 2975 restituas.
978 2919 1090 2974 Per
1114 2935 1294 2992 quem
1318 2919 1699 2989 Majestatem.

210 3004 252 3073 2
264 3006 366 3077 19
394 3006 477 3062 Ad
492 3006 940 3077 Complendum.
954 3039 1022 3048 —
1037 3009 1420 3080 Omnipotens
1434 3007 1773 3078 sempiterna

155 3090 277 3147 Deus
296 3094 585 3151 collocare
609 3095 860 3166 dignare
881 3112 1096 3169 corpus
1110 3104 1165 3153 et
1184 3097 1449 3152 animam
1468 3094 1670 3150 famuli
1689 3092 1774 3149 tui

156 3179 425 3253 Ill.,cujus
442 3185 614 3240 diem
636 3184 1022 3256 depositionis
1051 3186 1425 3253 tertium,aut
1454 3184 1768 3255 septimum,

157 3269 224 3324 vel
247 3270 637 3340 trigesimum,
669 3273 1067 3342 celebramus,
1100 3274 1159 3329 in
1217 3273 1447 3329 sinibus
1494 3272 1772 3337 Abrahae,

155 3357 290 3414 lsaac
308 3367 361 3417 et
389 3362 607 3427 Jacob,
649 3364 714 3417 ut
742 3378 882 3418 cum
906 3363 1034 3418 dies
1066 3362 1381 3433 agnitionis
1407 3368 1519 3418 tua:
1538 3360 1775 3427 venerit,

156 3445 279 3502 inter
300 3456 529 3506 sanctos
562 3456 623 3506 et
652 3449 872 3507 electos
903 3456 1037 3508 tuos
1064 3468 1197 3508 eum
1217 3451 1549 3507 resuscitari
1577 3450 1779 3523 praeci-

155 3534 276 3605 pias.
302 3539 403 3594 Per
426 3539 758 3595 Dominum
796 3545 1082 3596 nostrum.

346 3656 529 3713 Missa
560 3656 628 3711 in
648 3657 1043 3713 anniversario
1067 3657 1233 3713 unius
1262 3656 1545 3728 defuncti.

208 3767 425 3836 Praesta,
449 3772 732 3839 Domine,
760 3787 1136 3844 quaesumus,
1154 3777 1212 3829 ut
1243 3773 1445 3829 anima
1472 3771 1678 3827 famuli
1696 3770 1779 3827 tui

156 3856 255 3926 Iit,
271 3862 431 3932 cujus
444 3862 930 3919 anniversarium
944 3862 1332 3935 depositionis
1347 3863 1505 3919 diem
1519 3862 1778 3918 celebra-

158 3963 285 4011 mus,
306 3950 393 4005 his
420 3957 689 4022 purgata
720 3951 1044 4019 sacrificiis,
1079 3951 1512 4021 indulgentiam
1569 3952 1783 4024 pariter

157 4040 202 4089 et
220 4038 467 4110 requiem
497 4040 704 4112 capiat
729 4041 1176 4112 sempiternam.
1208 4040 1313 4096 Per
1332 4041 1670 4096 Dominum.

211 4123 384 4195 Super
407 4128 624 4185 oblata.
648 4159 717 4169 -—
746 4128 1096 4201 Propitiare,
1112 4129 1381 4195 Domine,
1402 4128 1784 4200 supplicatio-

157 4211 305 4267 nibus
326 4217 543 4271 nostris
566 4232 682 4289 pro
695 4217 898 4272 anima
911 4223 966 4272 et
983 4217 1193 4288 Spiritu
1208 4217 1420 4275 famuli
1446 4217 1660 4282 tuiIll.,
1684 4232 1786 4272 cu-

158 4299 235 4369 ius
260 4301 424 4360 hodie
449 4321 659 4361 annua
683 4305 806 4360 dies
836 4306 1046 4376 agitur,
1082 4321 1190 4377 pro
1219 4321 1341 4377 qua
1357 4305 1462 4361 tibi
1490 4305 1783 4361 offerimus

159 4390 485 4448 sacriﬁcium
508 4392 731 4459 laudis,
764 4398 826 4448 ut
851 4409 985 4449 eam
1018 4398 1362 4449 sanctorum
1392 4400 1632 4450 tuorum
1646 4409 1786 4449 con-

161 4478 313 4535 sortio
340 4482 570 4538 sociare
600 4481 886 4550 digneris.
921 4482 1030 4537 Per
1054 4481 1398 4537 Dominum.

218 4568 291 4622 Ad
317 4568 747 4640 Complendum.
769 4600 840 4611 —
869 4571 1133 4640 Suscipe,
1174 4570 1439 4637 Domine,
1460 4585 1661 4641 preces
1687 4586 1786 4625 no-

163 4657 306 4715 stras.
332 4670 438 4728 pro
468 4658 676 4713 anima
689 4658 897 4713 famuli
912 4657 991 4714 tui
1021 4658 1137 4723 NL,
1159 4663 1218 4714 ut
1245 4660 1293 4713 si
1316 4674 1447 4730 qute
1469 4660 1518 4714 ei
1541 4659 1783 4715 maculae

162 4740 222 4796 de
238 4746 467 4800 terrenis
501 4747 790 4816 contagiis
821 4746 1215 4813 adhaeserunt,
1262 4745 1629 4803 remissionis
1670 4754 1784 4804 tute

164 4832 393 4888 remedio
419 4833 762 4889 deleantur.

442 4923 629 4978 Missa
655 4921 1039 4993 plurimorum
1066 4922 1470 4994 delunctorum.

218 5000 547 5074 Propitiare,
562 5021 917 5077 quaesumus,
934 5008 1198 5076 Domine,
1217 5009 1526 5064 animabus
1546 5008 1787 5066 famulo-

164 5104 274 5147 rum
292 5092 775 5168 famularumque
802 5101 1035 5152 tuarum
1052 5097 1145 5152 Ill.
1178 5103 1229 5152 et
1246 5097 1343 5153 Ill.
1376 5097 1787 5155 misericordia

200 5278 246 5345 β
270 5269 390 5325 Hice
419 5271 529 5345 fere
560 5273 764 5329 habent
791 5273 900 5345 duo
924 5273 1137 5330 Theod.
1177 5274 1353 5345 quoad
1420 5274 1661 5340 titulum,
1727 5281 1784 5332 at

168 5337 363 5395 diversa:
386 5343 610 5398 omnino
636 5348 770 5399 sunt
798 5344 1085 5400 Orationes
1106 5351 1159 5400 et.
1185 5337 1456 5401 Praefatio.

223 5408 249 5451 δ
273 5412 462 5493 Eadem
488 5415 745 5493 leguntur
770 5415 1033 5493 deinceps
1064 5416 1119 5470 in
1155 5417 1297 5472 Edit.
1340 5415 1536 5493 _Vat_ic.
1572 5422 1624 5472 et
1648 5420 1785 5474 Gus-

170 5484 332 5556 tanvil.
366 5484 464 5551 Qui
495 5486 651 5556 plura
676 5486 742 5540 de
768 5486 871 5541 hoc
890 5484 1213 5555 argumento
1270 5487 1517 5553 voluerit,
1586 5506 1781 5544 consu-

174 5547 232 5603 ιιι
250 5547 473 5630 nostrum
495 5547 673 5630 fEdm.
705 5547 1039 5630 Martene‘de
1064 5558 1319 5630 Antiquis
1349 5547 1514 5613 Eccl:
1539 5560 1778 5616 Ritibus.

290 5622 335 5689 8,
362 5625 428 5707 de
450 5627 761 5707 [litibu‘s‘ad
790 5622 1226 5707 sacramentum'
1260 5630 1469 5707 ordinis
1529 5638 1779 5707 spectan-

174 5691 311 5760 tibus,
334 5704 438 5757 ut.
478 5700 571 5768 11,
604 5697 691 5755 ubi
716 5698 937 5756 exhibet
959 5700 1030 5755 23
1052 5700 1273 5757 ordines
1303 5716 1371 5756 ex
1416 5691 1574 5758 libris
1632 5718 1771 5763 mss.

1868 1849 2026 1918 jores
2054 1862 2187 1903 vero
2215 1850 2275 1902 in
2300 1845 2559 1901 Sabbatis
2589 1842 2874 1899 duodecim
2927 1839 3230 1896 lectionum
3261 1850 3359 1906 per
3381 1848 3525 1904 qua-

1877 1942 2013 1992 tuor
2043 1943 2303 2005 tempora
2333 1934 2756 1991 tantummodo.

2388 2024 2699 2081 Ordinatio
2719 2030 2743 2057 °
2762 2018 3009 2076 ostiarii.

1949 2114 2100 2187 (688)
2128 2113 2408 2170 Ostiarius
2430 2128 2552 2167 cum
2591 2111 2921 2171 ordinatur,
2941 2112 3238 2178 postquam
3269 2104 3419 2173 (689)
3453 2102 3526 2157 ab

1878 2205 2285 2261 archidiacono
2312 2203 2635 2258 instructus
2661 2200 2840 2271 fuerit
2869 2196 3123 2269 qualiter
3146 2195 3209 2249 in
3230 2193 3393 2248 domo
3424 2190 3528 2245 Dei

1883 2295 1934 2363 2
1944 2294 2061 2364 20
2074 2291 2267 2347 debeat
2277 2289 2627 2352 conversari,
2643 2289 2719 2343 ad
2728 2285 3128 2357 suggestionem
3141 2279 3531 2338 archidiaconi

1883 2381 2031 2455 (690)
2072 2384 2274 2437 tradat
2313 2380 2363 2437 ei
2377 2379 2663 2451 episcopus
2684 2379 2873 2433 claves
2894 2374 3162 2441 ecclesiae,
3183 2372 3415 2427 dicens:
3438 2369 3532 2423 Sic

1883 2486 2009 2542 age,
2041 2469 2215 2542 quasi
2244 2468 2576 2523 redditurus
2610 2466 2728 2521 Deo
2749 2465 3037 2519 rationem
3085 2476 3194 2533 pro
3217 2460 3308 2515 his
3356 2458 3533 2513 rebus

1883 2575 2013 2631 quae
2035 2559 2158 2614 istis
2190 2557 2460 2613 clavibus
2490 2554 2896 2611 recluduntur.
2928 2553 3075 2624 (691)
3106 2551 3183 2606 Et
3235 2547 3431 2604 tradat
3479 2546 3536 2601 ei

1882 2647 2162 2704 diaconus
2187 2647 2403 2703 ostium
2430 2646 2695 2701 ecclesiae.

1954 2736 2235 2807 Praefatio
2260 2735 2509 2791 ostiarii.
2537 2731 2771 2803 —(692)
2807 2733 2990 2786 Deum
3021 2729 3253 2785 Patrem
3280 2724 3535 2796 omnipo-

1883 2830 2102 2882 tentem
2137 2822 2479 2896 suppliciter
2506 2822 2916 2893 deprecemur,
2943 2823 3007 2873 ut
3050 2817 3204 2872 hunc
3246 2812 3533 2869 famulum

1885 2930 2065 2970 suum
2100 2914 2195 2968 Ill.
2228 2911 2574 2967 benedicere
2606 2909 2899 2980 dignetur,
2933 2921 3111 2979 quem
3162 2905 3220 2959 in
3269 2900 3531 2958 ofﬁcium

1884 3002 2108 3059 ostiarii
2139 2999 2351 3071 eligere
2382 2999 2658 3069 dignatus
2687 3002 2793 3061 est,
2831 3004 2891 3050 ut
2912 2995 2985 3050 sit
3009 2994 3061 3049 ei
3083 2990 3535 3048 ﬁdelissimacu-

1885 3109 1951 3148 ra
1978 3093 2033 3147 in
2065 3089 2272 3146 diebus
2298 3104 2366 3144 ac
2398 3087 2690 3157 noctibus,
2717 3086 2865 3157 (693)
2897 3085 2969 3140 ad
2983 3081 3419 3138 distinctionem
3434 3078 3534 3133 ho-

1886 3197 2089 3237 rarum
2118 3183 2411 3235 certarum
2426 3174 2908 3233 adinvocandum
2936 3186 3146 3227 nomen
3172 3167 3537 3235 Domini,ad-

1882 3272 2128 3342 juvante
2162 3268 2412 3324 Domino
2444 3262 3056 3325 nostroJesuChristo,
3080 3260 3174 3331 qui
3207 3274 3344 3313 cum
3376 3255 3538 3311 eovi-

1889 3359 1967 3416 vit
1997 3364 2053 3415 et
2077 3362 2278 3428 regnat
2309 3359 2458 3412 Deus
2484 3355 2543 3410 in
2560 3353 2779 3409 unitate
2799 3347 3263 3423 Spiritussancti,
3295 3361 3539 3419 perom-

1887 3450 1988 3506 nia
2017 3446 2237 3505 saecula
2268 3444 2645 3501 saeculorum.
2681 3448 2887 3497 Amen.

1959 3538 2106 3610 (69's)
2134 3533 2462 3593 Benedictio
2478 3531 2758 3603 ejusdem.
2786 3561 2855 3571 —
2880 3528 3128 3584 Domine
3148 3527 3542 3591 sancte,Pater

1889 3627 2284 3698 omnipotens,
2300 3626 2511 3678 aeterne
2542 3623 2717 3684 Deus,
2734 3617 3079 3674 benedicere
3102 3613 3364 3683 digneris
3385 3614 3542 3668 hunc

1862 3706 2185 3774 famulum
2217 3717 2408 3779 tuum,
2436 3711 2536 3767 Ill.
2570 3709 2897 3774 ostiarium,
2952 3712 3012 3762 ut
3070 3707 3221 3762 inter
3246 3703 3539 3776 janitores

1889 3804 2158 3862 Ecclesiae
2185 3803 2331 3869 (695)
2360 3805 2527 3872 paret
2552 3797 2863 3871 obsequia,
2892 3801 2946 3852 et
2980 3796 3131 3851 inter
3156 3794 3373 3849 electos
3405 3798 3538 3848 tuos

1891 3898 2119 3968 partem
2148 3896 2260 3947 tum
2293 3893 2590 3947 mereatur
2619 3888 2838 3944 habere
2870 3883 3174 3940 mercedis.
3209 3884 3313 3938 Per
3342 3881 3542 3937 Domi-

1890 3999 2037 4039 num
2070 3986 2351 4038 nostrum.

2424 4093 2723 4151 Ordinatio
2766 4091 3003 4149 lectoris.

1964 4214 2109 4283 (696)
2138 4214 2341 4269 Lector
2369 4225 2500 4267 cum
2532 4209 2871 4270 ordinatur,
2897 4208 3092 4277 faciat
3150 4205 3297 4277 (697)
3338 4205 3409 4261 de
3434 4204 3540 4260 illo

1893 4302 2125 4360 verbum
2141 4302 2429 4373 episcopus
2458 4299 2539 4355 ad
2560 4298 2797 4366 plebem,
2827 4296 3095 4352 indicum
3123 4297 3248 4366 ejus
3271 4294 3438 4363 ﬁdem
3474 4308 3543 4349 ac

1893 4393 2094 4458 vitam,
2124 4397 2292 4461 atque
2306 4390 2638 4460 ingenium;
2673 4393 2794 4457 post
2828 4385 2972 4450 haec,
3021 4391 3298 4455 spectante
3357 4383 3539 4452 plebe,

1895 4481 2048 4551 (698)
2065 4480 2264 4536 tradat
2289 4479 2343 4534 ei
2370 4477 2642 4543 Codicem,
2661 4476 2733 4533 de
2757 4474 2901 4543 (699)
2927 4489 3033 4546 quo
3056 4475 3308 4530 lecturus
3328 4474 3426 4538 sit,
3458 4472 3545 4527 di-

1894 4584 2025 4627 cens
2066 4587 2081 4623 .'

1963 4658 2114 4723 (700)
2138 4657 2373 4729 Accipe,
2396 4659 2453 4710 et
2482 4658 2608 4711 esto
2628 4653 2793 4709 verbi
2822 4654 2921 4708 Dei
2947 4653 3187 4716 relator,
3210 4650 3541 4720 habiturus,

1895 4748 1943 4803 si
1975 4747 2223 4803 fideliter
2260 4751 2317 4801 et
2369 4745 2581 4800 utiliter
2627 4742 2966 4815 impleveris
3000 4739 3272 4807 ofﬁcium,
3321 4744 3543 4812 partem

1895 4852 2033 4893 cum
2063 4836 2158 4891 his
2198 4834 2303 4907 qui
2329 4833 2583 4890 verbum
2604 4830 3230 4896 Deiministraverunt;
3258 4830 3543 4900 eliguntte

1894 4926 2103 4981 fratres
2129 4925 2212 4979 tui
2242 4928 2305 4979 ut
2336 4923 2416 4978 sis
2445 4922 2626 4977 lector
2653 4921 2711 4976 in
2726 4920 2910 4976 domo
2936 4919 3035 4974 Dei
3049 4917 3155 4982 tui,
3174 4923 3232 4975 et
3248 4933 3541 4987 agnoscas

1895 5014 2157 5070 ofﬁcium
2189 5018 2381 5080 tuum,
2404 5016 2459 5066 et
2484 5010 2724 5082 impleas
2766 5009 2909 5065 illud
2937 5026 2956 5080 ;
2988 5012 3206 5081 potens
3236 5012 3328 5064 est
3382 5007 3541 5062 enim

1892 5104 2045 5159 Deus
2074 5106 2139 5156 ut
2167 5104 2378 5170 augeat
2403 5097 2509 5155 tibi
2539 5098 2815 5171 gratiam.

1890 5278 2235 5349 potissimum
2295 5279 2636 5349 exerceptos,
2718 5274 2944 5349 quibus_
2986 5274 3215 5349 docetur
3271 5272 3540 5349 quomodo

1891 5343 2146 5407 Ecclesiae
2169 5348 2403 5406 ministri
2428 5343 2749 5419 ordinentur
2801 5345 2945 5419 apud
2986 5346 3229 5419 Latinos,
3297 5343 3537 5419 Graecos,

1891 5421 2206 5493 Maronitas,
2255 5424 2421 5493 Syros
2482 5416 2860 5493 Nestorianos',
2930 5419 3098 5489 Syros
3162 5416 3458 5479 Jacobitas,
3487 5418 3540 5467 et

1894 5489 2385 5560 Eutychianosfac
2413 5489 2670 5560 Cophtas.

1963 5552 2162 5617 C'Pene
2198 5552 2310 5619 huic
2336 5552 2517 5618 omnia
2561 5564 2781 5616 exstant
2835 5560 2889 5614 in
2942 5559 3115 5632 primo
3136 5556 3420 5632 _Theod.,-
3447 5553 3541 5632 ubi

1893 5634 2115 5690 mutilus
2153 5652 2258 5689 non
2308 5642 2392 5690 est
2426 5654 2438 5701 ;
2469 5632 2670 5702 legitur
2736 5639 2918 5687 tamen
2943 5626 3034 5686 'in
3098 5626 3295 5702 plurali
3328 5643 3343 5694 ;
3379 5626 3540 5683 Ordo

1894 5705 2188 5772 lectorum,
2220 5708 2672 5770 exorcistarum,
2699 5709 2805 5758 etc.
