4004 6178
439 287 554 348 227

1673 281 1936 344 SANCTI
1977 277 2333 344 GREGORII
2375 279 2611 344 MAGNI

3735 287 3856 348 228

438 433 642 475 amare
671 415 864 472 ﬂentis
888 411 1188 487 lacrymas
1215 413 1541 486 respexisti,
1573 415 1676 486 qui
1702 414 1994 470 latronem
2027 414 2086 469 in
2119 418 2169 477 Α
2199 415 2526 485 accingere,
2559 415 2917 488 lumbosque
2936 429 3098 470 meos
3113 413 3312 470 balteo
3332 415 3412 470 tui
3435 417 3661 473 amoris
3676 416 3856 474 ambi-

438 506 627 563 crucis
658 503 928 577 patibulo
962 503 1103 559 tanti
1145 503 1417 559 facinoris
1465 519 1632 558 reum
1664 503 1868 560 divina
1898 502 2088 573 gratia

437 593 760 657 illustrasti,
785 591 878 646 cui
914 609 1051 646 mox
1085 591 1338 648 obtinuit
1401 591 1696 648 confessio
1755 593 1906 663 (792)
1959 607 2088 664 per-

440 683 643 754 spicue
665 681 758 735 Dei
787 679 1020 746 Filium,
1055 678 1206 734 ﬁdes
1260 679 1596 751 pramium,
1629 696 1807 752 pana
1826 682 2086 745 veniam,

437 770 701 827 lamenta
731 768 957 839 gaudia
979 767 1356 839 sempiterna,
1369 768 1519 839 (793)
1545 769 1690 824 dum
1705 769 2012 824 confessor
2027 769 2088 824 in

439 873 636 925 cruce,
668 872 977 930 possessor
1000 856 1216 912 exstitit
1245 856 1502 927 paradisi
1535 861 1670 929 post
1695 872 1954 914 crucem.
1976 857 2092 912 Sed

439 945 580 1020 quia
609 943 790 1001 verba
811 945 984 999 venia
1009 949 1121 998 tua
1137 943 1663 1015 pietatisindigent,
1695 959 1831 1016 qua
1862 945 2090 1014 indigni

440 1034 764 1092 sacerdotis
777 1049 956 1105 opera
968 1048 1089 1088 non
1104 1031 1548 1098 commendant,
1567 1033 1760 1088 saltim
1776 1034 2090 1089 astantium

437 1130 578 1180 vota
609 1123 867 1196 suscipe,
902 1126 964 1177 ut
993 1128 1047 1176 et
1079 1120 1223 1176 mihi
1257 1119 1379 1176 suis
1409 1122 1570 1192 apud
1605 1127 1659 1177 te
1693 1121 1968 1194 precibus
2002 1139 2093 1182 ve-

436 1204 630 1276 niam,
651 1217 708 1266 et
735 1226 942 1266 eorum
974 1209 1500 1264 meritissacriﬁcia
1517 1215 1858 1266 nostrorum
1892 1211 2092 1267 vulne-

436 1319 570 1358 rum
594 1299 911 1356 salubriter
941 1298 1114 1353 nobis
1141 1296 1450 1354 conferant
1470 1298 1853 1364 medicinam,
1874 1301 2091 1372 (794)(11

436 1389 582 1463 quia
609 1388 990 1459 omnipotens
1023 1386 1421 1458 proomnibus
1451 1385 1644 1442 factus
1673 1402 1734 1442 es
1764 1387 1960 1444 hostia
1982 1404 2090 1460 pro

437 1478 717 1550 peccatis,
741 1475 902 1531 adsis
931 1474 1106 1530 nobis
1138 1475 1529 1532 sanctificatio
1575 1475 1634 1530 in
1667 1475 1955 1532 sacriﬁcio
1987 1494 2088 1550 pro

439 1565 689 1635 delictis,
711 1564 954 1631 Christe,
986 1563 1254 1619 Salvator
1287 1563 1515 1630 mundi,
1558 1565 1661 1636 qui
1703 1581 1839 1620 cum
1870 1571 2089 1622 aeterno

440 1656 611 1710 Patre
645 1669 764 1708 una
793 1669 927 1708 cum
965 1653 1182 1724 Spiritu
1211 1659 1436 1718 sancto,
1453 1653 1667 1708 viviset
1690 1669 1900 1724 regnas
1915 1655 2087 1709 Deus.

441 1747 546 1800 Per
583 1743 787 1798 omnia
820 1741 1029 1795 saecula
1058 1741 1437 1796 saculorum.

512 1833 650 1887 Item
669 1829 954 1900 apologia.
982 1860 1052 1869 —
1077 1827 1225 1900 (795)
1247 1830 1394 1884 Ante
1423 1829 1631 1885 oculos
1663 1832 2089 1898 tuos,Domine,

440 1937 577 1978 reus
599 1919 970 1975 conscientia
1002 1917 1163 1972 testis
1185 1917 1433 1972 assisto:
1464 1934 1674 1986 rogare
1704 1918 1952 1986 vix._796)
1987 1936 2090 1976 au-

438 2010 552 2066 deo
582 2007 747 2080 quod
781 2009 1090 2078 impetrare
1123 2005 1301 2077 229
1361 2022 1480 2061 non
1516 2023 1763 2062 mereor.
1831 2007 1913 2063 Tu
1945 2010 2092 2082 (797)

438 2099 598 2154 enim
631 2096 767 2160 scis,
794 2094 1064 2161 Domine,
1094 2096 1303 2150 omnia
1339 2110 1475 2167 qua
1501 2101 1762 2166 aguntur
1794 2095 1853 2150 in
1888 2099 2085 2154 nobis.

436 2187 582 2262 (798)
611 2185 1022 2240 Erubescimus
1050 2183 1319 2238 conﬁteri
1341 2178 1501 2254 quod
1531 2185 1674 2246 (799)
1704 2199 1808 2256 per
1832 2201 1941 2240 nos
1977 2202 2092 2241 non

437 2275 714 2331 timemus
745 2271 888 2338 (800)
914 2272 1242 2328 admittere.
1275 2272 1476 2326 Verbis
1506 2272 1607 2326 tibi
1639 2278 1862 2328 tantum
1911 2274 2092 2330 obse-

434 2365 696 2437 quimur,
711 2362 890 2417 corde
915 2361 1253 2424 mentimur,
1277 2360 1506 2432 etquod
1531 2360 1678 2416 velle
1691 2377 1802 2416 nos
1821 2361 2088 2428 dicimus,

434 2451 586 2508 nolle
613 2449 831 2506 nostris
857 2449 1088 2504 actibus
1116 2447 1540 2520 approbemus.
1571 2450 1718 2514 (801)
1751 2451 1948 2516 Parce,
1985 2455 2090 2507 Do-

436 2556 610 2604 mine,
643 2538 1061 2594 conﬁtentibus
1089 2538 1354 2608 ignosce.
1378 2537 1774 2606 Peccavimus,
1800 2541 2083 2605 miserere,

437 2635 490 2686 te
517 2645 824 2700 rogamus.
857 2625 1138 2698 thuiain
1154 2627 1544 2682 sacramentis
1559 2629 1670 2683 tuis
1690 2645 1856 2684 meus
1876 2646 2086 2686 sensus

437 2718 586 2792 (802)
617 2719 890 2774 inﬁrmus
919 2723 1022 2781 est,
1053 2723 1284 2787 prasta,
1317 2731 1684 2788 quasumus,
1713 2717 1860 2786 (803)
1892 2724 1954 2775 ut
1981 2721 2084 2793 qui

438 2825 511 2864 ex
537 2807 708 2863 nobis
737 2807 864 2861 duri
877 2806 1074 2861 cordis
1101 2805 1283 2860 verba
1312 2807 1888 2878 nonsuscipis,(804)
1913 2826 2011 2880 per
2031 2816 2084 2864 te

438 2898 614 2953 nobis
637 2896 870 2951 veniam
900 2893 1192 2964 largiaris.
1224 2893 1378 2964 (805)
1407 2894 1514 2950 Per
1541 2897 1881 2955 Dominum.

509 2989 641 3042 Item
664 2983 952 3054 apotogia.
968 2983 1198 3055 -—(806)
1221 2982 1836 3056 Conscientiaquidem
1853 2987 2082 3058 trepidi,

432 3077 814 3146 omnipotens
848 3075 1023 3136 Deus,
1051 3073 1126 3126 ad
1141 3071 1326 3126 altare
1349 3077 1504 3126 tuum
1535 3075 2086 3141 accedimiis,sedﬁ-

433 3164 674 3220 duciam
698 3163 772 3218 de
792 3167 905 3217 tua
932 3161 1158 3232 pietatis
1179 3161 1570 3218 misericordia
1594 3163 2087 3221 retinemus.Etli-

429 3259 520 3310 cet
533 3252 611 3308 ad
623 3251 982 3307 celebranda
997 3249 1288 3305 sacriﬁcia
1301 3250 2086 3321 semperinveniamurindi-

427 3341 551 3414 gni.
579 3341 727 3413 (807)
761 3338 865 3394 sed
887 3340 932 3394 si
956 3338 1603 3402 recedimus,veremur
1631 3339 1702 3395 de
1732 3340 2082 3399 inobedien-

429 3431 513 3488 tia
542 3427 946 3486 condemnari.
975 3427 1084 3482 Pro
1111 3427 1394 3498 (808)qua
1419 3432 1473 3481 te
1486 3427 1730 3497 dignare
1745 3446 1852 3486 nos
1867 3432 2082 3503 pietate

425 3524 670 3592 paterna
698 3517 914 3590 placito
925 3517 1091 3571 vultu
1116 3516 1431 3587 respicere,
1452 3523 1506 3571 et
1531 3517 1727 3572 cordis
1743 3523 1926 3576 nostri
1941 3521 2083 3578 inte-

422 3609 590 3666 riora
621 3623 896 3680 purgare.
923 3606 1069 3676 (809)
1099 3607 1164 3660 Et
1192 3605 1240 3660 si
1266 3620 1375 3660 nos
1406 3606 1670 3677 pondere
1699 3616 2082 3679 peccatorum

433 3707 772 3756 nostrorum
805 3713 876 3753 ac
905 3703 1072 3753 reatu
1103 3697 1588 3766 constringimur,
1636 3705 1974 3756 nostrarum
2004 3708 2086 3759 ta-

425 3805 562 3846 men
590 3804 836 3860 precum
869 3787 1117 3842 obtentu
1151 3787 1252 3841 tibi
1281 3791 1416 3850 Sint,
1441 3790 2088 3857 quasumus,Domine,

433 3877 495 3934 in
519 3877 801 3934 omnibus
833 3878 1045 3948 placita
1074 3873 1364 3946 mysteria
1395 3875 1817 3932 consecranda.
1855 3879 1978 3934 Per.

503 3968 644 4022 Item
684 3967 980 4036 apologi‘a.
997 3994 1067 4005 —
1087 3965 1238 4034 (810)
1253 3964 1801 4034 Ignosce,Domine,
1821 3965 2084 4036 ignosce,

433 4057 580 4128 (811)
611 4055 777 4128 quod
808 4055 940 4109 dum
970 4069 1181 4123 rogare
1195 4051 1536 4126 compellor,
1572 4054 1709 4109 dum
1740 4071 2086 4128 perimmun-

429 4144 686 4202 dalabia
711 4158 923 4200 nomen
952 4150 1217 4198 sanctum
1235 4148 1401 4198 tuum
1414 4159 1682 4208 assumo,
1701 4150 1757 4200 et
1783 4145 1936 4218 (812)
1955 4163 2084 4202 cum

435 4233 862 4308 pudendorum
893 4239 1136 4287 actuum
1167 4239 1392 4287 secreta
1443 4232 1752 4298 conﬁteor,
1789 4235 1940 4305 (813)
1970 4253 2084 4292 non

434 4323 630 4379 habeo
657 4321 816 4393 apud
844 4327 899 4378 te
928 4335 1038 4378 nec
1051 4319 1232 4376 verba
1251 4321 1375 4375 sine
1393 4321 1660 4376 crimine.
1683 4324 1760 4377 Tu
1774 4323 1934 4379 enim
1947 4341 2082 4380 con-

431 4411 690 4468 scientia
719 4426 862 4466 mea
874 4409 1117 4466 vulnera
1130 4407 1354 4482 et(811)
1367 4409 1795 4480 cogitationum
1819 4429 2080 4469 mearum

2196 521 2278 571 re,
2313 520 2382 560 ac
2414 521 2582 560 renes
2612 503 2812 560 cordis
2843 503 2960 560 mei
2985 503 3568 575 ignetuaecbaritatis
3597 515 3855 572 urere,ut

2197 609 2306 666 pro
2336 593 2592 665 peccatis
2611 592 2760 650 meis
2789 592 3016 665 possim
3029 593 3468 660 intercedere,et
3484 596 3740 650 astantis
3757 597 3868 668 po-'

2198 681 2311 755 puli
2325 687 2688 754 peccatorum
2701 680 2923 736 veniam
2937 680 3345 752 promereri,ac
3359 681 3639 752 paciﬁcas
3654 682 3857 754 singu-

2197 771 2394 827 lorum
2413 769 2984 834 hostiasimmolare,
3008 785 3102 824 me
3131 785 3367 842 quoque
3398 771 3500 825 tibi
3543 771 3858 828 audaciter

2199 859 2562 915 accedentem
2576 873 2696 913 non
2711 858 2868 913 sinas
2889 855 3202 928 perire,sed
3215 858 3452 930 dignare
3467 857 3663 915 lavare
3680 876 3856 916 orna-

2198 965 2262 1006 re
2277 944 2552 1004 etleniter
2565 947 2875 1016 suscipere.
2896 944 3000 1002 Per
3015 945 3334 1002 Dominum
3350 952 3620 1004 nostrum
3635 949 3854 1006 Jesum.

2269 1037 2302 1092 Ι
2305 1044 2416 1092 tem
2429 1035 2644 1091 alia.—-
2666 1035 2812 1104 (818)
2831 1036 2975 1090 Ante
2987 1035 3353 1105 aterniregis
3368 1035 3576 1092 Christi
3595 1054 3860 1109 prasen-

2200 1126 2332 1182 tiam
2348 1123 3396 1195 nostraindignaacceduntpraconia
3415 1141 3544 1196 qua
3563 1125 3750 1182 valent
3764 1145 3856 1198 po,-

2200 1213 2312 1287 puli
2331 1213 2634 1286 impetrare
2647 1211 2866 1268 delicta.
2886 1212 3034 1284 (819)
3049 1212 3245 1268 Livore
3260 1218 3858 1286 torquetureonscien-

2200 1303 2452 1376 tia,quia
2464 1301 2645 1358 sacris
2660 1303 2944 1374 mysteriis
2955 1300 3273 1357 oﬁ'erendis
3287 1319 3350 1358 se
3363 1301 3569 1374 ingerit
3581 1305 3854 1361 crimino-

2199 1406 2332 1447 sam
2349 1407 2363 1457 ;
2379 1393 2579 1447 etdum
2593 1389 3122 1461 respicitadmissa,
3137 1394 3384 1446 terretur
3395 1390 3508 1446 tuis
3521 1393 3858 1465 conspecti-

2201 1480 2310 1535 bus
2330 1483 2518 1534 astare
2541 1476 2808 1533 confusa.
2837 1477 2950 1534 Sed
2966 1493 3173 1549 quaso
3186 1477 3428 1533 humilis
3451 1482 3764 1552 reus,quia
3775 1481 3856 1537 ad

2199 1572 2254 1622 te
2286 1572 2420 1639 post
2446 1567 2687 1640 lapsum
2703 1565 2882 1621 redeo
2895 1565 3112 1635 devius,
3115 1565 3288 1637 jaceo
3303 1567 3632 1634 saucius,in
3649 1575 3706 1624 te
3722 1569 3858 1624 vilis

2199 1656 2444 1728 respiro,
2477 1655 2624 1710 bone
2648 1653 2896 1720 medice,
2922 1653 3289 1720 vulneratus,
3327 1655 3513 1726 utqui
3553 1656 3858 1714 sacriﬁcia

2199 1743 2486 1801 altaribus
2504 1744 2620 1798 tuis
2633 1743 2858 1798 munda
2877 1741 3075 1798 offerri
3099 1744 3395 1815 pracipis,
3442 1759 3581 1799 cum
3599 1743 3855 1801 otferen-

2203 1835 2333 1890 tium
2351 1833 2556 1887 meritis
2579 1830 2878 1886 sacerdotis
2904 1829 3116 1902 indigni
3129 1830 3282 1886 labia
3293 1831 3500 1902 polluta
3517 1833 3855 1904 sanctiﬁces,

2201 1923 2302 1994 qui
2330 1921 2588 1992 indigere
2622 1935 2704 1974 me
2730 1921 3010 1975 miserum
3044 1923 3167 1984 tua,
3203 1919 3427 1976 Christe
3481 1919 3752 1979 Salvator
3781 1923 3861 1978 in—

2202 2011 2373 2082 clyte,
2398 2009 2801 2065 misericordia
2829 2007 3228 2078 recognoscis.
3247 2008 3521 2074 Quivivis
3539 2017 3857 2082 etregnas.

2275 2099 2454 2170 23o
2476 2100 2614 2153 Item
2643 2099 2762 2153 alia
2791 2102 2851 2152 ιη
2900 2097 3217 2168 festivitate
3239 2101 3588 2156 sanctorum.
3610 2131 3681 2140 —
3701 2103 3858 2172 (820)

2203 2188 2426 2260 Eripiat
2443 2203 2572 2251 nos,
2587 2202 2953 2258 quasumus.
2979 2186 3243 2252 Domine,
3262 2195 3498 2242 tuorum
3513 2187 3859 2260 deprecatio

2201 2281 2568 2341 sanctorum,
2597 2275 2816 2330 etsicut
2837 2290 2940 2346 per
2962 2276 3204 2347 Moysen
3219 2273 3512 2330 famulum
3537 2282 3702 2332 tuum
3720 2293 3858 2350 pec-

2199 2371 2332 2424 cata
2363 2365 2562 2438 populi
2591 2365 2884 2429 dimisisti,
2903 2365 2980 2420 ita
3005 2380 3110 2436 per
3123 2365 3603 2422 intercessionem
3621 2375 3858 2425 sancto-

2197 2472 2331 2512 rum
2353 2460 2592 2510 tuorum
2619 2459 2822 2510 nostra
2833 2452 3103 2509 omnium
3117 2453 3332 2524 jubeas
3347 2453 3602 2511 relaxari
3614 2455 3852 2514 delicta.

2197 2545 2306 2600 Per
2339 2543 2676 2600 Dominum.

2266 2635 2412 2690 Item
2439 2631 2725 2702 apologiw
2749 2629 3100 2702 quotidiana
3129 2630 3441 2687 sacerdotis
3469 2637 3758 2704 propria.
3783 2665 3856 2675 -—

2195 2723 2347 2795 (821)
2377 2734 2402 2763 ι
2433 2721 2717 2778 Mordacis
2747 2719 3130 2774 conscientia
3156 2719 3398 2775 stimulis
3417 2728 3476 2776 et
3503 2721 3858 2778 delictorum

2195 2817 2537 2868 nostrorum
2564 2808 2971 2865 recordatione
2994 2809 3343 2864 commoniti
3379 2811 3546 2882 (822),
3584 2819 3636 2866 te
3659 2812 3859 2868 Deum

2193 2900 2574 2969 indulgentia
2601 2898 3012 2969 deprecamur,
3038 2904 3100 2952 ut
3125 2896 3425 2969 quidquid
3459 2898 3633 2964 dicto,
3668 2899 3854 2968 facto,

2193 2988 2550 3059 cogitatione
2581 2985 2731 3057 (823)
2769 2993 3078 3058 peccatum
3107 2991 3216 3052 est,
3248 3001 3366 3041 sive
3387 2986 3633 3042 lubrica
3652 2991 3857 3044 atatis

2194 3077 2466 3150 impulsu,
2500 3077 2621 3130 sive
2645 3075 2999 3144 ignorantia
3027 3090 3222 3130 errore
3253 3074 3400 3146 (824)
3429 3078 3856 3144 commissum,

2194 3169 2382 3240 pietas
2409 3164 2643 3220 Domini
2667 3163 2853 3218 nostri
2879 3165 3015 3218 Jesu
3047 3163 3261 3220 Christi
3283 3163 3433 3234 (825)
3458 3165 3760 3222 resolvere
3783 3183 3858 3223 ac

2193 3255 2498 3324 indulgere
2525 3253 2826 3323 dignetur.
2864 3249 2996 3306 Per.

2264 3345 2394 3398 Item
2408 3342 2626 3398 alia.—-
2640 3339 2784 3412 (826)
2801 3341 3109 3409 Indignum
3123 3355 3237 3407 me,
3262 3342 3718 3412 Domine,sacris
3734 3344 3860 3400 tuis

2193 3447 2322 3488 esse
2343 3432 2547 3495 fateor,
2579 3429 2676 3500 qui
2706 3429 3034 3484 innumeris
3061 3429 3326 3500 quotidie
3342 3432 3605 3502 peccatis
3623 3431 3856 3490 fuscor.

2193 3523 2346 3595 (82.7)
2374 3519 2520 3586 Quid
2545 3533 2658 3588 ego
2684 3523 2736 3574 te
2766 3517 3004 3573 blandis
3034 3517 3230 3573 verbis
3256 3533 3467 3588 rogare
3524 3535 3854 3591 prasumo,

2195 3627 2370 3683 quem
2396 3607 2688 3679 improbis
2715 3605 3036 3678 sapissime
3075 3605 3240 3689 factis
3271 3606 3509 3663 offendo
3533 3607 3562 3662 ?
3589 3613 3652 3664 tu
3682 3609 3859 3666 enim

2199 3699 2343 3754 mihi
2367 3697 2724 3754 medicinam
2739 3694 3138 3766 (828)ingeris,
3161 3711 3272 3768 ego
3294 3695 3438 3768 (829)
3454 3697 3696 3753 sanitati
3712 3715 3859 3756 mea

2196 3787 2489 3844 contraria
2503 3801 2636 3856 ago.
2657 3787 2866 3854 Legem
2882 3789 3046 3840 tuam
3060 3785 3505 3841 sacrisinditam
3519 3786 3758 3857 paginis
3773 3787 3861 3844 le-

2197 3894 2294 3950 go,
2315 3891 2526 3931 sanam
2543 3889 2679 3929 vero
2691 3874 3071 3945 disciplinam
3093 3872 3298 3929 infelix
3311 3875 3667 3944 negligo.Ad
3683 3882 3858 3932 tuum

2195 3966 2440 4038 quidem
2453 3963 2636 4020 altare
2653 3980 2688 4033 q
2699 3961 2830 4018 uasi
2841 3962 3087 4017 devotus
3102 3963 3342 4028 accedo,
3362 3964 3467 4018 sed
3483 3980 3519 4018 a
3533 3967 3856 4036 praceptis

2195 4055 2310 4110 tuis
2339 4053 2676 4109 contumaci
2706 4053 2880 4106 corde
2909 4051 3059 4123 (830)
3087 4052 3318 4108 recedo.
3379 4055 3465 4108 Da
3500 4067 3642 4123 ergo
3674 4055 3856 4121 mihi,

2195 4143 2459 4214 Domine,
2488 4158 2592 4198 cor
2620 4146 3071 4213 compunctum,
3110 4157 3232 4214 quo
3255 4143 3537 4198 veraciter
3571 4143 3716 4198 odio
3747 4143 3860 4200 ha-

2193 4231 2364 4288 beam
2420 4238 2752 4304 peccatum.
2798 4231 2992 4286 Meum
3021 4237 3130 4300 est,
3167 4231 3214 4284 si
3263 4230 3601 4297 donaveris,
3625 4231 3861 4290 delicta

2189 4320 2408 4377 deﬂere
2442 4337 2456 4386 ;
2487 4325 2658 4376 tuum
2681 4323 2774 4375 est
2801 4318 2980 4376 etiam
2993 4319 3380 4390 (831)nubem
3407 4335 3543 4376 eam
3559 4321 3676 4376 cito
3695 4320 3860 4378 dele-

2187 4427 2271 4482 re,
2290 4415 2350 4466 ut
2375 4413 2526 4480 (832)
2539 4409 2641 4482 qui
2653 4409 2810 4464 hanc
2823 4408 3089 4481 palmam
3104 4408 3406 4464 amiserim
3425 4408 3673 4466 inimico
3686 4408 3857 4466 frau-

428 4499 658 4556 occulta
685 4499 860 4565 nosti,
897 4503 954 4553 et
981 4497 1388 4552 immunditias
1419 4513 1588 4553 meas
1615 4504 1677 4554 tu
1708 4499 1866 4555 solus
1896 4516 2079 4571 agno-
2111 4488 2155 4546 Ι)
2188 4500 2386 4571 dante,
2421 4498 2567 4571 (833)
2596 4497 2674 4554 ad
2690 4497 2922 4553 veniam
2947 4497 3147 4553 saltem
3160 4497 3568 4569 pertineam,te
3599 4499 3859 4556 Domino

425 4589 560 4645 scis.
589 4589 856 4646 Miserere
874 4586 1038 4650 mihi,
1071 4585 1342 4652 Domine,
1375 4585 1653 4642 miserere
1684 4587 1846 4656 mihi,
1910 4591 2080 4662 igno-

422 4693 520 4734 sce
543 4676 808 4747 mysterii
829 4676 910 4731 tui
933 4681 1158 4730 secreta
1180 4675 1471 4745 tractanti,
1503 4691 1614 4732 nec
1642 4677 1952 4747 indignum
1983 4680 2080 4736 mi-

421 4765 742 4822 sericordia
761 4770 866 4820 tua
885 4764 1110 4836 judices
1135 4780 1310 4834 quem
1327 4779 1434 4835 pro
1447 4764 1579 4820 aliis
1601 4781 1813 4836 rogare
1834 4771 2081 4840 permit-

421 4854 516 4920 tis,
541 4860 598 4910 et
627 4854 822 4926 inquo
851 4851 1249 4909 testimonium
1278 4852 1422 4908 boni
1451 4855 1646 4924 operis
1668 4871 1783 4911 non
1799 4859 2079 4927 agnoscis

421 4944 678 5000 oﬁicium
701 4942 913 4998 saltem
943 4942 1407 5013 dispensationis
1438 4942 1674 5000 credita
1687 4961 1801 5001 non
1816 4962 2076 5006 recuses.

421 5034 528 5088 Per
555 5031 704 5104 (815)
727 5030 1038 5086 Dominum
1071 5035 1364 5084 nostrum.

491 5121 635 5176 Item
657 5121 875 5176 alia.-—
893 5118 1039 5190 (816)
1068 5119 1230 5187 Rogo
1252 5125 1323 5185 te,
1339 5118 1492 5173 Deus
1509 5119 1769 5178 Sabaoth
1782 5119 2072 5192 altissime,

421 5214 588 5282 pater
620 5217 840 5276 sancte,
865 5209 1014 5281 (817)
1046 5207 1127 5263 uti
1159 5224 1254 5263 me
1279 5207 1479 5264 tunica
1504 5211 1788 5267 castitatis
1811 5212 2076 5283 digneris

489 5390 516 5422 α
545 5378 772 5454 Legitur
795 5378 850 5454 in
881 5377 1117 5432 laudatis
1162 5376 1317 5454 Edit.
1351 5395 1473 5432 cum
1519 5377 1736 5434 duabus
1795 5386 2072 5454 sequenti-

419 5450 524 5506 bus
544 5451 862 5516 mordacis,
893 5456 999 5504 etc.
1060 5458 1131 5513 ei,
1198 5451 1501 5518 indignum
1566 5467 1676 5514 me,
1741 5459 1843 5507 etc.
1875 5450 2072 5511 'Prior

417 5521 1064 5606 ’theod.exhilt'iete.tiam
1133 5522 1447 5606 hujusinodi
1518 5523 1803 5606 apulogias
1871 5527 2067 5606 partim

2189 4589 2516 4644 miserante.
2547 4587 2698 4658 (834)
2715 4585 2839 4642 Tibi
2853 4587 3012 4642 enim
3031 4587 3146 4642 deo
3159 4588 3448 4643 esthonor
3469 4602 3684 4659 regum
3700 4590 3856 4659 Regi

2187 4683 2536 4736 cunctorum
2566 4692 2670 4748 per
2681 4681 2898 4734 cuncta
2922 4682 3195 4746 regnanti
3223 4675 3441 4732 sacula
3458 4676 3856 4734 saculorum.

2257 4767 2397 4822 Item
2428 4765 2564 4822 aiia.
2599 4795 2667 4804 —
2691 4765 2844 4836 (835)
2875 4762 3156 4834 Projectis
3203 4763 3396 4830 nobis,
3455 4764 3735 4832 Domine,
3792 4768 3861 4824 in

2186 4853 2728 4913 condemnationem
2738 4869 2981 4925 operum
2996 4860 3347 4918 nostrorum,
3363 4852 3438 4908 de
3451 4853 3624 4924 capiti
3637 4862 3861 4912 nostro

2187 4961 2434 5018 aquam,
2458 4945 2710 5000 etoculis
2724 4943 2941 4999 nostris
2957 4944 3179 4998 fontem
3198 4941 3441 4997 infunde
3471 4943 3862 5015 lacrymarum

2186 5043 2250 5097 ut
2263 5033 2487 5106 peccati
2503 5033 2770 5088 maculas
2782 5031 3084 5088 abluendo
3105 5031 3337 5086 ultrices
3351 5046 3668 5102 pinnarum
3685 5034 3861 5090 ﬂam-

2185 5139 2316 5180 mas
2345 5122 2590 5177 ﬂetuuin
2623 5121 2880 5176 ubertate
2903 5121 3234 5188 vincamus,
3257 5119 3408 5191 (836)
3440 5123 3586 5192 quia
3604 5121 3712 5177 tibi
3727 5139 3864 5180 non

2184 5218 2324 5270 sunt
2349 5213 2582 5268 occulta
2609 5226 2744 5282 qua
2767 5211 2917 5281 (837)
2947 5210 3227 5278 gerimus.
3259 5211 3340 5265 Sit
3367 5210 3512 5280 (838)
3530 5209 3592 5266 in
3632 5213 3850 5284 nobis,

2185 5382 2448 5447 Domine,
2481 5397 2539 5436 os
2570 5396 2758 5436 meum
2787 5379 2864 5434 ad
2901 5378 3342 5434 benedicendum
3387 5395 3596 5436 nomen
3630 5387 3811 5440 tuum
3845 5402 3864 5449 ;

2180 5455 2500 5524 mundaque
2513 5469 2610 5524 cur
2634 5467 2825 5507 meum
2842 5453 2909 5506 ab
2926 5454 3183 5524 omnibus
3201 5450 3375 5506 variis
3405 5457 3457 5507 et
3476 5455 3863 5524 nequissimi:

2181 5523 2649 5598 cogitationibus,
2669 5533 2743 5598 ut
2765 5523 3038 5598 exaudiri
3059 5537 3284 5580 merear
3305 5523 3623 5594 deprecans
3645 5529 3706 5584 te
3737 5541 3864 5598 pro

421 5593 650 5670 similes,
674 5593 870 5670 partim
892 5591 1156 5670 diversas.
1188 5591 1287 5670 fin
1347 5591 1434 5670 his
1499 5591 1920 5670 iwtandayenit
1943 5616 2066 5670 qua
2173 5591 2386 5669 populo
2412 5611 2574 5668 quem
2601 5595 2845 5666 elegisti.

423 5663 602 5726 adhuc
633 5663 791 5721 nobis
816 5663 1100 5722 familiaris
1121 5669 1224 5732 est,
1247 5663 1440 5738 paucis
1495 5663 1796 5721 immutatis
1821 5685 1834 5726 :
1857 5663 2064 5744 Aperi,
