4004 6178
138 298 234 360 237

1325 290 1536 353 LIBER
1575 287 2246 352 SACRAMENTORUM.

3373 253 3519 353 238'

142 440 235 484 tem
258 425 457 482 caelesti
483 430 753 496 protegas
779 423 1078 493 benignus
1126 423 1367 490 auxilio,
1398 429 1453 478 et
1483 421 1729 478 assidua
1770 428 1819 487 Α
1847 419 1932 473 dis
1961 424 2073 475 tua;
2105 419 2406 477 offerimus
2432 423 2736 495 Majestati,
2769 425 2834 478 ut
2869 435 2974 494 per
3001 423 3133 478 haec
3154 425 3357 480 sancta
3386 439 3494 481 su-

141 517 453 589 protectione
475 529 804 576 conserves,
842 519 900 566 ut
925 512 1029 566 tibi
1069 512 1291 584 jugiter
1317 511 1654 577 fainuletur,
1682 517 1740 565 et

140 605 286 660 nullis
311 602 708 658 tentationibus
739 608 850 656 ate
877 608 1202 672 separetur.
1240 601 1365 655 Per.

190 694 346 762 Super
370 692 570 747 oblata.
607 722 672 730 —
693 690 899 761 Hujus,
930 691 1199 755 Domine,
1237 705 1604 762 quaesumus,
1626 689 1731 744 vir-

135 789 231 837 tute
255 779 498 852 mysterii
524 787 580 835 et
608 795 644 835 a
674 778 927 850 prepriis
952 794 1065 834 nos
1095 779 1326 834 munda
1374 777 1624 842 delictis,
1682 781 1739 833 et

131 871 379 927 famulum
425 875 595 924 tuum
648 867 741 922 Ill.
777 867 858 923 ab
905 867 1190 923 omnibus
1245 866 1487 923 absolve
1537 881 1738 938 pecca-

132 962 205 1014 tis.
228 957 342 1013 Per.

181 1048 252 1102 Ad
279 1045 710 1115 Complendum.
727 1044 1124 1100 —Puriﬁcent
1146 1061 1278 1109 nos,
1302 1044 1737 1116 Domine,quaa-

129 1154 320 1197 sumus,
352 1143 728 1192 sacramenta
757 1152 889 1208 quae
921 1136 1308 1208 sumpsimus,
1365 1142 1421 1191 et
1450 1135 1739 1190 famulum

129 1234 262 1284 tuum
287 1225 371 1280 Ill.
412 1227 490 1279 ab
515 1226 683 1280 omni
713 1223 889 1296 culpa
914 1223 1170 1280 liberum
1201 1240 1332 1279 esse
1359 1225 1643 1289 concede,
1679 1230 1743 1279 ut

129 1318 237 1386 quia
261 1314 630 1370 conscientiae
646 1321 807 1369 reatu
823 1312 1266 1384 constringitur,
1290 1313 1543 1368 cmlestis
1560 1328 1743 1368 reme-

132 1405 191 1460 dii
219 1403 566 1477 plenitudine
598 1401 902 1472 glorietur.
936 1401 1065 1459 Per.

501 1491 680 1547 Missa
704 1490 973 1562 specialis
997 1490 1312 1546 sacerdotis.

180 1583 273 1636 Fac
288 1596 394 1645 me,
427 1579 1064 1652 quaeso,omnipotens
1093 1579 1269 1641 Deus,
1303 1578 1384 1634 ita
1406 1578 1743 1651 justitiain-

127 1670 221 1732 dui,
246 1675 301 1724 ut
327 1670 381 1724 in
413 1675 767 1723 sanctorum
802 1674 1038 1723 tuorum
1065 1683 1300 1723 merear
1347 1667 1742 1724 exsultatione

1846 525 2045 580 pernae
2071 509 2496 567 benedictionis
2527 513 2783 582 gratiam
2815 511 3144 584 obtineant,
3176 517 3234 569 et
3252 512 3496 586 gloriam

1843 603 2077 652 interna:
2097 597 2476 654 beatitudinis
2506 601 2838 672 acquirant.
2869 601 2995 656 Per.

1916 685 2005 738 Ad
2025 685 2456 757 Complendum.
2473 719 2534 728 —
2556 688 2764 743 Divina
2783 689 3037 746 libantes
3048 691 3499 764 mysteria,quaa-

1845 788 2078 838 sumus,
2114 777 2382 840 Domine,
2416 783 2476 833 ut
2503 777 2625 832 haec
2655 777 2943 834 salutaria
2985 785 3362 837 sacramenta
3386 780 3498 837 illis

1845 862 2156 932 proﬁciant
2182 865 2260 920 ad
2292 867 2744 938 prosperitatem
2781 871 2836 922 et
2864 881 3099 939 pacem,
3129 883 3500 942 proquorum

1845 949 2154 1007 dilectione
2185 952 2312 1008 haec
2341 958 2455 1010 tuas
2508 953 2839 1010 obtulimus
2904 954 3214 1026 Majestati.
3250 958 3358 1014 Per
3389 959 3502 1016 Do-

1849 1053 2091 1094 minum.

2215 1130 2398 1186 Missa
2419 1140 2445 1172 ι
2474 1131 2812 1202 quotidiana
2827 1147 2938 1202 pro
2969 1147 3124 1204 rege.

1919 1215 2068 1286 (924)
2101 1217 2475 1284 Quaesumus,
2500 1221 2881 1291 omnipotens
2942 1222 3117 1290 Deus,
3151 1225 3212 1277 ut
3242 1221 3501 1278 famulus

1849 1308 1986 1359 tuus
2014 1304 2137 1371 ιιι.,
2169 1309 2390 1378 quitua
2420 1307 2794 1364 miseratione
2809 1311 3070 1382 suscepit
3099 1311 3266 1382 regni
3287 1311 3502 1383 guber-

1850 1393 2088 1459 nacula,
2121 1394 2395 1451 virtutum
2426 1399 2606 1452 etiam
2636 1398 2787 1470 (925)
2818 1399 3088 1455 omnium
3111 1401 3397 1473 percipiat
3414 1402 3503 1457 in-

1851 1490 2171 1547 crementa,
2205 1484 2425 1556 quibus
2455 1485 2731 1541 decenter
2789 1494 3052 1557 ornatus,
3117 1495 3172 1544 et
3225 1489 3506 1546 vitiorum

1851 1578 2122 1628 monstra
2143 1573 2421 1640 devitare,
2451 1581 2508 1630 et
2529 1575 2608 1631 ad
2631 1580 2708 1644 te,
2741 1576 2844 1647 qui
2871 1577 2984 1647 via,
3015 1577 3235 1634 veritas
3296 1584 3353 1635 et
3392 1579 3510 1637 vita

1851 1673 1938 1724 es,
1971 1663 2268 1730 gratiosus
2294 1663 2491 1720 valeat
2516 1664 2846 1736 pervenire.
2880 1665 3011 1723 Per.

130 1760 294 1822 laetari,
323 1763 644 1829 quatenus,
671 1757 1032 1811 emundatus
1058 1757 1136 1811 ab
1162 1756 1445 1811 omnibus
1463 1756 1741 1812 sordibus
1781 1775 1824 1833 Β
1925 1753 2114 1821 Super
2136 1751 2344 1807 oblata.
2370 1781 2439 1792 -—
2465 1754 2724 1819 Munera,
2793 1754 3066 1820 Domine,
3131 1771 3502 1828 quasumus.

128 1853 470 1918 peccatorum,
486 1844 853 1900 consortium
870 1845 1166 1915 adipiscar
1179 1845 1530 1916 placentium
1551 1860 1743 1900 sacer-

127 1936 314 1997 dotum,
343 1951 552 2005 meque
577 1940 681 1989 tua
715 1932 1122 1988 misericordia
1171 1950 1208 1989 a
1255 1933 1408 1988 vitiis
1465 1934 1743 1989 omnibus

127 2031 261 2078 exuat
287 2039 456 2096 quem
492 2029 696 2078 reatus
711 2022 964 2093 proprias
997 2022 1370 2076 conscientiae
1384 2021 1740 2091 gravat.Per.

181 2109 342 2176 Super
368 2107 593 2162 oblata.
630 2138 697 2147 —
731 2110 901 2170 Deus,
922 2107 1024 2178 qui
1057 2113 1110 2160 te
1143 2107 1742 2177 praecipisapeccato-

128 2197 256 2251 ribus
281 2198 523 2260 exorari,
549 2196 783 2267 tibique
814 2195 1174 2250 sacriﬁcium
1196 2193 1428 2249 contriti
1453 2193 1650 2249 cordis
1664 2193 1748 2248 of-

128 2284 249 2347 ferri.
278 2285 382 2340 hoc
406 2284 793 2345 sacrificium,
824 2283 1262 2354 quodindignis
1293 2283 1572 2337 manibus
1599 2282 1746 2336 meis

129 2373 294 2435 otlero,
314 2379 632 2443 acceptare
662 2372 923 2441 dignare,
954 2378 1014 2425 ut
1042 2378 1097 2425 et
1123 2372 1250 2442 ipse
1296 2372 1399 2426 tibi
1432 2370 1651 2435 hostia,
1693 2376 1751 2426 et

132 2462 435 2515 sacriﬁcium
459 2477 604 2515 esse
626 2475 875 2522 merear,
892 2463 1204 2514 miseratus
1219 2459 1496 2523 concede,
1511 2475 1634 2531 quo
1648 2473 1750 2530 per

133 2550 390 2604 ministerii
420 2549 613 2619 hujus
643 2548 822 2620 239
865 2547 1309 2612 exhibitiouem,
1367 2553 1748 2618 peccatorum

135 2641 355 2692 omnium
391 2638 729 2709 percipiam
763 2638 1194 2692 remissionem.
1231 2639 1354 2691 Per.

184 2725 263 2779 Ad
293 2727 712 2797 Complendum.
744 2755 812 2764 —
842 2725 1029 2795 Hujus
1057 2725 1218 2794 mihi,
1247 2725 1516 2790 Domine,
1557 2739 1752 2780 sacra-

138 2816 280 2868 menti
304 2823 605 2886 perceptio
621 2814 697 2868 sit
726 2819 1100 2884 peccatorum
1113 2813 1408 2879 remissio,
1425 2819 1480 2868 et
1501 2820 1616 2868 tum
1629 2813 1745 2884 pie-

140 2903 237 2954 tatis
260 2910 446 2974 optata
469 2902 846 2975 propitiatio,
881 2907 942 2956 ut
976 2917 1083 2972 per
1107 2901 1258 2968 haec,
1307 2907 1361 2956 te
1419 2901 1749 2974 opitulante

134 2988 306 3045 efﬁciar
331 2993 513 3046 sacris
546 2990 853 3062 mysteriis
889 2989 1129 3059 dignus,
1162 3005 1298 3061 qum
1329 2990 1748 3062 detuapietate

135 3079 346 3134 conﬁsus
375 3080 761 3151 frequentare
790 3094 1076 3150 praesumo
1098 3078 1406 3148 indignus.
1436 3081 1559 3134 Per.

483 3168 670 3224 Missa
698 3183 808 3236 pro
831 3169 1022 3222 salute
1052 3167 1327 3223 vivorum.

185 3257 468 3320 Praetende,
498 3255 780 3319 Domine,
819 3257 1285 3310 misericordiam
1314 3262 1476 3311 tuam
1507 3255 1750 3312 famulis

136 3342 502 3400 etfamulabus
537 3346 666 3400 tuis
720 3344 818 3398 Ill.
874 3347 1170 3399 dexteram
1227 3344 1478 3400 caelestis
1525 3344 1748 3410 auxilii,

139 3436 184 3483 ut
210 3439 252 3486 te
276 3442 386 3489 toto
409 3434 594 3490 corde
632 3435 993 3505 perquirant,
1027 3438 1084 3488 et
1125 3449 1261 3505 qua;
1317 3433 1493 3504 digna
1557 3442 1750 3504 postu-

138 3517 232 3575 lant
252 3530 660 3596 assequamur,
696 3526 759 3576 ut
785 3521 1081 3577 medelam
1125 3529 1288 3577 tuam
1312 3537 1432 3577 non
1461 3522 1655 3578 solum
1690 3522 1752 3577 in

141 3623 356 3679 corpore,
388 3613 491 3667 sed
521 3610 718 3666 etiam
754 3611 813 3664 in
844 3611 1048 3664 anima
1073 3612 1352 3667 sentiant.
1385 3611 1514 3667 Per.

195 3696 348 3766 Super
359 3700 574 3756 oblata.
593 3730 666 3740 —
682 3699 1023 3770 Propitiare,
1042 3699 1288 3753 Domine
1313 3698 1754 3770 supplicationi-

145 3783 228 3838 bus
254 3789 473 3854 nostris,
500 3796 557 3844 et
585 3789 704 3844 has
728 3786 1059 3842 oblationes
1111 3786 1476 3842 famulorum
1505 3787 1751 3843 famula-

145 3887 346 3946 rumque
375 3883 642 3942 tuarum,
671 3891 823 3946 quas
853 3875 959 3931 tibi
986 3891 1092 3946 pro
1123 3875 1527 3931 incolumitate
1553 3891 1752 3931 eorum

145 3960 414 4030 offerimus,
433 3967 736 4033 benignus
751 3979 1018 4029 assume;
1041 3970 1098 4018 et
1117 3971 1176 4018 ut
1198 3963 1419 4018 nullius
1439 3965 1512 4018 sit
1530 3963 1753 4020 irritum

145 4059 323 4115 votum,
345 4055 564 4108 nullius
585 4069 786 4108 vacua
804 4053 1750 4124 postulatio,praasta,quaesumus,

145 4141 330 4208 utquod
342 4140 591 4197 ﬁdeliter
605 4143 852 4212 petimus
863 4139 1179 4195 efﬁcaciter
1189 4155 1623 4212 consequamur.
1635 4145 1750 4197 Per.

197 4228 268 4279 Ad
289 4231 724 4299 Complcndum.
756 4260 821 4269 —
837 4232 919 4284 Da
931 4229 1170 4286 famulis
1195 4229 1606 4284 etfamulabus
1618 4231 1754 4299 tuis,

146 4327 465 4384 quaesumus,
505 4318 787 4387 Domine,
817 4317 878 4372 in
909 4324 1002 4373 tua
1025 4318 1141 4373 ﬁde
1169 4324 1226 4372 et
1255 4317 1586 4374 sinceritate
1612 4333 1758 4374 con-

148 4406 397 4469 stantiam,
416 4415 500 4475 ut,
523 4407 584 4462 in
619 4407 844 4462 charite
856 4411 906 4460 te
935 4406 1136 4462 divina
1157 4406 1397 4472 ﬁrmati,
1439 4406 1612 4462 nullis
1641 4411 1761 4462 ten-

150 4492 418 4550 tationibus
447 4496 529 4552 ab
555 4497 693 4566 ejus
721 4495 1055 4565 integritate
1083 4495 1394 4552 vellantur.
1432 4497 1558 4552 Per.

544 4587 611 4641 Μ
618 4588 732 4640 ίεεα
759 4600 874 4654 pro
895 4584 1310 4656 familiaribus.

203 4665 346 4736 Deus,
373 4674 474 4745 qui
497 4673 813 4730 charitatis
833 4673 996 4728 dona
1028 4689 1131 4744 per
1156 4673 1410 4743 gratiam
1434 4673 1620 4729 sancti
1641 4673 1759 4746 Spi-

154 4757 263 4812 ritus
286 4769 508 4817 tuorum
541 4763 830 4818 cordibus
847 4761 1114 4817 ﬁdelium
1135 4762 1508 4824 infudisti,da
1521 4763 1758 4818 famulis

154 4844 255 4912 tuis,
281 4863 372 4918 pro
397 4851 628 4922 quibus
657 4857 821 4907 tuam
848 4852 1238 4922 deprecamur
1253 4851 1648 4916 clementiam,
1667 4867 1760 4907 sa-

153 4928 293 4990 lutem
321 4942 522 4995 mentis
552 4941 915 5012 etcorporis,
942 4947 1004 4995 ut
1031 4947 1082 4995 te
1111 4946 1233 4995 tota
1266 4941 1472 4996 virtute
1487 4941 1755 5009 diligant,

156 5024 197 5157 Et
216 5037 326 5091 qna:
353 5028 449 5082 tibi
470 5029 690 5100 placita
712 5034 856 5083 sunt
911 5034 1032 5084 tota
1084 5027 1394 5084 dilectione
1423 5029 1753 5101 perﬁciant,

191 5124 256 5157 er.

191 5124 256 5164 er.

207 5198 357 5270 Super
380 5202 582 5261 oblata.
607 5235 679 5246 —
704 5207 994 5276 Miserere,
1053 5221 1420 5278 qumsumus,
1483 5206 1756 5272 Domine,

159 5279 289 5350 Deus,
311 5291 533 5350 famulis
565 5295 704 5361 tuis,
739 5311 842 5367 pro
870 5297 1090 5367 quibus
1125 5295 1760 5352 hocsacriﬁciumlau-

166 5431 307 5506 sancte
323 5428 466 5506 Petro
498 5449 513 5500 ;
543 5435 613 5488 de
643 5441 834 5489 sancto
903 5435 1180 5506 Stephano
1214 5451 1228 5501 ;
1261 5436 1329 5490 de
1402 5441 1592 5490 sancta
1633 5451 1762 5490 cru-

166 5505 571 5578 Feyem.;ﬂissa
615 5523 766 5578 spec.
832 5505 1296 5578 sacerdotis;pro
1357 5507 1532 5562 salute
1608 5505 1760 5563 vivo-

169 5523 226 5557 ις,
253 5523 340 5558 τις,
368 5523 382 5568 ;
408 5523 571 5559 inissa
615 5523 643 5560 s
685 5523 766 5561 ec.
832 5523 1134 5561 saceraous
1161 5523 1174 5572 ;
1201 5525 1231 5578 p

169 5577 272 5633 mm.
292 5586 373 5641 pro
398 5523 779 5648 familiarigus,
805 5593 903 5650 pro
929 5594 1076 5652 rege,
1121 5583 1231 5641 etc.

1775 3133 1822 3192 C

1852 1839 2053 1896 oblata
2079 1839 2406 1908 sanctiﬁca,
2442 1846 2500 1895 ut
2530 1844 2585 1896 et
2614 1840 2786 1896 nobis
2806 1842 3096 1914 Unigeniti
3127 1845 3437 1917 tnicorpns
3454 1851 3512 1902 et

1853 1928 2102 1997 sanguis
2128 1927 2293 1996 ﬁant,
2311 1934 2368 1983 et
2389 1930 2538 2000 (9'26)
2555 1929 2643 1984 ιιι.
2660 1931 2785 2000 regi
2806 1930 2885 1986 ab
2907 1931 3298 1988 obtinendam
3311 1933 3509 1990 animus

1852 2017 2236 2088 corporisque
2258 2017 2531 2081 salutem,
2561 2024 2618 2073 et
2673 2019 2818 2089 (9'27)
2878 2020 3281 2090 peragendum
3309 2023 3512 2093 injun-

1852 2113 2014 2162 ctum
2037 2105 2321 2173 ofﬁcium,
2339 2105 2515 2178 240
2529 2113 2581 2162 te
2595 2106 2902 2177 largiente,
2921 2125 3352 2183 usquequaque
3372 2126 3507 2184 pro-

1854 2196 2079 2250 ﬁciant.
2114 2194 2216 2248 Per
2245 2195 2582 2251 Dominum.

1927 2285 2022 2338 Ad
2052 2283 2480 2350 Complendum.
2513 2315 2580 2324 —
2614 2287 2764 2350 Haec,
2819 2286 3089 2352 Domine,
3142 2286 3295 2358 (928)
3320 2288 3509 2345 oratio
3602 2307 3608 2318 '

1857 2373 2131 2428 salutaris
2155 2372 2446 2427 famulum
2475 2379 2644 2428 tuum
2670 2375 2766 2429 Ill.
2785 2375 2861 2430 ab
2875 2376 3150 2430 omnibus
3170 2382 3402 2432 tueatur
3415 2377 3515 2433 ad-

1858 2460 2062 2526 versis,
2082 2465 2378 2532 quatenus
2391 2467 2446 2516 et
2458 2461 2878 2518 ecclesiasticae
2895 2463 3060 2535 pacis
3073 2464 3342 2521 obtineat
3356 2472 3511 2522 tran-

1857 2549 2228 2620 quillitatem,
2260 2554 2315 2604 et
2344 2553 2482 2622 post
2517 2550 2686 2606 istius
2745 2552 3012 2624 temporis
3073 2553 3396 2610 decursum
3435 2552 3515 2611 ad

1857 2645 2139 2694 aeternam
2164 2639 2468 2710 perveniat
2491 2639 2915 2696 hereditatem.
2941 2641 3070 2698 Per.

2425 2727 2608 2782 Missa
2630 2744 2738 2797 pro
2761 2744 2928 2798 pace.

1930 2815 2104 2881 Deus,
2131 2829 2166 2870 a
2186 2829 2308 2887 quo
2335 2824 2543 2872 sancta
2571 2815 2880 2883 desideria,
2945 2822 3104 2876 recta
3157 2817 3428 2887 consilia,
3460 2824 3518 2876 et

1852 2901 2011 2974 justa
2042 2907 2397 2975 suntopera,
2428 2902 2509 2960 da
2530 2905 2714 2960 servis
2743 2906 2859 2961 tuis
2872 2905 3034 2962 illam
3047 2923 3228 2980 quam
3255 2908 3512 2964 mundus

1857 2990 2002 3046 dare
2026 3006 2142 3046 non
2165 2996 2359 3063 potest
2383 3007 2615 3064 pacem,
2647 2999 2776 3050 utet
2805 2994 2984 3050 corda
3005 3000 3207 3052 nostra
3223 2995 3516 3052 mandatis

1858 3080 1974 3134 tuis
1999 3079 2219 3145 dedita,
2253 3085 2330 3150 et,
2347 3080 2608 3136 hostium
2640 3081 2874 3139 sublata
2892 3082 3233 3152 formidine,
3253 3089 3518 3158 tempora

1861 3167 1974 3223 sint
2003 3174 2104 3223 tua
2135 3168 2491 3240 protectione
2523 3171 2862 3242 tranquilla.
2900 3171 3028 3228 Per.
3539 3224 3548 3232 ,,

1931 3255 2112 3324 Super
2135 3257 2352 3312 oblata.
2385 3288 2448 3296 —
2476 3257 2644 3328 Deus,
2681 3258 2781 3330 qui
2815 3259 3120 3315 credentes
3147 3260 3205 3315 in
3236 3266 3290 3316 te
3327 3276 3517 3333 popu-

1859 3344 1948 3400 los
1979 3344 2156 3400 nullis
2190 3345 2335 3400 sinis
2361 3349 2598 3401 concuti
2618 3346 3226 3419 terroribus,dignare
3245 3354 3516 3420 etpreces

1860 3437 1918 3487 et
1946 3433 2178 3487 Hostias
2206 3432 2417 3488 dicatae
2440 3433 2541 3488 tibi
2565 3435 2756 3504 plebis
2778 3436 3100 3506 suscipere,
3139 3441 3202 3492 ut
3245 3453 3383 3508 pax.
3415 3442 3518 3492 tua

1860 3521 2076 3592 pietate
2128 3536 2430 3582 concessa,
2491 3521 2962 3578 Christianorum
3017 3524 3168 3580 ﬁnes
3221 3526 3299 3580 ab
3348 3523 3516 3580 omni

1861 3609 2030 3664 hoste
2056 3609 2233 3664 faciat
2257 3625 2388 3664 esse
2423 3625 2680 3666 securos.

1931 3696 2032 3751 Ad
2062 3697 2488 3765 Complendum.
2503 3728 2572 3738 —
2591 3697 2764 3764 Deus,
2792 3704 3000 3754 auctor
3012 3699 3173 3770 pacis
3192 3705 3248 3756 et
3270 3705 3512 3764 amator,

1861 3800 2042 3856 quem
2071 3800 2246 3840 nosse
2279 3785 2494 3850 vivere,
2518 3785 2612 3841 cui
2633 3787 2850 3842 servire
2872 3801 3122 3856 regnare
3152 3791 3514 3859 est,protege

1862 3871 1942 3928 ab
1971 3872 2252 3928 omnibus
2275 3872 2820 3944 impugnationibus
2850 3874 3145 3946 supplices
3171 3873 3514 3948 tuos,utqui

1861 3961 1924 4016 in
1949 3961 2292 4016 defensione
2321 3967 2422 4017 tua
2465 3962 2842 4028 conﬁdimus,
2901 3963 3122 4019 nullius
3179 3962 3518 4020 hostilitatis

1865 4066 2033 4105 arma
2068 4051 2404 4105 timeamus.
2434 4050 2562 4105 Per.

2075 4140 2358 4211 Missaque
2381 4155 2492 4210 pro
2528 4155 2875 4212 quacunque
2907 4141 3306 4198 tribulatione.

1936 4227 2298 4284 lneffabilem
2335 4229 2795 4284 misericordiam
2824 4235 3008 4294 tuam,
3038 4230 3310 4298 Domine,
3345 4229 3516 4286 nobis

1867 4319 2186 4376 clementer
2214 4317 2481 4384 ostende,
2510 4323 2573 4372 ut
2604 4319 2901 4374 simulnos
2929 4321 3519 4391 etapeccatisexuas,

1867 4413 1924 4464 et
1949 4423 1985 4462 a
2011 4404 2204 4478 poenis
2237 4422 2389 4478 quas
2420 4420 2528 4478 pro
2547 4405 2640 4461 his
2666 4423 2967 4462 meremur
2995 4407 3234 4480 eripias.
3266 4407 3390 4464 Per.

1789 4490 1834 4548 D
1937 4499 2124 4567 Super
2150 4495 2355 4553 oblata.
2388 4526 2448 4535 —
2482 4494 2750 4551 Puriﬁcet
2799 4512 2929 4561 nos,
2980 4497 3250 4565 Domine,
3291 4513 3519 4570 quaesu-

1869 4602 2018 4654 mus,
2049 4585 2312 4640 muneris
2341 4583 2654 4655 prmsentis
2689 4583 2930 4649 oblatio,
2989 4591 3048 4641 et
3101 4585 3320 4656 dignos
3351 4601 3520 4642 sacra

1867 4672 2316 4748 participatione
2346 4672 2629 4743 perﬁciat.
2671 4675 2801 4727 Per.

1938 4764 2028 4819 Ad
2060 4761 2466 4831 Complendum.
2501 4791 2568 4802 —
2600 4760 2840 4830 Prmsta,
2875 4761 3136 4827 Domine,
3159 4777 3520 4834 quaesumus,

1870 4857 1953 4916 ut,
2008 4851 2253 4907 terrenis
2316 4850 2626 4906 affectibus
2689 4850 2932 4923 expiati,
2993 4851 3071 4906 ad
3099 4852 3336 4924 superni
3406 4852 3525 4923 ple-

1867 4940 2201 4997 nitudinem
2228 4939 2603 5006 sacramenti,
2620 4940 2794 5010 cujus
2820 4939 3144 4996 libavimus
3169 4945 3526 5007 sancta,ten-

1867 5031 2094 5086 damus.
2122 5030 2246 5084 Per.

2376 5116 2554 5172 Missa
2579 5132 2682 5188 pro
2733 5115 2793 5172 in
2801 5117 3006 5186 ﬁrmis.

1939 5206 2330 5279 Omnipotens
2353 5207 2708 5278 sempiterne
2754 5206 2933 5274 Deus,
2961 5203 3122 5261 salus
3147 5209 3371 5262 interna
3400 5221 3524 5264 cre-

1867 5295 2150 5366 dentium,
2179 5295 2395 5352 exaudi
2425 5311 2534 5351 nos
2561 5310 2669 5367 pro
2702 5294 2941 5351 famulis
2971 5295 3084 5350 tuis
3105 5294 3230 5362 NL,
3291 5295 3520 5368 quibus

1913 5449 1966 5520 ,ι
1997 5438 2056 5492 In
2086 5443 2193 5494 vet.
2218 5438 2438 5494 Sacram
2469 5435 2672 5496 Gallic.
2715 5434 2954 5492 habetur
3011 5435 3180 5492 Missa
3205 5452 3309 5508 pro
3361 5437 3530 5506 prin-

1869 5524 2013 5586 cipe.
