4034 6178
446 260 565 325 239
728 254 732 261 ⁴
1070 252 1435 320 APPENDIX
1477 256 1574 319 AD
1609 258 1670 320 S.
1716 250 2063 320 GREGORII
2094 251 2343 319 MAGNI
2381 256 2517 320 LIB.
2562 220 3235 325 SACRAMENTORUM.
3447 205 3453 211 θ
3686 260 3805 337 ito

451 380 880 453 misericordim
908 386 1425 461 tumimploramus
1455 390 1756 456 auxilium,
1788 390 2094 446 utreddita
2127 392 2175 451 A
2207 390 2481 461 periculis
2513 394 2853 459 metuimus,
2889 394 2962 450 de
2992 411 3197 452 eorum
3221 380 3683 468 salute-laetemur,
3720 404 3812 461 Per

449 482 561 539 sibi
591 480 862 546 sanitate,
882 476 1211 547 gratiarum
1237 480 1336 535 tibi
1364 480 1425 535 in
1453 479 1706 536 Ecclesia
1723 484 1822 535 tua
1842 477 2096 536 referant
2210 480 2547 537 Dominum.

447 570 894 628 actionemrPer
925 568 1266 627 Dominum.
2278 567 2363 622 Ad
2391 568 2803 641 Complendum.
2830 602 2901 612 -
2946 573 3121 639 Deus,
3163 573 3507 631 inﬁrmitatis
3566 576 3811 636 humanas

518 669 702 738 Super
727 668 933 726 οωαω,
970 664 1360 731 _Deus,sub
1378 666 1553 737 cujus
1567 665 1807 723 nutibus
1822 664 1956 721 vitm
1986 681 2093 721 no-
2204 656 2504 727 singulare
2547 660 2910 731 prmsidium,
2958 663 3157 719 auxilii
3223 665 3301 719 tui
3346 680 3514 737 super
3568 666 3812 725 inﬁrmos

448 763 585 814 strm
614 763 907 815 momenta
935 756 1270 820 decurrunt,
1298 756 1528 827 suscipe
1560 770 1759 827 preces
1786 760 1842 810 et
1865 753 2093 810 Hostias
2204 758 2713 824 nostroszostende
2743 759 3037 825 virtutem,
3061 765 3141 828 ut,
3173 776 3285 832 ope
3311 761 3814 821 misericorditetum

444 846 809 904 famulorum
840 853 1099 910 tuorum,
1125 860 1232 917 pro
1257 844 2095 917 quibusmgrotantibusmise-
2204 843 2416 915 adjuti,
2450 847 2720 902 Ecclesiae
2759 854 2875 903 tum
2900 855 3118 904 sancte
3144 853 3545 922 repraesentari
3570 868 3812 909 merean-

446 935 709 993 ricordiaa
740 940 858 991 tum
885 933 1279 1007 imploramus
1298 932 1611 997 auxilium,
1648 936 1711 988 ut
1734 933 1809 988 de
1832 947 2093 1004 quorum
2206 939 2317 989 tur.
2345 934 2454 990 Per
2478 935 2796 992 Dominum
2817 937 3097 1008 lnostrum
3112 938 3312 995 Jesum
3336 940 3618 996 Christum
3634 940 3815 998 Filium

2204 1027 2399 1080 tuum.

1774 1359 2519 1483 APPENDIX

604 1612 752 1700 AD
862 1606 1299 1697 LIBRUM
1406 1605 2373 1696 SACRAMENTORUM
2466 1609 2556 1695 S.
2641 1607 3192 1697 GREGORII
3298 1608 3667 1698 MAGNI.

1018 1789 1238 1845 VETUS
1283 1787 1525 1845 MlSSA.
2126 1787 2173 1848 B
2271 1787 2397 1842 Post
2428 1787 2552 1844 haec
2582 1804 2718 1846 vero
2746 1798 2903 1847 ornet
2931 1807 2989 1849 se
3007 1793 3229 1849 exteris
3257 1790 3644 1858 imitamentis,
3662 1797 3711 1847 et
3732 1790 3826 1847 mi-

678 1905 771 1957 Ex
789 1903 979 1955 Codice
1008 1902 1226 1955 Ratoldi
1255 1901 1462 1952 abbatis
1491 1899 1844 1961 Corbeiensie,
2201 1878 2271 1931 ηί

2230 1878 2386 1933 iister
2412 1877 2767 1933 administret
2793 1878 2941 1952 (935)
2983 1896 3147 1953 super
3188 1879 3515 1945 numerate,
3547 1887 3598 1936 et
3627 1879 3777 1936 dicat
3810 1895 3823 1933 :

764 2008 1061 2067 Dominica
1096 2012 1158 2066 in
1189 2009 1281 2065 die
1318 2012 1508 2066 sancto
1529 2008 1784 2066 Pascha.
2199 1965 2668 2067 Jugé’pomine’
2700 1967 3071 2067 bePedicere'
3107 1969 3428 2067 δεδροπάθι
3449 1969 3725 2067 9.me
3747 1983 3767 2024 ’θ

1771 2052 1784 2066 ⁸
2273 2056 2460 2112 Virtus
2490 2072 2733 2113 summa
2763 2059 2938 2128 Deus,
2971 2064 3326 2115 cunctorum
3357 2063 3551 2114 rector
3584 2056 3827 2128 opimus,

516 2135 689 2210 24],
724 2136 914 2193 Primo
938 2141 1251 2207 antequam
1270 2134 1555 2206 episcopus
1581 2133 1813 2191 Missam
1832 2133 2089 2201 celebret,

2268 2146 2349 2201 Tu
2375 2144 2626 2201 bene-dic
2648 2151 2941 2213 nostrum,
2974 2163 3091 2218 quo
3120 2163 3282 2204 nunc
3338 2161 3641 2211 ornamur,
3700 2145 3830 2201 ami-

439 2226 782 2298 ingredietur
808 2223 1069 2296 quoddam
1099 2228 1430 2299 oratorium,
1459 2227 1513 2276 et
1548 2221 1851 2293 secundum
1902 2221 2092 2277 cordis
3614 2223 3786 2299 [ctum
3812 2241 3826 2277 ε

438 2306 917 2385 campum-tionem
945 2310 1179 2382 seipsum
1210 2298 1492 2366 libamine
1512 2309 1783 2365 orationis
1811 2308 1929 2366 Deo
1960 2310 2091 2380 o/fe-
2271 2314 2338 2369 Ut
2362 2311 2583 2369 servire
2610 2312 2715 2369 tibi
2739 2312 3046 2370 valeamus
3075 2314 3253 2372 corde
3285 2314 3533 2386 pudico.

439 2388 554 2460 rat.
585 2402 745 2457 Dicat
774 2400 923 2457 hanc
949 2400 1264 2456 orationem
1293 2415 1315 2452 .·
2269 2402 2380 2456 Per
2400 2402 2615 2458 omnia.

468 2478 475 2481 ’
510 2491 617 2550 Via
647 2490 795 2563 (929)
827 2495 1169 2548 sanctorum
1184 2487 1455 2544 omnium
1482 2487 1876 2557 JesuChriste,
1898 2488 2001 2560 qui
2016 2488 2088 2545 ad
2265 2491 2459 2547 Postea
2490 2491 2785 2548 ministret
2824 2492 2877 2549 ei
2899 2493 3097 2550 albam
3119 2492 3267 2565 (936)
3298 2499 3354 2550 et
3394 2492 3633 2560 dicat,“
3652 2504 3830 2555 supra.

434 2586 492 2638 te
509 2580 870 2637 venientibus
887 2577 1170 2635 claritatis
1182 2576 2089 2648 gaudiumcontulisti,introitum
2266 2581 2539 2636 Vestibus
2567 2580 2851 2651 angelicis
2884 2582 3092 2649 induti,
3123 2585 3244 2639 Rex
3275 2581 3517 2655 pietatis
3542 2601 3557 2651 ;

438 2670 637 2743 templi
658 2668 849 2737 istius,
882 2667 1135 2741 Spiritus
1164 2666 1355 2722 sancti
1382 2666 1512 2722 luce
1539 2665 1844 2737 perfunde,
1871 2665 1976 2738 qui
2000 2665 2085 2722 lo-
2264 2668 2574 2725 Possimus
2605 2668 2793 2725 libare
2817 2669 2897 2742 pii
2925 2669 3182 2727 libamen
3208 2670 3442 2737 odoris,

436 2774 575 2815 cum
587 2759 767 2815 istum
788 2762 1135 2814 sanctorum
1152 2760 1382 2811 tuorum
1398 2760 1730 2826 martyrum
1746 2755 1981 2810 nomine
1996 2753 2087 2810 vel
2263 2757 2532 2813 Clemens
2558 2762 2614 2813 et
2643 2774 2842 2829 pravae
2873 2775 3092 2830 purges
3121 2761 3407 2829 contagia
3441 2761 3678 2816 mentis.

432 2846 727 2918 sanguine
751 2845 1106 2904 consecrasti
1131 2859 1144 2898 :
1169 2849 1404 2916 praesta,
1427 2858 1792 2916 qumsumus,
1811 2842 2087 2915 omnipo-
2261 2852 2343 2903 Ac
2369 2846 2543 2902 citius
2566 2846 2826 2904 delenda
2853 2848 3002 2921 (937)
3044 2847 3207 2905 malm
3228 2849 3521 2919 cantagia
3550 2846 3772 2906 mentis.

435 2943 566 2994 tens
578 2936 753 3003 Deus,
768 2940 1039 2992 utomues
1059 2933 1210 3006 (930)
1230 2934 1324 2989 isti
1344 2931 1773 2988 intercedentes
1785 2932 2085 2989 obtineant
2261 2939 2367 2992 Per
2392 2935 2622 2994 omnia.

433 3026 674 3082 veniam
706 3041 813 3097 pro
836 3023 1181 3089 delictis,ab
1206 3022 1490 3099 omnibus
1521 3021 1846 3076 liberentur
1866 3037 2085 3091 angus-
2261 3024 2457 3095 Postea
2478 3024 2762 3081 ministret
2788 3024 2838 3081 ei
2866 3024 3017 3096 (938)
3063 3025 3394 3097 cingulum,
3464 3030 3521 3085 et
3577 3027 3749 3089 dicat,
3783 3025 3842 3079 ut

434 3106 551 3182 tiis,
578 3110 1203 3186 impetrentquidquid
1218 3111 1487 3183 petierint
1511 3110 2079 3182 pronecessitatibus
2112 3142 2159 3203 ο
2190 3129 2392 3183 supra.

433 3205 575 3277 suis,
603 3203 835 3275 placere
857 3216 1083 3273 semper
1109 3200 1470 3272 praevaleant
1492 3215 1684 3255 coram
1725 3199 1913 3255 oculis
1947 3201 2079 3267 tuis,
2125 3199 2157 3203 ﬁ
2265 3204 2564 3260 Scrutator
2589 3203 2805 3266 cordis,
2840 3206 2896 3258 et
2927 3208 3107 3259 castae
3134 3205 3356 3260 mentis
3388 3210 3651 3271 amator,

432 3298 752 3366 quatenus,
786 3306 893 3363 per
924 3295 979 3346 te
1008 3294 1066 3346 et
1094 3304 1199 3361 per
1224 3294 1499 3344 sanctum
1551 3288 1785 3343 Petrum
1836 3289 2080 3346 militem
2261 3295 2343 3349 Tu
2374 3292 2615 3347 lumbos
2639 3292 2932 3362 praecinge
2950 3308 3139 3355 meos,
3170 3294 3591 3367 Deusintimej
3605 3294 3777 3359 udex,

431 3385 598 3438 tuum
614 3377 1389 3453 muniti,mereamuraulam
1404 3377 1665 3450 paradisi
1680 3376 2077 3435 introire.Per.
2260 3380 2611 3437 Mortiﬁcans
2637 3395 2850 3452 pravos
2879 3380 2939 3436 in
2969 3387 3132 3436 casto
3154 3396 3414 3453 corpore
3443 3386 3681 3452 gestus.

501 3470 661 3527 Hora
688 3485 825 3525 vero
854 3458 969 3525 diei
997 3467 1165 3524 tertia
1187 3466 1334 3539 (93l)
1391 3481 1560 3523 arma
1585 3466 1692 3521 sibi
1745 3466 2081 3537 deferantur
2248 3469 2364 3535 Per
2394 3468 2619 3524 omnia.

429 3557 832 3623 sacerdotalia,
861 3574 987 3630 quae
1000 3556 1193 3613 induet
1206 3564 1379 3613 extra
1395 3557 1617 3611 chorum
1630 3557 1877 3631 sinistra:
1895 3557 2079 3628 partis
2256 3558 2463 3613 Postea
2512 3556 2684 3612 detur
2706 3556 2756 3610 ei
2784 3556 3030 3613 balteum
3070 3557 3220 3629 (939)
3255 3559 3571 3626 pudicitia!
3592 3565 3647 3615 et
3694 3558 3848 3613 dicat

344 3692 349 3695 .
432 3648 492 3703 in
506 3647 786 3719 1000(932)
804 3646 1123 3704 secretarii.
1149 3647 1292 3701 Dum
1306 3644 1594 3701 introierit
1613 3645 1676 3701 in
1693 3647 2074 3713 secretarium,
2185 3647 2473 3712 minister,
2497 3651 2561 3700 ut
2587 3661 2791 3713 supra.
2826 3645 3156 3713 Respondet
3184 3646 3532 3720 episcOpus:

428 3725 576 3793 dicat
607 3735 760 3793 hanc
787 3735 1123 3793 Orationem
1155 3751 1171 3789 :
2257 3738 2422 3804 Rogo
2447 3733 2819 3801 te,a1tissime
2847 3736 2999 3789 Deus
3017 3734 3504 3799 Sabaoth,Pater
3534 3740 3759 3801 sancte,
3793 3737 3852 3789 ut

501 3827 891 3897 Omnipotens
912 3829 966 3881 et
991 3822 1327 3879 misericors
1355 3821 1525 3886 Deus,
1553 3821 1655 3894 qui
1688 3822 2072 3878 sacerdotum
2186 3838 2281 3878 me
2312 3820 2611 3889 castigare
2638 3820 2902 3889 digneris
2932 3821 3264 3894 accingere,
3297 3829 3358 3881 et
3388 3842 3567 3881 meos
3617 3823 3854 3882 lumbos

427 3914 770 3982 ministerio,
804 3913 877 3968 ad
908 3911 1401 3968 tibiserviendum
1417 3915 1472 3965 et
1500 3910 1958 3981 supplicandum
1993 3911 2074 3966 uti
2183 3911 2378 3967 balteo
2412 3909 2492 3964 tui
2520 3912 2744 3964 timoris
2775 3910 3016 3977 ambire,
3038 3927 3106 3966 ac
3135 3927 3307 3969 renes
3364 3914 3577 3970 cordis
3604 3916 3712 3969 mei
3742 3916 3852 3968 tum

426 3996 1992 4070 dignaris,qumsumusimmensamclementiamtuam
2014 4015 2074 4054 in
2183 4000 2484 4055 charitatis
2511 4000 2638 4069 igne
2673 4016 2857 4069 urere,
2890 4008 2949 4054 ut
2979 4015 3086 4072 pro
3130 4001 3386 4069 peccatis
3428 4006 3587 4060 meis
3619 4003 3851 4077 possim

426 4087 719 4161 quidquid
748 4088 931 4143 modo
960 4088 1269 4159 visitamus
1294 4087 1511 4156 visites,
1532 4085 1813 4158 quidquid
1830 4087 2070 4142 henedi-
2182 4086 2561 4150 intercedere,
2595 4093 2648 4142 et
2668 4088 2915 4142 astantis
2947 4087 3141 4159 populi
3175 4097 3570 4159 peccatorum
3610 4091 3851 4148 veniam

425 4177 618 4235 cimus
645 4177 991 4243 benedicas,
1023 4175 1214 4248 sitque
1244 4176 1320 4251 ad
1347 4183 1566 4231 nostra;
1610 4175 1958 4232 humilitatis
1991 4178 2077 4232 in-
2186 4178 2529 4249 promereri,
2558 4192 2629 4231 ac
2665 4175 2936 4248 paciﬁcus
2967 4178 3327 4247 Singulorum
3351 4179 3605 4238 hostias
3646 4182 3858 4237 immo-

430 4269 1284 4329 troitum,sanctorumtuorum
1301 4265 1534 4330 meritis,
1558 4264 2073 4334 fugadsemonum,
2185 4266 2323 4324 lare.
2354 4267 2478 4322 Per.

427 4355 622 4428 angeli
658 4354 822 4428 pacis
847 4354 1173 4424 ingressus.
1214 4355 1335 4409 Per.
2263 4358 2405 4410 Tum
2434 4354 2703 4411 minister
2721 4354 2925 4423 efferat
2943 4354 2999 4411 ei
3023 4355 3235 4411 stolam
3254 4357 3700 4426 jucunditatis,
3723 4371 3858 4429 gere

497 4446 686 4502 Primo
715 4444 945 4516 quidem
971 4442 1122 4514 (933)
1146 4444 1409 4500 minister
1445 4441 1676 4513 deferat
1716 4444 1954 4515 caligas,
1987 4462 2077 4501 us-
2108 4506 2146 4518 _
2183 4444 2362 4502 vitam
2388 4444 2636 4515 geminae
2663 4442 3187 4514 contemplationis.
3218 4445 3297 4501 Et
3330 4447 3613 4514 dicat,ut
3652 4463 3856 4518 supra.

426 4550 536 4615 que
562 4534 634 4590 ad
655 4506 802 4606 genu
826 4506 1134 4608 tendentes,
1161 4536 1211 4586 et
1239 4519 1397 4589 dicat
1428 4548 1441 4587 :
1483 4506 1567 4588 Tu
1616 4506 1882 4599 Domine,
1912 4506 2079 4606 opta-
2108 4506 2152 4565 θ
2182 4506 2502 4605 Respondet
2525 4532 2821 4603 episcopus
2843 4550 2865 4589 :

424 4640 573 4689 mus,
582 4623 788 4695 jubeas
815 4620 1156 4677 benedicier
1176 4636 1395 4676 omnes.
1412 4620 1732 4691 Respondet
1747 4622 2072 4694 episcopus.-
2254 4623 2415 4681 Colla
2430 4623 2577 4693 jugo
2602 4621 2919 4678 subdenda
2950 4627 3070 4689 tuo,
3101 4622 3255 4679 Deus
3278 4622 3395 4681 alm
3409 4631 3754 4696 e,sacrato,

494 4713 692 4770 Totius
722 4706 1051 4768 honestatis
1071 4714 1288 4766 auctor
1336 4709 1719 4782 omnipotens
1774 4711 1946 4779 Deus,
1993 4715 2073 4772 ad
2250 4711 2336 4768 Ad
2353 4711 2527 4781 cujus
2560 4708 2809 4779 dignum
2842 4711 3097 4781 pretiosa
3111 4717 3297 4768 morte
3315 4713 3715 4786 sepulcrum,

424 4801 840 4876 reprimendas
870 4798 1096 4872 antiqui
1132 4798 1319 4855 hostis
1386 4799 1693 4865 versutias,
1725 4814 1830 4871 per
1854 4808 2072 4861 nostras
2251 4801 2443 4856 Virtus
2456 4796 2729 4868 angelica
2755 4799 3327 4858 consederatordine
3358 4803 3640 4861 mundo.
3692 4834 3697 4837 -

425 4889 722 4951 servitutis
743 4890 1097 4963 mysterium
1122 4885 1322 4962 [forte,
1350 4887 1762 4962 ministerium]
1785 4888 2072 4960 jubesan-
2251 4891 2360 4945 Per
2391 4888 2617 4944 omnia.

425 4979 670 5038 ctiﬁcari
698 4978 808 5034 has
840 4976 1083 5047 caligas,
1140 4982 1203 5032 ut
1255 4982 1312 5032 et
1349 4977 1411 5032 in
1459 4991 1665 5046 gressu
1702 4978 2072 5050 resplendeat
2251 4976 2427 5050 26.3
2447 4978 2633 5047 Super
2659 4975 2777 5031 hac
2801 4974 2997 5047 itaque
3011 4975 3638 5051 ωἰηὶεινεειινείωαίῦ)
3652 4981 3869 5040 tunica

423 5066 725 5139 Evangelii
748 5067 982 5135 veritas,
1013 5071 1278 5123 etmente
1303 5066 1439 5122 ﬁdei
1463 5072 1803 5124 exerceatur
1831 5068 2068 5141 integri-
2177 5068 2341 5139 gyris
2370 5066 2518 5136 (941)
2584 5065 2646 5120 in
2676 5064 3048 5122 tintinabulis
3105 5065 3257 5137 (942)
3290 5067 3503 5124 mirice
3542 5067 3722 5143 [Leg.
3757 5072 3868 5127 mi-

426 5164 539 5224 tas.
572 5158 681 5214 Per
710 5157 933 5213 omnia.
2178 5154 2365 5229 riﬁce]
2400 5156 2638 5224 refecta,
2671 5162 2724 5212 et
2756 5156 2919 5212 dicat
2940 5155 3223 5221 minister,
3248 5162 3313 5212 ut
3342 5172 3565 5226 supra.
3595 5161 3870 5232 Respon-

502 5247 704 5305 Deinde
727 5249 982 5302 minister
1009 5245 1260 5320 dett936)
1291 5245 1573 5316 sandalio,
1604 5250 1659 5304 et
1678 5246 1855 5312 dicat,
1889 5252 1953 5303 ut
1979 5264 2071 5305 su-
2176 5247 2273 5304 det
2299 5244 2592 5316 episcOpus
2615 5285 2628 5299 .
3384 5274 3393 5283 -

420 5353 556 5411 pra.
583 5334 903 5405 Respondet
926 5335 1227 5405 episcopus
1270 5352 1285 5388 :
2249 5332 2558 5391 Sanctiﬁca
2586 5333 2845 5388 tunicam
2873 5349 2995 5405 qua
3020 5349 3180 5389 nunc
3212 5332 3662 5405 superinduor,
3680 5338 3874 5397 istam

406 5452 411 5457 -
463 5426 677 5485 'lndue
710 5441 826 5493 me,
862 5424 1570 5490 Domine,calceamentis
1596 5423 1855 5495 justitiae,
1886 5424 2062 5498 242
2245 5422 2625 5494 Omnipotens
2650 5428 2865 5477 aeterne
2883 5422 3192 5488 Deus,sine
3208 5420 3456 5477 numine
3475 5426 3677 5498 cujus

417 5532 596 5593 quem
625 5517 879 5572 Joannes
908 5514 1057 5570 vidit
1081 5512 1360 5569 vestitum
1388 5512 1625 5585 podere,
1645 5513 2064 5585 utpossimtlbi
2243 5512 2328 5570 Nil
2359 5510 2627 5567 humana
2656 5510 2814 5593 valet
2842 5510 3037 5567 devoti
3065 5511 3323 5567 condere
3360 5508 3590 5574 virtus.

414 5586 582 5672 omni
604 5610 873 5682 tempore
901 5619 1033 5665 cum
1068 5605 1280 5664 timore
1308 5601 1543 5661 servire.
1574 5600 1681 5661 Per
1709 5602 1936 5675 omnia.
2242 5603 2309 5660 Et
2335 5599 2442 5677 qui
2465 5614 2562 5658 me
2587 5586 2773 5657 sacris
2792 5598 3032 5660 voluisti
3060 5599 3321 5658 vestibus
3350 5599 3461 5671 uti,
