4034 6178
212 269 308 329 249
775 263 1138 325 APPENDIX
1181 267 1278 326 AD
1320 263 1378 325 S.
1424 261 1766 324 GREGORII
1811 259 2048 324 MAGNI
2089 266 2224 326 LIB.
2272 269 2943 332 SACRAMENTORUM.

3449 269 3569 332 250

269 398 439 468 (1024)
468 398 610 452 Tunc
638 395 924 452 diaconus
956 397 1181 454 calicem
1200 397 1405 468 offerat
1427 395 1812 451 sacerdotisu-
1845 394 1895 456 Α
1927 395 2161 452 duciam
2197 401 2510 470 speranda:
2543 402 2775 473 pietatis
2810 402 3318 474 tribuisti,optatm
3352 402 3574 458 miseri-

208 505 291 561 per
314 488 500 548 altare,
542 491 592 540 et
611 485 774 540 dicat
803 503 819 549 ;

268 575 484 633 lmmola
514 576 626 628 Deo
654 574 1013 629 sacriﬁcium
1044 574 1263 640 laudis,
1311 580 1369 630 et
1425 573 1606 629 redde
1639 573 1818 628 Altis-

210 668 335 723 simo
363 671 489 720 vota
516 669 624 718 tua.
651 664 736 718 Sit
765 664 1048 719 Dominus
1084 664 1322 735 adjutor
1346 670 1502 728 tuus,
1527 662 1816 717 mundum

209 763 250 811 te
272 756 425 810 faciat
465 770 478 816 ;
512 752 656 806 dum
696 753 956 807 oraveris
987 752 1064 808 ad
1095 770 1255 818 eum,
1290 751 1574 807 exaudiat
1598 757 1670 805 te.

260 845 324 898 Et
343 842 518 912 (1025)
541 848 832 911 episcopus
857 842 1091 897 calicem
1123 843 1367 911 offerens
1383 841 1622 896 Domino
1638 840 1815 894 dicat:

257 934 419 1004 (t026)
451 930 697 985 Domine
715 930 857 986 Jesu
875 931 1230 1003 Christe,qui
1249 931 1308 986 in
1330 947 1502 985 cruce
1526 930 1816 1002 passionis

205 1020 375 1076 tuaade
399 1019 575 1074 latere
614 1026 713 1074 tuo
733 1021 1080 1088 sanguinem
1111 1026 1167 1075 et
1227 1035 1470 1091 aquam,
1508 1019 1662 1074 unde
1719 1017 1817 1073 tibi

202 1110 472 1167 Ecclesiam
495 1124 900 1174 consecrares,
928 1126 1165 1165 manare
1197 1109 1688 1179 voluisti,suscipe
1703 1109 1816 1163 hoc

199 1200 521 1254 sacriﬁcium
553 1198 722 1252 altari
748 1205 846 1254 tuo
877 1202 1400 1270 superpositum,et
1421 1197 1816 1260 concede,cle-

198 1288 552 1352 meutissime,
599 1295 774 1358 utpro
791 1288 1212 1360 redemptione,
1231 1292 1504 1343 nostraet
1519 1290 1688 1342 etiam
1711 1303 1816 1358 pro

197 1380 343 1434 totius
356 1377 556 1431 mundi
571 1379 630 1432 in
648 1384 967 1448 conspectu
987 1377 1200 1432 divinae
1213 1378 1531 1447 Majestatis
1547 1383 1658 1431 ture
1678 1393 1814 1431 cum

195 1466 342 1522 odore
367 1466 675 1521 suavitatis
707 1469 822 1521 tuae
857 1465 1158 1535 ascendat,
1189 1467 1340 1523 Jesu
1370 1465 1614 1521 Christe.

249 1556 331 1608 Ad
351 1555 532 1625 (t027)
559 1554 915 1608 miscendum
943 1555 1137 1609 vinum
1171 1570 1298 1608 cum
1329 1569 1504 1625 aqua.

248 1645 404 1706 Deus,
419 1644 522 1715 qui
538 1643 825 1696 humana;
840 1643 1190 1698 substantia;
1204 1643 1554 1711 dignitatem
1579 1640 1815 1696 mirabi-

1926 487 2145 541 cordize
2178 495 2392 559 praesta
2413 489 2710 558 benignus
2743 491 3044 546 effectum.

1999 578 2140 631 Item
2161 594 2267 648 pro
2314 580 2573 633 omnibus
2628 579 2844 634 Oratio.
2900 612 2967 619 —
3007 579 3288 634 Precibus
3329 582 3569 646 nostris,

1926 669 2757 736 quaesumus,Domine,aures
2785 674 2900 724 tuas
2923 669 3150 739 pietatis
3174 670 3569 735 accommoda,

1928 759 1982 808 et
2006 755 2293 810 orationes
2319 757 2677 827 supplicum,
2733 758 3100 811 occultorum
3122 759 3572 830 cognitor,beui-

1928 858 2082 910 gnus
2103 845 2340 909 exaudi,
2366 845 2786 914 uttelargiente
2817 845 2890 899 ad
2909 845 3136 900 veniam
3157 849 3569 916 perveniamus

1927 937 2232 986 taeternam.

1999 1023 2181 1092 (1036)
2214 1023 2463 1092 Expleta
2494 1023 2753 1084 Secreta,
2774 1028 2824 1076 et
2848 1021 3031 1092 (1037)
3065 1022 3344 1078 Oratione
3383 1025 3572 1080 Domi-

1924 1109 2076 1172 nica,
2102 1125 2231 1164 cum
2263 1112 2480 1166 dixerit
2502 1111 2618 1165 Pax
2653 1112 2882 1166 Domini
2905 1112 3570 1182 Sitsempervobiscum.

1924 1198 2239 1254 misceatur
2263 1216 2477 1267 corpus
2511 1201 2888 1256 Dominicum
2912 1201 3214 1270 sanguine.

2000 1289 2132 1342 Haec
2155 1296 2356 1342 sancta
2387 1289 2712 1343 commistio
2743 1289 2994 1358 corporis
3025 1296 3081 1344 et
3118 1291 3425 1358 sanguinis
3455 1291 3571 1344 Do-

1928 1377 2072 1432 mini
2101 1378 2281 1432 nostri
2309 1377 2446 1431 Jesu
2477 1378 2684 1433 Christi
2714 1377 2816 1432 ﬁat
2839 1377 3121 1432 omnibus
3151 1378 3324 1433 nobis
3364 1379 3574 1434 mentis

1927 1472 1982 1522 et
2011 1467 2272 1536 corporis
2303 1468 2379 1522 ad
2397 1473 2680 1522 aeternam
2700 1467 2877 1521 vitam
2893 1467 3328 1539 capessendam
3348 1483 3576 1538 praepa-

1928 1556 2075 1611 ratio
2094 1555 2388 1610 salutaris.
2422 1556 2543 1610 Per.

1998 1644 2181 1712 (1038)
2204 1645 2504 1714 Postquam
2536 1652 2731 1700 autem
2760 1643 3066 1700 benedictio
3114 1646 3451 1715 episcopalis
3477 1660 3574 1701 ex—

193 1731 297 1786 liter
318 1731 661 1792 condidisti,
688 1737 743 1786 et
778 1731 1104 1785 mirabilius
1136 1732 1494 1793 reformasti,
1517 1732 1593 1786 da
1623 1731 1815 1796 nobis,
1850 1762 1891 1819 Β
1926 1733 2493 1803 pletaest,accipiens
2503 1741 2723 1803 partem
2739 1750 2908 1803 quam
2925 1737 3096 1789 antea
3114 1735 3576 1804 e/lregit,tenens-

192 1836 527 1890 quaesumus,
556 1835 660 1890 per
684 1819 867 1890 hujus
897 1837 1071 1891 aqum
1103 1819 1817 1892 etvinimysterium,ejus

191 1909 478 1964 divinitatis
507 1925 644 1964 esse
670 1916 998 1972 consortes,
1031 1910 1133 1980 qui
1165 1909 1556 1965 humanitatis
1597 1915 1815 1963 nostras

188 1999 339 2067 (t028)
367 1999 649 2070 dignatus
683 2014 748 2052 es
781 1997 906 2052 ﬁeri
943 1998 1259 2069 particeps,
1298 2000 1436 2052 Jesu
1460 1998 1708 2052 Christe.

245 2086 410 2154 (10·29)
441 2087 615 2141 Tunc
645 2087 871 2142 elevata
900 2102 1081 2141 manu
1134 2086 1434 2142 benedicat
1483 2094 1812 2156 utrumque.

246 2175 559 2229 lnnomine
591 2175 818 2229 Domini
858 2176 1038 2230 nostri
1072 2177 1213 2230 Jesu
1278 2176 1492 2230 Christi
1533 2175 1608 2228 sit
1639 2175 1816 2229 sacri-

190 2261 358 2318 ﬁcium
390 2263 547 2317 istud
576 2263 1046 2328 immaculatum,
1077 2270 1132 2318 et
1162 2280 1195 2319 a
1231 2269 1280 2318 te
1301 2265 1416 2319 Deo
1439 2264 1574 2318 vivo
1595 2269 1648 2318 et
1680 2277 1814 2317 vero

190 2352 474 2405 adunatum
505 2358 564 2407 et
590 2353 996 2408 benedictum.

245 2441 412 2509 (1030)
443 2441 662 2498 Postea
674 2457 972 2498 incensum
985 2443 1268 2510 accipiens
1283 2449 1454 2513 ponat
1469 2443 1526 2496 in
1544 2441 1814 2497 thuribu-

192 2528 291 2583 lum
313 2529 509 2585 dicens
535 2547 549 2584 :

248 2615 341 2671 Per
367 2617 869 2673 intercessionem
909 2619 1098 2673 sancti
1131 2618 1418 2674 Gabrielis
1475 2617 1816 2686 archangeli

191 2706 365 2760 stantis
384 2721 420 2760 a
446 2706 680 2760 dextris
707 2704 909 2760 altaris
941 2706 1185 2774 incensi,
1207 2711 1264 2762 et
1312 2707 1578 2762 omnium
1603 2705 1814 2760 electo-

191 2808 296 2848 rum
325 2810 600 2859 suorum,
619 2794 931 2849 incensum
959 2795 1110 2850 istud
1131 2795 1416 2850 Dominus
1442 2795 1714 2866 dignetur
1727 2794 1818 2851 be-

194 2883 452 2948 nedicere,
481 2893 539 2939 et
575 2887 642 2939 in
667 2884 905 2940 odorem
934 2885 1242 2939 suavitatis
1271 2885 1567 2956 accipere.

246 2977 414 3042 (1031)
451 2975 612 3029 Tunc
643 2979 813 3043 ponat
836 2975 1133 3028 incensum
1153 2989 1333 3042 super
1364 2975 1736 3042 sacriﬁcium,
1763 2981 1816 3031 et

193 3059 238 3114 in
255 3063 484 3118 circuitu
517 3063 741 3118 altaris
761 3062 917 3117 dicat
945 3079 966 3116 :

1924 1837 2030 1892 que
2058 1839 2237 1890 super
2263 1822 2521 1878 calicem.
2546 1824 2786 1892 frangat
2814 1829 2865 1877 et
2899 1823 3053 1877 dicat
3079 1840 3094 1876 :

1997 1911 2193 1966 Sancti
2229 1911 2539 1978 sanguinis
2572 1911 2910 1966 commistio
2941 1926 3076 1964 cum
3103 1917 3304 1966 sancto
3335 1928 3575 1983 corpore

1925 1999 2157 2054 Domini
2186 2000 2358 2054 nostri
2387 1999 2524 2054 Jesu
2541 1999 3264 2070 Christi,prositomnibus
3295 2002 3570 2056 sumenti-

1926 2089 2034 2143 bus
2061 2089 2132 2142 ad
2163 2088 2342 2143 vitam
2385 2095 2683 2143 aeternam.

1997 2177 2180 2246 (1039)
2206 2177 2676 2248 Quandocorpus
2705 2177 2945 2234 Domini
2992 2177 3051 2231 in
3107 2191 3322 2232 manus
3362 2178 3573 2246 accipit

1925 2265 2116 2320 dicat:
2132 2267 2348 2321 Panem
2377 2265 2678 2320 caelestem
2697 2265 3319 2336 accipiam.etnomen
3344 2266 3575 2321 Domini
3601 2318 3607 2324 .

1926 2355 2242 2409 invocabo.

1996 2442 2087 2496 Ad
2105 2443 2455 2499 sumendum
2497 2457 2705 2514 co.pus
2730 2443 3112 2498 dominicum.

1997 2530 2184 2601 (1040)
2212 2530 2509 2602 Perceptio
2540 2547 2804 2602 corporis
2839 2531 2938 2595 tui,
2977 2530 3221 2585 Domine
3251 2531 3384 2586 Jesu
3417 2531 3577 2586 Chri-

1928 2623 2035 2682 ste,
2058 2618 2214 2689 quod
2247 2617 2450 2687 indiga
2464 2635 2530 2672 us
2557 2633 2776 2672 sumere
2789 2633 3110 2688 praesumo,
3147 2633 3268 2672 non
3288 2617 3426 2672 mihi
3447 2633 3577 2688 pro-

1927 2707 2127 2762 veniat
2152 2708 2211 2762 in
2247 2707 2528 2778 judicium
2555 2711 2610 2762 et
2665 2706 3250 2770 condemnationem,
3313 2708 3411 2760 sed
3475 2722 3580 2778 per

1927 2802 2090 2852 tuam
2123 2797 2401 2867 pietatem
2425 2796 2611 2866 prosit
2653 2796 2795 2850 mihi
2823 2795 2898 2851 ad
2928 2800 3327 2851 tutamentum
3359 2795 3575 2851 mentis

1927 2889 1983 2940 et
2015 2885 2300 2955 corporis.
2338 2885 2444 2950 Qui
2478 2884 2645 2939 vivis.

1999 2972 2184 3043 (1041)
2220 2972 2456 3038 Quando
2486 2972 2730 3028 calicem
2752 2972 2974 3041 accipit,
3016 2972 3178 3027 dicat
3205 2989 3220 3025 :

1998 3060 2149 3129 Quid
2184 3061 2504 3117 retribuam
2550 3061 2800 3116 Domino
2840 3067 2970 3134 etc.,
3003 3067 3064 3114 ut
3125 3060 3186 3115 in
3211 3061 3372 3116 Miss.
3401 3063 3566 3118 Rom.

246 3151 718 3206 lncensumistud
750 3167 786 3206 a
810 3156 863 3206 te
890 3150 1258 3206 benedictum
1298 3149 1585 3206 ascendat
1625 3150 1700 3206 ad
1743 3156 1815 3217 te,
1851 3121 1895 3180 δ
2000 3121 2135 3204 ῥοδε
2165 3157 2473 3220 sumptum,
2503 3157 2730 3206 secrete.

192 3236 487 3304 Domine,et
514 3240 814 3296 ascendat
871 3255 1046 3310 super
1084 3255 1197 3295 nos
1253 3240 1652 3295 misericordia
1700 3245 1813 3296 tua.

191 3326 444 3396 Dirigatur
471 3329 679 3384 oratio
713 3344 848 3384 mea
873 3327 1022 3384 sicut
1047 3330 1358 3384 incensum
1408 3329 1466 3384 in
1497 3336 1818 3400 conspectu

191 3417 286 3470 tuo.

246 3506 409 3576 0032)
440 3507 696 3573 Quando
723 3505 858 3561 odor
892 3507 1151 3576 ejusdem
1180 3506 1402 3562 incensi
1433 3506 1694 3578 episcopo
1735 3507 1818 3563 vel

193 3597 381 3650 calens
409 3597 767 3666 porrigitur.
801 3595 1196 3666 unusquisque
1227 3594 1425 3649 dicat:

248 3685 610 3740 Accendatin
641 3684 813 3738 nobis
833 3684 1112 3738 Dominus
1146 3682 1348 3753 ignem
1378 3683 1466 3738 sui
1497 3685 1742 3750 amoris,
1763 3689 1820 3739 et

194 3767 461 3828 ﬂammam
485 3781 732 3829 aeternas
759 3772 1082 3828 charitatis.

248 3861 410 3932 (1033)
438 3864 601 3917 Tunc
627 3862 896 3917 sacerdos
911 3861 1236 3917 humillime
1261 3861 1818 3916 convertatseadcir-

192 3958 525 4014 cumstantes.
550 3955 612 4007 et
641 3952 798 4006 dicat
842 3967 854 4005 :

248 4038 398 4094 Orate
413 4057 519 4110 pro
547 4056 642 4094 me
666 4039 886 4094 misero
915 4043 1224 4110 peccatore
1255 4038 1334 4094 ad
1385 4038 1689 4093 Dominum
1723 4056 1814 4092 no-

193 4129 348 4180 strum
370 4128 569 4184 Jesum
610 4129 1205 4193 Christum,utmeum
1249 4127 1604 4182 sacriﬁcium
1637 4143 1704 4182 ac
1723 4143 1815 4181 ve-

193 4216 348 4270 strum
369 4217 441 4271 sit
469 4216 842 4288 acceptabile
869 4217 927 4272 in
960 4220 1283 4289 conspectu
1313 4215 1530 4270 divinae
1560 4215 1816 4287 pietatis.

250 4303 414 4376 (1034)
440 4308 607 4362 Tunc
625 4306 868 4361 dicatur
893 4321 928 4361 a
953 4306 1199 4374 singulis
1233 4322 1248 4358 :

251 4389 528 4465 Orentpro
559 4401 618 4449 te
649 4409 850 4448 omnes
875 4394 1064 4448 sancti
1105 4393 1227 4448 Dei.
1262 4394 1490 4448 Memor
1526 4393 1601 4448 sit
1629 4393 1820 4448 Domi-

2001 3239 2463 3296 Communicatio
2479 3244 2532 3293 et
2553 3239 2921 3294 conﬁrmatio
2943 3239 3133 3295 sancti
3153 3238 3463 3308 sanguinis
3478 3238 3574 3304 tui,

1931 3329 2176 3382 Domine
2206 3329 2341 3382 Jesu
2369 3327 2612 3396 Christe,
2649 3327 2830 3398 prosit
2861 3327 3005 3384 mihi
3042 3328 3102 3382 in
3165 3328 3577 3382 remissionem

1928 3417 2168 3471 omnium
2182 3422 2933 3488 peccatorum,etconservet
2947 3433 3030 3470 me
3045 3416 3099 3471 in
3119 3420 3280 3471 vitam
3293 3423 3576 3472 internum.

1999 3505 2184 3575 (t0'+2)
2232 3505 2478 3558 Domine
2516 3507 2651 3558 Jesu
2675 3505 2917 3568 Christe,
2963 3505 3062 3560 Fili
3089 3507 3185 3559 Dei
3231 3505 3484 3577 vivi,qui
3511 3522 3579 3560 ex

1927 3593 2228 3649 voluntate
2259 3592 2444 3648 Patris
2459 3593 2477 3663 (
2491 3598 2506 3646 t
2518 3596 2644 3659 0i3)
2661 3598 3016 3663 cooperante
3030 3592 3198 3664 [Lege
3211 3593 3387 3663 Spirit
3402 3599 3581 3661 ujsan-

1929 3681 2048 3754 cto]
2078 3688 2420 3737 sanctorum
2441 3697 2544 3751 per
2559 3686 2802 3736 mortem
2821 3687 2983 3736 tuam
3001 3681 3286 3735 mundum
3317 3680 3580 3736 viviﬁca-

1929 3774 2019 3836 sti,
2043 3772 2230 3826 libera
2247 3786 2338 3826 me
2356 3787 2460 3843 per
2490 3771 2605 3826 hoc
2637 3787 2873 3826 sacrum
2908 3787 3125 3842 corpus
3141 3775 3195 3826 et
3221 3770 3578 3842 sanguinem

1927 3865 2420 3932 tuum,quatenus
2442 3876 2560 3917 non
2595 3859 2668 3915 sit
2687 3860 2832 3915 mihi
2861 3859 2938 3914 ad
2949 3859 3481 3930 judiciumﬁneque
3499 3858 3578 3914 ad

1927 3949 2616 4015 condemnationem,sed
2631 3949 2707 4004 ad
2726 3948 3058 4004 remedium
3082 3948 3358 4019 proﬁciat
3374 3948 3578 4002 anima:

1929 4054 2065 4093 meae
2095 4055 2108 4103 ;
2141 4043 2246 4092 eta
2280 4039 2504 4093 cunctis
2563 4037 2976 4108 iniquitatibus
3032 4037 3168 4090 meis
3215 4035 3402 4091 libera
3463 4051 3577 4101 me,

1929 4127 2276 4190 Deus,etfac
2303 4143 2388 4181 me
2421 4127 2532 4182 tuis
2562 4126 2804 4182 obedire
2837 4125 3156 4188 mandatis,
3191 4131 3249 4179 et
3278 4141 3313 4180 a
3351 4131 3424 4190 te,
3459 4128 3513 4179 et
3545 4141 3582 4179 a

1929 4215 2148 4269 sanctis
2163 4214 2279 4268 tuis
2298 4230 2577 4286 nunquam
2594 4215 2650 4269 in
2673 4220 3000 4285 perpetuum
3017 4213 3396 4284 separari.Qui
3412 4212 3579 4268 vivis.

1999 4303 2188 4374 (t04'+)
2214 4305 2458 4357 Domine
2489 4308 2712 4368 sancte,
2745 4303 2916 4357 Pater
2946 4302 3582 4372 omnipotens,teterne

1929 4391 2104 4458 Deus,
2126 4390 2208 4445 da
2236 4391 2380 4445 mihi
2398 4391 2512 4445 hoc
2533 4406 2750 4460 corpus
2767 4395 2823 4445 et
2843 4390 3199 4459 sanguinem
3225 4389 3342 4444 Filii
3372 4388 3453 4444 tui
3473 4390 3582 4444 Do-

196 4489 287 4530 nus
307 4481 1581 4547 omnissacriﬁciitui.etholocaustumtuum
1600 4482 1818 4553 pingue
1851 4485 1894 4542 Ι)
1928 4478 2077 4533 mini
2108 4479 2295 4534 nostri
2316 4481 2452 4534 Jesu
2472 4478 2682 4534 Christi
2703 4479 2782 4533 ita
2809 4494 3062 4546 sumere,
3102 4483 3162 4532 ut
3211 4493 3443 4533 merear
3483 4493 3582 4548 per

198 4561 295 4620 ﬁat.
323 4570 602 4626 Exaudiat
627 4575 679 4625 te
697 4571 985 4626 Dominus
1015 4587 1122 4642 pro
1150 4570 1324 4626 nobis
1353 4571 1819 4626 orantem.Mise-

198 4663 364 4710 reatur
397 4659 476 4713 tui
503 4659 894 4731 omnipotens
935 4661 1112 4725 Deus,
1163 4659 1422 4716 dimittat
1471 4659 1574 4714 tibi
1612 4658 1819 4714 omnia

199 4750 407 4809 peccata
447 4753 568 4802 tua.

255 4831 418 4904 (1035)
443 4836 753 4906 Postquam
785 4837 1045 4893 sacerdos
1073 4839 1145 4892 Te
1197 4836 1372 4902 igitur
1425 4837 1644 4908 incipit,
1693 4837 1819 4892 dia-

200 4920 299 4972 coni
327 4930 372 4976 et
392 4925 741 4979 subdiaconi
771 4932 999 4980 cantent
1041 4926 1179 4980 istos
1209 4925 1462 4981 Psalmos
1493 4943 1509 4979 :

255 5007 519 5068 Exaudiat
553 5020 609 5069 te
657 5013 987 5084 Dominus;
1041 5015 1122 5070 Ad
1169 5021 1239 5078 te,
1285 5015 1551 5078 Domine,
1584 5013 1815 5078 levavi;

201 5092 428 5152 Miserere
469 5102 610 5166 mei,
646 5103 796 5156 Deus
837 5118 850 5166 ;
885 5103 993 5166 Qui
1028 5102 1276 5169 habitat,
1331 5117 1459 5158 cum
1508 5101 1814 5170 precibus:

204 5181 510 5244 Salvumfac
534 5204 770 5243 servum
795 5196 997 5254 tuum;
1030 5191 1390 5246 Desiderium
1403 5189 1619 5254 cordis;
1638 5190 1816 5244 Vitam

204 5272 333 5336 petiit
359 5290 393 5328 a
415 5281 465 5330 te
487 5295 499 5338 ;
524 5277 691 5333 Oculi
727 5278 958 5333 Domini
983 5293 1161 5350 super
1189 5282 1385 5346 justos
1409 5296 1422 5345 ;
1442 5279 1565 5334 Fiat
1591 5277 1817 5334 miseri-

206 5359 405 5427 cordia;
449 5367 719 5432 Domine,
752 5367 966 5422 exaudi
989 5373 1333 5422 orationem.

265 5447 416 5520 252
445 5453 644 5509 Oratio
663 5470 766 5525 pro
793 5455 1106 5511 sacerdote.
1136 5487 1205 5497 —
1232 5454 1522 5520 Gaudeat,
1560 5454 1816 5510 Domine

213 5528 354 5604 Deus,
380 5538 640 5598 famulus
669 5549 802 5600 tuus
837 5544 1132 5601 beneﬁciis
1159 5545 1488 5620 impetratis
1517 5561 1531 5611 ;
1560 5550 1617 5602 et
1637 5543 1732 5604 cui
1749 5544 1815 5600 ti-

1927 4567 2041 4622 hoc
2063 4568 2474 4623 remissionem
2503 4573 2873 4638 peccatorum
2913 4567 3267 4637 accipere,et
3303 4572 3402 4621 tuo
3444 4582 3582 4622 san-

1927 4663 2020 4710 cto
2048 4656 2256 4713 Sriritu
2289 4656 2523 4727 repleri,
2550 4657 2693 4726 quia
2727 4659 2786 4710 tu
2817 4671 2903 4719 es,
2929 4660 2983 4709 te
3028 4661 3238 4726 praeter
3270 4660 3321 4710 te
3355 4671 3468 4710 non
3496 4660 3582 4711 est

1927 4745 2099 4811 alius,
2128 4745 2297 4815 cujus
2324 4744 2649 4814 gloriosum
2693 4759 2913 4798 nomen
2945 4749 3249 4814 permanet
3273 4744 3333 4798 in
3364 4744 3582 4801 saacula

1928 4834 2306 4890 saeculorum.
2349 4841 2555 4889 Amen.

1998 4925 2179 4993 (1045)
2193 4924 2415 4980 Deinde
2430 4928 2799 4991 cumcasperit
2813 4922 3224 4979 communicare
3236 4923 3456 4978 clerum
3473 4923 3579 4976 sive

1923 5013 2222 5083 populum,
2248 5013 2400 5068 dicat
2431 5013 2677 5081 singulis
2705 5029 2719 5065 :

1999 5101 2180 5170 (1046)
2214 5099 2518 5170 Perceptio
2548 5100 2814 5170 corporis
2871 5100 3100 5155 Domini
3155 5099 3341 5156 nostri
3372 5099 3447 5155 sit
3474 5099 3580 5156 tibi

1927 5190 2048 5245 vita
2067 5196 2124 5244 et
2154 5187 2334 5253 salus,
2358 5187 2415 5244 et
2441 5189 2774 5260 redemptio
2794 5189 3065 5244 omnium
3095 5195 3330 5245 tuorum
3375 5204 3581 5259 pecca-

1927 5284 2144 5334 torum.

1998 5367 2189 5422 Oratio
2222 5367 2412 5422 sancti
2440 5366 2709 5435 Gregorii
2736 5381 2929 5435 papae.
2961 5396 3028 5406 —
3057 5365 3282 5434 Corpus
3343 5363 3578 5419 Domini

1925 5458 2106 5511 nostri
2135 5459 2263 5511 Jesu
2295 5455 2509 5510 Christi
2537 5455 2724 5528 prosit
2757 5454 2902 5510 mihi
2933 5456 2991 5510 in
3020 5453 3428 5509 remissionem
3449 5467 3576 5506 om-

1924 5544 2090 5602 nium
2117 5550 2499 5618 peccatorum
2531 5545 2608 5601 ad
2639 5547 2811 5601 vitam
2840 5549 3145 5601 aeternam.
