4034 6178
475 284 587 348 251

1076 288 1445 352 APPENDIX
1488 291 1604 351 AD.
1651 290 1712 351 S.
1759 285 2105 350 GREGORII
2145 283 2386 346 MAGNI
2423 285 2562 346 LIB.
2607 284 3276 362 SACRAMENTORUM.

543 418 736 490 (1047)
770 419 970 477 Finita
1013 419 1206 486 Missa,
1232 427 1536 494 postquam
1585 422 1872 480 diaconus
1929 419 2072 476 dicit
2103 435 2120 473 :
2157 421 2204 479 A
2235 432 2470 486 surgens
2497 417 2810 474 inclinanti
2863 417 2976 473 sibi
3028 417 3271 474 inclinet
3301 417 3560 483 diacono,
3598 415 3834 478 diaconu‘

482 508 656 580 253
689 508 766 564 [te
797 509 975 564 Missa
996 515 1104 576 est,
1125 510 1318 567 veniat
1349 511 1631 568 sacerdos
1666 519 1802 567 ante
1824 511 2031 574 altare,
2069 513 2124 564 et

479 596 751 652 osculato
782 597 942 652 dicat
974 613 987 654 :

551 685 785 741 Placeat
807 687 1142 751 tibi,sancta
1157 688 1432 755 Trinitas,
1457 688 1813 762 obsequium
1830 685 2129 743 servitutis

481 789 644 840 mete,
668 780 724 829 et
739 783 958 846 praesta
980 785 1038 833 ut
1067 778 1180 834 hoc
1206 779 1583 846 sacriﬁcium,
1619 780 1771 852 quod
1785 778 1974 834 oculis
2012 782 2128 832 tua:

479 863 731 932 Majestis
757 863 1256 936 indignusobtuli,
1287 869 1362 923 sit
1387 868 1492 924 tibi
1555 869 1824 940 placens,
1865 866 2130 938 mihique

479 956 537 1006 et
560 951 842 1008 omnibus
862 969 971 1026 pro
996 955 1215 1028 quibus
1230 955 1374 1012 illud
1406 957 1584 1014 obtuli
1603 957 1696 1021 sit,
1723 963 1778 1012 te
1796 956 2128 1022 miserante,

477 1040 881 1114 propitiabile.
922 1043 1032 1108 Qui
1061 1044 1226 1100 vivis.

551 1130 737 1199 (1048)
768 1131 908 1188 Alia
931 1131 1156 1188 Oratio.
1187 1163 1258 1174 —-
1288 1134 1498 1190 Meritis
1517 1140 1572 1191 et
1601 1131 2130 1190 intercessionibus

406 1263 418 1268 _
476 1220 744 1275 omnium
775 1226 1107 1277 sanctorum
1123 1237 1370 1278 suorum
1389 1223 1742 1280 misereatur
1757 1221 1934 1278 nobis
1949 1220 2129 1278 omni-

479 1313 691 1380 potens
733 1308 1024 1364 Dominus.

549 1397 738 1466 (1049)
768 1397 1035 1468 Eat-pletis
1061 1399 1344 1465 omnibus,
1367 1401 1664 1473 episcopus
1685 1401 1916 1458 rediens
1939 1399 2026 1456 ad
2039 1413 2132 1456 sa-

478 1484 737 1541 crarium
762 1487 814 1557 2
826 1486 941 1560 54
957 1503 1091 1545 cum
1103 1489 1440 1545 diaconibus
1461 1496 1514 1546 et
1532 1491 1748 1546 czteris
1773 1495 1962 1546 cantet
1979 1487 2132 1560 hym-

478 1589 623 1628 num
639 1575 817 1630 trium
833 1585 1230 1646 puerorum,et
1249 1578 1503 1634 Laudato
1517 1577 1822 1634 Dominum
1837 1578 1894 1633 in
1915 1577 2130 1632 sanctis

479 1661 636 1732 ejus.
678 1662 861 1734 (1050)
887 1665 1088 1722 Postea
1103 1682 1302 1735 preces
1327 1685 1349 1721 ,ο
1401 1666 1804 1724 Conmeantur
1862 1666 1988 1728 tibi.
2021 1665 2132 1721 Do-

482 1751 662 1815 mine,
695 1753 901 1809 omnia
929 1770 1112 1825 opera
1141 1760 1263 1820 tua,
1304 1761 1360 1811 et
1397 1754 1592 1811 sancti
1623 1757 1704 1811 tui
1739 1754 2133 1812 :Exultabunt
2164 1778 2207 1838 Β

475 1839 642 1910 justi;
694 1840 999 1897 Exsultant
1034 1843 1222 1913 justi;
1255 1845 1384 1899 Non
1417 1844 1613 1908 nobis,
1675 1844 1941 1912 Domine,
2009 1858 2129 1898 non

479 1928 668 1994 nobis;
685 1930 1031 1986 Sacerdotes
1051 1933 1318 2002 induam;
1337 1935 1416 1988 Ne
1432 1933 1611 1988 intres
1626 1933 1682 1988 in
1695 1933 1962 1997 ;Domine
1977 1933 2130 1988 Deus

478 2016 764 2073 virtutum
813 2035 828 2084 ;
873 2019 1182 2076 Benedicat
1239 2037 1349 2076 nos
1391 2021 1572 2087 Deus,
1626 2021 1829 2087 Deus;
1883 2021 2132 2076 Domine

479 2107 698 2162 exaudi
730 2107 949 2180 ;(10.‘$1)
985 2109 1196 2167 Deinde
1215 2110 1426 2166 Oratio.
1465 2111 1752 2184 Deus,qui
1781 2109 1969 2166 tribus
1991 2125 2134 2182 pue-

413 2197 420 2202 ’
479 2194 559 2248 ris
575 2195 853 2265 mitigasti
868 2196 1129 2253 ﬂammas
1156 2197 1393 2268 ignium,
1425 2199 1686 2255 concede
1705 2199 1992 2272 propitius
2034 2213 2134 2269 per

481 2282 881 2340 interventum
909 2301 1136 2352 eorum,
1169 2293 1226 2342 et
1247 2288 1521 2343 omnium
1559 2293 1914 2352 sanctorum,
1933 2291 1998 2342 ut
2025 2301 2134 2342 nos

483 2371 742 2429 famulos
767 2379 900 2428 tuos
920 2391 1034 2430 non
1051 2381 1259 2432 exurat
1280 2375 1527 2433 ﬂamma
1548 2375 1978 2432 vitiorum.Per.

593 2479 802 2537 RITUS
865 2481 1222 2548 ANTIQUUS
1261 2483 1736 2540 CELEBRANDE
1775 2481 2025 2541 MISSE.

486 2585 560 2634 Ex
581 2587 804 2655 antiquo
816 2588 1004 2639 Codice
1032 2591 1393 2655 manuscripto
1409 2591 1677 2655 prioratus
1688 2591 2006 2652 Salicosani(
2023 2589 2133 2655 ναιε

545 2663 618 2760 £2
641 2649 914 2722 Sa'usense;
946 2651 1088 2716 apud
1115 2649 1650 2710 Veloca'sses'prdinis
1666 2656 1835 2704 sancti
1849 2649 2134 2718 Augustini

619 2725 953 2760 nomcomm.
972 2728 1080 2760 non
1104 2715 1264 2760 longe
1283 2730 1316 2760 ιι
1338 2716 1601 2760 Vomano.
1623 2716 1788 2760 Cuius
1813 2717 2020 2760 Codicis
2039 2717 2134 2760 ini-

546 2713 953 2826 ἓῗιῐέἓιὲῇοςυω,
972 2713 1080 2764 non
1104 2715 1264 2781 longe
1283 2730 1316 2766 a
1338 2716 1601 2766 Vernone.
1623 2716 1788 2780 Cujus
1813 2713 2020 2768 Codicis
2039 2717 2136 2765 ini-

571 2788 680 2822 lllm
705 2788 784 2824 881
817 2790 829 2824 τ

490 2863 542 2933 2
553 2863 665 2939 53
699 2866 938 2939 Domina
949 2881 1078 2923 vere
1093 2875 1288 2939 sancto
1300 2874 1354 2924 et
1373 2869 1593 2924 meritis
1608 2868 1938 2925 honorando
1949 2867 2132 2939 (1052)

555 2937 851 3009 Mamilio,
879 2938 1190 2994 venerabili
1215 2946 1432 2995 sancta:
1461 2941 1930 3009 Rotlmmagensis
1947 2937 2136 2994 Eccleé

553 3007 658 3064 siat
695 3010 1348 3080 archiepiscopo,(1053)
1371 3013 1628 3067 Joannes
1663 3007 2130 3074 Abrincacensis,

551 3083 814 3152 omnium
844 3080 1239 3152 episcoporum
1269 3083 1495 3139 meritis
1524 3084 1778 3152 inﬁmus,
1812 3097 2046 3152 corpore
2077 3087 2133 3137 et

549 3150 756 3222 spiritu
785 3151 956 3206 totius
981 3150 1700 3218 obedientiamunusﬂtc.

551 3257 722 3312 Missa
749 3255 862 3312 diei
878 3257 988 3314 hoc
998 3257 1198 3315 ordine
1218 3259 1560 3316 celebretur.
1577 3261 1637 3314 In
1658 3259 1863 3326 primis
1884 3259 1947 3313 in
1957 3258 2132 3327 feria-

482 3345 638 3402 libus
658 3345 857 3402 diebus
873 3345 1004 3404 date
1018 3362 1312 3416 campane
1331 3348 1726 3416 pulsentur,in
1755 3347 1912 3418 festis
1928 3363 2128 3403 omnes.

480 3433 568 3488 Ad
599 3433 796 3490 Gloria
824 3435 989 3500 Patri,
1023 3436 1194 3492 choro
1224 3437 1536 3492 Introitum
1569 3452 1607 3493 a
1646 3436 1804 3494 beato
1835 3436 2132 3492 Caelestino

480 3523 806 3579 institutum
818 3525 1340 3589 canente,sacerdos
1358 3526 1538 3597 (1054)
1553 3529 1615 3582 in
1629 3527 1902 3584 vestiario
1917 3526 2129 3582 caeteri-

479 3627 583 3684 que
593 3612 842 3668 ministri
849 3617 1060 3670 sanctis
1078 3615 1325 3671 vestibus
1331 3617 1368 3686 j
1371 3622 1515 3670 uxta
1528 3615 1783 3672 ordinem
1800 3613 2130 3683 induantur,

479 3702 865 3767 scilicetalba,
878 3705 1048 3769 stola,
1072 3713 1124 3760 et
1141 3704 1456 3760 dalmatica
1467 3704 1756 3759 diaconus
1773 3721 1791 3769 ;
1821 3703 2034 3764 alba,et
2052 3709 2134 3758 tu-

480 3792 627 3858 nica,
641 3798 697 3848 et
715 3792 1020 3861 manipulo
1046 3793 1437 3848 subdiaconus
1459 3793 1717 3864 ,‘reliqui
1725 3799 1952 3848 tantum
1965 3791 2130 3857 albis,

479 3882 692 3937 scilicet
720 3881 834 3935 duo
852 3881 1116 3951 aeolythi
1151 3880 1406 3951 unusqui
1434 3885 1626 3936 cantet
1659 3879 2134 3944 Graduale,etde-

477 3969 636 4038 ferat
652 3969 1250 4032 candelabrum,alter
1259 3969 1354 4039 qui
1365 3968 1424 4023 Al
1435 3966 1686 4033 leluia,et
1695 3969 1854 4038 ferat
1869 3967 2134 4022 thuribu-

481 4056 626 4112 lum.
654 4056 884 4111 Psalmo
901 4055 1400 4124 dicto,incipiente
1422 4056 1602 4112 chara
1625 4055 1823 4110 Gloria
1837 4054 2010 4119 Patri,
2039 4071 2133 4112 sa-

479 4143 672 4200 cerdos
697 4145 1268 4216 catterique'ministri
1277 4146 1358 4201 sic
1369 4145 1452 4200 ad
1465 4145 1652 4200 altare
1659 4143 2134 4212 procedent.Dia-

477 4248 652 4288 conus
669 4233 950 4303 praecedat
959 4233 1374 4304 presbyterum,
1397 4233 1778 4288 subdiaconus
1817 4233 2133 4304 praecedens

479 4322 785 4377 diaconum
813 4321 966 4392 [erat
993 4322 1400 4393 Evangelium,
1433 4322 1960 4390 ceroferariuscum
1982 4338 2134 4377 cerea

475 4410 1418 4482 precedatsubdiaconum,partitor
1430 4410 2130 4481 thuribuliceroferarium.

2235 505 2550 562 inclinanti
2575 507 2950 574 subdiacono,
2970 505 3366 563 subdiaconus
3393 507 3710 565 inclimantt
3740 511 3835 567 sibi

2234 596 2426 652 choro.
2458 595 2740 652 Dicemus
2769 611 2903 653 vero
2929 603 3050 667 post
3076 596 3511 652 inclimationem
3537 601 3836 670 utraqueal-

2237 687 2386 742 laris
2411 702 2632 744 cornua
2654 687 2972 743 deosculans
3002 687 3184 758 (1057)
3221 687 3508 744 sacerdoti
3547 687 3712 762 254
3745 706 3836 746 nte-

2235 775 2391 830 dium
2403 775 2605 832 altaris
2615 777 2890 833 osculanti
2901 775 3260 846 Evangelium
3274 776 3634 832 osculandum
3643 778 3838 846 a/ferat.

2237 864 2542 936 Evangelia
2553 866 2697 920 enim
2714 866 2744 921 C
2760 865 2964 920 hristur
2972 864 3451 936 praevaricationis
3460 863 3843 938 chirographum

2238 953 2456 1020 deleas,
2477 968 2683 1022 pacem
2714 953 2924 1010 mundo
2939 953 3112 1018 dedit,
3123 955 3288 1022 cujus
3297 953 3552 1022 praeconi
3557 954 3648 1008 bus
3661 958 3841 1010 utrum-

2238 1059 2352 1114 que
2357 1043 2971 1115 populum,Judaicum
2983 1044 3195 1114 quippe
3206 1048 3260 1098 et
3270 1041 3668 1112 gentilem,sibi
3679 1057 3842 1098 recon-

2238 1131 2456 1188 ciliavit
2469 1177 2482 1188 .
2497 1132 2650 1198 Quod
2660 1131 2847 1188 altare
2867 1131 3125 1187 sacerdos
3135 1146 3272 1187 oscu
3279 1129 3723 1201 latur,signiﬂcat
3733 1146 3842 1202 gen-

2241 1227 2350 1277 tem
2378 1220 2640 1277 Iudaeam
2655 1221 2716 1275 in
2752 1221 3068 1278 Jerusalem
3093 1226 3600 1290 morantem,quam
3616 1219 3838 1275 Christus

2238 1309 2352 1364 sibi
2362 1310 2778 1367 reconciliavit
2788 1322 2812 1380 ,'
2821 1324 2924 1380 per
2933 1308 3310 1379 Evangelium
3319 1307 3584 1377 ,gentilem
3593 1308 3840 1378 populum.

2239 1399 2469 1456 Dehinc
2489 1401 2676 1471 pergit
2700 1398 2964 1456 sacerdos
2989 1399 3071 1454 ad
3097 1397 3367 1454 dextrum
3421 1413 3594 1454 cornu
3624 1397 3842 1467 altaris;

2237 1487 2529 1542 dexteram
2563 1488 2710 1542 enim
2739 1487 3002 1543 Christus
3029 1501 3247 1557 semper
3267 1486 3386 1556 egit
3429 1484 3846 1554 vitam,lde:rtera

2239 1575 2381 1629 enim
2397 1575 2512 1630 vita
2527 1575 2858 1647 acquiritur
2867 1575 3094 1630 cmlestis
3105 1575 3312 1644 gloria.
3338 1574 3615 1630 Diaconus
3624 1578 3846 1644 posteum

2240 1663 2488 1722 eamdem
2519 1663 2791 1720 imitando
2813 1664 2993 1720 vitam
3015 1665 3304 1727 consistat,
3337 1678 3611 1735 quousque
3631 1662 3848 1717 eisedere

2237 1752 2468 1808 innuat.
2503 1752 2686 1825 (1058)
2718 1754 2905 1809 Sessia
2926 1753 3182 1823 episcopi
3193 1753 3379 1822 juxta
3395 1751 3624 1808 decreta
3655 1749 3850 1806 Urbani

2234 1856 2404 1914 papae
2420 1848 2474 1898 et
2491 1841 2932 1909 Carthaginense
2947 1841 3264 1898 concilium
3292 1839 3508 1896 caeteris
3521 1838 3712 1894 celsior
3721 1835 3852 1893 debet

2237 1931 2459 2000 ﬂeruin
2471 1947 2582 2002 qua
2604 1930 2868 1986 cathedra
2901 1929 3251 2000 pontiﬁcalis
3262 1927 3572 1997 honoriﬁce
3581 1926 3851 1982 constitua-

2242 2025 2362 2084 tur,
2375 2026 2485 2076 etc.
2503 2019 2690 2092 (1059)
2706 2019 3064 2089 Ceroferarii
3075 2034 3204 2075 vero
3223 2033 3410 2089 usque
3422 2017 3494 2071 ad
3503 2011 3853 2088 Kyrieeleison

2240 2107 2307 2164 ab
2333 2109 2544 2164 Austro
2580 2110 2658 2164 ad
2695 2108 3025 2180 Aquilonem
3078 2106 3424 2164 candelabra
3454 2109 3696 2168 teneant,
3753 2117 3854 2175 quo

2240 2196 2460 2268 incepto
2478 2197 2688 2254 ibidem
2711 2197 3024 2252 dimittant.
3053 2195 3164 2250 Per
3181 2199 3226 2250 A
3239 2196 3854 2264 ustrum,quiesto:ntus

2242 2285 2734 2358 calidus,Spiritus
2743 2288 2922 2342 sancti
2933 2286 3124 2356 fervor
3132 2284 3481 2356 designatur,
3496 2281 3587 2354 qui
3601 2283 3715 2338 veri
3725 2278 3854 2334 Solis

2241 2382 2371 2430 ortu
2385 2375 2457 2431 ab
2476 2376 2710 2432 Oriente
2723 2375 2804 2431 ad
2815 2374 3171 2430 Occidentem
3195 2391 3247 2428 m
3257 2372 3476 2428 undam
3503 2366 3856 2426 illuminanda

2241 2463 2623 2534 diﬁunditur.
2638 2465 2800 2522 Unus
2827 2478 2959 2519 vero
2979 2465 3184 2520 tertius
3197 2463 3258 2516 in
3279 2462 3467 2517 medio
3496 2464 3751 2528 ponatur,
3765 2469 3854 2525 per

2243 2568 2403 2625 quem
2429 2553 2530 2608 ubi
2547 2552 2662 2609 duo
2675 2553 2760 2609 vel
2773 2559 2886 2608 tres
2897 2553 3233 2622 congregati
3235 2549 3534 2621 fuerintin
3558 2548 3858 2602 nomineno-

2243 2643 2406 2707 mini,
2421 2643 2728 2698 Dominum
2741 2640 2930 2699 adesse
2955 2642 3324 2710 designatur.
3369 2639 3474 2694 Per
3488 2637 3594 2693 hoc
3614 2633 3766 2708 quod,
3790 2635 3858 2687 in-

2241 2734 2395 2800 cepto
2425 2731 2614 2802 Kyrie,
2647 2730 2797 2786 cerei
2819 2730 3214 2800 deponuntur,
3254 2742 3362 2782 nos
3411 2726 3548 2782 dum
3585 2723 3858 2779 Dominum

2242 2832 2564 2876 exoramus.
2581 2819 2822 2873 contrita
2834 2817 3012 2873 corde
3023 2815 3337 2872 humiliari
3348 2819 3613 2884 oportere
3630 2811 3858 2868 demons-

2245 2912 2453 2963 tratur.
2491 2906 2790 2964 Salutante
2800 2906 3134 2977 presbytero
3144 2905 3450 2974 populum,
3471 2904 3672 2959 iterum
3685 2897 3860 2954 ibidem

2243 3001 2496 3051 teneant.
2507 2995 2782 3052 Oratione
2789 2994 2956 3064 ﬁnita
2979 2994 3054 3049 ab
3067 2993 3307 3049 Oriente
3317 2993 3402 3048 ad
3417 2991 3750 3048 Occidentem
3761 2985 3858 3042 col-

2243 3083 2452 3140 locent.
2470 3084 2692 3140 Duabus
2704 3084 2850 3140 enim
2867 3079 3860 3150 Testamentisilluminanturquatuor

2237 3181 2434 3244 partes
2445 3173 2680 3230 mundi.
2695 3174 2919 3242 Septem
2933 3170 3293 3228 candelabra
3319 3170 3386 3225 in
3397 3169 3549 3241 festis
3560 3170 3609 3224 si
3609 3166 3861 3238 gniﬁcant

2239 3269 2450 3332 septem
2472 3262 2628 3317 dona
2656 3261 2906 3331 Spiritus
2936 3260 3142 3316 sancti.
3187 3259 3515 3328 Incipiente
3536 3255 3860 3312 subdiacono

2238 3352 2580 3422 Epistulam,
2594 3350 2864 3407 sacerdos
2875 3351 3056 3422 juxta
3067 3347 3258 3406 altare
3277 3348 3559 3412 sedeot,et
3577 3344 3800 3400 diacono
3813 3339 3864 3393 in

2241 3441 2361 3496 loco
2388 3455 2492 3496 suo
2519 3439 2722 3495 sedere
2738 3438 2954 3494 innuat
2978 3455 2992 3504 ;
3019 3437 3394 3493 subdiaconus
3447 3450 3600 3499 vero,
3651 3434 3862 3499 excepto

2239 3535 2499 3597 tempore
2511 3527 2953 3584 ministrationis
2969 3541 3108 3590 suat,
3119 3527 3178 3580 in
3207 3526 3381 3582 chara
3409 3521 3860 3590 maneat.Prapin-

2238 3625 2442 3690 quante
2453 3617 2752 3688 Evangelii
2760 3615 3003 3672 termino
3017 3615 3282 3672 sacerdos
3297 3614 3620 3683 thymiama
3632 3611 3688 3666 in
3699 3605 3864 3665 thuri-

2241 3707 2312 3761 οη
2325 3709 2378 3762 ιο
2401 3709 2605 3776 ponat,
2630 3722 2742 3778 qua
2756 3707 3048 3762 incensato
3057 3703 3246 3759 altari
3255 3709 3389 3758 ante
3406 3699 3775 3769 Evangelium
3791 3695 3862 3750 de-

2233 3796 2494 3866 feratur.
2525 3795 2633 3850 Per
2664 3793 3060 3849 thuribulum.
3096 3791 3256 3865 quod
3277 3789 3677 3860 fragrantiam
3693 3784 3862 3842 odoris

2239 3883 2474 3947 emittit,
2485 3883 2648 3951 fama
2661 3881 2940 3937 bonorum
2951 3895 3188 3948 operum
3201 3895 3331 3952 quae
3345 3879 3562 3936 Christi
3574 3873 3866 3933 doctrinam

2238 3973 2546 4040 praecessit.
2569 3971 2883 4034 Diaconus,
2899 3968 3641 4028 benedictioneasacerdote
3650 3968 3863 4034 accepta,

2241 4060 2316 4116 ab
2327 4059 2510 4116 altari
2521 4059 2884 4130 Evangelium
2898 4060 3177 4130 accipiens
3187 4073 3358 4126 super
3366 4057 3663 4113 sinistrum
3673 4065 3867 4108 annum

2241 4151 2521 4218 imponat.
2533 4150 2584 4220 2
2596 4148 2647 4222 5
2659 4148 2708 4221 5
2725 4149 2832 4202 Per
2841 4149 3142 4203 sinistrum
3157 4149 3308 4203 enim
3321 4161 3556 4201 armum
3575 4147 3683 4199 vita
3699 4147 3869 4208 tempoc

2241 4238 2382 4294 ralis
2394 4237 2806 4309 designatur-,in
2821 4253 2933 4308 qua
2946 4241 3169 4304 oportet
3181 4235 3552 4305 Evangelium
3566 4228 3866 4302 praedicari.

2240 4327 2318 4382 Et
2333 4326 2717 4382 subdiaconus
2729 4332 2861 4381 ante
2871 4340 2989 4380 eum
3001 4316 3870 4395 pulvinardeferat.Perpulvinar

2243 4417 2398 4488 quod
2405 4415 2658 4486 praecidit
2673 4416 2769 4470 lea:
2777 4415 3108 4485 ﬁguraturq
3116 4427 3206 4468 ua
3217 4412 3584 4483 Evangetium
3597 4403 3868 4480 praeessit;

485 4501 630 4554 Dum
646 4507 781 4570 ergo
793 4499 1114 4554 antealtare
1126 4498 1768 4564 venerint,subdiaconus
1781 4499 2135 4570 Evangelium
2171 4493 2216 4551 D
2242 4520 2346 4575 per
2362 4506 2594 4574 plumas
2622 4518 2752 4576 quae
2782 4506 2934 4558 intus
2965 4501 3354 4563 occultantur,
3387 4498 3660 4570 mysteria
3697 4491 3868 4567 quain

481 4595 652 4659 ponat
663 4589 1109 4659 superdextrum
1120 4605 1295 4644 cornu
1307 4589 1542 4656 altaris,
1561 4589 1656 4643 ubi
1669 4605 1847 4660 usque
1869 4589 2135 4644 adE'van-

481 4677 692 4749 gelium
722 4677 996 4732 manebit.
1035 4678 1142 4732 Per
1161 4676 1347 4734 altare
1365 4677 1678 4734 Jerusalem
1709 4678 2137 4748 designatur,in

483 4781 595 4836 qua
608 4765 679 4820 ab
693 4766 858 4820 initio
870 4765 1144 4821 adventus
1164 4766 1380 4820 Domini
1390 4781 1484 4822 eoa
1493 4766 1707 4836 ngelica
1724 4765 1987 4820 doctrina
1998 4770 2138 4820 reto-

484 4854 640 4918 nuit,
668 4857 722 4910 et
744 4853 874 4910 inde
902 4870 1076 4926 usque
1088 4856 1166 4909 ad
1180 4855 1454 4925 publicum
1471 4855 1736 4922 exivit,“
1747 4856 2023 4926 scriptum
2034 4861 2133 4909 est:

485 4943 566 4998 De
591 4942 728 4998 Sion
755 4943 1066 5008 exibitlex,
1081 4949 1137 4999 et
1168 4943 1671 5000 VerbumDomini
1705 4943 1778 4999 de
1792 4943 2134 4998 Jerusalem.

486 5032 703 5088 Postea
721 5031 1095 5088 subdiaconus
1107 5032 1186 5088 ad
1208 5032 1507 5088 sinistram
1534 5032 1848 5088 sares-dotis
1862 5036 2134 5099 transeat,

483 5119 759 5176 diaconus
769 5119 840 5174 ad
854 5120 1130 5176 dextram
1152 5137 1168 5186 ;
1184 5120 1299 5186 ubi,
1316 5121 1672 5189 confessione
1695 5121 1944 5176 invicem
1960 5120 2133 5188 facta.

483 5207 670 5280 (1055)
696 5207 1003 5263 diaconum
1024 5215 1078 5264 et
1109 5207 1511 5264 subdiaconum
1541 5209 1836 5264 osculetur
1860 5208 2133 5263 sacerdos.

484 5295 747 5352 Primum
770 5295 918 5350 enim
951 5294 1214 5352 Christus
1263 5310 1460 5364 pacem
1518 5296 1784 5365 apostolis
1823 5294 1994 5359 dedit,
2031 5311 2138 5366 per

486 5399 572 5440 eos
589 5382 713 5440 orbi
741 5383 1088 5439 transmisit.
1145 5385 1280 5439 Post
1335 5399 1456 5454 quae
1517 5383 1780 5438 sacerdos
1840 5383 2140 5454 creterique

489 5473 738 5528 ministri
775 5479 930 5528 retro
958 5487 1158 5528 coram
1197 5472 1375 5527 altari
1427 5471 1670 5528 breviter
1701 5475 1882 5539 orent,
1933 5479 2138 5527 stantes

493 5561 704 5618 ordine
729 5573 870 5634 suo;
931 5560 1135 5619 deinde
1197 5559 1454 5633 primum
1517 5559 1586 5616 ab
1651 5560 1904 5617 oratione
1955 5560 2140 5634 (1056)

2245 4593 2360 4663 lege
2375 4592 2848 4656 continebantur;
2873 4606 2972 4661 per
2993 4591 3269 4647 levitatem
3287 4587 3508 4654 pluma
3523 4589 3786 4659 praecepta
3795 4592 3871 4636 oe-

2247 4681 2381 4737 teris
2405 4681 2543 4750 legis
2561 4681 2702 4735 levia
2714 4680 2791 4735 ad
2802 4681 3291 4747 comparationem
3305 4691 3470 4732 novat
3488 4693 3506 4742 ;
3523 4676 3588 4730 in
3607 4673 3712 4729 illa
3727 4668 3866 4727 enim

2243 4770 2469 4828 dicitur
2498 4786 2514 4822 :
2546 4769 2678 4824 Non
2707 4767 2918 4824 occides
2948 4784 2965 4834 ;
2991 4768 3054 4821 in
3095 4782 3241 4821 nova
3269 4782 3394 4820 vero
3420 4781 3445 4822 .'
3475 4766 3582 4834 Qui
3615 4761 3869 4818 irascitur

2242 4860 2422 4930 fratri
2439 4873 2558 4916 suo.
2592 4873 2724 4912 reus
2752 4856 2861 4912 erit
2874 4856 3127 4926 judicio.
3155 4845 3873 4926 (l060)Sicqueprteceden-

2244 4947 2400 5003 tibus
2413 4945 2762 5016 ceroferario
2775 4944 3162 5016 thuribulique
3183 4945 3516 5010 latore,cum
3534 4935 3872 5010 processione

2244 5037 2326 5092 ad
2356 5035 2650 5104 pulpitum
2670 5039 2951 5103 pergat.et
2969 5034 3273 5103 suppositio
3283 5029 3608 5100 Evangelia
3623 5043 3688 5084 ac
3700 5027 3871 5080 incen-

2243 5127 2387 5188 sato,
2409 5137 2604 5180 versus
2633 5122 2714 5178 ad
2737 5121 3104 5192 Aquilonem,
3136 5117 3512 5189 Evangelium
3543 5117 3690 5188 legat
3722 5128 3737 5176 ς
3783 5122 3873 5180 PG"

2243 5214 2289 5268 A
2299 5212 2588 5285 quitoncm
2608 5211 2753 5266 enim
2774 5209 3086 5278 inﬁdelitas
3101 5213 3350 5280 gentium
3363 5199 3874 5285 designaturquibus

2245 5282 2620 5371 Evangelium
2643 5298 2710 5354 ab
2733 5299 2997 5368 tipastolis
3021 5297 3142 5369 igne
3155 5295 3408 5368 Spiritus
3434 5291 3620 5349 sancti
3639 5282 3874 5347 accensis

2245 5389 2607 5456 pra-dicatur.
2647 5388 2760 5454 Qua
2789 5389 2926 5444 lecto
2943 5385 3284 5442 candelabra
3311 5385 3760 5454 exstinguuntur.
3783 5374 3878 5430 lm-

2245 5478 2539 5534 molatione
2565 5475 2708 5532 enim
2731 5476 2852 5531 veri
2875 5475 3027 5546 Agni
3060 5473 3229 5546 typici
3250 5471 3478 5528 cessavit
3509 5463 3879 5525 immolatio,et

2249 5575 2456 5627 cetera
2477 5567 2752 5640 mysteria
2760 5581 2878 5638 qua
2891 5565 2950 5621 in
2967 5565 3086 5637 lege
3097 5565 3256 5622 conti
3257 5561 3526 5620 nebantur
3536 5564 3592 5616 et
3605 5549 3880 5630 prophetis
