  <div class='ocr_page' id='page_1' title='image "/cluster/home/n/w/nwhite01/storage/ocr_20150623/78/hvd.32044054758826/133.png"; bbox 0 0 4034 6178; ppageno 0'>
   <div class='ocr_carea' id='block_1_1' title="bbox 500 248 618 312">
    <p class='ocr_par' dir='ltr' id='par_1_1' title="bbox 500 248 618 312">
     <span class='ocr_line' id='line_1_1' title="bbox 500 248 618 312; baseline 0 0"><span class='ocrx_word' id='word_1_1' title='bbox 500 248 618 312; x_wconf 74' lang='grc'><strong><em>255</em></strong></span> 
     </span>
    </p>
   </div>
   <div class='ocr_carea' id='block_1_2' title="bbox 1122 218 3334 320">
    <p class='ocr_par' dir='ltr' id='par_1_2' title="bbox 1122 218 3334 320">
     <span class='ocr_line' id='line_1_2' title="bbox 1122 218 3334 320; baseline 0.003 -6"><span class='ocrx_word' id='word_1_2' title='bbox 1122 252 1484 316; x_wconf 76' lang='lat' dir='ltr'><strong><em>APPENDIX</em></strong></span> <span class='ocrx_word' id='word_1_3' title='bbox 1526 254 1623 316; x_wconf 87' lang='lat' dir='ltr'><strong><em>AD</em></strong></span> <span class='ocrx_word' id='word_1_4' title='bbox 1664 255 1724 318; x_wconf 89' lang='lat' dir='ltr'><strong><em>s.</em></strong></span> <span class='ocrx_word' id='word_1_5' title='bbox 1773 249 2120 316; x_wconf 67' lang='lat' dir='ltr'><strong><em>esseom!</em></strong></span> <span class='ocrx_word' id='word_1_6' title='bbox 2164 249 2409 313; x_wconf 82' lang='lat' dir='ltr'><strong><em>MAGNI</em></strong></span> <span class='ocrx_word' id='word_1_7' title='bbox 2453 239 2595 318; x_wconf 80' lang='lat' dir='ltr'><strong><em>Lis.</em></strong></span> <span class='ocrx_word' id='word_1_8' title='bbox 2643 218 3334 320; x_wconf 31' lang='lat' dir='ltr'><strong><em>SABRAMENTORUM.‘</em></strong></span> 
     </span>
    </p>
   </div>
   <div class='ocr_carea' id='block_1_3' title="bbox 3753 263 3852 330">
    <p class='ocr_par' dir='ltr' id='par_1_3' title="bbox 3753 263 3852 330">
     <span class='ocr_line' id='line_1_3' title="bbox 3753 263 3852 330; baseline 0.061 -6"><span class='ocrx_word' id='word_1_9' title='bbox 3753 263 3852 330; x_wconf 75' lang='grc'><strong><em>256</em></strong></span> 
     </span>
    </p>
   </div>
   <div class='ocr_carea' id='block_1_4' title="bbox 502 381 3860 466">
    <p class='ocr_par' dir='ltr' id='par_1_4' title="bbox 502 381 3860 466">
     <span class='ocr_line' id='line_1_4' title="bbox 502 381 3860 466; baseline 0.004 -28"><span class='ocrx_word' id='word_1_10' title='bbox 502 383 566 438; x_wconf 85' lang='lat' dir='ltr'><strong><em>in</em></strong></span> <span class='ocrx_word' id='word_1_11' title='bbox 595 384 1664 455; x_wconf 79' lang='lat' dir='ltr'><strong><em>utroquechoromaioribusdistribuat.</em></strong></span> <span class='ocrx_word' id='word_1_12' title='bbox 1695 387 1820 454; x_wconf 84' lang='lat' dir='ltr'><strong><em>Ipsi</em></strong></span> <span class='ocrx_word' id='word_1_13' title='bbox 1831 389 2018 442; x_wconf 86' lang='lat' dir='ltr'><strong><em>autem</em></strong></span> <span class='ocrx_word' id='word_1_14' title='bbox 2047 398 2155 442; x_wconf 77' lang='grc' dir='ltr'><strong><em>ειε-</em></strong></span> <span class='ocrx_word' id='word_1_15' title='bbox 2186 385 2235 444; x_wconf 84' lang='grc' dir='ltr'>Α</span> <span class='ocrx_word' id='word_1_16' title='bbox 2349 384 2526 458; x_wconf 76' lang='lat'><strong><em>258</em></strong></span> <span class='ocrx_word' id='word_1_17' title='bbox 2553 388 2687 444; x_wconf 85' lang='lat' dir='ltr'><strong><em>Item</em></strong></span> <span class='ocrx_word' id='word_1_18' title='bbox 2719 381 2926 446; x_wconf 85' lang='lat' dir='ltr'><strong><em>oratio.</em></strong></span> <span class='ocrx_word' id='word_1_19' title='bbox 2972 421 3041 432; x_wconf 89' lang='lat'><strong><em>—</em></strong></span> <span class='ocrx_word' id='word_1_20' title='bbox 3071 389 3253 460; x_wconf 85' lang='grc'>(1086)</span> <span class='ocrx_word' id='word_1_21' title='bbox 3297 391 3470 456; x_wconf 87' lang='lat' dir='ltr'><strong><em>Deus,</em></strong></span> <span class='ocrx_word' id='word_1_22' title='bbox 3507 389 3603 464; x_wconf 88' lang='lat' dir='ltr'><strong><em>qui</em></strong></span> <span class='ocrx_word' id='word_1_23' title='bbox 3663 394 3860 466; x_wconf 82' lang='lat' dir='ltr'><strong><em>populis</em></strong></span> 
     </span>
    </p>
   </div>
   <div class='ocr_carea' id='block_1_5' title="bbox 503 472 2156 543">
    <p class='ocr_par' dir='ltr' id='par_1_5' title="bbox 503 472 2156 543">
     <span class='ocr_line' id='line_1_5' title="bbox 503 472 2156 543; baseline -0.001 -16"><span class='ocrx_word' id='word_1_24' title='bbox 503 475 636 527; x_wconf 79' lang='lat' dir='ltr'><strong><em>teris</em></strong></span> <span class='ocrx_word' id='word_1_25' title='bbox 663 472 747 526; x_wconf 84' lang='lat' dir='ltr'><strong><em>ita</em></strong></span> <span class='ocrx_word' id='word_1_26' title='bbox 762 475 1082 543; x_wconf 72' lang='lat' dir='ltr'><strong><em>porrigant,</em></strong></span> <span class='ocrx_word' id='word_1_27' title='bbox 1114 480 1176 528; x_wconf 85' lang='lat' dir='ltr'><strong><em>ut</em></strong></span> <span class='ocrx_word' id='word_1_28' title='bbox 1195 475 1388 530; x_wconf 84' lang='lat' dir='ltr'><strong><em>nullus</em></strong></span> <span class='ocrx_word' id='word_1_29' title='bbox 1415 475 1490 530; x_wconf 81' lang='lat' dir='ltr'><strong><em>de.</em></strong></span> <span class='ocrx_word' id='word_1_30' title='bbox 1511 477 1622 532; x_wconf 85' lang='lat' dir='ltr'><strong><em>loco</em></strong></span> <span class='ocrx_word' id='word_1_31' title='bbox 1650 483 1948 538; x_wconf 83' lang='lat' dir='ltr'><strong><em>moveatur,</em></strong></span> <span class='ocrx_word' id='word_1_32' title='bbox 2001 473 2094 530; x_wconf 87' lang='lat' dir='ltr'><strong><em>sed</em></strong></span> <span class='ocrx_word' id='word_1_33' title='bbox 2119 489 2156 526; x_wconf 94' lang='lat' dir='ltr'><strong><em>a</em></strong></span> 
     </span>
    </p>
   </div>
   <div class='ocr_carea' id='block_1_6' title="bbox 503 559 2154 635">
    <p class='ocr_par' dir='ltr' id='par_1_6' title="bbox 503 559 2154 635">
     <span class='ocr_line' id='line_1_6' title="bbox 503 559 2154 635; baseline 0.001 -19"><span class='ocrx_word' id='word_1_34' title='bbox 503 559 785 631; x_wconf 75' lang='lat' dir='ltr'><strong><em>superiori</em></strong></span> <span class='ocrx_word' id='word_1_35' title='bbox 808 563 860 632; x_wconf 75' lang='grc'><strong>2</strong></span> <span class='ocrx_word' id='word_1_36' title='bbox 873 562 986 634; x_wconf 78' lang='lat'><strong><em>58</em></strong></span> <span class='ocrx_word' id='word_1_37' title='bbox 1005 564 1325 631; x_wconf 75' lang='lat' dir='ltr'><strong><em>accipiat,et</em></strong></span> <span class='ocrx_word' id='word_1_38' title='bbox 1338 565 1599 635; x_wconf 79' lang='lat' dir='ltr'><strong><em>inferiori</em></strong></span> <span class='ocrx_word' id='word_1_39' title='bbox 1615 567 1858 622; x_wconf 75' lang='lat' dir='ltr'><strong><em>tribuat.</em></strong></span> <span class='ocrx_word' id='word_1_40' title='bbox 1884 565 2036 622; x_wconf 81' lang='lat' dir='ltr'><strong><em>Unus</em></strong></span> <span class='ocrx_word' id='word_1_41' title='bbox 2050 563 2154 618; x_wconf 83' lang='lat' dir='ltr'><strong><em>mi-</em></strong></span> 
     </span>
    </p>
   </div>
   <div class='ocr_carea' id='block_1_7' title="bbox 503 652 2157 726">
    <p class='ocr_par' dir='ltr' id='par_1_7' title="bbox 503 652 2157 726">
     <span class='ocr_line' id='line_1_7' title="bbox 503 652 2157 726; baseline 0.002 -23"><span class='ocrx_word' id='word_1_42' title='bbox 503 665 698 703; x_wconf 87' lang='lat' dir='ltr'><strong><em>nor-um</em></strong></span> <span class='ocrx_word' id='word_1_43' title='bbox 714 652 998 721; x_wconf 74' lang='lat' dir='ltr'><strong><em>utriusque</em></strong></span> <span class='ocrx_word' id='word_1_44' title='bbox 1014 653 1179 708; x_wconf 85' lang='lat' dir='ltr'><strong><em>chori</em></strong></span> <span class='ocrx_word' id='word_1_45' title='bbox 1197 669 1234 710; x_wconf 90' lang='lat' dir='ltr'><strong><em>a</em></strong></span> <span class='ocrx_word' id='word_1_46' title='bbox 1253 655 1568 726; x_wconf 73' lang='lat' dir='ltr'><strong><em>majoribus</em></strong></span> <span class='ocrx_word' id='word_1_47' title='bbox 1597 655 1867 724; x_wconf 86' lang='lat' dir='ltr'><strong><em>accipiat,</em></strong></span> <span class='ocrx_word' id='word_1_48' title='bbox 1889 661 1940 710; x_wconf 88' lang='lat' dir='ltr'><strong><em>et</em></strong></span> <span class='ocrx_word' id='word_1_49' title='bbox 1985 655 2157 724; x_wconf 70' lang='lat' dir='ltr'><strong><em>juxta</em></strong></span> 
     </span>
    </p>
   </div>
   <div class='ocr_carea' id='block_1_8' title="bbox 501 738 2154 809">
    <p class='ocr_par' dir='ltr' id='par_1_8' title="bbox 501 738 2154 809">
     <span class='ocr_line' id='line_1_8' title="bbox 501 738 2154 809; baseline 0.004 -18"><span class='ocrx_word' id='word_1_50' title='bbox 501 738 901 809; x_wconf 65' lang='lat' dir='ltr'><strong><em>praescriptum</em></strong></span> <span class='ocrx_word' id='word_1_51' title='bbox 923 741 1172 798; x_wconf 78' lang='lat' dir='ltr'><strong><em>ordinem</em></strong></span> <span class='ocrx_word' id='word_1_52' title='bbox 1203 745 1420 798; x_wconf 73' lang='lat' dir='ltr'><strong><em>caeteris</em></strong></span> <span class='ocrx_word' id='word_1_53' title='bbox 1444 744 1776 800; x_wconf 79' lang='lat' dir='ltr'><strong><em>distribuat.</em></strong></span> <span class='ocrx_word' id='word_1_54' title='bbox 1827 743 1943 802; x_wconf 86' lang='lat' dir='ltr'><strong><em>Hoc</em></strong></span> <span class='ocrx_word' id='word_1_55' title='bbox 1971 749 2154 798; x_wconf 85' lang='lat' dir='ltr'><strong><em>autem</em></strong></span> 
     </span>
    </p>
   </div>
   <div class='ocr_carea' id='block_1_9' title="bbox 496 825 2155 904">
    <p class='ocr_par' dir='ltr' id='par_1_9' title="bbox 496 825 2155 904">
     <span class='ocr_line' id='line_1_9' title="bbox 496 825 2155 904; baseline 0.005 -25"><span class='ocrx_word' id='word_1_56' title='bbox 496 825 986 898; x_wconf 80' lang='lat' dir='ltr'><strong><em>ﬁrmiterteneant</em></strong></span> <span class='ocrx_word' id='word_1_57' title='bbox 985 830 1155 900; x_wconf 75' lang='lat' dir='ltr'><strong><em>juxta</em></strong></span> <span class='ocrx_word' id='word_1_58' title='bbox 1165 833 1495 904; x_wconf 83' lang='lat' dir='ltr'><strong><em>apostolum,</em></strong></span> <span class='ocrx_word' id='word_1_59' title='bbox 1519 833 1734 890; x_wconf 80' lang='lat' dir='ltr'><strong><em>honore</em></strong></span> <span class='ocrx_word' id='word_1_60' title='bbox 1753 835 1986 889; x_wconf 76' lang='lat' dir='ltr'><strong><em>invicem</em></strong></span> <span class='ocrx_word' id='word_1_61' title='bbox 2009 845 2155 902; x_wconf 70' lang='lat' dir='ltr'><strong><em>prat-</em></strong></span> 
     </span>
    </p>
   </div>
   <div class='ocr_carea' id='block_1_10' title="bbox 507 917 2154 994">
    <p class='ocr_par' dir='ltr' id='par_1_10' title="bbox 507 917 2154 994">
     <span class='ocr_line' id='line_1_10' title="bbox 507 917 2154 994; baseline 0.001 -22"><span class='ocrx_word' id='word_1_62' title='bbox 507 917 878 982; x_wconf 83' lang='lat' dir='ltr'><strong><em>venientes,ut</em></strong></span> <span class='ocrx_word' id='word_1_63' title='bbox 903 918 1093 975; x_wconf 80' lang='lat' dir='ltr'><strong><em>dantes</em></strong></span> <span class='ocrx_word' id='word_1_64' title='bbox 1114 937 1306 990; x_wconf 86' lang='lat' dir='ltr'><strong><em>pacem</em></strong></span> <span class='ocrx_word' id='word_1_65' title='bbox 1329 923 1730 994; x_wconf 76' lang='lat' dir='ltr'><strong><em>etrectpientes</em></strong></span> <span class='ocrx_word' id='word_1_66' title='bbox 1741 937 1960 994; x_wconf 79' lang='lat' dir='ltr'><strong><em>semper</em></strong></span> <span class='ocrx_word' id='word_1_67' title='bbox 1983 921 2154 976; x_wconf 83' lang='lat' dir='ltr'><strong><em>incli-</em></strong></span> 
     </span>
    </p>
   </div>
   <div class='ocr_carea' id='block_1_11' title="bbox 505 1005 2158 1079">
    <p class='ocr_par' dir='ltr' id='par_1_11' title="bbox 505 1005 2158 1079">
     <span class='ocr_line' id='line_1_11' title="bbox 505 1005 2158 1079; baseline 0.003 -22"><span class='ocrx_word' id='word_1_68' title='bbox 505 1007 660 1061; x_wconf 82' lang='lat' dir='ltr'><strong><em>nent.</em></strong></span> <span class='ocrx_word' id='word_1_69' title='bbox 717 1005 828 1058; x_wconf 78' lang='lat' dir='ltr'><strong><em>Per</em></strong></span> <span class='ocrx_word' id='word_1_70' title='bbox 875 1007 1130 1064; x_wconf 85' lang='lat' dir='ltr'><strong><em>osculum</em></strong></span> <span class='ocrx_word' id='word_1_71' title='bbox 1161 1010 1316 1078; x_wconf 86' lang='lat' dir='ltr'><strong><em>pacis</em></strong></span> <span class='ocrx_word' id='word_1_72' title='bbox 1340 1011 1676 1079; x_wconf 67' lang='lat' dir='ltr'><strong><em>designatur</em></strong></span> <span class='ocrx_word' id='word_1_73' title='bbox 1704 1015 1907 1066; x_wconf 74' lang='lat' dir='ltr'><strong><em>nostrae</em></strong></span> <span class='ocrx_word' id='word_1_74' title='bbox 1937 1009 2158 1064; x_wconf 83' lang='lat' dir='ltr'><strong><em>utilitas</em></strong></span> 
     </span>
    </p>
   </div>
   <div class='ocr_carea' id='block_1_12' title="bbox 505 1092 2160 1170">
    <p class='ocr_par' dir='ltr' id='par_1_12' title="bbox 505 1092 2160 1170">
     <span class='ocr_line' id='line_1_12' title="bbox 505 1092 2160 1170; baseline 0.003 -23"><span class='ocrx_word' id='word_1_75' title='bbox 505 1092 660 1164; x_wconf 84' lang='lat' dir='ltr'><strong><em>ﬁdei.</em></strong></span> <span class='ocrx_word' id='word_1_76' title='bbox 699 1093 918 1149; x_wconf 86' lang='lat' dir='ltr'><strong><em>Chorus</em></strong></span> <span class='ocrx_word' id='word_1_77' title='bbox 948 1111 1074 1151; x_wconf 84' lang='lat' dir='ltr'><strong><em>vero</em></strong></span> <span class='ocrx_word' id='word_1_78' title='bbox 1100 1097 1315 1166; x_wconf 83' lang='lat' dir='ltr'><strong><em>psallat</em></strong></span> <span class='ocrx_word' id='word_1_79' title='bbox 1344 1099 1552 1167; x_wconf 86' lang='lat' dir='ltr'><strong><em>Agnus</em></strong></span> <span class='ocrx_word' id='word_1_80' title='bbox 1579 1099 1694 1162; x_wconf 85' lang='lat' dir='ltr'><strong><em>Dei.</em></strong></span> <span class='ocrx_word' id='word_1_81' title='bbox 1723 1100 1874 1170; x_wconf 88' lang='lat' dir='ltr'><strong><em>quod</em></strong></span> <span class='ocrx_word' id='word_1_82' title='bbox 1925 1098 2160 1170; x_wconf 85' lang='lat' dir='ltr'><strong><em>Sergius</em></strong></span> 
     </span>
    </p>
   </div>
   <div class='ocr_carea' id='block_1_13' title="bbox 504 1186 2160 1258">
    <p class='ocr_par' dir='ltr' id='par_1_13' title="bbox 504 1186 2160 1258">
     <span class='ocr_line' id='line_1_13' title="bbox 504 1186 2160 1258; baseline 0.004 -22"><span class='ocrx_word' id='word_1_83' title='bbox 504 1197 651 1252; x_wconf 85' lang='lat' dir='ltr'><strong><em>papa</em></strong></span> <span class='ocrx_word' id='word_1_84' title='bbox 675 1190 916 1252; x_wconf 86' lang='lat' dir='ltr'><strong><em>tempore</em></strong></span> <span class='ocrx_word' id='word_1_85' title='bbox 944 1186 1100 1254; x_wconf 69' lang='lat' dir='ltr'><strong><em>con/&#39;1</em></strong></span> <span class='ocrx_word' id='word_1_86' title='bbox 1116 1187 1352 1242; x_wconf 83' lang='lat' dir='ltr'><strong><em>actionis</em></strong></span> <span class='ocrx_word' id='word_1_87' title='bbox 1375 1188 1626 1258; x_wconf 80' lang='lat' dir='ltr'><strong><em>corporis</em></strong></span> <span class='ocrx_word' id='word_1_88' title='bbox 1665 1188 1890 1244; x_wconf 83' lang='lat' dir='ltr'><strong><em>Domini</em></strong></span> <span class='ocrx_word' id='word_1_89' title='bbox 1921 1193 2160 1244; x_wconf 84' lang='lat' dir='ltr'><strong><em>cantare</em></strong></span> 
     </span>
    </p>
   </div>
   <div class='ocr_carea' id='block_1_14' title="bbox 503 1272 2159 1345">
    <p class='ocr_par' dir='ltr' id='par_1_14' title="bbox 503 1272 2159 1345">
     <span class='ocr_line' id='line_1_14' title="bbox 503 1272 2159 1345; baseline 0.006 -21"><span class='ocrx_word' id='word_1_90' title='bbox 503 1272 789 1340; x_wconf 68' lang='lat' dir='ltr'><strong><em>praecepit,</em></strong></span> <span class='ocrx_word' id='word_1_91' title='bbox 803 1275 962 1341; x_wconf 85' lang='lat' dir='ltr'><strong><em>cujus</em></strong></span> <span class='ocrx_word' id='word_1_92' title='bbox 979 1277 1020 1328; x_wconf 85' lang='grc' dir='ltr'><em>Α</em></span> <span class='ocrx_word' id='word_1_93' title='bbox 1033 1276 1134 1345; x_wconf 85' lang='lat' dir='ltr'><strong><em>gni</em></strong></span> <span class='ocrx_word' id='word_1_94' title='bbox 1146 1277 1468 1332; x_wconf 85' lang='lat' dir='ltr'><strong><em>immolatio</em></strong></span> <span class='ocrx_word' id='word_1_95' title='bbox 1479 1278 1746 1334; x_wconf 84' lang='lat' dir='ltr'><strong><em>mundum</em></strong></span> <span class='ocrx_word' id='word_1_96' title='bbox 1757 1277 2012 1335; x_wconf 75' lang='lat' dir='ltr'><strong><em>redemit.</em></strong></span> <span class='ocrx_word' id='word_1_97' title='bbox 2045 1278 2159 1343; x_wconf 81' lang='lat' dir='ltr'><strong><em>Quo</em></strong></span> 
     </span>
    </p>
   </div>
   <div class='ocr_carea' id='block_1_15' title="bbox 505 1358 2155 1439">
    <p class='ocr_par' dir='ltr' id='par_1_15' title="bbox 505 1358 2155 1439">
     <span class='ocr_line' id='line_1_15' title="bbox 505 1358 2155 1439; baseline 0.004 -27"><span class='ocrx_word' id='word_1_98' title='bbox 505 1358 725 1430; x_wconf 84' lang='lat' dir='ltr'><strong><em>incepto</em></strong></span> <span class='ocrx_word' id='word_1_99' title='bbox 740 1361 1076 1417; x_wconf 82' lang='lat' dir='ltr'><strong><em>candelabra</em></strong></span> <span class='ocrx_word' id='word_1_100' title='bbox 1091 1363 1496 1421; x_wconf 83' lang='lat' dir='ltr'><strong><em>illuminentur</em></strong></span> <span class='ocrx_word' id='word_1_101' title='bbox 1517 1383 1532 1421; x_wconf 92' lang='lat'><strong><em>:</em></strong></span> <span class='ocrx_word' id='word_1_102' title='bbox 1559 1369 1709 1436; x_wconf 87' lang='lat' dir='ltr'><strong><em>Agni</em></strong></span> <span class='ocrx_word' id='word_1_103' title='bbox 1728 1366 2003 1439; x_wconf 83' lang='lat' dir='ltr'><strong><em>passione</em></strong></span> <span class='ocrx_word' id='word_1_104' title='bbox 2031 1364 2155 1420; x_wconf 85' lang='lat' dir='ltr'><strong><em>illu-</em></strong></span> 
     </span>
    </p>
   </div>
   <div class='ocr_carea' id='block_1_16' title="bbox 505 1447 1334 1518">
    <p class='ocr_par' dir='ltr' id='par_1_16' title="bbox 505 1447 1334 1518">
     <span class='ocr_line' id='line_1_16' title="bbox 505 1447 1334 1518; baseline 0.006 -14"><span class='ocrx_word' id='word_1_105' title='bbox 505 1447 765 1505; x_wconf 82' lang='lat' dir='ltr'><strong><em>minatns</em></strong></span> <span class='ocrx_word' id='word_1_106' title='bbox 791 1458 882 1506; x_wconf 89' lang='lat' dir='ltr'><strong><em>est</em></strong></span> <span class='ocrx_word' id='word_1_107' title='bbox 908 1451 1188 1518; x_wconf 88' lang='lat' dir='ltr'><strong><em>mundus,</em></strong></span> <span class='ocrx_word' id='word_1_108' title='bbox 1235 1461 1334 1509; x_wconf 89' lang='lat' dir='ltr'><strong><em>etc.</em></strong></span> 
     </span>
    </p>
   </div>
   <div class='ocr_carea' id='block_1_17' title="bbox 578 1564 2087 1634">
    <p class='ocr_par' dir='ltr' id='par_1_17' title="bbox 578 1564 2087 1634">
     <span class='ocr_line' id='line_1_17' title="bbox 578 1564 2087 1634; baseline 0.003 -14"><span class='ocrx_word' id='word_1_109' title='bbox 578 1564 776 1634; x_wconf 75' lang='lat' dir='ltr'><strong>BITUS</strong></span> <span class='ocrx_word' id='word_1_110' title='bbox 802 1565 972 1623; x_wconf 83' lang='lat' dir='ltr'><strong><em>OLIM</em></strong></span> <span class='ocrx_word' id='word_1_111' title='bbox 1029 1569 1486 1626; x_wconf 81' lang='lat' dir='ltr'><strong><em>OBSERVATUS</em></strong></span> <span class='ocrx_word' id='word_1_112' title='bbox 1542 1572 1666 1627; x_wconf 75' lang='grc' dir='ltr'><strong><em>ιιΝ</em></strong></span> <span class='ocrx_word' id='word_1_113' title='bbox 1735 1569 2087 1626; x_wconf 83' lang='lat' dir='ltr'><strong><em>UNCTIONE</em></strong></span> 
     </span>
    </p>
   </div>
   <div class='ocr_carea' id='block_1_18' title="bbox 935 1657 1658 1716">
    <p class='ocr_par' dir='ltr' id='par_1_18' title="bbox 935 1657 1658 1716">
     <span class='ocr_line' id='line_1_18' title="bbox 935 1657 1658 1716; baseline 0.006 -3"><span class='ocrx_word' id='word_1_114' title='bbox 935 1657 1180 1715; x_wconf 83' lang='lat' dir='ltr'><strong>REGUM</strong></span> <span class='ocrx_word' id='word_1_115' title='bbox 1213 1659 1658 1716; x_wconf 79' lang='lat' dir='ltr'><strong><em>FRANCORUM.</em></strong></span> 
     </span>
    </p>
   </div>
   <div class='ocr_carea' id='block_1_19' title="bbox 975 1799 1692 1854">
    <p class='ocr_par' dir='ltr' id='par_1_19' title="bbox 975 1799 1692 1854">
     <span class='ocr_line' id='line_1_19' title="bbox 975 1799 1692 1854; baseline 0.001 -5"><span class='ocrx_word' id='word_1_116' title='bbox 975 1799 1050 1849; x_wconf 84' lang='lat' dir='ltr'><strong>Ex</strong></span> <span class='ocrx_word' id='word_1_117' title='bbox 1061 1799 1252 1851; x_wconf 85' lang='lat' dir='ltr'><strong><em>Codice</em></strong></span> <span class='ocrx_word' id='word_1_118' title='bbox 1266 1801 1474 1852; x_wconf 79' lang='lat' dir='ltr'><strong><em>Batoldi</em></strong></span> <span class='ocrx_word' id='word_1_119' title='bbox 1485 1799 1692 1854; x_wconf 85' lang='lat' dir='ltr'><strong><em>abbatis</em></strong></span> 
     </span>
    </p>
   </div>
   <div class='ocr_carea' id='block_1_20' title="bbox 581 1905 2160 1981">
    <p class='ocr_par' dir='ltr' id='par_1_20' title="bbox 581 1905 2160 1981">
     <span class='ocr_line' id='line_1_20' title="bbox 581 1905 2160 1981; baseline 0 -19"><span class='ocrx_word' id='word_1_120' title='bbox 581 1905 752 1977; x_wconf 74' lang='lat'><strong><em>257</em></strong></span> <span class='ocrx_word' id='word_1_121' title='bbox 779 1907 990 1977; x_wconf 76' lang='lat' dir='ltr'><strong><em>Incipit</em></strong></span> <span class='ocrx_word' id='word_1_122' title='bbox 1006 1908 1391 1978; x_wconf 78' lang='lat' dir='ltr'><strong><em>percunctatio</em></strong></span> <span class='ocrx_word' id='word_1_123' title='bbox 1419 1909 1536 1964; x_wconf 85' lang='lat' dir='ltr'><strong><em>sive</em></strong></span> <span class='ocrx_word' id='word_1_124' title='bbox 1565 1909 1754 1966; x_wconf 82' lang='lat' dir='ltr'><strong><em>electio</em></strong></span> <span class='ocrx_word' id='word_1_125' title='bbox 1779 1909 2160 1981; x_wconf 81' lang='lat' dir='ltr'><strong><em>episcoporum</em></strong></span> 
     </span>
    </p>
   </div>
   <div class='ocr_carea' id='block_1_21' title="bbox 503 1994 2161 2070">
    <p class='ocr_par' dir='ltr' id='par_1_21' title="bbox 503 1994 2161 2070">
     <span class='ocr_line' id='line_1_21' title="bbox 503 1994 2161 2070; baseline 0.002 -22"><span class='ocrx_word' id='word_1_126' title='bbox 503 2009 567 2048; x_wconf 88' lang='lat' dir='ltr'><strong><em>ac</em></strong></span> <span class='ocrx_word' id='word_1_127' title='bbox 602 1994 949 2061; x_wconf 83' lang='lat' dir='ltr'><strong><em>clericorum,</em></strong></span> <span class='ocrx_word' id='word_1_128' title='bbox 980 2011 1187 2054; x_wconf 78' lang='lat' dir='ltr'><strong><em>necnon</em></strong></span> <span class='ocrx_word' id='word_1_129' title='bbox 1215 1997 1550 2068; x_wconf 86' lang='lat' dir='ltr'><strong><em>populorum</em></strong></span> <span class='ocrx_word' id='word_1_130' title='bbox 1605 1997 1790 2070; x_wconf 85' lang='lat' dir='ltr'><strong><em>(l077)</em></strong></span> <span class='ocrx_word' id='word_1_131' title='bbox 1851 2000 1924 2056; x_wconf 89' lang='lat' dir='ltr'><strong><em>ad</em></strong></span> <span class='ocrx_word' id='word_1_132' title='bbox 1970 2013 2161 2068; x_wconf 87' lang='lat' dir='ltr'><strong><em>regem</em></strong></span> 
     </span>
    </p>
   </div>
   <div class='ocr_carea' id='block_1_22' title="bbox 503 2083 1634 2143">
    <p class='ocr_par' dir='ltr' id='par_1_22' title="bbox 503 2083 1634 2143">
     <span class='ocr_line' id='line_1_22' title="bbox 503 2083 1634 2143; baseline 0.004 -5"><span class='ocrx_word' id='word_1_133' title='bbox 503 2083 924 2140; x_wconf 81' lang='lat' dir='ltr'><strong><em>consecrandum</em></strong></span> <span class='ocrx_word' id='word_1_134' title='bbox 942 2086 1053 2140; x_wconf 83' lang='lat' dir='ltr'><strong><em>sive</em></strong></span> <span class='ocrx_word' id='word_1_135' title='bbox 1074 2087 1154 2141; x_wconf 88' lang='lat' dir='ltr'><strong><em>ad</em></strong></span> <span class='ocrx_word' id='word_1_136' title='bbox 1181 2085 1634 2143; x_wconf 77' lang='lat' dir='ltr'><strong><em>benedicendum.</em></strong></span> 
     </span>
    </p>
   </div>
   <div class='ocr_carea' id='block_1_23' title="bbox 573 2171 2160 2248">
    <p class='ocr_par' dir='ltr' id='par_1_23' title="bbox 573 2171 2160 2248">
     <span class='ocr_line' id='line_1_23' title="bbox 573 2171 2160 2248; baseline 0.003 -20"><span class='ocrx_word' id='word_1_137' title='bbox 573 2171 905 2230; x_wconf 82' lang='lat' dir='ltr'><strong><em>Anmonitio</em></strong></span> <span class='ocrx_word' id='word_1_138' title='bbox 929 2175 1308 2246; x_wconf 86' lang='lat' dir='ltr'><strong><em>episcoporum</em></strong></span> <span class='ocrx_word' id='word_1_139' title='bbox 1339 2177 1428 2232; x_wconf 86' lang='lat' dir='ltr'><strong><em>vel</em></strong></span> <span class='ocrx_word' id='word_1_140' title='bbox 1450 2177 1785 2234; x_wconf 81' lang='lat' dir='ltr'><strong><em>clericorum</em></strong></span> <span class='ocrx_word' id='word_1_141' title='bbox 1815 2192 1911 2234; x_wconf 85' lang='lat' dir='ltr'><strong><em>seu</em></strong></span> <span class='ocrx_word' id='word_1_142' title='bbox 1935 2177 2160 2248; x_wconf 82' lang='lat' dir='ltr'><strong><em>populo-</em></strong></span> 
     </span>
    </p>
   </div>
   <div class='ocr_carea' id='block_1_24' title="bbox 501 2263 2160 2338">
    <p class='ocr_par' dir='ltr' id='par_1_24' title="bbox 501 2263 2160 2338">
     <span class='ocr_line' id='line_1_24' title="bbox 501 2263 2160 2338; baseline 0.005 -23"><span class='ocrx_word' id='word_1_143' title='bbox 501 2277 637 2317; x_wconf 85' lang='lat' dir='ltr'><strong><em>rum</em></strong></span> <span class='ocrx_word' id='word_1_144' title='bbox 666 2263 744 2318; x_wconf 87' lang='lat' dir='ltr'><strong><em>ad</em></strong></span> <span class='ocrx_word' id='word_1_145' title='bbox 769 2277 964 2332; x_wconf 83' lang='lat' dir='ltr'><strong><em>regem</em></strong></span> <span class='ocrx_word' id='word_1_146' title='bbox 986 2264 1210 2322; x_wconf 81' lang='lat' dir='ltr'><strong><em>dicenda</em></strong></span> <span class='ocrx_word' id='word_1_147' title='bbox 1269 2268 1351 2322; x_wconf 86' lang='lat' dir='ltr'><strong><em>ita</em></strong></span> <span class='ocrx_word' id='word_1_148' title='bbox 1382 2265 1596 2338; x_wconf 87' lang='lat' dir='ltr'><strong><em>legatur</em></strong></span> <span class='ocrx_word' id='word_1_149' title='bbox 1615 2267 1686 2324; x_wconf 90' lang='lat' dir='ltr'><strong><em>ab</em></strong></span> <span class='ocrx_word' id='word_1_150' title='bbox 1723 2283 1836 2324; x_wconf 89' lang='lat' dir='ltr'><strong><em>uno</em></strong></span> <span class='ocrx_word' id='word_1_151' title='bbox 1901 2269 2160 2338; x_wconf 84' lang='lat' dir='ltr'><strong><em>episcopo</em></strong></span> 
     </span>
    </p>
   </div>
   <div class='ocr_carea' id='block_1_25' title="bbox 501 2353 1004 2408">
    <p class='ocr_par' dir='ltr' id='par_1_25' title="bbox 501 2353 1004 2408">
     <span class='ocr_line' id='line_1_25' title="bbox 501 2353 1004 2408; baseline 0.006 -3"><span class='ocrx_word' id='word_1_152' title='bbox 501 2366 688 2406; x_wconf 88' lang='lat' dir='ltr'><strong><em>coram</em></strong></span> <span class='ocrx_word' id='word_1_153' title='bbox 718 2353 967 2408; x_wconf 78' lang='lat' dir='ltr'><strong><em>omnibus</em></strong></span> <span class='ocrx_word' id='word_1_154' title='bbox 991 2369 1004 2408; x_wconf 92' lang='lat'><strong>:</strong></span> 
     </span>
    </p>
   </div>
   <div class='ocr_carea' id='block_1_26' title="bbox 577 2439 2162 2518">
    <p class='ocr_par' dir='ltr' id='par_1_26' title="bbox 577 2439 2162 2518">
     <span class='ocr_line' id='line_1_26' title="bbox 577 2439 2162 2518; baseline 0.006 -26"><span class='ocrx_word' id='word_1_155' title='bbox 577 2439 820 2509; x_wconf 82' lang='lat' dir='ltr'><strong><em>(lO78)A</em></strong></span> <span class='ocrx_word' id='word_1_156' title='bbox 847 2441 1013 2496; x_wconf 87' lang='lat' dir='ltr'><strong><em>vobis</em></strong></span> <span class='ocrx_word' id='word_1_157' title='bbox 1037 2441 1356 2510; x_wconf 88' lang='lat' dir='ltr'><strong><em>perdonari</em></strong></span> <span class='ocrx_word' id='word_1_158' title='bbox 1376 2444 1632 2516; x_wconf 80' lang='lat' dir='ltr'><strong><em>petimus</em></strong></span> <span class='ocrx_word' id='word_1_159' title='bbox 1665 2444 2068 2518; x_wconf 87' lang='lat' dir='ltr'><strong><em>utunicuique</em></strong></span> <span class='ocrx_word' id='word_1_160' title='bbox 2093 2446 2162 2501; x_wconf 89' lang='lat' dir='ltr'><strong><em>de</em></strong></span> 
     </span>
    </p>
   </div>
   <div class='ocr_carea' id='block_1_27' title="bbox 508 2527 2158 2606">
    <p class='ocr_par' dir='ltr' id='par_1_27' title="bbox 508 2527 2158 2606">
     <span class='ocr_line' id='line_1_27' title="bbox 508 2527 2158 2606; baseline 0.004 -24"><span class='ocrx_word' id='word_1_161' title='bbox 508 2527 683 2583; x_wconf 87' lang='lat' dir='ltr'><strong><em>nobis</em></strong></span> <span class='ocrx_word' id='word_1_162' title='bbox 713 2534 769 2582; x_wconf 91' lang='lat' dir='ltr'><strong><em>et</em></strong></span> <span class='ocrx_word' id='word_1_163' title='bbox 791 2528 1058 2586; x_wconf 88' lang='lat' dir='ltr'><strong><em>Ecclesiis</em></strong></span> <span class='ocrx_word' id='word_1_164' title='bbox 1083 2529 1256 2588; x_wconf 90' lang='lat' dir='ltr'><strong><em>nobis</em></strong></span> <span class='ocrx_word' id='word_1_165' title='bbox 1287 2532 1626 2588; x_wconf 87' lang='lat' dir='ltr'><strong><em>commissis</em></strong></span> <span class='ocrx_word' id='word_1_166' title='bbox 1655 2533 2018 2590; x_wconf 89' lang='lat' dir='ltr'><strong><em>canonicum</em></strong></span> <span class='ocrx_word' id='word_1_167' title='bbox 2041 2533 2158 2606; x_wconf 88' lang='lat' dir='ltr'><strong><em>pri-</em></strong></span> 
     </span>
    </p>
   </div>
   <div class='ocr_carea' id='block_1_28' title="bbox 509 2615 2164 2692">
    <p class='ocr_par' dir='ltr' id='par_1_28' title="bbox 509 2615 2164 2692">
     <span class='ocr_line' id='line_1_28' title="bbox 509 2615 2164 2692; baseline 0.004 -21"><span class='ocrx_word' id='word_1_168' title='bbox 509 2615 791 2686; x_wconf 86' lang='lat' dir='ltr'><strong><em>vilegium</em></strong></span> <span class='ocrx_word' id='word_1_169' title='bbox 805 2617 1153 2676; x_wconf 88' lang='lat' dir='ltr'><strong><em>acdebitam</em></strong></span> <span class='ocrx_word' id='word_1_170' title='bbox 1167 2620 1357 2692; x_wconf 83' lang='lat' dir='ltr'><strong><em>legem</em></strong></span> <span class='ocrx_word' id='word_1_171' title='bbox 1369 2629 1544 2692; x_wconf 87' lang='lat' dir='ltr'><strong><em>atque</em></strong></span> <span class='ocrx_word' id='word_1_172' title='bbox 1551 2621 1572 2691; x_wconf 92' lang='lat' dir='ltr'><strong><em>j</em></strong></span> <span class='ocrx_word' id='word_1_173' title='bbox 1584 2621 1840 2678; x_wconf 86' lang='lat' dir='ltr'><strong><em>ustitiam</em></strong></span> <span class='ocrx_word' id='word_1_174' title='bbox 1855 2637 2164 2678; x_wconf 88' lang='lat' dir='ltr'><strong><em>conserve-</em></strong></span> 
     </span>
    </p>
   </div>
   <div class='ocr_carea' id='block_1_29' title="bbox 509 2705 2162 2775">
    <p class='ocr_par' dir='ltr' id='par_1_29' title="bbox 509 2705 2162 2775">
     <span class='ocr_line' id='line_1_29' title="bbox 509 2705 2162 2775; baseline 0.004 -15"><span class='ocrx_word' id='word_1_175' title='bbox 509 2705 599 2772; x_wconf 87' lang='lat' dir='ltr'><strong><em>tis,</em></strong></span> <span class='ocrx_word' id='word_1_176' title='bbox 643 2710 700 2760; x_wconf 87' lang='lat' dir='ltr'><strong><em>et</em></strong></span> <span class='ocrx_word' id='word_1_177' title='bbox 737 2705 1144 2765; x_wconf 83' lang='lat' dir='ltr'><strong><em>defensionem</em></strong></span> <span class='ocrx_word' id='word_1_178' title='bbox 1168 2709 1680 2775; x_wconf 83' lang='lat' dir='ltr'><strong><em>exbibeatis,sicut</em></strong></span> <span class='ocrx_word' id='word_1_179' title='bbox 1698 2726 1799 2766; x_wconf 84' lang='lat' dir='ltr'><strong><em>rex</em></strong></span> <span class='ocrx_word' id='word_1_180' title='bbox 1840 2711 1900 2766; x_wconf 92' lang='lat' dir='ltr'><strong><em>in</em></strong></span> <span class='ocrx_word' id='word_1_181' title='bbox 1924 2727 2037 2768; x_wconf 88' lang='lat' dir='ltr'><strong><em>suo</em></strong></span> <span class='ocrx_word' id='word_1_182' title='bbox 2077 2727 2162 2767; x_wconf 89' lang='lat' dir='ltr'><strong><em>re-</em></strong></span> 
     </span>
    </p>
   </div>
   <div class='ocr_carea' id='block_1_30' title="bbox 509 2793 2162 2868">
    <p class='ocr_par' dir='ltr' id='par_1_30' title="bbox 509 2793 2162 2868">
     <span class='ocr_line' id='line_1_30' title="bbox 509 2793 2162 2868; baseline 0.004 -20"><span class='ocrx_word' id='word_1_183' title='bbox 509 2807 629 2864; x_wconf 89' lang='lat' dir='ltr'><strong><em>gno</em></strong></span> <span class='ocrx_word' id='word_1_184' title='bbox 661 2793 979 2867; x_wconf 85' lang='lat' dir='ltr'><strong><em>unicuique</em></strong></span> <span class='ocrx_word' id='word_1_185' title='bbox 1005 2797 1278 2868; x_wconf 87' lang='lat' dir='ltr'><strong><em>episcopo</em></strong></span> <span class='ocrx_word' id='word_1_186' title='bbox 1305 2803 1361 2854; x_wconf 89' lang='lat' dir='ltr'><strong><em>et</em></strong></span> <span class='ocrx_word' id='word_1_187' title='bbox 1386 2798 1654 2856; x_wconf 64' lang='lat' dir='ltr'><strong><em>Ecclesia</em></strong></span> <span class='ocrx_word' id='word_1_188' title='bbox 1681 2798 1788 2854; x_wconf 87' lang='lat' dir='ltr'><strong><em>sibi</em></strong></span> <span class='ocrx_word' id='word_1_189' title='bbox 1819 2800 2162 2856; x_wconf 60' lang='lat' dir='ltr'><strong><em>commissa</em></strong></span> 
     </span>
    </p>
   </div>
   <div class='ocr_carea' id='block_1_31' title="bbox 511 2881 1764 2954">
    <p class='ocr_par' dir='ltr' id='par_1_31' title="bbox 511 2881 1764 2954">
     <span class='ocr_line' id='line_1_31' title="bbox 511 2881 1764 2954; baseline 0.005 -19"><span class='ocrx_word' id='word_1_190' title='bbox 511 2881 692 2951; x_wconf 78' lang='grc'>(1079)</span> <span class='ocrx_word' id='word_1_191' title='bbox 722 2897 824 2954; x_wconf 87' lang='lat' dir='ltr'><strong><em>per</em></strong></span> <span class='ocrx_word' id='word_1_192' title='bbox 852 2890 1080 2941; x_wconf 88' lang='lat' dir='ltr'><strong><em>rectum</em></strong></span> <span class='ocrx_word' id='word_1_193' title='bbox 1102 2885 1588 2942; x_wconf 85' lang='lat' dir='ltr'><strong><em>exhiberedebet.</em></strong></span> <span class='ocrx_word' id='word_1_194' title='bbox 1750 2890 1764 2895; x_wconf 81' lang='grc'><strong><em>“</em></strong></span> 
     </span>
    </p>
   </div>
   <div class='ocr_carea' id='block_1_32' title="bbox 581 2971 2162 3050">
    <p class='ocr_par' dir='ltr' id='par_1_32' title="bbox 581 2971 2162 3050">
     <span class='ocr_line' id='line_1_32' title="bbox 581 2971 2162 3050; baseline 0.003 -23"><span class='ocrx_word' id='word_1_195' title='bbox 581 2971 766 3040; x_wconf 90' lang='grc'>(1080)</span> <span class='ocrx_word' id='word_1_196' title='bbox 791 2971 1093 3043; x_wconf 79' lang='lat' dir='ltr'><strong><em>Responsio</em></strong></span> <span class='ocrx_word' id='word_1_197' title='bbox 1113 2975 1286 3046; x_wconf 86' lang='lat' dir='ltr'><strong><em>regis.</em></strong></span> <span class='ocrx_word' id='word_1_198' title='bbox 1310 3002 1381 3016; x_wconf 61' lang='grc' dir='ltr'><strong><em>τ-</em></strong></span> <span class='ocrx_word' id='word_1_199' title='bbox 1405 2975 1688 3031; x_wconf 79' lang='lat' dir='ltr'><strong><em>Promitto</em></strong></span> <span class='ocrx_word' id='word_1_200' title='bbox 1741 2975 1914 3033; x_wconf 85' lang='lat' dir='ltr'><strong><em>vobis</em></strong></span> <span class='ocrx_word' id='word_1_201' title='bbox 1945 2981 2000 3032; x_wconf 90' lang='lat' dir='ltr'><strong><em>et</em></strong></span> <span class='ocrx_word' id='word_1_202' title='bbox 2033 2992 2162 3050; x_wconf 83' lang='lat' dir='ltr'><strong><em>per-</em></strong></span> 
     </span>
    </p>
   </div>
   <div class='ocr_carea' id='block_1_33' title="bbox 511 3058 2242 3164">
    <p class='ocr_par' dir='ltr' id='par_1_33' title="bbox 511 3058 2242 3164">
     <span class='ocr_line' id='line_1_33' title="bbox 511 3058 2242 3164; baseline 0.005 -50"><span class='ocrx_word' id='word_1_203' title='bbox 511 3058 676 3158; x_wconf 37' lang='lat' dir='ltr'><strong><em>dono.</em></strong></span> <span class='ocrx_word' id='word_1_204' title='bbox 691 3060 830 3131; x_wconf 85' lang='lat' dir='ltr'><strong><em>quia</em></strong></span> <span class='ocrx_word' id='word_1_205' title='bbox 857 3061 1448 3164; x_wconf 60' lang='lat' dir='ltr'><strong><em>unicuiquedevohis</em></strong></span> <span class='ocrx_word' id='word_1_206' title='bbox 1463 3069 1519 3119; x_wconf 90' lang='lat' dir='ltr'><strong><em>et</em></strong></span> <span class='ocrx_word' id='word_1_207' title='bbox 1533 3063 1802 3164; x_wconf 73' lang='lat' dir='ltr'><strong><em>Ecclesiis</em></strong></span> <span class='ocrx_word' id='word_1_208' title='bbox 1818 3065 2162 3164; x_wconf 72' lang='lat' dir='ltr'><strong><em>vobiscom-</em></strong></span> <span class='ocrx_word' id='word_1_209' title='bbox 2191 3097 2242 3164; x_wconf 74' lang='grc' dir='ltr'><strong>Ο</strong></span> 
     </span>
    </p>
   </div>
   <div class='ocr_carea' id='block_1_34' title="bbox 511 3147 2159 3224">
    <p class='ocr_par' dir='ltr' id='par_1_34' title="bbox 511 3147 2159 3224">
     <span class='ocr_line' id='line_1_34' title="bbox 511 3147 2159 3224; baseline 0.002 -20"><span class='ocrx_word' id='word_1_210' title='bbox 511 3147 712 3204; x_wconf 85' lang='lat' dir='ltr'><strong><em>missis</em></strong></span> <span class='ocrx_word' id='word_1_211' title='bbox 770 3149 1127 3207; x_wconf 88' lang='lat' dir='ltr'><strong><em>canonicum</em></strong></span> <span class='ocrx_word' id='word_1_212' title='bbox 1188 3151 1562 3224; x_wconf 79' lang='lat' dir='ltr'><strong><em>privilegium</em></strong></span> <span class='ocrx_word' id='word_1_213' title='bbox 1593 3157 1649 3208; x_wconf 87' lang='lat' dir='ltr'><strong><em>et</em></strong></span> <span class='ocrx_word' id='word_1_214' title='bbox 1685 3151 1947 3208; x_wconf 84' lang='lat' dir='ltr'><strong><em>debitam</em></strong></span> <span class='ocrx_word' id='word_1_215' title='bbox 1975 3151 2159 3223; x_wconf 86' lang='lat' dir='ltr'><strong><em>legem</em></strong></span> 
     </span>
    </p>
   </div>
   <div class='ocr_carea' id='block_1_35' title="bbox 513 3237 2161 3314">
    <p class='ocr_par' dir='ltr' id='par_1_35' title="bbox 513 3237 2161 3314">
     <span class='ocr_line' id='line_1_35' title="bbox 513 3237 2161 3314; baseline 0.004 -22"><span class='ocrx_word' id='word_1_216' title='bbox 513 3238 693 3308; x_wconf 87' lang='lat' dir='ltr'><strong><em>atque</em></strong></span> <span class='ocrx_word' id='word_1_217' title='bbox 717 3237 998 3308; x_wconf 81' lang='lat' dir='ltr'><strong><em>justitiam</em></strong></span> <span class='ocrx_word' id='word_1_218' title='bbox 1027 3239 1304 3303; x_wconf 86' lang='lat' dir='ltr'><strong><em>servabo,</em></strong></span> <span class='ocrx_word' id='word_1_219' title='bbox 1333 3247 1386 3295; x_wconf 89' lang='lat' dir='ltr'><strong><em>et</em></strong></span> <span class='ocrx_word' id='word_1_220' title='bbox 1409 3240 1840 3305; x_wconf 86' lang='lat' dir='ltr'><strong><em>defensionem,</em></strong></span> <span class='ocrx_word' id='word_1_221' title='bbox 1863 3248 2161 3314; x_wconf 89' lang='lat' dir='ltr'><strong><em>quantum</em></strong></span> 
     </span>
    </p>
   </div>
   <div class='ocr_carea' id='block_1_36' title="bbox 512 3327 2163 3398">
    <p class='ocr_par' dir='ltr' id='par_1_36' title="bbox 512 3327 2163 3398">
     <span class='ocr_line' id='line_1_36' title="bbox 512 3327 2163 3398; baseline 0.004 -18"><span class='ocrx_word' id='word_1_222' title='bbox 512 3332 786 3396; x_wconf 79' lang='lat' dir='ltr'><strong><em>potuero,</em></strong></span> <span class='ocrx_word' id='word_1_223' title='bbox 814 3327 1134 3398; x_wconf 79' lang='lat' dir='ltr'><strong><em>adjuvante</em></strong></span> <span class='ocrx_word' id='word_1_224' title='bbox 1161 3329 1438 3393; x_wconf 89' lang='lat' dir='ltr'><strong><em>Domino,</em></strong></span> <span class='ocrx_word' id='word_1_225' title='bbox 1471 3329 1789 3395; x_wconf 83' lang='lat' dir='ltr'><strong><em>exhibebo,</em></strong></span> <span class='ocrx_word' id='word_1_226' title='bbox 1812 3330 1958 3386; x_wconf 86' lang='lat' dir='ltr'><strong><em>sicut</em></strong></span> <span class='ocrx_word' id='word_1_227' title='bbox 1984 3347 2084 3386; x_wconf 86' lang='lat' dir='ltr'><strong><em>rex</em></strong></span> <span class='ocrx_word' id='word_1_228' title='bbox 2104 3332 2163 3387; x_wconf 90' lang='lat' dir='ltr'><strong><em>in</em></strong></span> 
     </span>
    </p>
   </div>
   <div class='ocr_carea' id='block_1_37' title="bbox 515 3417 2168 3490">
    <p class='ocr_par' dir='ltr' id='par_1_37' title="bbox 515 3417 2168 3490">
     <span class='ocr_line' id='line_1_37' title="bbox 515 3417 2168 3490; baseline 0.005 -22"><span class='ocrx_word' id='word_1_229' title='bbox 515 3429 620 3469; x_wconf 89' lang='lat' dir='ltr'><strong><em>suo</em></strong></span> <span class='ocrx_word' id='word_1_230' title='bbox 644 3429 830 3486; x_wconf 88' lang='lat' dir='ltr'><strong><em>regno</em></strong></span> <span class='ocrx_word' id='word_1_231' title='bbox 856 3417 1174 3489; x_wconf 89' lang='lat' dir='ltr'><strong><em>unicuique</em></strong></span> <span class='ocrx_word' id='word_1_232' title='bbox 1195 3417 1482 3490; x_wconf 88' lang='lat' dir='ltr'><strong><em>episcopo</em></strong></span> <span class='ocrx_word' id='word_1_233' title='bbox 1507 3423 1564 3474; x_wconf 88' lang='lat' dir='ltr'><strong><em>et</em></strong></span> <span class='ocrx_word' id='word_1_234' title='bbox 1579 3419 1844 3476; x_wconf 62' lang='lat' dir='ltr'><strong><em>Ecclesiae</em></strong></span> <span class='ocrx_word' id='word_1_235' title='bbox 1867 3420 1980 3477; x_wconf 90' lang='lat' dir='ltr'><strong><em>sibi</em></strong></span> <span class='ocrx_word' id='word_1_236' title='bbox 2005 3436 2168 3477; x_wconf 90' lang='lat' dir='ltr'><strong><em>com-</em></strong></span> 
     </span>
    </p>
   </div>
   <div class='ocr_carea' id='block_1_38' title="bbox 516 3501 1618 3574">
    <p class='ocr_par' dir='ltr' id='par_1_38' title="bbox 516 3501 1618 3574">
     <span class='ocr_line' id='line_1_38' title="bbox 516 3501 1618 3574; baseline 0.004 -16"><span class='ocrx_word' id='word_1_237' title='bbox 516 3501 717 3558; x_wconf 71' lang='lat' dir='ltr'><strong><em>missas</em></strong></span> <span class='ocrx_word' id='word_1_238' title='bbox 739 3519 844 3574; x_wconf 87' lang='lat' dir='ltr'><strong><em>per</em></strong></span> <span class='ocrx_word' id='word_1_239' title='bbox 873 3511 1089 3562; x_wconf 89' lang='lat' dir='ltr'><strong><em>rectum</em></strong></span> <span class='ocrx_word' id='word_1_240' title='bbox 1120 3507 1397 3562; x_wconf 84' lang='lat' dir='ltr'><strong><em>exhibere</em></strong></span> <span class='ocrx_word' id='word_1_241' title='bbox 1427 3507 1618 3565; x_wconf 86' lang='lat' dir='ltr'><strong><em>debet.</em></strong></span> 
     </span>
    </p>
   </div>
   <div class='ocr_carea' id='block_1_39' title="bbox 587 3591 2166 3669">
    <p class='ocr_par' dir='ltr' id='par_1_39' title="bbox 587 3591 2166 3669">
     <span class='ocr_line' id='line_1_39' title="bbox 587 3591 2166 3669; baseline 0.005 -23"><span class='ocrx_word' id='word_1_242' title='bbox 587 3591 774 3662; x_wconf 88' lang='grc'>(1081)</span> <span class='ocrx_word' id='word_1_243' title='bbox 795 3593 1012 3652; x_wconf 82' lang='lat' dir='ltr'><strong><em>Deinde</em></strong></span> <span class='ocrx_word' id='word_1_244' title='bbox 1025 3596 1398 3667; x_wconf 80' lang='lat' dir='ltr'><strong><em>alloquuntur</em></strong></span> <span class='ocrx_word' id='word_1_245' title='bbox 1412 3597 1516 3653; x_wconf 87' lang='lat' dir='ltr'><strong><em>duo</em></strong></span> <span class='ocrx_word' id='word_1_246' title='bbox 1543 3597 1788 3668; x_wconf 82' lang='lat' dir='ltr'><strong><em>episcopi</em></strong></span> <span class='ocrx_word' id='word_1_247' title='bbox 1805 3600 2076 3669; x_wconf 81' lang='lat' dir='ltr'><strong><em>populum</em></strong></span> <span class='ocrx_word' id='word_1_248' title='bbox 2100 3599 2166 3654; x_wconf 85' lang='lat' dir='ltr'><strong><em>in</em></strong></span> 
     </span>
    </p>
   </div>
   <div class='ocr_carea' id='block_1_40' title="bbox 517 3679 2166 3758">
    <p class='ocr_par' dir='ltr' id='par_1_40' title="bbox 517 3679 2166 3758">
     <span class='ocr_line' id='line_1_40' title="bbox 517 3679 2166 3758; baseline 0.003 -22"><span class='ocrx_word' id='word_1_249' title='bbox 517 3679 750 3736; x_wconf 80' lang='lat' dir='ltr'><strong><em>ecclesia</em></strong></span> <span class='ocrx_word' id='word_1_250' title='bbox 773 3681 1124 3753; x_wconf 84' lang='lat' dir='ltr'><strong><em>inquirentes</em></strong></span> <span class='ocrx_word' id='word_1_251' title='bbox 1148 3699 1334 3740; x_wconf 85' lang='lat' dir='ltr'><strong><em>eorum</em></strong></span> <span class='ocrx_word' id='word_1_252' title='bbox 1354 3685 1842 3754; x_wconf 82' lang='lat' dir='ltr'><strong><em>voluntatem,etsi</em></strong></span> <span class='ocrx_word' id='word_1_253' title='bbox 1867 3685 2166 3758; x_wconf 74' lang='lat' dir='ltr'><strong><em>concordes</em></strong></span> 
     </span>
    </p>
   </div>
   <div class='ocr_carea' id='block_1_41' title="bbox 513 3767 2163 3847">
    <p class='ocr_par' dir='ltr' id='par_1_41' title="bbox 513 3767 2163 3847">
     <span class='ocr_line' id='line_1_41' title="bbox 513 3767 2163 3847; baseline 0.004 -24"><span class='ocrx_word' id='word_1_254' title='bbox 513 3767 752 3840; x_wconf 81' lang='lat' dir='ltr'><strong><em>fuerint,</em></strong></span> <span class='ocrx_word' id='word_1_255' title='bbox 785 3769 971 3841; x_wconf 82' lang='grc'>(1082)</span> <span class='ocrx_word' id='word_1_256' title='bbox 1020 3777 1196 3841; x_wconf 86' lang='lat' dir='ltr'><strong><em>agant</em></strong></span> <span class='ocrx_word' id='word_1_257' title='bbox 1232 3773 1330 3827; x_wconf 91' lang='lat' dir='ltr'><strong><em>Deo</em></strong></span> <span class='ocrx_word' id='word_1_258' title='bbox 1352 3774 1571 3843; x_wconf 86' lang='lat' dir='ltr'><strong><em>gratias</em></strong></span> <span class='ocrx_word' id='word_1_259' title='bbox 1591 3775 1952 3845; x_wconf 82' lang='lat' dir='ltr'><strong><em>omnipotenti</em></strong></span> <span class='ocrx_word' id='word_1_260' title='bbox 1980 3775 2163 3847; x_wconf 87' lang='grc'>(1083)</span> 
     </span>
    </p>
   </div>
   <div class='ocr_carea' id='block_1_42' title="bbox 514 3859 2162 3934">
    <p class='ocr_par' dir='ltr' id='par_1_42' title="bbox 514 3859 2162 3934">
     <span class='ocr_line' id='line_1_42' title="bbox 514 3859 2162 3934; baseline 0.004 -20"><span class='ocrx_word' id='word_1_261' title='bbox 514 3859 864 3915; x_wconf 80' lang='lat' dir='ltr'><strong><em>decantantes</em></strong></span> <span class='ocrx_word' id='word_1_262' title='bbox 884 3863 958 3916; x_wconf 84' lang='lat' dir='ltr'><strong><em>Te</em></strong></span> <span class='ocrx_word' id='word_1_263' title='bbox 991 3863 1175 3916; x_wconf 86' lang='lat' dir='ltr'><strong><em>Deum</em></strong></span> <span class='ocrx_word' id='word_1_264' title='bbox 1207 3861 1556 3917; x_wconf 82' lang='lat' dir='ltr'><strong><em>laudamus.</em></strong></span> <span class='ocrx_word' id='word_1_265' title='bbox 1579 3871 1632 3916; x_wconf 85' lang='lat' dir='ltr'><strong><em>et</em></strong></span> <span class='ocrx_word' id='word_1_266' title='bbox 1662 3863 1776 3918; x_wconf 83' lang='lat' dir='ltr'><strong><em>duo</em></strong></span> <span class='ocrx_word' id='word_1_267' title='bbox 1803 3865 2046 3934; x_wconf 85' lang='lat' dir='ltr'><strong><em>episcopi</em></strong></span> <span class='ocrx_word' id='word_1_268' title='bbox 2072 3880 2162 3920; x_wconf 90' lang='lat' dir='ltr'><strong><em>ac-</em></strong></span> 
     </span>
    </p>
   </div>
   <div class='ocr_carea' id='block_1_43' title="bbox 512 3948 2160 4019">
    <p class='ocr_par' dir='ltr' id='par_1_43' title="bbox 512 3948 2160 4019">
     <span class='ocr_line' id='line_1_43' title="bbox 512 3948 2160 4019; baseline 0.003 -17"><span class='ocrx_word' id='word_1_269' title='bbox 512 3948 727 4016; x_wconf 82' lang='lat' dir='ltr'><strong><em>cipiant</em></strong></span> <span class='ocrx_word' id='word_1_270' title='bbox 752 3963 879 4004; x_wconf 89' lang='lat' dir='ltr'><strong><em>eum</em></strong></span> <span class='ocrx_word' id='word_1_271' title='bbox 901 3965 998 4019; x_wconf 86' lang='lat' dir='ltr'><strong><em>per</em></strong></span> <span class='ocrx_word' id='word_1_272' title='bbox 1031 3965 1260 4009; x_wconf 86' lang='lat' dir='ltr'><strong><em>manus.</em></strong></span> <span class='ocrx_word' id='word_1_273' title='bbox 1292 3955 1347 4006; x_wconf 88' lang='lat' dir='ltr'><strong><em>et</em></strong></span> <span class='ocrx_word' id='word_1_274' title='bbox 1375 3949 1652 4006; x_wconf 80' lang='lat' dir='ltr'><strong><em>deducant</em></strong></span> <span class='ocrx_word' id='word_1_275' title='bbox 1703 3959 1830 4006; x_wconf 84' lang='lat' dir='ltr'><strong><em>ante</em></strong></span> <span class='ocrx_word' id='word_1_276' title='bbox 1859 3953 2044 4009; x_wconf 87' lang='lat' dir='ltr'><strong><em>altare</em></strong></span> <span class='ocrx_word' id='word_1_277' title='bbox 2087 3957 2160 4019; x_wconf 83' lang='lat' dir='ltr'><strong><em>et,</em></strong></span> 
     </span>
    </p>
   </div>
   <div class='ocr_carea' id='block_1_44' title="bbox 509 4036 2070 4108">
    <p class='ocr_par' dir='ltr' id='par_1_44' title="bbox 509 4036 2070 4108">
     <span class='ocr_line' id='line_1_44' title="bbox 509 4036 2070 4108; baseline 0.005 -20"><span class='ocrx_word' id='word_1_278' title='bbox 509 4036 828 4107; x_wconf 80' lang='lat' dir='ltr'><strong><em>prosternet</em></strong></span> <span class='ocrx_word' id='word_1_279' title='bbox 856 4053 916 4092; x_wconf 88' lang='lat' dir='ltr'><strong><em>se</em></strong></span> <span class='ocrx_word' id='word_1_280' title='bbox 941 4052 1110 4108; x_wconf 84' lang='lat' dir='ltr'><strong><em>usque</em></strong></span> <span class='ocrx_word' id='word_1_281' title='bbox 1137 4037 1208 4092; x_wconf 86' lang='lat' dir='ltr'><strong><em>ad</em></strong></span> <span class='ocrx_word' id='word_1_282' title='bbox 1231 4039 1404 4104; x_wconf 79' lang='lat' dir='ltr'><strong><em>ﬁnem</em></strong></span> <span class='ocrx_word' id='word_1_283' title='bbox 1420 4039 1496 4094; x_wconf 89' lang='lat' dir='ltr'><strong><em>Te</em></strong></span> <span class='ocrx_word' id='word_1_284' title='bbox 1524 4040 1698 4094; x_wconf 89' lang='lat' dir='ltr'><strong><em>Deum</em></strong></span> <span class='ocrx_word' id='word_1_285' title='bbox 1726 4038 2070 4096; x_wconf 87' lang='lat' dir='ltr'><strong><em>laudamus.</em></strong></span> 
     </span>
    </p>
   </div>
   <div class='ocr_carea' id='block_1_45' title="bbox 583 4124 2158 4199">
    <p class='ocr_par' dir='ltr' id='par_1_45' title="bbox 583 4124 2158 4199">
     <span class='ocr_line' id='line_1_45' title="bbox 583 4124 2158 4199; baseline 0.004 -21"><span class='ocrx_word' id='word_1_286' title='bbox 583 4124 769 4196; x_wconf 66' lang='grc'>(1084)</span> <span class='ocrx_word' id='word_1_287' title='bbox 796 4125 1094 4181; x_wconf 75' lang='lat' dir='ltr'><strong><em>[avocatio</em></strong></span> <span class='ocrx_word' id='word_1_288' title='bbox 1143 4143 1322 4194; x_wconf 88' lang='lat' dir='ltr'><strong><em>super</em></strong></span> <span class='ocrx_word' id='word_1_289' title='bbox 1349 4142 1540 4197; x_wconf 87' lang='lat' dir='ltr'><strong><em>regem</em></strong></span> <span class='ocrx_word' id='word_1_290' title='bbox 1568 4157 1635 4168; x_wconf 87' lang='lat'><strong><em>-—</em></strong></span> <span class='ocrx_word' id='word_1_291' title='bbox 1681 4130 1754 4183; x_wconf 86' lang='lat' dir='ltr'><strong><em>Te</em></strong></span> <span class='ocrx_word' id='word_1_292' title='bbox 1794 4127 2158 4199; x_wconf 84' lang='lat' dir='ltr'><strong><em>invocamus,</em></strong></span> 
     </span>
    </p>
   </div>
   <div class='ocr_carea' id='block_1_46' title="bbox 513 4213 2166 4286">
    <p class='ocr_par' dir='ltr' id='par_1_46' title="bbox 513 4213 2166 4286">
     <span class='ocr_line' id='line_1_46' title="bbox 513 4213 2166 4286; baseline 0.005 -20"><span class='ocrx_word' id='word_1_293' title='bbox 513 4213 764 4268; x_wconf 88' lang='lat' dir='ltr'><strong><em>Domine</em></strong></span> <span class='ocrx_word' id='word_1_294' title='bbox 789 4213 1184 4278; x_wconf 66' lang='lat' dir='ltr'><strong><em>sanoteJ’ater</em></strong></span> <span class='ocrx_word' id='word_1_295' title='bbox 1203 4213 1606 4285; x_wconf 88' lang='lat' dir='ltr'><strong><em>omnipotens,</em></strong></span> <span class='ocrx_word' id='word_1_296' title='bbox 1633 4221 1848 4271; x_wconf 72' lang='lat' dir='ltr'><strong><em>aeterne</em></strong></span> <span class='ocrx_word' id='word_1_297' title='bbox 1891 4219 2065 4286; x_wconf 89' lang='lat' dir='ltr'><strong><em>Deus,</em></strong></span> <span class='ocrx_word' id='word_1_298' title='bbox 2100 4223 2166 4274; x_wconf 88' lang='lat' dir='ltr'><strong><em>ut</em></strong></span> 
     </span>
    </p>
   </div>
   <div class='ocr_carea' id='block_1_47' title="bbox 511 4301 2166 4377">
    <p class='ocr_par' dir='ltr' id='par_1_47' title="bbox 511 4301 2166 4377">
     <span class='ocr_line' id='line_1_47' title="bbox 511 4301 2166 4377; baseline 0.004 -21"><span class='ocrx_word' id='word_1_299' title='bbox 511 4301 675 4356; x_wconf 91' lang='lat' dir='ltr'><strong><em>hunc</em></strong></span> <span class='ocrx_word' id='word_1_300' title='bbox 697 4301 990 4356; x_wconf 88' lang='lat' dir='ltr'><strong><em>famulum</em></strong></span> <span class='ocrx_word' id='word_1_301' title='bbox 1022 4306 1188 4356; x_wconf 88' lang='lat' dir='ltr'><strong><em>tuum</em></strong></span> <span class='ocrx_word' id='word_1_302' title='bbox 1217 4303 2166 4377; x_wconf 73' lang='lat' dir='ltr'><strong><em>N.,quemtuasdivinmdispensa-</em></strong></span> 
     </span>
    </p>
   </div>
   <div class='ocr_carea' id='block_1_48' title="bbox 513 4386 2165 4464">
    <p class='ocr_par' dir='ltr' id='par_1_48' title="bbox 513 4386 2165 4464">
     <span class='ocr_line' id='line_1_48' title="bbox 513 4386 2165 4464; baseline 0.004 -21"><span class='ocrx_word' id='word_1_303' title='bbox 513 4386 691 4443; x_wconf 81' lang='lat' dir='ltr'><strong><em>tionis</em></strong></span> <span class='ocrx_word' id='word_1_304' title='bbox 717 4388 1088 4458; x_wconf 82' lang='lat' dir='ltr'><strong><em>providentia</em></strong></span> <span class='ocrx_word' id='word_1_305' title='bbox 1101 4389 1162 4444; x_wconf 90' lang='lat' dir='ltr'><strong><em>in</em></strong></span> <span class='ocrx_word' id='word_1_306' title='bbox 1175 4389 1496 4461; x_wconf 86' lang='lat' dir='ltr'><strong><em>primordio</em></strong></span> <span class='ocrx_word' id='word_1_307' title='bbox 1508 4391 1866 4462; x_wconf 84' lang='lat' dir='ltr'><strong><em>plamastum</em></strong></span> <span class='ocrx_word' id='word_1_308' title='bbox 1883 4409 2074 4464; x_wconf 88' lang='lat' dir='ltr'><strong><em>usque</em></strong></span> <span class='ocrx_word' id='word_1_309' title='bbox 2087 4393 2165 4450; x_wconf 89' lang='lat' dir='ltr'><strong><em>ad</em></strong></span> 
     </span>
    </p>
   </div>
   <div class='ocr_carea' id='block_1_49' title="bbox 513 4463 2248 4550">
    <p class='ocr_par' dir='ltr' id='par_1_49' title="bbox 513 4463 2248 4550">
     <span class='ocr_line' id='line_1_49' title="bbox 513 4463 2248 4550; baseline 0.005 -20"><span class='ocrx_word' id='word_1_310' title='bbox 513 4475 670 4531; x_wconf 90' lang='lat' dir='ltr'><strong><em>hunc</em></strong></span> <span class='ocrx_word' id='word_1_311' title='bbox 696 4481 1050 4548; x_wconf 71' lang='lat' dir='ltr'><strong><em>praesentem</em></strong></span> <span class='ocrx_word' id='word_1_312' title='bbox 1081 4477 1241 4534; x_wconf 89' lang='lat' dir='ltr'><strong><em>diem</em></strong></span> <span class='ocrx_word' id='word_1_313' title='bbox 1260 4478 1507 4550; x_wconf 88' lang='lat' dir='ltr'><strong><em>juvenili</em></strong></span> <span class='ocrx_word' id='word_1_314' title='bbox 1533 4478 1677 4535; x_wconf 87' lang='lat' dir='ltr'><strong><em>ﬂore</em></strong></span> <span class='ocrx_word' id='word_1_315' title='bbox 1706 4463 1997 4538; x_wconf 73' lang='lat' dir='ltr'><strong><em>laetantem</em></strong></span> <span class='ocrx_word' id='word_1_316' title='bbox 2045 4498 2164 4538; x_wconf 87' lang='lat' dir='ltr'><strong><em>cre-</em></strong></span> <span class='ocrx_word' id='word_1_317' title='bbox 2203 4463 2248 4522; x_wconf 76' lang='grc' dir='ltr'><strong><em>ί)</em></strong></span> 
     </span>
    </p>
   </div>
   <div class='ocr_carea' id='block_1_50' title="bbox 515 4567 2162 4640">
    <p class='ocr_par' dir='ltr' id='par_1_50' title="bbox 515 4567 2162 4640">
     <span class='ocr_line' id='line_1_50' title="bbox 515 4567 2162 4640; baseline 0.004 -21"><span class='ocrx_word' id='word_1_318' title='bbox 515 4579 677 4620; x_wconf 84' lang='lat' dir='ltr'><strong><em>scere</em></strong></span> <span class='ocrx_word' id='word_1_319' title='bbox 732 4567 1102 4630; x_wconf 81' lang='lat' dir='ltr'><strong><em>concessisti,</em></strong></span> <span class='ocrx_word' id='word_1_320' title='bbox 1131 4583 1270 4623; x_wconf 89' lang='lat' dir='ltr'><strong><em>eum</em></strong></span> <span class='ocrx_word' id='word_1_321' title='bbox 1299 4571 1416 4623; x_wconf 69' lang='lat' dir='ltr'><strong><em>tum</em></strong></span> <span class='ocrx_word' id='word_1_322' title='bbox 1447 4567 1680 4640; x_wconf 83' lang='lat' dir='ltr'><strong><em>pietatis</em></strong></span> <span class='ocrx_word' id='word_1_323' title='bbox 1718 4569 1870 4624; x_wconf 89' lang='lat' dir='ltr'><strong><em>dono</em></strong></span> <span class='ocrx_word' id='word_1_324' title='bbox 1907 4568 2162 4625; x_wconf 81' lang='lat' dir='ltr'><strong><em>ditatum</em></strong></span> 
     </span>
    </p>
   </div>
   <div class='ocr_carea' id='block_1_51' title="bbox 515 4653 2167 4727">
    <p class='ocr_par' dir='ltr' id='par_1_51' title="bbox 515 4653 2167 4727">
     <span class='ocr_line' id='line_1_51' title="bbox 515 4653 2167 4727; baseline 0.004 -19"><span class='ocrx_word' id='word_1_325' title='bbox 515 4653 872 4727; x_wconf 86' lang='lat' dir='ltr'><strong><em>plenumque</em></strong></span> <span class='ocrx_word' id='word_1_326' title='bbox 886 4656 1075 4725; x_wconf 81' lang='lat' dir='ltr'><strong><em>gratia</em></strong></span> <span class='ocrx_word' id='word_1_327' title='bbox 1087 4655 1351 4712; x_wconf 82' lang='lat' dir='ltr'><strong><em>veritatis</em></strong></span> <span class='ocrx_word' id='word_1_328' title='bbox 1365 4657 1431 4712; x_wconf 87' lang='lat' dir='ltr'><strong><em>de</em></strong></span> <span class='ocrx_word' id='word_1_329' title='bbox 1447 4656 1544 4712; x_wconf 92' lang='lat' dir='ltr'><strong><em>die</em></strong></span> <span class='ocrx_word' id='word_1_330' title='bbox 1558 4658 1619 4712; x_wconf 90' lang='lat' dir='ltr'><strong><em>in</em></strong></span> <span class='ocrx_word' id='word_1_331' title='bbox 1641 4657 1800 4714; x_wconf 88' lang='lat' dir='ltr'><strong><em>diem</em></strong></span> <span class='ocrx_word' id='word_1_332' title='bbox 1825 4673 2027 4714; x_wconf 88' lang='lat' dir='ltr'><strong><em>coram</em></strong></span> <span class='ocrx_word' id='word_1_333' title='bbox 2048 4659 2167 4715; x_wconf 89' lang='lat' dir='ltr'><strong><em>Deo</em></strong></span> 
     </span>
    </p>
   </div>
   <div class='ocr_carea' id='block_1_52' title="bbox 516 4741 2160 4818">
    <p class='ocr_par' dir='ltr' id='par_1_52' title="bbox 516 4741 2160 4818">
     <span class='ocr_line' id='line_1_52' title="bbox 516 4741 2160 4818; baseline 0.003 -20"><span class='ocrx_word' id='word_1_334' title='bbox 516 4747 574 4798; x_wconf 90' lang='lat' dir='ltr'><strong><em>et</em></strong></span> <span class='ocrx_word' id='word_1_335' title='bbox 602 4741 948 4800; x_wconf 89' lang='lat' dir='ltr'><strong><em>hominibus</em></strong></span> <span class='ocrx_word' id='word_1_336' title='bbox 977 4744 1057 4800; x_wconf 90' lang='lat' dir='ltr'><strong><em>ad</em></strong></span> <span class='ocrx_word' id='word_1_337' title='bbox 1081 4744 1326 4802; x_wconf 85' lang='lat' dir='ltr'><strong><em>meliora</em></strong></span> <span class='ocrx_word' id='word_1_338' title='bbox 1385 4761 1624 4818; x_wconf 85' lang='lat' dir='ltr'><strong><em>semper</em></strong></span> <span class='ocrx_word' id='word_1_339' title='bbox 1651 4747 1932 4818; x_wconf 86' lang='lat' dir='ltr'><strong><em>proficere</em></strong></span> <span class='ocrx_word' id='word_1_340' title='bbox 1957 4747 2160 4812; x_wconf 86' lang='lat' dir='ltr'><strong><em>facias,</em></strong></span> 
     </span>
    </p>
   </div>
   <div class='ocr_carea' id='block_1_53' title="bbox 516 4831 2165 4907">
    <p class='ocr_par' dir='ltr' id='par_1_53' title="bbox 516 4831 2165 4907">
     <span class='ocr_line' id='line_1_53' title="bbox 516 4831 2165 4907; baseline 0.004 -23"><span class='ocrx_word' id='word_1_341' title='bbox 516 4831 702 4902; x_wconf 80' lang='grc'>(1085)</span> <span class='ocrx_word' id='word_1_342' title='bbox 727 4836 787 4886; x_wconf 90' lang='lat' dir='ltr'><strong><em>ut</em></strong></span> <span class='ocrx_word' id='word_1_343' title='bbox 836 4835 1054 4889; x_wconf 89' lang='lat' dir='ltr'><strong><em>summi</em></strong></span> <span class='ocrx_word' id='word_1_344' title='bbox 1104 4832 1860 4905; x_wconf 74' lang='lat' dir='ltr'><strong><em>regiminissoliumgratim</em></strong></span> <span class='ocrx_word' id='word_1_345' title='bbox 1901 4851 2165 4907; x_wconf 68' lang='lat' dir='ltr'><strong><em>supernae</em></strong></span> 
     </span>
    </p>
   </div>
   <div class='ocr_carea' id='block_1_54' title="bbox 512 4919 2164 4994">
    <p class='ocr_par' dir='ltr' id='par_1_54' title="bbox 512 4919 2164 4994">
     <span class='ocr_line' id='line_1_54' title="bbox 512 4919 2164 4994; baseline 0.002 -19"><span class='ocrx_word' id='word_1_346' title='bbox 512 4919 784 4988; x_wconf 79' lang='lat' dir='ltr'><strong><em>largitate</em></strong></span> <span class='ocrx_word' id='word_1_347' title='bbox 810 4921 1079 4989; x_wconf 81' lang='lat' dir='ltr'><strong><em>gaudens</em></strong></span> <span class='ocrx_word' id='word_1_348' title='bbox 1119 4922 1422 4994; x_wconf 87' lang='lat' dir='ltr'><strong><em>suscipiat,</em></strong></span> <span class='ocrx_word' id='word_1_349' title='bbox 1490 4927 1562 4988; x_wconf 86' lang='lat' dir='ltr'><strong><em>et,</em></strong></span> <span class='ocrx_word' id='word_1_350' title='bbox 1609 4923 2025 4981; x_wconf 72' lang='lat' dir='ltr'><strong><em>misericordiae</em></strong></span> <span class='ocrx_word' id='word_1_351' title='bbox 2062 4930 2164 4980; x_wconf 91' lang='lat' dir='ltr'><strong><em>tuo</em></strong></span> 
     </span>
    </p>
   </div>
   <div class='ocr_carea' id='block_1_55' title="bbox 514 5007 2140 5085">
    <p class='ocr_par' dir='ltr' id='par_1_55' title="bbox 514 5007 2140 5085">
     <span class='ocr_line' id='line_1_55' title="bbox 514 5007 2140 5085; baseline 0.004 -23"><span class='ocrx_word' id='word_1_352' title='bbox 514 5022 679 5064; x_wconf 86' lang='lat' dir='ltr'><strong><em>muro</em></strong></span> <span class='ocrx_word' id='word_1_353' title='bbox 710 5007 789 5064; x_wconf 88' lang='lat' dir='ltr'><strong><em>ab</em></strong></span> <span class='ocrx_word' id='word_1_354' title='bbox 813 5008 1076 5065; x_wconf 87' lang='lat' dir='ltr'><strong><em>hostium</em></strong></span> <span class='ocrx_word' id='word_1_355' title='bbox 1105 5011 1464 5068; x_wconf 88' lang='lat' dir='ltr'><strong><em>adversitate</em></strong></span> <span class='ocrx_word' id='word_1_356' title='bbox 1482 5011 1742 5085; x_wconf 89' lang='lat' dir='ltr'><strong><em>undique</em></strong></span> <span class='ocrx_word' id='word_1_357' title='bbox 1764 5011 2140 5084; x_wconf 89' lang='lat' dir='ltr'><strong><em>munitus,ple</em></strong></span> 
     </span>
    </p>
   </div>
   <div class='ocr_carea' id='block_1_56' title="bbox 511 5095 2164 5172">
    <p class='ocr_par' dir='ltr' id='par_1_56' title="bbox 511 5095 2164 5172">
     <span class='ocr_line' id='line_1_56' title="bbox 511 5095 2164 5172; baseline 0.002 -21"><span class='ocrx_word' id='word_1_358' title='bbox 511 5095 654 5152; x_wconf 90' lang='lat' dir='ltr'><strong><em>hem</em></strong></span> <span class='ocrx_word' id='word_1_359' title='bbox 683 5096 1188 5154; x_wconf 84' lang='lat' dir='ltr'><strong><em>sibicommissarn</em></strong></span> <span class='ocrx_word' id='word_1_360' title='bbox 1205 5115 1346 5155; x_wconf 89' lang='lat' dir='ltr'><strong><em>cum</em></strong></span> <span class='ocrx_word' id='word_1_361' title='bbox 1361 5115 1504 5170; x_wconf 85' lang='lat' dir='ltr'><strong><em>pace</em></strong></span> <span class='ocrx_word' id='word_1_362' title='bbox 1527 5101 1968 5172; x_wconf 83' lang='lat' dir='ltr'><strong><em>propitiationis</em></strong></span> <span class='ocrx_word' id='word_1_363' title='bbox 1983 5106 2040 5156; x_wconf 88' lang='lat' dir='ltr'><strong><em>et</em></strong></span> <span class='ocrx_word' id='word_1_364' title='bbox 2054 5101 2164 5155; x_wconf 90' lang='lat' dir='ltr'><strong><em>vir-</em></strong></span> 
     </span>
    </p>
   </div>
   <div class='ocr_carea' id='block_1_57' title="bbox 509 5185 2165 5257">
    <p class='ocr_par' dir='ltr' id='par_1_57' title="bbox 509 5185 2165 5257">
     <span class='ocr_line' id='line_1_57' title="bbox 509 5185 2165 5257; baseline 0.001 -15"><span class='ocrx_word' id='word_1_365' title='bbox 509 5188 633 5242; x_wconf 83' lang='lat' dir='ltr'><strong><em>tute</em></strong></span> <span class='ocrx_word' id='word_1_366' title='bbox 657 5185 911 5242; x_wconf 70' lang='lat' dir='ltr'><strong><em>victorias</em></strong></span> <span class='ocrx_word' id='word_1_367' title='bbox 943 5186 1182 5243; x_wconf 85' lang='lat' dir='ltr'><strong><em>feliciter</em></strong></span> <span class='ocrx_word' id='word_1_368' title='bbox 1213 5203 1414 5257; x_wconf 88' lang='lat' dir='ltr'><strong><em>regere</em></strong></span> <span class='ocrx_word' id='word_1_369' title='bbox 1447 5195 1764 5246; x_wconf 87' lang='lat' dir='ltr'><strong><em>mereatur.</em></strong></span> <span class='ocrx_word' id='word_1_370' title='bbox 1807 5193 1910 5246; x_wconf 90' lang='lat' dir='ltr'><strong><em>Per</em></strong></span> <span class='ocrx_word' id='word_1_371' title='bbox 1971 5189 2165 5246; x_wconf 88' lang='lat' dir='ltr'><strong><em>Domi-</em></strong></span> 
     </span>
    </p>
   </div>
   <div class='ocr_carea' id='block_1_58' title="bbox 515 5287 685 5330">
    <p class='ocr_par' dir='ltr' id='par_1_58' title="bbox 515 5287 685 5330">
     <span class='ocr_line' id='line_1_58' title="bbox 515 5287 685 5330; baseline -0.006 -1"><span class='ocrx_word' id='word_1_372' title='bbox 515 5287 685 5330; x_wconf 90' lang='lat' dir='ltr'><strong><em>num.</em></strong></span> 
     </span>
    </p>
   </div>
   <div class='ocr_carea' id='block_1_59' title="bbox 585 5439 2158 5513">
    <p class='ocr_par' dir='ltr' id='par_1_59' title="bbox 585 5439 2158 5513">
     <span class='ocr_line' id='line_1_59' title="bbox 585 5439 2158 5513; baseline 0.003 -17"><span class='ocrx_word' id='word_1_373' title='bbox 585 5453 612 5485; x_wconf 75' lang='grc' dir='ltr'>ι</span> <span class='ocrx_word' id='word_1_374' title='bbox 643 5441 700 5496; x_wconf 91' lang='lat' dir='ltr'><strong><em>In</em></strong></span> <span class='ocrx_word' id='word_1_375' title='bbox 730 5439 904 5513; x_wconf 88' lang='lat' dir='ltr'><strong><em>primo</em></strong></span> <span class='ocrx_word' id='word_1_376' title='bbox 960 5441 1166 5497; x_wconf 88' lang='lat' dir='ltr'><strong><em>Theod.</em></strong></span> <span class='ocrx_word' id='word_1_377' title='bbox 1197 5449 1324 5497; x_wconf 88' lang='lat' dir='ltr'><strong><em>sunt</em></strong></span> <span class='ocrx_word' id='word_1_378' title='bbox 1381 5443 1690 5500; x_wconf 85' lang='lat' dir='ltr'><strong><em>Orationes</em></strong></span> <span class='ocrx_word' id='word_1_379' title='bbox 1734 5445 1806 5498; x_wconf 87' lang='lat' dir='ltr'><strong><em>ad</em></strong></span> <span class='ocrx_word' id='word_1_380' title='bbox 1835 5445 2158 5502; x_wconf 77' lang='lat' dir='ltr'><strong><em>benedicen-</em></strong></span> 
     </span>
    </p>
   </div>
   <div class='ocr_carea' id='block_1_60' title="bbox 515 5512 2158 5584">
    <p class='ocr_par' dir='ltr' id='par_1_60' title="bbox 515 5512 2158 5584">
     <span class='ocr_line' id='line_1_60' title="bbox 515 5512 2158 5584; baseline 0.001 -15"><span class='ocrx_word' id='word_1_381' title='bbox 515 5512 655 5572; x_wconf 85' lang='lat' dir='ltr'><strong><em>dum</em></strong></span> <span class='ocrx_word' id='word_1_382' title='bbox 685 5512 884 5584; x_wconf 79' lang='lat' dir='ltr'><strong><em>régem.</em></strong></span> <span class='ocrx_word' id='word_1_383' title='bbox 920 5515 987 5568; x_wconf 90' lang='lat' dir='ltr'><strong><em>At</em></strong></span> <span class='ocrx_word' id='word_1_384' title='bbox 1007 5529 1131 5570; x_wconf 86' lang='lat' dir='ltr'><strong><em>cum</em></strong></span> <span class='ocrx_word' id='word_1_385' title='bbox 1161 5513 1360 5568; x_wconf 84' lang='lat' dir='ltr'><strong><em>nostris</em></strong></span> <span class='ocrx_word' id='word_1_386' title='bbox 1423 5513 1578 5569; x_wconf 89' lang='lat' dir='ltr'><strong><em>nullo</em></strong></span> <span class='ocrx_word' id='word_1_387' title='bbox 1611 5522 1768 5584; x_wconf 86' lang='lat' dir='ltr'><strong><em>pacto</em></strong></span> <span class='ocrx_word' id='word_1_388' title='bbox 1807 5516 2158 5574; x_wconf 87' lang='lat' dir='ltr'><strong><em>conveniunt.</em></strong></span> 
     </span>
    </p>
   </div>
   <div class='ocr_carea' id='block_1_61' title="bbox 517 5584 2166 5656">
    <p class='ocr_par' dir='ltr' id='par_1_61' title="bbox 517 5584 2166 5656">
     <span class='ocr_line' id='line_1_61' title="bbox 517 5584 2166 5656; baseline 0.003 -18"><span class='ocrx_word' id='word_1_389' title='bbox 517 5585 581 5644; x_wconf 88' lang='lat' dir='ltr'><strong><em>In</em></strong></span> <span class='ocrx_word' id='word_1_390' title='bbox 608 5586 694 5642; x_wconf 87' lang='lat' dir='ltr'><strong><em>bis</em></strong></span> <span class='ocrx_word' id='word_1_391' title='bbox 724 5585 846 5640; x_wconf 56' lang='lat' dir='ltr'><strong><em>haec</em></strong></span> <span class='ocrx_word' id='word_1_392' title='bbox 861 5589 1050 5656; x_wconf 82' lang='lat' dir='ltr'><strong><em>notatu</em></strong></span> <span class='ocrx_word' id='word_1_393' title='bbox 1081 5584 1253 5656; x_wconf 90' lang='lat' dir='ltr'><strong><em>digna</em></strong></span> <span class='ocrx_word' id='word_1_394' title='bbox 1285 5601 1413 5656; x_wconf 66' lang='lat' dir='ltr'><strong><em>quae</em></strong></span> <span class='ocrx_word' id='word_1_395' title='bbox 1439 5584 1760 5642; x_wconf 84' lang='lat' dir='ltr'><strong><em>inscribitur</em></strong></span> <span class='ocrx_word' id='word_1_396' title='bbox 1787 5585 2011 5642; x_wconf 84' lang='lat' dir='ltr'><strong><em>:Oratio</em></strong></span> <span class='ocrx_word' id='word_1_397' title='bbox 2045 5601 2166 5656; x_wconf 88' lang='lat' dir='ltr'><strong><em>qua</em></strong></span> 
     </span>
    </p>
   </div>
   <div class='ocr_carea' id='block_1_62' title="bbox 523 5603 2162 5732">
    <p class='ocr_par' dir='ltr' id='par_1_62' title="bbox 523 5603 2162 5732">
     <span class='ocr_line' id='line_1_62' title="bbox 523 5603 2162 5656; baseline 0.003 -18"><span class='ocrx_word' id='word_1_398' title='bbox 523 5603 581 5644; x_wconf 81' lang='lat' dir='ltr'><strong><em>In</em></strong></span> <span class='ocrx_word' id='word_1_399' title='bbox 609 5603 694 5642; x_wconf 87' lang='lat' dir='ltr'><strong><em>ms</em></strong></span> <span class='ocrx_word' id='word_1_400' title='bbox 725 5603 846 5640; x_wconf 73' lang='grc' dir='ltr'><strong><em>ι]ωο</em></strong></span> <span class='ocrx_word' id='word_1_401' title='bbox 861 5603 1050 5641; x_wconf 68' lang='grc' dir='ltr'><strong><em>ηοιᾶω</em></strong></span> <span class='ocrx_word' id='word_1_402' title='bbox 1081 5603 1253 5656; x_wconf 78' lang='lat' dir='ltr'><strong><em>digna</em></strong></span> <span class='ocrx_word' id='word_1_403' title='bbox 1325 5603 1413 5642; x_wconf 60' lang='lat'><strong><em>[18</em></strong></span> <span class='ocrx_word' id='word_1_404' title='bbox 1439 5603 1760 5642; x_wconf 70' lang='lat' dir='ltr'><strong><em>Inscl‘lbltur</em></strong></span> <span class='ocrx_word' id='word_1_405' title='bbox 1787 5603 2011 5642; x_wconf 80' lang='lat' dir='ltr'><strong><em>:urano</em></strong></span> <span class='ocrx_word' id='word_1_406' title='bbox 2087 5603 2162 5644; x_wconf 89' lang='lat' dir='ltr'><strong><em>ua</em></strong></span> 
     </span>
     <span class='ocr_line' id='line_1_63' title="bbox 523 5603 2162 5732; baseline 0.001 -18"><span class='ocrx_word' id='word_1_407' title='bbox 523 5656 811 5715; x_wconf 77' lang='lat' dir='ltr'><strong><em>beneth</em></strong></span> <span class='ocrx_word' id='word_1_408' title='bbox 837 5655 1076 5715; x_wconf 79' lang='lat' dir='ltr'><strong><em>domnus</em></strong></span> <span class='ocrx_word' id='word_1_409' title='bbox 1101 5603 1446 5729; x_wconf 38' lang='lat' dir='ltr'><strong><em>apostolicus</em></strong></span> <span class='ocrx_word' id='word_1_410' title='bbox 1469 5659 1722 5716; x_wconf 87' lang='lat' dir='ltr'><strong><em>Joannes</em></strong></span> <span class='ocrx_word' id='word_1_411' title='bbox 1747 5657 2020 5732; x_wconf 83' lang='lat' dir='ltr'><strong><em>(octavus)</em></strong></span> <span class='ocrx_word' id='word_1_412' title='bbox 2045 5604 2162 5716; x_wconf 55' lang='lat' dir='ltr'><strong><em>(iu-</em></strong></span> 
     </span>
    </p>
   </div>
   <div class='ocr_carea' id='block_1_63' title="bbox 2266 473 3860 546">
    <p class='ocr_par' dir='ltr' id='par_1_63' title="bbox 2266 473 3860 546">
     <span class='ocr_line' id='line_1_64' title="bbox 2266 473 3860 546; baseline 0.007 -19"><span class='ocrx_word' id='word_1_413' title='bbox 2266 473 2378 528; x_wconf 87' lang='lat' dir='ltr'><strong><em>tuis</em></strong></span> <span class='ocrx_word' id='word_1_414' title='bbox 2403 485 2610 533; x_wconf 76' lang='lat' dir='ltr'><strong><em>Virtute</em></strong></span> <span class='ocrx_word' id='word_1_415' title='bbox 2642 480 2927 546; x_wconf 88' lang='lat' dir='ltr'><strong><em>consulis,</em></strong></span> <span class='ocrx_word' id='word_1_416' title='bbox 2953 485 3010 536; x_wconf 88' lang='lat' dir='ltr'><strong><em>et</em></strong></span> <span class='ocrx_word' id='word_1_417' title='bbox 3037 495 3242 536; x_wconf 88' lang='lat' dir='ltr'><strong><em>amore</em></strong></span> <span class='ocrx_word' id='word_1_418' title='bbox 3271 480 3609 545; x_wconf 88' lang='lat' dir='ltr'><strong><em>dominaris,</em></strong></span> <span class='ocrx_word' id='word_1_419' title='bbox 3643 479 3710 536; x_wconf 85' lang='lat' dir='ltr'><strong><em>da</em></strong></span> <span class='ocrx_word' id='word_1_420' title='bbox 3743 483 3860 538; x_wconf 87' lang='lat' dir='ltr'><strong><em>huic</em></strong></span> 
     </span>
    </p>
   </div>
   <div class='ocr_carea' id='block_1_64' title="bbox 2264 559 3859 640">
    <p class='ocr_par' dir='ltr' id='par_1_64' title="bbox 2264 559 3859 640">
     <span class='ocr_line' id='line_1_65' title="bbox 2264 559 3859 640; baseline 0.006 -24"><span class='ocrx_word' id='word_1_421' title='bbox 2264 559 2486 618; x_wconf 87' lang='lat' dir='ltr'><strong><em>famulo</em></strong></span> <span class='ocrx_word' id='word_1_422' title='bbox 2517 569 2622 622; x_wconf 89' lang='lat' dir='ltr'><strong><em>tuo</em></strong></span> <span class='ocrx_word' id='word_1_423' title='bbox 2649 567 2918 638; x_wconf 86' lang='lat' dir='ltr'><strong><em>spiritum</em></strong></span> <span class='ocrx_word' id='word_1_424' title='bbox 2951 569 3252 640; x_wconf 66' lang='lat' dir='ltr'><strong><em>sapientiae</em></strong></span> <span class='ocrx_word' id='word_1_425' title='bbox 3276 585 3404 624; x_wconf 90' lang='lat' dir='ltr'><strong><em>cum</em></strong></span> <span class='ocrx_word' id='word_1_426' title='bbox 3431 568 3698 638; x_wconf 87' lang='lat' dir='ltr'><strong><em>regimine</em></strong></span> <span class='ocrx_word' id='word_1_427' title='bbox 3713 571 3859 626; x_wconf 78' lang='lat' dir='ltr'><strong><em>disci-</em></strong></span> 
     </span>
    </p>
   </div>
   <div class='ocr_carea' id='block_1_65' title="bbox 2265 649 3863 728">
    <p class='ocr_par' dir='ltr' id='par_1_65' title="bbox 2265 649 3863 728">
     <span class='ocr_line' id='line_1_66' title="bbox 2265 649 3863 728; baseline 0.008 -26"><span class='ocrx_word' id='word_1_428' title='bbox 2265 649 2462 720; x_wconf 63' lang='lat' dir='ltr'><strong><em>plina,</em></strong></span> <span class='ocrx_word' id='word_1_429' title='bbox 2514 661 2575 710; x_wconf 89' lang='lat' dir='ltr'><strong><em>nt</em></strong></span> <span class='ocrx_word' id='word_1_430' title='bbox 2606 656 2710 712; x_wconf 89' lang='lat' dir='ltr'><strong><em>tibi</em></strong></span> <span class='ocrx_word' id='word_1_431' title='bbox 2740 662 2862 712; x_wconf 88' lang='lat' dir='ltr'><strong><em>toto</em></strong></span> <span class='ocrx_word' id='word_1_432' title='bbox 2923 658 3092 714; x_wconf 81' lang='lat' dir='ltr'><strong><em>corde</em></strong></span> <span class='ocrx_word' id='word_1_433' title='bbox 3127 659 3372 713; x_wconf 82' lang='lat' dir='ltr'><strong><em>devotus</em></strong></span> <span class='ocrx_word' id='word_1_434' title='bbox 3435 658 3492 712; x_wconf 91' lang='lat' dir='ltr'><strong><em>in</em></strong></span> <span class='ocrx_word' id='word_1_435' title='bbox 3522 657 3676 727; x_wconf 81' lang='lat' dir='ltr'><strong><em>regni</em></strong></span> <span class='ocrx_word' id='word_1_436' title='bbox 3737 659 3863 728; x_wconf 84' lang='lat' dir='ltr'><strong><em>regi-</em></strong></span> 
     </span>
    </p>
   </div>
   <div class='ocr_carea' id='block_1_66' title="bbox 2267 739 3863 818">
    <p class='ocr_par' dir='ltr' id='par_1_66' title="bbox 2267 739 3863 818">
     <span class='ocr_line' id='line_1_67' title="bbox 2267 739 3863 818; baseline 0.006 -24"><span class='ocrx_word' id='word_1_437' title='bbox 2267 739 2420 796; x_wconf 88' lang='lat' dir='ltr'><strong><em>mine</em></strong></span> <span class='ocrx_word' id='word_1_438' title='bbox 2435 752 2668 800; x_wconf 88' lang='lat' dir='ltr'><strong><em>maneat</em></strong></span> <span class='ocrx_word' id='word_1_439' title='bbox 2681 761 2802 800; x_wconf 87' lang='lat' dir='ltr'><strong><em>sem</em></strong></span> <span class='ocrx_word' id='word_1_440' title='bbox 2813 747 3197 818; x_wconf 69' lang='lat' dir='ltr'><strong><em>peridoneus,</em></strong></span> <span class='ocrx_word' id='word_1_441' title='bbox 3211 753 3432 818; x_wconf 86' lang='lat' dir='ltr'><strong><em>tuoque</em></strong></span> <span class='ocrx_word' id='word_1_442' title='bbox 3450 761 3684 803; x_wconf 89' lang='lat' dir='ltr'><strong><em>munere</em></strong></span> <span class='ocrx_word' id='word_1_443' title='bbox 3702 746 3863 818; x_wconf 78' lang='grc'>(1087)</span> 
     </span>
    </p>
   </div>
   <div class='ocr_carea' id='block_1_67' title="bbox 2264 825 3862 904">
    <p class='ocr_par' dir='ltr' id='par_1_67' title="bbox 2264 825 3862 904">
     <span class='ocr_line' id='line_1_68' title="bbox 2264 825 3862 904; baseline 0.006 -24"><span class='ocrx_word' id='word_1_444' title='bbox 2264 825 2445 898; x_wconf 86' lang='lat' dir='ltr'><strong><em>ipsius</em></strong></span> <span class='ocrx_word' id='word_1_445' title='bbox 2460 833 2835 903; x_wconf 88' lang='lat' dir='ltr'><strong><em>temporibus</em></strong></span> <span class='ocrx_word' id='word_1_446' title='bbox 2849 835 3134 890; x_wconf 86' lang='lat' dir='ltr'><strong><em>securitas</em></strong></span> <span class='ocrx_word' id='word_1_447' title='bbox 3152 833 3418 891; x_wconf 68' lang='lat' dir='ltr'><strong><em>Ecclesiae</em></strong></span> <span class='ocrx_word' id='word_1_448' title='bbox 3430 834 3716 904; x_wconf 87' lang='lat' dir='ltr'><strong><em>dirigatur,</em></strong></span> <span class='ocrx_word' id='word_1_449' title='bbox 3738 843 3788 888; x_wconf 86' lang='lat' dir='ltr'><strong><em>et</em></strong></span> <span class='ocrx_word' id='word_1_450' title='bbox 3811 836 3862 890; x_wconf 87' lang='lat' dir='ltr'><strong><em>in</em></strong></span> 
     </span>
    </p>
   </div>
   <div class='ocr_carea' id='block_1_68' title="bbox 2267 921 3863 997">
    <p class='ocr_par' dir='ltr' id='par_1_68' title="bbox 2267 921 3863 997">
     <span class='ocr_line' id='line_1_69' title="bbox 2267 921 3863 997; baseline 0.004 -25"><span class='ocrx_word' id='word_1_451' title='bbox 2267 921 2683 991; x_wconf 84' lang='lat' dir='ltr'><strong><em>tranquillitate</em></strong></span> <span class='ocrx_word' id='word_1_452' title='bbox 2713 925 2951 980; x_wconf 86' lang='lat' dir='ltr'><strong><em>devotio</em></strong></span> <span class='ocrx_word' id='word_1_453' title='bbox 2981 925 3309 980; x_wconf 86' lang='lat' dir='ltr'><strong><em>Christiana</em></strong></span> <span class='ocrx_word' id='word_1_454' title='bbox 3337 930 3691 997; x_wconf 87' lang='lat' dir='ltr'><strong><em>permaneat,</em></strong></span> <span class='ocrx_word' id='word_1_455' title='bbox 3737 930 3795 980; x_wconf 91' lang='lat' dir='ltr'><strong><em>ut</em></strong></span> <span class='ocrx_word' id='word_1_456' title='bbox 3817 924 3863 980; x_wconf 89' lang='lat' dir='ltr'><strong><em>in</em></strong></span> 
     </span>
    </p>
   </div>
   <div class='ocr_carea' id='block_1_69' title="bbox 2263 1003 3866 1086">
    <p class='ocr_par' dir='ltr' id='par_1_69' title="bbox 2263 1003 3866 1086">
     <span class='ocr_line' id='line_1_70' title="bbox 2263 1003 3866 1086; baseline 0.004 -25"><span class='ocrx_word' id='word_1_457' title='bbox 2263 1003 2441 1064; x_wconf 85' lang='lat' dir='ltr'><strong><em>bonis</em></strong></span> <span class='ocrx_word' id='word_1_458' title='bbox 2469 1012 2754 1082; x_wconf 88' lang='lat' dir='ltr'><strong><em>operibus</em></strong></span> <span class='ocrx_word' id='word_1_459' title='bbox 2776 1029 3160 1086; x_wconf 85' lang='lat' dir='ltr'><strong><em>perseverans</em></strong></span> <span class='ocrx_word' id='word_1_460' title='bbox 3174 1013 3252 1069; x_wconf 90' lang='lat' dir='ltr'><strong><em>ad</em></strong></span> <span class='ocrx_word' id='word_1_461' title='bbox 3273 1019 3552 1070; x_wconf 66' lang='lat' dir='ltr'><strong><em>aeternum</em></strong></span> <span class='ocrx_word' id='word_1_462' title='bbox 3568 1028 3796 1083; x_wconf 83' lang='lat' dir='ltr'><strong><em>regnum</em></strong></span> <span class='ocrx_word' id='word_1_463' title='bbox 3821 1016 3866 1068; x_wconf 88' lang='lat' dir='ltr'><strong><em>te</em></strong></span> 
     </span>
    </p>
   </div>
   <div class='ocr_carea' id='block_1_70' title="bbox 2265 1094 3152 1173">
    <p class='ocr_par' dir='ltr' id='par_1_70' title="bbox 2265 1094 3152 1173">
     <span class='ocr_line' id='line_1_71' title="bbox 2265 1094 3152 1173; baseline 0.009 -23"><span class='ocrx_word' id='word_1_464' title='bbox 2265 1094 2418 1153; x_wconf 90' lang='lat' dir='ltr'><strong><em>duce</em></strong></span> <span class='ocrx_word' id='word_1_465' title='bbox 2451 1099 2642 1158; x_wconf 85' lang='lat' dir='ltr'><strong><em>valeat</em></strong></span> <span class='ocrx_word' id='word_1_466' title='bbox 2673 1104 3002 1173; x_wconf 81' lang='lat' dir='ltr'><strong><em>pervenire.</em></strong></span> <span class='ocrx_word' id='word_1_467' title='bbox 3028 1103 3152 1159; x_wconf 87' lang='lat' dir='ltr'><strong><em>Per.</em></strong></span> 
     </span>
    </p>
   </div>
   <div class='ocr_carea' id='block_1_71' title="bbox 2335 1186 3871 1265">
    <p class='ocr_par' dir='ltr' id='par_1_71' title="bbox 2335 1186 3871 1265">
     <span class='ocr_line' id='line_1_72' title="bbox 2335 1186 3871 1265; baseline 0.001 -20"><span class='ocrx_word' id='word_1_468' title='bbox 2335 1186 2487 1242; x_wconf 80' lang='lat' dir='ltr'><strong><em>Alia.</em></strong></span> <span class='ocrx_word' id='word_1_469' title='bbox 2521 1221 2590 1232; x_wconf 84' lang='lat'><strong>-</strong></span> <span class='ocrx_word' id='word_1_470' title='bbox 2612 1191 2674 1246; x_wconf 91' lang='lat' dir='ltr'><strong><em>In</em></strong></span> <span class='ocrx_word' id='word_1_471' title='bbox 2699 1191 2908 1248; x_wconf 88' lang='lat' dir='ltr'><strong><em>diebus</em></strong></span> <span class='ocrx_word' id='word_1_472' title='bbox 2923 1193 3054 1265; x_wconf 88' lang='lat' dir='ltr'><strong><em>ejus</em></strong></span> <span class='ocrx_word' id='word_1_473' title='bbox 3071 1191 3871 1263; x_wconf 69' lang='lat' dir='ltr'><strong><em>oriaturomnibusmquitaset</em></strong></span> 
     </span>
    </p>
   </div>
   <div class='ocr_carea' id='block_1_72' title="bbox 2261 1273 3870 1352">
    <p class='ocr_par' dir='ltr' id='par_1_72' title="bbox 2261 1273 3870 1352">
     <span class='ocr_line' id='line_1_73' title="bbox 2261 1273 3870 1352; baseline 0.004 -24"><span class='ocrx_word' id='word_1_474' title='bbox 2261 1273 2725 1346; x_wconf 86' lang='lat' dir='ltr'><strong><em>justitia,amicis</em></strong></span> <span class='ocrx_word' id='word_1_475' title='bbox 2739 1281 2834 1352; x_wconf 86' lang='lat' dir='ltr'><strong><em>adj</em></strong></span> <span class='ocrx_word' id='word_1_476' title='bbox 2847 1281 3184 1347; x_wconf 89' lang='lat' dir='ltr'><strong><em>utorium,in</em></strong></span> <span class='ocrx_word' id='word_1_477' title='bbox 3209 1278 3870 1344; x_wconf 84' lang='lat' dir='ltr'><strong><em>imicisobstaculum,hu-</em></strong></span> 
     </span>
    </p>
   </div>
   <div class='ocr_carea' id='block_1_73' title="bbox 2269 1363 3868 1435">
    <p class='ocr_par' dir='ltr' id='par_1_73' title="bbox 2269 1363 3868 1435">
     <span class='ocr_line' id='line_1_74' title="bbox 2269 1363 3868 1435; baseline 0.004 -18"><span class='ocrx_word' id='word_1_478' title='bbox 2269 1363 2506 1420; x_wconf 87' lang='lat' dir='ltr'><strong><em>milibus</em></strong></span> <span class='ocrx_word' id='word_1_479' title='bbox 2530 1368 2820 1435; x_wconf 85' lang='lat' dir='ltr'><strong><em>solatium,</em></strong></span> <span class='ocrx_word' id='word_1_480' title='bbox 2845 1369 3008 1426; x_wconf 82' lang='lat' dir='ltr'><strong><em>elatis</em></strong></span> <span class='ocrx_word' id='word_1_481' title='bbox 3055 1369 3358 1435; x_wconf 82' lang='lat' dir='ltr'><strong><em>correctio,</em></strong></span> <span class='ocrx_word' id='word_1_482' title='bbox 3391 1369 3662 1424; x_wconf 84' lang='lat' dir='ltr'><strong><em>divitibus</em></strong></span> <span class='ocrx_word' id='word_1_483' title='bbox 3695 1366 3868 1423; x_wconf 86' lang='lat' dir='ltr'><strong><em>doctri-</em></strong></span> 
     </span>
    </p>
   </div>
   <div class='ocr_carea' id='block_1_74' title="bbox 2267 1444 3872 1531">
    <p class='ocr_par' dir='ltr' id='par_1_74' title="bbox 2267 1444 3872 1531">
     <span class='ocr_line' id='line_1_75' title="bbox 2267 1444 3872 1531; baseline 0.004 -25"><span class='ocrx_word' id='word_1_484' title='bbox 2267 1444 2365 1517; x_wconf 83' lang='lat' dir='ltr'><strong><em>na,</em></strong></span> <span class='ocrx_word' id='word_1_485' title='bbox 2397 1456 2764 1528; x_wconf 85' lang='lat' dir='ltr'><strong><em>pauperibus</em></strong></span> <span class='ocrx_word' id='word_1_486' title='bbox 2798 1458 3006 1530; x_wconf 88' lang='lat' dir='ltr'><strong><em>pietas,</em></strong></span> <span class='ocrx_word' id='word_1_487' title='bbox 3031 1458 3358 1531; x_wconf 87' lang='lat' dir='ltr'><strong><em>peregrinis</em></strong></span> <span class='ocrx_word' id='word_1_488' title='bbox 3388 1455 3725 1529; x_wconf 86' lang='lat' dir='ltr'><strong><em>paciﬁcatio,</em></strong></span> <span class='ocrx_word' id='word_1_489' title='bbox 3759 1470 3872 1526; x_wconf 83' lang='lat' dir='ltr'><strong><em>pro-</em></strong></span> 
     </span>
    </p>
   </div>
   <div class='ocr_carea' id='block_1_75' title="bbox 2269 1541 3873 1618">
    <p class='ocr_par' dir='ltr' id='par_1_75' title="bbox 2269 1541 3873 1618">
     <span class='ocr_line' id='line_1_76' title="bbox 2269 1541 3873 1618; baseline 0.002 -22"><span class='ocrx_word' id='word_1_490' title='bbox 2269 1541 2410 1612; x_wconf 88' lang='lat' dir='ltr'><strong><em>priis</em></strong></span> <span class='ocrx_word' id='word_1_491' title='bbox 2437 1544 2497 1599; x_wconf 90' lang='lat' dir='ltr'><strong><em>in</em></strong></span> <span class='ocrx_word' id='word_1_492' title='bbox 2521 1546 2711 1616; x_wconf 88' lang='lat' dir='ltr'><strong><em>patria</em></strong></span> <span class='ocrx_word' id='word_1_493' title='bbox 2765 1563 2878 1618; x_wconf 81' lang='lat' dir='ltr'><strong><em>pax</em></strong></span> <span class='ocrx_word' id='word_1_494' title='bbox 2903 1553 2960 1604; x_wconf 84' lang='lat' dir='ltr'><strong><em>et</em></strong></span> <span class='ocrx_word' id='word_1_495' title='bbox 3019 1547 3320 1612; x_wconf 88' lang='lat' dir='ltr'><strong><em>securitas,</em></strong></span> <span class='ocrx_word' id='word_1_496' title='bbox 3348 1546 3658 1618; x_wconf 87' lang='lat' dir='ltr'><strong><em>unicuique</em></strong></span> <span class='ocrx_word' id='word_1_497' title='bbox 3693 1559 3873 1600; x_wconf 86' lang='lat' dir='ltr'><strong><em>secun-</em></strong></span> 
     </span>
    </p>
   </div>
   <div class='ocr_carea' id='block_1_76' title="bbox 2267 1629 3871 1706">
    <p class='ocr_par' dir='ltr' id='par_1_76' title="bbox 2267 1629 3871 1706">
     <span class='ocr_line' id='line_1_77' title="bbox 2267 1629 3871 1706; baseline 0.002 -21"><span class='ocrx_word' id='word_1_498' title='bbox 2267 1629 2412 1687; x_wconf 91' lang='lat' dir='ltr'><strong><em>dum</em></strong></span> <span class='ocrx_word' id='word_1_499' title='bbox 2447 1649 2612 1691; x_wconf 86' lang='lat' dir='ltr'><strong><em>suam</em></strong></span> <span class='ocrx_word' id='word_1_500' title='bbox 2643 1651 2987 1693; x_wconf 88' lang='lat' dir='ltr'><strong><em>mensuram</em></strong></span> <span class='ocrx_word' id='word_1_501' title='bbox 3021 1636 3326 1692; x_wconf 87' lang='lat' dir='ltr'><strong><em>moderate</em></strong></span> <span class='ocrx_word' id='word_1_502' title='bbox 3347 1631 3871 1706; x_wconf 75' lang='lat' dir='ltr'><strong><em>gubernans,(1088)</em></strong></span> 
     </span>
    </p>
   </div>
   <div class='ocr_carea' id='block_1_77' title="bbox 2268 1719 3872 1792">
    <p class='ocr_par' dir='ltr' id='par_1_77' title="bbox 2268 1719 3872 1792">
     <span class='ocr_line' id='line_1_78' title="bbox 2268 1719 3872 1792; baseline 0 -17"><span class='ocrx_word' id='word_1_503' title='bbox 2268 1719 2426 1792; x_wconf 87' lang='lat' dir='ltr'><strong><em>seips</em></strong></span> <span class='ocrx_word' id='word_1_504' title='bbox 2437 1739 2537 1778; x_wconf 90' lang='lat' dir='ltr'><strong><em>um</em></strong></span> <span class='ocrx_word' id='word_1_505' title='bbox 2551 1722 2792 1780; x_wconf 87' lang='lat' dir='ltr'><strong><em>sedulus</em></strong></span> <span class='ocrx_word' id='word_1_506' title='bbox 2804 1725 3208 1791; x_wconf 88' lang='lat' dir='ltr'><strong><em>discat,ut,tna</em></strong></span> <span class='ocrx_word' id='word_1_507' title='bbox 3222 1725 3499 1791; x_wconf 76' lang='lat' dir='ltr'><strong><em>irrigatus</em></strong></span> <span class='ocrx_word' id='word_1_508' title='bbox 3513 1721 3872 1792; x_wconf 83' lang='lat' dir='ltr'><strong><em>compunctio-</em></strong></span> 
     </span>
    </p>
   </div>
   <div class='ocr_carea' id='block_1_78' title="bbox 2268 1809 3876 1888">
    <p class='ocr_par' dir='ltr' id='par_1_78' title="bbox 2268 1809 3876 1888">
     <span class='ocr_line' id='line_1_79' title="bbox 2268 1809 3876 1888; baseline -0.001 -23"><span class='ocrx_word' id='word_1_509' title='bbox 2268 1823 2363 1875; x_wconf 90' lang='lat' dir='ltr'><strong><em>ne,</em></strong></span> <span class='ocrx_word' id='word_1_510' title='bbox 2405 1811 2509 1868; x_wconf 87' lang='lat' dir='ltr'><strong><em>toti</em></strong></span> <span class='ocrx_word' id='word_1_511' title='bbox 2551 1813 2767 1884; x_wconf 85' lang='lat' dir='ltr'><strong><em>pepulo</em></strong></span> <span class='ocrx_word' id='word_1_512' title='bbox 2805 1814 2912 1869; x_wconf 85' lang='lat' dir='ltr'><strong><em>tibi</em></strong></span> <span class='ocrx_word' id='word_1_513' title='bbox 2977 1814 3195 1888; x_wconf 83' lang='lat' dir='ltr'><strong><em>placita</em></strong></span> <span class='ocrx_word' id='word_1_514' title='bbox 3251 1813 3513 1886; x_wconf 71' lang='lat' dir='ltr'><strong><em>praebere</em></strong></span> <span class='ocrx_word' id='word_1_515' title='bbox 3568 1811 3690 1868; x_wconf 64' lang='lat' dir='ltr'><strong><em>vitae</em></strong></span> <span class='ocrx_word' id='word_1_516' title='bbox 3719 1809 3876 1882; x_wconf 88' lang='lat' dir='ltr'><strong><em>possit</em></strong></span> 
     </span>
    </p>
   </div>
   <div class='ocr_carea' id='block_1_79' title="bbox 2268 1897 3876 1973">
    <p class='ocr_par' dir='ltr' id='par_1_79' title="bbox 2268 1897 3876 1973">
     <span class='ocr_line' id='line_1_80' title="bbox 2268 1897 3876 1973; baseline -0.001 -21"><span class='ocrx_word' id='word_1_517' title='bbox 2268 1899 2566 1972; x_wconf 85' lang='lat' dir='ltr'><strong><em>exempla,</em></strong></span> <span class='ocrx_word' id='word_1_518' title='bbox 2583 1907 2657 1968; x_wconf 88' lang='lat' dir='ltr'><strong><em>et,</em></strong></span> <span class='ocrx_word' id='word_1_519' title='bbox 2689 1917 2794 1973; x_wconf 90' lang='lat' dir='ltr'><strong><em>per</em></strong></span> <span class='ocrx_word' id='word_1_520' title='bbox 2822 1901 2980 1958; x_wconf 90' lang='lat' dir='ltr'><strong><em>viam</em></strong></span> <span class='ocrx_word' id='word_1_521' title='bbox 2997 1901 3256 1958; x_wconf 87' lang='lat' dir='ltr'><strong><em>veritatis</em></strong></span> <span class='ocrx_word' id='word_1_522' title='bbox 3267 1918 3404 1956; x_wconf 90' lang='lat' dir='ltr'><strong><em>cum</em></strong></span> <span class='ocrx_word' id='word_1_523' title='bbox 3430 1916 3604 1973; x_wconf 81' lang='lat' dir='ltr'><strong><em>grege</em></strong></span> <span class='ocrx_word' id='word_1_524' title='bbox 3629 1897 3876 1970; x_wconf 83' lang='lat' dir='ltr'><strong><em>gradiens</em></strong></span> 
     </span>
    </p>
   </div>
   <div class='ocr_carea' id='block_1_80' title="bbox 2268 1987 3878 2064">
    <p class='ocr_par' dir='ltr' id='par_1_80' title="bbox 2268 1987 3878 2064">
     <span class='ocr_line' id='line_1_81' title="bbox 2268 1987 3878 2064; baseline -0.002 -21"><span class='ocrx_word' id='word_1_525' title='bbox 2268 1988 2382 2044; x_wconf 89' lang='lat' dir='ltr'><strong><em>sibi</em></strong></span> <span class='ocrx_word' id='word_1_526' title='bbox 2404 1989 2658 2053; x_wconf 90' lang='lat' dir='ltr'><strong><em>subdito.</em></strong></span> <span class='ocrx_word' id='word_1_527' title='bbox 2693 2006 2840 2064; x_wconf 85' lang='lat' dir='ltr'><strong><em>opes</em></strong></span> <span class='ocrx_word' id='word_1_528' title='bbox 2871 1989 3127 2060; x_wconf 81' lang='lat' dir='ltr'><strong><em>frugales</em></strong></span> <span class='ocrx_word' id='word_1_529' title='bbox 3157 1989 3794 2062; x_wconf 86' lang='lat' dir='ltr'><strong><em>abundanteracquirat</em></strong></span> <span class='ocrx_word' id='word_1_530' title='bbox 3817 1987 3878 2041; x_wconf 88' lang='lat' dir='ltr'><strong><em>si-</em></strong></span> 
     </span>
    </p>
   </div>
   <div class='ocr_carea' id='block_1_81' title="bbox 2271 2073 3878 2150">
    <p class='ocr_par' dir='ltr' id='par_1_81' title="bbox 2271 2073 3878 2150">
     <span class='ocr_line' id='line_1_82' title="bbox 2271 2073 3878 2150; baseline -0.002 -17"><span class='ocrx_word' id='word_1_531' title='bbox 2271 2077 2387 2134; x_wconf 88' lang='lat' dir='ltr'><strong><em>mul</em></strong></span> <span class='ocrx_word' id='word_1_532' title='bbox 2414 2078 2492 2133; x_wconf 89' lang='lat' dir='ltr'><strong><em>ad</em></strong></span> <span class='ocrx_word' id='word_1_533' title='bbox 2521 2077 2774 2134; x_wconf 85' lang='lat' dir='ltr'><strong><em>salutem</em></strong></span> <span class='ocrx_word' id='word_1_534' title='bbox 2805 2096 2925 2134; x_wconf 90' lang='lat' dir='ltr'><strong><em>non</em></strong></span> <span class='ocrx_word' id='word_1_535' title='bbox 2957 2079 3143 2135; x_wconf 91' lang='lat' dir='ltr'><strong><em>solum</em></strong></span> <span class='ocrx_word' id='word_1_536' title='bbox 3195 2095 3536 2150; x_wconf 85' lang='lat' dir='ltr'><strong><em>corporum,</em></strong></span> <span class='ocrx_word' id='word_1_537' title='bbox 3569 2077 3662 2134; x_wconf 87' lang='lat' dir='ltr'><strong><em>sed</em></strong></span> <span class='ocrx_word' id='word_1_538' title='bbox 3723 2073 3878 2132; x_wconf 86' lang='lat' dir='ltr'><strong><em>etiam</em></strong></span> 
     </span>
    </p>
   </div>
   <div class='ocr_carea' id='block_1_82' title="bbox 2269 2165 3880 2239">
    <p class='ocr_par' dir='ltr' id='par_1_82' title="bbox 2269 2165 3880 2239">
     <span class='ocr_line' id='line_1_83' title="bbox 2269 2165 3880 2239; baseline -0.002 -17"><span class='ocrx_word' id='word_1_539' title='bbox 2269 2166 2538 2222; x_wconf 88' lang='lat' dir='ltr'><strong><em>cordium</em></strong></span> <span class='ocrx_word' id='word_1_540' title='bbox 2561 2183 2598 2224; x_wconf 90' lang='lat' dir='ltr'><strong><em>a</em></strong></span> <span class='ocrx_word' id='word_1_541' title='bbox 2624 2173 2673 2223; x_wconf 91' lang='lat' dir='ltr'><strong><em>te</em></strong></span> <span class='ocrx_word' id='word_1_542' title='bbox 2696 2183 3047 2224; x_wconf 82' lang='lat' dir='ltr'><strong><em>concessam</em></strong></span> <span class='ocrx_word' id='word_1_543' title='bbox 3073 2172 3291 2224; x_wconf 83' lang='lat' dir='ltr'><strong><em>cuncta</em></strong></span> <span class='ocrx_word' id='word_1_544' title='bbox 3313 2167 3576 2239; x_wconf 86' lang='lat' dir='ltr'><strong><em>accipiat.</em></strong></span> <span class='ocrx_word' id='word_1_545' title='bbox 3599 2166 3809 2236; x_wconf 84' lang='lat' dir='ltr'><strong><em>Sicque,</em></strong></span> <span class='ocrx_word' id='word_1_546' title='bbox 3829 2165 3880 2218; x_wconf 90' lang='lat' dir='ltr'><strong><em>in</em></strong></span> 
     </span>
    </p>
   </div>
   <div class='ocr_carea' id='block_1_83' title="bbox 2269 2256 3878 2328">
    <p class='ocr_par' dir='ltr' id='par_1_83' title="bbox 2269 2256 3878 2328">
     <span class='ocr_line' id='line_1_84' title="bbox 2269 2256 3878 2328; baseline 0.004 -18"><span class='ocrx_word' id='word_1_547' title='bbox 2269 2260 2324 2310; x_wconf 90' lang='lat' dir='ltr'><strong><em>te</em></strong></span> <span class='ocrx_word' id='word_1_548' title='bbox 2339 2257 2666 2324; x_wconf 85' lang='lat' dir='ltr'><strong><em>cogitatum</em></strong></span> <span class='ocrx_word' id='word_1_549' title='bbox 2687 2257 2870 2314; x_wconf 89' lang='lat' dir='ltr'><strong><em>animi</em></strong></span> <span class='ocrx_word' id='word_1_550' title='bbox 2886 2256 3326 2328; x_wconf 87' lang='lat' dir='ltr'><strong><em>consiliumque</em></strong></span> <span class='ocrx_word' id='word_1_551' title='bbox 3337 2272 3516 2313; x_wconf 85' lang='lat' dir='ltr'><strong><em>omne</em></strong></span> <span class='ocrx_word' id='word_1_552' title='bbox 3530 2267 3878 2328; x_wconf 67' lang='lat' dir='ltr'><strong><em>componens.</em></strong></span> 
     </span>
    </p>
   </div>
   <div class='ocr_carea' id='block_1_84' title="bbox 2270 2342 3880 2418">
    <p class='ocr_par' dir='ltr' id='par_1_84' title="bbox 2270 2342 3880 2418">
     <span class='ocr_line' id='line_1_85' title="bbox 2270 2342 3880 2418; baseline -0.002 -20"><span class='ocrx_word' id='word_1_553' title='bbox 2270 2343 2463 2416; x_wconf 88' lang='lat' dir='ltr'><strong><em>plebis</em></strong></span> <span class='ocrx_word' id='word_1_554' title='bbox 2481 2345 2890 2414; x_wconf 85' lang='lat' dir='ltr'><strong><em>gubernacula</em></strong></span> <span class='ocrx_word' id='word_1_555' title='bbox 2901 2361 3032 2402; x_wconf 87' lang='lat' dir='ltr'><strong><em>cum</em></strong></span> <span class='ocrx_word' id='word_1_556' title='bbox 3048 2361 3191 2418; x_wconf 88' lang='lat' dir='ltr'><strong><em>pace</em></strong></span> <span class='ocrx_word' id='word_1_557' title='bbox 3207 2344 3391 2401; x_wconf 87' lang='lat' dir='ltr'><strong><em>simul</em></strong></span> <span class='ocrx_word' id='word_1_558' title='bbox 3405 2350 3462 2402; x_wconf 87' lang='lat' dir='ltr'><strong><em>et</em></strong></span> <span class='ocrx_word' id='word_1_559' title='bbox 3476 2342 3752 2416; x_wconf 87' lang='lat' dir='ltr'><strong><em>sapientia</em></strong></span> <span class='ocrx_word' id='word_1_560' title='bbox 3763 2357 3880 2398; x_wconf 86' lang='lat' dir='ltr'><strong><em>sem-</em></strong></span> 
     </span>
    </p>
   </div>
   <div class='ocr_carea' id='block_1_85' title="bbox 2272 2429 3882 2510">
    <p class='ocr_par' dir='ltr' id='par_1_85' title="bbox 2272 2429 3882 2510">
     <span class='ocr_line' id='line_1_86' title="bbox 2272 2429 3882 2510; baseline -0.002 -20"><span class='ocrx_word' id='word_1_561' title='bbox 2272 2450 2373 2506; x_wconf 87' lang='lat' dir='ltr'><strong><em>per</em></strong></span> <span class='ocrx_word' id='word_1_562' title='bbox 2398 2434 2663 2492; x_wconf 88' lang='lat' dir='ltr'><strong><em>invenire</em></strong></span> <span class='ocrx_word' id='word_1_563' title='bbox 2703 2435 2974 2492; x_wconf 88' lang='lat' dir='ltr'><strong><em>videatur</em></strong></span> <span class='ocrx_word' id='word_1_564' title='bbox 3014 2451 3028 2502; x_wconf 88' lang='lat'><strong>;</strong></span> <span class='ocrx_word' id='word_1_565' title='bbox 3062 2442 3238 2510; x_wconf 89' lang='lat' dir='ltr'><strong><em>teque</em></strong></span> <span class='ocrx_word' id='word_1_566' title='bbox 3267 2435 3590 2492; x_wconf 82' lang='lat' dir='ltr'><strong><em>auxiliante</em></strong></span> <span class='ocrx_word' id='word_1_567' title='bbox 3615 2429 3882 2507; x_wconf 56' lang='lat' dir='ltr'><strong><em>pressantis</em></strong></span> 
     </span>
    </p>
   </div>
   <div class='ocr_carea' id='block_1_86' title="bbox 2273 2523 3882 2599">
    <p class='ocr_par' dir='ltr' id='par_1_86' title="bbox 2273 2523 3882 2599">
     <span class='ocr_line' id='line_1_87' title="bbox 2273 2523 3882 2599; baseline -0.002 -19"><span class='ocrx_word' id='word_1_568' title='bbox 2273 2525 2404 2581; x_wconf 72' lang='lat' dir='ltr'><strong><em>vitm</em></strong></span> <span class='ocrx_word' id='word_1_569' title='bbox 2437 2525 2833 2597; x_wconf 82' lang='lat' dir='ltr'><strong><em>prolixitatem</em></strong></span> <span class='ocrx_word' id='word_1_570' title='bbox 2879 2526 3170 2599; x_wconf 87' lang='lat' dir='ltr'><strong><em>percipiat</em></strong></span> <span class='ocrx_word' id='word_1_571' title='bbox 3198 2531 3276 2592; x_wconf 88' lang='lat' dir='ltr'><strong><em>et,</em></strong></span> <span class='ocrx_word' id='word_1_572' title='bbox 3310 2542 3420 2599; x_wconf 89' lang='lat' dir='ltr'><strong><em>per</em></strong></span> <span class='ocrx_word' id='word_1_573' title='bbox 3455 2530 3718 2597; x_wconf 82' lang='lat' dir='ltr'><strong><em>tempora</em></strong></span> <span class='ocrx_word' id='word_1_574' title='bbox 3745 2523 3882 2579; x_wconf 78' lang='lat' dir='ltr'><strong><em>bona</em></strong></span> 
     </span>
    </p>
   </div>
   <div class='ocr_carea' id='block_1_87' title="bbox 2273 2611 3882 2688">
    <p class='ocr_par' dir='ltr' id='par_1_87' title="bbox 2273 2611 3882 2688">
     <span class='ocr_line' id='line_1_88' title="bbox 2273 2611 3882 2688; baseline -0.003 -19"><span class='ocrx_word' id='word_1_575' title='bbox 2273 2629 2462 2686; x_wconf 91' lang='lat' dir='ltr'><strong><em>usque</em></strong></span> <span class='ocrx_word' id='word_1_576' title='bbox 2475 2613 2552 2670; x_wconf 90' lang='lat' dir='ltr'><strong><em>ad</em></strong></span> <span class='ocrx_word' id='word_1_577' title='bbox 2583 2629 2876 2672; x_wconf 90' lang='lat' dir='ltr'><strong><em>summam</em></strong></span> <span class='ocrx_word' id='word_1_578' title='bbox 2906 2621 3262 2674; x_wconf 88' lang='lat' dir='ltr'><strong><em>senectutem</em></strong></span> <span class='ocrx_word' id='word_1_579' title='bbox 3279 2611 3882 2688; x_wconf 84' lang='lat' dir='ltr'><strong><em>perveniat,hujusque</em></strong></span> 
     </span>
    </p>
   </div>
   <div class='ocr_carea' id='block_1_88' title="bbox 2272 2701 3882 2777">
    <p class='ocr_par' dir='ltr' id='par_1_88' title="bbox 2272 2701 3882 2777">
     <span class='ocr_line' id='line_1_89' title="bbox 2272 2701 3882 2777; baseline -0.004 -17"><span class='ocrx_word' id='word_1_580' title='bbox 2272 2703 2602 2774; x_wconf 82' lang='lat' dir='ltr'><strong><em>fragilitatis</em></strong></span> <span class='ocrx_word' id='word_1_581' title='bbox 2663 2703 2844 2760; x_wconf 86' lang='lat' dir='ltr'><strong><em>ﬁnem</em></strong></span> <span class='ocrx_word' id='word_1_582' title='bbox 2876 2705 3202 2777; x_wconf 89' lang='lat' dir='ltr'><strong><em>perfectum</em></strong></span> <span class='ocrx_word' id='word_1_583' title='bbox 3235 2705 3316 2762; x_wconf 87' lang='lat' dir='ltr'><strong><em>ab</em></strong></span> <span class='ocrx_word' id='word_1_584' title='bbox 3341 2703 3614 2761; x_wconf 88' lang='lat' dir='ltr'><strong><em>omnibus</em></strong></span> <span class='ocrx_word' id='word_1_585' title='bbox 3643 2701 3882 2758; x_wconf 87' lang='lat' dir='ltr'><strong><em>vitiorum</em></strong></span> 
     </span>
    </p>
   </div>
   <div class='ocr_carea' id='block_1_89' title="bbox 2271 2787 3886 2865">
    <p class='ocr_par' dir='ltr' id='par_1_89' title="bbox 2271 2787 3886 2865">
     <span class='ocr_line' id='line_1_90' title="bbox 2271 2787 3886 2865; baseline -0.002 -17"><span class='ocrx_word' id='word_1_586' title='bbox 2271 2792 2522 2848; x_wconf 87' lang='lat' dir='ltr'><strong><em>vinculis</em></strong></span> <span class='ocrx_word' id='word_1_587' title='bbox 2552 2798 2662 2849; x_wconf 63' lang='lat' dir='ltr'><strong><em>tua;</em></strong></span> <span class='ocrx_word' id='word_1_588' title='bbox 2687 2793 2916 2865; x_wconf 87' lang='lat' dir='ltr'><strong><em>pietatis</em></strong></span> <span class='ocrx_word' id='word_1_589' title='bbox 2972 2793 3241 2864; x_wconf 84' lang='lat' dir='ltr'><strong><em>largitate</em></strong></span> <span class='ocrx_word' id='word_1_590' title='bbox 3263 2793 3551 2850; x_wconf 88' lang='lat' dir='ltr'><strong><em>liberatus</em></strong></span> <span class='ocrx_word' id='word_1_591' title='bbox 3581 2796 3638 2848; x_wconf 87' lang='lat' dir='ltr'><strong><em>et</em></strong></span> <span class='ocrx_word' id='word_1_592' title='bbox 3672 2787 3886 2846; x_wconf 70' lang='lat' dir='ltr'><strong><em>inﬁnite</em></strong></span> 
     </span>
    </p>
   </div>
   <div class='ocr_carea' id='block_1_90' title="bbox 2271 2882 3890 2956">
    <p class='ocr_par' dir='ltr' id='par_1_90' title="bbox 2271 2882 3890 2956">
     <span class='ocr_line' id='line_1_91' title="bbox 2271 2882 3890 2956; baseline -0.002 -20"><span class='ocrx_word' id='word_1_593' title='bbox 2271 2882 2674 2954; x_wconf 87' lang='lat' dir='ltr'><strong><em>prosperitatis</em></strong></span> <span class='ocrx_word' id='word_1_594' title='bbox 2687 2884 3218 2956; x_wconf 72' lang='lat' dir='ltr'><strong><em>prmmiaperpetua</em></strong></span> <span class='ocrx_word' id='word_1_595' title='bbox 3233 2883 3688 2956; x_wconf 86' lang='lat' dir='ltr'><strong><em>angelorumque</em></strong></span> <span class='ocrx_word' id='word_1_596' title='bbox 3701 2884 3890 2936; x_wconf 59' lang='lat' dir='ltr'><strong><em>aeterne</em></strong></span> 
     </span>
    </p>
   </div>
   <div class='ocr_carea' id='block_1_91' title="bbox 2272 2972 3248 3043">
    <p class='ocr_par' dir='ltr' id='par_1_91' title="bbox 2272 2972 3248 3043">
     <span class='ocr_line' id='line_1_92' title="bbox 2272 2972 3248 3043; baseline -0.001 -18"><span class='ocrx_word' id='word_1_597' title='bbox 2272 2972 2632 3028; x_wconf 89' lang='lat' dir='ltr'><strong><em>commercia</em></strong></span> <span class='ocrx_word' id='word_1_598' title='bbox 2660 2978 3078 3043; x_wconf 87' lang='lat' dir='ltr'><strong><em>consequatur.</em></strong></span> <span class='ocrx_word' id='word_1_599' title='bbox 3119 2973 3248 3028; x_wconf 85' lang='lat' dir='ltr'><strong><em>Per.</em></strong></span> 
     </span>
    </p>
   </div>
   <div class='ocr_carea' id='block_1_92' title="bbox 2345 3052 3894 3134">
    <p class='ocr_par' dir='ltr' id='par_1_92' title="bbox 2345 3052 3894 3134">
     <span class='ocr_line' id='line_1_93' title="bbox 2345 3052 3894 3134; baseline -0.004 -20"><span class='ocrx_word' id='word_1_600' title='bbox 2345 3060 2531 3132; x_wconf 89' lang='grc'>(1089)</span> <span class='ocrx_word' id='word_1_601' title='bbox 2567 3060 2926 3118; x_wconf 87' lang='lat' dir='ltr'><strong><em>Consecratio</em></strong></span> <span class='ocrx_word' id='word_1_602' title='bbox 2949 3063 3124 3133; x_wconf 78' lang='lat' dir='ltr'><strong><em>regis.</em></strong></span> <span class='ocrx_word' id='word_1_603' title='bbox 3157 3091 3227 3103; x_wconf 94' lang='lat'><strong>—</strong></span> <span class='ocrx_word' id='word_1_604' title='bbox 3255 3060 3650 3134; x_wconf 86' lang='lat' dir='ltr'><strong><em>Omnipotens</em></strong></span> <span class='ocrx_word' id='word_1_605' title='bbox 3707 3052 3894 3126; x_wconf 85' lang='lat' dir='ltr'><strong><em>sempi-</em></strong></span> 
     </span>
    </p>
   </div>
   <div class='ocr_carea' id='block_1_93' title="bbox 2273 3149 3890 3220">
    <p class='ocr_par' dir='ltr' id='par_1_93' title="bbox 2273 3149 3890 3220">
     <span class='ocr_line' id='line_1_94' title="bbox 2273 3149 3890 3220; baseline 0.001 -16"><span class='ocrx_word' id='word_1_606' title='bbox 2273 3152 2458 3212; x_wconf 88' lang='lat' dir='ltr'><strong><em>terne,</em></strong></span> <span class='ocrx_word' id='word_1_607' title='bbox 2495 3149 2669 3216; x_wconf 88' lang='lat' dir='ltr'><strong><em>Deus,</em></strong></span> <span class='ocrx_word' id='word_1_608' title='bbox 2729 3153 2968 3207; x_wconf 87' lang='lat' dir='ltr'><strong><em>Creator</em></strong></span> <span class='ocrx_word' id='word_1_609' title='bbox 2996 3156 3052 3207; x_wconf 90' lang='lat' dir='ltr'><strong><em>et</em></strong></span> <span class='ocrx_word' id='word_1_610' title='bbox 3077 3151 3448 3220; x_wconf 83' lang='lat' dir='ltr'><strong><em>gubernator</em></strong></span> <span class='ocrx_word' id='word_1_611' title='bbox 3487 3149 3617 3206; x_wconf 71' lang='lat' dir='ltr'><strong><em>caeli</em></strong></span> <span class='ocrx_word' id='word_1_612' title='bbox 3641 3151 3695 3204; x_wconf 87' lang='lat' dir='ltr'><strong><em>et</em></strong></span> <span class='ocrx_word' id='word_1_613' title='bbox 3728 3153 3890 3206; x_wconf 66' lang='lat' dir='ltr'><strong><em>terra.</em></strong></span> 
     </span>
    </p>
   </div>
   <div class='ocr_carea' id='block_1_94' title="bbox 2274 3233 3892 3311">
    <p class='ocr_par' dir='ltr' id='par_1_94' title="bbox 2274 3233 3892 3311">
     <span class='ocr_line' id='line_1_95' title="bbox 2274 3233 3892 3311; baseline -0.004 -19"><span class='ocrx_word' id='word_1_614' title='bbox 2274 3237 2543 3294; x_wconf 90' lang='lat' dir='ltr'><strong><em>conditor</em></strong></span> <span class='ocrx_word' id='word_1_615' title='bbox 2571 3243 2630 3294; x_wconf 89' lang='lat' dir='ltr'><strong><em>et</em></strong></span> <span class='ocrx_word' id='word_1_616' title='bbox 2651 3237 2977 3311; x_wconf 87' lang='lat' dir='ltr'><strong><em>dispositor</em></strong></span> <span class='ocrx_word' id='word_1_617' title='bbox 2996 3239 3342 3310; x_wconf 87' lang='lat' dir='ltr'><strong><em>angelorum</em></strong></span> <span class='ocrx_word' id='word_1_618' title='bbox 3366 3245 3428 3295; x_wconf 90' lang='lat' dir='ltr'><strong><em>et</em></strong></span> <span class='ocrx_word' id='word_1_619' title='bbox 3456 3237 3772 3302; x_wconf 87' lang='lat' dir='ltr'><strong><em>hominum,</em></strong></span> <span class='ocrx_word' id='word_1_620' title='bbox 3791 3233 3892 3288; x_wconf 78' lang='lat' dir='ltr'><strong><em>Rex</em></strong></span> 
     </span>
    </p>
   </div>
   <div class='ocr_carea' id='block_1_95' title="bbox 2273 3322 3892 3401">
    <p class='ocr_par' dir='ltr' id='par_1_95' title="bbox 2273 3322 3892 3401">
     <span class='ocr_line' id='line_1_96' title="bbox 2273 3322 3892 3401; baseline -0.006 -18"><span class='ocrx_word' id='word_1_621' title='bbox 2273 3343 2476 3395; x_wconf 87' lang='lat' dir='ltr'><strong><em>regum</em></strong></span> <span class='ocrx_word' id='word_1_622' title='bbox 2490 3331 2546 3382; x_wconf 91' lang='lat' dir='ltr'><strong><em>et</em></strong></span> <span class='ocrx_word' id='word_1_623' title='bbox 2559 3328 2846 3384; x_wconf 85' lang='lat' dir='ltr'><strong><em>Dominus</em></strong></span> <span class='ocrx_word' id='word_1_624' title='bbox 2861 3329 3235 3384; x_wconf 88' lang='lat' dir='ltr'><strong><em>dominorum</em></strong></span> <span class='ocrx_word' id='word_1_625' title='bbox 3245 3329 3366 3401; x_wconf 89' lang='lat' dir='ltr'><strong><em>,qui</em></strong></span> <span class='ocrx_word' id='word_1_626' title='bbox 3384 3328 3681 3384; x_wconf 78' lang='lat' dir='ltr'><strong><em>Abraham</em></strong></span> <span class='ocrx_word' id='word_1_627' title='bbox 3694 3322 3892 3380; x_wconf 83' lang='lat' dir='ltr'><strong><em>ﬁdelem</em></strong></span> 
     </span>
    </p>
   </div>
   <div class='ocr_carea' id='block_1_96' title="bbox 2274 3405 3892 3489">
    <p class='ocr_par' dir='ltr' id='par_1_96' title="bbox 2274 3405 3892 3489">
     <span class='ocr_line' id='line_1_97' title="bbox 2274 3405 3892 3489; baseline -0.004 -18"><span class='ocrx_word' id='word_1_628' title='bbox 2274 3415 2559 3472; x_wconf 89' lang='lat' dir='ltr'><strong><em>famulum</em></strong></span> <span class='ocrx_word' id='word_1_629' title='bbox 2575 3422 2741 3472; x_wconf 89' lang='lat' dir='ltr'><strong><em>tuum</em></strong></span> <span class='ocrx_word' id='word_1_630' title='bbox 2756 3417 3114 3472; x_wconf 86' lang='lat' dir='ltr'><strong><em>dehostibus</em></strong></span> <span class='ocrx_word' id='word_1_631' title='bbox 3131 3417 3505 3489; x_wconf 86' lang='lat' dir='ltr'><strong><em>triumphare</em></strong></span> <span class='ocrx_word' id='word_1_632' title='bbox 3516 3414 3717 3479; x_wconf 88' lang='lat' dir='ltr'><strong><em>fecisti,</em></strong></span> <span class='ocrx_word' id='word_1_633' title='bbox 3731 3405 3892 3482; x_wconf 77' lang='lat' dir='ltr'><strong><em>Moysi</em></strong></span> 
     </span>
    </p>
   </div>
   <div class='ocr_carea' id='block_1_97' title="bbox 2276 3500 3892 3578">
    <p class='ocr_par' dir='ltr' id='par_1_97' title="bbox 2276 3500 3892 3578">
     <span class='ocr_line' id='line_1_98' title="bbox 2276 3500 3892 3578; baseline -0.003 -20"><span class='ocrx_word' id='word_1_634' title='bbox 2276 3509 2331 3559; x_wconf 90' lang='lat' dir='ltr'><strong><em>et</em></strong></span> <span class='ocrx_word' id='word_1_635' title='bbox 2350 3505 2528 3559; x_wconf 90' lang='lat' dir='ltr'><strong><em>Josue</em></strong></span> <span class='ocrx_word' id='word_1_636' title='bbox 2548 3503 2773 3576; x_wconf 90' lang='lat' dir='ltr'><strong><em>populo</em></strong></span> <span class='ocrx_word' id='word_1_637' title='bbox 2795 3511 2897 3560; x_wconf 89' lang='lat' dir='ltr'><strong><em>tuo</em></strong></span> <span class='ocrx_word' id='word_1_638' title='bbox 2920 3505 3181 3577; x_wconf 69' lang='lat' dir='ltr'><strong><em>praelatis</em></strong></span> <span class='ocrx_word' id='word_1_639' title='bbox 3197 3504 3587 3578; x_wconf 88' lang='lat' dir='ltr'><strong><em>multiplicem</em></strong></span> <span class='ocrx_word' id='word_1_640' title='bbox 3626 3500 3892 3558; x_wconf 84' lang='lat' dir='ltr'><strong><em>victoriam</em></strong></span> 
     </span>
    </p>
   </div>
   <div class='ocr_carea' id='block_1_98' title="bbox 2275 3591 3895 3666">
    <p class='ocr_par' dir='ltr' id='par_1_98' title="bbox 2275 3591 3895 3666">
     <span class='ocr_line' id='line_1_99' title="bbox 2275 3591 3895 3666; baseline -0.005 -17"><span class='ocrx_word' id='word_1_641' title='bbox 2275 3591 2842 3658; x_wconf 88' lang='lat' dir='ltr'><strong><em>tribuisti,humilem</em></strong></span> <span class='ocrx_word' id='word_1_642' title='bbox 2859 3609 3102 3666; x_wconf 82' lang='lat' dir='ltr'><strong><em>quoque</em></strong></span> <span class='ocrx_word' id='word_1_643' title='bbox 3125 3593 3315 3650; x_wconf 89' lang='lat' dir='ltr'><strong><em>David</em></strong></span> <span class='ocrx_word' id='word_1_644' title='bbox 3354 3609 3614 3666; x_wconf 88' lang='lat' dir='ltr'><strong><em>puerum</em></strong></span> <span class='ocrx_word' id='word_1_645' title='bbox 3641 3598 3796 3647; x_wconf 87' lang='lat' dir='ltr'><strong><em>tuum</em></strong></span> <span class='ocrx_word' id='word_1_646' title='bbox 3821 3600 3895 3643; x_wconf 85' lang='lat' dir='ltr'><strong><em>re-</em></strong></span> 
     </span>
    </p>
   </div>
   <div class='ocr_carea' id='block_1_99' title="bbox 2277 3675 3897 3755">
    <p class='ocr_par' dir='ltr' id='par_1_99' title="bbox 2277 3675 3897 3755">
     <span class='ocr_line' id='line_1_100' title="bbox 2277 3675 3897 3755; baseline -0.004 -19"><span class='ocrx_word' id='word_1_647' title='bbox 2277 3681 2376 3752; x_wconf 85' lang='lat' dir='ltr'><strong><em>gni</em></strong></span> <span class='ocrx_word' id='word_1_648' title='bbox 2391 3681 2622 3752; x_wconf 84' lang='lat' dir='ltr'><strong><em>fastigio</em></strong></span> <span class='ocrx_word' id='word_1_649' title='bbox 2637 3683 2690 3752; x_wconf 73' lang='lat'><strong>2</strong></span> <span class='ocrx_word' id='word_1_650' title='bbox 2701 3682 2815 3754; x_wconf 77' lang='lat'><strong><em>59</em></strong></span> <span class='ocrx_word' id='word_1_651' title='bbox 2831 3682 2978 3738; x_wconf 90' lang='lat' dir='ltr'><strong><em>suhli</em></strong></span> <span class='ocrx_word' id='word_1_652' title='bbox 2989 3683 3444 3755; x_wconf 89' lang='lat' dir='ltr'><strong><em>masti,eumque</em></strong></span> <span class='ocrx_word' id='word_1_653' title='bbox 3458 3685 3532 3740; x_wconf 87' lang='lat' dir='ltr'><strong><em>de</em></strong></span> <span class='ocrx_word' id='word_1_654' title='bbox 3543 3697 3644 3740; x_wconf 89' lang='lat' dir='ltr'><strong><em>ore</em></strong></span> <span class='ocrx_word' id='word_1_655' title='bbox 3655 3675 3897 3738; x_wconf 72' lang='lat' dir='ltr'><strong><em>leonis,ei</em></strong></span> 
     </span>
    </p>
   </div>
   <div class='ocr_carea' id='block_1_100' title="bbox 2275 3767 3896 3844">
    <p class='ocr_par' dir='ltr' id='par_1_100' title="bbox 2275 3767 3896 3844">
     <span class='ocr_line' id='line_1_101' title="bbox 2275 3767 3896 3844; baseline -0.005 -19"><span class='ocrx_word' id='word_1_656' title='bbox 2275 3769 2350 3825; x_wconf 91' lang='lat' dir='ltr'><strong><em>de</em></strong></span> <span class='ocrx_word' id='word_1_657' title='bbox 2364 3787 2548 3826; x_wconf 89' lang='lat' dir='ltr'><strong><em>manu</em></strong></span> <span class='ocrx_word' id='word_1_658' title='bbox 2559 3770 2754 3826; x_wconf 73' lang='lat' dir='ltr'><strong><em>bestiae</em></strong></span> <span class='ocrx_word' id='word_1_659' title='bbox 2773 3777 2946 3842; x_wconf 88' lang='lat' dir='ltr'><strong><em>atque</em></strong></span> <span class='ocrx_word' id='word_1_660' title='bbox 2957 3771 3060 3828; x_wconf 88' lang='lat' dir='ltr'><strong><em>Gol</em></strong></span> <span class='ocrx_word' id='word_1_661' title='bbox 3071 3771 3074 3776; x_wconf 87' lang='grc'><em>’</em></span> <span class='ocrx_word' id='word_1_662' title='bbox 3086 3787 3156 3836; x_wconf 73' lang='lat' dir='ltr'><strong><em>aa,</em></strong></span> <span class='ocrx_word' id='word_1_663' title='bbox 3174 3772 3279 3827; x_wconf 90' lang='lat' dir='ltr'><strong><em>sed</em></strong></span> <span class='ocrx_word' id='word_1_664' title='bbox 3298 3772 3443 3828; x_wconf 86' lang='lat' dir='ltr'><strong><em>etde</em></strong></span> <span class='ocrx_word' id='word_1_665' title='bbox 3455 3771 3655 3844; x_wconf 84' lang='lat' dir='ltr'><strong><em>gladio</em></strong></span> <span class='ocrx_word' id='word_1_666' title='bbox 3669 3767 3896 3840; x_wconf 78' lang='lat' dir='ltr'><strong><em>maligno</em></strong></span> 
     </span>
    </p>
   </div>
   <div class='ocr_carea' id='block_1_101' title="bbox 2276 3853 3897 3931">
    <p class='ocr_par' dir='ltr' id='par_1_101' title="bbox 2276 3853 3897 3931">
     <span class='ocr_line' id='line_1_102' title="bbox 2276 3853 3897 3931; baseline -0.006 -15"><span class='ocrx_word' id='word_1_667' title='bbox 2276 3859 2417 3917; x_wconf 89' lang='lat' dir='ltr'><strong><em>Saul</em></strong></span> <span class='ocrx_word' id='word_1_668' title='bbox 2449 3865 2506 3915; x_wconf 88' lang='lat' dir='ltr'><strong><em>et</em></strong></span> <span class='ocrx_word' id='word_1_669' title='bbox 2533 3860 2798 3915; x_wconf 89' lang='lat' dir='ltr'><strong><em>omnium</em></strong></span> <span class='ocrx_word' id='word_1_670' title='bbox 2831 3859 3198 3916; x_wconf 87' lang='lat' dir='ltr'><strong><em>inimicorum</em></strong></span> <span class='ocrx_word' id='word_1_671' title='bbox 3230 3861 3362 3931; x_wconf 87' lang='lat' dir='ltr'><strong><em>ejus</em></strong></span> <span class='ocrx_word' id='word_1_672' title='bbox 3393 3860 3734 3925; x_wconf 85' lang='lat' dir='ltr'><strong><em>liberasti,ct</em></strong></span> <span class='ocrx_word' id='word_1_673' title='bbox 3757 3853 3897 3912; x_wconf 80' lang='lat' dir='ltr'><strong><em>Salo-</em></strong></span> 
     </span>
    </p>
   </div>
   <div class='ocr_carea' id='block_1_102' title="bbox 2275 3939 3896 4022">
    <p class='ocr_par' dir='ltr' id='par_1_102' title="bbox 2275 3939 3896 4022">
     <span class='ocr_line' id='line_1_103' title="bbox 2275 3939 3896 4022; baseline -0.004 -20"><span class='ocrx_word' id='word_1_674' title='bbox 2275 3963 2518 4004; x_wconf 89' lang='lat' dir='ltr'><strong><em>monem</em></strong></span> <span class='ocrx_word' id='word_1_675' title='bbox 2533 3948 2840 4020; x_wconf 66' lang='lat' dir='ltr'><strong><em>sapientiai</em></strong></span> <span class='ocrx_word' id='word_1_676' title='bbox 2856 3949 3132 4022; x_wconf 85' lang='lat' dir='ltr'><strong><em>pacisque</em></strong></span> <span class='ocrx_word' id='word_1_677' title='bbox 3145 3948 3428 4006; x_wconf 72' lang='lat' dir='ltr'><strong><em>ineffabili</em></strong></span> <span class='ocrx_word' id='word_1_678' title='bbox 3452 3963 3696 4005; x_wconf 89' lang='lat' dir='ltr'><strong><em>munere</em></strong></span> <span class='ocrx_word' id='word_1_679' title='bbox 3707 3939 3896 4022; x_wconf 70' lang='lat' dir='ltr'><strong><em>ditasti,</em></strong></span> 
     </span>
    </p>
   </div>
   <div class='ocr_carea' id='block_1_103' title="bbox 2273 4020 3903 4110">
    <p class='ocr_par' dir='ltr' id='par_1_103' title="bbox 2273 4020 3903 4110">
     <span class='ocr_line' id='line_1_104' title="bbox 2273 4020 3903 4110; baseline -0.001 -18"><span class='ocrx_word' id='word_1_680' title='bbox 2273 4037 2499 4108; x_wconf 87' lang='lat' dir='ltr'><strong><em>respice</em></strong></span> <span class='ocrx_word' id='word_1_681' title='bbox 2526 4037 2812 4109; x_wconf 88' lang='lat' dir='ltr'><strong><em>propitius</em></strong></span> <span class='ocrx_word' id='word_1_682' title='bbox 2835 4037 2912 4092; x_wconf 90' lang='lat' dir='ltr'><strong><em>ad</em></strong></span> <span class='ocrx_word' id='word_1_683' title='bbox 2944 4020 3152 4110; x_wconf 82' lang='lat' dir='ltr'><strong><em>preces</em></strong></span> <span class='ocrx_word' id='word_1_684' title='bbox 3206 4043 3422 4093; x_wconf 62' lang='lat' dir='ltr'><strong><em>nostra</em></strong></span> <span class='ocrx_word' id='word_1_685' title='bbox 3449 4035 3802 4099; x_wconf 83' lang='lat' dir='ltr'><strong><em>humilitatis,</em></strong></span> <span class='ocrx_word' id='word_1_686' title='bbox 3854 4020 3903 4085; x_wconf 71' lang='grc' dir='ltr'><strong><em>εί</em></strong></span> 
     </span>
    </p>
   </div>
   <div class='ocr_carea' id='block_1_104' title="bbox 2245 4123 3900 4200">
    <p class='ocr_par' dir='ltr' id='par_1_104' title="bbox 2245 4123 3900 4200">
     <span class='ocr_line' id='line_1_105' title="bbox 2245 4123 3900 4200; baseline -0.002 -25"><span class='ocrx_word' id='word_1_687' title='bbox 2245 4166 2252 4174; x_wconf 96' lang='grc'><em>.</em></span> <span class='ocrx_word' id='word_1_688' title='bbox 2275 4141 2456 4196; x_wconf 88' lang='lat' dir='ltr'><strong><em>super</em></strong></span> <span class='ocrx_word' id='word_1_689' title='bbox 2469 4125 2627 4180; x_wconf 90' lang='lat' dir='ltr'><strong><em>hunc</em></strong></span> <span class='ocrx_word' id='word_1_690' title='bbox 2641 4125 2924 4182; x_wconf 89' lang='lat' dir='ltr'><strong><em>famulum</em></strong></span> <span class='ocrx_word' id='word_1_691' title='bbox 2943 4133 3128 4190; x_wconf 90' lang='lat' dir='ltr'><strong><em>tuum,</em></strong></span> <span class='ocrx_word' id='word_1_692' title='bbox 3144 4142 3318 4198; x_wconf 87' lang='lat' dir='ltr'><strong><em>quem</em></strong></span> <span class='ocrx_word' id='word_1_693' title='bbox 3331 4127 3586 4200; x_wconf 88' lang='lat' dir='ltr'><strong><em>supplici</em></strong></span> <span class='ocrx_word' id='word_1_694' title='bbox 3616 4123 3900 4181; x_wconf 87' lang='lat' dir='ltr'><strong><em>devotione</em></strong></span> 
     </span>
    </p>
   </div>
   <div class='ocr_carea' id='block_1_105' title="bbox 2273 4212 3902 4286">
    <p class='ocr_par' dir='ltr' id='par_1_105' title="bbox 2273 4212 3902 4286">
     <span class='ocr_line' id='line_1_106' title="bbox 2273 4212 3902 4286; baseline -0.002 -17"><span class='ocrx_word' id='word_1_695' title='bbox 2273 4215 2332 4269; x_wconf 91' lang='lat' dir='ltr'><strong><em>in</em></strong></span> <span class='ocrx_word' id='word_1_696' title='bbox 2357 4215 2539 4286; x_wconf 88' lang='lat' dir='ltr'><strong><em>(l090)</em></strong></span> <span class='ocrx_word' id='word_1_697' title='bbox 2571 4228 2812 4282; x_wconf 85' lang='lat' dir='ltr'><strong><em>regnum</em></strong></span> <span class='ocrx_word' id='word_1_698' title='bbox 2829 4217 2893 4270; x_wconf 87' lang='lat' dir='ltr'><strong><em>N.</em></strong></span> <span class='ocrx_word' id='word_1_699' title='bbox 2943 4214 3214 4272; x_wconf 82' lang='lat' dir='ltr'><strong><em>Albionis</em></strong></span> <span class='ocrx_word' id='word_1_700' title='bbox 3235 4215 3421 4271; x_wconf 86' lang='lat' dir='ltr'><strong><em>totius</em></strong></span> <span class='ocrx_word' id='word_1_701' title='bbox 3445 4215 3715 4272; x_wconf 88' lang='lat' dir='ltr'><strong><em>videlicet</em></strong></span> <span class='ocrx_word' id='word_1_702' title='bbox 3743 4212 3902 4268; x_wconf 83' lang='lat' dir='ltr'><strong><em>Fran-</em></strong></span> 
     </span>
    </p>
   </div>
   <div class='ocr_carea' id='block_1_106' title="bbox 2211 4298 3901 4372">
    <p class='ocr_par' dir='ltr' id='par_1_106' title="bbox 2211 4298 3901 4372">
     <span class='ocr_line' id='line_1_107' title="bbox 2211 4298 3901 4372; baseline -0.004 -16"><span class='ocrx_word' id='word_1_703' title='bbox 2211 4321 2231 4336; x_wconf 84' lang='lat'><strong>-</strong></span> <span class='ocrx_word' id='word_1_704' title='bbox 2274 4317 2480 4357; x_wconf 90' lang='lat' dir='ltr'><strong><em>corum</em></strong></span> <span class='ocrx_word' id='word_1_705' title='bbox 2498 4301 2714 4372; x_wconf 87' lang='lat' dir='ltr'><strong><em>pariter</em></strong></span> <span class='ocrx_word' id='word_1_706' title='bbox 2725 4301 3500 4371; x_wconf 86' lang='lat' dir='ltr'><strong><em>eligimus,benedictionum</em></strong></span> <span class='ocrx_word' id='word_1_707' title='bbox 3517 4309 3748 4360; x_wconf 88' lang='lat' dir='ltr'><strong><em>tuarum</em></strong></span> <span class='ocrx_word' id='word_1_708' title='bbox 3760 4298 3901 4354; x_wconf 88' lang='lat' dir='ltr'><strong><em>dona</em></strong></span> 
     </span>
    </p>
   </div>
   <div class='ocr_carea' id='block_1_107' title="bbox 2276 4383 3902 4463">
    <p class='ocr_par' dir='ltr' id='par_1_107' title="bbox 2276 4383 3902 4463">
     <span class='ocr_line' id='line_1_108' title="bbox 2276 4383 3902 4463; baseline -0.005 -18"><span class='ocrx_word' id='word_1_709' title='bbox 2276 4389 2872 4462; x_wconf 86' lang='lat' dir='ltr'><strong><em>multiplica,eumque</em></strong></span> <span class='ocrx_word' id='word_1_710' title='bbox 2883 4391 3124 4447; x_wconf 83' lang='lat' dir='ltr'><strong><em>dextera</em></strong></span> <span class='ocrx_word' id='word_1_711' title='bbox 3137 4397 3252 4446; x_wconf 75' lang='lat' dir='ltr'><strong><em>tum</em></strong></span> <span class='ocrx_word' id='word_1_712' title='bbox 3269 4394 3549 4463; x_wconf 72' lang='lat' dir='ltr'><strong><em>potentiie</em></strong></span> <span class='ocrx_word' id='word_1_713' title='bbox 3563 4403 3782 4462; x_wconf 87' lang='lat' dir='ltr'><strong><em>semper</em></strong></span> <span class='ocrx_word' id='word_1_714' title='bbox 3793 4383 3902 4440; x_wconf 85' lang='lat' dir='ltr'><strong><em>ubi-</em></strong></span> 
     </span>
    </p>
   </div>
   <div class='ocr_carea' id='block_1_108' title="bbox 2275 4477 3900 4552">
    <p class='ocr_par' dir='ltr' id='par_1_108' title="bbox 2275 4477 3900 4552">
     <span class='ocr_line' id='line_1_109' title="bbox 2275 4477 3900 4552; baseline -0.005 -17"><span class='ocrx_word' id='word_1_715' title='bbox 2275 4495 2393 4552; x_wconf 90' lang='lat' dir='ltr'><strong><em>que</em></strong></span> <span class='ocrx_word' id='word_1_716' title='bbox 2409 4478 2715 4534; x_wconf 89' lang='lat' dir='ltr'><strong><em>circumda</em></strong></span> <span class='ocrx_word' id='word_1_717' title='bbox 2737 4495 2750 4544; x_wconf 94' lang='lat'>;</span> <span class='ocrx_word' id='word_1_718' title='bbox 2770 4479 3354 4552; x_wconf 73' lang='lat' dir='ltr'><strong><em>quatenus,prmdicti</em></strong></span> <span class='ocrx_word' id='word_1_719' title='bbox 3373 4481 3632 4537; x_wconf 60' lang='lat' dir='ltr'><strong><em>Abrahae</em></strong></span> <span class='ocrx_word' id='word_1_720' title='bbox 3644 4477 3900 4534; x_wconf 82' lang='lat' dir='ltr'><strong><em>ﬁdelitate</em></strong></span> 
     </span>
    </p>
   </div>
   <div class='ocr_carea' id='block_1_109' title="bbox 2275 4563 3901 4638">
    <p class='ocr_par' dir='ltr' id='par_1_109' title="bbox 2275 4563 3901 4638">
     <span class='ocr_line' id='line_1_110' title="bbox 2275 4563 3901 4638; baseline -0.004 -16"><span class='ocrx_word' id='word_1_721' title='bbox 2275 4567 2568 4632; x_wconf 84' lang='lat' dir='ltr'><strong><em>ﬁrmatus,</em></strong></span> <span class='ocrx_word' id='word_1_722' title='bbox 2588 4568 2762 4638; x_wconf 84' lang='lat' dir='ltr'><strong><em>Moysi</em></strong></span> <span class='ocrx_word' id='word_1_723' title='bbox 2783 4569 3240 4624; x_wconf 85' lang='lat' dir='ltr'><strong><em>mansuetudine</em></strong></span> <span class='ocrx_word' id='word_1_724' title='bbox 3256 4569 3461 4635; x_wconf 87' lang='lat' dir='ltr'><strong><em>fretus,</em></strong></span> <span class='ocrx_word' id='word_1_725' title='bbox 3479 4572 3658 4627; x_wconf 84' lang='lat' dir='ltr'><strong><em>Josue</em></strong></span> <span class='ocrx_word' id='word_1_726' title='bbox 3699 4563 3901 4622; x_wconf 84' lang='lat' dir='ltr'><strong><em>fortitu—</em></strong></span> 
     </span>
    </p>
   </div>
   <div class='ocr_carea' id='block_1_110' title="bbox 2277 4651 3900 4724">
    <p class='ocr_par' dir='ltr' id='par_1_110' title="bbox 2277 4651 3900 4724">
     <span class='ocr_line' id='line_1_111' title="bbox 2277 4651 3900 4724; baseline -0.003 -15"><span class='ocrx_word' id='word_1_727' title='bbox 2277 4655 2414 4711; x_wconf 90' lang='lat' dir='ltr'><strong><em>dine</em></strong></span> <span class='ocrx_word' id='word_1_728' title='bbox 2430 4655 2901 4723; x_wconf 82' lang='lat' dir='ltr'><strong><em>munitus,David</em></strong></span> <span class='ocrx_word' id='word_1_729' title='bbox 2919 4657 3250 4713; x_wconf 86' lang='lat' dir='ltr'><strong><em>humilitate</em></strong></span> <span class='ocrx_word' id='word_1_730' title='bbox 3268 4651 3900 4724; x_wconf 80' lang='lat' dir='ltr'><strong><em>exaltatus,Salomonis</em></strong></span> 
     </span>
    </p>
   </div>
   <div class='ocr_carea' id='block_1_111' title="bbox 2278 4744 3899 4816">
    <p class='ocr_par' dir='ltr' id='par_1_111' title="bbox 2278 4744 3899 4816">
     <span class='ocr_line' id='line_1_112' title="bbox 2278 4744 3899 4816; baseline -0.001 -19"><span class='ocrx_word' id='word_1_731' title='bbox 2278 4745 2566 4816; x_wconf 85' lang='lat' dir='ltr'><strong><em>sapientia</em></strong></span> <span class='ocrx_word' id='word_1_732' title='bbox 2592 4744 2922 4813; x_wconf 86' lang='lat' dir='ltr'><strong><em>decoratus,</em></strong></span> <span class='ocrx_word' id='word_1_733' title='bbox 2958 4745 3062 4800; x_wconf 87' lang='lat' dir='ltr'><strong><em>tibi</em></strong></span> <span class='ocrx_word' id='word_1_734' title='bbox 3111 4746 3171 4800; x_wconf 90' lang='lat' dir='ltr'><strong><em>in</em></strong></span> <span class='ocrx_word' id='word_1_735' title='bbox 3209 4745 3490 4801; x_wconf 89' lang='lat' dir='ltr'><strong><em>omnibus</em></strong></span> <span class='ocrx_word' id='word_1_736' title='bbox 3537 4744 3899 4816; x_wconf 84' lang='lat' dir='ltr'><strong><em>complaceat,</em></strong></span> 
     </span>
    </p>
   </div>
   <div class='ocr_carea' id='block_1_112' title="bbox 2275 4831 3902 4906">
    <p class='ocr_par' dir='ltr' id='par_1_112' title="bbox 2275 4831 3902 4906">
     <span class='ocr_line' id='line_1_113' title="bbox 2275 4831 3902 4906; baseline -0.002 -18"><span class='ocrx_word' id='word_1_737' title='bbox 2275 4839 2446 4904; x_wconf 87' lang='lat' dir='ltr'><strong><em>etper</em></strong></span> <span class='ocrx_word' id='word_1_738' title='bbox 2461 4833 2757 4889; x_wconf 85' lang='lat' dir='ltr'><strong><em>tramitem</em></strong></span> <span class='ocrx_word' id='word_1_739' title='bbox 2767 4833 3309 4905; x_wconf 71' lang='lat' dir='ltr'><strong><em>justitiaeinoﬂ&#39;enso</em></strong></span> <span class='ocrx_word' id='word_1_740' title='bbox 3347 4849 3555 4905; x_wconf 87' lang='lat' dir='ltr'><strong><em>gressu</em></strong></span> <span class='ocrx_word' id='word_1_741' title='bbox 3582 4847 3810 4906; x_wconf 87' lang='lat' dir='ltr'><strong><em>semper</em></strong></span> <span class='ocrx_word' id='word_1_742' title='bbox 3831 4831 3902 4885; x_wconf 86' lang='lat' dir='ltr'><strong><em>in-</em></strong></span> 
     </span>
    </p>
   </div>
   <div class='ocr_carea' id='block_1_113' title="bbox 2275 4922 3904 4994">
    <p class='ocr_par' dir='ltr' id='par_1_113' title="bbox 2275 4922 3904 4994">
     <span class='ocr_line' id='line_1_114' title="bbox 2275 4922 3904 4994; baseline -0.002 -18"><span class='ocrx_word' id='word_1_743' title='bbox 2275 4922 2467 4986; x_wconf 87' lang='lat' dir='ltr'><strong><em>cedat,</em></strong></span> <span class='ocrx_word' id='word_1_744' title='bbox 2496 4927 2551 4978; x_wconf 88' lang='lat' dir='ltr'><strong><em>et</em></strong></span> <span class='ocrx_word' id='word_1_745' title='bbox 2581 4923 2756 4978; x_wconf 89' lang='lat' dir='ltr'><strong><em>totius</em></strong></span> <span class='ocrx_word' id='word_1_746' title='bbox 2812 4923 3078 4980; x_wconf 80' lang='lat' dir='ltr'><strong><em>Albionis</em></strong></span> <span class='ocrx_word' id='word_1_747' title='bbox 3109 4923 3417 4979; x_wconf 86' lang='lat' dir='ltr'><strong><em>Ecclesiam</em></strong></span> <span class='ocrx_word' id='word_1_748' title='bbox 3457 4925 3739 4994; x_wconf 91' lang='lat' dir='ltr'><strong><em>deinceps</em></strong></span> <span class='ocrx_word' id='word_1_749' title='bbox 3783 4933 3904 4974; x_wconf 90' lang='lat' dir='ltr'><strong><em>cum</em></strong></span> 
     </span>
    </p>
   </div>
   <div class='ocr_carea' id='block_1_114' title="bbox 2273 5007 3905 5080">
    <p class='ocr_par' dir='ltr' id='par_1_114' title="bbox 2273 5007 3905 5080">
     <span class='ocr_line' id='line_1_115' title="bbox 2273 5007 3905 5080; baseline -0.002 -17"><span class='ocrx_word' id='word_1_750' title='bbox 2273 5009 2548 5080; x_wconf 84' lang='lat' dir='ltr'><strong><em>plebibus</em></strong></span> <span class='ocrx_word' id='word_1_751' title='bbox 2569 5011 2682 5066; x_wconf 90' lang='lat' dir='ltr'><strong><em>sibi</em></strong></span> <span class='ocrx_word' id='word_1_752' title='bbox 2697 5011 2940 5066; x_wconf 80' lang='lat' dir='ltr'><strong><em>annexis</em></strong></span> <span class='ocrx_word' id='word_1_753' title='bbox 2955 5012 3036 5066; x_wconf 87' lang='lat' dir='ltr'><strong><em>ita</em></strong></span> <span class='ocrx_word' id='word_1_754' title='bbox 3051 5012 3305 5066; x_wconf 87' lang='lat' dir='ltr'><strong><em>enutriat</em></strong></span> <span class='ocrx_word' id='word_1_755' title='bbox 3322 5027 3393 5066; x_wconf 86' lang='lat' dir='ltr'><strong><em>ac</em></strong></span> <span class='ocrx_word' id='word_1_756' title='bbox 3421 5011 3659 5077; x_wconf 89' lang='lat' dir='ltr'><strong><em>doceat,</em></strong></span> <span class='ocrx_word' id='word_1_757' title='bbox 3682 5007 3905 5068; x_wconf 86' lang='lat' dir='ltr'><strong><em>muniat,</em></strong></span> 
     </span>
    </p>
   </div>
   <div class='ocr_carea' id='block_1_115' title="bbox 2274 5095 3908 5172">
    <p class='ocr_par' dir='ltr' id='par_1_115' title="bbox 2274 5095 3908 5172">
     <span class='ocr_line' id='line_1_116' title="bbox 2274 5095 3908 5172; baseline -0.005 -16"><span class='ocrx_word' id='word_1_758' title='bbox 2274 5105 2332 5156; x_wconf 90' lang='lat' dir='ltr'><strong><em>et</em></strong></span> <span class='ocrx_word' id='word_1_759' title='bbox 2360 5100 2629 5166; x_wconf 87' lang='lat' dir='ltr'><strong><em>instruat,</em></strong></span> <span class='ocrx_word' id='word_1_760' title='bbox 2662 5108 2991 5172; x_wconf 85' lang='lat' dir='ltr'><strong><em>contraque</em></strong></span> <span class='ocrx_word' id='word_1_761' title='bbox 3011 5115 3220 5156; x_wconf 83' lang='lat' dir='ltr'><strong><em>omnes</em></strong></span> <span class='ocrx_word' id='word_1_762' title='bbox 3251 5099 3511 5155; x_wconf 87' lang='lat' dir='ltr'><strong><em>visibiles</em></strong></span> <span class='ocrx_word' id='word_1_763' title='bbox 3535 5095 3908 5156; x_wconf 88' lang='lat' dir='ltr'><strong><em>etinvisibiles</em></strong></span> 
     </span>
    </p>
   </div>
   <div class='ocr_carea' id='block_1_116' title="bbox 2274 5184 3909 5261">
    <p class='ocr_par' dir='ltr' id='par_1_116' title="bbox 2274 5184 3909 5261">
     <span class='ocr_line' id='line_1_117' title="bbox 2274 5184 3909 5261; baseline -0.004 -17"><span class='ocrx_word' id='word_1_764' title='bbox 2274 5189 2643 5245; x_wconf 88' lang='lat' dir='ltr'><strong><em>hostesidem</em></strong></span> <span class='ocrx_word' id='word_1_765' title='bbox 2673 5195 2942 5261; x_wconf 88' lang='lat' dir='ltr'><strong><em>potenter</em></strong></span> <span class='ocrx_word' id='word_1_766' title='bbox 2965 5189 3356 5260; x_wconf 86' lang='lat' dir='ltr'><strong><em>regaliterque</em></strong></span> <span class='ocrx_word' id='word_1_767' title='bbox 3387 5192 3503 5244; x_wconf 68' lang='lat' dir='ltr'><strong><em>tum</em></strong></span> <span class='ocrx_word' id='word_1_768' title='bbox 3523 5186 3761 5244; x_wconf 88' lang='lat' dir='ltr'><strong><em>virtutis</em></strong></span> <span class='ocrx_word' id='word_1_769' title='bbox 3775 5184 3909 5254; x_wconf 84' lang='lat' dir='ltr'><strong><em>regi-</em></strong></span> 
     </span>
    </p>
   </div>
   <div class='ocr_carea' id='block_1_117' title="bbox 2276 5274 3910 5350">
    <p class='ocr_par' dir='ltr' id='par_1_117' title="bbox 2276 5274 3910 5350">
     <span class='ocr_line' id='line_1_118' title="bbox 2276 5274 3910 5350; baseline -0.004 -17"><span class='ocrx_word' id='word_1_770' title='bbox 2276 5279 2435 5334; x_wconf 89' lang='lat' dir='ltr'><strong><em>mine</em></strong></span> <span class='ocrx_word' id='word_1_771' title='bbox 2460 5279 2848 5344; x_wconf 85' lang='lat' dir='ltr'><strong><em>administret,</em></strong></span> <span class='ocrx_word' id='word_1_772' title='bbox 2883 5277 3067 5350; x_wconf 86' lang='grc'>(1091)</span> <span class='ocrx_word' id='word_1_773' title='bbox 3096 5282 3158 5333; x_wconf 87' lang='lat' dir='ltr'><strong><em>ut</em></strong></span> <span class='ocrx_word' id='word_1_774' title='bbox 3185 5278 3381 5349; x_wconf 86' lang='lat' dir='ltr'><strong><em>regale</em></strong></span> <span class='ocrx_word' id='word_1_775' title='bbox 3405 5277 3624 5332; x_wconf 89' lang='lat' dir='ltr'><strong><em>solium</em></strong></span> <span class='ocrx_word' id='word_1_776' title='bbox 3657 5274 3910 5332; x_wconf 78' lang='lat' dir='ltr'><strong><em>videlicet</em></strong></span> 
     </span>
    </p>
   </div>
   <div class='ocr_carea' id='block_1_118' title="bbox 2274 5439 3910 5520">
    <p class='ocr_par' dir='ltr' id='par_1_118' title="bbox 2274 5439 3910 5520">
     <span class='ocr_line' id='line_1_119' title="bbox 2274 5439 3910 5520; baseline -0.005 -18"><span class='ocrx_word' id='word_1_777' title='bbox 2274 5446 2532 5520; x_wconf 68' lang='lat' dir='ltr'><strong><em>donicum</em></strong></span> <span class='ocrx_word' id='word_1_778' title='bbox 2553 5445 2942 5520; x_wconf 55' lang='lat' dir='ltr'><strong><em>(cognomgito</em></strong></span> <span class='ocrx_word' id='word_1_779' title='bbox 2999 5443 3259 5520; x_wconf 10' lang='lat' dir='ltr'><strong><em>Balbum),</em></strong></span> <span class='ocrx_word' id='word_1_780' title='bbox 3293 5443 3548 5520; x_wconf 62' lang='lat' dir='ltr'><strong><em>tristioris</em></strong></span> <span class='ocrx_word' id='word_1_781' title='bbox 3589 5441 3788 5520; x_wconf 49' lang='lat' dir='ltr'><strong><em>(im-cli</em></strong></span> <span class='ocrx_word' id='word_1_782' title='bbox 3805 5439 3910 5520; x_wconf 62' lang='lat' dir='ltr'><strong><em>im-</em></strong></span> 
     </span>
    </p>
   </div>
   <div class='ocr_carea' id='block_1_119' title="bbox 2275 5513 3914 5588">
    <p class='ocr_par' dir='ltr' id='par_1_119' title="bbox 2275 5513 3914 5588">
     <span class='ocr_line' id='line_1_120' title="bbox 2275 5513 3914 5588; baseline -0.005 -16"><span class='ocrx_word' id='word_1_783' title='bbox 2275 5513 2571 5588; x_wconf 84' lang='lat' dir='ltr'><strong><em>peratoris</em></strong></span> <span class='ocrx_word' id='word_1_784' title='bbox 2591 5515 2794 5585; x_wconf 77' lang='lat' dir='ltr'><strong><em>ﬁlium,</em></strong></span> <span class='ocrx_word' id='word_1_785' title='bbox 2820 5518 3023 5588; x_wconf 72' lang='lat' dir='ltr'><strong><em>Treeas</em></strong></span> <span class='ocrx_word' id='word_1_786' title='bbox 3041 5513 3304 5588; x_wconf 66' lang='lat' dir='ltr'><strong><em>civitatis.</em></strong></span> <span class='ocrx_word' id='word_1_787' title='bbox 3335 5515 3578 5588; x_wconf 80' lang='lat' dir='ltr'><strong><em>Spritum</em></strong></span> <span class='ocrx_word' id='word_1_788' title='bbox 3609 5513 3914 5569; x_wconf 80' lang='lat' dir='ltr'><strong><em>Sanctiﬁca-</em></strong></span> 
     </span>
    </p>
   </div>
   <div class='ocr_carea' id='block_1_120' title="bbox 2275 5585 3907 5658">
    <p class='ocr_par' dir='ltr' id='par_1_120' title="bbox 2275 5585 3907 5658">
     <span class='ocr_line' id='line_1_121' title="bbox 2275 5585 3907 5658; baseline -0.006 -13"><span class='ocrx_word' id='word_1_789' title='bbox 2275 5585 2461 5658; x_wconf 82' lang='lat' dir='ltr'><strong><em>tionis.</em></strong></span> <span class='ocrx_word' id='word_1_790' title='bbox 2489 5587 2840 5653; x_wconf 80' lang='lat' dir='ltr'><strong><em>Quaesumus,</em></strong></span> <span class='ocrx_word' id='word_1_791' title='bbox 2873 5586 3120 5653; x_wconf 89' lang='lat' dir='ltr'><strong><em>Domine,</em></strong></span> <span class='ocrx_word' id='word_1_792' title='bbox 3159 5585 3296 5642; x_wconf 89' lang='lat' dir='ltr'><strong><em>Lud.</em></strong></span> <span class='ocrx_word' id='word_1_793' title='bbox 3339 5585 3462 5658; x_wconf 79' lang='lat' dir='ltr'><strong><em>regi</em></strong></span> <span class='ocrx_word' id='word_1_794' title='bbox 3524 5592 3724 5641; x_wconf 87' lang='lat' dir='ltr'><strong><em>nostro</em></strong></span> <span class='ocrx_word' id='word_1_795' title='bbox 3751 5596 3907 5654; x_wconf 88' lang='lat' dir='ltr'><strong><em>prop.</em></strong></span> 
     </span>
    </p>
   </div>
   <div class='ocr_carea' id='block_1_121' title="bbox 2274 5657 2649 5725">
    <p class='ocr_par' dir='ltr' id='par_1_121' title="bbox 2274 5657 2649 5725">
     <span class='ocr_line' id='line_1_122' title="bbox 2274 5657 2649 5725; baseline -0.003 -10"><span class='ocrx_word' id='word_1_796' title='bbox 2274 5657 2518 5725; x_wconf 86' lang='lat' dir='ltr'><strong><em>infunde,</em></strong></span> <span class='ocrx_word' id='word_1_797' title='bbox 2542 5664 2649 5714; x_wconf 84' lang='lat' dir='ltr'><strong><em>etc.</em></strong></span> 
     </span>
    </p>
   </div>
  </div>
