4034 6178
146 244 273 314 151

708 226 1076 309 APPENDIO
1121 245 1218 308 AD
1257 246 1321 308 s.
1367 218 1710 306 oaecoau
1744 208 2009 306 suam.
2055 245 2188 307 LIB.
2237 228 2915 315 SACRAMENTORUM.

3402 218 3519 313 258

143 387 467 441 Francorum
516 383 756 450 sceptra
788 394 907 436 non
939 380 1190 445 deserat,
1238 378 1338 434 sed
1367 377 1443 433 ad
1497 376 1755 448 pristinae
1788 378 1840 441 Α
1876 376 2159 434 tractabili
2191 379 2352 437 dono
2382 382 2700 439 invisibilia
2730 385 3046 456 percipere,
3076 387 3132 437 et
3174 383 3529 455 temporalia

143 474 255 529 ﬁdei
274 471 543 543 pacisque
575 470 964 525 concordiam
993 484 1205 526 eorum
1230 467 1468 541 animos
1493 472 1546 520 te
1568 467 1760 536 Opitu-

145 563 268 619 lante
295 559 592 621 reformet,
625 566 710 623 ut,
737 564 1131 630 utrorumque
1147 557 1363 613 horum
1404 554 1761 627 p0pulorum

144 648 689 719 debitasubjectione
708 646 911 710 fultus,
940 648 1243 715 condigno
1260 661 1452 702 amore
1473 642 1765 712 glorifica-

145 748 234 805 tas,
261 738 625 811 perlongum
658 735 793 792 vitre
806 739 1065 809 spatium
1100 743 1363 808 paternae
1390 734 1608 804 apicem
1640 732 1762 801 glo-

145 832 225 887 ria;
248 838 339 883 tua
375 827 767 883 miseratione
800 827 1023 881 nnatim
1054 825 1311 882 stabilire
1347 830 1401 879 et
1431 823 1766 892 gubernare

143 922 420 982 mereatur;
445 921 567 971 tuae
590 929 833 986 quoque
847 914 1227 986 protectionis
1238 913 1411 985 galea
1426 911 1766 975 munitus,et

140 1012 281 1065 scuto
306 1003 709 1075 insuperabili
728 1003 946 1073 jugiter
971 1008 1288 1074 protectus,
1316 1000 1621 1072 armisque
1653 1015 1769 1055 cm-

137 1095 347 1153 lestibus
369 1093 816 1157 circumdatus,
835 1090 1114 1146 obtabilis
1143 1090 1395 1145 victoriae
1413 1088 1767 1160 triumphum

136 1187 194 1242 de
233 1182 502 1240 hostibus
531 1180 787 1236 feliciter
815 1180 1028 1251 capiat,
1065 1184 1462 1249 terroremque
1491 1192 1613 1232 suae
1668 1192 1768 1250 po—

136 1274 292 1329 lentia
308 1269 664 1326 inﬁdelibus
689 1268 924 1332 inferat,
939 1273 997 1323 et
1018 1281 1226 1339 pacem
1245 1266 1347 1322 tibi
1370 1264 1765 1321 militantibus

133 1364 361 1419 latenter
375 1364 649 1431 reportet
682 1374 698 1425 ;
733 1356 1044 1412 virtutibus
1064 1370 1295 1411 necnon
1324 1355 1542 1427 quibus
1559 1354 1771 1426 praefa-

134 1448 413 1507 tosﬂdeles
444 1454 591 1503 tuos
617 1447 913 1502 decorasti
954 1443 1266 1516 multiplici
1305 1443 1549 1500 honoris
1593 1444 1772 1499 bene-

133 1541 353 1598 dictione
365 1536 751 1601 condecora,
783 1536 916 1590 etin
939 1535 1225 1606 regimine
1252 1534 1419 1603 regni
1441 1532 1772 1588 sublimiter

134 1631 343 1692 colloca,
369 1626 585 1683 etoleo
604 1624 819 1694 gratim
844 1624 1095 1695 Spiritus
1126 1623 1314 1679 sancti
1347 1638 1626 1693 perunge.
1672 1623 1772 1679 Hic

1869 480 2056 533 regna
2088 466 2239 540 [Leg.
2270 476 2454 543 temp.
2486 489 2691 539 regno,
2739 480 2800 527 ut
2828 473 2892 527 in
2917 470 3286 527 coronalione
3318 464 3519 531 'Henr.

1873 554 1972 627 Ν]
1991 555 2168 626 justis
2185 560 2683 616 moderaminibus
2700 570 3000 627 exsecuto,
3031 562 3382 616 aeternaliter
3399 578 3527 617 cum

1872 658 1943 698 eo
1975 660 2223 713 regnare
2251 650 2552 704 merearis.
2580 648 2703 707 Per.

1943 732 2057 790 Hic
2080 736 2264 807 (1098)
2285 737 2454 791 detur
2483 739 2755 793 annulus.
2780 769 2849 778 —
2878 737 3064 809 (1099)
3098 740 3310 812 Accipe
3333 754 3531 795 annu-

1873 820 2404 893 lum,signaculum
2424 826 2689 882 videlicet
2719 834 2940 882 sanctae
2972 827 3130 892 fidei,
3165 828 3526 885 soliditatem

1875 911 2055 980 regni,
2081 918 2473 982 augmentum
2509 915 2777 986 potentiae
2794 913 3218 987 ρει-ψωμιεῖς.
3242 932 3447 987 quem,
3471 923 3528 972 ut

1873 1000 1933 1053 in
1972 1005 2326 1057 corona.ione
2361 1004 2529 1059 Henr.
2565 1002 2668 1077 IV]
2704 1004 2859 1059 scias
2891 1003 3237 1075 triumphali
3270 1003 3532 1075 potentia

1875 1086 2074 1144 hostes
2092 1090 2390 1162 repellere,
2400 1092 2657 1147 haereses
2671 1091 2999 1162 destruere,
3027 1090 3295 1147 subditos
3314 1092 3533 1147 coadu-

1878 1191 2041 1244 nare,
2064 1183 2121 1233 et
2145 1179 2449 1235 catholicas
2465 1180 2604 1236 ﬁdei
2620 1180 2804 1252 (1100)
2826 1180 3357 1253 perseverabilitati
3393 1196 3532 1237 con-

1878 1266 2051 1322 necti.
2089 1266 2215 1322 Per.

1950 1355 2000 1425 (l
2020 1356 2140 1418 tOl)
2167 1356 2363 1414 Oratio
2388 1364 2514 1428 post
2530 1358 2819 1414 annulum
2832 1356 3050 1414 datum.
3084 1388 3151 1400 -
3167 1356 3537 1429 Deus,cujus

1879 1448 1966 1498 est
1986 1445 2182 1498 omnis
2223 1451 2482 1516 potestas
2499 1451 2555 1501 et
2578 1446 2863 1517 dignitas,
2896 1448 2975 1502 da
3002 1446 3230 1503 famulo
3273 1450 3385 1506 tuo
3432 1462 3535 1519 pro

1882 1531 2099 1603 Spiritu
2126 1548 2245 1588 suae
2276 1534 2578 1603 dignitatis
2599 1534 2899 1601 effectum,
2930 1534 2991 1590 in
3017 1551 3159 1606 qua,
3198 1541 3252 1591 te
3274 1552 3539 1592 remune-

1881 1627 2065 1686 rante,
2083 1628 2797 1696 permaneatsemperque
2813 1625 3037 1688 timeat,
3063 1624 3291 1697 tibique
3314 1610 3539 1697 jugiter

133 1720 285 1791 (4092;
310 1723 583 1787 ungatur
606 1715 762 1770 oleo.
780 1715 912 1768 Ant.
940 1715 1240 1769 tinxerunt
1263 1711 1647 1767 Salomonem
1673 1712 1774 1767 Sa-
1806 1734 1857 1794 Β
1883 1710 2117 1781 placere
2148 1712 2487 1767 contendat.
2522 1712 2650 1768 Per.

132 1810 223 1865 doc
247 1808 547 1869 sacerdos,
582 1811 645 1859 et
677 1803 910 1858 Nathan
923 1803 1213 1874 propheta
1226 1816 1426 1871 regem
1458 1803 1513 1856 in
1536 1802 1690 1867 Sion,
1721 1807 1777 1856 et

131 1898 446 1955 accedentes
485 1893 615 1949 lmti
646 1892 935 1948 dixerunt
967 1907 980 1946 :
1016 1892 1182 1947 Vivat
1211 1907 1307 1946 rex
1341 1892 1401 1946 in
1446 1890 1773 1946 .eternuml

134 1986 263 2044 Unde
305 1982 530 2039 unxisti
586 1979 958 2043 sacerdotes,
1004 1994 1177 2049 reges
1208 1984 1265 2034 et
1310 1978 1656 2050 prophetas,
1707 1994 1778 2034 ac

130 2081 406 2147 martyres,
428 2073 534 2144 qui
558 2085 677 2143 per
689 2068 875 2124 fidem
897 2069 1615 2140 viceruntregna,operati
1644 2065 1782 2124 sunt

124 2164 369 2235 justitiam
385 2204 400 2226 ,
417 2166 615 2231 atque
639 2156 911 2228 adempti
926 2154 1097 2230 [Leg.
1120 2154 1342 2228 adepti]
1368 2161 1507 2211 sunt
1532 2156 1778 2229 promis-

127 2255 310 2309 siones.
343 2250 536 2323 (1093)
564 2249 672 2318 Cuj
684 2245 1167 2301 ussacralissima
1186 2246 1385 2300 unctio
1407 2261 1474 2300 su
1483 2251 1780 2318 percaput

128 2344 233 2410 ejus
247 2340 489 2403 deﬂuat,
512 2344 712 2409 atque
746 2335 822 2391 ad
840 2336 1120 2390 interiora
1141 2333 1480 2401 descendat,
1503 2340 1558 2390 et
1580 2335 1775 2391 cordis

130 2432 259 2486 illius
274 2431 473 2485 intima
490 2430 859 2499 penetret,et
880 2421 1389 2494 promissionibus,
1408 2438 1562 2495 quas
1578 2423 1778 2495 adepti

129 2525 242 2574 sunt
256 2513 749 2574 victoriosissimi
774 2527 966 2582 reges,
983 2509 1171 2581 gratia
1188 2516 1303 2575 tua,
1318 2510 1538 2579 dignus
1562 2509 1779 2567 efﬁcia-

130 2611 202 2661 tur
227 2622 241 2671 ;
267 2607 670 2678 quatenus,et
682 2601 745 2658 in
760 2600 1037 2673 praesenti
1062 2598 1283 2655 saeculo
1297 2598 1539 2654 feliciter
1553 2605 1774 2669 regnet,

131 2703 176 2751 et
196 2697 263 2752 ad
290 2710 510 2752 eorum
528 2689 920 2748 consortium
949 2690 1009 2743 in
1025 2688 1246 2744 caelesti
1272 2702 1459 2759 regno
1475 2688 1781 2760 perveniat

130 2785 522 2855 perDominum
544 2788 826 2836 nostrum
846 2776 1045 2833 Jesum
1068 2777 1361 2836 Christum
1376 2776 1579 2831 Filium
1594 2783 1777 2847 tuum,

129 2874 210 2946 qui
229 2880 441 2930 unctus
461 2876 559 2927 est
589 2869 736 2924 oleo
764 2866 978 2922 laetitia
1010 2881 1133 2938 prie
1162 2866 1533 2921 consortibus
1554 2868 1695 2931 suis,
1726 2874 1782 2922 et

129 2965 303 3019 virtute
326 2962 529 3018 crucis
563 2962 897 3033 potestates
926 2971 1134 3012 aereas
1185 2955 1516 3021 debellavit,
1563 2961 1781 3012 tartara

127 3051 809 3119 destruxit,regnumque
832 3044 1052 3099 diaboli
1087 3044 1470 3115 superavit,et
1498 3043 1574 3100 ad
1604 3043 1780 3099 caelos

125 3141 274 3195 victor
287 3141 567 3195 ascendit
590 3153 608 3202 ;
633 3138 693 3191 in
708 3134 883 3205 cujus
896 3148 1069 3188 manu
1100 3134 1565 3195 victoria,omnis
1596 3133 1783 3201 gloria

124 3228 813 3301 etpotestasconsistunt,
841 3228 899 3277 et
918 3229 1111 3277 tecum
1139 3220 1349 3276 vivitet
1384 3226 1584 3292 regnat
1627 3220 1781 3275 Deus

125 3318 403 3375 inunitate
430 3314 733 3387 ejusdem
773 3311 1035 3382 Spiritus.
1072 3310 1200 3365 Per.

180 3408 320 3463 Atia.
350 3403 645 3478 -(1094)
682 3404 837 3457 Deus
864 3398 1184 3454 electorum
1214 3396 1493 3454 fortitudo
1515 3403 1571 3453 et
1593 3398 1784 3453 humi-

124 3494 244 3552 lium
265 3494 598 3558 celsitudo,
616 3489 726 3563 qui
748 3491 804 3544 in
836 3487 1158 3560 primordio
1199 3502 1306 3558 per
1335 3486 1679 3542 effusionem
1696 3488 1785 3543 di-

128 3582 248 3641 luvii
263 3584 521 3640 crimina
552 3598 623 3637 ω
636 3580 778 3634 undi
793 3579 1086 3647 castigare
1101 3576 1353 3641 voluisti,
1370 3581 1425 3630 et
1444 3592 1548 3646 per
1569 3577 1786 3632 colum-

130 3672 498 3730 bamramum
512 3670 607 3727 oli
619 3684 711 3723 vae
725 3670 1054 3739 portantem
1075 3680 1284 3737 pacem
1300 3664 1467 3720 terris
1493 3666 1784 3721 redditam

133 3761 565 3825 demonstrasti,
605 3760 939 3828 iterumque
963 3756 1155 3811 Aaron
1186 3754 1469 3809 famulum
1485 3760 1652 3811 tuum
1684 3773 1788 3829 per

132 3853 447 3908 unctionem
461 3851 595 3906 olei
619 3845 893 3905 sanxisti,
913 3850 970 3899 et
983 3849 1191 3915 p0stca
1204 3860 1305 3914 per
1315 3844 1490 3913 hujus
1504 3861 1576 3899 un
1587 3848 1788 3915 guenti

131 3940 458 3996 infusionem
494 3939 583 3994 ad
617 3939 941 4004 regendum
976 3932 1254 4004 populum
1278 3933 1653 3989 lsraeliticum
1701 3952 1790 3991 sa-

127 4030 391 4099 cerdotes,
413 4042 610 4099 reges
645 4031 698 4079 et
730 4023 1044 4094 prophetas
1082 4020 1396 4092 perfecisti,
1437 4023 1787 4094 vultumque

132 4119 382 4173 Ecclesue
412 4122 471 4173 in
505 4118 658 4170 oleo
673 4110 1125 4167 exhilaraudum
1142 4126 1245 4182 per
1272 4112 1669 4180 prOpheticam
1705 4112 1785 4169 fa-

132 4208 241 4263 muli
263 4211 338 4263 tui
361 4222 585 4263 vocem
607 4203 797 4257 David
810 4217 939 4255 esse
960 4200 1783 4271 prmdixisti,ita,quaasumus,

129 4301 490 4370 omnipotens
544 4295 752 4359 Pater,
785 4306 888 4361 per
920 4290 1101 4360 hujus
1142 4295 1421 4345 creaturae
1476 4292 1785 4361 pinguedi-

129 4402 263 4451 nem,
286 4388 453 4444 hunc
487 4398 741 4440 servum
771 4386 924 4436 tuum
955 4378 1322 4434 sanctillcare
1347 4379 1525 4451 260
1561 4387 1663 4436 tua
1697 4381 1789 4437 be-

132 4476 438 4533 nedictione
461 4470 767 4544 digneris,
800 4467 985 4542 (1095)
1016 4482 1276 4538 eumque
1307 4468 1363 4523 in
1410 4469 1787 4527 similitudine
1818 4453 1862 4511 Ῑ)

133 4565 405 4622 colan
422 4578 660 4638 pacem
675 4557 1072 4631 simplicitatis
1086 4557 1305 4629 pOpulo
1335 4556 1450 4611 sibi
1468 4560 1787 4615 commisso

134 4659 409 4724 prtestare,
441 4660 503 4710 et
522 4649 813 4721 exempla
844 4653 1034 4703 Aaron
1060 4647 1120 4700 in
1155 4647 1253 4701 Dei
1273 4646 1508 4701 servitio
1542 4647 1787 4717 diligen-

134 4748 207 4798 ter
225 4744 459 4809 imitari,
482 4740 792 4811 regnique
818 4736 1124 4806 fastigiain
1153 4733 1419 4790 consiliis
1448 4734 1705 4792 scientiae
1731 4742 1788 4793 et

135 4833 390 4903 equitate
396 4834 419 4905 j
432 4828 633 4887 udicii
648 4841 882 4897 semper
893 4824 1154 4896 assequi,
1169 4822 1510 4894 vultumque
1525 4824 1787 4881 hilarita-

138 4920 197 4973 tis
222 4936 319 4992 per
344 4921 508 4976 hanc
523 4917 656 4975 olei
675 4916 1034 4975 unctionem,
1054 4911 1243 4983 (1096)
1273 4921 1324 4968 te
1340 4912 1678 4982 adjuvante,
1702 4921 1788 4970 to-

135 5012 235 5063 tius
260 5010 450 5079 plebis
474 5010 771 5079 paratum
793 5000 1013 5057 habere
1040 4999 1248 5056 facias.

195 5098 330 5153 Atia.
363 5128 435 5138 -—
458 5092 831 5165 Dens(4097)
864 5091 962 5146 Dei
990 5089 1166 5145 Filius
1195 5090 1465 5145 Christus
1498 5090 1783 5145 Dominus

136 5192 328 5251 noster,
352 5187 456 5259 qui
486 5204 526 5241 a
544 5184 724 5238 Patre
744 5181 878 5236 oleo
898 5178 1303 5235 exsultationis
1328 5185 1540 5234 unctus
1558 5183 1646 5235 est
1668 5195 1784 5250 prie

138 5277 502 5346 participibus
524 5272 679 5335 suis,
709 5272 835 5341 ipse
857 5285 961 5340 per
975 5273 1323 5340 praesentem
1339 5268 1490 5323 sacri
1507 5266 1783 5336 unguinis

142 5361 478 5421 inlusionem
513 5361 778 5433 Spiritus
804 5359 1071 5431 paracliti
1101 5372 1281 5429 super
1305 5361 1486 5428 caput
1520 5362 1676 5412 tuum
1696 5357 1784 5412 in-

143 5448 322 5507 fundat
334 5449 1222 5520 benedictionem,eamdemque
1237 5462 1420 5518 usque
1434 5445 1503 5502 ad
1519 5444 1783 5502 interiora

146 5541 313 5598 cordis
335 5542 417 5600 tui
443 5546 771 5617 penetrare
781 5536 963 5595 faciat
982 5543 1311 5613 ;quatenus
1331 5535 1446 5594 hoc
1470 5534 1691 5593 visibili
1726 5537 1785 5593 et

1818 3094 1865 3154 C

1962 1799 2071 1854 Hic
2088 1800 2274 1870 (1102)
2288 1802 2562 1870 cingatur
2584 1801 2635 1856 ei
2649 1801 2865 1873 gladius
2898 1802 2971 1857 ab
2998 1800 3442 1872 archiepiscopo.
3469 1831 3540 1844 —

1886 1888 2072 1960 (H03)
2098 1890 2310 1961 Accipe
2340 1889 2496 1944 hunc
2521 1889 2787 1959 gladium
2820 1906 2957 1945 cum
2990 1889 3093 1945 Dei
3122 1889 3539 1947 benedictione

1888 1976 1990 2032 tibi
2013 1976 2315 2044 collatum,
2356 1978 2417 2033 in
2469 1996 2587 2050 quo
2633 1995 2737 2051 per
2767 1979 3041 2034 virtutem
3076 1978 3324 2050 Spiritus
3349 1981 3539 2036 sancti

1887 2066 2158 2121 resistere
2196 2067 2479 2137 etejicere
2515 2067 3020 2123 omnesinimicos
3052 2075 3185 2122 tuos
3225 2068 3439 2135 valeas,
3484 2073 3543 2125 et

1888 2160 2128 2210 cunctos
2148 2162 2361 2211 sancta;
2380 2156 2477 2211 Dei
2495 2155 2758 2212 Ecclesia:
2772 2156 2842 2212 ad
2854 2155 3540 2229 versarios,regnumque

1888 2243 1991 2298 tibi
2021 2244 2413 2299 commissum
2443 2243 2639 2309 tutari,
2673 2250 2848 2316 atque
2878 2252 3186 2316 protegere
3213 2251 3409 2301 castra
3440 2245 3542 2302 Dei

1888 2348 1993 2405 per
2004 2332 2274 2388 auxilium
2293 2332 3106 2405 invictissimitriuinphatoris
3130 2333 3350 2389 Domini
3370 2332 3539 2389 nostri

1886 2422 2025 2477 Jesu
2049 2421 2270 2487 Christi,
2292 2420 2394 2493 qui
2420 2438 2548 2476 cum
2574 2423 2737 2477 Patre
2762 2421 2821 2476 in
2846 2424 3065 2478 unitate
3094 2423 3340 2494 Spiritus
3362 2420 3539 2478 sancti

1887 2509 2026 2566 vivit
2062 2516 2118 2564 et
2146 2515 2355 2578 regnat
2394 2509 2454 2564 in
2483 2511 2702 2566 stecula
2742 2510 3120 2566 saeculorum.

1960 2598 2141 2670 (1104)
2184 2597 2374 2654 Oratio
2421 2605 2548 2669 post
2594 2598 2872 2670 gladium.
2898 2628 2969 2641 -
3004 2601 3175 2665 Deus,
3208 2599 3309 2671 qui
3343 2598 3539 2672 provi-

1889 2688 2087 2743 deutia
2114 2694 2213 2743 tua
2250 2688 2510 2743 ccelestia
2559 2687 2736 2743 simul
2776 2694 2831 2743 et
2890 2688 3123 2744 terrena
3183 2688 3536 2755 moderaris,

1891 2778 2210 2851 propitiare
2241 2779 2429 2850 (1105)
2481 2776 2984 2835 Christianissimo
3024 2777 3153 2848 regi
3198 2783 3424 2841 nostro,
3479 2783 3543 2836 ut

1890 2865 2081 2923 omnis
2093 2866 2357 2922 hostium
2374 2883 2619 2922 suorum
2645 2866 2926 2923 fortitudo
2948 2866 3158 2923 virtute
3183 2868 3364 2937 gladii
3378 2868 3544 2940 spiri-

1891 2955 2364 3027 talisfrangatur,
2381 2973 2449 3012 ac
2467 2964 2518 3013 te
2544 2973 2648 3028 pro
2683 2956 2780 3013 illo
2815 2962 3107 3028 pugnante
3140 2956 3373 3028 penitus
3404 2974 3546 3014 con-

1892 3050 2132 3101 teratur.
2166 3045 2292 3100 Per.

1960 3135 2065 3189 Hic
2092 3135 2277 3204 (1106)
2310 3142 2632 3189 coronetur.
2666 3165 2730 3173 —-
2758 3134 2937 3206 (llO'l)
2984 3135 3233 3191 Coronet
3290 3141 3341 3190 te
3391 3136 3546 3191 Deus

1892 3239 2117 3278 corona
2137 3222 2361 3293 gloria,
2386 3222 2810 3295 atquejustitite
2830 3222 3081 3291 honore,
3110 3230 3359 3296 etopere
3387 3224 3547 3281 forti-

1893 3311 2135 3377 tudinis,
2173 3318 2232 3366 ut
2258 3327 2363 3384 per
2392 3311 2667 3367 ofﬁcium
2690 3319 2907 3368 nostra;
2928 3311 3359 3369 benedictionis
3407 3330 3545 3370 cum

1893 3401 2009 3457 ﬁde
2032 3408 2274 3464 recta,et
2298 3400 2606 3471 multiplici
2636 3401 2930 3456 bonorum
2947 3417 3195 3472 operum
3225 3402 3438 3469 fructu,
3465 3402 3544 3459 ad

1892 3505 2179 3546 coronam
2214 3490 2518 3560 pervenias
2560 3492 2721 3557 regni
2757 3492 3047 3560 perpetui,
3078 3490 3209 3561 ipso
3237 3492 3541 3561 largiente,

1892 3579 2064 3648 cujus
2090 3590 2338 3646 regnum
2358 3584 2664 3649 permanet
2688 3578 2749 3632 in
2778 3577 2994 3632 swcula
3027 3579 3401 3634 saeculorum.

1967 3665 2166 3723 Oratio
2177 3671 2596 3735 postcoronam.
2610 3696 2657 3705 -
2670 3668 2816 3720 Deus
2832 3667 3226 3737 perpetuitatis
3243 3666 3363 3721 dux
3380 3666 3547 3723 virtu-

1896 3762 2032 3820 tum,
2062 3761 2408 3809 cunctorum
2426 3754 2683 3810 hostium
2697 3754 2903 3824 victor,
2918 3756 3169 3810 benedic
3182 3753 3338 3811 hunc
3354 3758 3546 3812 famu-

1895 3846 2003 3901 lum
2028 3851 2173 3900 tuum
2200 3845 2301 3899 tibi
2328 3850 2499 3915 caput
2514 3861 2673 3898 suum
2688 3847 3142 3909 inclinauicm,et
3162 3849 3381 3917 protixa
3398 3847 3549 3901 sani-

1898 3941 2032 3999 tate,
2047 3940 2102 3988 et
2128 3948 2408 4005 prospera
2433 3933 2704 3988 felicitate
2718 3950 2852 3989 eum
2868 3950 3179 3999 conserva,
3195 3942 3252 3989 et
3297 3935 3545 3991 ubicun-

1897 4039 2011 4095 que
2030 4038 2137 4094 pro
2154 4021 2361 4093 quibus
2382 4024 2645 4076 auxilium
2669 4031 2817 4077 tuum
2834 4023 3218 4080 invocaverit.
3236 4023 3346 4079 cito
3364 4025 3547 4089 adsis,

1897 4117 1953 4165 et
1985 4118 2285 4181 protegas,
2318 4114 2492 4181 atque
2511 4110 2810 4166 defendas.
2836 4110 3041 4166 Tribue
3074 4110 3146 4176 ei,
3181 4128 3549 4183 quaesumus,

1900 4201 2414 4265 Domine,divitias
2441 4202 2644 4269 gratiae
2668 4206 2802 4255 ture.
2835 4201 3149 4273 Complein
3195 4200 3363 4256 bonis
3405 4201 3553 4257 desi-

1896 4288 2128 4345 derium
2155 4288 2282 4359 ejus
2313 4304 2330 4357 ;
2358 4303 2575 4343 corona
2592 4305 2730 4344 eum
2767 4289 2825 4344 in
2858 4290 3254 4354 miseratione,
3281 4296 3337 4346 et
3383 4291 3554 4346 mise-

1896 4377 2170 4441 ricordia,
2205 4378 2431 4449 tibique
2446 4377 2697 4433 Domino
2713 4377 2814 4450 pia
2839 4378 3153 4436 devotione
3192 4378 3541 4439 famuletur.

1898 4467 2008 4522 Per
2038 4465 2363 4521 Dominum
2396 4472 2687 4521 nostrum.

1969 4555 2085 4627 28
2098 4556 2140 4625 ι
2165 4555 2263 4610 Hic
2273 4555 2754 4622 detursceptrum.
2772 4555 2822 4626 (l
2841 4553 3246 4628 l08)-—Accipe
3264 4562 3548 4628 sceptrum

1894 4648 2064 4715 regiae
2078 4643 2398 4715 majestatis
2413 4643 2889 4714 insigne,virgam
2903 4645 3345 4701 scilicetrectam
3359 4646 3544 4718 regni,

1895 4735 2124 4804 virgam
2155 4732 2401 4797 virtutis,
2425 4748 2547 4805 qua
2574 4739 2625 4788 te
2655 4733 2846 4804 ipsum
2871 4733 3021 4789 bene
3061 4750 3257 4804 geras,
3283 4741 3548 4792 sanctam

1894 4824 2215 4880 Ecclesiam
2234 4822 2634 4895 populumque
2657 4822 3041 4878 Christianum
3067 4823 3166 4879 tibi
3190 4841 3223 4880 a
3242 4824 3361 4880 Deo
3394 4840 3549 4880 com-

1897 4913 2149 4969 missum
2175 4913 2334 4982 regia
2365 4912 2571 4966 virtute
2594 4912 2672 4965 ab
2694 4912 2982 4982 improbis
2997 4911 3308 4976 defendas,
3335 4929 3547 4985 pravos

1894 5004 2179 5074 corrigas,
2207 5007 2398 5056 rectos
2430 5001 2726 5072 pacifices,
2745 5007 2799 5055 et
2827 5007 2887 5055 ut
2916 5002 3066 5057 viam
3096 5007 3317 5058 rectam
3350 5009 3549 5058 tenere

1894 5089 2548 5165 possinttuojuvamine
2562 5092 2814 5159 dirigas;
2837 5094 3131 5162 quatenus
3146 5095 3219 5147 de
3249 5092 3551 5164 temporali

1894 5195 2080 5250 regno
2091 5178 2165 5233 ad
2182 5186 2457 5234 aeternum
2474 5194 2704 5247 regnum
2724 5182 3051 5248 pervenias,
3071 5180 3200 5252 ipso
3218 5181 3311 5251 udj
3324 5188 3548 5249 uvante,

1894 5269 2061 5340 cujus
2086 5284 2331 5338 regnum
2360 5275 2416 5323 et
2445 5268 2751 5341 imperium
2780 5267 2909 5324 sine
2952 5269 3067 5324 fine
3120 5277 3432 5341 permanet
3486 5270 3548 5327 in

1894 5358 2105 5416 saecula
2136 5361 2511 5413 saeculorum.

1966 5449 2163 5504 Oratio
2208 5452 2722 5519 postueptrum.—
2750 5446 3052 5516 Omnium,
3105 5446 3359 5511 Domine,
3406 5444 3544 5503 fons

1890 5536 2684 5612 bonorum,cunctorumque
2697 5537 3150 5594 Deusinstitutor
3167 5535 3541 5617 profectuum,
