4004 6178
175 250 357 319 271'

885 244 978 312 IN]
1001 244 1061 313 S.
1109 249 1455 314 GREGORII
1492 238 1773 312 LIBRUM
1811 244 2469 317 SACRAMEN'PORUM
2509 242 2748 314 NOTAE.

3412 233 3539 312 an
3620 324 3629 331 Ι

174 376 717 455 omnibusorthqdozis
746 386 914 455 atque
952 382 1271 453 apostolicae
1301 381 1427 455 ﬁdei
1451 356 1765 455 cultoribus,
1804 382 1851 447 Δ
1885 379 2231 440 benedictum
2243 397 2344 450 per
2362 397 2648 450 quamnos
2663 374 3528 455 benedicamur;aseriptam,per

170 451 1279 529 pontiﬁcibus.abbatibus.gubernatoribus
1288 451 1336 511 et
1350 453 1644 529 rectoribus
1666 455 1773 513 Ec-

172 524 327 588 clesia
350 532 551 597 sanctae
569 524 688 597 Dei,
726 531 777 580 et
802 542 903 595 pro
930 527 1081 579 omni
1102 526 1301 597 popqu
1328 532 1514 582 sancto
1548 526 1661 582 Dei.

227 599 491 655 Memento.
523 595 771 668 Domine.
795 595 1132 664 famulorum
1164 598 1507 661 famularum
1527 614 1633 668 que
1653 604 1773 653 tua-

169 689 284 727 rum,
316 674 618 722 cunctorum
649 667 852 722 scilicet
891 669 1357 738 consanguinitate
1392 667 1654 730 mihimet.
1682 670 1772 725 vel

168 739 524 813 familiaritate
547 744 602 792 et
616 739 875 813 amicitia
899 740 1336 809 conjunctorum,
1356 746 1770 809 cunctorumque

167 809 248 869 sua
270 810 411 882 mihi
434 814 644 863 peccata
686 809 1092 882 conﬁtentium.
1126 827 1310 882 meque
1339 812 1394 865 in
1429 818 1522 865 tuo
1554 813 1769 867 nomine

168 884 292 940 bonis
317 880 683 947 reﬁcentium,
715 886 769 933 et
784 881 1017 935 omnium
1037 880 1570 937 circumustantium.

223 955 363 1008 Hanc
382 952 540 1005 etiam
572 951 901 1006 oblationem
934 953 1271 1008 humilitatis
1293 969 1423 1009 mea?
1459 961 1509 1008 et
1538 952 1769 1006 devotio-

160 1026 242 1083 nis.
266 1038 424 1093 quam
452 1021 563 1075 tibi
600 1022 766 1091 offero
792 1038 889 1091 pro
911 1025 1137 1092 peccatis
1165 1025 1319 1087 meis,
1375 1031 1425 1080 et
1462 1024 1769 1078 criminosis

157 1093 425 1151 actionibus
456 1093 585 1146 meis
607 1093 936 1158 castigandis
954 1101 1007 1149 et
1025 1095 1380 1158 dimittendis,
1402 1112 1499 1152 pro
1526 1111 1681 1157 circa,
1713 1099 1767 1149 et

157 1164 343 1235 lapidea
361 1162 535 1218 cordis
546 1167 656 1219 mei
667 1163 881 1219 dirutia
905 1165 1276 1230 dissoluenda,
1301 1175 1353 1223 et.
1372 1164 1761 1229 illuminanda,

153 1252 325 1308 quaso,
356 1236 691 1308 Domine,_ut
709 1235 963 1303 placatus
991 1238 1245 1306 accipias,
1273 1245 1324 1294 et
1345 1238 1525 1292 sinum
1546 1237 1766 1308 pietatis

150 1304 288 1376 super
310 1322 384 1360 me
407 1304 722 1368 exhaurias,
754 1323 934 1377 meque
963 1304 1261 1372 illumines,
1291 1325 1502 1364 sensum
1524 1304 1762 1376 aperias,

150 1378 381 1444 Spiritum
395 1377 717 1443 corrigendi
736 1378 971 1442 tribuas,
1003 1388 1053 1435 et
1091 1380 1169 1433 ad
1207 1386 1255 1434 te
1283 1382 1483 1435 misero
1508 1380 1653 1434 mihi
1681 1395 1763 1432 re-

148 1448 313 1503 deundi
328 1448 545 1502 aditum
582 1465 681 1517 per
706 1448 937 1504 lamenta
964 1452 1312 1519 paenitentia
1333 1450 1608 1508 concedas.
1647 1448 1763 1506 Per

147 1520 388 1577 Christum
410 1519 705 1574 Dominum
736 1527 998 1575 nostrum.

199 1590 352 1656 Quam
381 1589 737 1662 oblationem,
756 1597 817 1646 tu
846 1592 1008 1662 Deus,
1041 1593 1104 1647 in
1146 1592 1397 1647 omnibus
1423 1606 1750 1662 quaesumus.

198 1664 460 1717 Hactenus
483 1660 660 1715 Missa
681 1661 905 1731 Illyrici,
943 1662 1036 1717 ubi
1065 1667 1259 1718 tamen
1291 1666 1349 1715 τὸ
1378 1660 1530 1728 intra
1570 1662 1762 1717 Actio-

1882 469 2051 524 quam
2083 469 2186 509 nos
2218 469 2408 509 omnes
2438 454 2499 509 in
2521 455 2654 510 creto
2678 451 3107 511 conscribamur
3137 469 3150 516 ;
3178 458 3392 515 ratam,
3418 451 3529 519 per

1880 539 2055 594 quam
2077 525 2141 579 in
2160 525 2462 580 visceribus
2487 525 2704 581 Christi
2720 541 3074 582 censeamur:
3093 524 3521 590 rationabilem,

1880 610 1983 662 per
1996 611 2168 663 quam
2187 611 2223 650 a
2237 595 2465 651 bestiali
2478 612 2644 651 sensu
2659 611 2950 653 exuamur
2963 610 2985 663 ς
3000 596 3526 665 accentabilemque

1874 667 2068 735 facere
2080 667 2380 733 dignetur.
2402 675 2679 736 quatenus
2699 675 2748 721 et
2765 684 2859 721 nos
2883 683 2988 731 per
3001 668 3148 733 quod
3164 667 3225 720 in
3253 666 3423 721 nobis
3440 665 3524 721 di-

1878 738 2120 801 plicuim
2133 755 2194 791 us
2207 737 2661 801 acceptabilesin
2682 754 2798 802 ejus
2810 738 2976 792 unico
2993 737 3112 805 ﬁlio
3128 738 3327 792 simus.
3343 737 3524 793 Porro

1880 806 1937 862 in
1985 808 2093 863 hoc
2126 810 2262 864 Cod.
2287 807 2464 864 sancti
2490 808 2671 876 Eligii,
2695 807 2753 862 in
2785 808 2872 862 his
2902 808 3084 863 verbis
3119 812 3176 863 et
3195 808 3321 863 aliis
3350 807 3521 876 hujus

1879 880 2125 934 Canonis
2155 879 2328 943 nullae
2358 883 2492 934 sunt
2521 895 2714 935 cruces
2753 879 2978 949 depingi
3035 878 3233 933 solitae.
3271 878 3521 935 Nonnul-

1877 948 1962 1004 las
1990 954 2186 1005 tamen
2219 950 2443 1017 reposui
2470 954 2633 1020 prout
2667 948 3149 1017 reperiin'Editis.
3182 950 3420 1020 Exstant
3436 953 3523 1006 ta-

1877 1037 2010 1075 men
2068 1021 2126 1075 in
2183 1019 2483 1076 Codicibus
2538 1020 2863 1082 Rhemensi,
2896 1023 2953 1076 et
2983 1019 3260 1081 Rodradi,
3289 1019 3320 1061 δ
3344 1024 3517 1089 atque

1876 1091 2052 1147 etiam
2082 1091 2141 1147 in
2173 1091 2299 1147 aliis
2317 1092 2639 1147 Canonibus
2660 1092 2830 1161 hujus
2849 1091 3067 1147 Codicis
3096 1090 3277 1147 sancti
3331 1090 3516 1160 Eligii,

1874 1163 1969 1233 qui
1996 1163 2051 1217 in
2084 1163 2429 1232 quibusdam
2456 1162 2612 1219 festis
2628 1163 3010 1227 reperiuntur,
3042 1162 3101 1218 in
3132 1162 3350 1217 eisdem
3380 1161 3522 1217 locis

1874 1233 2135 1289 videlicet
2182 1234 2387 1304 quibus
2412 1235 2465 1287 in
2509 1234 2721 1289 Missali
2753 1236 3013 1289 Romano
3031 1234 3270 1300 depictas
3299 1235 3436 1304 sunt
3462 1235 3522 1287 et.

1873 1303 2240 1367 assignantur
2267 1306 2416 1375 apud
2440 1305 2891 1370 Micrologum,et
2920 1305 3228 1360 nonnullos
3258 1303 3401 1359 alios
3422 1319 3521 1359 au-

1875 1378 2077 1437 ctores,
2119 1376 2215 1446 qui
2245 1377 2314 1432 de
2349 1376 2516 1431 Missa
2567 1376 2948 1446 scripserunt;
2995 1379 3054 1431 et.
3080 1380 3231 1432 recte
3260 1375 3513 1446 quidem.

1873 1462 2007 1502 nam
2036 1444 2195 1502 vetus
2221 1451 2307 1502 est
2336 1446 2593 1503 Ecclesiae
2622 1444 2973 1502 consuetudo
3007 1450 3068 1502 ut
3096 1444 3294 1502 oblata
3323 1462 3423 1517 per
3445 1444 3520 1501 si-

1869 1533 2050 1587 gnum
2106 1517 2287 1574 crucis
2336 1517 2769 1585 benedicentur,
2803 1518 3293 1588 quemadmodum
3324 1517 3517 1573 videre

1870 1592 1957 1660 est
1987 1589 2139 1658 apud
2162 1592 2425 1644 sanctum
2452 1588 2855 1660 Augustinum,
2884 1605 3057 1660 serm.
3101 1589 3188 1653 19,
3248 1589 3318 1643 de
3349 1588 3517 1660 ‘San-

1869 1658 1974 1714 ctis
1998 1656 2037 1713 .5
2056 1660 2251 1715 Crucis
2281 1656 2616 1717 charactere
2642 1659 2878 1715 basilica
2918 1659 3264 1725 dedicantur,
3306 1656 3523 1714 altaria

144 1749 239 1788 rem
266 1733 488 1788 deberet
521 1730 859 1803 prmﬁgihis
890 1733 1075 1789 verbis
1101 1780 1114 1790 .
1146 1734 1305 1789 Hanc
1323 1734 1487 1789 etiam
1533 1732 1760 1789 oblatio-
1788 1735 1835 1795 Β
1867 1738 2272 1803 consecrantur,
2307 1730 2517 1787 altaris
2540 1736 2909 1788 sacramenta
2938 1746 3071 1803 cum
3100 1730 3519 1803 interpositione

144 1820 253 1861 nm.
276 1807 375 1860 etc.
413 1804 484 1858 Ut
521 1802 579 1857 in
612 1803 741 1858 aliis
771 1804 1096 1859 Canonibus
1128 1804 1389 1861 habetur.

194 1875 270 1931 46.
307 1873 690 1929 Benedictum.
751 1876 813 1930 Id
853 1879 959 1934 est.
992 1884 1374 1930 consecratam.
1420 1874 1759 1931 Benedicere

144 1949 209 2000 est
230 1962 574 2007 consecrare,
594 1946 766 2015 juxta
796 1946 933 2000 illud
968 1946 1126 2002 Pauli
1156 1949 1179 2001 Ι
1206 1948 1333 2004 Cor.
1359 1964 1429 2002 x:
1481 1946 1650 2002 Catia:
1680 1946 1759 2001 be-

142 2016 439 2075 nedictionis.
467 2018 569 2070 cui
582 2016 978 2083 benedicimus,
1010 2022 1115 2073 etc.

192 2088 266 2141 ll.
302 2087 643 2155 Ascriptam.
664 2088 725 2142 Id
743 2092 845 2149 est.
867 2087 924 2142 in
944 2104 1249 2143 numerum
1266 2086 1757 2158 beneplacitorum

140 2162 328 2212 tuorum
355 2162 673 2228 receptam,
707 2163 771 2214 ut
795 2158 1026 2229 exponit
1050 2162 1197 2229 Meg.
1227 2159 1443 2223 Florus,
1470 2176 1640 2228 quem
1672 2175 1755 2213 se-

139 2228 295 2298 quitur
332 2246 503 2297 supra
546 2230 726 2284 citata
755 2230 1032 2299 expositio
1054 2228 1414 2287 Praefationis
1433 2234 1490 2285 et
1511 2229 1761 2285 Canonis.

140 2299 283 2354 Missae
316 2300 585 2355 biblioth.
632 2299 801 2355 Corb.
835 2318 846 2355 :
883 2303 993 2357 Hoc
1040 2309 1140 2367 est,
1181 2302 1537 2371 assignatam,
1567 2308 1626 2356 ut
1652 2301 1757 2356 tibi

136 2371 326 2441 placeat.
379 2373 689 2427 Tractatus
718 2389 891 2441 supra
936 2372 1143 2428 citatus
1198 2390 1304 2428 ms.
1361 2373 1437 2427 ita
1462 2371 1750 2441 explicat:

139 2440 301 2497 Mense
314 2442 524 2498 caelati
538 2440 893 2511 assignatam
904 2489 917 2500 .
951 2445 1065 2499 Hoc
1087 2448 1278 2499 autem
1299 2440 1574 2499 vocabula
1586 2461 1639 2497 m
1654 2443 1754 2498 ha-

137 2512 267 2567 betur
299 2513 352 2566 in
387 2514 651 2580 Excusis,
695 2519 753 2570 et
780 2514 835 2568 in
873 2515 1140 2570 omnibus
1172 2517 1307 2570 Cod.
1344 2515 1556 2569 nostris
1590 2531 1753 2576 mss.,

138 2583 248 2656 sicut
266 2583 316 2639 in
336 2584 669 2656 Missalibus
696 2586 990 2647 Romanis,
1016 2590 1185 2656 atque
1215 2586 1387 2642 etiam
1421 2586 1478 2640 in
1496 2585 1754 2641 versione

137 2653 297 2711 Grieca
321 2655 550 2727 Georgii
583 2656 809 2721 Codini,
841 2653 1330 2727 quemadmodum
1357 2662 1415 2713 et
1441 2657 1597 2727 apud
1626 2672 1754 2711 san-

137 2728 257 2797 ctum
277 2726 677 2794 Ambrosium,
699 2728 797 2783 lib.
819 2726 873 2780 1v
903 2729 971 2783 de
1003 2728 1410 2792 Sacramentis,
1451 2745 1574 2797 cap.
1607 2728 1659 2781 5.
1692 2728 1753 2782 In

136 2794 318 2868 liturgia
345 2814 470 2868 quae
498 2798 691 2852 sancti
726 2798 876 2853 Petri
907 2816 1027 2854 esse
1058 2799 1309 2854 creditur
1332 2816 1446 2855 non
1491 2794 1571 2853 ita
1601 2802 1753 2854 recte

136 2866 777 2940 legitumimsoi'ypanrov.
809 2869 867 2924 id
897 2874 983 2925 est
1038 2869 1608 2940 incircumscriptam,
1670 2869 1751 2923 in-

134 2939 700 3016 comprehensibilem.
728 2939 1750 3016 Hesychiusa’ms'piypamos,icit-spuria-

134 3028 216 3071 τον.
249 3012 297 3064 id
327 3016 428 3073 est,
471 3011 1150 3080 incomprehensibilem.

1868 1802 2281 1857 dominicorum
2303 1803 2602 1858 verborum
2626 1803 3031 1869 conﬁciuntur.
3061 1802 3130 1856 Et
3145 1818 3315 1857 serm.
3352 1800 3515 1863 48,de

1866 1875 2141 1943 Tempore
2175 1890 2188 1928 :
2214 1874 2338 1928 Hoc
2358 1873 2510 1929 enim
2541 1875 2700 1938 signo
2725 1874 2915 1928 crucis
2934 1880 3300 1943 consecratur
3319 1886 3514 1943 corpus

1865 1942 2244 1998 dominicum.
2261 1946 2527 1999 Tractatu
2554 1944 2676 2007 118,
2696 1943 2754 1998 ἰη
2780 1945 3062 1999 Joannem
3087 1963 3099 2001 :
3132 1942 3287 2009 Quod
3302 1942 3516 2011 signum

1866 2015 1986 2070 nisi
2003 2014 2365 2075 adhibeatur.
2397 2017 2512 2069 sive
2540 2015 2834 2079 frontibus
2859 2013 3235 2077 credentium,
3260 2019 3314 2068 et
3342 2012 3512 2082 paulo

1865 2090 2013 2156 post,
2038 2102 2157 2141 sive
2179 2086 2458 2155 sacriﬁcio
2485 2101 2590 2154 quo
2604 2085 3026 2140 aluntur.nihil
3047 2101 3238 2156 eorum
3261 2084 3377 2139 rite
3389 2100 3513 2156 per-

1792 2170 1797 2175 '
1863 2155 2081 2224 ficitur.
2115 2156 2255 2211 Hinc
2281 2156 2614 2223 capiendum
2643 2156 2787 2211 illud
2809 2155 3127 2223 Fortunati,
3153 2155 3252 2212 lib.
3311 2157 3391 2221 ui,
3438 2155 3510 2211 de

1863 2226 1982 2283 vita
2009 2227 2189 2283 sancti
2219 2227 2449 2283 Martini
2476 2244 2487 2281 :

1988 2342 2119 2392 Cum
2139 2341 2453 2393 holocausta
2480 2355 2643 2393 sacra:
2671 2341 2921 2392 manibus
2947 2341 3283 2392 benediceret
3306 2354 3429 2391 arm.

1863 2458 1927 2513 Id
1957 2457 2145 2514 videre
2178 2462 2261 2513 est
2286 2458 2344 2512 in
2376 2458 2541 2528 epist.
2570 2457 2962 2525 episcoporum
2996 2474 3026 2513 e
3083 2457 3302 2528 synodo
3358 2455 3513 2527 apud

1864 2529 2233 2589 Carisiacum.
2262 2527 2438 2585 missa
2459 2530 2532 2584 ad
2561 2529 2907 2584 Ludovicum
2947 2527 3265 2584 Germanias
3291 2544 3505 2599 regem,

1862 2616 1987 2670 cap.
2014 2602 2108 2655 15:
2140 2602 2331 2656 Manus
2363 2602 2508 2655 enim
2537 2600 2831 2657 chrismate
2860 2616 3013 2654 sacro
3056 2600 3343 2668 peruncta,
3377 2614 3510 2668 qua!

1861 2670 1929 2728 de
1945 2676 2156 2742 paneet
2176 2673 2309 2727 vino
2325 2686 2485 2742 aqua
2505 2673 2673 2727 misto
2693 2688 2785 2738 per
2802 2672 3131 2727 Orationem
3154 2676 3208 2727 et
3223 2670 3417 2726 crucis
3435 2670 3508 2725 si-

1859 2759 2034 2813 gnum
2052 2743 2279 2810 conﬁcit
2295 2749 2581 2811 corpus.et
2611 2743 2840 2798 Christi
2856 2744 3167 2810 sanguinis
3188 2757 3510 2797 sacramen-

1863 2813 2395 2873 tum,abominabile
2409 2820 2493 2869 est
2512 2813 2806 2883 (quidquid
2827 2821 2961 2869 ante
2994 2814 3413 2868 ordinationem
3433 2816 3508 2873 te-

1860 2885 2026 2945 cerit)
2057 2893 2119 2939 ut
2144 2892 2263 2955 post
2290 2884 2691 2939 ordinationem
2717 2886 3078 2945 episcopatus
3100 2887 3360 2939 saecula"
3385 2891 3507 2955 tan-

1853 2963 1950 3023 gat
1965 2956 2079 3010 ullo
2093 2956 2244 3010 modo
2257 2963 2689 3011 sacramentum.
2720 2956 2785 3010 Et
2800 2956 2895 3009 lvo
2926 2955 3309 3024 Carnotensis,
3333 2954 3499 3021 epist.

1856 3026 1981 3090 233,
2025 3026 2291 3081 meminit
2328 3026 2575 3082 crucium
2613 3030 2740 3096 post
2777 3027 3305 3082 consecrationem:
3357 3024 3502 3081 Cum

182 3081 258 3166 ἐξ
294 3082 502 3166 Italam.
537 3083 601 3166 ld
635 3087 747 3166 est,
773 3082 1051 3166 immobili
1084 3084 1356 3139 firmitate
1386 3086 1746 3166 perpetuam-

1860 3081 1989 3153 vero
2006 3115 2136 3153 cum
2163 3081 2365 3154 Hostia
2382 3081 2499 3164 iam
2520 3081 2863 3155 consecrata
2884 3099 3044 3152 intra
3069 3098 3159 3152 vel
3182 3113 3355 3164 supra
3371 3096 3502 3151 calin

133 3148 400 3208 itaFlorus.
437 3154 498 3208 In
536 3158 789 3208 tractatu
829 3154 1003 3209 citato
1032 3172 1142 3210 ms.
1184 3171 1354 3224 super
1383 3148 1747 3224 missam.ﬁr-

132 3226 257 3295 aiter
277 3224 595 3280 solidatam.
631 3230 693 3279 et
714 3224 769 3278 in
800 3225 975 3280 citata
1000 3225 1351 3295 expositione
1382 3243 1512 3283 ms..
1534 3223 1746 3279 Praefa-

133 3291 268 3347 tionis
289 3299 341 3349 et
368 3295 663 3349 Canonis:
698 3296 824 3350 Hoc
843 3302 939 3363 est,
995 3291 1334 3364 iudicatam,
1376 3303 1440 3352 ut
1462 3297 1629 3351 illam
1658 3295 1743 3349 di-

130 3365 477 3436 gnamjudicet
509 3366 575 3421 in
614 3373 921 3433 conspectu
943 3382 1049 3423 suo
1074 3368 1294 3436 offerri.
1332 3367 1416 3422 Ita
1449 3367 1656 3436 legitur
1682 3365 1741 3420 in

133 3433 288 3499 Editis,
314 3441 367 3491 et.
403 3436 461 3491 in
501 3437 724 3491 nostris
775 3454 914 3492 mss.
952 3433 1270 3505 Codicibus,
1320 3442 1382 3492 ut
1432 3433 1741 3493 inVMissali

132 3505 363 3572 Romano,
393 3513 450 3562 et
480 3508 644 3578 apud
700 3508 1090 3577 Micrologum.
1131 3521 1156 3550 ει
1186 3510 1309 3563 Non
1362 3512 1547 3564 exstat
1589 3509 1741 3577 apud

128 3583 346 3632 sanctum
383 3578 786 3634 Ambrosium.
822 3579 911 3634 Sic
938 3596 1177 3635 munera
1206 3579 1404 3635 altaris
1434 3578 1742 3648 appellavit

130 3651 225 3701 rata
240 3649 576 3706 Fortunatus
610 3649 712 3705 lib.
747 3668 800 3705 iv
825 3652 895 3706 de
918 3652 1047 3707 Vita
1075 3651 1259 3706 sancti
1289 3649 1541 3707 Martini:

248 3766 454 3817 Munera
477 3768 565 3817 vel
592 3767 793 3817 Christi
824 3766 1156 3817 benediceret
1181 3782 1271 3817 ore
1302 3768 1567 3827 sacerdos,

244 3828 486 3893 Imposita
515 3830 679 3879 alteri
710 3833 827 3878 rata
855 3830 1093 3893 corporis
1127 3834 1287 3894 atque
1326 3832 1549 3880 cruoris.

178 3940 227 3996 ln
250 3944 496 4016 versione
513 3943 729 4016 Cadini
752 3944 995 3999 habetur
1017 3944 1253 4016 βέϐαιαν,
1277 3945 1335 4000 id
1357 3949 1461 4008 est,
1480 3945 1732 4013 ﬁrmam,

125 4018 290 4091 ratam.
318 4015 646 4091 ln_l_iturgia
677 4031 805 4084 qua:
833 4016 1001 4085 vulgo
1014 4015 1444 4091 ;di_citur_sancti
1478 4017 1736 4091 Petriest

124 4084 342 4159 intentas,
368 4085 422 4159 id
453 4084 577 4159 est;
596 4093 847 4159 gratam,
877 4086 1195 4159 amabilem,
1225 4089 1302 4142 Ex
1320 4104 1432 4157 quo
1463 4092 1618 4157 patet
1632 4088 1734 4144 hu-

118 4156 324 4227 iusmodi
386 4157 644 4227 liturgiaa
702 4156 1071 4227 interpretem
1105 4158 1189 4213 vel
1246 4156 1539 4214 auctorem
1566 4176 1733 4215 usum

126 4221 262 4280 fuisse
292 4227 490 4283 Codice
527 4221 943 4291 inendosofin
995 4245 1107 4299 quo
1148 4229 1432 4300 legeretur
1490 4238 1731 4301 gratam,

124 4308 203 4362 pro
226 4305 414 4353 ratam.

175 4366 246 4420 i9.
276 4368 691 4423 Rationabilem.
725 4368 811 4422 Ita
839 4368 897 4422 in
925 4367 1122 4434 Editis,
1155 4369 1369 4425 Missali
1403 4370 1568 4425 Rom.
1593 4375 1650 4427 et
1672 4370 1731 4426 in

1856 3183 1976 3224 cem
1991 3170 2222 3238 signum
2233 3170 2426 3223 crucis
2440 3170 2824 3239 imprimitura
2841 3169 3021 3225 latere
3029 3176 3094 3222 ca
3102 3170 3229 3223 licis
3239 3167 3501 3239 orientali

1857 3254 2029 3309 usque
2044 3240 2113 3293 ad
2128 3238 2561 3305 occidentalem,
2585 3244 2637 3293 et
2653 3239 3094 3305 septentrionali
3110 3254 3284 3309 usque
3301 3238 3384 3294 ad
3397 3253 3498 3294 au-

1850 3316 1974 3365 stra
1984 3311 2557 3379 lem,hocsigniﬁrari
2569 3310 2950 3378 intelligimus
2974 3310 3121 3379 quod
3135 3317 3272 3366 ante
3293 3310 3501 3378 passio-

1854 3397 1984 3437 nem
2018 3382 2285 3437 Dominus
2310 3382 2609 3449 discipulis
2625 3382 2744 3437 suis
2774 3380 3047 3450 praedixit
3068 3382 3128 3436 in
3156 3380 3498 3436 commenda-

1853 3452 2063 3508 tionem
2082 3469 2196 3508 suz
2220 3453 2493 3522 passionis
2519 3468 2537 3506 :
2568 3452 2701 3507 Cum
2731 3453 3006 3507 exalatus
3032 3452 3202 3513 fuero
3248 3466 3287 3508 a
3314 3457 3492 3519 terra,

1849 3526 2043 3579 omnia
2060 3524 2291 3578 traham
2312 3523 2394 3577 ad
2407 3523 2708 3591 meipsum.
2732 3524 2936 3577 Hostia
2960 3538 3176 3593 quoque
3190 3539 3306 3593 quin
3317 3524 3496 3591 juxta

1849 3596 2092 3649 calicem
2108 3595 2491 3660 consignatur
2500 3595 2583 3647 sic
2595 3593 2753 3648 debet
2765 3608 2880 3648 esse
2894 3595 3094 3662 posita,
3120 3596 3184 3647 ut
3200 3608 3309 3647 sua.
3324 3599 3379 3649 et
3395 3606 3493 3648 ra-

1850 3664 1977 3720 licis
1993 3666 2267 3731 positione
2287 3664 2560 3719 dextrum
2579 3663 2796 3719 Christi
2820 3665 2972 3718 latus
2987 3665 3495 3729 repraesenteLQua

1846 3734 2069 3790 ratione
2090 3735 2234 3789 ﬂant
2249 3734 2533 3803 ejusmodi
2553 3750 2766 3795 cruces,
2786 3735 3023 3789 docetur
3044 3733 3097 3788 in
3141 3733 3378 3804 antiqua
3404 3751 3493 3804 sy-

1847 3807 2000 3861 nodo
2025 3822 2152 3873 quaa
2178 3805 2342 3877 vulgo
2361 3805 2631 3877 tribuitur
2649 3809 2848 3877 sancto
2872 3804 3135 3860 Uldarico
3157 3805 3489 3877 Augustano

1847 3877 2132 3945 episcOpo,
2181 3876 2413 3931 inventa
2460 3876 2516 3930 in
2560 3875 2766 3932 Codice
2791 3892 2899 3930 ms.
2937 3875 3271 3930 monasterii
3314 3876 3490 3931 Nere-

1847 3947 2185 4003 sheimensis
2209 3951 2461 4010 exarato,
2484 3963 2637 4001 anno
2684 3946 2889 4001 Christi
2921 3946 3078 4009 4009,
3102 3962 3227 4001 can.
3260 3946 3356 4003 19:
3383 3947 3491 4003 Ca-

1847 4018 2011 4075 licem
2041 4027 2094 4074 et
2121 4018 2373 4074 oblatam
2398 4024 2552 4073 recta
2572 4032 2747 4073 cruce
2772 4018 3018 4084 signate.
3054 4017 3116 4071 Id
3143 4024 3244 4079 est.
3274 4030 3391 4072 non
3422 4017 3487 4073 in

1845 4090 2061 4145 circulo
2078 4095 2130 4146 et
2154 4089 2478 4144 variatione
2497 4089 2834 4151 digitorum.
2854 4094 2915 4142 ut
2934 4088 3189 4157 plurimi
3213 4088 3389 4143 vestri
3404 4088 3488 4156 fa-

1844 4162 2012 4216 ciunt
2036 4177 2048 4214 :
2080 4161 2182 4215 sed
2199 4160 2417 4215 strictis
2437 4159 2660 4213 duobus
2681 4160 2902 4225 digitis,
2923 4166 2978 4215 et
2997 4161 3207 4221 pollice
3222 4160 3381 4213 intus
3400 4175 3487 4213 re-

1842 4233 2023 4298 cluso,
2052 4246 2156 4300 per
2181 4247 2324 4301 quos
2346 4230 2594 4285 Trinitas
2616 4230 2921 4285 innuitur.—
2939 4231 3062 4285 Hoc
3088 4231 3319 4297 signum
3342 4236 3485 4301 recte

1840 4300 2402 4427 sacerestudetemon
2419 4302 2562 4357 enim
2585 4301 2755 4358 aliter
2773 4301 3082 4373 quidquam
3092 4302 3323 4370 potestis
3339 4300 3486 4355 bene-

1880 4388 2049 4427 icere.

1880 4388 2049 4429 icere.

125 4438 340 4514 carnibus
393 4440 707 4514 Codicibus
756 4438 978 4514 nostris.
1002 4440 1099 4514 lta
1135 4442 1295 4514 apud
1318 4445 1577 4514 sanctum
1612 4450 1733 4514 Am-
1763 4446 1808 4503 D
1907 4444 1996 4499 50.
2039 4438 2530 4514 Quipridiequam
2548 4447 2871 4513 pateretur.
2892 4443 2977 4497 Ita
2993 4446 3223 4498 sanctus
3246 4440 3484 4496 Ambro-
3568 4472 3581 4481 ι

125 4503 346 4582 brosium.
375 4527 501 4578 cap.
531 4510 739 4582 citato.
772 4509 829 4563 lu
869 4510 1127 4582 versione
1161 4503 1361 4582 Codini
1409 4512 1641 4582 λογικήν,
1674 4513 1730 4568 id

129 4582 206 4662 est.
232 4579 584 4662 rationalem:
614 4583 678 4634 In
703 4579 929 4662 liturgia
953 4597 1077 4662 quae
1106 4581 1286 4662 sancti
1318 4579 1732 4662 Petri'nomine

129 4650 495 4734 drcgmt’ertur,
530 4650 943 4734 εὐιιιττοξιόσχνιιτονἶ
972 4650 1160 4734 idﬂest,
1190 4653 1622 4734 excusabilem.“
1651 4656 1732 4710 lta

129 4720 392 4803 explicatur
416 4723 527 4777 hoc
551 4720 900 4776 vocabulum
929 4721 987 4775 in
1024 4723 1233 4803 Glossis
1271 4724 1554 4779 veteribus
1583 4725 1731 4782 Grae-

129 4789 365 4869 golaunis,
392 4793 805 4869 ςξᾳπολόητος,
829 4793 1171 4869 excusabilis.
1201 4796 1311 4849 Sed
1345 4794 1481 4869 quid
1509 4795 1614 4850 sibi
1642 4813 1734 4869 ve-

129 4854 177 4934 lit
207 4860 255 4934 in
274 4854 373 4917 hac
398 4854 643 4933 liturgia'
668 4863 777 4917 hoc
803 4864 1162 4929 vocabulum,
1200 4882 1312 4919 non
1363 4854 1502 4920 satis
1543 4866 1728 4934 capio.

132 4927 254 5006 Quod
272 4939 478 5006 spectat
509 4927 582 4988 aa
608 4938 671 4985 τὸ
701 4934 1047 4993 rationalem.
1083 4927 1359 4989 tractatus
1402 4953 1570 5006 supra
1596 4927 1729 4991 cita-

131 4999 425 5075 lus‘exp’onit
444 5022 573 5058 cum
591 5008 830 5075 ratione
856 5011 1052 5060 actam.
1071 5007 1356 5075 Expositio
1369 4999 1488 5062 Prin
1499 5007 1731 5062 fationis

131 5070 173 5121 et
195 5070 411 5146 (lenonis
436 5092 615 5146 supra
648 5074 825 5129 citata
856 5075 1099 5139 explicat
1124 5070 1178 5130 in
1214 5077 1365 5132 hunc
1386 5079 1641 5136 modum:
1670 5078 1733 5132 Id

356 5142 567 5229 ratione
597 5146 826 5229 plenam
1076 5148 1554 5229 [accredigne-tur.
1601 5148 1731 5229 Qui-

133 5206 234 5285 dam
259 5206 717 5285 interpretantur,
751 5206 1120 5273 cum—ratione
1142 5227 1189 5272 et
1214 5206 1563 5275 discretione
1585 5206 1731 5274 obla-

134 5282 238 5335 tam.
269 5282 721 5359 Florusexponit
746 5286 973 5356 plenam
1003 5286 1264 5343 videlicet
1301 5290 1562 5355 rationis,
1617 5290 1733 5359 ple-

136 5361 232 5402 nam
259 5357 510 5421 mysterii.
548 5359 683 5412 Haec
709 5362 899 5412 autem
928 5359 1124 5413 omnia
1155 5361 1431 5415 vocabula
1454 5361 1535 5415 ita
1558 5357 1730 5416 inter-

134 5424 338 5501 ﬁciatur
374 5427 737 5501 Paschasius.
764 5428 909 5483 libro
931 5431 999 5501 de
1029 5432 1278 5498 Corpore
1324 5435 1375 5487 et
1438 5432 1730 5501 Sanguine

137 5488 315 5560 Christi,
343 5514 459 5568 cap.
494 5500 561 5552 1‘2
584 5540 597 5552 .
629 5498 908 5567 Rogamus
938 5500 1081 5555 hanc
1105 5488 1437 5558 oblationem
1494 5488 1726 5574 (inquit)

145 5681 156 5691 θ
193 5624 214 5656 ³
237 5614 367 5673 Nunc
391 5626 572 5676 exstat
600 5622 728 5676 haec
751 5638 878 5682 vox.
906 5623 1157 5679 restituta
1181 5624 1429 5679 videlicet
1454 5642 1487 5680 a
1522 5626 1725 5681 nostris

144 5696 318 5769 {090's
501 5710 571 5748 ex
628 5691 771 5769 plur;
798 5695 928 5749 Mss.
972 5696 1069 5769 Ad
1092 5697 1319 5769 canonis
1370 5697 1547 5769 verba
1591 5697 1725 5769 lege

147 5760 453 5820 mtasinlib.
504 5780 560 5819 tv
610 5760 685 5820 de
714 5763 1126 5834 Sacr-amentis,
1175 5767 1323 5840 apud
1347 5760 1722 5839 Ambrosqui,

1841 4514 1973 4573 sius.
2009 4529 2134 4583 cap.
2167 4513 2360 4568 citato.

1910 4586 1969 4640 5|
1987 4627 1997 4638 .
2019 4585 2061 4639 A
2075 4584 2229 4649 ccepi
2232 4590 2253 4638 t
2274 4599 2483 4650 nomen
2500 4583 2564 4637 in
2581 4588 2811 4639 sanctas
2826 4598 2895 4638 ac
2912 4583 3267 4639 venerabiles
3287 4597 3483 4638 manus

1839 4672 1990 4712 suas.
2023 4655 2268 4709 Sanctus
2290 4654 2640 4715 Ambrosius,
2659 4670 2779 4725 cap.
2800 4655 2973 4709 citato
2998 4670 3010 4710 :
3044 4654 3345 4710 Insanctis
3365 4670 3485 4710 ma-

1839 4728 2009 4783 nibus
2040 4730 2156 4781 suis
2185 4726 2397 4795 accepit
2427 4740 2654 4789 panem.

1908 4798 1997 4851 52.
2040 4798 2293 4851 Elevatis
2318 4793 2518 4853 oculis.
2544 4799 2650 4849 etc.
2678 4796 2918 4849 Sanctus
2942 4793 3293 4856 Ambrosius,
3351 4809 3477 4862 cap.

1839 4868 2044 4922 citato:
2081 4867 2346 4936 Respexit
2378 4869 2437 4921 in
2465 4866 2660 4936 emtum
2689 4866 2759 4919 ad
2786 4874 2860 4928 te,
2885 4866 3061 4936 Pater
3104 4865 3479 4936 omnipotens,

1839 4944 2046 4994 aeterne
2078 4934 2235 4992 Deus.
2266 4939 2320 4990 In
2344 4935 2553 4991 Missnli
2582 4937 2769 4999 Rom.,
2794 4935 2849 4990 in
2879 4934 3349 5003 interpretatione
3375 4934 3482 4989 Co-
3556 4952 3565 4961 '

1841 5009 1977 5069 dini,
2013 5012 2068 5062 et
2098 5009 2153 5061 in
2192 5007 2394 5063 Codice
2456 5006 2689 5061 Rotradi
2747 5006 3115 5075 praemittitur
3153 5004 3480 5076 conjunctio

1840 5078 2176 5148 cOpulativa,
2222 5079 2319 5133 sed
2363 5077 2420 5131 in
2460 5076 2625 5148 Missa
2673 5094 2796 5148 qua:
2838 5077 3018 5132 sancti
3064 5078 3215 5133 Petri
3246 5076 3481 5148 nomine

1839 5146 2256 5215 circumfertur,
2288 5150 2343 5203 et
2372 5148 2429 5201 in
2452 5147 2577 5202 aliis
2609 5147 2904 5203 Codicibus
2934 5148 3139 5203 nostris
3186 5165 3349 5207 mss.,
3376 5146 3481 5201 mi-

1839 5222 2012 5276 nime.
2047 5221 2143 5274 Hic
2184 5222 2374 5274 autem
2397 5219 2539 5274 ritus
2566 5233 2599 5272 a
2626 5219 2848 5273 Christo
2875 5219 3204 5273 observatas
3237 5217 3483 5272 habetur

1838 5291 1896 5347 in
1921 5290 2161 5361 liturgiis
2199 5294 2527 5344 sanctorum
2556 5290 2728 5361 Petri,
2774 5290 2951 5359 288
2980 5288 3172 5345 Jacobi
3204 5293 3261 5344 et
3288 5287 3478 5361 Marci.

1837 5366 1990 5419 recte
2019 5355 2270 5432 quidem.
2303 5362 2462 5432 Nam,
2492 5360 2747 5415 Christus
2775 5355 2991 5429 gratias
3052 5363 3286 5432 acturus
3300 5355 3478 5432 _Patri

1839 5426 2111 5489 oculos'in
2136 5432 2341 5487 coelum
2368 5431 2569 5486 tollere
2597 5426 2834 5493 solebat,
2858 5435 2917 5485 ut
2939 5432 3129 5485 videre
3158 5436 3242 5484 est
3266 5426 3470 5482 Matth.

1836 5512 1951 5569 xiv,
1992 5504 2119 5558 Luc.
2148 5520 2222 5568 ιι,
2254 5505 2417 5559 Marc.
2449 5520 2524 5570 vi,
2552 5506 2609 5558 et.
2670 5504 2834 5558 Joan.
2879 5519 2955 5558 xl.
3012 5503 3195 5566 Quare
3232 5514 3346 5553 non
3395 5497 3485 5552 est

1843 5632 1976 5682 tom.
2009 5642 2071 5682 ιι.
2101 5626 2204 5681 col.
2234 5625 2337 5680 365
2368 5628 2422 5679 et
2445 5640 2566 5695 seq.

1904 5697 1934 5740 ιι
1963 5697 2116 5753 Adde
2140 5703 2192 5752 et
2221 5696 2278 5768 in
2304 5696 2511 5751 Gemet.
2529 5690 2869 5768 "duobusque
2897 5691 3220 5749 Theoderic.
3270 5690 3483 5748 Desunt

1832 5767 1892 5826 in
1921 5769 2117 5827 Codice
2134 5767 2370 5840 Reginae
2399 5766 2629 5827 Suecim.
