4034 6178
421 263 548 332 183·

1199 269 1274 334 IN
1317 271 1376 332 S.
1423 268 1778 340 GBEGORlI
1819 269 2115 333 LIBRUM’
2135 262 2804 337 SACRAMENTORUM
2843 267 3080 336 NOTE.

409 397 637 472 mystici
665 398 925 487 sacriﬁcii
944 400 1426 487 clamantesquia
1446 408 1546 461 tua
1567 408 1652 460 est
1680 403 1978 466 fortitudo.
2000 406 2058 460 et
2091 426 2138 487 Α
2173 403 2442 487 omnibus
2468 403 2525 460 in
2545 403 2774 487 Christo
2803 401 3224 487 quiescentibus
3266 399 3458 458 locum
3507 398 3794 487 refrigerii,

407 487 670 546 regnum.
688 477 755 546 et
779 477 1051 546 potestas,
1081 479 1138 528 et
1173 475 1378 546 gloria.

485 545 658 613 292
677 545 765 598 εὖ.
805 545 880 599 Et
901 545 1090 600 beatis.
1123 547 1202 600 Ita
1236 547 1290 602 in
1325 545 1624 602 Codicibus
1659 547 1830 603 Rodr.
1855 549 2053 603 etRat.

416 615 477 669 In
510 613 658 668 Miss.
693 617 880 674 Rom..
915 632 1044 670 cum
1075 617 1268 673 beatis.

478 685 566 739 86.
600 688 786 755 Atque
809 687 1065 741 And-rea.
1088 689 1146 742 In
1173 691 1308 743 Cod.
1334 688 1554 748 Tiliano
1580 689 1812 745 additur
1843 705 2058 746 necnon

409 759 458 810 et
486 755 660 810 beatis
680 759 1038 824 martyribus
1071 760 1180 813 tuis
1212 760 1480 814 Gervasio
1517 767 1572 816 et
1625 762 1914 816 Protasio.
1951 760 2058 826 Qui

410 827 803 901 sunt_Eatroni
841 829 989 883 illius
1007 830 1290 890 Ecclesim.
1315 832 1475 901 cujus
1497 832 1635 885 olim
1665 836 1786 887 erat
1825 832 1914 886 hic
1955 832 2056 886 Co-

409 897 512 1011 drex
535 898 788 1011 Tailianus
806 916 1010 972 nempe
1036 897 1466 972 Salariensis;ut
1486 903 1543 958 in
1562 903 1896 974 praefatione
1917 902 2056 958 dixi-

473 986 538 1011 ιη
605 1001 614 1011 .

409 985 538 1023 mus
569 985 614 1012 ³·

478 1041 567 1095 87.
607 1042 836 1096 Necnon
869 1042 1022 1098 beato
1051 1043 1361 1104 Stenhano.
1397 1045 1526 1100 Haec
1549 1060 1665 1099 non
1724 1049 1950 1099 exstant
1999 1044 2056 1100 in

408 1111 612 1185 _Editis.
670 1113 776 1168 Sed
811 1113 948 1168 olim
987 1119 1114 1182 post
1143 1115 1258 1170 haec
1285 1117 1455 1172 verba
1485 1122 1643 1185 atque
1665 1117 1907 1172 Andrea
1929 1116 2057 1170 lice-

407 1182 508 1254 bat
547 1183 754 1238 addere
785 1186 1067 1254 quoslibet
1095 1191 1346 1244 sanctos.
1380 1191 1438 1242 ut
1471 1182 1686 1241 clarum
1717 1191 1804 1241 est
1855 1204 1921 1242 ex
1954 1187 2056 1244 Co-

307 1256 315 1260 ’
409 1253 531 1310 dice
567 1253 811 1309 Titiano.
837 1257 1042 1310 Libera
1063 1273 1186 1312 nos.
1221 1274 1398 1326 usque
1432 1259 1606 1314 Petro
1639 1265 1690 1314 et
1723 1259 1928 1320 Paulo.
1961 1259 2059 1315 hic

409 1327 752 1400 nominatim
776 1329 1244 1396 quatesvoluerit,
1275 1329 1357 1385 vel
1372 1340 1614 1400 quantos
1630 1339 2054 1386 commemorat.

406 1395 511 1470 Ubi
563 1402 622 1448 τό
676 1395 924 1470 quantos
981 1403 1067 1455 est
1113 1405 1250 1470 quot
1279 1419 1302 1463 ;
1337 1395 1394 1456 et
1421 1399 1722 1469 Micrologo
1760 1417 1884 1470 cap.
1938 1402 2008 1455 25
2041 1419 2054 1456 :

405 1468 594 1549 Atque
611 1469 866 1526 Andrea.
901 1471 1012 1528 Hic
1028 1468 1288 1526 nominat
1307 1478 1581 1542 quotquot
1615 1468 1848 1527 sanctos
1871 1473 2058 1529 volue-

366 1575 374 1582 '
608 1611 820 1676 Agnus
840 1611 968 1683 Dei.
997 1613 1150 1683 lianc
1175 1613 1503 1668 Orationem
1529 1611 1757 1682 Sergius
1777 1629 1928 1683 papa
1955 1614 1977 1668 Ι
2000 1615 2054 1669 in

407 1679 581 1753 Missa
631 1681 848 1737 cantari
896 1682 1088 1752 jussit,
1121 1687 1185 1738 ut
1241 1684 1420 1739 refert
1451 1679 1793 1739 Anastasius
1831 1679 1887 1738 in
1932 1685 2058 1753 ejus

329 1749 337 1762 ’
408 1751 583 1846 Ξ
598 1749 1027 1846 Hie‘statu'it‘ut
1053 1761 1302 1846 tempore
1329 1749 2060 1846 con/rqctionisdominici
2096 1791 2140 1846 Β

407 1823 674 1888 corporis
692 1825 738 1880 Α
756 1840 898 1892 gnus
919 1825 1137 1894 Deiqui
1147 1827 1304 1880 tollis
1321 1823 1556 1890 peccata
1573 1825 1786 1890 mundi,
1797 1841 2059 1882 miserere

403 1893 584 1966 nobis,
606 1911 650 1966 a
669 1895 824 1950 clero
855 1902 908 1949 et
935 1896 1136 1966 papula
1167 1896 1597 1952 decantaretur.
1651 1898 1806 1952 idem
1862 1897 2059 1952 scribit

408 1964 728 2020 Walfridus
755 1967 981 2029 Strabo,
1005 1964 1103 2020 lib.
1133 1969 1202 2022 de
1232 1969 1416 2024 Rebus
1448 1969 1617 2026 Eccl..
1646 1984 1770 2031 cap.
1804 1969 1892 2023 η.
1956 1969 2058 2025 Hic

403 2040 594 2090 autem
623 2037 824 2090 desinit
855 2039 994 2092 ordo
1024 2039 1207 2092 Missae
1235 2043 1356 2092 tam
1388 2040 1444 2093 in
1474 2043 1674 2094 nostro
1705 2039 1839 2094 Cod.
1871 2039 2055 2096 sancti

407 2107 566 2170 Eliaii
599 2125 771 2176 quam
802 2109 856 2163 in
896 2110 1031 2163 Cod.
1069 2111 1335 2166 Rodradi.
1369 2115 1426 2164 et
1456 2110 1512 2164 in
1539 2109 1760 2166 excusis
1796 2112 1844 2153 b-

479 2179 574 2232 His
607 2179 684 2232 ita
717 2179 988 2246 expositis
1028 2197 1144 2234 non
1167 2182 1268 2235 abs
1307 2197 1368 2236 re
1393 2181 1500 2236 erit
1528 2182 1791 2250 quaedam
1841 2182 2054 2236 subne-

405 2251 888 2320 ctereeerod-ice
917 2250 1312 2320 Tiliano.quas
1367 2252 1434 2306 ad
1490 2251 1846 2306 ceremonias
1905 2252 2052 2306 anti-

405 2337 547 2444 quala
574 2319 628 2373 in
662 2319 834 2391 hujus
865 2321 1110 2376 Canonis
1138 2319 1473 2378 recitatione
1493 2323 1876 2393 pe~rtinent,in
1902 2322 2054 2378 hunc

405 2407 496 2444 mo
542 2407 636 2444 um
669 2407 681 2444 :

405 2407 636 2445 moaum
669 2407 681 2444 Σ

480 2481 504 2512 ‹‹
545 2463 618 2534 Te
641 2460 834 2534 igitur,
865 2461 1310 2534 clementissime
1340 2463 1526 2521 Pater.
1554 2479 1728 2534 usque
1764 2464 1977 2520 habeas
1997 2468 2055 2520 et

403 2531 708 2588 benedicas
749 2533 866 2588 haec
885 2533 1037 2588 dona
1061 2551 1072 2589 :
1107 2535 1221 2590 Hic
1244 2537 1440 2602 signat
1463 2531 1712 2591 oblatam
1741 2541 1793 2590 et
1814 2535 2052 2592 calicem

407 2604 593 2659 tribus
612 2603 976 2664 vicibus.non
990 2611 1184 2661 tamen
1197 2607 1304 2661 sub
1320 2623 1438 2662 una
1452 2607 1740 2669 cruce,sed
1749 2607 2054 2673 separatim

403 2676 672 2741 singulis,
704 2675 957 2744 singulas
976 2677 1190 2743 faciens
1205 2692 1422 2732 cruces.
1451 2681 1572 2734 lich
1595 2679 1768 2743 dona,
1795 2677 1914 2733 haec
1934 2695 2056 2732 mu-

405 2761 566 2820 nera,
599 2746 716 2820 huic
741 2751 942 2820 sancta
972 2747 1252 2803 sacriﬁcia
1280 2748 1521 2812 illibata,
1553 2767 1724 2820 usque
1771 2751 2055 2805 Memento

405 2817 664 2872 Domine.
677 2819 771 2873 llic
786 2819 1016 2873 nomina
1037 2835 1299 2875 vivorum
1313 2817 1700 2877 memorentur
1714 2822 1770 2874 si
1783 2821 2053 2884 volueris,

404 2889 624 2944 sednon
648 2890 952 2944 Dominioa
972 2889 1206 2948 die.nisi
1226 2894 1444 2947 exteris
1473 2891 1765 2945 diebusEt
1789 2891 2050 2946 omnium

403 2959 920 3025 circumstantium,
961 2977 1140 3031 usque
1191 2963 1410 3018 Cosmus
1437 2967 1492 3016 et
1523 2962 1808 3016 Damiani.
1837 2963 1902 3016 Si
1927 2964 2050 3028 fue-

403 3031 484 3085 rit
502 3032 712 3086 natalis
730 3033 1194 3099 sanctorum,hic
1205 3033 1362 3086 dicat
1385 3053 1404 3088 :
1419 3035 1528 3087 Sed
1542 3038 1598 3087 et
1618 3032 1768 3086 diem
1803 3033 2045 3088 natalitii

373 3103 697 3156 'beatorum
730 3102 978 3162 illorum.
1011 3111 1114 3157 aut
1154 3103 1303 3158 beati
1326 3103 1511 3159 illius:
1542 3108 1598 3158 et
1636 3103 1894 3159 omnium
1917 3121 2048 3159 san-

2173 475 2311 532 lucis
2341 480 2398 532 et
2437 476 2610 546 pacis,
2652 483 2715 533 ut
2756 473 3054 546 indulgeas
3083 475 3476 544 deprecamur.
3524 473 3633 530 Per
3656 473 3800 531 eum-

2171 547 2322 604 dem.
2365 545 2538 604 NObis
2587 564 2810 618 quoque
2841 545 3250 620 peCcatoribns.
3283 561 3456 620 usque
3479 545 3582 602 sed
3609 547 3798 620 venite,

2169 635 2516 687 quzrsnmus,
2559 617 2814 688 largitor,
2842 617 3104 674 admitte.
3139 618 3248 672 Hic
3285 619 3493 688 erigens
3524 633 3576 672 se
3625 617 3800 674 archi-

2168 687 2707 752 diaconusi-eniet,et
2727 693 3009 746 involvens
3024 689 3242 746 calicem
3272 687 3546 756 mappula,
3580 688 3723 744 lerat
3743 689 3801 744 ξι.

2169 761 2278 814 lum
2303 768 2510 816 contra
2537 761 2798 816 damnum
2829 777 3048 829 pariam.
3091 761 3197 814 Per
3226 775 3396 828 quem
3425 759 3545 814 haec
3589 760 3799 816 omnia.

2165 832 2425 894 Domine,
2461 849 2687 903 semper
2708 835 2854 886 bona
2887 848 3065 888 creas.
3098 831 3405 903 Hierambo
3429 830 3694 903 πίθηαι.ἰά
3709 839 3798 898 est,

2165 903 2394 958 oblatam
2409 908 2462 958 et
2473 902 2703 960 calicem
2719 905 2834 975 29
2843 904 2892 974 3
2911 903 3088 957 tribus
3101 903 3214 975 vici
3216 902 3314 955 bus
3321 902 3804 975 singulissingulas

2164 975 2378 1043 faciens
2398 991 2581 1030 cruces
2623 991 2644 1032 .·
2673 972 3014 1035 sanctificata,
3061 972 3335 1039 viviﬁcas,
3388 973 3694 1039 benedicis,
3751 977 3805 1028 et

2167 1050 2400 1116 praestas
2431 1047 2612 1101 nobis.
2658 1047 2758 1101 Hic
2801 1047 2948 1102 levat
2978 1045 3210 1100 domnus
3241 1043 3626 1116 papaioblalas
3679 1045 3808 1116 (tuas

2164 1114 2334 1187 usque
2355 1117 2434 1171 ad
2449 1133 2609 1171 oram
2629 1117 2846 1180 colicis,
2873 1123 2930 1172 et
2949 1121 3180 1181 tangens
3197 1132 3322 1187 eum
3359 1115 3432 1187 de
3449 1114 3806 1170 oblationibus

2167 1185 2378 1242 tinente
2407 1189 2564 1242 illum
2588 1188 2988 1242 archidiacono
3003 1187 3145 1241 dicit
3175 1203 3190 1240 :
3223 1186 3331 1240 Per
3357 1185 3564 1255 ipsum,
3593 1191 3652 1241 et
3677 1201 3802 1241 cum

2167 1259 2308 1324 ipso.
2339 1263 2397 1313 et
2426 1259 2482 1313 in
2513 1259 2635 1329 ipso
2665 1259 2763 1314 tibi
2795 1263 2907 1313 Deo
2933 1257 3085 1312 Patri
3107 1256 3567 1329 omnipotenti,in
3589 1255 3807 1312 unitate

2169 1330 2417 1387 Sniritus
2438 1328 2642 1393 sancti,
2673 1329 2860 1386 omnis
2884 1329 3070 1383 honor
3096 1333 3153 1384 et
3175 1328 3379 1396 gloria.
3406 1329 3563 1382 Tunc
3587 1329 3728 1383 dicit
3749 1329 3806 1382 in

2167 1402 2392 1457 altum:
2425 1401 2532 1456 Per
2561 1401 2758 1457 omnia
2779 1401 2988 1456 saecula
3025 1400 3383 1455 saeculorum.
3422 1401 3578 1454 Tunc
3595 1399 3809 1457 reponit

2167 1474 2230 1528 in
2261 1473 2462 1538 altari,
2493 1481 2545 1529 et
2564 1473 2711 1528 dicit
2739 1474 2800 1526 in
2825 1472 3047 1528 altum:
3085 1470 3346 1528 Oremus.
3372 1470 3591 1526 Deinde
3629 1470 3766 1525 dicit
3791 1482 3810 1525 :

2167 1543 2466 1614 Prmceptis
2487 1543 2834 1598 salutaribus
2853 1541 3074 1605 moniti,
3095 1549 3144 1595 et
3165 1557 3328 1612 usque
3357 1541 3456 1596 sed
3479 1541 3660 1614 libera
3687 1557 3806 1596 nos.

2171 1616 2334 1670 Tunc
2356 1613 2498 1669 dicit
2527 1617 2762 1670 domnus
2788 1628 2972 1682 papa,
3004 1615 3418 1668 interveniente
3446 1613 3614 1666 nullo
3640 1627 3804 1682 sono,

2166 1685 2314 1740 hanc
2333 1686 2685 1746 Orationem.
2713 1681 2893 1740 libera
2918 1701 3042 1748 nos,
3066 1699 3243 1754 usque
3257 1683 3425 1738 Petro
3444 1687 3503 1738 et
3518 1681 3812 1738 Paulo.Hie

2167 1756 2512 1812 nominatim
2524 1758 2717 1828 quales
2734 1755 2974 1828 voluerit
2991 1755 3811 1828 sanctos.velquantos,comme-

2168 1834 2374 1881 morat.
2411 1824 2626 1883 Deinde
2643 1827 2860 1892 infert:
2889 1827 3030 1881 Cum
3057 1825 3322 1880 omnibus
3344 1824 3669 1890 Sanctis,da
3686 1841 3809 1896 pro-

2167 1898 2337 1967 pitius
2375 1914 2597 1969 pacem.
2637 1913 2810 1968 usque
2845 1913 2946 1966 per
2983 1897 3419 1969 omniasaacu’la
3434 1897 3804 1969 saeculorum.

2165 1967 2617 2024 AmenfDeinde
2645 1967 2806 2024 dirit:
2839 1969 2954 2024 Pax
2977 1967 3223 2022 Domini.
3260 1967 3476 2023 Deinde
3493 1967 3808 2034 datpacem

2165 2040 2343 2095 altari
2381 2041 2468 2095 vel
2499 2047 2747 2104 patente,
2789 2046 2842 2094 et
2873 2040 2948 2095 sic
2977 2039 3090 2094 sibi
3126 2039 3222 2094 dat
3249 2054 3460 2108 pacem.
3497 2039 3640 2094 Cum
3675 2053 3808 2094 vero

2163 2110 2401 2166 domnus
2419 2128 2567 2182 papa
2588 2111 2717 2166 dicit
2747 2111 2862 2182 Pax
2897 2110 3118 2182 Domini
3153 2110 3228 2182 sit
3253 2125 3478 2182 semper
3492 2109 3806 2182 vobiscum,

2165 2197 2279 2236 non
2298 2183 2471 2236 mittit
2500 2181 2709 2244 partem
2730 2182 2798 2237 de
2816 2181 3032 2236 Sancta
3049 2181 3108 2235 in
3133 2181 3556 2245 calicem,sicut
3583 2181 3810 2236 caeteris

2161 2253 2554 2322 sacerdotibus
2577 2269 2694 2308 mos
2715 2260 2812 2306 est.
2849 2252 2997 2307 Dum
3023 2253 3356 2321 confringit,
3385 2254 3576 2322 Agnus
3606 2251 3708 2306 Dei
3731 2251 3810 2304 di-

2163 2321 2580 2394 citEtexpleta
2591 2323 2990 2391 confractione
3012 2322 3242 2394 quando
3273 2321 3634 2394 communicat
3669 2323 3810 2376 dom-

2162 2411 2270 2448 nus
2279 2393 2874 2465 apostolicus.parlem
2886 2394 2992 2448 sibi
3005 2393 3294 2465 mordet.et
3305 2393 3583 2465 reliquam
3597 2393 3659 2447 in
3673 2393 3810 2448 cali-

2163 2481 2278 2522 cem
2305 2464 2497 2529 mittit.
2521 2468 2748 2530 faciens
2763 2481 2994 2521 crucem
3012 2466 3080 2521 de
3106 2479 3174 2522 ea
3201 2464 3386 2520 tribus
3405 2464 3626 2520 vicibus
3645 2479 3810 2535 super

2164 2538 2404 2593 calicem
2435 2537 2586 2592 nihil
2611 2537 2834 2599 dicens,
2862 2543 2916 2592 et
2931 2537 3014 2592 sic
3034 2537 3422 2603 conﬁrmatur
3439 2535 3512 2590 de
3528 2535 3810 2600 calice,te-

2163 2614 2330 2663 nente
2353 2609 2590 2664 calicem
2619 2607 3060 2664 archidiacono.
3095 2608 3336 2673 Quando
3381 2621 3516 2662 vero
3565 2605 3809 2662 domnus

2165 2679 2524 2745 apostolicus
2547 2679 2838 2735 descendit
2869 2681 2943 2733 ab
2963 2677 3810 2745 altari,incipitcommunicars

2163 2753 2434 2816 populus,
2469 2757 2524 2806 et
2553 2751 2778 2806 dicitur
2826 2750 3166 2818 Antiphona
3201 2749 3276 2804 ad
3319 2748 3806 2804 communionem.

2164 2821 2416 2891 Expleta
2428 2821 2802 2877 communione
2814 2827 2867 2876 et
2881 2822 2924 2875 A
2937 2823 3027 2874 nti
3029 2820 3212 2888 phona
3221 2826 3374 2884 ,tunc
3394 2820 3569 2891 surgit
3581 2819 3810 2873 domnus

2159 2890 2338 2961 papa,
2359 2899 2412 2948 et
2439 2893 2668 2949 veniens
2682 2893 2760 2946 ad
2773 2893 2966 2948 altare
2978 2893 3174 2947 salu-ta
3183 2897 3222 2956 t,
3253 2891 3430 2946 altius
3450 2890 3640 2944 dicens
3665 2907 3683 2944 :
3707 2891 3810 2945 Do-

2165 2961 2356 3018 minus
2385 2963 2698 3020 vobiscum.
2727 2967 2784 3018 et
2811 2978 2942 3018 cum
2964 2962 3179 3032 Spiritu
3199 2966 3315 3017 tuo.
3347 2961 3568 3018 Deinde
3589 2961 3811 3016 Oratio-

2163 3051 2289 3088 nem
2318 3034 2496 3088 dicit:
2526 3035 2687 3098 Quod
2735 3050 2833 3088 ore
2862 3033 3254 3104 sumpsimus,
3293 3033 3567 3104 Domine.
3613 3036 3810 3086 mente

2168 3104 2484 3172 capiamus.
2516 3109 2572 3158 et
2601 3105 2673 3160 de
2690 3121 2926 3160 munere
2958 3102 3260 3174 temporali
3284 3103 3403 3163 ﬁat,
3439 3102 3602 3174 nobis
3625 3118 3812 3158 reme-

401 3178 642 3232 ctorum.
678 3189 850 3242 usque
880 3157 978 3242 per
1001 3157 1288 3229 Christum
1315 3157 1641 3229 Dominum.
1673 3157 1781 3229 Hic
1803 3157 2046 3231 inclinat
2085 3157 2127 3215 Ο
2164 3157 2328 3230 dium
2338 3157 2856 3244 ⁷ᾇξξῖέίιῆιὸιέῆιίὦςῖ
2870 3157 3165 3230 illactenus
3187 3157 3374 3229 Codex
3390 3157 3812 3245 'Tilianus,qua

401 3260 461 3300 se
487 3245 753 3315 usquead
774 3246 980 3309 altare,
1013 3245 1239 3300 dicens:
1268 3247 1424 3300 Hanc
1455 3246 1628 3315 igitur
1674 3245 2047 3310 oblationem,

401 3331 583 3386 usque
609 3316 804 3376 iubeas
829 3333 999 3383 grege
1021 3316 1334 3380 numerari,
1369 3333 1466 3386 per
1515 3316 1804 3372 Christum
1862 3317 2052 3372 Domi-

403 3402 564 3441 num.
593 3389 686 3441 Hic
713 3387 884 3449 eriqit
912 3404 1164 3443 sursum.
1201 3388 1470 3444 Oblatam
1497 3391 1675 3442 solam
1701 3387 1795 3443 hic
1827 3387 2049 3443 benedi-

403 3459 477 3513 cit
504 3478 524 3514 :
553 3459 734 3522 Quam
763 3459 1205 3516 oblationem.tu
1238 3461 1402 3520 Deus.
1434 3458 1490 3512 in
1515 3459 1801 3522 omnibus,
1833 3475 2048 3528 quaesu-

405 3545 553 3590 mus,
584 3529 964 3590 benedictam.
1007 3531 1336 3599 ascriptam.
1389 3535 1599 3592 ratam,
1653 3531 2048 3586 rationabilem

405 3600 924 3671 acceptabilemque
955 3599 1141 3656 facere
1169 3601 1437 3670 digneris.
1463 3603 1562 3657 Hic
1586 3602 1758 3658 ambo
1777 3602 2052 3667 signat,id

407 3677 509 3730 est.
535 3671 794 3727 oblatam
823 3679 876 3726 et
902 3673 1141 3727 calicem
1169 3687 1183 3736 ;
1208 3677 1270 3726 ut
1290 3671 1453 3726 nobis
1480 3688 1685 3742 corpus
1716 3677 1773 3727 et
1793 3672 2046 3739 sanguis,

405 3757 581 3812 usque
607 3743 1084 3811 omnipotentem,
1119 3743 1216 3796 tibi
1250 3742 1464 3807 gratias
1493 3759 1672 3812 agens
1733 3743 2045 3810 benedixit,

409 3811 762 3882 fre’git,dedit
779 3813 1066 3880 discipulis
1084 3813 1200 3866 suis
1220 3813 1433 3876 dicens,
1456 3811 1630 3883 usque
1652 3813 1779 3868 item
1804 3813 1904 3868 tibi
1921 3831 2049 3882 gra-

405 3883 517 3938 tias
538 3901 711 3952 agens
732 3883 1041 3938 benedixit.
1067 3883 1169 3937 Hic
1190 3890 1441 3951 quatuor
1459 3884 1680 3938 viribus
1695 3884 1870 3938 solam
1901 3885 2046 3939 obla-

407 3957 518 4027 tam
529 3951 840 4027 sanctiﬁcat
864 3954 1052 4027 [Lege_.
1075 3954 1280 4027 signet]
1293 3955 1380 4027 .Aln
1410 3956 1618 4027 quinta
1635 3955 1756 4009 vice
1769 3970 1944 4027 super
1963 3971 2049 4009 ea-

409 4025 571 4080 licem
582 4025 756 4078 solum
775 4024 991 4078 crucem
1009 4025 1256 4090 faciens:
1273 4024 1534 4080 Hostiam
1555 4025 2047 4094 puram,Hostiam

405 4099 689 4162 sanctam,
723 4095 976 4150 Hostiam
1010 4095 1466 4159 immaculatam,
1523 4111 1730 4164 panem
1785 4100 2048 4150 sanctum

404 4165 537 4220 vitae
557 4171 801 4224 aeternas.
838 4169 894 4219 et
917 4165 1148 4236 calicem
1175 4166 1376 4220 salutis
1408 4170 1714 4236 perpetuae,
1747 4166 2050 4233 usqueimc

405 4237 754 4292 maculatam
782 4235 1174 4290 Hostiam.Hic
1199 4235 1446 4292 inclinat
1464 4253 1521 4292 se
1539 4237 1740 4291 iterum
1757 4239 1942 4304 juxta
1966 4239 2050 4292 al—

407 4314 535 4362 tare
563 4308 788 4362 dicens:
818 4305 1098 4376 supplices
1124 4311 1179 4361 te
1201 4324 1466 4376 rogamus
1489 4307 1852 4377 omnipotens
1882 4309 2048 4364 Deus.

405 4377 508 4432 Hic
545 4382 668 4431 orat
698 4377 860 4433 ωηιιί
904 4393 958 4431 se
1003 4379 1142 4447 quod
1165 4380 1418 4432 voluerit.
1453 4378 1654 4434 Deinde
1691 4378 1872 4434 dicit:
1908 4379 2050 4434 Jube

405 4447 803 4530 haac.p.erl_‘erri
834 4464 932 4530 per
957 4463 1186 4530 manus,
1217 4465 1380 4530 usque
1405 4449 1462 4504 in
1507 4453 1924 4530 conspectum.“
1945 4450 2052 4530 Hic

2163 3251 2356 3316 tamen
2395 3247 2676 3302 habentur
2703 3245 2878 3301 etiam
2912 3247 3061 3316 apud
3093 3245 3458 3316 Hittorpium.

2232 3315 2319 3371 89.
2364 3319 2448 3372 Ad
2478 3333 2700 3372 nonam.
2744 3322 2824 3372 Ita
2871 3316 2930 3371 in
2954 3313 3147 3372 'Editis
3172 3321 3228 3372 et
3257 3316 3314 3370 in
3345 3315 3483 3370 Cod.
3509 3313 3714 3370 Rhem.
3750 3315 3809 3368 In

2160 3387 2294 3444 Cod.
2323 3386 2548 3443 Ratoldi
2574 3387 2784 3458 legitur
2803 3387 2961 3443 Hora
2977 3404 3154 3443 nona.
3178 3386 3325 3458 Olim
3344 3386 3400 3440 in
3425 3383 3810 3458 semijej_uniis

2161 3459 2341 3514 Missae
2371 3455 2714 3514 tenebantur
2735 3458 3065 3514 horanona.
3101 3457 3345 3514 Consule
3374 3455 3810 3512 observationes

2159 3533 2386 3585 nostras
2413 3529 2484 3584 ad
2501 3530 2878 3584 Concordiam
2901 3530 3254 3601 regularum.

2230 3601 2318 3678 9t).
2360 3602 2718 3678 Deus.__Pater
2745 3596 3027 3678 videlicet,
3059 3601 3133 3678 ad
3162 3615 3332 3678 quem
3372 3596 3676 3678 dirigenda

2161 3671 2354 3743 Oratio
2393 3671 2452 3726 in
2482 3672 2662 3727 Missae
2685 3671 2980 3735 sacrificio,
3007 3667 3196 3743 juxta—
3231 3667 3533 3743 decretum
3577 3667 3810 3723 concilii

2158 3741 2422 3814 Carthag.
2455 3759 2533 3801 iu.
2566 3761 2691 3812 cap.
2717 3743 2836 3814 23:
2871 3743 2944 3797 Et
2972 3740 3096 3814 cum
3124 3741 3320 3814 altari
3341 3740 3812 3814 assistitur,s_e_m-

2153 3828 2263 3884 per
2281 3814 2362 3867 ad
2374 3809 2588 3884 patrem
2609 3809 2903 3884 dirigatur
2917 3813 3426 3878 oratio,lnterdum
3447 3813 3643 3865 tamen
3673 3809 3812 3865 diri-

2159 3882 2310 3954 gitur
2340 3883 2413 3937 ad
2443 3883 2672 3938 Filium.

2227 3954 2315 4006 91.
2345 3955 2566 4008 Praesta
2585 3957 2644 4008 ut
2670 3953 3046 4021 Unigenitum
3067 3957 3250 4016 tuum,
3275 3955 3384 4008 etc.
3408 3951 3534 4021 Hac
3553 3947 3815 4021 citantur

2157 4023 2228 4078 ab
2249 4023 2507 4079 Alcuino.
2527 4024 2620 4079 lib.
2651 4041 2725 4078 vu
2757 4017 2957 4078 contra
2987 4023 3232 4078 Felicem
3265 4020 3660 4090 Urgelitanum
3693 4017 3812 4090 epi-

2157 4105 2390 4164 scbpum
2423 4113 2434 4149 :
2460 4095 2525 4150 In
2547 4095 2724 4151 Missa
2745 4109 2994 4164 namque
3017 4093 3288 4148 humanae
3305 4090 3633 4164 Nalivitatis
3655 4093 3812 4164 ejusj

2157 4160 2278 4219 dem
2315 4166 2546 4221 Domini
2567 4166 2868 4230 nostri,ita
2887 4160 3124 4220 cantare
3148 4164 3440 4219 solemnus
3464 4177 3479 4214 :
3507 4160 3732 4214 Praesta
3753 4163 3817 4214 ut

2163 4236 2519 4307 Unigenitum
2536 4242 2714 4303 tuum,
2731 4253 2881 4307 quem
2901 4235 3294 4306 Redemptorem
3316 4235 3437 4289 laeti
3449 4233 3812 4301 suscipimus,

2160 4311 2268 4362 etc.

2229 4375 2317 4430 92.
2363 4375 2474 4442 Qui
2504 4382 2690 4431 tecum
2719 4375 2852 4429 vivit
2883 4382 2936 4431 et
2965 4381 3170 4446 regnat
3202 4375 3374 4428 Deus.
3405 4373 3554 4426 Nota
3589 4369 3733 4446 olim
3755 4369 3817 4424 in

2161 4441 2521 4501 conclusione
2551 4446 2891 4500 Orationum
2915 4461 3013 4500 seu
3028 4441 3418 4500 Collectarum
3465 4441 3820 4496 vocabulum

405 4535 460 4573 se
475 4511 636 4590 eriqit
669 4520 786 4574 haec
811 4511 973 4574 verba
990 4511 1216 4575 dicens:
1242 4511 1315 4576 Ut
1335 4524 1613 4590 quotquot
1635 4511 1700 4574 ex
1723 4519 1831 4574 hac
1852 4520 2050 4574 altaris
2081 4517 2124 4575 D
2161 4519 2306 4590 Deus
2318 4517 2572 4590 proxime
2593 4521 2861 4590 secutum
2873 4517 3043 4590 fuisse
3056 4517 3294 4590 verbum
3308 4511 3822 4590 regnat,q‘uema__d~

407 4589 862 4661 participatione,
922 4606 1090 4661 usque
1144 4607 1242 4660 per
1293 4589 1598 4646 Christum.
1633 4591 1734 4646 Has
1771 4591 2052 4646 Orationes

406 4660 532 4715 dum
554 4661 835 4725 dicuntur,
864 4679 977 4716 una
995 4660 1166 4730 super
1182 4662 1493 4730 diptychos,
1521 4661 1695 4715 altera
1725 4667 1840 4716 nost
1868 4661 2052 4717 lectio-

406 4733 903 4803 neminominum,'et
929 4733 1383 4803 hocquotidionis,
1407 4733 1490 4788 vel
1502 4737 1557 4786 in
1573 4731 1791 4800 agendis
1817 4739 2049 4787 tantum-

405 4802 565 4857 modo
603 4802 808 4858 diebus.
833 4802 1138 4861 Memento.
1172 4803 1430 4866 Domine,
1463 4808 1519 4858 et.
1560 4819 1760 4858 eorum
1814 4803 2049 4858 nomina

407 4872 503 4945 qui
526 4889 630 4927 nos
653 4879 1054 4945 praecesserunt
1085 4891 1214 4930 cum
1246 4875 1406 4945 signo
1433 4873 1584 4940 ﬁdei,
1639 4877 1697 4928 et
1757 4873 2054 4929 dormiunt

407 4942 466 4998 in
497 4960 700 4999 somno
733 4943 904 5012 pacis.
940 4946 1011 5000 Et
1038 4942 1349 5000 recitantur
1386 4947 1628 4999 nomina.
1666 4945 1882 5000 Deinde
1907 4952 2052 5014 post-

406 5031 563 5086 quam
612 5015 850 5071 recitata
896 5017 1148 5084 fuerunt,
1205 5017 1400 5073 dicat:
1457 5015 1614 5087 Ipsis,
1678 5015 1936 5076 Domine,
2002 5019 2053 5071 3t

475 5148 501 5178 ει
533 5137 594 5190 In
620 5136 861 5218 secundo
880 5135 1110 5218 Theod.,
1141 5142 1264 5218 post
1280 5145 1436 5218 atque
1459 5138 1519 5218 .A
1535 5138 1728 5218 mima,
1757 5134 2048 5218 subjungi-

405 5210 497 5262 tur
523 5223 534 5262 :
567 5222 771 5262 necnon
793 5215 846 5260 et
873 5207 1085 5262 sanctis
1117 5207 1360 5276 martyr:
1381 5210 1492 5263 tuis
1542 5209 1840 5277 Stephano.
1861 5207 2050 5272 Ouin-

404 5279 544 5341 tino,
577 5285 743 5344 atque
765 5279 1010 5340 Nicasio,
1035 5279 1132 5332 sed
1154 5285 1205 5332 et
1230 5279 1400 5334 beatis
1429 5279 1718 5347 confessor.
1781 5279 1890 5332 tuis
1921 5278 2048 5332 Gre-

402 5349 584 5422 gorio,
612 5348 894 5422 tlledmldo,
920 5355 1077 5422 atque
1099 5349 1292 5422 Eligio,
1325 5366 1448 5422 cum
1474 5351 1742 5422 omnibus,
1769 5353 1868 5422 etc.

474 5420 504 5462 b
534 5406 592 5475 In
623 5419 758 5474 Cod.
795 5406 932 5478 Rea.
977 5406 1136 5473 éiiec.
1173 5406 1325 5474 deest
1348 5419 1538 5488 Agnus
1563 5421 1681 5482 Dei,
1716 5406 1885 5473 etc.ln
1913 5417 2046 5472 Cod.

405 5491 640 5554 Gemet.,
665 5494 788 5558 post
842 5492 1044 5558 Agnus
1066 5489 1179 5548 Dei.
1205 5489 1428 5559 explicit
1484 5491 1677 5546 Conon
1725 5489 1936 5544 Missae.
1968 5489 2047 5559 hln

405 5561 568 5632 priori
612 5557 736 5617 vero
779 5557 1000 5632 r'l‘heotl.
1055 5557 1283 5632 additur
1335 5560 1542 5632 :Agnus
1600 5561 1707 5615 Dei
1763 5561 1862 5629 qui
1906 5557 2056 5612 tollis

401 5630 552 5703 pecc.
587 5631 807 5695 mundi,
839 5631 978 5687 dona
1006 5631 1166 5686 nobis
1193 5647 1448 5698 pacem...
1483 5630 1796 5703 Haeasaoro
1846 5635 2049 5703 sancta

405 5701 697 5780 commune
757 5703 1012 5780 corporis
1039 5703 1430 5780 et__sanguinis
1462 5701 1700 5780 Domini
1724 5701 1906 5756 nostri
1916 5701 2050 5780 {esu

410 5771 617 5831 Christi
624 5775 724 5846 ﬁat
741 5774 878 5832 mihi
894 5780 948 5834 et
965 5771 1212 5839 omnibus
1231 5771 1571 5837 australibus
1611 5772 1764 5833 satus
1785 5771 2052 5836 mentiset

2159 4582 2396 4662 modum
2426 4588 2628 4662 videre
2645 4592 2732 4662 est
2763 4587 2824 4662 in
2845 4588 3014 4662 Missa
3033 4582 3524 4662 Ambrosian'a,_in
3555 4583 3697 4637 Cod.
3727 4582 3821 4662 Ti-

2158 4659 2333 4718 liano.
2363 4663 2420 4712 et
2448 4657 2506 4712 in
2535 4657 2662 4712 aliis
2692 4657 2989 4713 Codicibus
3015 4657 3224 4712 nostris
3254 4673 3390 4710 mss.
3414 4658 3471 4710 et.
3497 4653 3556 4708 in
3585 4653 3822 4722 exposi-

2158 4729 2311 4784 tione
2339 4745 2446 4782 ms.
2481 4728 2840 4783 Praefationis
2871 4734 2926 4783 et
2957 4727 3224 4786 Canonis.
3255 4726 3390 4780 bibl.
3421 4723 3816 4779 Corbeiensis:

2160 4801 2296 4876 Qum
2310 4800 2466 4876 dicit
2494 4799 2602 4864 Qui
2626 4806 2814 4876 locum
2844 4800 3060 4876 vivitet
3088 4803 3300 4876 regnat
3329 4799 3475 4876 Deus
3499 4796 3557 4876 in
3579 4800 3822 4876 unitate

2158 4871 2414 4938 Spiritus
2441 4871 2653 4931 sancti,
2676 4872 2801 4925 vult
2826 4871 3102 4939 nopulum
3127 4865 3436 4939 credereet
3447 4865 3816 4939 intelligere,

2159 4936 2267 4998 etc.
2293 4942 2454 5006 Quod
2474 4936 3162 5012 confirmatMicrologus,
3186 4956 3311 5009 cap.
3351 4938 3386 4992 6
3428 4939 3498 5012 de
3520 4936 3822 5012 Observa-

2159 5012 2408 5066 tionibus
2433 5011 2859 5067 ecclesiasticis:
2881 5006 3184 5068 Sciendum
3209 5006 3400 5065 autem
3416 5009 3480 5062 in
3508 5006 3824 5061 illausita—

2159 5131 2420 5206 corporis,
2445 5139 2496 5186 et
2525 5133 2602 5206 ad
2627 5132 3022 5206 capescendam
3075 5131 3242 5186 vitam
3273 5135 3548 5206 aeternam.
3586 5141 3830 5206 praepa-

2159 5197 2310 5256 ratio
2332 5203 2618 5258 salutaris.
2647 5197 2840 5256 lmen.
2889 5242 2901 5256 .
2948 5245 2958 5255 .
2995 5203 3120 5256 Post
3146 5217 3331 5272 pacem
3359 5201 3506 5254 dicat
3537 5197 3592 5250 in
3613 5197 3819 5272 corde:

2158 5273 2297 5344 Pam,
2342 5273 2443 5327 Dei
2500 5288 2619 5344 qua?
2667 5279 2960 5344 exsuperat
3000 5267 3211 5330 omnem
3259 5285 3488 5344 sensum,
3533 5267 3833 5344 custodiat

2159 5343 2334 5413 corda
2362 5337 2546 5397 nostra
2573 5351 2626 5398 et
2654 5337 3048 5413 intelligentias
3078 5346 3290 5398 nostras
3327 5343 3530 5413 Amen.
3551 5377 3565 5393 .
3587 5381 3601 5394 .
3623 5381 3636 5393 .
3659 5377 3672 5390 .
3735 5337 3833 5392 Ad

2161 5411 2396 5490 dandam
2429 5431 2700 5490 _pac_em._.
2841 5411 2982 5468 'Paa:
3033 5418 3267 5490 tecum
3291 5456 3305 5468 .
3327 5455 3341 5468 .
3401 5411 3530 5490 [fast
3572 5423 3782 5490 pacem
3811 5423 3828 5462 :

2161 5485 2291 5539 Pas:
2305 5491 2357 5538 et
2387 5481 2488 5538 cha
2497 5487 2636 5540 ritas
2654 5485 2750 5539 Dei
2763 5491 2976 5539 maneat
2992 5499 3205 5553 semper
3218 5483 3278 5538 in
3299 5481 3562 5537 cordibus
3582 5484 3732 5532 nosh
3750 5481 3833 5535 is.

2161 5558 2361 5610 Amen.

2236 5625 2445 5681 Oratio.
2478 5654 2548 5664 —-
2572 5625 2807 5680 Domine
2832 5624 2962 5679 Jesu
2985 5621 3218 5686 Christe,
3251 5621 3351 5693 qui
3371 5621 3579 5676 dixisti
3599 5624 3838 5693 aposto-

2163 5695 2228 5775 lis
2273 5697 2402 5761 tuis,
2443 5701 2548 5754 etc.
2596 5695 2664 5752 Ut
2709 5696 2765 5752 in
2813 5693 3043 5752 Missali.
3079 5687 3389 5768 Sequuntur
3413 5687 3648 5766 quatuor
3671 5687 3836 5747 Ora.-

2163 5772 2340 5825 tiones
2349 5808 2367 5826 ο
