4034 6178
461 293 578 353 303

1217 289 1295 352 1N
1337 289 1398 351 S.
1443 289 1788 351 GREGORll
1831 288 2110 350 LIBRUM
2147 282 3080 368 SACBAMENTORUMNOTAE.

3745 287 3858 350 304

463 421 805 484 Pamelium.
858 420 916 476 in
947 421 1086 478 Cod.
1113 421 1380 486 Rodradi,
1409 421 1468 476 in
1499 421 1546 476 Il
1574 425 1751 492 parte,
1789 424 1846 476 et
1872 421 1930 474 in
1965 421 2100 476 Cod.
2145 425 2196 486 Α
2225 418 2456 492 tiﬁcium
2480 418 2625 473 circa
2654 420 3079 492 manumissores
3123 423 3338 492 tantum
3388 419 3468 492 de
3505 417 3712 492 libertis
3752 421 3862 492 suis

463 493 670 549 Rbem.
701 499 760 548 et
783 493 840 548 in
885 493 1121 564 parvulo
1151 493 1443 564 Martyrol.
1477 491 1611 558 msI,
1642 493 1737 563 qui
1769 495 1854 548 est
1901 493 1974 546 ad
1999 491 2112 564 cal-

463 580 588 620 cem
619 563 901 636 ejusdemi
938 563 1089 621 libri.
1132 565 1192 618 ln
1227 563 1402 636 Editis
1434 564 1683 629 additur,
1730 581 1794 636 in
1816 564 2015 636 Roma.
2050 563 2109 618 ln

465 637 601 690 Cod.
635 635 860 690 Ratoldi
890 635 1134 690 habetur
1160 641 1218 691 in
1245 635 1575 702 Antiochia,
1609 635 1897 690 Cathedra
1919 636 2114 690 sancti

461 706 650 779 Petri.
673 708 835 777 Apud
863 711 1123 762 sanctum
1150 707 1527 779 Augustinum
1558 707 1708 779 inter
1731 721 2023 779 sermones
2041 706 2110 779 de

465 777 684 833 Sanctis
715 775 899 833 exstat
923 795 1108 834 sermo
1163 775 1263 844 15;
1280 779 1349 833 de
1379 778 1666 832 Cathedra
1699 776 1878 831 sancti
1936 775 2104 840 Petri,

462 849 523 932 in
553 848 742 932 quoin
773 865 1125 932 paganorum
1158 849 1621 932 superstitionem
1648 919 1657 929 .
1670 847 1753 932 ita
1773 846 2103 932 invehitur:

467 919 610 977 Cum
631 919 1037 976 solemnitatem
1059 921 1203 976 hanc
1222 921 1486 976 Ecclesiis
1511 919 1718 975 merito
1743 919 2001 988 religiosa
2017 919 2110 973 ob-

461 993 701 1048 servatio
720 991 1139 1060 introduxerit,
1158 993 1332 1046 miror
1354 1007 1456 1046 cur
1470 990 1622 1061 apud
1640 990 1905 1060 quosdam
1916 989 2110 1059 inﬁdi-

463 1062 538 1118 les
567 1063 734 1132 (lege,
767 1062 984 1131 ﬁdeles)
1019 1061 1192 1119 hodie
1220 1069 1334 1118 tam
1361 1064 1698 1133 perniciosus
1727 1077 1890 1115 error
1920 1061 2108 1116 inere-

461 1136 624 1199 verit,
638 1140 699 1188 ut
727 1149 898 1204 super
918 1133 1155 1189 tumulos
1169 1132 1555 1198 defunctorum
1582 1132 1734 1188 cibos
1755 1140 1803 1186 et
1829 1133 1957 1186 vina
1976 1147 2111 1204 con-

460 1206 683 1274 ferant,
715 1203 876 1275 quasi
917 1221 1136 1274 egressae
1169 1205 1239 1259 de
1266 1204 1594 1275 corporibus
1629 1205 1830 1259 animae
1857 1203 2108 1275 carnales

461 1276 605 1336 cibos
630 1274 950 1347 requirant.
1001 1277 1066 1347 Et
1115 1275 1176 1347 in
1203 1274 1405 1330 concil.
1438 1277 1646 1347 Turon.
1687 1290 1742 1340 ιι,
1772 1291 1899 1330 can.
1932 1274 2109 1347 “22,4ﬁt

462 1346 680 1402 mentio
699 1345 963 1419 ejusdem
999 1346 1323 1402 festivitatis
1353 1352 1410 1401 et
1447 1345 1722 1419 similium
1755 1345 2104 1419 superstitio:

462 1434 602 1474 num
637 1435 648 1474 :
683 1415 818 1473 sunt
841 1426 1012 1489 etiam
1040 1419 1142 1489 qui
1167 1420 1227 1472 in
1255 1419 1565 1487 festivitate
1595 1415 1882 1489 Cathettrae
1923 1415 2107 1489 damni

459 1491 616 1545 Petri
655 1488 888 1560 apostoli
915 1487 1062 1544 cibos
1099 1492 1332 1544 mortuis
1383 1489 1644 1558 offerunt.
1700 1488 2001 1544 Redeuntes
2031 1487 2104 1542 ad

459 1561 642 1617 domos
660 1561 920 1632 prOprias
949 1563 1021 1616 ad
1049 1560 1350 1631 gentilium
1377 1566 1741 1632 revertuntur,
1770 1574 2014 1632 errores,
2051 1565 2102 1614 et

454 1639 577 1704 post
593 1630 788 1703 corpus
817 1630 1060 1704 Domini
1079 1638 1332 1704 sacratas
1357 1631 1598 1686 clamant
1625 1630 1901 1700 accipiunt
1926 1647 2090 1686 escas.

461 1701 829 1761 Contestatur
851 1703 1014 1758 illam
1047 1701 1476 1758 sollicitudinem
1515 1707 1628 1756 tam
1651 1710 1900 1772 pastores
1930 1717 2102 1772 quam

2214 489 2574 560 praecipimus
2593 491 2870 544 mistodiri
2881 535 2892 546 .
2929 491 3013 542 lta
3035 491 3183 559 apud
3201 489 3594 559 Marculphum
3617 491 3865 546 formula

2221 561 2290 616 23
2313 577 2326 615 :
2350 561 2424 615 Et
2441 561 2660 615 alicubi
2676 562 2850 632 ipsam
2879 562 3132 616 alienare
3152 562 3492 631 pontiﬁcium
3519 578 3628 616 non
3647 562 3861 629 habens;

2217 635 2276 686 et
2317 631 2564 686 formula
2590 632 2655 685 27
2682 631 2810 686 {Ea
2865 632 3068 699 scilicet
3119 633 3358 687 ratione.
3414 642 3474 686 ut
3505 633 3650 687 nihil
3671 634 3864 690 exinde

2213 705 2438 776 penitus
2462 703 2524 756 de
2542 704 2793 776 qualibet
2824 718 2886 757 re
2899 703 3184 776 alienandi
3213 705 3624 776 autminuendi
3646 707 3864 776 pontiﬁ-

2217 775 2367 828 cium
2393 791 2500 828 non
2527 775 2858 840 habeamus;
2893 777 2950 828 et
2979 774 3128 844 apud
3162 774 3496 838 Arnobium,
3527 775 3584 829 in
3633 774 3852 833 Psalm.

2218 861 2380 902 Lvm:
2414 845 2702 918 Accipiunt
2729 846 3072 918 pontiﬁcium
3097 845 3388 918 iudicandi
3424 853 3476 900 et
3508 847 3860 918 corripiendi.

2291 918 2410 972 181.
2443 916 2513 970 In
2537 917 2884 971 Palriarchis
2905 917 3180 986 fundasti.
3214 919 3296 971 lta
3326 917 3382 972 in
3411 916 3676 972 omnibus
3693 919 3863 974 Codi-

2216 987 2375 1059 cibus
2423 987 2634 1059 nostris
2687 1004 2822 1059 mss.
2873 992 2930 1059 et
2981 987 3037 1041 in
3070 987 3246 1042 Editis
3277 993 3448 1058 atque
3477 990 3627 1059 apud
3659 991 3865 1044 Pame-

2216 1057 2378 1142 lium,
2411 1074 2473 1113 ac
2501 1058 2742 1142 proinde
2766 1058 2888 1142 haec
2913 1058 3080 1142 lectio
3106 1057 3405 1142 mandasti,
3428 1057 3602 1129 quam
3624 1061 3861 1142 quidam

2216 1135 2470 1185 astruere
2525 1131 2740 1194 volunt,
2790 1133 2876 1184 est
2923 1131 3300 1200 explodenda.
3348 1131 3517 1186 Recte
3563 1131 3715 1186 enim
3748 1133 3861 1186 dici

2217 1205 2404 1274 potest
2427 1201 2734 1274 Ecclesium
2771 1200 3074 1274 fundatam
3096 1218 3220 1256 esse
3243 1201 3298 1256 in
3333 1202 3692 1274 patriarchis,
3724 1205 3857 1274 quia

2215 1272 2411 1342 primis
2443 1271 2553 1326 illis
2580 1272 2840 1326 Christus
2859 1273 3142 1327 revelatus
3168 1278 3271 1336 est,
3301 1271 3358 1327 et
3387 1273 3528 1328 ﬁdes
3554 1271 3757 1329 eorum
3775 1281 3864 1330 est

2215 1348 2428 1398 nostra
2461 1344 2824 1413 prazambula.
2876 1343 3088 1399 Deinde
3115 1348 3173 1395 τὸ
3219 1345 3495 1398 mandasti
3524 1345 3744 1400 nullum
3773 1363 3862 1400 re-

2213 1418 2367 1468 ctum
2399 1431 2630 1469 sensum
2662 1414 2886 1469 efﬁcere
2942 1420 3147 1484 potest,
3205 1432 3335 1469 cum
3378 1416 3486 1470 dici
3542 1433 3653 1471 non
3683 1419 3864 1484 possit

2214 1485 2547 1551 Ecclesium,
2576 1502 2703 1556 quas
2736 1487 2994 1540 nondum
3021 1491 3164 1551 erat,
3195 1486 3250 1540 in
3293 1487 3632 1558 patriarchis
3685 1485 3862 1544 fuisse

2213 1559 2578 1612 mandatam.

2287 1629 2406 1702 182.
2430 1629 2513 1702 ΔΠζ
2540 1629 2960 1702 qua:_statui'sset
2990 1628 3048 1682 in
3081 1630 3266 1702 terris.
3328 1629 3583 1702 Explicat
3622 1630 3679 1684 id
3705 1632 3859 1702 quod

2212 1699 2351 1753 olim
2385 1699 2644 1754 Christus
2669 1699 2830 1754 Petro
2862 1699 3164 1770 allegorice
3185 1699 3450 1755 dixerat:
3479 1701 3556 1756 Et
3583 1699 3738 1757 dabo'
3756 1703 3864 1758 tibi

452 1777 794 1856 presbyteros
832 1791 1039 1855 gerere,
1099 1779 1161 1828 ut
1193 1789 1568 1898 (guemcunque
1597 1771 1665 1828 in,
1703 1774 1806 1829 hac
1841 1771 2102 1842 [utilitate
2141 1773 2184 1831 Β
2212 1772 2390 1826 claves
2420 1771 2584 1836 regni
2609 1771 2884 1853 caelorum,
2917 1777 3048 1835 etc.,

455 1853 736 1898 persistere
761 1846 1024 1898 viderint.
1050 1847 1192 1898 vela
1263 1860 1442 1898 nescio
1478 1861 1610 1898 auas
1643 1851 1846 1898 petras.
1894 1851 1990 1898 aut
2012 1862 2103 1898 ar-
2286 1843 2404 1896 183.
2447 1841 2632 1896 Sancti
2671 1842 2945 1898 Matthiz.
2980 1843 3048 1896 Ha

450 1845 736 1917 persistere
761 1846 1024 1910 viderint,
1050 1845 1237 1917 velud
1263 1845 1610 1917 nescioquas
1639 1851 1846 1914 petras,
1894 1851 1990 1898 aut
2012 1862 2103 1898 ar-

459 1915 634 1981 bores,
662 1923 762 1973 aut
790 1917 868 1971 ad
884 1917 1080 1986 fontes,
1114 1915 1404 1986 designata
1448 1915 1566 1970 locu
1603 1916 1900 1986 gentilium
1919 1933 2108 1986 perpe-

457 1995 630 2052 trare,
655 2003 776 2059 qum
804 1987 886 2043 ad
914 1987 1167 2059 Ecclesia:
1181 1988 1451 2042 rationem
1465 2003 1573 2041 non
1590 1987 1888 2059 pertinent,
1919 2004 2002 2059 eos
2030 1989 2102 2044 ab

453 2057 705 2116 Ecclesia
725 2065 915 2114 sancta
935 2058 1270 2115 auctoritate
1319 2059 1606 2129 repellant.
1639 2058 1700 2112 In
1735 2059 1820 2112 his
1863 2057 2001 2112 locis
2031 2061 2101 2114 de

455 2129 546 2186 die
571 2129 701 2186 festi
732 2133 790 2186 et
817 2145 1014 2186 mense
1043 2133 1302 2195 tacetur;
1333 2146 1399 2184 ex
1432 2129 1614 2184 verbis
1670 2135 1865 2185 tamen
1913 2129 2100 2184 citatis

453 2201 593 2256 satis
624 2201 908 2274 conjicere
928 2202 1104 2274 datur,
1125 2201 1216 2271 agi
1242 2202 1331 2274 de
1379 2201 1662 2274 Cathedra
1693 2200 1879 2274 sancti
1929 2201 2098 2266 Petri,

453 2289 596 2356 quae.
609 2271 810 2356 mense
841 2273 1145 2352 Februario
1167 2272 1514 2356 celebratur.
1539 2271 1725 2356 Primo
1757 2272 1912 2352 enim
1942 2288 2102 2356 men-

451 2342 532 2398 tio
563 2343 628 2398 ﬁt
655 2359 855 2398 eorum
882 2342 974 2414 qui
1021 2342 1374 2415 paganorum
1421 2343 1534 2397 ritu
1563 2343 1806 2415 mortuis
1837 2348 2102 2413 parenta-

451 2413 976 2496 bant,neprumque
1023 2413 1295 2496 sepulcris
1349 2415 1524 2496 dapes
1571 2413 1917 2496 inferebant,
1945 2417 2100 2496 quod

451 2485 588 2541 olim
617 2485 788 2540 ﬁebat
823 2484 888 2540 in
913 2484 1221 2550 Feralibus,
1251 2501 1378 2556 quae
1427 2484 1484 2540 in
1533 2485 1717 2555 prisco
1752 2485 2098 2542 Kalendario

451 2557 714 2612 Romano
745 2556 1022 2627 incipiunl
1062 2556 1154 2611 die
1179 2556 1247 2610 20
1288 2556 1599 2621 Februarii,
1655 2561 1711 2611 et
1743 2559 1954 2612 durant
1982 2557 2098 2613 fere

449 2645 626 2700 usque
668 2630 743 2682 ad
783 2629 953 2684 tinem
983 2629 1240 2696 ejusdem
1272 2627 1508 2700 mensis,
1539 2627 1595 2682 in
1650 2629 1852 2698 quibus
1903 2629 2098 2684 Manes

446 2699 841 2771 placabantur,
869 2715 1070 2755 eorum
1123 2699 1380 2768 tumulis,
1409 2700 1534 2771 cibo
1591 2717 1702 2769 quo
1735 2707 2098 2771 vescerentur

445 2770 728 2842 apposito,
758 2781 819 2825 ut
846 2775 1074 2842 constat
1109 2788 1176 2826 ex
1202 2771 1424 2828 Ovidio.
1470 2770 1567 2824 lib.
1600 2786 1640 2825 ιι
1671 2772 1847 2838 Fast.,
1888 2770 1983 2842 qui
2011 2777 2098 2826 est

445 2841 744 2899 de’mense
762 2841 1090 2898 Februario.

567 2965 723 3016 Nunc
749 2965 944 3015 animae
966 2968 1172 3020 tenues,
1197 2968 1250 3013 et
1269 2978 1493 3026 corpora
1517 2965 1702 3014 functa
1728 2967 1987 3029 sepulcris

629 3029 835 3084 Errant,
864 3042 1008 3092 nunc
1029 3029 1199 3092 posite
1225 3029 1462 3091 pascitur
1480 3029 1671 3092 umbra
1695 3028 1836 3081 cibo.

565 3092 872 3141 Nontamen
895 3089 996 3138 hoc
1021 3089 1160 3153 ultra
1173 3089 1334 3153 quam
1351 3095 1484 3153 quot
1498 3089 1564 3138 de
1595 3104 1776 3138 mense
1800 3095 2096 3152 supersunt

630 3153 875 3217 Luciferi,
902 3155 1035 3217 quot
1061 3151 1255 3217 habent
1274 3151 1524 3217 carmina
1547 3157 1731 3217 nostra
1756 3151 1936 3217 pedes,

568 3215 716 3266 Hanc
742 3215 869 3279 quia
894 3214 1041 3277 justa
1054 3214 1231 3262 ferunt
1258 3214 1439 3263 dixere
1461 3215 1690 3264 Feraltia
1709 3214 1901 3264 lucem.

444 3333 525 3404 De
549 3329 659 3404 hac
691 3329 1093 3404 superstitione
1123 3329 1318 3404 scribit
1361 3331 1560 3392 Varro,
1590 3329 1689 3404 lib.
1726 3347 1756 3382 v
1797 3331 1867 3404 de
1897 3331 2090 3404 lingua

443 3401 647 3458 Latina
673 3418 684 3457 :
717 3401 954 3458 Feralia
985 3403 1060 3458 ab
1086 3403 1307 3471 inferiis
1335 3407 1382 3454 et
1399 3401 1654 3472 ferendo,
1679 3403 1830 3472 quod
1869 3401 2087 3473 ferant,

444 3480 564 3530 tum
587 3473 773 3544 epulas
800 3474 878 3527 ad
922 3473 1257 3544 sepulcrum,
1292 3473 1488 3542 quibus
1518 3477 1616 3542 jus
1643 3474 1718 3526 ibi
1755 3482 2080 3544 parentare.

441 3543 704 3602 Secundo
731 3545 787 3599 in
817 3546 990 3600 citato
1016 3543 1255 3598 concilio
1273 3548 1589 3614 arguuntur
1611 3544 1647 3598 ii
1674 3543 1768 3615 qui
1802 3547 1874 3600 ad
1901 3546 2090 3602 nescio

444 3633 585 3689 quas
617 3619 806 3688 petras
853 3620 1032 3687 agunt
1056 3633 1121 3670 ea
1150 3615 1718 3689 quenadEcclesiam
1770 3633 1882 3670 non
1917 3618 2089 3686 perti-

445 3686 585 3744 nent
607 3686 770 3758 {quae
800 3686 938 3742 sane
957 3691 1130 3758 petra:
1157 3687 1299 3740 nihil
1319 3686 1478 3758 aliud
1503 3693 1637 3742 sunt
1657 3705 1828 3758 quam
1857 3689 2089 3743 termini

443 3757 716 3832 agrorum
738 3776 880 3829 quos
910 3757 1046 3813 olim
1073 3829 1081 3832 _
1092 3759 1200 3832 sub
1235 3757 1330 3812 Dei
1389 3758 1637 3832 Termini
1662 3757 1920 3832 nomine
1945 3761 2090 3814 colc-

441 3829 604 3896 bant,
623 3835 678 3885 et
701 3831 905 3886 festum
920 3829 1634 3901 appellabantterr’niualia
1656 3831 1892 3900 l’agani.
1914 3833 2085 3901 quod,

441 3907 506 3956 ut
553 3903 838 3956 Cathedra
873 3899 1054 3955 sancti
1085 3899 1236 3954 Petri
1283 3900 1616 3962 Antiochiae,
1677 3899 1875 3955 inuidit
1920 3899 1974 3956 in
2025 3907 2089 3956 22

440 3972 758 4037 Februarii,
791 3977 851 4026 ut
875 3972 1095 4026 clarum
1126 3976 1212 4026 est
1239 3987 1306 4026 ex
1338 3969 1572 4040 antiquo
1609 3971 1950 4026 Kalendario
1984 3974 2090 4027 Ro-

442 4059 640 4110 mano,
675 4042 782 4097 hoc
809 4045 1016 4098 modo:
1049 4044 1174 4100 Tan
1202 4042 1273 4095 κ’.
1307 4043 1376 4096 de
1431 4057 1544 4112 quo
1579 4041 1752 4096 etiam
1784 4043 1940 4098 canit
1961 4043 2088 4098 Ovi-

444 4113 570 4170 dius
594 4114 740 4170 libro
765 4130 940 4184 supra
965 4113 1161 4178 citato,
1183 4113 1385 4168 eodem
1419 4128 1634 4168 mense.

445 4239 498 4311 3
512 4240 555 4310 ι
569 4239 621 4310 2
649 4238 763 4311 Ijox
780 4236 874 4311 ubi
896 4237 1164 4311 trapsierit
1187 4236 1343 4311 solito
1368 4235 1664 4286 celebretur
1681 4236 1901 4295 honore,

652 4301 874 4372 Séperat
897 4299 1094 4372 indicio
1120 4300 1210 4371 qui
1239 4299 1372 4348 deus
1392 4311 1522 4372 arya
1547 4313 1650 4372 suo.
1673 4314 1686 4348 :

565 4360 811 4426 Termine
835 4363 946 4426 sive
971 4362 1124 4426 lapis,
1137 4360 1262 4426 sive
1287 4375 1342 4410 es
1377 4360 1621 4410 defossus
1638 4363 1692 4410 in
1711 4375 1840 4426 agro

658 4423 850 4488 Stipes,
877 4423 944 4474 ab
971 4423 1206 4487 antiquis
1225 4427 1281 4472 tu
1307 4437 1522 4488 quoque
1553 4423 1970 4481 nomen—habes,

439 4541 521 4597 De
547 4557 616 4596 eo
644 4539 821 4612 etiam
851 4539 971 4612 agit
999 4540 1200 4612 Varro,
1227 4537 1373 4612 libro
1401 4538 1594 4595 citato.
1628 4541 1822 4610 Quare
1869 4559 1998 4598 cum
2030 4544 2088 4600 in

439 4613 548 4669 hoc
576 4611 840 4678 concilio,
883 4611 940 4667 et
967 4612 1024 4666 in
1065 4611 1365 4666 Codicibus
1389 4627 1533 4683 mss.
1569 4629 1741 4683 supra
1771 4613 1956 4670 citatis
1985 4631 2084 4671 no-

440 4684 692 4757 minetur
719 4684 996 4757 cathedra
1039 4682 1401 4757 sanctiAPetri
1457 4683 1580 4757 sine
1621 4682 1917 4755 adjuncto,
1949 4691 2084 4757 puto

439 4754 578 4828 olim
612 4755 716 4811 hoc
737 4755 804 4809 2‘2
835 4755 926 4828 die
959 4753 1257 4828 Februarii
1305 4753 1731 4828 solemnitatem
1794 4753 2084 4828 utriusque

441 4827 738 4899 Cathedra:
785 4827 1134 4899 celebratam
1182 4824 1376 4899 fuisse,
1427 4831 1482 4899 et
1527 4827 1766 4899 decursu
1811 4824 2084 4899 temporis

437 4898 734 4954 Cathedrae
759 4897 865 4952 soli
895 4896 1260 4952 Antiocheam
1286 4897 1615 4954 devolutum
1647 4897 1840 4954 fuisse.
1873 4896 2082 4956 Praete-

435 4987 535 5026 rea
561 4970 881 5025 notandum
907 4968 965 5022 in
987 4967 1197 5023 nostris
1221 4967 1522 5024 Codicibus
1551 4987 1687 5024 mss.
1713 4970 1934 5026 nullum
1957 4988 2080 5029 esse

436 5041 645 5114 festum
697 5039 1223 5114 Cathcdraasancti
1243 5041 1425 5114 __Petri
1457 5041 1670 5108 Romae,
1721 5047 1784 5096 ut
1810 5059 1992 5114 neque
2020 5043 2078 5099 in

435 5112 632 5180 Editis,
666 5127 850 5182 neque
878 5111 1031 5182 apud
1063 5109 1402 5166 Pamelium.

506 5184 629 5239 180.
653 5183 1020 5250 Ponti/icium.
1059 5182 1418 5237 Pontiﬁcium
1457 5183 1562 5238 hoc
1605 5183 1728 5239 loco
1782 5189 1868 5240 est
1920 5187 2080 5242 Pote-

431 5259 574 5330 stas,
617 5255 944 5330 auctoritas.
991 5254 1152 5324 Legis
1182 5254 1648 5330 Burgundionum
1697 5255 1780 5311 tit.
1845 5257 1921 5320 19,
1953 5258 1981 5330 §
2009 5258 2074 5312 6:

367 5373 376 5386 .
435 5328 550 5394 Quo
583 5328 634 5380 si
662 5327 816 5380 intra
864 5331 972 5379 tres
1014 5341 1216 5398 menses
1244 5327 1422 5379 soluto
1479 5326 1681 5398 debito
1708 5326 2079 5398 pignora'sua

430 5415 535 5454 non
561 5400 874 5469 perceperit,
901 5403 1018 5469 post
1042 5395 1266 5469 modum
1295 5412 1358 5469 ea
1378 5395 2077 5468 reguirendiponnﬁcium

430 5487 540 5526 non
562 5467 796 5525 habebit.
831 5469 900 5522 Et
929 5468 1016 5522 tit.
1067 5467 1157 5534 40,
1191 5469 1219 5540 ς
1246 5469 1299 5532 1,
1327 5468 1492 5539 hujus
1519 5485 1642 5523 vero
1686 5467 1920 5526 actionis
1945 5490 2077 5542 pon-

499 5606 535 5666 ιπ
555 5594 740 5666 Neque
761 5593 817 5648 in
843 5593 988 5666 Mss.
1013 5592 1166 5666 Reg.
1207 5591 1374 5651 Suec.
1400 5599 1455 5650 et
1479 5591 1724 5652 Calensi.
1759 5595 2077 5653 Continetur

428 5664 485 5721 in
511 5663 718 5721 Gemet.
745 5681 809 5720 ac
839 5663 1158 5721 Theoderic.

499 5736 528 5778 ι)
558 5736 762 5822 iisdem
791 5735 982 5822 Missa.
1014 5734 1696 5822 assignaturjnmGemet.
1755 5753 1826 5796 ac
1851 5738 2070 5808 Theod,

424 5803 530 5867 hoc
556 5805 680 5881 ipso
707 5806 817 5876 die,
862 5805 1074 5864 cilicet
1103 5803 1276 5866 Nonis
1308 5806 1508 5868 Martii.

2286 1843 2404 1896 183.
2447 1841 2632 1896 Sancti
2671 1842 2945 1898 Matthiz.
2980 1843 3110 1896 Haec
3138 1841 3418 1898 festivitas
3449 1859 3561 1898 non
3595 1844 3860 1899 exstatin

2212 1912 2340 1968 aliis
2371 1913 2668 1968 tiodimbus
2694 1913 2901 1968 nostris
2931 1929 3066 1968 mss.
3099 1925 3146 1956 ιο

2282 1984 2406 2038 184.
2458 1985 2754 2042 Numerus
2809 1995 3088 2039 sacratus.
3150 1985 3545 2040 Duodenarius
3603 1985 3868 2042 videlicet

2210 2054 2484 2129 apostolis
2508 2055 2730 2128 collegii
2753 2055 2890 2129 olim
2921 2056 3274 2126 signiﬁcatus
3302 2073 3400 2126 per
3429 2057 3727 2113 duodecim
3759 2075 3864 2129 pa-

2213 2127 2512 2192 triarchas,
2535 2143 2634 2197 per
2645 2127 2946 2182 duodecim
2977 2129 3163 2181 fontes
3189 2145 3465 2198 aquarum
3479 2133 3536 2184 et
3557 2127 3792 2184 duodeci
3803 2147 3864 2184 m

2211 2202 2407 2268 portas
2430 2198 2676 2253 caelestis
2719 2198 3054 2253 Jerusalem.
3091 2199 3269 2254 Porro
3304 2202 3358 2252 in
3387 2201 3519 2254 Cod.
3557 2200 3753 2256 Rhem.
3775 2217 3866 2256 se-

2209 2269 2440 2340 quitur:
2475 2271 2619 2323 Non.
2651 2271 2880 2337 Martii,
2914 2270 3098 2324 natale
3125 2278 3457 2325 sanctarum
3494 2272 3778 2341 Perpetua:
3806 2280 3868 2328 et

2214 2341 2516 2412 Felicitatis
2547 2357 2563 2405 ;
2598 2342 2668 2394 de
2692 2341 2894 2411 quibus
2932 2342 3139 2396 eodem
3167 2342 3257 2396 die
3285 2342 3398 2412 agit
3419 2343 3710 2412 Martyrol.
3747 2361 3859 2398 ms.

2208 2411 2468 2466 biblioth.
2509 2412 2862 2467 Corbeiensis
2893 2431 2905 2470 :
2940 2413 3008 2466 In
3030 2411 3362 2466 .liauritiana
3400 2411 3618 2468 civitate
3651 2415 3862 2469 Tabur-

2207 2488 2482 2556 tanorum,
2511 2489 2688 2553 passio
2733 2491 3064 2538 sanctarum
3109 2489 3421 2554 martyrum
3480 2486 3774 2556 Perpetua?
3803 2492 3862 2540 ct

2207 2555 2546 2620 Felicitatis,
2587 2562 2781 2608 etcum
2821 2559 2896 2609 eis
2928 2556 3202 2620 Revocati,
3238 2557 3553 2610 Saturnini
3574 2555 3620 2610 et
3649 2557 3863 2612 Secun-

2207 2625 2340 2681 doli.
2365 2626 2422 2679 In
2448 2626 2848 2697 Martyrologio
2870 2627 3103 2681 Usuardi
3130 2644 3142 2678 :
3172 2627 3233 2680 In
3257 2627 3610 2681 Mauritania
3628 2630 3860 2685 civitate

2214 2697 2290 2750 Tu
2303 2697 2752 2770 burblttinoruin,
2781 2698 2986 2751 natalis
2997 2704 3316 2751 sanctarum
3332 2702 3644 2768 martyrum
3663 2699 3859 2770 Perpe-

2208 2773 2322 2822 tua.v
2342 2775 2394 2822 et
2427 2767 2758 2835 Felicitatis,
2801 2775 2848 2822 et
2875 2785 2997 2822 cum
3030 2772 3104 2822 eis
3134 2771 3410 2832 Revocati,
3457 2767 3781 2824 Saturnini
3798 2779 3856 2826 et

2204 2839 2538 2911 Secundtili,
2564 2857 2808 2908 quorum
2838 2840 3067 2894 ultimus
3094 2841 3148 2894 in
3163 2857 3375 2894 carcere
3398 2839 3857 2911 quierit,reliqui

2205 2925 2389 2982 omnes
2415 2909 2485 2963 ad
2515 2910 2710 2964 bestias
2739 2919 2874 2966 sunt
2893 2911 3104 2965 (traditi
3146 2911 3242 2966 sub
3271 2909 3464 2966 Severo
3487 2911 3735 2982 principe
3753 2909 3777 2978 ξ
3797 2921 3860 2968 et

2203 2980 2260 3034 in
2284 2981 2677 3052 Martyrologio
2709 2999 2814 3036 ms.
2848 2982 3030 3036 sancti
3082 2982 3445 3052 Hieronymi:
3471 2980 3537 3037 Ῐη
3569 2980 3859 3039 Maurita-

2202 3053 2303 3107 nia
2314 3053 2534 3106 civitate
2558 3053 3543 3123 ’I'urbilanorum,passiosanctarnm
3559 3054 3856 3124 Perpetua

2121 3135 2166 3194 ο
2204 3127 2254 3177 et
2274 3123 2622 3188 Felicitatis;
2650 3129 2705 3178 et
2729 3124 2935 3178 ibidem
2969 3141 3142 3194 supra
3172 3125 3375 3179 eodem
3401 3124 3490 3178 die
3543 3125 3603 3179 [it
3629 3123 3855 3180 mentio

2202 3195 2542 3268 Saturnini,
2567 3196 2837 3268 Revocati,
2864 3195 3156 3268 Secunditi
3183 3196 3316 3268 (leg.
3369 3195 3690 3268 Secundoli)
3723 3203 3859 3267 post

2201 3265 2344 3338 alios
2373 3270 2600 3320 sanctos
2649 3266 2742 3336 qui
2771 3265 3137 3338 assignantur
3182 3266 3520 3322 Antiochiae.
3554 3265 3684 3338 Sed
3713 3265 3856 3338 puto

2200 3336 2479 3392 omissum
2500 3353 2620 3392 esse
2641 3335 2697 3388 rb
2729 3340 2787 3391 in
2820 3335 3034 3407 Africa,
3060 3337 3262 3392 saltem
3296 3344 3429 3392 ante
3455 3343 3511 3390 τὸ
3539 3335 3856 3397 Saturnini.

2204 3409 2367 3482 Plura
2399 3409 2526 3482 vide
2557 3410 2706 3479 apud
2729 3409 3034 3463 Baronium
3065 3408 3172 3482 hoc
3195 3409 3829 3482 die.Missaestejusmo

2200 3479 2276 3534 di.
2305 3481 2495 3534 Oratio
2521 3496 2532 3534 :
2561 3483 2640 3533 Da
2673 3483 2846 3547 nobis,
2879 3482 3110 3534 Domine
3135 3480 3278 3535 Deus
3301 3487 3508 3544 noster,
3527 3479 3858 3536 sanctarum

2202 3564 2504 3621 martyrum
2513 3553 2732 3620 palmas
2748 3553 3061 3605 incessabili
3078 3553 3432 3606 veneratione
3451 3554 3850 3614 venerari,etc.

2201 3625 2382 3692 Super
2411 3623 2914 3688 oblatazIntende,
2953 3624 3205 3684 Domine,
3240 3639 3490 3689 munera,
3513 3639 3852 3692 quaesumus,

2199 3695 2468 3748 altaribus
2522 3694 2648 3756 tuis,
2702 3698 2810 3749 etc.
2866 3695 3362 3748 l’ostcommunio:
3404 3697 3624 3748 l'rzesta
3669 3697 3850 3760 nobis,

2202 3768 2434 3828 Domine,
2468 3779 2787 3834 quaesumus
2834 3766 3302 3836 intercedentibus
3333 3767 3566 3829 sanctis,
3627 3774 3686 3820 ut
3719 3783 3855 3836 qua?

2198 3853 2288 3888 ore
2309 3836 2668 3900 contigimus,
2697 3840 2802 3890 etc.
2832 3835 2878 3877 b-

2273 3907 2391 3960 185.
2428 3909 2697 3978 Praestent
2722 3909 2899 3970 nobis,
2936 3907 3184 3970 Domine,
3210 3912 3317 3962 etc.
3345 3907 3520 3978 313
3559 3908 3624 3964 In
3654 3908 3847 3967 Rodr.

2199 3981 2256 4058 et
2285 3981 2408 4030 Rat.
2441 3976 2640 4058 edictis
2668 3977 3000 4058 Codicibus:
3036 3981 3208 4058 Dens,
3232 3979 3339 4058 ‘qni
3363 3976 3595 4058 beatum
3629 3981 3855 4058 gregn-

2200 4049 2374 4113 rium,
2403 4053 2510 4104 etc.
2539 4055 2709 4102 Porro
2759 4052 2816 4102 in
2873 4051 3009 4104 Cod.
3045 4049 3268 4120 Ratoldi
3327 4050 3589 4120 sequitur
3633 4049 3852 4106 festum

2199 4119 2384 4175 sancti
2403 4121 2918 4192 (Tutbertiepiscopi
2934 4133 2958 4162 ε
2995 4120 3080 4192 :is
3107 4119 3520 4192 fuitepisco’pus
3537 4119 3857 4176 Lindisfar-

2201 4193 2413 4272 nensis,
2440 4191 2602 4272 cujus
2631 4190 3058 4272 vitamscripsit
3082 4190 3473 4272 Beda,_prosa
3502 4197 3848 4272 metroque;

2201 4262 2270 4334 de
2291 4279 2402 4334 quo
2439 4262 2612 4334 etiam
2642 4262 2874 4333 agitlib.
2899 4262 3117 4317 xv'Hist.
3152 4263 3485 4334 Anglorum.
3515 4263 3644 4318 Vita
3659 4263 3854 4319 sancti

2203 4331 2476 4416 Eutherti,
2511 4350 2636 4416 quae
2653 4331 2880 4416 Beda
2907 4349 3071 4416 versu
3103 4331 3312 4416 scripta
3338 4335 3854 4416 est,.exstalt_apud

2202 4405 2505 4460 Henricum
2527 4404 3007 4467 Canisium,tomo
3021 4404 3614 4476 Vantiquaelectionis.
3631 4404 3853 4460 dMissa

2122 4493 2166 4553 ο
2201 4481 2288 4530 est
2317 4475 3138 4553 hujus_modi:O_rat.io:Sanctus
3167 4475 3525 4553 et’rglorio‘sus
3544 4476 3852 4533 Cutbertus

2196 4547 2448 4618 martyr.
2473 4549 2652 4617 Super
2677 4547 3018 4603 oblatazlloc
3033 4564 3192 4603 sacro
3215 4548 3435 4604 Christi
3449 4556 3693 4619 apere,et
3724 4564 3850 4603 om-

2195 4619 2359 4674 nium
2375 4625 2711 4674 sanctorum
2738 4624 3198 4687 martyrum,etc.
3229 4619 3491 4674 Praefatio
3512 4639 3522 4677 :
3543 4619 3610 4672 In
3629 4619 3853 4676 hacdie

2194 4689 2544 4760 migrationis
2555 4691 2626 4742 ad
2638 4691 2924 4746 Christum
2935 4691 3601 4747 sanctissimisacerdotis
3617 4691 3846 4745 Cutber-

2193 4761 2256 4825 ti,
2285 4767 2390 4834 etc.
2421 4761 2761 4816 Benedictio:
2783 4763 3025 4818 Domine
3047 4764 3200 4819 Deus
3225 4763 3479 4834 omnium
3497 4763 3843 4834 gratiarum,

2191 4833 2408 4903 respice
2427 4847 2651 4889 omnem
2679 4835 2830 4889 hunc
2849 4835 3126 4901 populum
3145 4841 3430 4904 tuum,quz
3447 4833 3507 4889 in
3522 4835 3850 4890 honoretuo

2190 4904 2409 4959 divinis
2419 4905 2548 4974 fam
2559 4906 2753 4976 utatur
2763 4904 2992 4974 ofﬁciis;
3013 4913 3065 4960 et
3079 4905 3356 4976 quidquid
3367 4911 3572 4960 sancto
3595 4911 3844 4975 martyre

2191 4983 2292 5030 tuo
2315 4977 2588 5034 Cutberto
2609 4975 2882 5030 hodierna
2911 4976 3000 5030 die
3020 4975 3252 5046 profuit
3291 4976 3372 5031 ad
3394 4977 3835 5038 beatitudinem.

2185 5047 2362 5117 prosit
2391 5047 2529 5102 huic
2550 5047 2835 5103 Eccsesiae
2885 5047 2962 5102 ad
3014 5048 3362 5117 exemplum.
3393 5048 3580 5103 Amen
3611 5051 3722 5102 etc.
3754 5047 3847 5102 Ad

2187 5119 2628 5194 Complendum,
2663 5118 2913 5194 Satiatis',
2963 5118 3222 5181 Domine,
3255 5134 3568 5194 munerum
3601 5127 3846 5173 tuorum

2187 5190 2376 5252 donis,
2415 5194 2527 5244 etc.
2561 5191 2618 5244 ln
2663 5190 2768 5244 hoc
2795 5190 2957 5244 Missa
2988 5205 3089 5244 cur
3113 5194 3342 5244 sanctus
3364 5190 3664 5244 Cutbertus
3684 5205 3844 5243 mar-

2187 5265 2278 5332 tyr
2307 5261 2624 5332 appelletur
2650 5272 2938 5318 rationem
2966 5277 3078 5316 non
3102 5261 3284 5325 video,
3318 5277 3446 5314 cum
3471 5261 3608 5314 nihil
3630 5260 3747 5315 tale
3771 5261 3849 5315 de

2187 5331 2254 5388 eo
2285 5331 2572 5402 scripserit
2609 5333 2780 5395 Beda,
2814 5349 2914 5386 nec
2951 5333 3238 5387 Usuardus
3271 5333 3376 5386 hoc
3407 5332 3518 5386 die.
3557 5331 3695 5385 Huic
3737 5336 3850 5385 (Io-

2187 5403 2551 5476 dicirltaloldi
2594 5405 2742 5476 favet
2791 5404 3262 5476 Martyrologium
3317 5419 3422 5456 ms.
3473 5402 3847 5476 bibliotheca

2187 5475 2562 5541 Corbciensis,
2593 5475 2685 5530 ubi
2715 5475 2918 5531 eodem
2943 5474 3034 5531 die
3059 5474 3140 5530 sie
3167 5475 3411 5530 habetur
3439 5491 3452 5530 :
3489 5475 3568 5530 In
3595 5476 3850 5531 Britan-

2255 5613 2281 5644 ο
2311 5600 2593 5656 Consentit
2617 5599 2754 5654 Cod.
2788 5599 2996 5656 Gemet.

2257 5671 2288 5714 b
2318 5671 2489 5727 Missa
2520 5671 2742 5727 omnino
2775 5678 2860 5727 est
2885 5672 3103 5728 diversa
3129 5672 3184 5728 in
3214 5670 3348 5730 Cod.
3383 5670 3616 5738 Gemet.,
3650 5687 3757 5727 nec
3785 5668 3852 5726 in

2184 5741 2536 5870 Prationibus
2561 5748 2657 5802 aut
2682 5742 2740 5800 in
2793 5740 3120 5803 Prmfatione
3165 5747 3391 5802 vocatur
3419 5757 3666 5819 unquam
3693 5757 3852 5801 mar-

2210 5832 2292 5870 νιι.

2210 5832 2292 5890 ΥΡ.
