4004 6178
201 288 294 350 643

917 281 990 343 ΙΝ
1033 281 1092 344 S.
1140 281 1480 345 GREGORII
1521 279 1794 343 LIBRUM
1834 275 2482 345 SACRAMENTORUM
2525 281 2764 345 NOTAE.

3429 282 3545 344 3H.

206 417 288 472 tiat
310 414 594 470 orationem
626 411 872 467 dicendo
893 412 1176 468 duntaxat
1207 413 1470 478 Oremus,
1498 429 1600 483 pro
1626 429 1786 468 more
1820 417 1868 476 Λ
1898 411 2209 484 capiendus
2239 417 2326 468 est
2354 430 2538 469 canon
2571 417 2761 468 sextus
2791 413 3048 480 ejusdem
3081 411 3338 484 concilii:
3377 413 3544 470 Item-

203 488 348 545 solito.
397 486 482 541 sed
512 485 740 554 insuper
765 488 960 538 monet
989 501 1089 552 pro
1133 485 1338 554 quibus
1369 493 1423 540 et
1453 483 1586 555 quid
1620 501 1783 538 oran-

205 562 311 615 dum
329 558 405 623 sit,
426 557 902 626 quemadmodum
927 555 1066 610 olim
1087 555 1358 611 usitatum
1381 561 1505 612 erat
1526 556 1581 610 in
1605 555 1787 610 omni-

203 633 284 686 bus
315 627 530 683 aliarum
578 626 886 681 Missarum
929 627 1316 692 Orationibus,
1363 645 1490 682 cum
1524 629 1788 682 sacerdos

204 699 435 774 populum
469 700 535 774 de
577 698 853 774 Oratione
875 769 886 774 _
907 704 1185 774 moneret.
1213 697 1671 774 ut__r_nanifestum
1705 703 1790 753 est

201 769 438 828 ex'sancti
469 769 766 840 Augustini
800 769 965 840 epist.
1015 772 1129 835 t0t,
1159 772 1231 824 ad
1262 769 1509 825 Vitalem
1538 787 1549 824 :
1581 773 1791 826 Eaerce

201 849 363 899 contra
382 841 659 896 Orationes
682 841 952 912 Ecclesiae
973 841 1379 910 disputationes
1400 846 1607 906 tuas,et
1622 859 1788 912 quan-

201 917 254 969 do
270 912 414 968 audis
441 913 794 967 sacerdotem
819 911 917 967 Dei
944 913 1019 967 ad
1043 913 1239 968 altare
1267 911 1669 969 exhortantem
1691 930 1786 983 po-

199 986 362 1056 pulum
383 983 478 1056 Dei
501 999 673 1038 orare
691 1000 796 1054 pro
815 983 1140 1048 incredulis,
1163 989 1223 1037 ut
1255 999 1345 1038 eos
1381 986 1530 1056 Deus
1559 1001 1787 1039 conver-

200 1053 264 1111 tat
287 1053 350 1107 ad
371 1053 524 1123 ﬁdem
549 1071 567 1119 ;
597 1061 650 1109 et
671 1053 780 1122 pro
805 1056 1321 1112 catechumenis.ut
1349 1055 1430 1110 eis
1449 1056 1790 1110 desiderium

199 1125 602 1193 regenerationis
629 1130 867 1195 inspiret
885 1133 972 1189 ;et
998 1142 1107 1192 pro
1131 1125 1400 1194 ﬁdelibus,
1426 1129 1558 1181 utin
1580 1144 1634 1180 eo
1655 1127 1793 1197 quod

197 1213 288 1252 esse
298 1199 571 1269 caper-unt
587 1213 712 1256 eius
723 1213 954 1253 munere
967 1197 1662 1262 perseverent.8i.ibsanna
1675 1198 1792 1269 pias

199 1284 342 1325 rores.
369 1274 418 1338 et
439 1267 534 1322 dic
571 1274 624 1325 te
651 1285 772 1322 non
799 1270 1002 1338 facere
1029 1269 1188 1338 quod
1209 1269 1489 1322 hortatur.

249 1339 353 1394 2H.
375 1339 700 1394 Flectamus
728 1356 943 1406 genua.
982 1341 1154 1394 Vetus
1181 1345 1268 1393 est
1303 1340 1656 1395 consuetudo
1699 1356 1794 1393 ec-

194 1409 464 1465 clesiastica
494 1414 556 1463 ut
612 1411 886 1465 diaconus
923 1410 1150 1466 clamet.
1191 1411 1518 1466 Flectamus
1547 1427 1742 1480 genua
1775 1424 1794 1474 .'

193 1498 331 1552 quam
359 1481 544 1535 videre
579 1486 665 1536 est
686 1481 841 1536 hom.
866 1481 1131 1536 3tsancti
1154 1482 1385 1536 Censorii
1414 1481 1789 1538 Arelatensis:

191 1553 312 1608 Nam
333 1554 462 1607 dum
483 1554 854 1622 frequenter,
871 1555 1017 1607 sicut
1042 1561 1279 1618 aperiet,
1309 1561 1356 1608 et
1384 1555 1694 1623 diligenter
1714 1559 1795 1608 at-

191 1623 342 1688 tendo,
363 1626 656 1678 clamante
670 1625 914 1680 diacono
940 1625 1256 1679 Flectamus
1284 1628 1795 1694 genuamaximam

189 1701 375 1764 partem
391 1696 588 1764 populi
603 1696 754 1750 sicut
775 1696 1078 1751 columnas
1091 1704 1309 1750 erectas
1319 1703 1474 1752 stare
1497 1699 1792 1766 conspicio,

1899 483 2011 554 que
2034 485 2237 550 puella
2261 486 2368 540 Dei
2387 501 2493 539 nec
2517 485 2971 554 familiaritatem
3002 483 3204 540 habent
3232 501 3366 540 cum
3419 501 3547 540 con-

1896 556 2138 624 lessore.
2161 557 2242 610 Ita
2265 555 2560 628 dicti,quia
2591 555 2846 610 conﬁteri
2871 555 3081 626 passim
3107 555 3161 628 in
3185 557 3548 628 sacraiscrip-

1901 631 2026 680 tura
2055 632 2140 682 est
2199 626 2294 681 Dei
2317 625 2523 698 laudes
2573 625 2894 698 decantare.
2954 632 3093 682 tium
3149 627 3322 698 igitur
3351 627 3408 681 in
3441 625 3548 684 hoc

1903 697 2349 753 Sacramentarii
2374 699 2495 752 loco
2520 698 2734 752 mentio
2757 697 2856 752 ﬁat
2878 697 3137 752 omnium
3169 697 3546 768 personarum

1903 768 2208 851 Deincultui
2238 771 2714 851 mancipatur-um,
2745 785 2848 838 par
2874 774 2959 823 est
2987 769 3230 851 credere
3261 769 3318 824 in
3351 786 3418 824 eo
3450 785 3550 842 per

1901 839 2511 912 confessoresintelligi
2550 846 2814 912 cantores
2849 857 2944 894 seu
2971 840 3325 912 psalmistas.

1972 912 2096 966 247.
2136 911 2481 980 Virginibus.
2511 911 2909 982 lntelliguntur
2929 911 3176 980 virgines
3202 912 3548 980 devotm,seu

1902 983 2198 1052 professae,
2231 984 2338 1038 hoc
2367 989 2448 1039 est
2482 1000 2604 1054 qua)
2633 986 2744 1038 Deo
2768 982 3154 1054 virginitatem
3195 983 3545 1050 devoverint,

1901 1054 1973 1109 de
2001 1055 2203 1122 quibus
2223 1055 2393 1110 infra.

1972 1126 2096 1180 248.
2145 1126 2361 1182 Viduas.
2387 1123 2660 1182 Similiter
2685 1124 3202 1196 intelligunturiilai
3227 1123 3549 1196 viduaequte

1904 1197 2244 1252 viduitatem
2272 1197 2512 1253 solemni
2546 1197 2657 1252 ritu
2679 1195 2950 1268 professae
2986 1196 3218 1262 fuerint,
3254 1195 3324 1251 de
3350 1195 3552 1266 quibus

1904 1268 2078 1324 etiam
2113 1268 2280 1322 infra.

1975 1339 2100 1393 249.
2161 1340 2271 1394 Pro
2327 1340 2661 1396 Christiano
2710 1355 2839 1408 rege
2902 1345 3123 1393 nostra.
3173 1341 3253 1393 lta
3286 1338 3340 1392 in
3378 1337 3553 1394 Editis

1907 1412 1968 1466 In
2001 1423 2026 1452 ἃ
2056 1410 2258 1465 Codice
2291 1410 2594 1466 Rhemensi
2624 1409 2828 1480 legitur
2889 1410 2996 1463 Pro
3051 1411 3553 1466 Cliristianissimo

1907 1483 2376 1549 imperatore,vcl
2405 1497 2533 1552 rege
2556 1489 2777 1536 nostra.
2809 1483 2866 1535 ln
2889 1481 3186 1536 Codicibus
3211 1481 3479 1542 Bodradi,
3499 1485 3556 1535 et

1906 1552 2154 1615 Ratoldi,
2190 1557 2248 1608 et
2272 1554 2422 1623 apud
2478 1553 2783 1608 Pamelium
2818 1568 2828 1607 :
2855 1554 2927 1608 Et
2959 1569 3059 1621 pro
3089 1553 3556 1606 Christianissimo

1905 1626 2248 1694 imperatore
2276 1631 2474 1679 nostra.
2509 1626 2567 1678 In
2599 1623 2811 1679 Ordine
2834 1627 3092 1679 Romano
3110 1624 3232 1677 haec
3249 1623 3554 1678 habentur:

1905 1695 2099 1750 Postea
2140 1713 2261 1749 vero
2279 1695 2416 1750 dicit
2449 1711 2549 1764 pro
2581 1712 2701 1766 rege
2727 1697 3094 1766 Francorum,
3123 1695 3230 1749 sive
3261 1711 3360 1765 pro
3382 1697 3553 1762 impe-

191 1767 315 1836 quod
327 1765 689 1829 Christianis,
719 1767 856 1822 dum
889 1767 948 1820 in
979 1767 1216 1821 ecclesia
1251 1775 1477 1831 oratur,
1502 1784 1616 1823 non
1636 1765 1791 1832 licet,
1831 1776 1874 1834 Β
1907 1773 2113 1822 ratore.
2134 1768 2192 1821 In
2225 1767 2430 1822 Codice
2487 1766 2727 1832 Titiano,
2758 1765 2899 1820 feria
2950 1767 3002 1830 4,
3055 1765 3134 1821 sic
3173 1767 3385 1821 habet:
3427 1767 3555 1820 Post

190 1853 272 1893 nec
291 1836 526 1905 expedit.
563 1837 630 1891 Et
663 1838 718 1891 in
753 1838 863 1893 ﬁne
895 1837 1156 1892 llomiliae
1182 1855 1194 1891 :
1220 1840 1283 1892 Et
1322 1841 1799 1909 quotiescumque

189 1910 427 1980 diaconus
442 1909 790 1964 clamaverit
806 1914 866 1961 ut
886 1910 947 1964 in
975 1910 1248 1966 Oratione
1259 1927 1436 1977 genua
1443 1912 1795 1980 ﬂectere,aut

193 1979 543 2034 Benedictioni
573 1981 861 2034 inclinare
887 1981 1082 2050 capita
1103 1980 1369 2044 debeatis.
1403 1979 1716 2038 obedienter
1744 1987 1796 2036 et

188 2051 394 2120 ﬁdeliter
418 2067 544 2105 cum
575 2067 721 2106 vera
753 2051 1075 2108 humilitate
1095 2052 1353 2117 faciatis.

243 2122 347 2176 242.
381 2125 677 2192 Postquam
703 2122 1180 2178 oraverinl.Olim
1199 2129 1498 2193 postquam
1523 2123 1798 2177 diaconus

189 2191 862 2249 clamaverat’Flectamus
885 2210 1098 2262 genua,
1133 2191 1372 2264 populus
1398 2196 1621 2250 orabat.
1641 2196 1798 2250 Jesse

189 2264 644 2338 Ambianensis,in
672 2265 915 2338 cpistola
955 2265 1024 2338 de
1058 2267 1345 2338 Baptismo
1381 2288 1390 2318 :
1425 2267 1797 2321 Postmodum

189 2337 583 2392 admoneamur
606 2355 644 2390 a
672 2337 1333 2408 diaco::o.0rale,ielecti.
1350 2339 1564 2408 ﬂectite
1577 2353 1794 2404 genua;

189 2411 509 2479 etpostquam
521 2407 1026 2479 oraverint,dictt:
1049 2409 1682 2479 Levate.0rabaturque
1695 2408 1798 2464 sub

187 2477 395 2532 silentio.
431 2481 591 2535 Unde
621 2479 679 2533 in
710 2479 846 2534 Cod.
893 2478 1089 2534 lthcm.
1123 2483 1186 2536 Et
1218 2482 1454 2536 nuntiat
1486 2477 1796 2535 diaconus:

190 2548 332 2619 322
363 2549 698 2605 Flectamus
723 2565 933 2622 genua,
968 2557 1020 2605 et
1051 2552 1295 2622 papulas
1325 2552 1477 2607 silet.

239 2622 526 2692 243.,Dicit
561 2623 773 2677 levate.
819 2621 1131 2678 Diaconus.
1169 2623 1439 2678 Oratione
1492 2622 1796 2692 completa,

187 2691 295 2744 olim
324 2691 638 2760 clamabat,
671 2695 906 2757 Levate;
939 2694 1089 2763 quod
1140 2693 1332 2750 videre
1362 2697 1448 2748 est
1472 2693 1596 2748 loco
1627 2691 1802 2748 citato

184 2763 310 2816 lcssc
331 2763 754 2819 Ambianensis:
782 2767 1082 2827 Postquam
1095 2782 1196 2820 ora
1207 2765 1560 2827 verint,dicat
1582 2767 1798 2822 Levate.

187 2835 237 2888 Et
259 2836 308 2888 in
327 2835 461 2908 Cod.
490 2836 727 2901 Rhem.,
750 2835 945 2908 feriaﬁ
975 2836 1213 2908 majoris
1263 2837 1643 2892 hebdomadas
1674 2853 1684 2889 :
1716 2837 1802 2908 Et

187 2907 390 2978 nuntiat
417 2907 711 2962 diaconus
736 2907 1284 2978 Flectamusgenua.
1317 2915 1370 2964 et
1401 2909 1638 2977 populus
1655 2907 1799 2964 silet.

185 2975 614 3041 DicitLevate,et
649 2978 744 3032 dat
768 2975 1119 3035 Orationem.
1154 2981 1286 3043 Quae
1306 2975 1507 3034 ultima
1524 2980 1718 3041 verba,
1750 2986 1804 3034 et

185 3047 264 3120 dat
283 3049 1016 3114 Orationem,intelligenda
1034 3055 1167 3105 sunt
1187 3052 1256 3106 de
1275 3050 1634 3120 pontiﬁce.Et
1653 3051 1803 3119 apud

1909 1841 2303 1907 imperatorem
2319 1855 2442 1892 vero
2465 1837 2599 1892 dicit
2615 1855 2714 1908 pro
2732 1853 2866 1904 rege
2886 1838 3370 1893 Francorum.Sed
3385 1837 3554 1892 nullze

1908 1909 2275 1978 assignantur
2301 1908 2666 1978 particulares
2700 1908 3020 1975 Orationes,
3049 1925 3153 1963 nec
3178 1909 3232 1962 in
3257 1909 3399 1962 feria
3427 1910 3482 1962 6.

1977 1980 2102 2036 250.
2139 1981 2372 2045 Respice
2424 1981 2502 2035 ad
2535 1983 2924 2034 Romanorum
2975 1986 3143 2049 atque
3195 1981 3555 2035 Francorum

1911 2052 2194 2120 benignus
2227 2053 2554 2120 imperium.
2591 2053 2672 2105 lta
2704 2051 2760 2105 in
2803 2050 3048 2112 Excusis,
3084 2051 3139 2105 in
3175 2051 3379 2106 Codice
3411 2051 3553 2106 Bhe-

1909 2123 2091 2178 mensi
2123 2122 2360 2204 legit-ur:
2395 2124 2637 2204 Respice
2664 2123 2942 2204 propitius
2970 2123 3144 2204 323
3175 2123 3553 2204 ad'Ro’ma‘no-

1907 2211 2062 2255 rum,
2096 2195 2588 2256 sioeFrancorum
2616 2193 2893 2262 benignus
2920 2193 3318 2254 inmeiiumdn
3349 2193 3555 2248 Codice

1907 2264 2177 2334 Rodradi,
2212 2268 2262 2319 et
2295 2265 2446 2334 apud
2479 2264 2814 2319 Pamelium:
2850 2265 3073 2331 Respice
3104 2263 3173 2317 ad
3188 2264 3552 2318 Romanorum

1909 2335 2179 2406 benignus
2224 2336 2530 2400 imperium.
2569 2336 2598 2376 ι)
2625 2337 2682 2389 In
2711 2335 2911 2390 Codice
2943 2336 3202 2390 Ratoldi:
3231 2337 3459 2402 Respice
3487 2335 3558 2389 ad

1908 2410 2302 2469 Romanorum,
2321 2408 2431 2461 sive
2464 2410 2814 2472 Francorum,
2853 2407 3114 2476 benignus
3145 2408 3460 2473 imperium.

1981 2478 2105 2532 251.
2132 2479 2344 2544 Quibus
2369 2477 2614 2548 expletis,
2637 2483 2746 2535 etc.
2773 2480 2919 2532 Nota
2941 2477 3047 2532 hac
3077 2477 3167 2532 die
3199 2477 3302 2532 has
3337 2476 3558 2532 Oratio-

1912 2566 2012 2605 nes
2042 2549 2151 2621 dici
2193 2550 2424 2620 quidem
2463 2549 2600 2604 olim
2629 2549 2826 2605 solitas
2856 2549 3113 2621 proxime
3145 2554 3278 2606 ante
3303 2548 3556 2617 Missam,

1912 2622 2012 2677 sed
2044 2620 2236 2690 aliquo
2274 2621 2596 2676 intervallo.

1984 2693 2088 2746 252
2134 2693 2275 2746 Hora
2311 2699 2514 2747 octava.
2561 2693 2620 2747 Id
2669 2697 2774 2748 est.
2821 2692 3069 2747 secunda
3099 2697 3227 2762 post.
3257 2690 3560 2747 meridiem

1906 2763 2069 2835 juxta
2092 2763 2390 2834 antiquam
2409 2764 2712 2834 incipiendi
2731 2763 2841 2820 diei
2863 2769 2920 2820 et
2937 2763 3210 2819 horarum
3243 2779 3560 2819 numeran-

1915 2836 2118 2890 darum
2144 2835 2449 2890 rationem.

1987 2906 2108 2960 253.
2142 2907 2348 2962 Schola.
2378 2905 2584 2962 Schola
2613 2905 2668 2960 in
2699 2906 2910 2962 Ordine
2940 2907 3282 2964 Romano.et
3311 2905 3370 2960 in
3405 2905 3562 2961 libris

1917 2980 2422 3033 Sacramentorum
2452 2983 2538 3033 cst
2575 2977 2878 3047 collegium
2901 2982 3225 3032 cantorum.
3251 2977 3310 3034 Si
3331 2976 3559 3047 quidem

1915 3049 2052 3104 olim
2094 3049 2282 3104 clerici
2313 3066 2514 3104 omnes
2567 3048 2622 3103 in
2655 3048 2890 3104 ecclesia
2929 3065 3041 3103 non
3073 3051 3387 3104 cantabant
3415 3067 3427 3114 ;
3461 3049 3560 3103 sed

187 3117 474 3199 Alcinoum.
529 3119 636 3199 lib.
696 3121 766 3175 de
816 3121 1037 3199 divinis
1077 3117 1333 3199 Ofﬁciis,-
1369 3139 1493 3199 cap.
1550 3122 1620 3176 de
1663 3117 1803 3199 feria
1841 3141 1884 3199 ρ
1915 3125 2081 3199 erant
2106 3121 2344 3199 quidam
2372 3119 2923 3199 cantoresacteteris
2945 3120 3273 3199 clericorum
3289 3119 3562 3199 gradibus

187 3194 332 3262 sexta,
357 3208 482 3262 quae
533 3197 597 3246 et
649 3208 954 3262 parasceve
983 3191 1222 3248 dicitur:
1254 3194 1411 3247 Dii-it
1443 3191 1716 3258 Oremus;
1750 3198 1802 3246 et

186 3261 422 3317 diaconus
447 3261 792 3334 Flectamus
835 3279 1061 3334 genua;
1093 3269 1225 3319 item
1273 3264 1542 3320 diaconus
1579 3264 1802 3328 Levale,

187 3335 496 3399 etpontifex
524 3334 635 3389 dat
669 3333 1022 3390 Orationem.
1059 3335 1122 3389 Et
1153 3335 1209 3390 in
1251 3336 1390 3391 Cod.
1444 3335 1686 3396 Tiliano.
1709 3335 1802 3390 ubi

187 3402 340 3471 agitur
361 3405 430 3459 de
451 3405 560 3460 hac
599 3404 748 3460 feria
773 3410 969 3460 sexta:
1013 3407 1089 3460 Et
1125 3407 1277 3460 dicat
1306 3407 1563 3471 Oremus,
1601 3414 1651 3461 et
1684 3407 1805 3461 dia-

186 3487 328 3529 conus
341 3477 684 3532 Flectamus
698 3493 888 3545 genua
909 3495 924 3541 ;
949 3484 1002 3532 et
1026 3485 1148 3532 oret
1178 3477 1522 3540 diutissime;
1539 3484 1591 3532 et
1614 3477 1806 3532 diaco-

187 3560 270 3600 nus
289 3546 439 3602 dicat
455 3547 699 3610 Levate,
727 3547 903 3603 llodie
921 3565 1052 3603 vero
1079 3552 1136 3600 τὸ
1166 3551 1374 3604 Levate
1394 3548 1602 3604 dicitur
1623 3566 1656 3604 a
1678 3550 1806 3603 sub-

185 3615 406 3695 diacono.
434 3619 726 3695 Prmterca
747 3620 1072 3695 notandum
1089 3624 1176 3675 est
1195 3619 1251 3695 i_n
1279 3620 1490 3695 Ordine
1524 3622 1800 3695 immane,

186 3689 420 3744 iaordine
449 3691 522 3744 de
557 3689 714 3744 feria
738 3691 979 3750 sexta.in
1019 3691 1106 3746 his
1136 3691 1490 3747 solemnibus
1523 3690 1806 3747 Orationi-

185 3757 283 3830 bus,
304 3760 562 3829 Oremus,
586 3761 964 3818 dilectissimi
985 3763 1168 3826 nobis,
1194 3779 1304 3830 pro
1331 3763 1592 3818 Ecclesia
1609 3769 1808 3817 sancta

187 3829 287 3890 Dei.
307 3837 427 3894 etc..
487 3838 728 3888 tantum
757 3833 865 3888 dici
889 3851 921 3888 a
960 3829 1204 3889 diacono
1230 3835 1458 3898 Levate,
1485 3834 1541 3888 in
1574 3834 1686 3888 fine
1715 3851 1804 3888 cu-

179 3900 355 3971 jusque
368 3904 685 3967 Orationis,
712 3922 824 3975 quo
847 3905 996 3960 dicto
1018 3905 1150 3960 dicit
1175 3907 1441 3960 sacerdos
1464 3907 1586 3962 Per
1615 3905 1804 3960 Domi-

185 3975 378 4047 auimin
405 3975 556 4030 hunc
575 3977 822 4031 modum
851 3994 864 4030 ε
889 3977 1259 4044 Omnipotens
1283 3978 1614 4047 simpiterne
1631 3978 1802 4040 Deus,

185 4045 263 4110 qui
291 4045 524 4114 gloriam
558 4053 745 4102 tuam.
781 4053 893 4103 etc.
927 4047 1159 4113 Levale,
1179 4050 1298 4104 Per
1315 4045 1594 4104 eumdem.
1621 4048 1806 4103 Omni-

181 4120 352 4188 potens
376 4120 742 4186 sempiterne
765 4121 934 4185 Deus,
966 4121 1130 4188 cujus
1144 4119 1386 4188 judicio,
1417 4124 1531 4176 etc.
1564 4121 1794 4176 Levate.

185 4184 276 4238 Per
301 4184 607 4243 Dominum
623 4233 636 4245 .

241 4258 354 4334 .2“.
397 4258 826 4334 Tantummodo
851 4275 952 4334 pro
985 4274 1048 4334 se
1077 4262 1434 4334 intermittit.
1467 4266 1569 4334 etc.
1593 4262 1688 4334 ita
1718 4260 1806 4334 Al-

184 4329 370 4406 cuinus,
387 4346 526 4406 _t_:ap.
560 4347 736 4406 supra
763 4329 938 4384 citato
967 4330 1046 4406 de
1070 4331 1220 4406 feria,
1241 4333 1277 4406 4
1305 4332 1551 4406 majoris
1593 4332 1804 4406 hebdo-

184 4399 355 4476 Inadee;
381 4399 497 4476 liot-
521 4399 795 4462 sc-ientes,
816 4408 874 4455 ut
895 4401 1047 4471 quod
1058 4405 1327 4473 pontifex
1341 4399 1440 4474 pro
1453 4419 1511 4459 se
1530 4403 1802 4458 intermit-

187 4471 256 4526 tit,
284 4470 354 4524 ibi
377 4472 537 4526 illum
570 4470 1050 4528 commemorent.

240 4540 348 4614 245.
373 4544 492 4598 Pro
515 4542 738 4599 Iudaeis
763 4561 878 4598 non
903 4545 1311 4614 genuﬂectunt.
1377 4546 1436 4598 In
1503 4545 1643 4601 Cod.
1697 4543 1800 4599 Til.

187 4609 534 4686 Adultimum
559 4631 674 4686 pro
697 4609 1052 4686 Judteistnon
1077 4617 1393 4684 ﬂectantur
1416 4631 1615 4681 genua.
1647 4616 1804 4670 Hanc

187 4681 468 4739 orationem
523 4681 750 4757 profert
805 4681 1196 4740 Alcuinus'lib.
1229 4687 1297 4740 de
1323 4686 1532 4741 divinis
1561 4686 1800 4754 Ofﬁciis,

187 4767 289 4828 cap.
307 4757 372 4828 de
403 4757 545 4812 feria
577 4763 764 4820 sexta,
788 4773 914 4827 quae
941 4761 994 4812 et
1023 4773 1327 4828 parasceve
1351 4773 1362 4812 :
1391 4759 1456 4812 Et
1485 4774 1592 4826 per
1620 4775 1804 4814 omnes

187 4823 304 4877 alios
331 4827 635 4884 Orationes
663 4823 1124 4899 gemiﬂectinius,
1150 4835 1208 4882 ut
1238 4845 1340 4896 per
1365 4823 1518 4884 hunc
1544 4829 1801 4885 habitum

188 4899 428 4964 corporis,
461 4901 679 4956 mentis
710 4901 1095 4954 hmnilitatem
1123 4899 1507 4963 attendamus,
1565 4909 1802 4967 excepto

188 4969 374 5040 quando
399 4986 510 5038 pro
531 4970 777 5036 perﬁdis
805 4969 1029 5025 Judaeis
1058 4986 1314 5026 oramus.
1357 4972 1463 5026 Illi
1487 4971 1634 5026 enim
1661 4988 1802 5040 genu

186 5034 451 5114 flectebant
469 5034 732 5102 Domino,
760 5057 898 5114 opus
925 5041 1318 5097 bonumtmale
1344 5034 1804 5114 operantem-quia

190 5103 446 5182 illudendo
488 5115 618 5168 haec
641 5103 959 5182 faciebant.

247 5177 354 5236 246.
393 5177 851 5250 Confessoribus.
922 5182 1284 5239 Confessorcs
1337 5183 1446 5238 hoc
1493 5183 1617 5239 loco
1669 5190 1804 5240 sunt

190 5253 412 5307 cantores
441 5260 497 5308 et
527 5254 864 5325 psalmistie,
897 5256 992 5326 qui
1023 5259 1157 5310 sunt
1185 5255 1238 5310 in
1269 5255 1522 5310 inferiori
1575 5255 1802 5311 clerico-

188 5332 309 5399 rurn
335 5328 532 5399 gradu,
593 5342 720 5381 can.
774 5327 832 5380 11
869 5327 1088 5399 concilii
1138 5344 1187 5379 IV
1230 5327 1540 5399 Charthag.
1573 5329 1629 5382 td
1663 5327 1801 5382 satis

193 5395 316 5468 natet
341 5397 578 5468 concilio
609 5398 764 5452 Tolet
791 5416 827 5460 ι,
849 5414 977 5453 can.
1001 5397 1054 5452 9:
1082 5399 1271 5452 Nulla
1300 5395 1570 5468 professa
1616 5399 1702 5455 vel
1727 5399 1798 5454 vi-

190 5457 546 5543 llamabsente
573 5457 860 5543 episeopo,
895 5469 976 5524 vel
1009 5457 1355 5543 presbytero.
1392 5457 1455 5543 in
1502 5471 1659 5543 domo
1697 5487 1801 5543 sua

192 5532 226 5582 Α
237 5535 516 5602 atiphonas
531 5532 664 5595 cum
685 5532 1030 5610 confessore,
1039 5542 1122 5595 vel
1137 5532 1413 5596 servosne
1425 5541 1626 5612 faciat.
1640 5544 1706 5596 Et
1721 5541 1800 5596 ita

249 5664 270 5695 ³
295 5656 344 5734 ln
370 5661 578 5721 Gemet.
615 5681 825 5734 quoqus
855 5663 1052 5728 legitur
1072 5681 1178 5733 pro
1201 5664 1680 5722 Christianissimo
1699 5665 1798 5719 im-

193 5733 410 5810 peratore
455 5733 679 5810 nostra,
741 5735 870 5790 licet
912 5735 1052 5790 intra
1099 5735 1362 5810 scriptum
1393 5736 1464 5792 sit
1489 5735 1702 5808 respice
1724 5737 1802 5793 ad

198 5793 470 5868 Anglorum
504 5793 783 5880 benignus
803 5821 1074 5880 regnum.

1915 3191 2187 3254 distincti,
2246 3191 2381 3246 huic
2411 3191 2634 3246 muneri
2667 3192 2930 3246 obeundo
2963 3193 3240 3261 deputati,
3270 3196 3331 3247 ut
3373 3192 3562 3246 videre

1915 3267 2001 3318 est
2024 3261 2083 3316 in
2112 3263 2352 3319 concilio
2369 3263 2637 3331 Carthag.
2662 3279 2732 3322 IV.
2756 3279 2883 3317 can.
2911 3263 2996 3325 10,
3020 3279 3162 3332 quos
3191 3267 3382 3318 tamen
3404 3262 3562 3317 theo-

1912 3332 2026 3404 logi
2058 3338 2234 3389 nostri
2262 3334 2413 3389 inter
2441 3351 2538 3389 eos
2567 3333 2662 3404 qui
2696 3334 2917 3404 proprie
2939 3333 3234 3388 ordinibus
3267 3333 3566 3388 initiantur

1918 3422 2034 3459 non
2060 3405 2246 3460 solent
2274 3421 2608 3466 recensere;
2644 3404 2768 3459 etin
2801 3405 3001 3460 conci].
3035 3405 3373 3466 Laodiceno,
3432 3421 3562 3460 can.

1917 3478 1984 3547 l5
2008 3479 2027 3510 ³
2054 3481 2170 3547 περὶ
2191 3481 2259 3547 μή
2293 3473 2400 3528 δεῖν
2439 3476 2682 3534 πλὴντων
2715 3475 3212 3546 κανονικῶνψαλτῶν
3246 3475 3329 3529 ἐπὶ
3359 3479 3444 3528 τὸν
3466 3477 3566 3547 ἆμ-

1916 3546 2053 3598 ϐωνα
2102 3531 2498 3614 ἂνοίϐἀινόντων,
2525 3531 2648 3601 ἑίο.
2695 3547 2756 3600 Id
2803 3551 2932 3600 est:
2973 3531 3137 3610 Q'uod
3176 3564 3289 3602 non
3340 3531 3566 3617 oportet

1915 3622 2119 3690 praeter
2141 3618 2447 3673 canonicos
2464 3617 2847 3690 cantores,qui
2869 3623 3198 3690 suggestum
3223 3619 3561 3690 ascendunt,

1915 3687 1972 3745 et
1999 3690 2092 3758 qui
2125 3706 2190 3744 ex
2207 3691 2545 3743 membrana
2578 3687 3077 3759 psallunt,aliquos
3108 3689 3250 3744 alios
3283 3687 3562 3743 canerein

1915 3759 2170 3816 ecclesia.
2208 3761 2311 3816 Ubi
2341 3759 2868 3815 canonicicantores
2897 3765 3026 3814 sunt
3059 3759 3095 3814 ii
3150 3759 3245 3828 qui
3290 3759 3565 3814 canonice

1916 3837 1972 3888 et
1994 3833 2245 3902 legitime
2275 3832 2348 3886 ad
2375 3831 2482 3885 hoc
2507 3848 2715 3886 munus
2767 3832 3090 3886 obeundum
3132 3834 3266 3902 sunt
3295 3829 3560 3902 instituti.

1915 3901 2078 3975 Apud
2109 3910 2370 3958 sanctum
2404 3902 2708 3975 lgnatium,
2745 3902 2908 3975 epist.
2937 3904 3020 3975 ad
3061 3901 3470 3975 Antiochenos,
3506 3901 3562 3956 in

1915 3973 2028 4046 qua
2058 3990 2358 4030 recensens
2400 3973 2612 4046 gradus
2663 3973 2974 4036 clericales,
3008 3973 3155 4046 inter
3207 3990 3304 4046 eos
3343 3973 3563 4046 APsaltes

1914 4043 2011 4102 seu
2045 4051 2302 4101 cantores
2349 4043 2812 4111 commemorat;
2853 4049 2910 4100 et
2937 4061 2990 4100 tn
3048 4043 3564 4100 Constitutionibus

1914 4117 2258 4189 apostolicis,
2289 4116 2383 4171 lib.
2414 4133 2530 4189 vm.
2551 4116 2606 4170 in
2627 4116 2996 4189 Missasancti
3023 4115 3356 4189 Clementis,
3377 4116 3565 4189 inqua

1914 4186 2114 4244 oratur
2127 4206 2226 4258 pro
2241 4188 2562 4248 lectoribus,
2585 4187 2932 4250 cantoribus,
2949 4187 3258 4257 virginibus
3289 4186 3560 4242 etviduis.

1913 4261 2025 4315 Nec
2054 4259 2356 4315 dicendum
2395 4263 2481 4315 est
2509 4259 2657 4312 hunc
2691 4259 2944 4330 gradum
2987 4259 3184 4328 priscis
3215 4258 3326 4312 illis
3348 4263 3568 4330 tempo-

1913 4332 2070 4386 ribus
2102 4347 2216 4384 non
2245 4331 2417 4386 fuisse
2447 4347 2482 4384 a
2519 4329 2733 4385 ca'tcris
2763 4329 3030 4401 gradibus
3090 4329 3402 4384 minoribus
3453 4329 3568 4384 dis-

1913 4402 2290 4468 tinctum,sed
2305 4419 2371 4456 ex
2397 4402 2498 4464 eis,
2532 4403 2783 4457 maxime
2806 4417 2871 4456 ex
2905 4401 3564 4470 lectoribus,assumptos

1915 4473 2088 4528 fuisse
2115 4477 2397 4528 cantores.
2439 4472 2802 4528 Contrarium
2836 4473 2989 4526 enim
3043 4476 3282 4542 apparet
3325 4489 3388 4528 ex
3422 4471 3566 4542 locai

1914 4561 2086 4615 supra
2117 4544 2324 4606 citatis,
2358 4551 2414 4600 et
2450 4545 2700 4598 maxime
2721 4561 2788 4615 ex
2845 4541 3094 4598 concilio
3123 4541 3566 4615 Carthagine-nis

1912 4614 1994 4680 tv,
2020 4615 2112 4671 ubi
2147 4615 2362 4685 psaltes,
2385 4631 2480 4670 seu
2513 4614 2752 4687 cantari.
2785 4615 3116 4687 assignatur
3137 4619 3263 4687 post
3288 4614 3432 4669 alios
3461 4631 3556 4669 sus

1913 4687 2213 4757 peculiaris
2244 4686 2594 4751 Benedictio,
2625 4703 2750 4757 quae
2767 4686 3014 4741 saneest
3043 4686 3288 4756 alicujus
3312 4702 3565 4756 personae

1913 4758 2220 4825 distinctas,
2252 4775 2374 4828 quas
2405 4759 2661 4813 nondum
2678 4757 2931 4812 sitalicui
2958 4757 3145 4812 ordini
3178 4757 3560 4822 initiata;cum

1911 4829 2004 4885 hic
2030 4831 2242 4900 gradus
2267 4830 2340 4884 sit
2365 4837 2683 4900 postremus
2707 4828 2989 4894 omnium,
3006 4829 3419 4900 necvideamus
3441 4829 3563 4899 lege

1911 4899 2204 4956 ordinaria
2234 4899 2478 4970 eumqui
2505 4901 2578 4954 ad
2600 4900 2950 4970 superiorem
2983 4899 3232 4970 aliquem
3267 4903 3564 4970 promotus

1911 4972 2240 5043 sitgradum
2270 4973 2342 5026 ad
2365 4971 2700 5026 inferiorem
2727 4971 3296 5027 ordinari.Praeterea
3312 4986 3562 5043 canones

1912 5041 2307 5114 apostolorum
2330 5043 2690 5113 distinguunt
2707 5043 2947 5098 lectores
2965 5060 2998 5097 a
3013 5043 3375 5114 cantoribus;
3391 5041 3564 5114 igitur

1914 5112 1972 5170 ut
2006 5114 2314 5185 plurimum
2342 5112 2604 5169 cantores
2631 5131 2744 5168 non
2769 5115 3212 5170 assumebantur
3253 5130 3319 5170 ex
3343 5112 3566 5168 lectori-

1912 5187 2033 5241 bus.
2063 5185 2282 5240 Etenim
2313 5202 2438 5240 can.
2467 5186 2536 5240 26
2567 5186 2736 5241 datur
2765 5185 3002 5242 libertas
3034 5185 3286 5240 ducendi.
3326 5200 3564 5240 uxorem

1909 5257 2212 5312 lectoribus
2240 5261 2294 5311 et
2325 5256 2919 5312 cantoribus.Canone
2945 5258 3014 5311 45
3032 5257 3361 5326 prohibetur
3390 5256 3564 5326 hypo-

1910 5329 2172 5390 diacono,
2206 5327 2400 5382 lectori
2417 5333 2473 5384 et
2495 5329 2871 5384 cantorialeis
2884 5334 2936 5384 et
2955 5328 3212 5384 ebrietati
3248 5343 3449 5382 vacare
3477 5329 3564 5391 ;et

1909 5417 2034 5456 can.
2069 5399 2138 5454 69
2168 5401 2440 5454 statuitur
2497 5404 2558 5454 ut
2611 5399 2928 5471 episcopus,
2986 5400 3070 5454 vel
3124 5395 3560 5471 presbyterivel

1911 5471 2200 5535 diaconus,
2233 5471 2314 5524 vol
2346 5469 2820 5540 hypodiacouus,‘
2860 5471 2947 5526 vel
2979 5469 3169 5532 lector,
3222 5469 3305 5524 vel
3337 5470 3560 5540 cantor,

1910 5542 2006 5614 qui
2038 5549 2300 5596 sanctam
2327 5536 2860 5614 Quadragesimam,
2895 5548 2995 5598 aut
3025 5541 3229 5598 feriam
3257 5541 3311 5602 4,
3345 5536 3428 5591 vel
3462 5553 3557 5606 pa-

1981 5665 2011 5708 b
2042 5666 2196 5722 ltain
2225 5667 2464 5721 secundo
2494 5666 2760 5722 Theoder.
2795 5667 2850 5722 In
2891 5666 3078 5735 altero,
3145 5663 3223 5719 ad
3281 5659 3560 5718 Christia-

1913 5739 2201 5796 nissimum
2234 5738 2494 5810 benignus
2515 5739 2832 5810 imperium.
