  <div class='ocr_page' id='page_1' title='image "/cluster/home/n/w/nwhite01/storage/ocr_20150623/78/hvd.32044054758826/172.png"; bbox 0 0 4034 6178; ppageno 0'>
   <div class='ocr_carea' id='block_1_1' title="bbox 203 218 299 286">
    <p class='ocr_par' dir='ltr' id='par_1_1' title="bbox 203 218 299 286">
     <span class='ocr_line' id='line_1_1' title="bbox 203 218 299 286; baseline -0.01 0"><span class='ocrx_word' id='word_1_1' title='bbox 203 218 299 286; x_wconf 79' lang='lat'>333</span> 
     </span>
    </p>
   </div>
   <div class='ocr_carea' id='block_1_2' title="bbox 933 168 2831 289">
    <p class='ocr_par' dir='ltr' id='par_1_2' title="bbox 933 168 2831 289">
     <span class='ocr_line' id='line_1_2' title="bbox 933 168 2831 289; baseline 0.002 -5"><span class='ocrx_word' id='word_1_2' title='bbox 933 220 1009 284; x_wconf 74' lang='lat' dir='ltr'>is</span> <span class='ocrx_word' id='word_1_3' title='bbox 1042 220 1107 286; x_wconf 78' lang='lat' dir='ltr'>~s.</span> <span class='ocrx_word' id='word_1_4' title='bbox 1155 217 1509 286; x_wconf 65' lang='lat' dir='ltr'>caecos&quot;</span> <span class='ocrx_word' id='word_1_5' title='bbox 1556 168 1841 285; x_wconf 73' lang='lat' dir='ltr'>manu</span> <span class='ocrx_word' id='word_1_6' title='bbox 1884 217 2551 289; x_wconf 63' lang='lat' dir='ltr'>sscamamoauu</span> <span class='ocrx_word' id='word_1_7' title='bbox 2593 222 2831 289; x_wconf 66' lang='lat' dir='ltr'>Nora.</span> 
     </span>
    </p>
   </div>
   <div class='ocr_carea' id='block_1_3' title="bbox 3422 180 3580 291">
    <p class='ocr_par' dir='ltr' id='par_1_3' title="bbox 3422 180 3580 291">
     <span class='ocr_line' id='line_1_3' title="bbox 3422 180 3580 291; baseline 0 0"><span class='ocrx_word' id='word_1_8' title='bbox 3422 180 3425 185; x_wconf 23' lang='grc' dir='ltr'><strong><em>λ</em></strong></span> <span class='ocrx_word' id='word_1_9' title='bbox 3465 228 3580 291; x_wconf 64' lang='grc'>334</span> 
     </span>
    </p>
   </div>
   <div class='ocr_carea' id='block_1_4' title="bbox 205 355 3585 432">
    <p class='ocr_par' dir='ltr' id='par_1_4' title="bbox 205 355 3585 432">
     <span class='ocr_line' id='line_1_4' title="bbox 205 355 3585 432; baseline 0.002 -22"><span class='ocrx_word' id='word_1_10' title='bbox 205 358 318 411; x_wconf 79' lang='lat' dir='ltr'>inde</span> <span class='ocrx_word' id='word_1_11' title='bbox 341 355 723 432; x_wconf 75' lang='lat' dir='ltr'>omnisclerus,</span> <span class='ocrx_word' id='word_1_12' title='bbox 742 356 945 432; x_wconf 70' lang='lat' dir='ltr'>exinde</span> <span class='ocrx_word' id='word_1_13' title='bbox 970 357 1146 432; x_wconf 83' lang='lat' dir='ltr'>omnis</span> <span class='ocrx_word' id='word_1_14' title='bbox 1170 358 1424 432; x_wconf 57' lang='lat' dir='ltr'>imputas,</span> <span class='ocrx_word' id='word_1_15' title='bbox 1444 356 1828 425; x_wconf 73' lang='lat' dir='ltr'>femineusque</span> <span class='ocrx_word' id='word_1_16' title='bbox 1860 357 1905 417; x_wconf 81' lang='grc' dir='ltr'><strong>Α</strong></span> <span class='ocrx_word' id='word_1_17' title='bbox 1946 355 2001 409; x_wconf 89' lang='lat' dir='ltr'>in</span> <span class='ocrx_word' id='word_1_18' title='bbox 2026 356 2237 432; x_wconf 87' lang='lat' dir='ltr'>Ordine</span> <span class='ocrx_word' id='word_1_19' title='bbox 2269 361 2522 432; x_wconf 80' lang='lat' dir='ltr'>Romano</span> <span class='ocrx_word' id='word_1_20' title='bbox 2554 359 2623 413; x_wconf 88' lang='lat' dir='ltr'>de</span> <span class='ocrx_word' id='word_1_21' title='bbox 2641 358 2748 432; x_wconf 88' lang='lat' dir='ltr'>hac</span> <span class='ocrx_word' id='word_1_22' title='bbox 2766 358 2905 414; x_wconf 79' lang='lat' dir='ltr'>feria</span> <span class='ocrx_word' id='word_1_23' title='bbox 2928 359 3177 432; x_wconf 84' lang='lat' dir='ltr'>:Statim</span> <span class='ocrx_word' id='word_1_24' title='bbox 3191 360 3296 417; x_wconf 83' lang='lat' dir='ltr'>duo</span> <span class='ocrx_word' id='word_1_25' title='bbox 3325 362 3585 432; x_wconf 82' lang='lat' dir='ltr'>acolythi</span> 
     </span>
    </p>
   </div>
   <div class='ocr_carea' id='block_1_5' title="bbox 201 429 3584 500">
    <p class='ocr_par' dir='ltr' id='par_1_5' title="bbox 201 429 3584 500">
     <span class='ocr_line' id='line_1_5' title="bbox 201 429 3584 500; baseline 0.002 -19"><span class='ocrx_word' id='word_1_26' title='bbox 201 444 360 483; x_wconf 70' lang='lat' dir='ltr'>serus.</span> <span class='ocrx_word' id='word_1_27' title='bbox 388 429 618 500; x_wconf 77' lang='lat' dir='ltr'>Interim</span> <span class='ocrx_word' id='word_1_28' title='bbox 634 433 873 500; x_wconf 82' lang='lat' dir='ltr'>cantant</span> <span class='ocrx_word' id='word_1_29' title='bbox 896 430 991 483; x_wconf 80' lang='lat' dir='ltr'>has</span> <span class='ocrx_word' id='word_1_30' title='bbox 1008 429 1051 482; x_wconf 82' lang='grc' dir='ltr'><em>Α</em></span> <span class='ocrx_word' id='word_1_31' title='bbox 1066 429 1350 498; x_wconf 68' lang='grc' dir='ltr'>ηίίριροηας</span> <span class='ocrx_word' id='word_1_32' title='bbox 1368 455 1379 479; x_wconf 87' lang='lat'>.-</span> <span class='ocrx_word' id='word_1_33' title='bbox 1409 432 1643 500; x_wconf 81' lang='lat' dir='ltr'>Crucem</span> <span class='ocrx_word' id='word_1_34' title='bbox 1670 436 1826 500; x_wconf 83' lang='lat' dir='ltr'>tuam</span> <span class='ocrx_word' id='word_1_35' title='bbox 1936 429 2126 497; x_wconf 81' lang='lat' dir='ltr'>parati</span> <span class='ocrx_word' id='word_1_36' title='bbox 2155 445 2276 483; x_wconf 86' lang='lat' dir='ltr'>cum</span> <span class='ocrx_word' id='word_1_37' title='bbox 2305 429 2480 499; x_wconf 80' lang='lat' dir='ltr'>nigris</span> <span class='ocrx_word' id='word_1_38' title='bbox 2495 432 2698 483; x_wconf 83' lang='lat' dir='ltr'>casulis</span> <span class='ocrx_word' id='word_1_39' title='bbox 2720 431 2997 500; x_wconf 83' lang='lat' dir='ltr'>incipiunt</span> <span class='ocrx_word' id='word_1_40' title='bbox 3017 431 3235 488; x_wconf 86' lang='lat' dir='ltr'>nudare</span> <span class='ocrx_word' id='word_1_41' title='bbox 3248 429 3481 489; x_wconf 75' lang='lat' dir='ltr'>altaria.</span> <span class='ocrx_word' id='word_1_42' title='bbox 3515 435 3584 489; x_wconf 89' lang='lat' dir='ltr'>Et.</span> 
     </span>
    </p>
   </div>
   <div class='ocr_carea' id='block_1_6' title="bbox 204 497 1822 565">
    <p class='ocr_par' dir='ltr' id='par_1_6' title="bbox 204 497 1822 565">
     <span class='ocr_line' id='line_1_6' title="bbox 204 497 1822 565; baseline -0.002 -12"><span class='ocrx_word' id='word_1_43' title='bbox 204 500 503 564; x_wconf 76' lang='lat' dir='ltr'>adoramus,</span> <span class='ocrx_word' id='word_1_44' title='bbox 538 499 803 553; x_wconf 79' lang='lat' dir='ltr'>Domine.</span> <span class='ocrx_word' id='word_1_45' title='bbox 837 498 935 554; x_wconf 89' lang='lat' dir='ltr'>Ps.</span> <span class='ocrx_word' id='word_1_46' title='bbox 981 500 1130 555; x_wconf 84' lang='lat' dir='ltr'>Beati</span> <span class='ocrx_word' id='word_1_47' title='bbox 1152 497 1539 553; x_wconf 27' lang='lat' dir='ltr'>’immaculati.</span> <span class='ocrx_word' id='word_1_48' title='bbox 1588 497 1822 565; x_wconf 67' lang='lat' dir='ltr'>Anti/1h.</span> 
     </span>
    </p>
   </div>
   <div class='ocr_carea' id='block_1_7' title="bbox 202 567 1825 637">
    <p class='ocr_par' dir='ltr' id='par_1_7' title="bbox 202 567 1825 637">
     <span class='ocr_line' id='line_1_7' title="bbox 202 567 1825 637; baseline -0.002 -13"><span class='ocrx_word' id='word_1_49' title='bbox 202 573 494 625; x_wconf 74' lang='lat' dir='ltr'>Adoramus</span> <span class='ocrx_word' id='word_1_50' title='bbox 515 569 721 623; x_wconf 85' lang='lat' dir='ltr'>crucis.</span> <span class='ocrx_word' id='word_1_51' title='bbox 765 570 1010 637; x_wconf 66' lang='lat' dir='ltr'>Anti/2h.</span> <span class='ocrx_word' id='word_1_52' title='bbox 1059 573 1200 624; x_wconf 88' lang='lat' dir='ltr'>Dum</span> <span class='ocrx_word' id='word_1_53' title='bbox 1249 570 1563 623; x_wconf 79' lang='lat' dir='ltr'>fabricator</span> <span class='ocrx_word' id='word_1_54' title='bbox 1603 567 1825 623; x_wconf 88' lang='lat' dir='ltr'>mundi.</span> 
     </span>
    </p>
   </div>
   <div class='ocr_carea' id='block_1_8' title="bbox 206 640 1825 712">
    <p class='ocr_par' dir='ltr' id='par_1_8' title="bbox 206 640 1825 712">
     <span class='ocr_line' id='line_1_8' title="bbox 206 640 1825 712; baseline -0.002 -16"><span class='ocrx_word' id='word_1_55' title='bbox 206 643 435 711; x_wconf 66' lang='lat' dir='ltr'>Hymnus</span> <span class='ocrx_word' id='word_1_56' title='bbox 460 642 776 699; x_wconf 81' lang='lat' dir='ltr'>Fortunati.</span> <span class='ocrx_word' id='word_1_57' title='bbox 804 641 986 712; x_wconf 85' lang='lat' dir='ltr'>Pange</span> <span class='ocrx_word' id='word_1_58' title='bbox 1012 640 1202 710; x_wconf 81' lang='lat' dir='ltr'>lingua</span> <span class='ocrx_word' id='word_1_59' title='bbox 1218 640 1453 712; x_wconf 82' lang='lat' dir='ltr'>gloriosi</span> <span class='ocrx_word' id='word_1_60' title='bbox 1495 662 1518 690; x_wconf 71' lang='grc' dir='ltr'><strong>υ</strong></span> <span class='ocrx_word' id='word_1_61' title='bbox 1543 641 1825 712; x_wconf 87' lang='lat' dir='ltr'>Hactenus</span> 
     </span>
    </p>
   </div>
   <div class='ocr_carea' id='block_1_9' title="bbox 204 711 1828 782">
    <p class='ocr_par' dir='ltr' id='par_1_9' title="bbox 204 711 1828 782">
     <span class='ocr_line' id='line_1_9' title="bbox 204 711 1828 782; baseline -0.002 -14"><span class='ocrx_word' id='word_1_62' title='bbox 204 713 365 768; x_wconf 86' lang='lat' dir='ltr'>Codex</span> <span class='ocrx_word' id='word_1_63' title='bbox 398 712 640 766; x_wconf 77' lang='lat' dir='ltr'>tiatoldi.</span> <span class='ocrx_word' id='word_1_64' title='bbox 679 711 782 767; x_wconf 88' lang='lat' dir='ltr'>Ubi</span> <span class='ocrx_word' id='word_1_65' title='bbox 802 711 935 766; x_wconf 88' lang='lat' dir='ltr'>ante</span> <span class='ocrx_word' id='word_1_66' title='bbox 960 713 1080 766; x_wconf 78' lang='lat' dir='ltr'>haec</span> <span class='ocrx_word' id='word_1_67' title='bbox 1107 711 1296 776; x_wconf 88' lang='lat' dir='ltr'>verba,</span> <span class='ocrx_word' id='word_1_68' title='bbox 1321 711 1456 782; x_wconf 82' lang='lat' dir='ltr'>quid</span> <span class='ocrx_word' id='word_1_69' title='bbox 1485 712 1637 765; x_wconf 82' lang='lat' dir='ltr'>ultra</span> <span class='ocrx_word' id='word_1_70' title='bbox 1661 711 1828 782; x_wconf 79' lang='lat' dir='ltr'>debui</span> 
     </span>
    </p>
   </div>
   <div class='ocr_carea' id='block_1_10' title="bbox 202 781 1823 853">
    <p class='ocr_par' dir='ltr' id='par_1_10' title="bbox 202 781 1823 853">
     <span class='ocr_line' id='line_1_10' title="bbox 202 781 1823 853; baseline -0.002 -15"><span class='ocrx_word' id='word_1_71' title='bbox 202 783 712 853; x_wconf 81' lang='lat' dir='ltr'>facere,supplenda</span> <span class='ocrx_word' id='word_1_72' title='bbox 737 788 870 837; x_wconf 87' lang='lat' dir='ltr'>sunt</span> <span class='ocrx_word' id='word_1_73' title='bbox 900 784 1093 845; x_wconf 87' lang='lat' dir='ltr'>ista,et</span> <span class='ocrx_word' id='word_1_74' title='bbox 1122 781 1566 839; x_wconf 26' lang='lat' dir='ltr'>iterum’cantant</span> <span class='ocrx_word' id='word_1_75' title='bbox 1591 781 1823 846; x_wconf 82' lang='lat' dir='ltr'>diaconi;</span> 
     </span>
    </p>
   </div>
   <div class='ocr_carea' id='block_1_11' title="bbox 203 853 1826 923">
    <p class='ocr_par' dir='ltr' id='par_1_11' title="bbox 203 853 1826 923">
     <span class='ocr_line' id='line_1_11' title="bbox 203 853 1826 923; baseline -0.002 -15"><span class='ocrx_word' id='word_1_76' title='bbox 203 860 247 908; x_wconf 79' lang='lat' dir='ltr'>et</span> <span class='ocrx_word' id='word_1_77' title='bbox 272 859 396 908; x_wconf 90' lang='lat' dir='ltr'>ante</span> <span class='ocrx_word' id='word_1_78' title='bbox 423 854 609 922; x_wconf 79' lang='lat' dir='ltr'>Agins,</span> <span class='ocrx_word' id='word_1_79' title='bbox 643 854 887 908; x_wconf 85' lang='lat' dir='ltr'>subaudi</span> <span class='ocrx_word' id='word_1_80' title='bbox 917 854 1225 923; x_wconf 76' lang='lat' dir='ltr'>presbyteri</span> <span class='ocrx_word' id='word_1_81' title='bbox 1246 869 1411 919; x_wconf 85' lang='lat' dir='ltr'>vero;</span> <span class='ocrx_word' id='word_1_82' title='bbox 1444 859 1499 909; x_wconf 89' lang='lat' dir='ltr'>et</span> <span class='ocrx_word' id='word_1_83' title='bbox 1529 858 1662 907; x_wconf 92' lang='lat' dir='ltr'>ante</span> <span class='ocrx_word' id='word_1_84' title='bbox 1692 853 1826 906; x_wconf 88' lang='lat' dir='ltr'>San-</span> 
     </span>
    </p>
   </div>
   <div class='ocr_carea' id='block_1_12' title="bbox 203 925 1823 981">
    <p class='ocr_par' dir='ltr' id='par_1_12' title="bbox 203 925 1823 981">
     <span class='ocr_line' id='line_1_12' title="bbox 203 925 1823 981; baseline -0.002 -1"><span class='ocrx_word' id='word_1_85' title='bbox 203 934 302 980; x_wconf 79' lang='lat' dir='ltr'>ctus</span> <span class='ocrx_word' id='word_1_86' title='bbox 328 926 469 980; x_wconf 85' lang='lat' dir='ltr'>Deus</span> <span class='ocrx_word' id='word_1_87' title='bbox 500 927 743 979; x_wconf 84' lang='lat' dir='ltr'>subaudi</span> <span class='ocrx_word' id='word_1_88' title='bbox 775 933 824 981; x_wconf 89' lang='lat' dir='ltr'>et</span> <span class='ocrx_word' id='word_1_89' title='bbox 860 926 1063 981; x_wconf 82' lang='lat' dir='ltr'>chorus</span> <span class='ocrx_word' id='word_1_90' title='bbox 1083 926 1309 980; x_wconf 85' lang='lat' dir='ltr'>iterum.</span> <span class='ocrx_word' id='word_1_91' title='bbox 1339 925 1467 980; x_wconf 62' lang='lat' dir='ltr'>Haec</span> <span class='ocrx_word' id='word_1_92' title='bbox 1487 930 1679 979; x_wconf 89' lang='lat' dir='ltr'>autem</span> <span class='ocrx_word' id='word_1_93' title='bbox 1702 940 1823 977; x_wconf 88' lang='lat' dir='ltr'>ver-</span> 
     </span>
    </p>
   </div>
   <div class='ocr_carea' id='block_1_13' title="bbox 202 994 1824 1066">
    <p class='ocr_par' dir='ltr' id='par_1_13' title="bbox 202 994 1824 1066">
     <span class='ocr_line' id='line_1_13' title="bbox 202 994 1824 1066; baseline -0.001 -16"><span class='ocrx_word' id='word_1_94' title='bbox 202 998 277 1066; x_wconf 81' lang='lat' dir='ltr'>ba,</span> <span class='ocrx_word' id='word_1_95' title='bbox 302 1004 639 1066; x_wconf 83' lang='lat' dir='ltr'>posternens</span> <span class='ocrx_word' id='word_1_96' title='bbox 669 1013 728 1052; x_wconf 88' lang='lat' dir='ltr'>se</span> <span class='ocrx_word' id='word_1_97' title='bbox 752 1001 859 1060; x_wconf 84' lang='lat' dir='ltr'>ter,</span> <span class='ocrx_word' id='word_1_98' title='bbox 886 1004 1011 1054; x_wconf 86' lang='lat' dir='ltr'>etc..</span> <span class='ocrx_word' id='word_1_99' title='bbox 1050 1002 1317 1066; x_wconf 89' lang='lat' dir='ltr'>corrupta</span> <span class='ocrx_word' id='word_1_100' title='bbox 1349 1001 1501 1061; x_wconf 87' lang='lat' dir='ltr'>sunt,</span> <span class='ocrx_word' id='word_1_101' title='bbox 1544 1001 1600 1051; x_wconf 91' lang='lat' dir='ltr'>et</span> <span class='ocrx_word' id='word_1_102' title='bbox 1640 995 1721 1049; x_wconf 89' lang='lat' dir='ltr'>sic</span> <span class='ocrx_word' id='word_1_103' title='bbox 1750 994 1824 1049; x_wconf 85' lang='lat' dir='ltr'>le-</span> 
     </span>
    </p>
   </div>
   <div class='ocr_carea' id='block_1_14' title="bbox 200 1067 1607 1140">
    <p class='ocr_par' dir='ltr' id='par_1_14' title="bbox 200 1067 1607 1140">
     <span class='ocr_line' id='line_1_14' title="bbox 200 1067 1607 1140; baseline -0.001 -19"><span class='ocrx_word' id='word_1_104' title='bbox 200 1069 385 1140; x_wconf 81' lang='lat' dir='ltr'>genda,</span> <span class='ocrx_word' id='word_1_105' title='bbox 410 1074 792 1140; x_wconf 64' lang='lat' dir='ltr'>prosternent</span> <span class='ocrx_word' id='word_1_106' title='bbox 807 1084 862 1121; x_wconf 87' lang='lat' dir='ltr'>se</span> <span class='ocrx_word' id='word_1_107' title='bbox 892 1073 979 1140; x_wconf 81' lang='lat' dir='ltr'>ter</span> <span class='ocrx_word' id='word_1_108' title='bbox 1016 1067 1329 1140; x_wconf 81' lang='lat' dir='ltr'>adorantes</span> <span class='ocrx_word' id='word_1_109' title='bbox 1355 1082 1607 1140; x_wconf 80' lang='lat' dir='ltr'>crucem.</span> 
     </span>
    </p>
   </div>
   <div class='ocr_carea' id='block_1_15' title="bbox 258 1136 1818 1209">
    <p class='ocr_par' dir='ltr' id='par_1_15' title="bbox 258 1136 1818 1209">
     <span class='ocr_line' id='line_1_15' title="bbox 258 1136 1818 1209; baseline 0.001 -16"><span class='ocrx_word' id='word_1_110' title='bbox 258 1138 370 1193; x_wconf 79' lang='lat'>293.</span> <span class='ocrx_word' id='word_1_111' title='bbox 421 1142 503 1193; x_wconf 77' lang='lat' dir='ltr'>De</span> <span class='ocrx_word' id='word_1_112' title='bbox 529 1146 748 1193; x_wconf 71' lang='lat' dir='ltr'>sancta.</span> <span class='ocrx_word' id='word_1_113' title='bbox 779 1139 874 1192; x_wconf 78' lang='lat' dir='ltr'>[tae</span> <span class='ocrx_word' id='word_1_114' title='bbox 903 1138 958 1193; x_wconf 91' lang='lat' dir='ltr'>in</span> <span class='ocrx_word' id='word_1_115' title='bbox 1017 1138 1208 1192; x_wconf 83' lang='lat' dir='ltr'>Editis.</span> <span class='ocrx_word' id='word_1_116' title='bbox 1260 1140 1417 1209; x_wconf 85' lang='lat' dir='ltr'>Apud</span> <span class='ocrx_word' id='word_1_117' title='bbox 1469 1136 1818 1195; x_wconf 77' lang='lat' dir='ltr'>Alcuinum:</span> 
     </span>
    </p>
   </div>
   <div class='ocr_carea' id='block_1_16' title="bbox 200 1208 1826 1282">
    <p class='ocr_par' dir='ltr' id='par_1_16' title="bbox 200 1208 1826 1282">
     <span class='ocr_line' id='line_1_16' title="bbox 200 1208 1826 1282; baseline -0.001 -19"><span class='ocrx_word' id='word_1_118' title='bbox 200 1210 433 1265; x_wconf 75' lang='lat' dir='ltr'>sumitur</span> <span class='ocrx_word' id='word_1_119' title='bbox 458 1214 525 1265; x_wconf 84' lang='lat' dir='ltr'>de</span> <span class='ocrx_word' id='word_1_120' title='bbox 549 1220 764 1282; x_wconf 13' lang='lat' dir='ltr'>sancto,</span> <span class='ocrx_word' id='word_1_121' title='bbox 783 1226 951 1278; x_wconf 79' lang='lat' dir='ltr'>pane.</span> <span class='ocrx_word' id='word_1_122' title='bbox 987 1211 1159 1282; x_wconf 88' lang='lat' dir='ltr'>Cujus</span> <span class='ocrx_word' id='word_1_123' title='bbox 1191 1208 1359 1282; x_wconf 87' lang='lat' dir='ltr'>verba</span> <span class='ocrx_word' id='word_1_124' title='bbox 1404 1208 1700 1282; x_wconf 81' lang='lat' dir='ltr'>sequentia</span> <span class='ocrx_word' id='word_1_125' title='bbox 1726 1223 1826 1261; x_wconf 88' lang='lat' dir='ltr'>no-</span> 
     </span>
    </p>
   </div>
   <div class='ocr_carea' id='block_1_17' title="bbox 200 1279 1824 1351">
    <p class='ocr_par' dir='ltr' id='par_1_17' title="bbox 200 1279 1824 1351">
     <span class='ocr_line' id='line_1_17' title="bbox 200 1279 1824 1351; baseline -0.002 -16"><span class='ocrx_word' id='word_1_126' title='bbox 200 1282 375 1344; x_wconf 86' lang='lat' dir='ltr'>tanda,</span> <span class='ocrx_word' id='word_1_127' title='bbox 395 1286 452 1335; x_wconf 89' lang='lat' dir='ltr'>et</span> <span class='ocrx_word' id='word_1_128' title='bbox 469 1279 808 1351; x_wconf 73' lang='lat' dir='ltr'>explicanda</span> <span class='ocrx_word' id='word_1_129' title='bbox 820 1286 952 1334; x_wconf 85' lang='lat' dir='ltr'>sunt</span> <span class='ocrx_word' id='word_1_130' title='bbox 970 1298 985 1334; x_wconf 92' lang='lat'><strong><em>:</em></strong></span> <span class='ocrx_word' id='word_1_131' title='bbox 1007 1279 1416 1346; x_wconf 80' lang='lat' dir='ltr'>Sancti/icatur</span> <span class='ocrx_word' id='word_1_132' title='bbox 1430 1288 1613 1334; x_wconf 87' lang='lat' dir='ltr'>autem</span> <span class='ocrx_word' id='word_1_133' title='bbox 1630 1279 1824 1351; x_wconf 85' lang='lat' dir='ltr'>vinum</span> 
     </span>
    </p>
   </div>
   <div class='ocr_carea' id='block_1_18' title="bbox 199 1350 1822 1420">
    <p class='ocr_par' dir='ltr' id='par_1_18' title="bbox 199 1350 1822 1420">
     <span class='ocr_line' id='line_1_18' title="bbox 199 1350 1822 1420; baseline -0.003 -13"><span class='ocrx_word' id='word_1_134' title='bbox 199 1369 298 1407; x_wconf 78' lang='lat' dir='ltr'>non</span> <span class='ocrx_word' id='word_1_135' title='bbox 310 1350 709 1407; x_wconf 78' lang='lat' dir='ltr'>consecratum</span> <span class='ocrx_word' id='word_1_136' title='bbox 725 1368 834 1420; x_wconf 81' lang='lat' dir='ltr'>per</span> <span class='ocrx_word' id='word_1_137' title='bbox 844 1352 1263 1417; x_wconf 76' lang='lat' dir='ltr'>sanctiﬁcatum</span> <span class='ocrx_word' id='word_1_138' title='bbox 1283 1367 1507 1406; x_wconf 80' lang='lat' dir='ltr'>nauem.</span> <span class='ocrx_word' id='word_1_139' title='bbox 1530 1352 1654 1404; x_wconf 63' lang='lat' dir='ltr'>Haec</span> <span class='ocrx_word' id='word_1_140' title='bbox 1667 1350 1822 1404; x_wconf 88' lang='lat' dir='ltr'>enim</span> 
     </span>
    </p>
   </div>
   <div class='ocr_carea' id='block_1_19' title="bbox 198 1422 1823 1493">
    <p class='ocr_par' dir='ltr' id='par_1_19' title="bbox 198 1422 1823 1493">
     <span class='ocr_line' id='line_1_19' title="bbox 198 1422 1823 1493; baseline -0.002 -15"><span class='ocrx_word' id='word_1_141' title='bbox 198 1440 293 1478; x_wconf 87' lang='lat' dir='ltr'>non</span> <span class='ocrx_word' id='word_1_142' title='bbox 314 1424 393 1478; x_wconf 86' lang='lat' dir='ltr'>ita</span> <span class='ocrx_word' id='word_1_143' title='bbox 425 1422 706 1492; x_wconf 88' lang='lat' dir='ltr'>capienda</span> <span class='ocrx_word' id='word_1_144' title='bbox 723 1428 856 1476; x_wconf 91' lang='lat' dir='ltr'>sunt</span> <span class='ocrx_word' id='word_1_145' title='bbox 880 1422 1039 1493; x_wconf 89' lang='lat' dir='ltr'>quasi</span> <span class='ocrx_word' id='word_1_146' title='bbox 1068 1422 1261 1476; x_wconf 89' lang='lat' dir='ltr'>vinum</span> <span class='ocrx_word' id='word_1_147' title='bbox 1289 1438 1401 1476; x_wconf 90' lang='lat' dir='ltr'>non</span> <span class='ocrx_word' id='word_1_148' title='bbox 1429 1425 1823 1493; x_wconf 87' lang='lat' dir='ltr'>consecratum</span> 
     </span>
    </p>
   </div>
   <div class='ocr_carea' id='block_1_20' title="bbox 196 1491 1819 1566">
    <p class='ocr_par' dir='ltr' id='par_1_20' title="bbox 196 1491 1819 1566">
     <span class='ocr_line' id='line_1_20' title="bbox 196 1491 1819 1566; baseline -0.002 -18"><span class='ocrx_word' id='word_1_149' title='bbox 196 1512 277 1566; x_wconf 85' lang='lat' dir='ltr'>per</span> <span class='ocrx_word' id='word_1_150' title='bbox 304 1491 592 1566; x_wconf 82' lang='lat' dir='ltr'>ejusmodi</span> <span class='ocrx_word' id='word_1_151' title='bbox 643 1491 1049 1566; x_wconf 83' lang='lat' dir='ltr'>admistionem</span> <span class='ocrx_word' id='word_1_152' title='bbox 1093 1498 1351 1548; x_wconf 78' lang='lat' dir='ltr'>transeat</span> <span class='ocrx_word' id='word_1_153' title='bbox 1381 1493 1439 1547; x_wconf 89' lang='lat' dir='ltr'>in</span> <span class='ocrx_word' id='word_1_154' title='bbox 1482 1491 1819 1566; x_wconf 82' lang='lat' dir='ltr'>sanguinem</span> 
     </span>
    </p>
   </div>
   <div class='ocr_carea' id='block_1_21' title="bbox 196 1565 1826 1635">
    <p class='ocr_par' dir='ltr' id='par_1_21' title="bbox 196 1565 1826 1635">
     <span class='ocr_line' id='line_1_21' title="bbox 196 1565 1826 1635; baseline -0.003 -15"><span class='ocrx_word' id='word_1_155' title='bbox 196 1565 409 1627; x_wconf 79' lang='lat' dir='ltr'>Christi,</span> <span class='ocrx_word' id='word_1_156' title='bbox 444 1566 539 1620; x_wconf 90' lang='lat' dir='ltr'>sed</span> <span class='ocrx_word' id='word_1_157' title='bbox 585 1565 740 1635; x_wconf 88' lang='lat' dir='ltr'>quod</span> <span class='ocrx_word' id='word_1_158' title='bbox 779 1565 1288 1619; x_wconf 83' lang='lat' dir='ltr'>sanctiﬁcationem</span> <span class='ocrx_word' id='word_1_159' title='bbox 1326 1565 1641 1635; x_wconf 76' lang='lat' dir='ltr'>quamdam</span> <span class='ocrx_word' id='word_1_160' title='bbox 1674 1568 1826 1616; x_wconf 80' lang='lat' dir='ltr'>exte-</span> 
     </span>
    </p>
   </div>
   <div class='ocr_carea' id='block_1_22' title="bbox 199 1634 1824 1706">
    <p class='ocr_par' dir='ltr' id='par_1_22' title="bbox 199 1634 1824 1706">
     <span class='ocr_line' id='line_1_22' title="bbox 199 1634 1824 1706; baseline -0.002 -15"><span class='ocrx_word' id='word_1_161' title='bbox 199 1640 391 1691; x_wconf 81' lang='lat' dir='ltr'>riorem</span> <span class='ocrx_word' id='word_1_162' title='bbox 428 1653 495 1691; x_wconf 82' lang='lat' dir='ltr'>ex</span> <span class='ocrx_word' id='word_1_163' title='bbox 523 1634 809 1706; x_wconf 84' lang='lat' dir='ltr'>ejusmodi</span> <span class='ocrx_word' id='word_1_164' title='bbox 840 1636 1242 1691; x_wconf 81' lang='lat' dir='ltr'>commistione</span> <span class='ocrx_word' id='word_1_165' title='bbox 1278 1634 1567 1706; x_wconf 83' lang='lat' dir='ltr'>percipiat.</span> <span class='ocrx_word' id='word_1_166' title='bbox 1607 1634 1824 1706; x_wconf 80' lang='lat' dir='ltr'>Exquo</span> 
     </span>
    </p>
   </div>
   <div class='ocr_carea' id='block_1_23' title="bbox 196 1704 1817 1777">
    <p class='ocr_par' dir='ltr' id='par_1_23' title="bbox 196 1704 1817 1777">
     <span class='ocr_line' id='line_1_23' title="bbox 196 1704 1817 1777; baseline -0.002 -16"><span class='ocrx_word' id='word_1_167' title='bbox 196 1709 434 1761; x_wconf 86' lang='lat' dir='ltr'>notanda</span> <span class='ocrx_word' id='word_1_168' title='bbox 468 1704 565 1761; x_wconf 82' lang='lat' dir='ltr'>est</span> <span class='ocrx_word' id='word_1_169' title='bbox 598 1707 833 1777; x_wconf 86' lang='lat' dir='ltr'>antiqua</span> <span class='ocrx_word' id='word_1_170' title='bbox 869 1706 1236 1773; x_wconf 80' lang='lat' dir='ltr'>consuetudo,</span> <span class='ocrx_word' id='word_1_171' title='bbox 1275 1704 1397 1776; x_wconf 68' lang='lat' dir='ltr'>quae</span> <span class='ocrx_word' id='word_1_172' title='bbox 1437 1705 1624 1760; x_wconf 88' lang='lat' dir='ltr'>adhuc</span> <span class='ocrx_word' id='word_1_173' title='bbox 1650 1704 1817 1775; x_wconf 79' lang='lat' dir='ltr'>viget,</span> 
     </span>
    </p>
   </div>
   <div class='ocr_carea' id='block_1_24' title="bbox 194 1778 1824 1850">
    <p class='ocr_par' dir='ltr' id='par_1_24' title="bbox 194 1778 1824 1850">
     <span class='ocr_line' id='line_1_24' title="bbox 194 1778 1824 1850; baseline -0.001 -18"><span class='ocrx_word' id='word_1_174' title='bbox 194 1781 327 1850; x_wconf 86' lang='lat' dir='ltr'>quod</span> <span class='ocrx_word' id='word_1_175' title='bbox 371 1778 651 1832; x_wconf 82' lang='lat' dir='ltr'>nimirum</span> <span class='ocrx_word' id='word_1_176' title='bbox 692 1780 982 1850; x_wconf 80' lang='lat' dir='ltr'>celebrans</span> <span class='ocrx_word' id='word_1_177' title='bbox 1031 1779 1084 1832; x_wconf 88' lang='lat' dir='ltr'>in</span> <span class='ocrx_word' id='word_1_178' title='bbox 1123 1783 1321 1850; x_wconf 79' lang='lat' dir='ltr'>sancta</span> <span class='ocrx_word' id='word_1_179' title='bbox 1373 1793 1675 1847; x_wconf 89' lang='lat' dir='ltr'>parasceve</span> <span class='ocrx_word' id='word_1_180' title='bbox 1719 1778 1824 1831; x_wconf 88' lang='lat' dir='ltr'>sub</span> 
     </span>
    </p>
   </div>
   <div class='ocr_carea' id='block_1_25' title="bbox 196 1848 1383 1919">
    <p class='ocr_par' dir='ltr' id='par_1_25' title="bbox 196 1848 1383 1919">
     <span class='ocr_line' id='line_1_25' title="bbox 196 1848 1383 1919; baseline -0.002 -16"><span class='ocrx_word' id='word_1_181' title='bbox 196 1848 344 1904; x_wconf 83' lang='lat' dir='ltr'>unica</span> <span class='ocrx_word' id='word_1_182' title='bbox 375 1851 663 1904; x_wconf 76' lang='lat' dir='ltr'>duntaxat</span> <span class='ocrx_word' id='word_1_183' title='bbox 695 1849 880 1919; x_wconf 80' lang='lat' dir='ltr'>Specie</span> <span class='ocrx_word' id='word_1_184' title='bbox 909 1848 1383 1903; x_wconf 81' lang='lat' dir='ltr'>communicaret.</span> 
     </span>
    </p>
   </div>
   <div class='ocr_carea' id='block_1_26' title="bbox 252 1919 1824 1989">
    <p class='ocr_par' dir='ltr' id='par_1_26' title="bbox 252 1919 1824 1989">
     <span class='ocr_line' id='line_1_26' title="bbox 252 1919 1824 1989; baseline -0.001 -15"><span class='ocrx_word' id='word_1_185' title='bbox 252 1922 369 1975; x_wconf 67' lang='lat'>294.</span> <span class='ocrx_word' id='word_1_186' title='bbox 404 1921 569 1975; x_wconf 79' lang='lat' dir='ltr'>Nihil</span> <span class='ocrx_word' id='word_1_187' title='bbox 594 1923 808 1975; x_wconf 83' lang='lat' dir='ltr'>dicens.</span> <span class='ocrx_word' id='word_1_188' title='bbox 840 1922 995 1989; x_wconf 79' lang='lat' dir='ltr'>Apud</span> <span class='ocrx_word' id='word_1_189' title='bbox 1022 1920 1320 1974; x_wconf 78' lang='lat' dir='ltr'>Alcuinum</span> <span class='ocrx_word' id='word_1_190' title='bbox 1351 1919 1559 1989; x_wconf 79' lang='lat' dir='ltr'>legitur</span> <span class='ocrx_word' id='word_1_191' title='bbox 1590 1919 1824 1983; x_wconf 78' lang='lat' dir='ltr'>silendo;</span> 
     </span>
    </p>
   </div>
   <div class='ocr_carea' id='block_1_27' title="bbox 192 1990 1829 2063">
    <p class='ocr_par' dir='ltr' id='par_1_27' title="bbox 192 1990 1829 2063">
     <span class='ocr_line' id='line_1_27' title="bbox 192 1990 1829 2063; baseline -0.001 -18"><span class='ocrx_word' id='word_1_192' title='bbox 192 1993 274 2063; x_wconf 87' lang='lat' dir='ltr'>qui</span> <span class='ocrx_word' id='word_1_193' title='bbox 301 1992 419 2047; x_wconf 73' lang='lat' dir='ltr'>haec</span> <span class='ocrx_word' id='word_1_194' title='bbox 439 1992 736 2062; x_wconf 84' lang='lat' dir='ltr'>subjungit</span> <span class='ocrx_word' id='word_1_195' title='bbox 759 2008 771 2045; x_wconf 92' lang='lat'>:</span> <span class='ocrx_word' id='word_1_196' title='bbox 798 1990 973 2063; x_wconf 67' lang='grc'>342</span> <span class='ocrx_word' id='word_1_197' title='bbox 1007 1991 1121 2045; x_wconf 84' lang='lat' dir='ltr'>Pax</span> <span class='ocrx_word' id='word_1_198' title='bbox 1148 1991 1369 2045; x_wconf 87' lang='lat' dir='ltr'>Domini</span> <span class='ocrx_word' id='word_1_199' title='bbox 1392 2007 1509 2045; x_wconf 87' lang='lat' dir='ltr'>non</span> <span class='ocrx_word' id='word_1_200' title='bbox 1531 1990 1829 2060; x_wconf 80' lang='lat' dir='ltr'>dicit,quia</span> 
     </span>
    </p>
   </div>
   <div class='ocr_carea' id='block_1_28' title="bbox 194 2066 1418 2134">
    <p class='ocr_par' dir='ltr' id='par_1_28' title="bbox 194 2066 1418 2134">
     <span class='ocr_line' id='line_1_28' title="bbox 194 2066 1418 2134; baseline -0.001 -17"><span class='ocrx_word' id='word_1_201' title='bbox 194 2079 295 2118; x_wconf 86' lang='lat' dir='ltr'>non</span> <span class='ocrx_word' id='word_1_202' title='bbox 324 2070 648 2134; x_wconf 81' lang='lat' dir='ltr'>sequuntur</span> <span class='ocrx_word' id='word_1_203' title='bbox 678 2066 877 2118; x_wconf 86' lang='lat' dir='ltr'>oscula</span> <span class='ocrx_word' id='word_1_204' title='bbox 900 2066 1418 2118; x_wconf 76' lang='lat' dir='ltr'>circumstantium.</span> 
     </span>
    </p>
   </div>
   <div class='ocr_carea' id='block_1_29' title="bbox 251 2132 1826 2201">
    <p class='ocr_par' dir='ltr' id='par_1_29' title="bbox 251 2132 1826 2201">
     <span class='ocr_line' id='line_1_29' title="bbox 251 2132 1826 2201; baseline -0.001 -14"><span class='ocrx_word' id='word_1_205' title='bbox 251 2132 489 2189; x_wconf 52' lang='lat'>295.13</span> <span class='ocrx_word' id='word_1_206' title='bbox 516 2135 945 2189; x_wconf 77' lang='lat' dir='ltr'>communicant</span> <span class='ocrx_word' id='word_1_207' title='bbox 991 2149 1200 2189; x_wconf 85' lang='lat' dir='ltr'>omnes.</span> <span class='ocrx_word' id='word_1_208' title='bbox 1236 2135 1374 2187; x_wconf 81' lang='lat' dir='ltr'>Tam</span> <span class='ocrx_word' id='word_1_209' title='bbox 1424 2132 1609 2187; x_wconf 85' lang='lat' dir='ltr'>clerici</span> <span class='ocrx_word' id='word_1_210' title='bbox 1651 2148 1826 2201; x_wconf 88' lang='lat' dir='ltr'>quam</span> 
     </span>
    </p>
   </div>
   <div class='ocr_carea' id='block_1_30' title="bbox 182 2204 1823 2275">
    <p class='ocr_par' dir='ltr' id='par_1_30' title="bbox 182 2204 1823 2275">
     <span class='ocr_line' id='line_1_30' title="bbox 182 2204 1823 2275; baseline -0.001 -18"><span class='ocrx_word' id='word_1_211' title='bbox 182 2205 318 2267; x_wconf 88' lang='lat' dir='ltr'>laici,</span> <span class='ocrx_word' id='word_1_212' title='bbox 348 2210 412 2259; x_wconf 91' lang='lat' dir='ltr'>ut</span> <span class='ocrx_word' id='word_1_213' title='bbox 443 2221 616 2275; x_wconf 87' lang='lat' dir='ltr'>supra</span> <span class='ocrx_word' id='word_1_214' title='bbox 649 2221 714 2259; x_wconf 89' lang='lat' dir='ltr'>ex</span> <span class='ocrx_word' id='word_1_215' title='bbox 741 2205 1113 2274; x_wconf 77' lang='lat' dir='ltr'>Tlieodulpbo</span> <span class='ocrx_word' id='word_1_216' title='bbox 1143 2205 1442 2274; x_wconf 83' lang='lat' dir='ltr'>probatum</span> <span class='ocrx_word' id='word_1_217' title='bbox 1465 2209 1569 2259; x_wconf 87' lang='lat' dir='ltr'>est.</span> <span class='ocrx_word' id='word_1_218' title='bbox 1594 2204 1823 2275; x_wconf 84' lang='lat' dir='ltr'>Olimin</span> 
     </span>
    </p>
   </div>
   <div class='ocr_carea' id='block_1_31' title="bbox 182 2274 1823 2347">
    <p class='ocr_par' dir='ltr' id='par_1_31' title="bbox 182 2274 1823 2347">
     <span class='ocr_line' id='line_1_31' title="bbox 182 2274 1823 2347; baseline 0 -18"><span class='ocrx_word' id='word_1_219' title='bbox 182 2274 527 2330; x_wconf 85' lang='lat' dir='ltr'>monasterio</span> <span class='ocrx_word' id='word_1_220' title='bbox 559 2277 860 2347; x_wconf 80' lang='lat' dir='ltr'>cujusdam</span> <span class='ocrx_word' id='word_1_221' title='bbox 908 2277 1125 2346; x_wconf 79' lang='lat' dir='ltr'>antiqui</span> <span class='ocrx_word' id='word_1_222' title='bbox 1170 2275 1581 2347; x_wconf 82' lang='lat' dir='ltr'>monachorum</span> <span class='ocrx_word' id='word_1_223' title='bbox 1625 2274 1823 2345; x_wconf 83' lang='lat' dir='ltr'>patris,</span> 
     </span>
    </p>
   </div>
   <div class='ocr_carea' id='block_1_32' title="bbox 180 2346 1824 2418">
    <p class='ocr_par' dir='ltr' id='par_1_32' title="bbox 180 2346 1824 2418">
     <span class='ocr_line' id='line_1_32' title="bbox 180 2346 1824 2418; baseline -0.001 -17"><span class='ocrx_word' id='word_1_224' title='bbox 180 2348 263 2417; x_wconf 85' lang='lat' dir='ltr'>qui</span> <span class='ocrx_word' id='word_1_225' title='bbox 296 2347 354 2401; x_wconf 90' lang='lat' dir='ltr'>in</span> <span class='ocrx_word' id='word_1_226' title='bbox 380 2364 485 2401; x_wconf 90' lang='lat' dir='ltr'>sua</span> <span class='ocrx_word' id='word_1_227' title='bbox 504 2348 701 2418; x_wconf 86' lang='lat' dir='ltr'>regula</span> <span class='ocrx_word' id='word_1_228' title='bbox 730 2347 993 2417; x_wconf 80' lang='lat' dir='ltr'>Magister</span> <span class='ocrx_word' id='word_1_229' title='bbox 1022 2346 1365 2416; x_wconf 80' lang='lat' dir='ltr'>appellatur,</span> <span class='ocrx_word' id='word_1_230' title='bbox 1394 2350 1450 2400; x_wconf 91' lang='lat' dir='ltr'>et</span> <span class='ocrx_word' id='word_1_231' title='bbox 1485 2347 1679 2400; x_wconf 85' lang='lat' dir='ltr'>ﬂoruit</span> <span class='ocrx_word' id='word_1_232' title='bbox 1711 2361 1824 2418; x_wconf 83' lang='lat' dir='ltr'>non</span> 
     </span>
    </p>
   </div>
   <div class='ocr_carea' id='block_1_33' title="bbox 178 2416 1825 2488">
    <p class='ocr_par' dir='ltr' id='par_1_33' title="bbox 178 2416 1825 2488">
     <span class='ocr_line' id='line_1_33' title="bbox 178 2416 1825 2488; baseline -0.001 -16"><span class='ocrx_word' id='word_1_233' title='bbox 178 2416 349 2473; x_wconf 86' lang='lat' dir='ltr'>multo</span> <span class='ocrx_word' id='word_1_234' title='bbox 385 2424 513 2488; x_wconf 88' lang='lat' dir='ltr'>post</span> <span class='ocrx_word' id='word_1_235' title='bbox 543 2416 1190 2488; x_wconf 28' lang='lat' dir='ltr'>sanctum’Grcgorium</span> <span class='ocrx_word' id='word_1_236' title='bbox 1226 2419 1239 2470; x_wconf 93' lang='lat' dir='ltr'>l</span> <span class='ocrx_word' id='word_1_237' title='bbox 1280 2434 1510 2487; x_wconf 81' lang='lat' dir='ltr'>papam,</span> <span class='ocrx_word' id='word_1_238' title='bbox 1560 2416 1825 2472; x_wconf 81' lang='lat' dir='ltr'>monachi</span> 
     </span>
    </p>
   </div>
   <div class='ocr_carea' id='block_1_34' title="bbox 176 2488 1828 2558">
    <p class='ocr_par' dir='ltr' id='par_1_34' title="bbox 176 2488 1828 2558">
     <span class='ocr_line' id='line_1_34' title="bbox 176 2488 1828 2558; baseline -0.001 -15"><span class='ocrx_word' id='word_1_239' title='bbox 176 2490 367 2543; x_wconf 84' lang='lat' dir='ltr'>eodem</span> <span class='ocrx_word' id='word_1_240' title='bbox 395 2495 617 2543; x_wconf 66' lang='lat' dir='ltr'>sanctae</span> <span class='ocrx_word' id='word_1_241' title='bbox 668 2504 1000 2558; x_wconf 85' lang='lat' dir='ltr'>parasceves</span> <span class='ocrx_word' id='word_1_242' title='bbox 1045 2489 1135 2543; x_wconf 87' lang='lat' dir='ltr'>die</span> <span class='ocrx_word' id='word_1_243' title='bbox 1183 2488 1706 2545; x_wconf 88' lang='lat' dir='ltr'>communicabant.</span> <span class='ocrx_word' id='word_1_244' title='bbox 1764 2492 1828 2542; x_wconf 91' lang='lat' dir='ltr'>ut</span> 
     </span>
    </p>
   </div>
   <div class='ocr_carea' id='block_1_35' title="bbox 175 2559 1827 2630">
    <p class='ocr_par' dir='ltr' id='par_1_35' title="bbox 175 2559 1827 2630">
     <span class='ocr_line' id='line_1_35' title="bbox 175 2559 1827 2630; baseline 0.001 -17"><span class='ocrx_word' id='word_1_245' title='bbox 175 2561 387 2614; x_wconf 85' lang='lat' dir='ltr'>clarum</span> <span class='ocrx_word' id='word_1_246' title='bbox 419 2566 600 2614; x_wconf 82' lang='lat' dir='ltr'>estex</span> <span class='ocrx_word' id='word_1_247' title='bbox 633 2576 760 2630; x_wconf 88' lang='lat' dir='ltr'>cap.</span> <span class='ocrx_word' id='word_1_248' title='bbox 811 2560 877 2614; x_wconf 79' lang='grc'><strong>43</strong></span> <span class='ocrx_word' id='word_1_249' title='bbox 904 2561 1112 2630; x_wconf 71' lang='lat' dir='ltr'>regula:</span> <span class='ocrx_word' id='word_1_250' title='bbox 1142 2563 1264 2630; x_wconf 88' lang='lat' dir='ltr'>ejus</span> <span class='ocrx_word' id='word_1_251' title='bbox 1297 2559 1352 2612; x_wconf 89' lang='lat' dir='ltr'>in</span> <span class='ocrx_word' id='word_1_252' title='bbox 1390 2560 1709 2614; x_wconf 86' lang='lat' dir='ltr'>Concordia</span> <span class='ocrx_word' id='word_1_253' title='bbox 1742 2576 1827 2614; x_wconf 88' lang='lat' dir='ltr'>re-</span> 
     </span>
    </p>
   </div>
   <div class='ocr_carea' id='block_1_36' title="bbox 175 2630 1826 2702">
    <p class='ocr_par' dir='ltr' id='par_1_36' title="bbox 175 2630 1826 2702">
     <span class='ocr_line' id='line_1_36' title="bbox 175 2630 1826 2702; baseline -0.001 -18"><span class='ocrx_word' id='word_1_254' title='bbox 175 2631 455 2701; x_wconf 85' lang='lat' dir='ltr'>gularum,</span> <span class='ocrx_word' id='word_1_255' title='bbox 489 2647 615 2699; x_wconf 88' lang='lat' dir='ltr'>cap.</span> <span class='ocrx_word' id='word_1_256' title='bbox 659 2632 747 2693; x_wconf 87' lang='lat'>56,</span> <span class='ocrx_word' id='word_1_257' title='bbox 773 2630 802 2702; x_wconf 66' lang='grc' dir='ltr'><strong>ς</strong></span> <span class='ocrx_word' id='word_1_258' title='bbox 830 2631 863 2684; x_wconf 75' lang='grc'><strong>4</strong></span> <span class='ocrx_word' id='word_1_259' title='bbox 893 2648 905 2684; x_wconf 90' lang='lat'>:</span> <span class='ocrx_word' id='word_1_260' title='bbox 943 2632 1323 2686; x_wconf 81' lang='lat' dir='ltr'>Sacramenta</span> <span class='ocrx_word' id='word_1_261' title='bbox 1376 2646 1506 2685; x_wconf 79' lang='lat' dir='ltr'>vero</span> <span class='ocrx_word' id='word_1_262' title='bbox 1531 2631 1735 2685; x_wconf 85' lang='lat' dir='ltr'>altaris</span> <span class='ocrx_word' id='word_1_263' title='bbox 1765 2632 1826 2683; x_wconf 85' lang='lat' dir='ltr'>in</span> 
     </span>
    </p>
   </div>
   <div class='ocr_carea' id='block_1_37' title="bbox 173 2702 1825 2770">
    <p class='ocr_par' dir='ltr' id='par_1_37' title="bbox 173 2702 1825 2770">
     <span class='ocr_line' id='line_1_37' title="bbox 173 2702 1825 2770; baseline 0.001 -17"><span class='ocrx_word' id='word_1_264' title='bbox 173 2710 370 2770; x_wconf 82' lang='lat' dir='ltr'>patena</span> <span class='ocrx_word' id='word_1_265' title='bbox 386 2704 612 2768; x_wconf 76' lang='lat' dir='ltr'>majore</span> <span class='ocrx_word' id='word_1_266' title='bbox 626 2702 811 2757; x_wconf 87' lang='lat' dir='ltr'>vitrea</span> <span class='ocrx_word' id='word_1_267' title='bbox 823 2702 1138 2769; x_wconf 86' lang='lat' dir='ltr'>ﬁniantur,</span> <span class='ocrx_word' id='word_1_268' title='bbox 1149 2709 1209 2755; x_wconf 86' lang='lat' dir='ltr'>ut</span> <span class='ocrx_word' id='word_1_269' title='bbox 1224 2717 1353 2755; x_wconf 77' lang='lat' dir='ltr'>cum</span> <span class='ocrx_word' id='word_1_270' title='bbox 1371 2702 1529 2770; x_wconf 75' lang='lat' dir='ltr'>feria</span> <span class='ocrx_word' id='word_1_271' title='bbox 1543 2708 1713 2757; x_wconf 75' lang='lat' dir='ltr'>serta</span> <span class='ocrx_word' id='word_1_272' title='bbox 1728 2705 1825 2757; x_wconf 86' lang='lat' dir='ltr'>Ju-</span> 
     </span>
    </p>
   </div>
   <div class='ocr_carea' id='block_1_38' title="bbox 174 2772 1827 2843">
    <p class='ocr_par' dir='ltr' id='par_1_38' title="bbox 174 2772 1827 2843">
     <span class='ocr_line' id='line_1_38' title="bbox 174 2772 1827 2843; baseline -0.001 -16"><span class='ocrx_word' id='word_1_273' title='bbox 174 2772 269 2827; x_wconf 71' lang='lat' dir='ltr'>dci</span> <span class='ocrx_word' id='word_1_274' title='bbox 293 2774 367 2828; x_wconf 84' lang='lat' dir='ltr'>ad</span> <span class='ocrx_word' id='word_1_275' title='bbox 404 2773 727 2841; x_wconf 76' lang='lat' dir='ltr'>passionem</span> <span class='ocrx_word' id='word_1_276' title='bbox 777 2774 1069 2827; x_wconf 75' lang='lat' dir='ltr'>Christum</span> <span class='ocrx_word' id='word_1_277' title='bbox 1091 2773 1446 2843; x_wconf 65' lang='lat' dir='ltr'>quaesierint,</span> <span class='ocrx_word' id='word_1_278' title='bbox 1481 2776 1556 2827; x_wconf 82' lang='lat' dir='ltr'>sit</span> <span class='ocrx_word' id='word_1_279' title='bbox 1583 2774 1703 2841; x_wconf 81' lang='lat' dir='ltr'>ipso</span> <span class='ocrx_word' id='word_1_280' title='bbox 1733 2773 1827 2826; x_wconf 79' lang='lat' dir='ltr'>die</span> 
     </span>
    </p>
   </div>
   <div class='ocr_carea' id='block_1_39' title="bbox 178 2842 1822 2911">
    <p class='ocr_par' dir='ltr' id='par_1_39' title="bbox 178 2842 1822 2911">
     <span class='ocr_line' id='line_1_39' title="bbox 178 2842 1822 2911; baseline -0.001 -13"><span class='ocrx_word' id='word_1_281' title='bbox 178 2845 452 2898; x_wconf 64' lang='lat' dir='ltr'>mallibus</span> <span class='ocrx_word' id='word_1_282' title='bbox 463 2843 679 2897; x_wconf 71' lang='lat' dir='ltr'>nostris</span> <span class='ocrx_word' id='word_1_283' title='bbox 692 2845 1038 2903; x_wconf 86' lang='lat' dir='ltr'>rectusus.ut</span> <span class='ocrx_word' id='word_1_284' title='bbox 1055 2842 1305 2898; x_wconf 76' lang='lat' dir='ltr'>sabbato</span> <span class='ocrx_word' id='word_1_285' title='bbox 1326 2842 1492 2897; x_wconf 80' lang='lat' dir='ltr'>nobis</span> <span class='ocrx_word' id='word_1_286' title='bbox 1510 2859 1621 2911; x_wconf 83' lang='lat' dir='ltr'>per</span> <span class='ocrx_word' id='word_1_287' title='bbox 1633 2860 1822 2898; x_wconf 81' lang='lat' dir='ltr'>resur-</span> 
     </span>
    </p>
   </div>
   <div class='ocr_carea' id='block_1_40' title="bbox 180 2914 1827 2984">
    <p class='ocr_par' dir='ltr' id='par_1_40' title="bbox 180 2914 1827 2984">
     <span class='ocr_line' id='line_1_40' title="bbox 180 2914 1827 2984; baseline 0.001 -19"><span class='ocrx_word' id='word_1_288' title='bbox 180 2930 199 2965; x_wconf 68' lang='grc' dir='ltr'><em>ι</em></span> <span class='ocrx_word' id='word_1_289' title='bbox 211 2917 477 2969; x_wconf 79' lang='lat' dir='ltr'>ectionem</span> <span class='ocrx_word' id='word_1_290' title='bbox 492 2916 557 2968; x_wconf 87' lang='lat' dir='ltr'>in</span> <span class='ocrx_word' id='word_1_291' title='bbox 568 2930 1024 2970; x_wconf 79' lang='lat' dir='ltr'>novosacramen</span> <span class='ocrx_word' id='word_1_292' title='bbox 1036 2921 1091 2968; x_wconf 85' lang='lat' dir='ltr'>to</span> <span class='ocrx_word' id='word_1_293' title='bbox 1104 2914 1538 2982; x_wconf 70' lang='lat' dir='ltr'>apuareatJam</span> <span class='ocrx_word' id='word_1_294' title='bbox 1556 2917 1656 2984; x_wconf 89' lang='lat' dir='ltr'>qui</span> <span class='ocrx_word' id='word_1_295' title='bbox 1666 2921 1827 2969; x_wconf 70' lang='lat' dir='ltr'>sexta</span> 
     </span>
    </p>
   </div>
   <div class='ocr_carea' id='block_1_41' title="bbox 182 2985 1826 3055">
    <p class='ocr_par' dir='ltr' id='par_1_41' title="bbox 182 2985 1826 3055">
     <span class='ocr_line' id='line_1_41' title="bbox 182 2985 1826 3055; baseline -0.001 -15"><span class='ocrx_word' id='word_1_296' title='bbox 182 2986 329 3052; x_wconf 80' lang='lat' dir='ltr'>feria</span> <span class='ocrx_word' id='word_1_297' title='bbox 345 2990 621 3055; x_wconf 73' lang='lat' dir='ltr'>refecturi</span> <span class='ocrx_word' id='word_1_298' title='bbox 631 2993 764 3039; x_wconf 87' lang='lat' dir='ltr'>sunt</span> <span class='ocrx_word' id='word_1_299' title='bbox 778 3002 803 3040; x_wconf 88' lang='lat' dir='ltr'>s</span> <span class='ocrx_word' id='word_1_300' title='bbox 813 2991 899 3040; x_wconf 77' lang='lat' dir='ltr'>ine</span> <span class='ocrx_word' id='word_1_301' title='bbox 910 3001 1080 3039; x_wconf 85' lang='lat' dir='ltr'>comm</span> <span class='ocrx_word' id='word_1_302' title='bbox 1090 2988 1297 3040; x_wconf 78' lang='lat' dir='ltr'>unione</span> <span class='ocrx_word' id='word_1_303' title='bbox 1311 2985 1652 3051; x_wconf 78' lang='lat' dir='ltr'>reﬁciant,ut</span> <span class='ocrx_word' id='word_1_304' title='bbox 1665 3001 1826 3055; x_wconf 87' lang='lat' dir='ltr'>agno-</span> 
     </span>
    </p>
   </div>
   <div class='ocr_carea' id='block_1_42' title="bbox 185 3056 1821 3127">
    <p class='ocr_par' dir='ltr' id='par_1_42' title="bbox 185 3056 1821 3127">
     <span class='ocr_line' id='line_1_42' title="bbox 185 3056 1821 3127; baseline -0.001 -17"><span class='ocrx_word' id='word_1_305' title='bbox 185 3065 381 3111; x_wconf 80' lang='lat' dir='ltr'>scatur</span> <span class='ocrx_word' id='word_1_306' title='bbox 396 3061 642 3126; x_wconf 85' lang='lat' dir='ltr'>jamque</span> <span class='ocrx_word' id='word_1_307' title='bbox 654 3064 814 3112; x_wconf 69' lang='lat' dir='ltr'>sexta</span> <span class='ocrx_word' id='word_1_308' title='bbox 834 3058 981 3127; x_wconf 76' lang='lat' dir='ltr'>feria</span> <span class='ocrx_word' id='word_1_309' title='bbox 1013 3057 1221 3127; x_wconf 80' lang='lat' dir='ltr'>injuste</span> <span class='ocrx_word' id='word_1_310' title='bbox 1245 3056 1403 3123; x_wconf 76' lang='lat' dir='ltr'>reﬁci</span> <span class='ocrx_word' id='word_1_311' title='bbox 1430 3056 1551 3127; x_wconf 85' lang='lat' dir='ltr'>sine</span> <span class='ocrx_word' id='word_1_312' title='bbox 1573 3056 1821 3127; x_wconf 73' lang='lat' dir='ltr'>Christo.</span> 
     </span>
    </p>
   </div>
   <div class='ocr_carea' id='block_1_43' title="bbox 190 3127 1019 3198">
    <p class='ocr_par' dir='ltr' id='par_1_43' title="bbox 190 3127 1019 3198">
     <span class='ocr_line' id='line_1_43' title="bbox 190 3127 1019 3198; baseline 0.001 -19"><span class='ocrx_word' id='word_1_313' title='bbox 190 3132 249 3198; x_wconf 59' lang='lat' dir='ltr'>at</span> <span class='ocrx_word' id='word_1_314' title='bbox 270 3144 431 3182; x_wconf 86' lang='lat' dir='ltr'>secus</span> <span class='ocrx_word' id='word_1_315' title='bbox 462 3127 603 3181; x_wconf 86' lang='lat' dir='ltr'>olim</span> <span class='ocrx_word' id='word_1_316' title='bbox 636 3127 691 3180; x_wconf 91' lang='lat' dir='ltr'>in</span> <span class='ocrx_word' id='word_1_317' title='bbox 730 3127 1019 3198; x_wconf 86' lang='lat' dir='ltr'>Hispania.</span> 
     </span>
    </p>
   </div>
   <div class='ocr_carea' id='block_1_44' title="bbox 185 3196 1820 3268">
    <p class='ocr_par' dir='ltr' id='par_1_44' title="bbox 185 3196 1820 3268">
     <span class='ocr_line' id='line_1_44' title="bbox 185 3196 1820 3268; baseline 0.001 -18"><span class='ocrx_word' id='word_1_318' title='bbox 185 3196 479 3252; x_wconf 77' lang='lat' dir='ltr'>Missurum</span> <span class='ocrx_word' id='word_1_319' title='bbox 513 3196 845 3267; x_wconf 36' lang='lat' dir='ltr'>solemnia,“</span> <span class='ocrx_word' id='word_1_320' title='bbox 874 3214 975 3253; x_wconf 91' lang='lat' dir='ltr'>nec</span> <span class='ocrx_word' id='word_1_321' title='bbox 1000 3198 1333 3251; x_wconf 86' lang='lat' dir='ltr'>communio</span> <span class='ocrx_word' id='word_1_322' title='bbox 1390 3199 1820 3268; x_wconf 82' lang='lat' dir='ltr'>peragebantur,</span> 
     </span>
    </p>
   </div>
   <div class='ocr_carea' id='block_1_45' title="bbox 191 3268 1825 3335">
    <p class='ocr_par' dir='ltr' id='par_1_45' title="bbox 191 3268 1825 3335">
     <span class='ocr_line' id='line_1_45' title="bbox 191 3268 1825 3335; baseline 0.002 -15"><span class='ocrx_word' id='word_1_323' title='bbox 191 3273 246 3320; x_wconf 89' lang='lat' dir='ltr'>ut</span> <span class='ocrx_word' id='word_1_324' title='bbox 268 3268 645 3323; x_wconf 76' lang='lat' dir='ltr'>manifestum</span> <span class='ocrx_word' id='word_1_325' title='bbox 675 3274 761 3324; x_wconf 83' lang='lat' dir='ltr'>est</span> <span class='ocrx_word' id='word_1_326' title='bbox 790 3286 857 3324; x_wconf 87' lang='lat' dir='ltr'>ex</span> <span class='ocrx_word' id='word_1_327' title='bbox 903 3269 1140 3323; x_wconf 78' lang='lat' dir='ltr'>concilio</span> <span class='ocrx_word' id='word_1_328' title='bbox 1186 3269 1461 3323; x_wconf 87' lang='lat' dir='ltr'>Toletano</span> <span class='ocrx_word' id='word_1_329' title='bbox 1502 3284 1577 3327; x_wconf 82' lang='lat' dir='ltr'>iv.</span> <span class='ocrx_word' id='word_1_330' title='bbox 1618 3270 1825 3335; x_wconf 88' lang='lat' dir='ltr'>can.6,</span> 
     </span>
    </p>
   </div>
   <div class='ocr_carea' id='block_1_46' title="bbox 189 3339 1829 3410">
    <p class='ocr_par' dir='ltr' id='par_1_46' title="bbox 189 3339 1829 3410">
     <span class='ocr_line' id='line_1_46' title="bbox 189 3339 1829 3410; baseline 0.001 -19"><span class='ocrx_word' id='word_1_331' title='bbox 189 3339 273 3392; x_wconf 88' lang='lat' dir='ltr'>ubi</span> <span class='ocrx_word' id='word_1_332' title='bbox 306 3341 375 3393; x_wconf 90' lang='lat' dir='ltr'>de</span> <span class='ocrx_word' id='word_1_333' title='bbox 409 3340 553 3394; x_wconf 86' lang='lat' dir='ltr'>feria</span> <span class='ocrx_word' id='word_1_334' title='bbox 601 3345 760 3394; x_wconf 79' lang='lat' dir='ltr'>sexta</span> <span class='ocrx_word' id='word_1_335' title='bbox 784 3339 1065 3410; x_wconf 84' lang='lat' dir='ltr'>passionis</span> <span class='ocrx_word' id='word_1_336' title='bbox 1087 3340 1390 3395; x_wconf 58' lang='lat' dir='ltr'>dominicae</span> <span class='ocrx_word' id='word_1_337' title='bbox 1426 3340 1543 3393; x_wconf 60' lang='lat' dir='ltr'>huic</span> <span class='ocrx_word' id='word_1_338' title='bbox 1571 3344 1829 3394; x_wconf 83' lang='lat' dir='ltr'>statuun-</span> 
     </span>
    </p>
   </div>
   <div class='ocr_carea' id='block_1_47' title="bbox 192 3410 1829 3481">
    <p class='ocr_par' dir='ltr' id='par_1_47' title="bbox 192 3410 1829 3481">
     <span class='ocr_line' id='line_1_47' title="bbox 192 3410 1829 3481; baseline 0.002 -20"><span class='ocrx_word' id='word_1_339' title='bbox 192 3411 536 3481; x_wconf 79' lang='lat' dir='ltr'>turzldeoque</span> <span class='ocrx_word' id='word_1_340' title='bbox 556 3418 778 3478; x_wconf 82' lang='lat' dir='ltr'>oportet</span> <span class='ocrx_word' id='word_1_341' title='bbox 810 3412 995 3466; x_wconf 85' lang='lat' dir='ltr'>eodem</span> <span class='ocrx_word' id='word_1_342' title='bbox 1018 3410 1109 3464; x_wconf 84' lang='lat' dir='ltr'>die</span> <span class='ocrx_word' id='word_1_343' title='bbox 1128 3413 1451 3481; x_wconf 72' lang='lat' dir='ltr'>mysterium</span> <span class='ocrx_word' id='word_1_344' title='bbox 1473 3410 1829 3481; x_wconf 79' lang='lat' dir='ltr'>crucis,quod</span> 
     </span>
    </p>
   </div>
   <div class='ocr_carea' id='block_1_48' title="bbox 192 3480 1826 3552">
    <p class='ocr_par' dir='ltr' id='par_1_48' title="bbox 192 3480 1826 3552">
     <span class='ocr_line' id='line_1_48' title="bbox 192 3480 1826 3552; baseline 0.002 -20"><span class='ocrx_word' id='word_1_345' title='bbox 192 3480 298 3545; x_wconf 79' lang='lat' dir='ltr'>ipse</span> <span class='ocrx_word' id='word_1_346' title='bbox 326 3480 577 3536; x_wconf 70' lang='lat' dir='ltr'>Dominus</span> <span class='ocrx_word' id='word_1_347' title='bbox 603 3482 814 3536; x_wconf 86' lang='lat' dir='ltr'>cunctis</span> <span class='ocrx_word' id='word_1_348' title='bbox 837 3480 1287 3535; x_wconf 83' lang='lat' dir='ltr'>annuntiandum</span> <span class='ocrx_word' id='word_1_349' title='bbox 1313 3480 1826 3552; x_wconf 68' lang='lat' dir='ltr'>voluitpraedicari,</span> 
     </span>
    </p>
   </div>
   <div class='ocr_carea' id='block_1_49' title="bbox 193 3552 1831 3623">
    <p class='ocr_par' dir='ltr' id='par_1_49' title="bbox 193 3552 1831 3623">
     <span class='ocr_line' id='line_1_49' title="bbox 193 3552 1831 3623; baseline 0.002 -19"><span class='ocrx_word' id='word_1_350' title='bbox 193 3559 348 3621; x_wconf 80' lang='lat' dir='ltr'>atque</span> <span class='ocrx_word' id='word_1_351' title='bbox 373 3555 774 3623; x_wconf 75' lang='lat' dir='ltr'>indulgentiam</span> <span class='ocrx_word' id='word_1_352' title='bbox 791 3552 1096 3607; x_wconf 73' lang='lat' dir='ltr'>criminum</span> <span class='ocrx_word' id='word_1_353' title='bbox 1123 3554 1287 3607; x_wconf 82' lang='lat' dir='ltr'>clara</span> <span class='ocrx_word' id='word_1_354' title='bbox 1306 3569 1431 3606; x_wconf 80' lang='lat' dir='ltr'>voce</span> <span class='ocrx_word' id='word_1_355' title='bbox 1447 3569 1655 3607; x_wconf 85' lang='lat' dir='ltr'>omnem</span> <span class='ocrx_word' id='word_1_356' title='bbox 1672 3571 1831 3623; x_wconf 65' lang='grc' dir='ltr'>μονω-</span> 
     </span>
    </p>
   </div>
   <div class='ocr_carea' id='block_1_50' title="bbox 197 3623 1829 3694">
    <p class='ocr_par' dir='ltr' id='par_1_50' title="bbox 197 3623 1829 3694">
     <span class='ocr_line' id='line_1_50' title="bbox 197 3623 1829 3694; baseline 0.002 -20"><span class='ocrx_word' id='word_1_357' title='bbox 197 3623 303 3675; x_wconf 84' lang='lat' dir='ltr'>tum</span> <span class='ocrx_word' id='word_1_358' title='bbox 335 3626 703 3691; x_wconf 62' lang='lat' dir='ltr'>postularem!</span> <span class='ocrx_word' id='word_1_359' title='bbox 730 3624 1083 3694; x_wconf 65' lang='lat' dir='ltr'>paenitentia</span> <span class='ocrx_word' id='word_1_360' title='bbox 1103 3628 1528 3690; x_wconf 82' lang='lat' dir='ltr'>compunctmne</span> <span class='ocrx_word' id='word_1_361' title='bbox 1553 3625 1829 3691; x_wconf 82' lang='lat' dir='ltr'>mandati,</span> 
     </span>
    </p>
   </div>
   <div class='ocr_carea' id='block_1_51' title="bbox 196 3695 1835 3751">
    <p class='ocr_par' dir='ltr' id='par_1_51' title="bbox 196 3695 1835 3751">
     <span class='ocr_line' id='line_1_51' title="bbox 196 3695 1835 3751; baseline 0.001 -4"><span class='ocrx_word' id='word_1_362' title='bbox 196 3696 547 3751; x_wconf 75' lang='lat' dir='ltr'>venerabilem</span> <span class='ocrx_word' id='word_1_363' title='bbox 564 3696 702 3749; x_wconf 79' lang='lat' dir='ltr'>diem</span> <span class='ocrx_word' id='word_1_364' title='bbox 728 3695 1013 3750; x_wconf 78' lang='lat' dir='ltr'>dominicw</span> <span class='ocrx_word' id='word_1_365' title='bbox 1030 3695 1454 3749; x_wconf 77' lang='lat' dir='ltr'>resurrectionis</span> <span class='ocrx_word' id='word_1_366' title='bbox 1466 3696 1705 3750; x_wconf 80' lang='lat' dir='ltr'>remissis</span> <span class='ocrx_word' id='word_1_367' title='bbox 1726 3696 1835 3749; x_wconf 81' lang='lat' dir='ltr'>ini-</span> 
     </span>
    </p>
   </div>
   <div class='ocr_carea' id='block_1_52' title="bbox 196 3767 1834 3837">
    <p class='ocr_par' dir='ltr' id='par_1_52' title="bbox 196 3767 1834 3837">
     <span class='ocr_line' id='line_1_52' title="bbox 196 3767 1834 3837; baseline 0.001 -20"><span class='ocrx_word' id='word_1_368' title='bbox 196 3767 483 3833; x_wconf 78' lang='lat' dir='ltr'>quitatibus</span> <span class='ocrx_word' id='word_1_369' title='bbox 498 3768 770 3837; x_wconf 83' lang='lat' dir='ltr'>suscipere</span> <span class='ocrx_word' id='word_1_370' title='bbox 797 3770 1480 3836; x_wconf 84' lang='lat' dir='ltr'>mereamur,corporisque</span> <span class='ocrx_word' id='word_1_371' title='bbox 1501 3770 1618 3836; x_wconf 83' lang='lat' dir='ltr'>ejus</span> <span class='ocrx_word' id='word_1_372' title='bbox 1637 3775 1689 3822; x_wconf 87' lang='lat' dir='ltr'>et</span> <span class='ocrx_word' id='word_1_373' title='bbox 1710 3783 1834 3819; x_wconf 86' lang='lat' dir='ltr'>san-</span> 
     </span>
    </p>
   </div>
   <div class='ocr_carea' id='block_1_53' title="bbox 196 3837 1830 3907">
    <p class='ocr_par' dir='ltr' id='par_1_53' title="bbox 196 3837 1830 3907">
     <span class='ocr_line' id='line_1_53' title="bbox 196 3837 1830 3907; baseline 0.002 -21"><span class='ocrx_word' id='word_1_374' title='bbox 196 3838 372 3907; x_wconf 73' lang='lat' dir='ltr'>guinis</span> <span class='ocrx_word' id='word_1_375' title='bbox 396 3846 793 3894; x_wconf 82' lang='lat' dir='ltr'>sacramentum</span> <span class='ocrx_word' id='word_1_376' title='bbox 828 3838 1026 3891; x_wconf 86' lang='lat' dir='ltr'>mundi</span> <span class='ocrx_word' id='word_1_377' title='bbox 1048 3853 1083 3892; x_wconf 92' lang='lat' dir='ltr'>a</span> <span class='ocrx_word' id='word_1_378' title='bbox 1124 3844 1341 3907; x_wconf 85' lang='lat' dir='ltr'>peccato</span> <span class='ocrx_word' id='word_1_379' title='bbox 1384 3854 1698 3891; x_wconf 85' lang='lat' dir='ltr'>sumamus.</span> <span class='ocrx_word' id='word_1_380' title='bbox 1730 3837 1830 3893; x_wconf 90' lang='lat' dir='ltr'>Ubi</span> 
     </span>
    </p>
   </div>
   <div class='ocr_carea' id='block_1_54' title="bbox 201 3906 1831 3980">
    <p class='ocr_par' dir='ltr' id='par_1_54' title="bbox 201 3906 1831 3980">
     <span class='ocr_line' id='line_1_54' title="bbox 201 3906 1831 3980; baseline 0.003 -22"><span class='ocrx_word' id='word_1_381' title='bbox 201 3906 345 3980; x_wconf 74' lang='lat' dir='ltr'>vides</span> <span class='ocrx_word' id='word_1_382' title='bbox 374 3909 476 3963; x_wconf 90' lang='lat' dir='ltr'>hoc</span> <span class='ocrx_word' id='word_1_383' title='bbox 502 3909 594 3965; x_wconf 90' lang='lat' dir='ltr'>die</span> <span class='ocrx_word' id='word_1_384' title='bbox 622 3908 900 3980; x_wconf 86' lang='lat' dir='ltr'>passionis</span> <span class='ocrx_word' id='word_1_385' title='bbox 933 3906 1336 3979; x_wconf 78' lang='lat' dir='ltr'>postulandum</span> <span class='ocrx_word' id='word_1_386' title='bbox 1355 3925 1486 3980; x_wconf 85' lang='lat' dir='ltr'>esse</span> <span class='ocrx_word' id='word_1_387' title='bbox 1523 3908 1831 3980; x_wconf 86' lang='lat' dir='ltr'>criminum</span> 
     </span>
    </p>
   </div>
   <div class='ocr_carea' id='block_1_55' title="bbox 199 3975 1831 4049">
    <p class='ocr_par' dir='ltr' id='par_1_55' title="bbox 199 3975 1831 4049">
     <span class='ocr_line' id='line_1_55' title="bbox 199 3975 1831 4049; baseline 0.004 -21"><span class='ocrx_word' id='word_1_388' title='bbox 199 3975 634 4049; x_wconf 62' lang='lat' dir='ltr'>indulgentiam,</span> <span class='ocrx_word' id='word_1_389' title='bbox 660 3986 719 4033; x_wconf 90' lang='lat' dir='ltr'>ut</span> <span class='ocrx_word' id='word_1_390' title='bbox 745 3975 1045 4034; x_wconf 69' lang='lat' dir='ltr'>dominica:</span> <span class='ocrx_word' id='word_1_391' title='bbox 1066 3979 1493 4034; x_wconf 86' lang='lat' dir='ltr'>resurrectionis</span> <span class='ocrx_word' id='word_1_392' title='bbox 1512 3979 1602 4034; x_wconf 91' lang='lat' dir='ltr'>die</span> <span class='ocrx_word' id='word_1_393' title='bbox 1627 3996 1831 4049; x_wconf 91' lang='lat' dir='ltr'>corpus</span> 
     </span>
    </p>
   </div>
   <div class='ocr_carea' id='block_1_56' title="bbox 200 4050 1831 4131">
    <p class='ocr_par' dir='ltr' id='par_1_56' title="bbox 200 4050 1831 4131">
     <span class='ocr_line' id='line_1_56' title="bbox 200 4050 1831 4131; baseline 0.002 -30"><span class='ocrx_word' id='word_1_394' title='bbox 200 4053 250 4101; x_wconf 84' lang='lat' dir='ltr'>et</span> <span class='ocrx_word' id='word_1_395' title='bbox 267 4052 498 4131; x_wconf 61' lang='lat' dir='ltr'>sanguis</span> <span class='ocrx_word' id='word_1_396' title='bbox 520 4051 751 4131; x_wconf 75' lang='lat' dir='ltr'>Uomini</span> <span class='ocrx_word' id='word_1_397' title='bbox 771 4056 1093 4131; x_wconf 47' lang='lat' dir='ltr'>sumantur:</span> <span class='ocrx_word' id='word_1_398' title='bbox 1120 4050 1379 4131; x_wconf 81' lang='lat' dir='ltr'>ld__etiam</span> <span class='ocrx_word' id='word_1_399' title='bbox 1411 4051 1625 4131; x_wconf 64' lang='lat' dir='ltr'>clarum</span> <span class='ocrx_word' id='word_1_400' title='bbox 1650 4055 1735 4131; x_wconf 76' lang='lat' dir='ltr'>est</span> <span class='ocrx_word' id='word_1_401' title='bbox 1764 4068 1831 4131; x_wconf 79' lang='lat' dir='ltr'>ex</span> 
     </span>
    </p>
   </div>
   <div class='ocr_carea' id='block_1_57' title="bbox 201 4121 1831 4191">
    <p class='ocr_par' dir='ltr' id='par_1_57' title="bbox 201 4121 1831 4191">
     <span class='ocr_line' id='line_1_57' title="bbox 201 4121 1831 4191; baseline 0.003 -21"><span class='ocrx_word' id='word_1_402' title='bbox 201 4121 430 4191; x_wconf 72' lang='lat' dir='ltr'>concilio</span> <span class='ocrx_word' id='word_1_403' title='bbox 459 4122 735 4177; x_wconf 88' lang='lat' dir='ltr'>&#39;l‘oletano</span> <span class='ocrx_word' id='word_1_404' title='bbox 768 4139 875 4184; x_wconf 75' lang='lat' dir='ltr'>xw,</span> <span class='ocrx_word' id='word_1_405' title='bbox 908 4138 1036 4176; x_wconf 89' lang='lat' dir='ltr'>can.</span> <span class='ocrx_word' id='word_1_406' title='bbox 1060 4124 1095 4175; x_wconf 92' lang='lat'><strong>8</strong></span> <span class='ocrx_word' id='word_1_407' title='bbox 1121 4162 1132 4175; x_wconf 97' lang='lat'>.</span> <span class='ocrx_word' id='word_1_408' title='bbox 1166 4122 1413 4191; x_wconf 72' lang='lat' dir='ltr'>Excepto</span> <span class='ocrx_word' id='word_1_409' title='bbox 1443 4121 1715 4176; x_wconf 85' lang='lat' dir='ltr'>Passionis</span> <span class='ocrx_word' id='word_1_410' title='bbox 1743 4122 1831 4175; x_wconf 78' lang='lat' dir='ltr'>do-</span> 
     </span>
    </p>
   </div>
   <div class='ocr_carea' id='block_1_58' title="bbox 202 4190 1832 4263">
    <p class='ocr_par' dir='ltr' id='par_1_58' title="bbox 202 4190 1832 4263">
     <span class='ocr_line' id='line_1_58' title="bbox 202 4190 1832 4263; baseline 0.004 -22"><span class='ocrx_word' id='word_1_411' title='bbox 202 4190 401 4246; x_wconf 59' lang='lat' dir='ltr'>minica</span> <span class='ocrx_word' id='word_1_412' title='bbox 417 4193 745 4263; x_wconf 77' lang='lat' dir='ltr'>di&#39;e,quando</span> <span class='ocrx_word' id='word_1_413' title='bbox 770 4192 976 4247; x_wconf 83' lang='lat' dir='ltr'>altaria</span> <span class='ocrx_word' id='word_1_414' title='bbox 1002 4192 1212 4247; x_wconf 77' lang='lat' dir='ltr'>nudata</span> <span class='ocrx_word' id='word_1_415' title='bbox 1224 4190 1548 4263; x_wconf 68' lang='lat' dir='ltr'>persistunt,</span> <span class='ocrx_word' id='word_1_416' title='bbox 1571 4208 1672 4247; x_wconf 84' lang='lat' dir='ltr'>nec</span> <span class='ocrx_word' id='word_1_417' title='bbox 1704 4195 1832 4247; x_wconf 86' lang='lat' dir='ltr'>cui-</span> 
     </span>
    </p>
   </div>
   <div class='ocr_carea' id='block_1_59' title="bbox 202 4263 1827 4329">
    <p class='ocr_par' dir='ltr' id='par_1_59' title="bbox 202 4263 1827 4329">
     <span class='ocr_line' id='line_1_59' title="bbox 202 4263 1827 4329; baseline 0.002 -17"><span class='ocrx_word' id='word_1_418' title='bbox 202 4275 351 4329; x_wconf 80' lang='lat' dir='ltr'>quam</span> <span class='ocrx_word' id='word_1_419' title='bbox 377 4263 432 4316; x_wconf 87' lang='lat' dir='ltr'>in</span> <span class='ocrx_word' id='word_1_420' title='bbox 450 4263 628 4319; x_wconf 85' lang='lat' dir='ltr'>eodem</span> <span class='ocrx_word' id='word_1_421' title='bbox 649 4264 743 4318; x_wconf 83' lang='lat' dir='ltr'>die</span> <span class='ocrx_word' id='word_1_422' title='bbox 766 4265 1074 4319; x_wconf 77' lang='lat' dir='ltr'>Missurum</span> <span class='ocrx_word' id='word_1_423' title='bbox 1097 4265 1216 4319; x_wconf 82' lang='lat' dir='ltr'>licet</span> <span class='ocrx_word' id='word_1_424' title='bbox 1233 4263 1504 4319; x_wconf 83' lang='lat' dir='ltr'>solemnia</span> <span class='ocrx_word' id='word_1_425' title='bbox 1525 4263 1827 4319; x_wconf 86' lang='lat' dir='ltr'>celebrare.</span> 
     </span>
    </p>
   </div>
   <div class='ocr_carea' id='block_1_60' title="bbox 265 4333 1834 4404">
    <p class='ocr_par' dir='ltr' id='par_1_60' title="bbox 265 4333 1834 4404">
     <span class='ocr_line' id='line_1_60' title="bbox 265 4333 1834 4404; baseline 0.002 -19"><span class='ocrx_word' id='word_1_426' title='bbox 265 4333 346 4386; x_wconf 78' lang='lat' dir='ltr'>Ne</span> <span class='ocrx_word' id='word_1_427' title='bbox 367 4334 485 4404; x_wconf 84' lang='lat' dir='ltr'>quis</span> <span class='ocrx_word' id='word_1_428' title='bbox 509 4340 701 4389; x_wconf 78' lang='lat' dir='ltr'>autem</span> <span class='ocrx_word' id='word_1_429' title='bbox 731 4335 884 4388; x_wconf 87' lang='lat' dir='ltr'>dicat</span> <span class='ocrx_word' id='word_1_430' title='bbox 908 4352 1019 4389; x_wconf 89' lang='lat' dir='ltr'>non</span> <span class='ocrx_word' id='word_1_431' title='bbox 1047 4334 1218 4389; x_wconf 87' lang='lat' dir='ltr'>licere</span> <span class='ocrx_word' id='word_1_432' title='bbox 1238 4334 1468 4404; x_wconf 87' lang='lat' dir='ltr'>quidem</span> <span class='ocrx_word' id='word_1_433' title='bbox 1493 4351 1561 4390; x_wconf 88' lang='lat' dir='ltr'>eo</span> <span class='ocrx_word' id='word_1_434' title='bbox 1593 4334 1682 4389; x_wconf 92' lang='lat' dir='ltr'>die</span> <span class='ocrx_word' id='word_1_435' title='bbox 1710 4350 1834 4388; x_wconf 81' lang='lat' dir='ltr'>cor-</span> 
     </span>
    </p>
   </div>
   <div class='ocr_carea' id='block_1_61' title="bbox 200 4405 1830 4476">
    <p class='ocr_par' dir='ltr' id='par_1_61' title="bbox 200 4405 1830 4476">
     <span class='ocr_line' id='line_1_61' title="bbox 200 4405 1830 4476; baseline 0.001 -20"><span class='ocrx_word' id='word_1_436' title='bbox 200 4417 297 4471; x_wconf 89' lang='lat' dir='ltr'>pus</span> <span class='ocrx_word' id='word_1_437' title='bbox 327 4409 381 4458; x_wconf 92' lang='lat' dir='ltr'>et</span> <span class='ocrx_word' id='word_1_438' title='bbox 404 4406 742 4475; x_wconf 85' lang='lat' dir='ltr'>sanguinem</span> <span class='ocrx_word' id='word_1_439' title='bbox 776 4405 981 4460; x_wconf 83' lang='lat' dir='ltr'>Christi</span> <span class='ocrx_word' id='word_1_440' title='bbox 1003 4421 1357 4472; x_wconf 85' lang='lat' dir='ltr'>consecrare,</span> <span class='ocrx_word' id='word_1_441' title='bbox 1390 4406 1487 4459; x_wconf 80' lang='lat' dir='ltr'>sed</span> <span class='ocrx_word' id='word_1_442' title='bbox 1513 4421 1672 4476; x_wconf 88' lang='lat' dir='ltr'>posse</span> <span class='ocrx_word' id='word_1_443' title='bbox 1701 4422 1830 4459; x_wconf 91' lang='lat' dir='ltr'>cum</span> 
     </span>
    </p>
   </div>
   <div class='ocr_carea' id='block_1_62' title="bbox 200 4476 1834 4548">
    <p class='ocr_par' dir='ltr' id='par_1_62' title="bbox 200 4476 1834 4548">
     <span class='ocr_line' id='line_1_62' title="bbox 200 4476 1834 4548; baseline 0.002 -21"><span class='ocrx_word' id='word_1_444' title='bbox 200 4477 673 4548; x_wconf 65' lang='lat' dir='ltr'>prmanctiﬁcatis</span> <span class='ocrx_word' id='word_1_445' title='bbox 692 4476 989 4541; x_wconf 88' lang='lat' dir='ltr'>celebrari,</span> <span class='ocrx_word' id='word_1_446' title='bbox 1009 4477 1240 4530; x_wconf 77' lang='lat' dir='ltr'>obstant</span> <span class='ocrx_word' id='word_1_447' title='bbox 1268 4476 1387 4530; x_wconf 65' lang='lat' dir='ltr'>haec</span> <span class='ocrx_word' id='word_1_448' title='bbox 1410 4478 1597 4548; x_wconf 84' lang='lat' dir='ltr'>verba,</span> <span class='ocrx_word' id='word_1_449' title='bbox 1615 4477 1834 4548; x_wconf 84' lang='lat' dir='ltr'>quando</span> 
     </span>
    </p>
   </div>
   <div class='ocr_carea' id='block_1_63' title="bbox 1112 3126 3582 3268">
    <p class='ocr_par' dir='ltr' id='par_1_63' title="bbox 1112 3126 3582 3268">
     <span class='ocr_line' id='line_1_63' title="bbox 1112 3126 3582 3196; baseline 0.001 -17"><span class='ocrx_word' id='word_1_450' title='bbox 1112 3127 1124 3179; x_wconf 90' lang='lat' dir='ltr'>i</span> <span class='ocrx_word' id='word_1_451' title='bbox 1155 3127 1386 3196; x_wconf 88' lang='lat' dir='ltr'>quidem</span> <span class='ocrx_word' id='word_1_452' title='bbox 1439 3126 1536 3180; x_wconf 92' lang='lat' dir='ltr'>illo</span> <span class='ocrx_word' id='word_1_453' title='bbox 1587 3126 1678 3181; x_wconf 91' lang='lat' dir='ltr'>die</span> <span class='ocrx_word' id='word_1_454' title='bbox 1722 3143 1826 3180; x_wconf 90' lang='lat' dir='ltr'>nec</span> <span class='ocrx_word' id='word_1_455' title='bbox 1885 3172 1907 3193; x_wconf 50' lang='grc' dir='ltr'><strong>η</strong></span> <span class='ocrx_word' id='word_1_456' title='bbox 1935 3133 1987 3182; x_wconf 90' lang='lat' dir='ltr'>et</span> <span class='ocrx_word' id='word_1_457' title='bbox 2006 3143 2084 3181; x_wconf 74' lang='lat' dir='ltr'>sic</span> <span class='ocrx_word' id='word_1_458' title='bbox 2109 3128 2322 3181; x_wconf 80' lang='lat' dir='ltr'>vadunt</span> <span class='ocrx_word' id='word_1_459' title='bbox 2342 3128 2412 3180; x_wconf 86' lang='lat' dir='ltr'>ad</span> <span class='ocrx_word' id='word_1_460' title='bbox 2437 3143 2698 3181; x_wconf 84' lang='lat' dir='ltr'>mensam.</span> <span class='ocrx_word' id='word_1_461' title='bbox 2734 3129 2946 3183; x_wconf 88' lang='lat' dir='ltr'>Eadem</span> <span class='ocrx_word' id='word_1_462' title='bbox 2980 3126 3263 3183; x_wconf 79' lang='lat' dir='ltr'>habentur</span> <span class='ocrx_word' id='word_1_463' title='bbox 3283 3126 3338 3181; x_wconf 90' lang='lat' dir='ltr'>in</span> <span class='ocrx_word' id='word_1_464' title='bbox 3371 3127 3582 3183; x_wconf 87' lang='lat' dir='ltr'>Ordine</span> 
     </span>
     <span class='ocr_line' id='line_1_64' title="bbox 1112 3180 3582 3268; baseline 0.002 -18"><span class='ocrx_word' id='word_1_465' title='bbox 1112 3198 1333 3251; x_wconf 85' lang='lat' dir='ltr'>ununio</span> <span class='ocrx_word' id='word_1_466' title='bbox 1390 3199 1820 3268; x_wconf 84' lang='lat' dir='ltr'>peragebantur,</span> <span class='ocrx_word' id='word_1_467' title='bbox 1864 3180 1909 3231; x_wconf 76' lang='grc'>(⁸</span> <span class='ocrx_word' id='word_1_468' title='bbox 1937 3201 2216 3261; x_wconf 84' lang='lat' dir='ltr'>Romano,</span> <span class='ocrx_word' id='word_1_469' title='bbox 2249 3214 2380 3251; x_wconf 91' lang='lat' dir='ltr'>cum</span> <span class='ocrx_word' id='word_1_470' title='bbox 2412 3197 2600 3268; x_wconf 84' lang='lat' dir='ltr'>agitur</span> <span class='ocrx_word' id='word_1_471' title='bbox 2629 3200 2698 3252; x_wconf 91' lang='lat' dir='ltr'>de</span> <span class='ocrx_word' id='word_1_472' title='bbox 2722 3199 2825 3253; x_wconf 89' lang='lat' dir='ltr'>hac</span> <span class='ocrx_word' id='word_1_473' title='bbox 2850 3198 2987 3253; x_wconf 79' lang='lat' dir='ltr'>feria</span> <span class='ocrx_word' id='word_1_474' title='bbox 3018 3204 3196 3254; x_wconf 88' lang='lat' dir='ltr'>sexta.</span> <span class='ocrx_word' id='word_1_475' title='bbox 3219 3200 3379 3264; x_wconf 88' lang='lat' dir='ltr'>Quod</span> <span class='ocrx_word' id='word_1_476' title='bbox 3409 3198 3582 3255; x_wconf 86' lang='lat' dir='ltr'>ﬁtho-</span> 
     </span>
    </p>
   </div>
   <div class='ocr_carea' id='block_1_64' title="bbox 1940 500 3583 573">
    <p class='ocr_par' dir='ltr' id='par_1_64' title="bbox 1940 500 3583 573">
     <span class='ocr_line' id='line_1_65' title="bbox 1940 500 3583 573; baseline 0.005 -21"><span class='ocrx_word' id='word_1_477' title='bbox 1940 500 2428 573; x_wconf 9' lang='lat' dir='ltr'>exslcurinorlib.</span> <span class='ocrx_word' id='word_1_478' title='bbox 2454 502 2525 553; x_wconf 89' lang='lat' dir='ltr'>de</span> <span class='ocrx_word' id='word_1_479' title='bbox 2558 501 2720 573; x_wconf 79' lang='lat' dir='ltr'>Ofﬁc.</span> <span class='ocrx_word' id='word_1_480' title='bbox 2753 502 2976 567; x_wconf 85' lang='lat' dir='ltr'>divinis,</span> <span class='ocrx_word' id='word_1_481' title='bbox 3013 519 3136 573; x_wconf 89' lang='lat' dir='ltr'>cap.</span> <span class='ocrx_word' id='word_1_482' title='bbox 3165 505 3235 558; x_wconf 88' lang='lat' dir='ltr'>de</span> <span class='ocrx_word' id='word_1_483' title='bbox 3266 504 3441 559; x_wconf 77' lang='lat' dir='ltr'>Cmna</span> <span class='ocrx_word' id='word_1_484' title='bbox 3475 507 3583 559; x_wconf 88' lang='lat' dir='ltr'>Do-</span> 
     </span>
    </p>
   </div>
   <div class='ocr_carea' id='block_1_65' title="bbox 1943 570 3579 643">
    <p class='ocr_par' dir='ltr' id='par_1_65' title="bbox 1943 570 3579 643">
     <span class='ocr_line' id='line_1_66' title="bbox 1943 570 3579 643; baseline 0.006 -21"><span class='ocrx_word' id='word_1_485' title='bbox 1943 570 2114 643; x_wconf 79' lang='lat' dir='ltr'>mini:</span> <span class='ocrx_word' id='word_1_486' title='bbox 2151 572 2246 643; x_wconf 68' lang='lat' dir='ltr'>Itis</span> <span class='ocrx_word' id='word_1_487' title='bbox 2269 571 2458 643; x_wconf 78' lang='lat' dir='ltr'>ﬁnitis</span> <span class='ocrx_word' id='word_1_488' title='bbox 2487 571 2776 626; x_wconf 81' lang='lat' dir='ltr'>nudantur</span> <span class='ocrx_word' id='word_1_489' title='bbox 2805 576 3016 628; x_wconf 85' lang='lat' dir='ltr'>altaria</span> <span class='ocrx_word' id='word_1_490' title='bbox 3036 570 3155 643; x_wconf 79' lang='lat' dir='ltr'>jam</span> <span class='ocrx_word' id='word_1_491' title='bbox 3186 575 3337 629; x_wconf 79' lang='lat' dir='ltr'>circa</span> <span class='ocrx_word' id='word_1_492' title='bbox 3356 581 3579 631; x_wconf 85' lang='lat' dir='ltr'>noctem.</span> 
     </span>
    </p>
   </div>
   <div class='ocr_carea' id='block_1_66' title="bbox 1940 641 3578 712">
    <p class='ocr_par' dir='ltr' id='par_1_66' title="bbox 1940 641 3578 712">
     <span class='ocr_line' id='line_1_67' title="bbox 1940 641 3578 712; baseline 0.004 -18"><span class='ocrx_word' id='word_1_493' title='bbox 1940 641 2097 705; x_wconf 88' lang='lat' dir='ltr'>Quod</span> <span class='ocrx_word' id='word_1_494' title='bbox 2128 642 2349 697; x_wconf 86' lang='lat' dir='ltr'>videtur</span> <span class='ocrx_word' id='word_1_495' title='bbox 2368 641 2544 696; x_wconf 90' lang='lat' dir='ltr'>etiam</span> <span class='ocrx_word' id='word_1_496' title='bbox 2575 658 2703 696; x_wconf 85' lang='lat' dir='ltr'>can.</span> <span class='ocrx_word' id='word_1_497' title='bbox 2731 643 2764 696; x_wconf 91' lang='lat'>8</span> <span class='ocrx_word' id='word_1_498' title='bbox 2793 644 3014 699; x_wconf 89' lang='lat' dir='ltr'>concilii</span> <span class='ocrx_word' id='word_1_499' title='bbox 3038 641 3307 700; x_wconf 73' lang='lat' dir='ltr'>Toletani</span> <span class='ocrx_word' id='word_1_500' title='bbox 3328 662 3439 711; x_wconf 74' lang='lat' dir='ltr'>xvn,</span> <span class='ocrx_word' id='word_1_501' title='bbox 3462 647 3578 712; x_wconf 90' lang='lat' dir='ltr'>ubi,</span> 
     </span>
    </p>
   </div>
   <div class='ocr_carea' id='block_1_67' title="bbox 1938 714 3578 783">
    <p class='ocr_par' dir='ltr' id='par_1_67' title="bbox 1938 714 3578 783">
     <span class='ocr_line' id='line_1_68' title="bbox 1938 714 3578 783; baseline 0.003 -18"><span class='ocrx_word' id='word_1_502' title='bbox 1938 727 2113 783; x_wconf 81' lang='lat' dir='ltr'>agens</span> <span class='ocrx_word' id='word_1_503' title='bbox 2144 714 2212 768; x_wconf 90' lang='lat' dir='ltr'>de</span> <span class='ocrx_word' id='word_1_504' title='bbox 2240 719 2440 768; x_wconf 88' lang='lat' dir='ltr'>sancta</span> <span class='ocrx_word' id='word_1_505' title='bbox 2470 729 2792 783; x_wconf 88' lang='lat' dir='ltr'>parasceve,</span> <span class='ocrx_word' id='word_1_506' title='bbox 2810 714 2979 770; x_wconf 86' lang='lat' dir='ltr'>dicit:</span> <span class='ocrx_word' id='word_1_507' title='bbox 3007 716 3243 781; x_wconf 76' lang='lat' dir='ltr'>Quando</span> <span class='ocrx_word' id='word_1_508' title='bbox 3260 717 3471 772; x_wconf 81' lang='lat' dir='ltr'>altaria</span> <span class='ocrx_word' id='word_1_509' title='bbox 3486 717 3578 771; x_wconf 85' lang='lat' dir='ltr'>de-</span> 
     </span>
    </p>
   </div>
   <div class='ocr_carea' id='block_1_68' title="bbox 1938 784 3580 855">
    <p class='ocr_par' dir='ltr' id='par_1_68' title="bbox 1938 784 3580 855">
     <span class='ocr_line' id='line_1_69' title="bbox 1938 784 3580 855; baseline 0.005 -20"><span class='ocrx_word' id='word_1_510' title='bbox 1938 784 2147 855; x_wconf 81' lang='lat' dir='ltr'>nudata</span> <span class='ocrx_word' id='word_1_511' title='bbox 2169 784 2511 849; x_wconf 81' lang='lat' dir='ltr'>persistunt;</span> <span class='ocrx_word' id='word_1_512' title='bbox 2540 800 2667 838; x_wconf 89' lang='lat' dir='ltr'>nam</span> <span class='ocrx_word' id='word_1_513' title='bbox 2707 788 2765 835; x_wconf 89' lang='grc' dir='ltr'><strong>τό</strong></span> <span class='ocrx_word' id='word_1_514' title='bbox 2792 787 3103 855; x_wconf 76' lang='lat' dir='ltr'>pet-sistunt</span> <span class='ocrx_word' id='word_1_515' title='bbox 3143 786 3362 841; x_wconf 88' lang='lat' dir='ltr'>indicat</span> <span class='ocrx_word' id='word_1_516' title='bbox 3390 804 3457 843; x_wconf 89' lang='lat' dir='ltr'>eo</span> <span class='ocrx_word' id='word_1_517' title='bbox 3488 788 3580 844; x_wconf 89' lang='lat' dir='ltr'>die</span> 
     </span>
    </p>
   </div>
   <div class='ocr_carea' id='block_1_69' title="bbox 1935 854 3580 930">
    <p class='ocr_par' dir='ltr' id='par_1_69' title="bbox 1935 854 3580 930">
     <span class='ocr_line' id='line_1_70' title="bbox 1935 854 3580 930; baseline 0.003 -21"><span class='ocrx_word' id='word_1_518' title='bbox 1935 871 2050 930; x_wconf 79' lang='lat' dir='ltr'>non</span> <span class='ocrx_word' id='word_1_519' title='bbox 2098 854 2283 930; x_wconf 70' lang='lat' dir='ltr'>fuisse</span> <span class='ocrx_word' id='word_1_520' title='bbox 2315 856 2630 915; x_wconf 87' lang='lat' dir='ltr'>denudata.</span> <span class='ocrx_word' id='word_1_521' title='bbox 2667 854 2986 930; x_wconf 77' lang='lat' dir='ltr'>sedpridie</span> <span class='ocrx_word' id='word_1_522' title='bbox 3009 858 3178 927; x_wconf 85' lang='lat' dir='ltr'>juxta</span> <span class='ocrx_word' id='word_1_523' title='bbox 3208 874 3453 922; x_wconf 89' lang='lat' dir='ltr'>morem,</span> <span class='ocrx_word' id='word_1_524' title='bbox 3483 861 3580 930; x_wconf 89' lang='lat' dir='ltr'>qui</span> 
     </span>
    </p>
   </div>
   <div class='ocr_carea' id='block_1_70' title="bbox 1933 925 3578 995">
    <p class='ocr_par' dir='ltr' id='par_1_70' title="bbox 1933 925 3578 995">
     <span class='ocr_line' id='line_1_71' title="bbox 1933 925 3578 995; baseline 0.004 -16"><span class='ocrx_word' id='word_1_525' title='bbox 1933 925 2109 979; x_wconf 88' lang='lat' dir='ltr'>etiam</span> <span class='ocrx_word' id='word_1_526' title='bbox 2140 926 2518 981; x_wconf 87' lang='lat' dir='ltr'>conﬁrmatur</span> <span class='ocrx_word' id='word_1_527' title='bbox 2545 942 2611 980; x_wconf 87' lang='lat' dir='ltr'>ex</span> <span class='ocrx_word' id='word_1_528' title='bbox 2634 925 2873 982; x_wconf 85' lang='lat' dir='ltr'>concilio</span> <span class='ocrx_word' id='word_1_529' title='bbox 2892 925 3166 983; x_wconf 77' lang='lat' dir='ltr'>Toletano</span> <span class='ocrx_word' id='word_1_530' title='bbox 3196 945 3327 995; x_wconf 85' lang='lat' dir='ltr'>xvu,</span> <span class='ocrx_word' id='word_1_531' title='bbox 3355 945 3481 985; x_wconf 90' lang='lat' dir='ltr'>can.</span> <span class='ocrx_word' id='word_1_532' title='bbox 3500 925 3578 985; x_wconf 54' lang='lat'>&#39;2:</span> 
     </span>
    </p>
   </div>
   <div class='ocr_carea' id='block_1_71' title="bbox 1941 999 3581 1070">
    <p class='ocr_par' dir='ltr' id='par_1_71' title="bbox 1941 999 3581 1070">
     <span class='ocr_line' id='line_1_72' title="bbox 1941 999 3581 1070; baseline 0.002 -19"><span class='ocrx_word' id='word_1_533' title='bbox 1941 999 2041 1070; x_wconf 8' lang='lat' dir='ltr'>Ita?</span> <span class='ocrx_word' id='word_1_534' title='bbox 2058 999 2247 1070; x_wconf 81' lang='lat' dir='ltr'>utnisi</span> <span class='ocrx_word' id='word_1_535' title='bbox 2264 1001 2318 1070; x_wconf 82' lang='lat' dir='ltr'>in</span> <span class='ocrx_word' id='word_1_536' title='bbox 2345 999 2536 1070; x_wconf 70' lang='lat' dir='ltr'>Omns:</span> <span class='ocrx_word' id='word_1_537' title='bbox 2558 999 2786 1052; x_wconf 82' lang='lat' dir='ltr'>Domini</span> <span class='ocrx_word' id='word_1_538' title='bbox 2811 999 3403 1070; x_wconf 85' lang='lat' dir='ltr'>celebritate,quando</span> <span class='ocrx_word' id='word_1_539' title='bbox 3430 1016 3581 1057; x_wconf 88' lang='lat' dir='ltr'>more</span> 
     </span>
    </p>
   </div>
   <div class='ocr_carea' id='block_1_72' title="bbox 1931 1069 3584 1133">
    <p class='ocr_par' dir='ltr' id='par_1_72' title="bbox 1931 1069 3584 1133">
     <span class='ocr_line' id='line_1_73' title="bbox 1931 1069 3584 1133; baseline 0.002 -10"><span class='ocrx_word' id='word_1_540' title='bbox 1931 1069 2100 1123; x_wconf 88' lang='lat' dir='ltr'>solito</span> <span class='ocrx_word' id='word_1_541' title='bbox 2130 1069 2337 1123; x_wconf 86' lang='lat' dir='ltr'>altaria</span> <span class='ocrx_word' id='word_1_542' title='bbox 2365 1069 2565 1123; x_wconf 80' lang='lat' dir='ltr'>debent</span> <span class='ocrx_word' id='word_1_543' title='bbox 2611 1070 2902 1133; x_wconf 79' lang='lat' dir='ltr'>devestiri,</span> <span class='ocrx_word' id='word_1_544' title='bbox 2952 1070 3138 1124; x_wconf 82' lang='lat' dir='ltr'>eadem</span> <span class='ocrx_word' id='word_1_545' title='bbox 3174 1069 3408 1126; x_wconf 73' lang='lat' dir='ltr'>debeant</span> <span class='ocrx_word' id='word_1_546' title='bbox 3438 1072 3584 1127; x_wconf 81' lang='lat' dir='ltr'>ostia</span> 
     </span>
    </p>
   </div>
   <div class='ocr_carea' id='block_1_73' title="bbox 1932 1139 3584 1212">
    <p class='ocr_par' dir='ltr' id='par_1_73' title="bbox 1932 1139 3584 1212">
     <span class='ocr_line' id='line_1_74' title="bbox 1932 1139 3584 1212; baseline 0.002 -20"><span class='ocrx_word' id='word_1_547' title='bbox 1932 1139 2202 1212; x_wconf 79' lang='lat' dir='ltr'>reserari.</span> <span class='ocrx_word' id='word_1_548' title='bbox 2232 1141 2288 1193; x_wconf 90' lang='lat' dir='ltr'>Id</span> <span class='ocrx_word' id='word_1_549' title='bbox 2312 1139 2486 1194; x_wconf 89' lang='lat' dir='ltr'>etiam</span> <span class='ocrx_word' id='word_1_550' title='bbox 2521 1141 2791 1212; x_wconf 78' lang='lat' dir='ltr'>probatur</span> <span class='ocrx_word' id='word_1_551' title='bbox 2813 1157 2879 1212; x_wconf 86' lang='lat' dir='ltr'>ex</span> <span class='ocrx_word' id='word_1_552' title='bbox 2907 1141 3126 1212; x_wconf 86' lang='lat' dir='ltr'>lotione</span> <span class='ocrx_word' id='word_1_553' title='bbox 3148 1141 3437 1209; x_wconf 86' lang='lat' dir='ltr'>altarium,</span> <span class='ocrx_word' id='word_1_554' title='bbox 3461 1158 3584 1212; x_wconf 67' lang='lat' dir='ltr'>quae</span> 
     </span>
    </p>
   </div>
   <div class='ocr_carea' id='block_1_74' title="bbox 1934 1210 3580 1283">
    <p class='ocr_par' dir='ltr' id='par_1_74' title="bbox 1934 1210 3580 1283">
     <span class='ocr_line' id='line_1_75' title="bbox 1934 1210 3580 1283; baseline 0.001 -18"><span class='ocrx_word' id='word_1_555' title='bbox 1934 1211 2071 1265; x_wconf 90' lang='lat' dir='ltr'>olim</span> <span class='ocrx_word' id='word_1_556' title='bbox 2117 1210 2293 1283; x_wconf 84' lang='lat' dir='ltr'>ﬁebat</span> <span class='ocrx_word' id='word_1_557' title='bbox 2315 1212 2514 1283; x_wconf 85' lang='lat' dir='ltr'>eodem</span> <span class='ocrx_word' id='word_1_558' title='bbox 2547 1210 2636 1283; x_wconf 85' lang='lat' dir='ltr'>die</span> <span class='ocrx_word' id='word_1_559' title='bbox 2662 1211 2828 1265; x_wconf 88' lang='lat' dir='ltr'>simul</span> <span class='ocrx_word' id='word_1_560' title='bbox 2871 1228 3001 1266; x_wconf 92' lang='lat' dir='ltr'>cum</span> <span class='ocrx_word' id='word_1_561' title='bbox 3033 1211 3245 1267; x_wconf 91' lang='lat' dir='ltr'>lotione</span> <span class='ocrx_word' id='word_1_562' title='bbox 3275 1210 3580 1283; x_wconf 80' lang='lat' dir='ltr'>parietum,</span> 
     </span>
    </p>
   </div>
   <div class='ocr_carea' id='block_1_75' title="bbox 1935 1281 3586 1354">
    <p class='ocr_par' dir='ltr' id='par_1_75' title="bbox 1935 1281 3586 1354">
     <span class='ocr_line' id='line_1_76' title="bbox 1935 1281 3586 1354; baseline 0.003 -19"><span class='ocrx_word' id='word_1_563' title='bbox 1935 1298 2001 1354; x_wconf 84' lang='lat' dir='ltr'>ac</span> <span class='ocrx_word' id='word_1_564' title='bbox 2026 1281 2339 1351; x_wconf 83' lang='lat' dir='ltr'>pavimenti</span> <span class='ocrx_word' id='word_1_565' title='bbox 2370 1281 2589 1353; x_wconf 83' lang='lat' dir='ltr'>templi,</span> <span class='ocrx_word' id='word_1_566' title='bbox 2614 1287 2671 1337; x_wconf 87' lang='lat' dir='ltr'>et</span> <span class='ocrx_word' id='word_1_567' title='bbox 2700 1298 2999 1349; x_wconf 83' lang='lat' dir='ltr'>vasorum;</span> <span class='ocrx_word' id='word_1_568' title='bbox 3027 1284 3096 1339; x_wconf 87' lang='lat' dir='ltr'>de</span> <span class='ocrx_word' id='word_1_569' title='bbox 3125 1281 3332 1354; x_wconf 81' lang='lat' dir='ltr'>quibus</span> <span class='ocrx_word' id='word_1_570' title='bbox 3360 1284 3586 1340; x_wconf 89' lang='lat' dir='ltr'>hicbre-</span> 
     </span>
    </p>
   </div>
   <div class='ocr_carea' id='block_1_76' title="bbox 1936 1352 2368 1421">
    <p class='ocr_par' dir='ltr' id='par_1_76' title="bbox 1936 1352 2368 1421">
     <span class='ocr_line' id='line_1_77' title="bbox 1936 1352 2368 1421; baseline 0.005 -16"><span class='ocrx_word' id='word_1_571' title='bbox 1936 1352 2081 1405; x_wconf 81' lang='lat' dir='ltr'>viter</span> <span class='ocrx_word' id='word_1_572' title='bbox 2104 1369 2368 1421; x_wconf 84' lang='lat' dir='ltr'>agemus.</span> 
     </span>
    </p>
   </div>
   <div class='ocr_carea' id='block_1_77' title="bbox 2008 1422 3585 1549">
    <p class='ocr_par' dir='ltr' id='par_1_77' title="bbox 2008 1422 3585 1549">
     <span class='ocr_line' id='line_1_78' title="bbox 2008 1422 3585 1549; baseline 0.001 -71"><span class='ocrx_word' id='word_1_573' title='bbox 2008 1424 2211 1493; x_wconf 87' lang='lat' dir='ltr'>Supra,</span> <span class='ocrx_word' id='word_1_574' title='bbox 2240 1424 2298 1477; x_wconf 90' lang='lat' dir='ltr'>in</span> <span class='ocrx_word' id='word_1_575' title='bbox 2319 1424 2524 1478; x_wconf 86' lang='lat' dir='ltr'>eodem</span> <span class='ocrx_word' id='word_1_576' title='bbox 2555 1422 2738 1494; x_wconf 86' lang='lat' dir='ltr'>capite</span> <span class='ocrx_word' id='word_1_577' title='bbox 2763 1423 2970 1495; x_wconf 75' lang='lat' dir='ltr'>regulae</span> <span class='ocrx_word' id='word_1_578' title='bbox 3002 1424 3274 1549; x_wconf 53' lang='lat' dir='ltr'>Maqlistri,</span> <span class='ocrx_word' id='word_1_579' title='bbox 3306 1442 3435 1480; x_wconf 88' lang='lat' dir='ltr'>cum</span> <span class='ocrx_word' id='word_1_580' title='bbox 3466 1424 3585 1496; x_wconf 85' lang='lat' dir='ltr'>agit</span> 
     </span>
     <span class='ocr_line' id='line_1_79' title="bbox 2037 1494 3581 1549; baseline 0.001 -2"><span class='ocrx_word' id='word_1_581' title='bbox 2037 1494 2176 1549; x_wconf 82' lang='lat' dir='ltr'>feria</span> <span class='ocrx_word' id='word_1_582' title='bbox 2197 1498 2355 1549; x_wconf 81' lang='lat' dir='ltr'>sexta</span> <span class='ocrx_word' id='word_1_583' title='bbox 2383 1495 2623 1549; x_wconf 89' lang='lat' dir='ltr'>maioris</span> <span class='ocrx_word' id='word_1_584' title='bbox 2656 1494 3069 1549; x_wconf 54' lang='lat' dir='ltr'>‘hebdomadae.</span> <span class='ocrx_word' id='word_1_585' title='bbox 3150 1513 3227 1549; x_wconf 60' lang='lat' dir='ltr'>asc</span> <span class='ocrx_word' id='word_1_586' title='bbox 3280 1496 3581 1549; x_wconf 85' lang='lat' dir='ltr'>habentur.</span> 
     </span>
    </p>
   </div>
   <div class='ocr_carea' id='block_1_78' title="bbox 1935 1494 3581 1566">
    <p class='ocr_par' dir='ltr' id='par_1_78' title="bbox 1935 1494 3581 1566">
     <span class='ocr_line' id='line_1_80' title="bbox 1935 1494 3581 1566; baseline 0.002 -19"><span class='ocrx_word' id='word_1_587' title='bbox 1935 1494 2005 1548; x_wconf 90' lang='lat' dir='ltr'>de</span> <span class='ocrx_word' id='word_1_588' title='bbox 2037 1494 2176 1549; x_wconf 83' lang='lat' dir='ltr'>feria</span> <span class='ocrx_word' id='word_1_589' title='bbox 2197 1498 2355 1549; x_wconf 81' lang='lat' dir='ltr'>sexta</span> <span class='ocrx_word' id='word_1_590' title='bbox 2383 1495 2623 1566; x_wconf 89' lang='lat' dir='ltr'>majoris</span> <span class='ocrx_word' id='word_1_591' title='bbox 2656 1494 3069 1559; x_wconf 50' lang='lat' dir='ltr'>‘hedemadae,</span> <span class='ocrx_word' id='word_1_592' title='bbox 3103 1494 3227 1551; x_wconf 69' lang='lat' dir='ltr'>haec</span> <span class='ocrx_word' id='word_1_593' title='bbox 3280 1494 3581 1562; x_wconf 76' lang='lat' dir='ltr'>habentur,</span> 
     </span>
    </p>
   </div>
   <div class='ocr_carea' id='block_1_79' title="bbox 1940 1567 3585 1638">
    <p class='ocr_par' dir='ltr' id='par_1_79' title="bbox 1940 1567 3585 1638">
     <span class='ocr_line' id='line_1_81' title="bbox 1940 1567 3585 1638; baseline 0.002 -19"><span class='ocrx_word' id='word_1_594' title='bbox 1940 1567 2085 1619; x_wconf 82' lang='lat' dir='ltr'>Latio</span> <span class='ocrx_word' id='word_1_595' title='bbox 2116 1580 2247 1620; x_wconf 83' lang='lat' dir='ltr'>vero</span> <span class='ocrx_word' id='word_1_596' title='bbox 2268 1567 2583 1638; x_wconf 77' lang='lat' dir='ltr'>rerum,v_el</span> <span class='ocrx_word' id='word_1_597' title='bbox 2602 1571 2903 1636; x_wconf 85' lang='lat' dir='ltr'>apparatus</span> <span class='ocrx_word' id='word_1_598' title='bbox 2919 1567 3190 1636; x_wconf 83' lang='lat' dir='ltr'>paschalis</span> <span class='ocrx_word' id='word_1_599' title='bbox 3211 1568 3327 1637; x_wconf 83' lang='lat' dir='ltr'>ipso</span> <span class='ocrx_word' id='word_1_600' title='bbox 3350 1567 3444 1622; x_wconf 85' lang='lat' dir='ltr'>die</span> <span class='ocrx_word' id='word_1_601' title='bbox 3458 1584 3585 1638; x_wconf 84' lang='lat' dir='ltr'>pro-</span> 
     </span>
    </p>
   </div>
   <div class='ocr_carea' id='block_1_80' title="bbox 1935 1636 3579 1707">
    <p class='ocr_par' dir='ltr' id='par_1_80' title="bbox 1935 1636 3579 1707">
     <span class='ocr_line' id='line_1_82' title="bbox 1935 1636 3579 1707; baseline 0.002 -17"><span class='ocrx_word' id='word_1_602' title='bbox 1935 1641 2180 1692; x_wconf 84' lang='lat' dir='ltr'>curetur.</span> <span class='ocrx_word' id='word_1_603' title='bbox 2215 1638 2348 1701; x_wconf 67' lang='lat' dir='ltr'>Quze</span> <span class='ocrx_word' id='word_1_604' title='bbox 2376 1636 2751 1707; x_wconf 86' lang='lat' dir='ltr'>intelligenda</span> <span class='ocrx_word' id='word_1_605' title='bbox 2777 1642 2910 1692; x_wconf 90' lang='lat' dir='ltr'>sunt</span> <span class='ocrx_word' id='word_1_606' title='bbox 2943 1640 3015 1692; x_wconf 87' lang='lat' dir='ltr'>de</span> <span class='ocrx_word' id='word_1_607' title='bbox 3046 1636 3259 1693; x_wconf 85' lang='lat' dir='ltr'>lotione</span> <span class='ocrx_word' id='word_1_608' title='bbox 3287 1636 3579 1704; x_wconf 78' lang='lat' dir='ltr'>altarium,</span> 
     </span>
    </p>
   </div>
   <div class='ocr_carea' id='block_1_81' title="bbox 1935 1708 3585 1779">
    <p class='ocr_par' dir='ltr' id='par_1_81' title="bbox 1935 1708 3585 1779">
     <span class='ocr_line' id='line_1_83' title="bbox 1935 1708 3585 1779; baseline 0.003 -19"><span class='ocrx_word' id='word_1_609' title='bbox 1935 1708 2217 1778; x_wconf 86' lang='lat' dir='ltr'>parietum</span> <span class='ocrx_word' id='word_1_610' title='bbox 2243 1725 2299 1762; x_wconf 76' lang='lat' dir='ltr'>et</span> <span class='ocrx_word' id='word_1_611' title='bbox 2328 1708 2785 1779; x_wconf 83' lang='lat' dir='ltr'>pavimentorum</span> <span class='ocrx_word' id='word_1_612' title='bbox 2815 1709 3032 1778; x_wconf 90' lang='lat' dir='ltr'>templi,</span> <span class='ocrx_word' id='word_1_613' title='bbox 3075 1713 3132 1763; x_wconf 90' lang='lat' dir='ltr'>et</span> <span class='ocrx_word' id='word_1_614' title='bbox 3173 1726 3462 1765; x_wconf 83' lang='lat' dir='ltr'>sacrorum</span> <span class='ocrx_word' id='word_1_615' title='bbox 3492 1727 3585 1765; x_wconf 87' lang='lat' dir='ltr'>va-</span> 
     </span>
    </p>
   </div>
   <div class='ocr_carea' id='block_1_82' title="bbox 1935 1778 3582 1851">
    <p class='ocr_par' dir='ltr' id='par_1_82' title="bbox 1935 1778 3582 1851">
     <span class='ocr_line' id='line_1_84' title="bbox 1935 1778 3582 1851; baseline 0.002 -18"><span class='ocrx_word' id='word_1_616' title='bbox 1935 1795 2126 1851; x_wconf 86' lang='lat' dir='ltr'>sorum</span> <span class='ocrx_word' id='word_1_617' title='bbox 2157 1778 2549 1851; x_wconf 80' lang='lat' dir='ltr'>puriﬁCatione</span> <span class='ocrx_word' id='word_1_618' title='bbox 2594 1778 2782 1851; x_wconf 60' lang='lat'>343</span> <span class='ocrx_word' id='word_1_619' title='bbox 2806 1796 2930 1849; x_wconf 65' lang='lat' dir='ltr'>quae</span> <span class='ocrx_word' id='word_1_620' title='bbox 2956 1779 3060 1834; x_wconf 90' lang='lat' dir='ltr'>etsi</span> <span class='ocrx_word' id='word_1_621' title='bbox 3086 1779 3142 1833; x_wconf 92' lang='lat' dir='ltr'>in</span> <span class='ocrx_word' id='word_1_622' title='bbox 3190 1780 3375 1849; x_wconf 88' lang='lat' dir='ltr'>patria</span> <span class='ocrx_word' id='word_1_623' title='bbox 3405 1780 3582 1851; x_wconf 89' lang='lat' dir='ltr'>ipsius</span> 
     </span>
    </p>
   </div>
   <div class='ocr_carea' id='block_1_83' title="bbox 1936 1849 3576 1921">
    <p class='ocr_par' dir='ltr' id='par_1_83' title="bbox 1936 1849 3576 1921">
     <span class='ocr_line' id='line_1_85' title="bbox 1936 1849 3576 1921; baseline 0.002 -17"><span class='ocrx_word' id='word_1_624' title='bbox 1936 1850 2207 1919; x_wconf 80' lang='lat' dir='ltr'>Magistri,</span> <span class='ocrx_word' id='word_1_625' title='bbox 2241 1854 2300 1904; x_wconf 87' lang='lat' dir='ltr'>et</span> <span class='ocrx_word' id='word_1_626' title='bbox 2324 1851 2565 1904; x_wconf 85' lang='lat' dir='ltr'>fortasse</span> <span class='ocrx_word' id='word_1_627' title='bbox 2595 1849 2728 1921; x_wconf 81' lang='lat' dir='ltr'>alibi</span> <span class='ocrx_word' id='word_1_628' title='bbox 2755 1849 3011 1921; x_wconf 85' lang='lat' dir='ltr'>ﬁerentin</span> <span class='ocrx_word' id='word_1_629' title='bbox 3032 1856 3231 1905; x_wconf 90' lang='lat' dir='ltr'>sancta</span> <span class='ocrx_word' id='word_1_630' title='bbox 3252 1849 3576 1921; x_wconf 70' lang='lat' dir='ltr'>paraséeve,</span> 
     </span>
    </p>
   </div>
   <div class='ocr_carea' id='block_1_84' title="bbox 1936 1920 3585 1985">
    <p class='ocr_par' dir='ltr' id='par_1_84' title="bbox 1936 1920 3585 1985">
     <span class='ocr_line' id='line_1_86' title="bbox 1936 1920 3585 1985; baseline 0.002 -12"><span class='ocrx_word' id='word_1_631' title='bbox 1936 1925 2131 1975; x_wconf 88' lang='lat' dir='ltr'>tamen</span> <span class='ocrx_word' id='word_1_632' title='bbox 2183 1923 2374 1975; x_wconf 63' lang='lat' dir='ltr'>Romae</span> <span class='ocrx_word' id='word_1_633' title='bbox 2409 1920 2620 1975; x_wconf 87' lang='lat' dir='ltr'>ﬁebant</span> <span class='ocrx_word' id='word_1_634' title='bbox 2664 1920 2805 1974; x_wconf 86' lang='lat' dir='ltr'>feria</span> <span class='ocrx_word' id='word_1_635' title='bbox 2833 1922 2868 1974; x_wconf 83' lang='lat'><strong><em>5</em></strong></span> <span class='ocrx_word' id='word_1_636' title='bbox 2908 1921 2964 1974; x_wconf 92' lang='lat' dir='ltr'>in</span> <span class='ocrx_word' id='word_1_637' title='bbox 3003 1922 3178 1976; x_wconf 73' lang='lat' dir='ltr'>Coena</span> <span class='ocrx_word' id='word_1_638' title='bbox 3218 1920 3466 1985; x_wconf 90' lang='lat' dir='ltr'>Domini,</span> <span class='ocrx_word' id='word_1_639' title='bbox 3521 1926 3585 1976; x_wconf 88' lang='lat' dir='ltr'>ut</span> 
     </span>
    </p>
   </div>
   <div class='ocr_carea' id='block_1_85' title="bbox 1936 1991 3582 2063">
    <p class='ocr_par' dir='ltr' id='par_1_85' title="bbox 1936 1991 3582 2063">
     <span class='ocr_line' id='line_1_87' title="bbox 1936 1991 3582 2063; baseline 0.001 -17"><span class='ocrx_word' id='word_1_640' title='bbox 1936 1996 2161 2063; x_wconf 88' lang='lat' dir='ltr'>constat</span> <span class='ocrx_word' id='word_1_641' title='bbox 2194 2008 2266 2047; x_wconf 82' lang='lat' dir='ltr'>ex</span> <span class='ocrx_word' id='word_1_642' title='bbox 2308 1992 2519 2047; x_wconf 92' lang='lat' dir='ltr'>Ordine</span> <span class='ocrx_word' id='word_1_643' title='bbox 2569 1995 2867 2063; x_wconf 77' lang='lat' dir='ltr'>Romano,</span> <span class='ocrx_word' id='word_1_644' title='bbox 2898 1991 2991 2045; x_wconf 86' lang='lat' dir='ltr'>ubi</span> <span class='ocrx_word' id='word_1_645' title='bbox 3034 1992 3153 2062; x_wconf 88' lang='lat' dir='ltr'>agit</span> <span class='ocrx_word' id='word_1_646' title='bbox 3178 1993 3248 2047; x_wconf 88' lang='lat' dir='ltr'>de</span> <span class='ocrx_word' id='word_1_647' title='bbox 3274 1993 3445 2063; x_wconf 85' lang='lat' dir='ltr'>hujus</span> <span class='ocrx_word' id='word_1_648' title='bbox 3467 1992 3582 2047; x_wconf 90' lang='lat' dir='ltr'>diei</span> 
     </span>
    </p>
   </div>
   <div class='ocr_carea' id='block_1_86' title="bbox 1937 2062 3584 2134">
    <p class='ocr_par' dir='ltr' id='par_1_86' title="bbox 1937 2062 3584 2134">
     <span class='ocr_line' id='line_1_88' title="bbox 1937 2062 3584 2134; baseline 0.001 -17"><span class='ocrx_word' id='word_1_649' title='bbox 1937 2062 2303 2134; x_wconf 9' lang='lat' dir='ltr'>solemnitate,</span> <span class='ocrx_word' id='word_1_650' title='bbox 2328 2080 2341 2117; x_wconf 90' lang='lat'><strong>:</strong></span> <span class='ocrx_word' id='word_1_651' title='bbox 2370 2063 2571 2118; x_wconf 84' lang='lat' dir='ltr'>Eodem</span> <span class='ocrx_word' id='word_1_652' title='bbox 2594 2062 2683 2117; x_wconf 85' lang='lat' dir='ltr'>die</span> <span class='ocrx_word' id='word_1_653' title='bbox 2700 2062 2907 2116; x_wconf 84' lang='lat' dir='ltr'>altaria</span> <span class='ocrx_word' id='word_1_654' title='bbox 2930 2064 3194 2134; x_wconf 73' lang='lat' dir='ltr'>temptiet</span> <span class='ocrx_word' id='word_1_655' title='bbox 3208 2062 3584 2134; x_wconf 82' lang='lat' dir='ltr'>parietes,sive</span> 
     </span>
    </p>
   </div>
   <div class='ocr_carea' id='block_1_87' title="bbox 1936 2133 3584 2203">
    <p class='ocr_par' dir='ltr' id='par_1_87' title="bbox 1936 2133 3584 2203">
     <span class='ocr_line' id='line_1_89' title="bbox 1936 2133 3584 2203; baseline 0.001 -16"><span class='ocrx_word' id='word_1_656' title='bbox 1936 2135 2259 2203; x_wconf 85' lang='lat' dir='ltr'>pavimenta</span> <span class='ocrx_word' id='word_1_657' title='bbox 2276 2133 2531 2188; x_wconf 71' lang='lat' dir='ltr'>Ecclesiae</span> <span class='ocrx_word' id='word_1_658' title='bbox 2553 2134 2828 2197; x_wconf 78' lang='lat' dir='ltr'>laventur,</span> <span class='ocrx_word' id='word_1_659' title='bbox 2861 2140 2911 2187; x_wconf 88' lang='lat' dir='ltr'>et</span> <span class='ocrx_word' id='word_1_660' title='bbox 2946 2151 3073 2187; x_wconf 84' lang='lat' dir='ltr'>vasa</span> <span class='ocrx_word' id='word_1_661' title='bbox 3104 2133 3343 2189; x_wconf 87' lang='lat' dir='ltr'>Domino</span> <span class='ocrx_word' id='word_1_662' title='bbox 3361 2143 3584 2190; x_wconf 86' lang='lat' dir='ltr'>sacrata</span> 
     </span>
    </p>
   </div>
   <div class='ocr_carea' id='block_1_88' title="bbox 1933 2203 3586 2276">
    <p class='ocr_par' dir='ltr' id='par_1_88' title="bbox 1933 2203 3586 2276">
     <span class='ocr_line' id='line_1_90' title="bbox 1933 2203 3586 2276; baseline -0.001 -16"><span class='ocrx_word' id='word_1_663' title='bbox 1933 2205 2317 2276; x_wconf 73' lang='lat' dir='ltr'>puri/iocatur.</span> <span class='ocrx_word' id='word_1_664' title='bbox 2354 2205 2414 2276; x_wconf 82' lang='lat' dir='ltr'>In</span> <span class='ocrx_word' id='word_1_665' title='bbox 2436 2203 2638 2276; x_wconf 85' lang='lat' dir='ltr'>Gallia,</span> <span class='ocrx_word' id='word_1_666' title='bbox 2670 2208 2730 2257; x_wconf 91' lang='lat' dir='ltr'>ut</span> <span class='ocrx_word' id='word_1_667' title='bbox 2753 2204 2985 2276; x_wconf 85' lang='lat' dir='ltr'>planum</span> <span class='ocrx_word' id='word_1_668' title='bbox 3020 2209 3107 2259; x_wconf 89' lang='lat' dir='ltr'>est</span> <span class='ocrx_word' id='word_1_669' title='bbox 3127 2221 3194 2260; x_wconf 89' lang='lat' dir='ltr'>ex</span> <span class='ocrx_word' id='word_1_670' title='bbox 3225 2210 3425 2276; x_wconf 84' lang='lat' dir='ltr'>octava</span> <span class='ocrx_word' id='word_1_671' title='bbox 3456 2222 3586 2259; x_wconf 82' lang='lat' dir='ltr'>san-</span> 
     </span>
    </p>
   </div>
   <div class='ocr_carea' id='block_1_89' title="bbox 1935 2274 3585 2345">
    <p class='ocr_par' dir='ltr' id='par_1_89' title="bbox 1935 2274 3585 2345">
     <span class='ocr_line' id='line_1_91' title="bbox 1935 2274 3585 2345; baseline 0.001 -15"><span class='ocrx_word' id='word_1_672' title='bbox 1935 2274 2009 2330; x_wconf 87' lang='lat' dir='ltr'>cti</span> <span class='ocrx_word' id='word_1_673' title='bbox 2037 2274 2196 2345; x_wconf 81' lang='lat' dir='ltr'>Eligii</span> <span class='ocrx_word' id='word_1_674' title='bbox 2227 2275 2624 2329; x_wconf 88' lang='lat' dir='ltr'>Noviomensis</span> <span class='ocrx_word' id='word_1_675' title='bbox 2654 2275 2898 2345; x_wconf 88' lang='lat' dir='ltr'>episcopi</span> <span class='ocrx_word' id='word_1_676' title='bbox 2920 2275 3164 2331; x_wconf 86' lang='lat' dir='ltr'>homilia</span> <span class='ocrx_word' id='word_1_677' title='bbox 3187 2277 3257 2330; x_wconf 89' lang='lat' dir='ltr'>de</span> <span class='ocrx_word' id='word_1_678' title='bbox 3284 2274 3461 2331; x_wconf 72' lang='lat' dir='ltr'>Cmna</span> <span class='ocrx_word' id='word_1_679' title='bbox 3478 2277 3585 2331; x_wconf 90' lang='lat' dir='ltr'>Do-</span> 
     </span>
    </p>
   </div>
   <div class='ocr_carea' id='block_1_90' title="bbox 1936 2346 3581 2417">
    <p class='ocr_par' dir='ltr' id='par_1_90' title="bbox 1936 2346 3581 2417">
     <span class='ocr_line' id='line_1_92' title="bbox 1936 2346 3581 2417; baseline 0.001 -17"><span class='ocrx_word' id='word_1_680' title='bbox 1936 2347 2076 2400; x_wconf 89' lang='lat' dir='ltr'>mini</span> <span class='ocrx_word' id='word_1_681' title='bbox 2088 2364 2098 2399; x_wconf 89' lang='lat'>:</span> <span class='ocrx_word' id='word_1_682' title='bbox 2111 2346 2181 2401; x_wconf 80' lang='lat' dir='ltr'>Et</span> <span class='ocrx_word' id='word_1_683' title='bbox 2191 2351 2428 2416; x_wconf 81' lang='lat' dir='ltr'>propter</span> <span class='ocrx_word' id='word_1_684' title='bbox 2444 2346 2798 2401; x_wconf 79' lang='lat' dir='ltr'>humilitatis</span> <span class='ocrx_word' id='word_1_685' title='bbox 2813 2348 3061 2417; x_wconf 80' lang='lat' dir='ltr'>formam</span> <span class='ocrx_word' id='word_1_686' title='bbox 3081 2347 3581 2412; x_wconf 86' lang='lat' dir='ltr'>commendandam,</span> 
     </span>
    </p>
   </div>
   <div class='ocr_carea' id='block_1_91' title="bbox 1935 2418 3587 2488">
    <p class='ocr_par' dir='ltr' id='par_1_91' title="bbox 1935 2418 3587 2488">
     <span class='ocr_line' id='line_1_93' title="bbox 1935 2418 3587 2488; baseline 0 -15"><span class='ocrx_word' id='word_1_687' title='bbox 1935 2434 1995 2473; x_wconf 91' lang='lat' dir='ltr'>eo</span> <span class='ocrx_word' id='word_1_688' title='bbox 2013 2419 2098 2472; x_wconf 77' lang='lat' dir='ltr'>die</span> <span class='ocrx_word' id='word_1_689' title='bbox 2125 2419 2289 2484; x_wconf 77' lang='lat' dir='ltr'>pedes</span> <span class='ocrx_word' id='word_1_690' title='bbox 2313 2433 2500 2472; x_wconf 84' lang='lat' dir='ltr'>eorum</span> <span class='ocrx_word' id='word_1_691' title='bbox 2535 2418 2671 2471; x_wconf 85' lang='lat' dir='ltr'>lavit</span> <span class='ocrx_word' id='word_1_692' title='bbox 2702 2432 2714 2480; x_wconf 88' lang='lat'><strong>;</strong></span> <span class='ocrx_word' id='word_1_693' title='bbox 2745 2423 2794 2471; x_wconf 85' lang='lat' dir='ltr'>et</span> <span class='ocrx_word' id='word_1_694' title='bbox 2835 2418 2958 2472; x_wconf 84' lang='lat' dir='ltr'>hinc</span> <span class='ocrx_word' id='word_1_695' title='bbox 2981 2422 3061 2472; x_wconf 87' lang='lat' dir='ltr'>est</span> <span class='ocrx_word' id='word_1_696' title='bbox 3088 2419 3243 2488; x_wconf 84' lang='lat' dir='ltr'>quod</span> <span class='ocrx_word' id='word_1_697' title='bbox 3268 2419 3459 2473; x_wconf 85' lang='lat' dir='ltr'>eodem</span> <span class='ocrx_word' id='word_1_698' title='bbox 3487 2418 3587 2473; x_wconf 74' lang='lat' dir='ltr'>die</span> 
     </span>
    </p>
   </div>
   <div class='ocr_carea' id='block_1_92' title="bbox 1934 2488 3581 2559">
    <p class='ocr_par' dir='ltr' id='par_1_92' title="bbox 1934 2488 3581 2559">
     <span class='ocr_line' id='line_1_94' title="bbox 1934 2488 3581 2559; baseline 0 -16"><span class='ocrx_word' id='word_1_699' title='bbox 1934 2490 2143 2544; x_wconf 79' lang='lat' dir='ltr'>altaria</span> <span class='ocrx_word' id='word_1_700' title='bbox 2161 2491 2449 2559; x_wconf 80' lang='lat' dir='ltr'>templique</span> <span class='ocrx_word' id='word_1_701' title='bbox 2458 2489 2696 2559; x_wconf 83' lang='lat' dir='ltr'>parietes</span> <span class='ocrx_word' id='word_1_702' title='bbox 2707 2488 2962 2543; x_wconf 84' lang='lat' dir='ltr'>lavantur</span> <span class='ocrx_word' id='word_1_703' title='bbox 2977 2496 3029 2544; x_wconf 84' lang='lat' dir='ltr'>et</span> <span class='ocrx_word' id='word_1_704' title='bbox 3043 2505 3173 2544; x_wconf 86' lang='lat' dir='ltr'>vasa</span> <span class='ocrx_word' id='word_1_705' title='bbox 3183 2489 3581 2559; x_wconf 76' lang='lat' dir='ltr'>puriﬁcantur.</span> 
     </span>
    </p>
   </div>
   <div class='ocr_carea' id='block_1_93' title="bbox 1935 2559 3583 2628">
    <p class='ocr_par' dir='ltr' id='par_1_93' title="bbox 1935 2559 3583 2628">
     <span class='ocr_line' id='line_1_95' title="bbox 1935 2559 3583 2628; baseline -0.001 -14"><span class='ocrx_word' id='word_1_706' title='bbox 1935 2560 1991 2614; x_wconf 89' lang='lat' dir='ltr'>In</span> <span class='ocrx_word' id='word_1_707' title='bbox 2030 2559 2317 2628; x_wconf 80' lang='lat' dir='ltr'>Hispania,</span> <span class='ocrx_word' id='word_1_708' title='bbox 2349 2564 2411 2613; x_wconf 91' lang='lat' dir='ltr'>ut</span> <span class='ocrx_word' id='word_1_709' title='bbox 2442 2560 2663 2614; x_wconf 86' lang='lat' dir='ltr'>clarum</span> <span class='ocrx_word' id='word_1_710' title='bbox 2707 2563 2792 2613; x_wconf 87' lang='lat' dir='ltr'>est</span> <span class='ocrx_word' id='word_1_711' title='bbox 2819 2576 2887 2613; x_wconf 87' lang='lat' dir='ltr'>ex</span> <span class='ocrx_word' id='word_1_712' title='bbox 2915 2564 3112 2614; x_wconf 89' lang='lat' dir='ltr'>sancto</span> <span class='ocrx_word' id='word_1_713' title='bbox 3160 2561 3396 2628; x_wconf 86' lang='lat' dir='ltr'>Isidoro,</span> <span class='ocrx_word' id='word_1_714' title='bbox 3431 2559 3531 2616; x_wconf 89' lang='lat' dir='ltr'>lib.</span> <span class='ocrx_word' id='word_1_715' title='bbox 3567 2578 3583 2613; x_wconf 87' lang='grc' dir='ltr'><strong>ι</strong></span> 
     </span>
    </p>
   </div>
   <div class='ocr_carea' id='block_1_94' title="bbox 1934 2630 3579 2701">
    <p class='ocr_par' dir='ltr' id='par_1_94' title="bbox 1934 2630 3579 2701">
     <span class='ocr_line' id='line_1_96' title="bbox 1934 2630 3579 2701; baseline 0.001 -17"><span class='ocrx_word' id='word_1_716' title='bbox 1934 2631 2004 2685; x_wconf 91' lang='lat' dir='ltr'>de</span> <span class='ocrx_word' id='word_1_717' title='bbox 2038 2630 2198 2685; x_wconf 82' lang='lat' dir='ltr'>Ofﬁc.</span> <span class='ocrx_word' id='word_1_718' title='bbox 2231 2630 2387 2701; x_wconf 87' lang='lat' dir='ltr'>eccl.,</span> <span class='ocrx_word' id='word_1_719' title='bbox 2421 2646 2546 2701; x_wconf 86' lang='lat' dir='ltr'>cap.</span> <span class='ocrx_word' id='word_1_720' title='bbox 2580 2630 2668 2697; x_wconf 73' lang='lat'>28,</span> <span class='ocrx_word' id='word_1_721' title='bbox 2700 2646 2831 2684; x_wconf 89' lang='lat' dir='ltr'>cum</span> <span class='ocrx_word' id='word_1_722' title='bbox 2855 2631 2926 2686; x_wconf 89' lang='lat' dir='ltr'>de</span> <span class='ocrx_word' id='word_1_723' title='bbox 2952 2632 3154 2685; x_wconf 86' lang='lat' dir='ltr'>eadem</span> <span class='ocrx_word' id='word_1_724' title='bbox 3182 2630 3323 2686; x_wconf 85' lang='lat' dir='ltr'>feria</span> <span class='ocrx_word' id='word_1_725' title='bbox 3353 2630 3579 2685; x_wconf 88' lang='lat' dir='ltr'>scribit:</span> 
     </span>
    </p>
   </div>
   <div class='ocr_carea' id='block_1_95' title="bbox 1935 2700 3585 2773">
    <p class='ocr_par' dir='ltr' id='par_1_95' title="bbox 1935 2700 3585 2773">
     <span class='ocr_line' id='line_1_97' title="bbox 1935 2700 3585 2773; baseline 0.001 -18"><span class='ocrx_word' id='word_1_726' title='bbox 1935 2702 2073 2756; x_wconf 83' lang='lat' dir='ltr'>Hinc</span> <span class='ocrx_word' id='word_1_727' title='bbox 2102 2708 2176 2755; x_wconf 84' lang='lat' dir='ltr'>est</span> <span class='ocrx_word' id='word_1_728' title='bbox 2198 2700 2343 2772; x_wconf 82' lang='lat' dir='ltr'>quod</span> <span class='ocrx_word' id='word_1_729' title='bbox 2368 2701 2557 2757; x_wconf 84' lang='lat' dir='ltr'>eodem</span> <span class='ocrx_word' id='word_1_730' title='bbox 2580 2702 2676 2756; x_wconf 86' lang='lat' dir='ltr'>die</span> <span class='ocrx_word' id='word_1_731' title='bbox 2692 2701 2926 2764; x_wconf 80' lang='lat' dir='ltr'>altaria,</span> <span class='ocrx_word' id='word_1_732' title='bbox 2946 2702 3250 2773; x_wconf 81' lang='lat' dir='ltr'>templique</span> <span class='ocrx_word' id='word_1_733' title='bbox 3269 2704 3585 2773; x_wconf 83' lang='lat' dir='ltr'>parietes,et</span> 
     </span>
    </p>
   </div>
   <div class='ocr_carea' id='block_1_96' title="bbox 1927 2773 3586 2844">
    <p class='ocr_par' dir='ltr' id='par_1_96' title="bbox 1927 2773 3586 2844">
     <span class='ocr_line' id='line_1_98' title="bbox 1927 2773 3586 2844; baseline 0.001 -17"><span class='ocrx_word' id='word_1_734' title='bbox 1927 2775 2241 2844; x_wconf 85' lang='lat' dir='ltr'>pavimenta</span> <span class='ocrx_word' id='word_1_735' title='bbox 2269 2773 2560 2839; x_wconf 86' lang='lat' dir='ltr'>lavantur,</span> <span class='ocrx_word' id='word_1_736' title='bbox 2584 2788 2818 2843; x_wconf 77' lang='lat' dir='ltr'>rasaque</span> <span class='ocrx_word' id='word_1_737' title='bbox 2842 2773 3268 2842; x_wconf 81' lang='lat' dir='ltr'>puriﬁcantur,</span> <span class='ocrx_word' id='word_1_738' title='bbox 3301 2787 3424 2843; x_wconf 75' lang='lat' dir='ltr'>quae</span> <span class='ocrx_word' id='word_1_739' title='bbox 3451 2778 3586 2828; x_wconf 83' lang='lat' dir='ltr'>sunt</span> 
     </span>
    </p>
   </div>
   <div class='ocr_carea' id='block_1_97' title="bbox 1934 2846 2575 2899">
    <p class='ocr_par' dir='ltr' id='par_1_97' title="bbox 1934 2846 2575 2899">
     <span class='ocr_line' id='line_1_99' title="bbox 1934 2846 2575 2899; baseline -0.003 0"><span class='ocrx_word' id='word_1_740' title='bbox 1934 2846 2185 2899; x_wconf 83' lang='lat' dir='ltr'>Domino</span> <span class='ocrx_word' id='word_1_741' title='bbox 2225 2850 2575 2899; x_wconf 84' lang='lat' dir='ltr'>consecrata.</span> 
     </span>
    </p>
   </div>
   <div class='ocr_carea' id='block_1_98' title="bbox 2005 2912 3587 2986">
    <p class='ocr_par' dir='ltr' id='par_1_98' title="bbox 2005 2912 3587 2986">
     <span class='ocr_line' id='line_1_100' title="bbox 2005 2912 3587 2986; baseline 0 -17"><span class='ocrx_word' id='word_1_742' title='bbox 2005 2915 2178 2969; x_wconf 87' lang='lat' dir='ltr'>Porro</span> <span class='ocrx_word' id='word_1_743' title='bbox 2209 2914 2265 2968; x_wconf 92' lang='lat' dir='ltr'>in</span> <span class='ocrx_word' id='word_1_744' title='bbox 2298 2913 2502 2969; x_wconf 90' lang='lat' dir='ltr'>Codice</span> <span class='ocrx_word' id='word_1_745' title='bbox 2544 2914 2786 2977; x_wconf 81' lang='lat' dir='ltr'>Ratoldi,</span> <span class='ocrx_word' id='word_1_746' title='bbox 2820 2912 2878 2967; x_wconf 90' lang='lat' dir='ltr'>in</span> <span class='ocrx_word' id='word_1_747' title='bbox 2910 2913 3022 2969; x_wconf 87' lang='lat' dir='ltr'>ﬁne</span> <span class='ocrx_word' id='word_1_748' title='bbox 3055 2913 3227 2986; x_wconf 89' lang='lat' dir='ltr'>hujus</span> <span class='ocrx_word' id='word_1_749' title='bbox 3255 2913 3587 2969; x_wconf 87' lang='lat' dir='ltr'>solemnita-</span> 
     </span>
    </p>
   </div>
   <div class='ocr_carea' id='block_1_99' title="bbox 1935 2985 3584 3066">
    <p class='ocr_par' dir='ltr' id='par_1_99' title="bbox 1935 2985 3584 3066">
     <span class='ocr_line' id='line_1_101' title="bbox 1935 2985 3584 3066; baseline 0.001 -27"><span class='ocrx_word' id='word_1_750' title='bbox 1935 2985 2007 3039; x_wconf 89' lang='lat' dir='ltr'>tis</span> <span class='ocrx_word' id='word_1_751' title='bbox 2037 2986 2155 3066; x_wconf 65' lang='lat' dir='ltr'>haec</span> <span class='ocrx_word' id='word_1_752' title='bbox 2182 2986 2600 3066; x_wconf 46' lang='lat' dir='ltr'>notanda}th</span> <span class='ocrx_word' id='word_1_753' title='bbox 2625 3005 2636 3043; x_wconf 89' lang='lat'><em>:</em></span> <span class='ocrx_word' id='word_1_754' title='bbox 2670 2987 2745 3040; x_wconf 86' lang='lat' dir='ltr'>Et</span> <span class='ocrx_word' id='word_1_755' title='bbox 2759 2986 2986 3066; x_wconf 65' lang='lat' dir='ltr'>expleta</span> <span class='ocrx_word' id='word_1_756' title='bbox 3016 2993 3150 3066; x_wconf 76' lang='lat' dir='ltr'>sunt</span> <span class='ocrx_word' id='word_1_757' title='bbox 3190 2986 3584 3066; x_wconf 45' lang='lat' dir='ltr'>animiam-Et</span> 
     </span>
    </p>
   </div>
   <div class='ocr_carea' id='block_1_100' title="bbox 1932 3056 3580 3138">
    <p class='ocr_par' dir='ltr' id='par_1_100' title="bbox 1932 3056 3580 3138">
     <span class='ocr_line' id='line_1_102' title="bbox 1932 3056 3580 3138; baseline 0.001 -29"><span class='ocrx_word' id='word_1_758' title='bbox 1932 3062 2055 3138; x_wconf 85' lang='lat' dir='ltr'>post</span> <span class='ocrx_word' id='word_1_759' title='bbox 2078 3056 2371 3138; x_wconf 73' lang='lat' dir='ltr'>paululum</span> <span class='ocrx_word' id='word_1_760' title='bbox 2401 3056 2706 3138; x_wconf 81' lang='lat' dir='ltr'>_Vesperam</span> <span class='ocrx_word' id='word_1_761' title='bbox 2734 3056 2868 3138; x_wconf 56' lang='lat' dir='ltr'>dicit</span> <span class='ocrx_word' id='word_1_762' title='bbox 2892 3058 3279 3138; x_wconf 79' lang='lat' dir='ltr'>unusquisque</span> <span class='ocrx_word' id='word_1_763' title='bbox 3286 3056 3580 3138; x_wconf 59' lang='lat' dir='ltr'>priratim,</span> 
     </span>
    </p>
   </div>
   <div class='ocr_carea' id='block_1_101' title="bbox 1935 3127 3585 3183">
    <p class='ocr_par' dir='ltr' id='par_1_101' title="bbox 1935 3127 3585 3183">
     <span class='ocr_line' id='line_1_103' title="bbox 1935 3127 3585 3183; baseline 0 -1"><span class='ocrx_word' id='word_1_764' title='bbox 1935 3133 1987 3182; x_wconf 90' lang='lat' dir='ltr'>et</span> <span class='ocrx_word' id='word_1_765' title='bbox 2006 3143 2084 3181; x_wconf 74' lang='lat' dir='ltr'>sic</span> <span class='ocrx_word' id='word_1_766' title='bbox 2109 3128 2322 3181; x_wconf 80' lang='lat' dir='ltr'>vadunt</span> <span class='ocrx_word' id='word_1_767' title='bbox 2342 3128 2412 3180; x_wconf 86' lang='lat' dir='ltr'>ad</span> <span class='ocrx_word' id='word_1_768' title='bbox 2437 3143 2698 3181; x_wconf 84' lang='lat' dir='ltr'>mensam.</span> <span class='ocrx_word' id='word_1_769' title='bbox 2734 3129 2946 3183; x_wconf 88' lang='lat' dir='ltr'>Eadem</span> <span class='ocrx_word' id='word_1_770' title='bbox 2980 3129 3263 3183; x_wconf 85' lang='lat' dir='ltr'>habentur</span> <span class='ocrx_word' id='word_1_771' title='bbox 3283 3127 3338 3181; x_wconf 92' lang='lat' dir='ltr'>in</span> <span class='ocrx_word' id='word_1_772' title='bbox 3371 3127 3585 3183; x_wconf 87' lang='lat' dir='ltr'>Ordine</span> 
     </span>
    </p>
   </div>
   <div class='ocr_carea' id='block_1_102' title="bbox 1935 3268 3587 3339">
    <p class='ocr_par' dir='ltr' id='par_1_102' title="bbox 1935 3268 3587 3339">
     <span class='ocr_line' id='line_1_104' title="bbox 1935 3268 3587 3339; baseline 0.001 -17"><span class='ocrx_word' id='word_1_773' title='bbox 1935 3268 2025 3324; x_wconf 91' lang='lat' dir='ltr'>die</span> <span class='ocrx_word' id='word_1_774' title='bbox 2047 3270 2102 3323; x_wconf 92' lang='lat' dir='ltr'>in</span> <span class='ocrx_word' id='word_1_775' title='bbox 2135 3268 2474 3339; x_wconf 90' lang='lat' dir='ltr'>quibusdam</span> <span class='ocrx_word' id='word_1_776' title='bbox 2510 3269 2789 3331; x_wconf 90' lang='lat' dir='ltr'>Ecclesiis,</span> <span class='ocrx_word' id='word_1_777' title='bbox 2817 3269 3032 3324; x_wconf 85' lang='lat' dir='ltr'>clericis</span> <span class='ocrx_word' id='word_1_778' title='bbox 3068 3269 3185 3324; x_wconf 88' lang='lat' dir='ltr'>sive</span> <span class='ocrx_word' id='word_1_779' title='bbox 3213 3269 3509 3324; x_wconf 89' lang='lat' dir='ltr'>monachis</span> <span class='ocrx_word' id='word_1_780' title='bbox 3527 3269 3587 3323; x_wconf 91' lang='lat' dir='ltr'>in</span> 
     </span>
    </p>
   </div>
   <div class='ocr_carea' id='block_1_103' title="bbox 1934 3339 3586 3411">
    <p class='ocr_par' dir='ltr' id='par_1_103' title="bbox 1934 3339 3586 3411">
     <span class='ocr_line' id='line_1_105' title="bbox 1934 3339 3586 3411; baseline 0.001 -16"><span class='ocrx_word' id='word_1_781' title='bbox 1934 3340 2059 3411; x_wconf 88' lang='lat' dir='ltr'>ipso</span> <span class='ocrx_word' id='word_1_782' title='bbox 2099 3340 2274 3411; x_wconf 89' lang='lat' dir='ltr'>choro</span> <span class='ocrx_word' id='word_1_783' title='bbox 2303 3339 2540 3409; x_wconf 87' lang='lat' dir='ltr'>genibus</span> <span class='ocrx_word' id='word_1_784' title='bbox 2587 3340 2747 3394; x_wconf 90' lang='lat' dir='ltr'>ﬂexis</span> <span class='ocrx_word' id='word_1_785' title='bbox 2772 3342 2877 3394; x_wconf 91' lang='lat' dir='ltr'>sub</span> <span class='ocrx_word' id='word_1_786' title='bbox 2906 3340 3135 3395; x_wconf 88' lang='lat' dir='ltr'>silentio</span> <span class='ocrx_word' id='word_1_787' title='bbox 3168 3340 3425 3411; x_wconf 86' lang='lat' dir='ltr'>privatim</span> <span class='ocrx_word' id='word_1_788' title='bbox 3456 3340 3586 3396; x_wconf 87' lang='lat' dir='ltr'>Ves-</span> 
     </span>
    </p>
   </div>
   <div class='ocr_carea' id='block_1_104' title="bbox 1938 3410 2555 3483">
    <p class='ocr_par' dir='ltr' id='par_1_104' title="bbox 1938 3410 2555 3483">
     <span class='ocr_line' id='line_1_106' title="bbox 1938 3410 2555 3483; baseline -0.006 -17"><span class='ocrx_word' id='word_1_789' title='bbox 1938 3410 2132 3483; x_wconf 82' lang='lat' dir='ltr'>peram</span> <span class='ocrx_word' id='word_1_790' title='bbox 2164 3410 2555 3483; x_wconf 81' lang='lat' dir='ltr'>recitantibus.</span> 
     </span>
    </p>
   </div>
   <div class='ocr_carea' id='block_1_105' title="bbox 2006 3479 3584 3537">
    <p class='ocr_par' dir='ltr' id='par_1_105' title="bbox 2006 3479 3584 3537">
     <span class='ocr_line' id='line_1_107' title="bbox 2006 3479 3584 3537; baseline 0.001 -2"><span class='ocrx_word' id='word_1_791' title='bbox 2006 3481 2131 3537; x_wconf 77' lang='lat'>298.</span> <span class='ocrx_word' id='word_1_792' title='bbox 2152 3482 2405 3536; x_wconf 88' lang='lat' dir='ltr'>Sabbato.</span> <span class='ocrx_word' id='word_1_793' title='bbox 2429 3479 2771 3535; x_wconf 86' lang='lat' dir='ltr'>Describitur</span> <span class='ocrx_word' id='word_1_794' title='bbox 2782 3480 3117 3535; x_wconf 82' lang='lat' dir='ltr'>solemnitas</span> <span class='ocrx_word' id='word_1_795' title='bbox 3129 3481 3365 3536; x_wconf 88' lang='lat' dir='ltr'>Sabbati</span> <span class='ocrx_word' id='word_1_796' title='bbox 3381 3481 3584 3537; x_wconf 88' lang='lat' dir='ltr'>sancti.</span> 
     </span>
    </p>
   </div>
   <div class='ocr_carea' id='block_1_106' title="bbox 2008 3552 3585 3621">
    <p class='ocr_par' dir='ltr' id='par_1_106' title="bbox 2008 3552 3585 3621">
     <span class='ocr_line' id='line_1_108' title="bbox 2008 3552 3585 3621; baseline 0.001 -15"><span class='ocrx_word' id='word_1_797' title='bbox 2008 3554 2131 3607; x_wconf 68' lang='lat'><strong>299.</strong></span> <span class='ocrx_word' id='word_1_798' title='bbox 2178 3553 2334 3607; x_wconf 82' lang='lat' dir='ltr'>Hora</span> <span class='ocrx_word' id='word_1_799' title='bbox 2354 3558 2571 3606; x_wconf 83' lang='lat' dir='ltr'>octava.</span> <span class='ocrx_word' id='word_1_800' title='bbox 2619 3552 2677 3605; x_wconf 91' lang='lat' dir='ltr'>ld</span> <span class='ocrx_word' id='word_1_801' title='bbox 2707 3556 2811 3615; x_wconf 86' lang='lat' dir='ltr'>est,</span> <span class='ocrx_word' id='word_1_802' title='bbox 2845 3553 3092 3605; x_wconf 88' lang='lat' dir='ltr'>secunda</span> <span class='ocrx_word' id='word_1_803' title='bbox 3123 3552 3585 3621; x_wconf 84' lang='lat' dir='ltr'>postmeridiana,</span> 
     </span>
    </p>
   </div>
   <div class='ocr_carea' id='block_1_107' title="bbox 1940 3622 3589 3692">
    <p class='ocr_par' dir='ltr' id='par_1_107' title="bbox 1940 3622 3589 3692">
     <span class='ocr_line' id='line_1_109' title="bbox 1940 3622 3589 3692; baseline 0 -15"><span class='ocrx_word' id='word_1_804' title='bbox 1940 3624 2115 3678; x_wconf 86' lang='lat' dir='ltr'>Aliter</span> <span class='ocrx_word' id='word_1_805' title='bbox 2153 3623 2209 3677; x_wconf 91' lang='lat' dir='ltr'>in</span> <span class='ocrx_word' id='word_1_806' title='bbox 2240 3622 2479 3676; x_wconf 91' lang='lat' dir='ltr'>concilio</span> <span class='ocrx_word' id='word_1_807' title='bbox 2504 3622 2949 3691; x_wconf 83' lang='lat' dir='ltr'>Rothomagensi</span> <span class='ocrx_word' id='word_1_808' title='bbox 2980 3638 3153 3692; x_wconf 89' lang='lat' dir='ltr'>supra</span> <span class='ocrx_word' id='word_1_809' title='bbox 3195 3623 3370 3677; x_wconf 89' lang='lat' dir='ltr'>citato</span> <span class='ocrx_word' id='word_1_810' title='bbox 3410 3623 3589 3678; x_wconf 83' lang='lat' dir='ltr'>:ltem</span> 
     </span>
    </p>
   </div>
   <div class='ocr_carea' id='block_1_108' title="bbox 1936 3694 3587 3763">
    <p class='ocr_par' dir='ltr' id='par_1_108' title="bbox 1936 3694 3587 3763">
     <span class='ocr_line' id='line_1_110' title="bbox 1936 3694 3587 3763; baseline 0.001 -15"><span class='ocrx_word' id='word_1_811' title='bbox 1936 3701 2201 3748; x_wconf 87' lang='lat' dir='ltr'>statutum</span> <span class='ocrx_word' id='word_1_812' title='bbox 2233 3701 2311 3747; x_wconf 88' lang='lat' dir='ltr'>est</span> <span class='ocrx_word' id='word_1_813' title='bbox 2346 3699 2405 3746; x_wconf 89' lang='lat' dir='ltr'>ut</span> <span class='ocrx_word' id='word_1_814' title='bbox 2428 3694 2675 3749; x_wconf 84' lang='lat' dir='ltr'>Sabbato</span> <span class='ocrx_word' id='word_1_815' title='bbox 2703 3694 2923 3749; x_wconf 65' lang='lat' dir='ltr'>Pascha</span> <span class='ocrx_word' id='word_1_816' title='bbox 2951 3694 3201 3763; x_wconf 81' lang='lat' dir='ltr'>ofﬁcium</span> <span class='ocrx_word' id='word_1_817' title='bbox 3229 3701 3362 3750; x_wconf 83' lang='lat' dir='ltr'>ante</span> <span class='ocrx_word' id='word_1_818' title='bbox 3384 3710 3587 3749; x_wconf 84' lang='lat' dir='ltr'>nonam</span> 
     </span>
    </p>
   </div>
   <div class='ocr_carea' id='block_1_109' title="bbox 1941 3766 2415 3833">
    <p class='ocr_par' dir='ltr' id='par_1_109' title="bbox 1941 3766 2415 3833">
     <span class='ocr_line' id='line_1_111' title="bbox 1941 3766 2415 3833; baseline -0.004 -13"><span class='ocrx_word' id='word_1_819' title='bbox 1941 3781 2055 3821; x_wconf 85' lang='lat' dir='ltr'>non</span> <span class='ocrx_word' id='word_1_820' title='bbox 2081 3766 2415 3833; x_wconf 80' lang='lat' dir='ltr'>incipiatur.</span> 
     </span>
    </p>
   </div>
   <div class='ocr_carea' id='block_1_110' title="bbox 2012 3833 3591 3906">
    <p class='ocr_par' dir='ltr' id='par_1_110' title="bbox 2012 3833 3591 3906">
     <span class='ocr_line' id='line_1_112' title="bbox 2012 3833 3591 3906; baseline -0.001 -15"><span class='ocrx_word' id='word_1_821' title='bbox 2012 3837 2133 3891; x_wconf 83' lang='lat'>300.</span> <span class='ocrx_word' id='word_1_822' title='bbox 2162 3836 2407 3891; x_wconf 84' lang='lat' dir='ltr'>Notarii.</span> <span class='ocrx_word' id='word_1_823' title='bbox 2438 3834 2649 3890; x_wconf 85' lang='lat' dir='ltr'>Notarii</span> <span class='ocrx_word' id='word_1_824' title='bbox 2705 3835 2810 3889; x_wconf 89' lang='lat' dir='ltr'>hoc</span> <span class='ocrx_word' id='word_1_825' title='bbox 2848 3833 2972 3890; x_wconf 91' lang='lat' dir='ltr'>loco</span> <span class='ocrx_word' id='word_1_826' title='bbox 3020 3840 3154 3890; x_wconf 90' lang='lat' dir='ltr'>sunt</span> <span class='ocrx_word' id='word_1_827' title='bbox 3218 3835 3415 3890; x_wconf 61' lang='lat' dir='ltr'>scriba:</span> <span class='ocrx_word' id='word_1_828' title='bbox 3445 3834 3591 3906; x_wconf 85' lang='lat' dir='ltr'>epis-</span> 
     </span>
    </p>
   </div>
   <div class='ocr_carea' id='block_1_111' title="bbox 1941 3906 3588 3977">
    <p class='ocr_par' dir='ltr' id='par_1_111' title="bbox 1941 3906 3588 3977">
     <span class='ocr_line' id='line_1_113' title="bbox 1941 3906 3588 3977; baseline -0.001 -15"><span class='ocrx_word' id='word_1_829' title='bbox 1941 3907 2090 3977; x_wconf 92' lang='lat' dir='ltr'>copi,</span> <span class='ocrx_word' id='word_1_830' title='bbox 2123 3907 2236 3977; x_wconf 83' lang='lat' dir='ltr'>qui,</span> <span class='ocrx_word' id='word_1_831' title='bbox 2274 3912 2333 3961; x_wconf 90' lang='lat' dir='ltr'>ut</span> <span class='ocrx_word' id='word_1_832' title='bbox 2362 3906 2687 3975; x_wconf 86' lang='lat' dir='ltr'>plurimum,</span> <span class='ocrx_word' id='word_1_833' title='bbox 2713 3908 3155 3962; x_wconf 90' lang='lat' dir='ltr'>assumebantur</span> <span class='ocrx_word' id='word_1_834' title='bbox 3196 3924 3263 3961; x_wconf 81' lang='lat' dir='ltr'>ex</span> <span class='ocrx_word' id='word_1_835' title='bbox 3307 3907 3588 3961; x_wconf 81' lang='lat' dir='ltr'>lectorum</span> 
     </span>
    </p>
   </div>
   <div class='ocr_carea' id='block_1_112' title="bbox 1941 3977 3592 4049">
    <p class='ocr_par' dir='ltr' id='par_1_112' title="bbox 1941 3977 3592 4049">
     <span class='ocr_line' id='line_1_114' title="bbox 1941 3977 3592 4049; baseline -0.001 -16"><span class='ocrx_word' id='word_1_836' title='bbox 1941 3978 2200 4049; x_wconf 73' lang='lat' dir='ltr'>collegio.</span> <span class='ocrx_word' id='word_1_837' title='bbox 2238 3979 2316 4032; x_wconf 89' lang='lat' dir='ltr'>Ita</span> <span class='ocrx_word' id='word_1_838' title='bbox 2349 3977 2405 4031; x_wconf 91' lang='lat' dir='ltr'>in</span> <span class='ocrx_word' id='word_1_839' title='bbox 2439 3977 2787 4049; x_wconf 80' lang='lat' dir='ltr'>Bibliotheca</span> <span class='ocrx_word' id='word_1_840' title='bbox 2820 3977 3032 4036; x_wconf 88' lang='lat' dir='ltr'>Photii.</span> <span class='ocrx_word' id='word_1_841' title='bbox 3054 3994 3212 4031; x_wconf 88' lang='lat' dir='ltr'>num.</span> <span class='ocrx_word' id='word_1_842' title='bbox 3243 3977 3377 4049; x_wconf 71' lang='lat'>256,</span> <span class='ocrx_word' id='word_1_843' title='bbox 3400 3977 3457 4031; x_wconf 91' lang='lat' dir='ltr'>in</span> <span class='ocrx_word' id='word_1_844' title='bbox 3488 3979 3592 4033; x_wconf 91' lang='lat' dir='ltr'>Po-</span> 
     </span>
    </p>
   </div>
   <div class='ocr_carea' id='block_1_113' title="bbox 1941 4048 3590 4118">
    <p class='ocr_par' dir='ltr' id='par_1_113' title="bbox 1941 4048 3590 4118">
     <span class='ocr_line' id='line_1_115' title="bbox 1941 4048 3590 4118; baseline -0.001 -14"><span class='ocrx_word' id='word_1_845' title='bbox 1941 4050 2064 4104; x_wconf 88' lang='lat' dir='ltr'>litia</span> <span class='ocrx_word' id='word_1_846' title='bbox 2094 4048 2422 4104; x_wconf 77' lang='lat' dir='ltr'>Sanctorum</span> <span class='ocrx_word' id='word_1_847' title='bbox 2466 4048 2853 4118; x_wconf 83' lang='lat' dir='ltr'>Metrophanis</span> <span class='ocrx_word' id='word_1_848' title='bbox 2879 4053 2936 4103; x_wconf 90' lang='lat' dir='ltr'>et</span> <span class='ocrx_word' id='word_1_849' title='bbox 2974 4048 3301 4112; x_wconf 78' lang='lat' dir='ltr'>Alexandri,</span> <span class='ocrx_word' id='word_1_850' title='bbox 3332 4048 3590 4103; x_wconf 89' lang='lat' dir='ltr'>videmus</span> 
     </span>
    </p>
   </div>
   <div class='ocr_carea' id='block_1_114' title="bbox 1942 4119 3591 4175">
    <p class='ocr_par' dir='ltr' id='par_1_114' title="bbox 1942 4119 3591 4175">
     <span class='ocr_line' id='line_1_116' title="bbox 1942 4119 3591 4175; baseline 0 0"><span class='ocrx_word' id='word_1_851' title='bbox 1942 4122 2172 4175; x_wconf 86' lang='lat' dir='ltr'>Paulum</span> <span class='ocrx_word' id='word_1_852' title='bbox 2205 4119 2472 4174; x_wconf 89' lang='lat' dir='ltr'>lectorem</span> <span class='ocrx_word' id='word_1_853' title='bbox 2505 4125 2560 4173; x_wconf 89' lang='lat' dir='ltr'>et</span> <span class='ocrx_word' id='word_1_854' title='bbox 2588 4119 2877 4174; x_wconf 89' lang='lat' dir='ltr'>notarium</span> <span class='ocrx_word' id='word_1_855' title='bbox 2910 4119 3173 4174; x_wconf 81' lang='lat' dir='ltr'>Ecclesiae</span> <span class='ocrx_word' id='word_1_856' title='bbox 3191 4120 3591 4175; x_wconf 86' lang='lat' dir='ltr'>Constantino-</span> 
     </span>
    </p>
   </div>
   <div class='ocr_carea' id='block_1_115' title="bbox 1943 4189 3593 4272">
    <p class='ocr_par' dir='ltr' id='par_1_115' title="bbox 1943 4189 3593 4272">
     <span class='ocr_line' id='line_1_117' title="bbox 1943 4189 3593 4272; baseline -0.001 -27"><span class='ocrx_word' id='word_1_857' title='bbox 1943 4192 2227 4272; x_wconf 62' lang='lat' dir='ltr'>pplitanaa,</span> <span class='ocrx_word' id='word_1_858' title='bbox 2260 4191 2352 4272; x_wconf 79' lang='lat' dir='ltr'>qui</span> <span class='ocrx_word' id='word_1_859' title='bbox 2386 4189 2715 4272; x_wconf 63' lang='lat' dir='ltr'>poste-aluit</span> <span class='ocrx_word' id='word_1_860' title='bbox 2748 4191 3005 4272; x_wconf 66' lang='lat' dir='ltr'>ejusdem</span> <span class='ocrx_word' id='word_1_861' title='bbox 3056 4190 3330 4272; x_wconf 50' lang='lat' dir='ltr'>Ecclesia:</span> <span class='ocrx_word' id='word_1_862' title='bbox 3354 4191 3593 4272; x_wconf 48' lang='lat' dir='ltr'>patriar:-</span> 
     </span>
    </p>
   </div>
   <div class='ocr_carea' id='block_1_116' title="bbox 1940 4260 3592 4331">
    <p class='ocr_par' dir='ltr' id='par_1_116' title="bbox 1940 4260 3592 4331">
     <span class='ocr_line' id='line_1_118' title="bbox 1940 4260 3592 4331; baseline -0.001 -14"><span class='ocrx_word' id='word_1_863' title='bbox 1940 4260 2083 4328; x_wconf 80' lang='lat' dir='ltr'>ctia;</span> <span class='ocrx_word' id='word_1_864' title='bbox 2116 4263 2344 4330; x_wconf 88' lang='lat' dir='ltr'>etapud</span> <span class='ocrx_word' id='word_1_865' title='bbox 2395 4262 2734 4324; x_wconf 82' lang='lat' dir='ltr'>Ennodium,</span> <span class='ocrx_word' id='word_1_866' title='bbox 2782 4260 2839 4315; x_wconf 89' lang='lat' dir='ltr'>in</span> <span class='ocrx_word' id='word_1_867' title='bbox 2884 4261 3012 4315; x_wconf 89' lang='lat' dir='ltr'>Vita</span> <span class='ocrx_word' id='word_1_868' title='bbox 3060 4262 3242 4316; x_wconf 87' lang='lat' dir='ltr'>sancti</span> <span class='ocrx_word' id='word_1_869' title='bbox 3290 4260 3592 4331; x_wconf 82' lang='lat' dir='ltr'>Epiphanii</span> 
     </span>
    </p>
   </div>
   <div class='ocr_carea' id='block_1_117' title="bbox 1941 4332 3590 4414">
    <p class='ocr_par' dir='ltr' id='par_1_117' title="bbox 1941 4332 3590 4414">
     <span class='ocr_line' id='line_1_119' title="bbox 1941 4332 3590 4414; baseline -0.001 -27"><span class='ocrx_word' id='word_1_870' title='bbox 1941 4332 2186 4414; x_wconf 70' lang='lat' dir='ltr'>episcopi</span> <span class='ocrx_word' id='word_1_871' title='bbox 2206 4332 2533 4414; x_wconf 48' lang='lat' dir='ltr'>:l‘icinensis.</span> <span class='ocrx_word' id='word_1_872' title='bbox 2567 4332 2835 4414; x_wconf 61' lang='lat' dir='ltr'>Memphi</span> <span class='ocrx_word' id='word_1_873' title='bbox 2880 4332 3107 4414; x_wconf 76' lang='lat' dir='ltr'>scripsit</span> <span class='ocrx_word' id='word_1_874' title='bbox 3143 4350 3271 4414; x_wconf 86' lang='lat' dir='ltr'>eum</span> <span class='ocrx_word' id='word_1_875' title='bbox 3321 4333 3590 4414; x_wconf 72' lang='lat' dir='ltr'>allectum</span> 
     </span>
    </p>
   </div>
   <div class='ocr_carea' id='block_1_118' title="bbox 1943 4403 3585 4476">
    <p class='ocr_par' dir='ltr' id='par_1_118' title="bbox 1943 4403 3585 4476">
     <span class='ocr_line' id='line_1_120' title="bbox 1943 4403 3585 4476; baseline -0.001 -18"><span class='ocrx_word' id='word_1_876' title='bbox 1943 4403 2184 4476; x_wconf 83' lang='lat' dir='ltr'>fuissein</span> <span class='ocrx_word' id='word_1_877' title='bbox 2214 4404 2489 4476; x_wconf 82' lang='lat' dir='ltr'>lectorum</span> <span class='ocrx_word' id='word_1_878' title='bbox 2508 4403 2859 4476; x_wconf 81' lang='lat' dir='ltr'>sodalitium,</span> <span class='ocrx_word' id='word_1_879' title='bbox 2897 4404 3066 4473; x_wconf 90' lang='lat' dir='ltr'>paulo</span> <span class='ocrx_word' id='word_1_880' title='bbox 3092 4409 3220 4476; x_wconf 92' lang='lat' dir='ltr'>post</span> <span class='ocrx_word' id='word_1_881' title='bbox 3247 4403 3547 4476; x_wconf 87' lang='lat' dir='ltr'>subjungit</span> <span class='ocrx_word' id='word_1_882' title='bbox 3573 4419 3585 4457; x_wconf 92' lang='lat'>:</span> 
     </span>
    </p>
   </div>
   <div class='ocr_carea' id='block_1_119' title="bbox 1942 4474 3593 4545">
    <p class='ocr_par' dir='ltr' id='par_1_119' title="bbox 1942 4474 3593 4545">
     <span class='ocr_line' id='line_1_121' title="bbox 1942 4474 3593 4545; baseline 0 -15"><span class='ocrx_word' id='word_1_883' title='bbox 1942 4475 2230 4530; x_wconf 85' lang='lat' dir='ltr'>Natarum</span> <span class='ocrx_word' id='word_1_884' title='bbox 2262 4475 2321 4528; x_wconf 82' lang='lat' dir='ltr'>in</span> <span class='ocrx_word' id='word_1_885' title='bbox 2347 4474 2630 4528; x_wconf 84' lang='lat' dir='ltr'>scribendo</span> <span class='ocrx_word' id='word_1_886' title='bbox 2655 4476 3016 4542; x_wconf 72' lang='lat' dir='ltr'>compendia,</span> <span class='ocrx_word' id='word_1_887' title='bbox 3049 4474 3107 4529; x_wconf 81' lang='lat' dir='ltr'>et</span> <span class='ocrx_word' id='word_1_888' title='bbox 3143 4474 3368 4545; x_wconf 79' lang='lat' dir='ltr'>ﬁguras</span> <span class='ocrx_word' id='word_1_889' title='bbox 3394 4475 3593 4530; x_wconf 87' lang='lat' dir='ltr'>varias</span> 
     </span>
    </p>
   </div>
   <div class='ocr_carea' id='block_1_120' title="bbox 198 4525 3595 4617">
    <p class='ocr_par' dir='ltr' id='par_1_120' title="bbox 198 4525 3595 4617">
     <span class='ocr_line' id='line_1_122' title="bbox 198 4525 3595 4617; baseline 0.001 -22"><span class='ocrx_word' id='word_1_890' title='bbox 198 4525 305 4617; x_wconf 53' lang='lat' dir='ltr'>alia</span> <span class='ocrx_word' id='word_1_891' title='bbox 314 4525 409 4601; x_wconf 47' lang='lat' dir='ltr'>ac:</span> <span class='ocrx_word' id='word_1_892' title='bbox 419 4525 989 4615; x_wconf 43' lang='lat' dir='ltr'>mansa-natae:</span> <span class='ocrx_word' id='word_1_893' title='bbox 1009 4525 1828 4617; x_wconf 41' lang='lat' dir='ltr'>aa;aetatemetenim;</span> <span class='ocrx_word' id='word_1_894' title='bbox 1869 4525 1913 4583; x_wconf 78' lang='grc' dir='ltr'>ι)</span> <span class='ocrx_word' id='word_1_895' title='bbox 1942 4525 2231 4601; x_wconf 45' lang='lat' dir='ltr'>satas»;</span> <span class='ocrx_word' id='word_1_896' title='bbox 2256 4525 3258 4617; x_wconf 43' lang='lat' dir='ltr'>auia-iiunaamantium;</span> <span class='ocrx_word' id='word_1_897' title='bbox 3271 4525 3595 4617; x_wconf 48' lang='lat' dir='ltr'>uari-ag;</span> 
     </span>
    </p>
   </div>
   <div class='ocr_carea' id='block_1_121' title="bbox 198 4614 1829 4689">
    <p class='ocr_par' dir='ltr' id='par_1_121' title="bbox 198 4614 1829 4689">
     <span class='ocr_line' id='line_1_123' title="bbox 198 4614 1829 4689; baseline 0.002 -21"><span class='ocrx_word' id='word_1_898' title='bbox 198 4614 371 4689; x_wconf 67' lang='lat' dir='ltr'>etiam</span> <span class='ocrx_word' id='word_1_899' title='bbox 396 4635 524 4673; x_wconf 88' lang='lat' dir='ltr'>cum</span> <span class='ocrx_word' id='word_1_900' title='bbox 544 4614 1053 4689; x_wconf 64' lang='lat' dir='ltr'>prazSanctiﬁcatis,</span> <span class='ocrx_word' id='word_1_901' title='bbox 1082 4614 1299 4673; x_wconf 74' lang='lat' dir='ltr'>nudato</span> <span class='ocrx_word' id='word_1_902' title='bbox 1326 4618 1492 4673; x_wconf 88' lang='lat' dir='ltr'>altari</span> <span class='ocrx_word' id='word_1_903' title='bbox 1546 4621 1603 4673; x_wconf 89' lang='lat' dir='ltr'>Si</span> <span class='ocrx_word' id='word_1_904' title='bbox 1635 4624 1829 4673; x_wconf 89' lang='lat' dir='ltr'>autem</span> 
     </span>
    </p>
   </div>
   <div class='ocr_carea' id='block_1_122' title="bbox 198 4684 1834 4760">
    <p class='ocr_par' dir='ltr' id='par_1_122' title="bbox 198 4684 1834 4760">
     <span class='ocr_line' id='line_1_124' title="bbox 198 4684 1834 4760; baseline 0.004 -23"><span class='ocrx_word' id='word_1_905' title='bbox 198 4684 291 4760; x_wconf 75' lang='lat' dir='ltr'>illo</span> <span class='ocrx_word' id='word_1_906' title='bbox 323 4688 410 4743; x_wconf 86' lang='lat' dir='ltr'>die</span> <span class='ocrx_word' id='word_1_907' title='bbox 436 4684 606 4743; x_wconf 75' lang='lat' dir='ltr'>Missa</span> <span class='ocrx_word' id='word_1_908' title='bbox 646 4707 760 4744; x_wconf 89' lang='lat' dir='ltr'>non</span> <span class='ocrx_word' id='word_1_909' title='bbox 793 4692 1130 4753; x_wconf 87' lang='lat' dir='ltr'>celebratur,</span> <span class='ocrx_word' id='word_1_910' title='bbox 1164 4705 1268 4744; x_wconf 89' lang='lat' dir='ltr'>nec</span> <span class='ocrx_word' id='word_1_911' title='bbox 1308 4689 1661 4754; x_wconf 89' lang='lat' dir='ltr'>communio,</span> <span class='ocrx_word' id='word_1_912' title='bbox 1711 4706 1834 4760; x_wconf 61' lang='lat' dir='ltr'>qua:</span> 
     </span>
    </p>
   </div>
   <div class='ocr_carea' id='block_1_123' title="bbox 195 4757 1831 4817">
    <p class='ocr_par' dir='ltr' id='par_1_123' title="bbox 195 4757 1831 4817">
     <span class='ocr_line' id='line_1_125' title="bbox 195 4757 1831 4817; baseline 0.003 -8"><span class='ocrx_word' id='word_1_913' title='bbox 195 4757 330 4812; x_wconf 89' lang='lat' dir='ltr'>olim</span> <span class='ocrx_word' id='word_1_914' title='bbox 369 4759 424 4815; x_wconf 89' lang='lat' dir='ltr'>in</span> <span class='ocrx_word' id='word_1_915' title='bbox 446 4761 694 4815; x_wconf 82' lang='lat' dir='ltr'>basilicis</span> <span class='ocrx_word' id='word_1_916' title='bbox 721 4778 822 4816; x_wconf 88' lang='lat' dir='ltr'>seu</span> <span class='ocrx_word' id='word_1_917' title='bbox 851 4760 1101 4817; x_wconf 87' lang='lat' dir='ltr'>ecclesiis</span> <span class='ocrx_word' id='word_1_918' title='bbox 1120 4764 1281 4815; x_wconf 80' lang='lat' dir='ltr'>extra</span> <span class='ocrx_word' id='word_1_919' title='bbox 1301 4760 1602 4816; x_wconf 76' lang='lat' dir='ltr'>Missurum</span> <span class='ocrx_word' id='word_1_920' title='bbox 1630 4757 1831 4816; x_wconf 80' lang='lat' dir='ltr'>solem-</span> 
     </span>
    </p>
   </div>
   <div class='ocr_carea' id='block_1_124' title="bbox 194 4828 802 4887">
    <p class='ocr_par' dir='ltr' id='par_1_124' title="bbox 194 4828 802 4887">
     <span class='ocr_line' id='line_1_126' title="bbox 194 4828 802 4887; baseline 0.007 -6"><span class='ocrx_word' id='word_1_921' title='bbox 194 4828 287 4883; x_wconf 84' lang='lat' dir='ltr'>nia</span> <span class='ocrx_word' id='word_1_922' title='bbox 308 4847 420 4886; x_wconf 89' lang='lat' dir='ltr'>non</span> <span class='ocrx_word' id='word_1_923' title='bbox 448 4833 802 4887; x_wconf 71' lang='lat' dir='ltr'>sumebatur.</span> 
     </span>
    </p>
   </div>
   <div class='ocr_carea' id='block_1_125' title="bbox 259 4901 1838 4974">
    <p class='ocr_par' dir='ltr' id='par_1_125' title="bbox 259 4901 1838 4974">
     <span class='ocr_line' id='line_1_127' title="bbox 259 4901 1838 4974; baseline 0 -18"><span class='ocrx_word' id='word_1_924' title='bbox 259 4901 380 4956; x_wconf 79' lang='lat'><strong>296.</strong></span> <span class='ocrx_word' id='word_1_925' title='bbox 411 4904 489 4958; x_wconf 84' lang='lat' dir='ltr'>Et</span> <span class='ocrx_word' id='word_1_926' title='bbox 501 4904 878 4974; x_wconf 71' lang='lat' dir='ltr'>expletasunt</span> <span class='ocrx_word' id='word_1_927' title='bbox 905 4902 1192 4958; x_wconf 83' lang='lat' dir='ltr'>universa.</span> <span class='ocrx_word' id='word_1_928' title='bbox 1217 4903 1276 4957; x_wconf 89' lang='lat' dir='ltr'>In</span> <span class='ocrx_word' id='word_1_929' title='bbox 1304 4902 1479 4957; x_wconf 88' lang='lat' dir='ltr'>Editis</span> <span class='ocrx_word' id='word_1_930' title='bbox 1496 4901 1614 4957; x_wconf 59' lang='lat' dir='ltr'>haec</span> <span class='ocrx_word' id='word_1_931' title='bbox 1634 4917 1838 4974; x_wconf 83' lang='lat' dir='ltr'>sequn-</span> 
     </span>
    </p>
   </div>
   <div class='ocr_carea' id='block_1_126' title="bbox 189 4973 1839 5043">
    <p class='ocr_par' dir='ltr' id='par_1_126' title="bbox 189 4973 1839 5043">
     <span class='ocr_line' id='line_1_128' title="bbox 189 4973 1839 5043; baseline 0.004 -20"><span class='ocrx_word' id='word_1_932' title='bbox 189 4974 284 5043; x_wconf 80' lang='lat' dir='ltr'>t_nr</span> <span class='ocrx_word' id='word_1_933' title='bbox 306 4991 323 5025; x_wconf 92' lang='lat'><strong><em>:</em></strong></span> <span class='ocrx_word' id='word_1_934' title='bbox 353 4976 453 5028; x_wconf 74' lang='lat' dir='ltr'>Hoc</span> <span class='ocrx_word' id='word_1_935' title='bbox 476 4973 636 5042; x_wconf 79' lang='lat' dir='ltr'>facta</span> <span class='ocrx_word' id='word_1_936' title='bbox 668 4974 801 5028; x_wconf 84' lang='lat' dir='ltr'>dicit</span> <span class='ocrx_word' id='word_1_937' title='bbox 844 4973 1133 5043; x_wconf 73' lang='lat' dir='ltr'>pontifex:</span> <span class='ocrx_word' id='word_1_938' title='bbox 1166 4974 1227 5027; x_wconf 87' lang='lat' dir='ltr'>In</span> <span class='ocrx_word' id='word_1_939' title='bbox 1268 4974 1501 5029; x_wconf 84' lang='lat' dir='ltr'>nomine</span> <span class='ocrx_word' id='word_1_940' title='bbox 1558 4973 1756 5037; x_wconf 87' lang='lat' dir='ltr'>Patris,</span> <span class='ocrx_word' id='word_1_941' title='bbox 1782 4978 1839 5029; x_wconf 86' lang='lat' dir='ltr'>et</span> 
     </span>
    </p>
   </div>
   <div class='ocr_carea' id='block_1_127' title="bbox 189 5039 1836 5116">
    <p class='ocr_par' dir='ltr' id='par_1_127' title="bbox 189 5039 1836 5116">
     <span class='ocr_line' id='line_1_129' title="bbox 189 5039 1836 5116; baseline 0.004 -22"><span class='ocrx_word' id='word_1_942' title='bbox 189 5039 335 5116; x_wconf 80' lang='lat' dir='ltr'>Filii.</span> <span class='ocrx_word' id='word_1_943' title='bbox 364 5049 419 5099; x_wconf 88' lang='lat' dir='ltr'>et</span> <span class='ocrx_word' id='word_1_944' title='bbox 445 5039 689 5116; x_wconf 85' lang='lat' dir='ltr'>Spiritus</span> <span class='ocrx_word' id='word_1_945' title='bbox 710 5039 912 5107; x_wconf 82' lang='lat' dir='ltr'>sancti,</span> <span class='ocrx_word' id='word_1_946' title='bbox 963 5039 1087 5115; x_wconf 65' lang='lat' dir='ltr'>qua;</span> <span class='ocrx_word' id='word_1_947' title='bbox 1109 5044 1165 5098; x_wconf 90' lang='lat' dir='ltr'>in</span> <span class='ocrx_word' id='word_1_948' title='bbox 1201 5045 1371 5100; x_wconf 89' lang='lat' dir='ltr'>nullis</span> <span class='ocrx_word' id='word_1_949' title='bbox 1412 5043 1709 5100; x_wconf 87' lang='lat' dir='ltr'>Codicibus</span> <span class='ocrx_word' id='word_1_950' title='bbox 1738 5060 1836 5100; x_wconf 85' lang='lat' dir='ltr'>no-</span> 
     </span>
    </p>
   </div>
   <div class='ocr_carea' id='block_1_128' title="bbox 186 5114 892 5186">
    <p class='ocr_par' dir='ltr' id='par_1_128' title="bbox 186 5114 892 5186">
     <span class='ocr_line' id='line_1_130' title="bbox 186 5114 892 5186; baseline 0.003 -19"><span class='ocrx_word' id='word_1_951' title='bbox 186 5114 321 5168; x_wconf 80' lang='lat' dir='ltr'>stris</span> <span class='ocrx_word' id='word_1_952' title='bbox 346 5114 892 5186; x_wconf 58' lang='lat' dir='ltr'>mssfreperiuntur.</span> 
     </span>
    </p>
   </div>
   <div class='ocr_carea' id='block_1_129' title="bbox 251 5185 1837 5243">
    <p class='ocr_par' dir='ltr' id='par_1_129' title="bbox 251 5185 1837 5243">
     <span class='ocr_line' id='line_1_131' title="bbox 251 5185 1837 5243; baseline 0 -2"><span class='ocrx_word' id='word_1_953' title='bbox 251 5186 378 5243; x_wconf 77' lang='lat'><strong>297.</strong></span> <span class='ocrx_word' id='word_1_954' title='bbox 401 5185 713 5242; x_wconf 78' lang='lat' dir='ltr'>Nudasint</span> <span class='ocrx_word' id='word_1_955' title='bbox 742 5188 971 5241; x_wconf 83' lang='lat' dir='ltr'>altaria.</span> <span class='ocrx_word' id='word_1_956' title='bbox 1011 5186 1257 5242; x_wconf 89' lang='lat' dir='ltr'>Nudatio</span> <span class='ocrx_word' id='word_1_957' title='bbox 1279 5186 1547 5241; x_wconf 86' lang='lat' dir='ltr'>altarium</span> <span class='ocrx_word' id='word_1_958' title='bbox 1568 5185 1704 5239; x_wconf 91' lang='lat' dir='ltr'>olim</span> <span class='ocrx_word' id='word_1_959' title='bbox 1737 5186 1837 5241; x_wconf 87' lang='lat' dir='ltr'>ﬁe-</span> 
     </span>
    </p>
   </div>
   <div class='ocr_carea' id='block_1_130' title="bbox 184 5255 1835 5328">
    <p class='ocr_par' dir='ltr' id='par_1_130' title="bbox 184 5255 1835 5328">
     <span class='ocr_line' id='line_1_132' title="bbox 184 5255 1835 5328; baseline 0.001 -19"><span class='ocrx_word' id='word_1_960' title='bbox 184 5255 280 5311; x_wconf 82' lang='lat' dir='ltr'>bat</span> <span class='ocrx_word' id='word_1_961' title='bbox 310 5259 418 5312; x_wconf 89' lang='lat' dir='ltr'>hac</span> <span class='ocrx_word' id='word_1_962' title='bbox 442 5258 586 5313; x_wconf 80' lang='lat' dir='ltr'>feria</span> <span class='ocrx_word' id='word_1_963' title='bbox 624 5259 679 5321; x_wconf 89' lang='lat'>6,</span> <span class='ocrx_word' id='word_1_964' title='bbox 712 5262 776 5312; x_wconf 85' lang='lat' dir='ltr'>ut</span> <span class='ocrx_word' id='word_1_965' title='bbox 795 5257 987 5314; x_wconf 87' lang='lat' dir='ltr'>videre</span> <span class='ocrx_word' id='word_1_966' title='bbox 1016 5263 1102 5313; x_wconf 89' lang='lat' dir='ltr'>est</span> <span class='ocrx_word' id='word_1_967' title='bbox 1128 5260 1181 5313; x_wconf 90' lang='lat' dir='ltr'>in</span> <span class='ocrx_word' id='word_1_968' title='bbox 1208 5258 1405 5328; x_wconf 83' lang='lat' dir='ltr'>regula</span> <span class='ocrx_word' id='word_1_969' title='bbox 1431 5256 1680 5322; x_wconf 73' lang='lat' dir='ltr'>Magistri</span> <span class='ocrx_word' id='word_1_970' title='bbox 1706 5274 1835 5324; x_wconf 90' lang='lat' dir='ltr'>ms.,</span> 
     </span>
    </p>
   </div>
   <div class='ocr_carea' id='block_1_131' title="bbox 185 5328 1841 5401">
    <p class='ocr_par' dir='ltr' id='par_1_131' title="bbox 185 5328 1841 5401">
     <span class='ocr_line' id='line_1_133' title="bbox 185 5328 1841 5401; baseline 0.001 -20"><span class='ocrx_word' id='word_1_971' title='bbox 185 5343 308 5398; x_wconf 86' lang='lat' dir='ltr'>cap.</span> <span class='ocrx_word' id='word_1_972' title='bbox 352 5331 443 5391; x_wconf 73' lang='grc'>43,</span> <span class='ocrx_word' id='word_1_973' title='bbox 490 5330 551 5383; x_wconf 90' lang='lat' dir='ltr'>in</span> <span class='ocrx_word' id='word_1_974' title='bbox 585 5329 899 5401; x_wconf 85' lang='lat' dir='ltr'>Concordia</span> <span class='ocrx_word' id='word_1_975' title='bbox 960 5331 1314 5401; x_wconf 80' lang='lat' dir='ltr'>regularum,</span> <span class='ocrx_word' id='word_1_976' title='bbox 1338 5346 1474 5401; x_wconf 87' lang='lat' dir='ltr'>cap.</span> <span class='ocrx_word' id='word_1_977' title='bbox 1506 5330 1596 5391; x_wconf 77' lang='lat'>56,</span> <span class='ocrx_word' id='word_1_978' title='bbox 1628 5328 1734 5398; x_wconf 58' lang='grc' dir='ltr'>δαί,</span> <span class='ocrx_word' id='word_1_979' title='bbox 1779 5332 1841 5383; x_wconf 87' lang='lat' dir='ltr'>in</span> 
     </span>
    </p>
   </div>
   <div class='ocr_carea' id='block_1_132' title="bbox 183 5400 1842 5469">
    <p class='ocr_par' dir='ltr' id='par_1_132' title="bbox 183 5400 1842 5469">
     <span class='ocr_line' id='line_1_134' title="bbox 183 5400 1842 5469; baseline 0.001 -16"><span class='ocrx_word' id='word_1_980' title='bbox 183 5414 297 5469; x_wconf 82' lang='lat' dir='ltr'>qua</span> <span class='ocrx_word' id='word_1_981' title='bbox 310 5402 462 5468; x_wconf 79' lang='lat' dir='ltr'>feria</span> <span class='ocrx_word' id='word_1_982' title='bbox 489 5412 651 5455; x_wconf 65' lang='lat' dir='ltr'>sexta</span> <span class='ocrx_word' id='word_1_983' title='bbox 680 5400 887 5455; x_wconf 87' lang='lat' dir='ltr'>altaris</span> <span class='ocrx_word' id='word_1_984' title='bbox 908 5400 1177 5464; x_wconf 87' lang='lat' dir='ltr'>velamen,</span> <span class='ocrx_word' id='word_1_985' title='bbox 1208 5400 1292 5455; x_wconf 86' lang='lat' dir='ltr'>vel</span> <span class='ocrx_word' id='word_1_986' title='bbox 1314 5400 1571 5454; x_wconf 80' lang='lat' dir='ltr'>diversus</span> <span class='ocrx_word' id='word_1_987' title='bbox 1601 5415 1653 5453; x_wconf 71' lang='lat'>01</span> <span class='ocrx_word' id='word_1_988' title='bbox 1668 5401 1842 5455; x_wconf 76' lang='lat' dir='ltr'>alarii</span> 
     </span>
    </p>
   </div>
   <div class='ocr_carea' id='block_1_133' title="bbox 183 5469 1843 5537">
    <p class='ocr_par' dir='ltr' id='par_1_133' title="bbox 183 5469 1843 5537">
     <span class='ocr_line' id='line_1_135' title="bbox 183 5469 1843 5537; baseline 0 -12"><span class='ocrx_word' id='word_1_989' title='bbox 183 5479 423 5527; x_wconf 85' lang='lat' dir='ltr'>ornatus</span> <span class='ocrx_word' id='word_1_990' title='bbox 439 5472 846 5537; x_wconf 82' lang='lat' dir='ltr'>subtrahatur;</span> <span class='ocrx_word' id='word_1_991' title='bbox 868 5474 1040 5527; x_wconf 87' lang='lat' dir='ltr'>simul</span> <span class='ocrx_word' id='word_1_992' title='bbox 1058 5476 1109 5525; x_wconf 88' lang='lat' dir='ltr'>et</span> <span class='ocrx_word' id='word_1_993' title='bbox 1130 5473 1449 5534; x_wconf 63' lang='lat' dir='ltr'>lucernz,et</span> <span class='ocrx_word' id='word_1_994' title='bbox 1481 5469 1739 5523; x_wconf 66' lang='lat' dir='ltr'>cit-enitet:</span> <span class='ocrx_word' id='word_1_995' title='bbox 1762 5476 1843 5525; x_wconf 84' lang='lat' dir='ltr'>to-</span> 
     </span>
    </p>
   </div>
   <div class='ocr_carea' id='block_1_134' title="bbox 187 5540 1843 5614">
    <p class='ocr_par' dir='ltr' id='par_1_134' title="bbox 187 5540 1843 5614">
     <span class='ocr_line' id='line_1_136' title="bbox 187 5540 1843 5614; baseline 0.002 -20"><span class='ocrx_word' id='word_1_996' title='bbox 187 5547 295 5596; x_wconf 84' lang='lat' dir='ltr'>tum</span> <span class='ocrx_word' id='word_1_997' title='bbox 314 5545 466 5597; x_wconf 79' lang='lat' dir='ltr'>intra</span> <span class='ocrx_word' id='word_1_998' title='bbox 486 5543 900 5614; x_wconf 76' lang='lat' dir='ltr'>monasterium</span> <span class='ocrx_word' id='word_1_999' title='bbox 918 5540 1537 5614; x_wconf 80' lang='lat' dir='ltr'>negeturaspectus.Ubi</span> <span class='ocrx_word' id='word_1_1000' title='bbox 1565 5541 1843 5614; x_wconf 73' lang='lat' dir='ltr'>particula</span> 
     </span>
    </p>
   </div>
   <div class='ocr_carea' id='block_1_135' title="bbox 184 5613 1833 5685">
    <p class='ocr_par' dir='ltr' id='par_1_135' title="bbox 184 5613 1833 5685">
     <span class='ocr_line' id='line_1_137' title="bbox 184 5613 1833 5685; baseline -0.001 -19"><span class='ocrx_word' id='word_1_1001' title='bbox 184 5614 263 5685; x_wconf 64' lang='lat' dir='ltr'>rei</span> <span class='ocrx_word' id='word_1_1002' title='bbox 284 5616 533 5669; x_wconf 80' lang='lat' dir='ltr'>sumitur</span> <span class='ocrx_word' id='word_1_1003' title='bbox 563 5613 905 5685; x_wconf 74' lang='lat' dir='ltr'>copulativa.</span> <span class='ocrx_word' id='word_1_1004' title='bbox 934 5613 1058 5685; x_wconf 67' lang='lat' dir='ltr'>Sed</span> <span class='ocrx_word' id='word_1_1005' title='bbox 1091 5613 1193 5667; x_wconf 81' lang='lat' dir='ltr'>fuit</span> <span class='ocrx_word' id='word_1_1006' title='bbox 1215 5613 1439 5685; x_wconf 84' lang='lat' dir='ltr'>diversa</span> <span class='ocrx_word' id='word_1_1007' title='bbox 1463 5613 1833 5685; x_wconf 77' lang='lat' dir='ltr'>consuetudo.</span> 
     </span>
    </p>
   </div>
   <div class='ocr_carea' id='block_1_136' title="bbox 187 5682 1837 5757">
    <p class='ocr_par' dir='ltr' id='par_1_136' title="bbox 187 5682 1837 5757">
     <span class='ocr_line' id='line_1_138' title="bbox 187 5682 1837 5757; baseline -0.002 -18"><span class='ocrx_word' id='word_1_1008' title='bbox 187 5683 331 5757; x_wconf 53' lang='grc' dir='ltr'>ᾅδω</span> <span class='ocrx_word' id='word_1_1009' title='bbox 361 5685 507 5740; x_wconf 87' lang='lat' dir='ltr'>olim</span> <span class='ocrx_word' id='word_1_1010' title='bbox 542 5682 720 5741; x_wconf 78' lang='lat' dir='ltr'>etiam</span> <span class='ocrx_word' id='word_1_1011' title='bbox 760 5684 819 5740; x_wconf 90' lang='lat' dir='ltr'>in</span> <span class='ocrx_word' id='word_1_1012' title='bbox 848 5684 1190 5757; x_wconf 90' lang='lat' dir='ltr'>quibusdam</span> <span class='ocrx_word' id='word_1_1013' title='bbox 1220 5684 1359 5757; x_wconf 90' lang='lat' dir='ltr'>locis</span> <span class='ocrx_word' id='word_1_1014' title='bbox 1393 5683 1757 5757; x_wconf 69' lang='lat' dir='ltr'>audebantur</span> <span class='ocrx_word' id='word_1_1015' title='bbox 1784 5682 1837 5736; x_wconf 89' lang='lat' dir='ltr'>in</span> 
     </span>
    </p>
   </div>
   <div class='ocr_carea' id='block_1_137' title="bbox 191 5752 1845 5833">
    <p class='ocr_par' dir='ltr' id='par_1_137' title="bbox 191 5752 1845 5833">
     <span class='ocr_line' id='line_1_139' title="bbox 191 5752 1845 5833; baseline -0.002 -19"><span class='ocrx_word' id='word_1_1016' title='bbox 191 5753 370 5815; x_wconf 70' lang='lat' dir='ltr'>Omna</span> <span class='ocrx_word' id='word_1_1017' title='bbox 397 5757 653 5828; x_wconf 87' lang='lat' dir='ltr'>Domini,</span> <span class='ocrx_word' id='word_1_1018' title='bbox 684 5762 746 5813; x_wconf 90' lang='lat' dir='ltr'>ut</span> <span class='ocrx_word' id='word_1_1019' title='bbox 785 5752 938 5813; x_wconf 77' lang='lat' dir='ltr'>nunc</span> <span class='ocrx_word' id='word_1_1020' title='bbox 976 5772 990 5827; x_wconf 88' lang='lat'><strong>;</strong></span> <span class='ocrx_word' id='word_1_1021' title='bbox 1021 5754 1514 5833; x_wconf 86' lang='lat' dir='ltr'>quemadmodum</span> <span class='ocrx_word' id='word_1_1022' title='bbox 1543 5752 1732 5811; x_wconf 87' lang='lat' dir='ltr'>videre</span> <span class='ocrx_word' id='word_1_1023' title='bbox 1757 5756 1845 5812; x_wconf 89' lang='lat' dir='ltr'>est</span> 
     </span>
    </p>
   </div>
   <div class='ocr_carea' id='block_1_138' title="bbox 1942 4615 3593 4684">
    <p class='ocr_par' dir='ltr' id='par_1_138' title="bbox 1942 4615 3593 4684">
     <span class='ocr_line' id='line_1_140' title="bbox 1942 4615 3593 4684; baseline -0.002 -12"><span class='ocrx_word' id='word_1_1024' title='bbox 1942 4620 2182 4683; x_wconf 86' lang='lat' dir='ltr'>cutus,in</span> <span class='ocrx_word' id='word_1_1025' title='bbox 2205 4617 2590 4684; x_wconf 68' lang='lat' dir='ltr'>Exceplorum</span> <span class='ocrx_word' id='word_1_1026' title='bbox 2625 4631 2872 4671; x_wconf 85' lang='lat' dir='ltr'>numero</span> <span class='ocrx_word' id='word_1_1027' title='bbox 2916 4616 3206 4672; x_wconf 74' lang='lat' dir='ltr'>delicatus</span> <span class='ocrx_word' id='word_1_1028' title='bbox 3228 4617 3462 4671; x_wconf 85' lang='lat' dir='ltr'>enituit.</span> <span class='ocrx_word' id='word_1_1029' title='bbox 3492 4615 3593 4670; x_wconf 88' lang='lat' dir='ltr'>Ubi</span> 
     </span>
    </p>
   </div>
   <div class='ocr_carea' id='block_1_139' title="bbox 1945 4685 3592 4758">
    <p class='ocr_par' dir='ltr' id='par_1_139' title="bbox 1945 4685 3592 4758">
     <span class='ocr_line' id='line_1_141' title="bbox 1945 4685 3592 4758; baseline -0.002 -14"><span class='ocrx_word' id='word_1_1030' title='bbox 1945 4694 2271 4758; x_wconf 85' lang='lat' dir='ltr'>exceptores</span> <span class='ocrx_word' id='word_1_1031' title='bbox 2299 4695 2431 4741; x_wconf 87' lang='lat' dir='ltr'>sunt</span> <span class='ocrx_word' id='word_1_1032' title='bbox 2461 4685 2849 4758; x_wconf 83' lang='lat' dir='ltr'>notarii&#39;dicti</span> <span class='ocrx_word' id='word_1_1033' title='bbox 2879 4687 2952 4741; x_wconf 88' lang='lat' dir='ltr'>ab</span> <span class='ocrx_word' id='word_1_1034' title='bbox 2987 4686 3098 4740; x_wconf 90' lang='lat' dir='ltr'>illis</span> <span class='ocrx_word' id='word_1_1035' title='bbox 3143 4692 3407 4741; x_wconf 84' lang='lat' dir='ltr'>notarum</span> <span class='ocrx_word' id='word_1_1036' title='bbox 3439 4704 3592 4758; x_wconf 87' lang='lat' dir='ltr'>com-</span> 
     </span>
    </p>
   </div>
   <div class='ocr_carea' id='block_1_140' title="bbox 1984 4756 3595 4830">
    <p class='ocr_par' dir='ltr' id='par_1_140' title="bbox 1984 4756 3595 4830">
     <span class='ocr_line' id='line_1_142' title="bbox 1984 4756 3595 4830; baseline -0.001 -16"><span class='ocrx_word' id='word_1_1037' title='bbox 1984 4756 2167 4814; x_wconf 89' lang='lat' dir='ltr'>endiis</span> <span class='ocrx_word' id='word_1_1038' title='bbox 2195 4761 2264 4814; x_wconf 91' lang='lat' dir='ltr'>de</span> <span class='ocrx_word' id='word_1_1039' title='bbox 2289 4775 2531 4830; x_wconf 88' lang='lat' dir='ltr'>quorum</span> <span class='ocrx_word' id='word_1_1040' title='bbox 2564 4758 2622 4812; x_wconf 91' lang='lat' dir='ltr'>in</span> <span class='ocrx_word' id='word_1_1041' title='bbox 2652 4756 2946 4812; x_wconf 86' lang='lat' dir='ltr'>scribendo</span> <span class='ocrx_word' id='word_1_1042' title='bbox 2989 4758 3286 4813; x_wconf 88' lang='lat' dir='ltr'>velocitate</span> <span class='ocrx_word' id='word_1_1043' title='bbox 3316 4757 3595 4815; x_wconf 78' lang='lat' dir='ltr'>Martialis</span> 
     </span>
    </p>
   </div>
   <div class='ocr_carea' id='block_1_141' title="bbox 1970 4830 2175 4885">
    <p class='ocr_par' dir='ltr' id='par_1_141' title="bbox 1970 4830 2175 4885">
     <span class='ocr_line' id='line_1_143' title="bbox 1970 4830 2175 4885; baseline -0.005 0"><span class='ocrx_word' id='word_1_1044' title='bbox 1970 4830 2043 4885; x_wconf 88' lang='lat' dir='ltr'>ib.</span> <span class='ocrx_word' id='word_1_1045' title='bbox 2070 4832 2139 4884; x_wconf 76' lang='grc'>14</span> <span class='ocrx_word' id='word_1_1046' title='bbox 2163 4847 2175 4885; x_wconf 90' lang='lat'><strong>:</strong></span> 
     </span>
    </p>
   </div>
   <div class='ocr_carea' id='block_1_142' title="bbox 2101 4916 3407 4973">
    <p class='ocr_par' dir='ltr' id='par_1_142' title="bbox 2101 4916 3407 4973">
     <span class='ocr_line' id='line_1_144' title="bbox 2101 4916 3407 4973; baseline 0.002 -8"><span class='ocrx_word' id='word_1_1047' title='bbox 2101 4918 2324 4969; x_wconf 87' lang='lat' dir='ltr'>Currant</span> <span class='ocrx_word' id='word_1_1048' title='bbox 2350 4917 2512 4965; x_wconf 83' lang='lat' dir='ltr'>verba</span> <span class='ocrx_word' id='word_1_1049' title='bbox 2534 4917 2672 4973; x_wconf 89' lang='lat' dir='ltr'>licet,</span> <span class='ocrx_word' id='word_1_1050' title='bbox 2702 4930 2893 4966; x_wconf 87' lang='lat' dir='ltr'>manus</span> <span class='ocrx_word' id='word_1_1051' title='bbox 2920 4919 3001 4965; x_wconf 85' lang='lat' dir='ltr'>est</span> <span class='ocrx_word' id='word_1_1052' title='bbox 3028 4916 3263 4967; x_wconf 87' lang='lat' dir='ltr'>velocior</span> <span class='ocrx_word' id='word_1_1053' title='bbox 3285 4917 3407 4972; x_wconf 86' lang='lat' dir='ltr'>illis.</span> 
     </span>
    </p>
   </div>
   <div class='ocr_carea' id='block_1_143' title="bbox 2164 4978 3472 5044">
    <p class='ocr_par' dir='ltr' id='par_1_143' title="bbox 2164 4978 3472 5044">
     <span class='ocr_line' id='line_1_145' title="bbox 2164 4978 3472 5044; baseline -0.001 -16"><span class='ocrx_word' id='word_1_1054' title='bbox 2164 4980 2411 5029; x_wconf 87' lang='lat' dir='ltr'>Nondum</span> <span class='ocrx_word' id='word_1_1055' title='bbox 2440 4978 2625 5042; x_wconf 87' lang='lat' dir='ltr'>lingua</span> <span class='ocrx_word' id='word_1_1056' title='bbox 2648 4992 2825 5035; x_wconf 90' lang='lat' dir='ltr'>suum,</span> <span class='ocrx_word' id='word_1_1057' title='bbox 2843 4978 3057 5028; x_wconf 84' lang='lat' dir='ltr'>dextera</span> <span class='ocrx_word' id='word_1_1058' title='bbox 3079 4980 3286 5044; x_wconf 84' lang='lat' dir='ltr'>peregit</span> <span class='ocrx_word' id='word_1_1059' title='bbox 3317 4994 3472 5044; x_wconf 90' lang='lat' dir='ltr'>opus.</span> 
     </span>
    </p>
   </div>
   <div class='ocr_carea' id='block_1_144' title="bbox 1946 5059 2940 5131">
    <p class='ocr_par' dir='ltr' id='par_1_144' title="bbox 1946 5059 2940 5131">
     <span class='ocr_line' id='line_1_146' title="bbox 1946 5059 2940 5131; baseline -0.001 -15"><span class='ocrx_word' id='word_1_1060' title='bbox 1946 5060 2013 5116; x_wconf 85' lang='lat' dir='ltr'>Et</span> <span class='ocrx_word' id='word_1_1061' title='bbox 2038 5059 2342 5127; x_wconf 84' lang='lat' dir='ltr'>Ausonius,</span> <span class='ocrx_word' id='word_1_1062' title='bbox 2375 5059 2792 5131; x_wconf 79' lang='lat' dir='ltr'>epigrammate</span> <span class='ocrx_word' id='word_1_1063' title='bbox 2818 5059 2940 5115; x_wconf 76' lang='grc'>137.</span> 
     </span>
    </p>
   </div>
   <div class='ocr_carea' id='block_1_145' title="bbox 2321 5148 3082 5211">
    <p class='ocr_par' dir='ltr' id='par_1_145' title="bbox 2321 5148 3082 5211">
     <span class='ocr_line' id='line_1_147' title="bbox 2321 5148 3082 5211; baseline 0 -15"><span class='ocrx_word' id='word_1_1064' title='bbox 2321 5148 2456 5196; x_wconf 83' lang='lat' dir='ltr'>Puer</span> <span class='ocrx_word' id='word_1_1065' title='bbox 2491 5150 2764 5196; x_wconf 73' lang='lat' dir='ltr'>notrarnm</span> <span class='ocrx_word' id='word_1_1066' title='bbox 2785 5151 3082 5211; x_wconf 73' lang='lat' dir='ltr'>praepetum</span> 
     </span>
    </p>
   </div>
   <div class='ocr_carea' id='block_1_146' title="bbox 2322 5210 3007 5267">
    <p class='ocr_par' dir='ltr' id='par_1_146' title="bbox 2322 5210 3007 5267">
     <span class='ocr_line' id='line_1_148' title="bbox 2322 5210 3007 5267; baseline 0 -8"><span class='ocrx_word' id='word_1_1067' title='bbox 2322 5210 2494 5259; x_wconf 83' lang='lat' dir='ltr'>Solcrs</span> <span class='ocrx_word' id='word_1_1068' title='bbox 2525 5211 2768 5258; x_wconf 73' lang='lat' dir='ltr'>minister</span> <span class='ocrx_word' id='word_1_1069' title='bbox 2798 5210 3007 5267; x_wconf 65' lang='lat' dir='ltr'>advola,</span> 
     </span>
    </p>
   </div>
   <div class='ocr_carea' id='block_1_147' title="bbox 2323 5272 3068 5335">
    <p class='ocr_par' dir='ltr' id='par_1_147' title="bbox 2323 5272 3068 5335">
     <span class='ocr_line' id='line_1_149' title="bbox 2323 5272 3068 5335; baseline 0.001 -15"><span class='ocrx_word' id='word_1_1070' title='bbox 2323 5272 2571 5335; x_wconf 83' lang='lat' dir='ltr'>Bipateus</span> <span class='ocrx_word' id='word_1_1071' title='bbox 2598 5272 2829 5335; x_wconf 77' lang='lat' dir='ltr'>pugillar</span> <span class='ocrx_word' id='word_1_1072' title='bbox 2862 5272 3068 5333; x_wconf 82' lang='lat' dir='ltr'>expedi,</span> 
     </span>
    </p>
   </div>
   <div class='ocr_carea' id='block_1_148' title="bbox 2323 5334 2990 5397">
    <p class='ocr_par' dir='ltr' id='par_1_148' title="bbox 2323 5334 2990 5397">
     <span class='ocr_line' id='line_1_150' title="bbox 2323 5334 2990 5397; baseline 0 -16"><span class='ocrx_word' id='word_1_1073' title='bbox 2323 5334 2413 5397; x_wconf 70' lang='lat' dir='ltr'>Qui</span> <span class='ocrx_word' id='word_1_1074' title='bbox 2446 5334 2615 5383; x_wconf 76' lang='lat' dir='ltr'>multa</span> <span class='ocrx_word' id='word_1_1075' title='bbox 2639 5334 2783 5383; x_wconf 85' lang='lat' dir='ltr'>fandi</span> <span class='ocrx_word' id='word_1_1076' title='bbox 2816 5336 2990 5397; x_wconf 82' lang='lat' dir='ltr'>copia,</span> 
     </span>
    </p>
   </div>
   <div class='ocr_carea' id='block_1_149' title="bbox 2324 5396 3055 5461">
    <p class='ocr_par' dir='ltr' id='par_1_149' title="bbox 2324 5396 3055 5461">
     <span class='ocr_line' id='line_1_151' title="bbox 2324 5396 3055 5461; baseline 0.003 -18"><span class='ocrx_word' id='word_1_1077' title='bbox 2324 5396 2539 5461; x_wconf 65' lang='lat' dir='ltr'>l_’_unctis</span> <span class='ocrx_word' id='word_1_1078' title='bbox 2569 5401 2783 5461; x_wconf 87' lang='lat' dir='ltr'>peracta</span> <span class='ocrx_word' id='word_1_1079' title='bbox 2811 5396 3055 5461; x_wconf 80' lang='lat' dir='ltr'>singulis.</span> 
     </span>
    </p>
   </div>
   <div class='ocr_carea' id='block_1_150' title="bbox 2330 5459 3136 5514">
    <p class='ocr_par' dir='ltr' id='par_1_150' title="bbox 2330 5459 3136 5514">
     <span class='ocr_line' id='line_1_152' title="bbox 2330 5459 3136 5514; baseline 0.002 -8"><span class='ocrx_word' id='word_1_1080' title='bbox 2330 5459 2396 5507; x_wconf 87' lang='lat' dir='ltr'>Ut</span> <span class='ocrx_word' id='word_1_1081' title='bbox 2428 5472 2537 5506; x_wconf 86' lang='lat' dir='ltr'>una</span> <span class='ocrx_word' id='word_1_1082' title='bbox 2556 5473 2657 5508; x_wconf 88' lang='lat' dir='ltr'>vox</span> <span class='ocrx_word' id='word_1_1083' title='bbox 2686 5459 2997 5514; x_wconf 80' lang='lat' dir='ltr'>absolvitur.</span> <span class='ocrx_word' id='word_1_1084' title='bbox 3034 5463 3136 5510; x_wconf 87' lang='lat' dir='ltr'>etc.</span> 
     </span>
    </p>
   </div>
   <div class='ocr_carea' id='block_1_151' title="bbox 1956 5538 3606 5609">
    <p class='ocr_par' dir='ltr' id='par_1_151' title="bbox 1956 5538 3606 5609">
     <span class='ocr_line' id='line_1_153' title="bbox 1956 5538 3606 5609; baseline -0.002 -13"><span class='ocrx_word' id='word_1_1085' title='bbox 1956 5543 2196 5596; x_wconf 83' lang='lat' dir='ltr'>Sanctus</span> <span class='ocrx_word' id='word_1_1086' title='bbox 2228 5540 2619 5609; x_wconf 81' lang='lat' dir='ltr'>Hieronymus,</span> <span class='ocrx_word' id='word_1_1087' title='bbox 2651 5539 2813 5609; x_wconf 87' lang='lat' dir='ltr'>epist.</span> <span class='ocrx_word' id='word_1_1088' title='bbox 2867 5542 2936 5592; x_wconf 90' lang='lat' dir='ltr'>ad</span> <span class='ocrx_word' id='word_1_1089' title='bbox 2966 5540 3276 5599; x_wconf 78' lang='lat' dir='ltr'>lulianum,</span> <span class='ocrx_word' id='word_1_1090' title='bbox 3312 5544 3468 5591; x_wconf 63' lang='grc' dir='ltr'>ἴου-ιο</span> <span class='ocrx_word' id='word_1_1091' title='bbox 3497 5538 3606 5608; x_wconf 87' lang='lat' dir='ltr'>pri-</span> 
     </span>
    </p>
   </div>
   <div class='ocr_carea' id='block_1_152' title="bbox 1964 5609 3599 5679">
    <p class='ocr_par' dir='ltr' id='par_1_152' title="bbox 1964 5609 3599 5679">
     <span class='ocr_line' id='line_1_154' title="bbox 1964 5609 3599 5679; baseline 0 -15"><span class='ocrx_word' id='word_1_1092' title='bbox 1964 5629 2057 5664; x_wconf 88' lang='lat' dir='ltr'>mo</span> <span class='ocrx_word' id='word_1_1093' title='bbox 2094 5631 2104 5669; x_wconf 90' lang='lat'>:</span> <span class='ocrx_word' id='word_1_1094' title='bbox 2140 5613 2213 5666; x_wconf 87' lang='lat' dir='ltr'>Et</span> <span class='ocrx_word' id='word_1_1095' title='bbox 2249 5619 2428 5666; x_wconf 81' lang='lat' dir='ltr'>tamen</span> <span class='ocrx_word' id='word_1_1096' title='bbox 2468 5609 2563 5664; x_wconf 81' lang='lat' dir='ltr'>ille</span> <span class='ocrx_word' id='word_1_1097' title='bbox 2592 5616 2839 5676; x_wconf 67' lang='lat' dir='ltr'>apposito</span> <span class='ocrx_word' id='word_1_1098' title='bbox 2890 5612 3113 5664; x_wconf 83' lang='lat' dir='ltr'>notario</span> <span class='ocrx_word' id='word_1_1099' title='bbox 3160 5611 3373 5677; x_wconf 55' lang='lat' dir='ltr'>coge/nn</span> <span class='ocrx_word' id='word_1_1100' title='bbox 3425 5610 3599 5679; x_wconf 73' lang='lat' dir='ltr'>loqui,</span> 
     </span>
    </p>
   </div>
   <div class='ocr_carea' id='block_1_153' title="bbox 1948 5679 3607 5762">
    <p class='ocr_par' dir='ltr' id='par_1_153' title="bbox 1948 5679 3607 5762">
     <span class='ocr_line' id='line_1_155' title="bbox 1948 5679 3607 5762; baseline 0 -26"><span class='ocrx_word' id='word_1_1101' title='bbox 1948 5698 2071 5762; x_wconf 75' lang='lat' dir='ltr'>quae</span> <span class='ocrx_word' id='word_1_1102' title='bbox 2085 5681 2333 5737; x_wconf 79' lang='lat' dir='ltr'>velociter</span> <span class='ocrx_word' id='word_1_1103' title='bbox 2352 5682 2499 5762; x_wconf 78' lang='lat' dir='ltr'>edita</span> <span class='ocrx_word' id='word_1_1104' title='bbox 2515 5687 2956 5762; x_wconf 60' lang='lat' dir='ltr'>consequeretur:</span> <span class='ocrx_word' id='word_1_1105' title='bbox 2978 5697 3189 5747; x_wconf 83' lang='lat' dir='ltr'>manus,</span> <span class='ocrx_word' id='word_1_1106' title='bbox 3209 5689 3267 5762; x_wconf 37' lang='lat' dir='ltr'>et.</span> <span class='ocrx_word' id='word_1_1107' title='bbox 3283 5679 3491 5762; x_wconf 65' lang='lat' dir='ltr'>linquat</span> <span class='ocrx_word' id='word_1_1108' title='bbox 3518 5698 3607 5762; x_wconf 57' lang='lat' dir='ltr'>ce:</span> 
     </span>
    </p>
   </div>
   <div class='ocr_carea' id='block_1_154' title="bbox 1953 5749 3606 5849">
    <p class='ocr_par' dir='ltr' id='par_1_154' title="bbox 1953 5749 3606 5849">
     <span class='ocr_line' id='line_1_156' title="bbox 1953 5749 3606 5849; baseline -0.002 -37"><span class='ocrx_word' id='word_1_1109' title='bbox 1953 5749 2241 5812; x_wconf 78' lang='lat' dir='ltr'>leritatem</span> <span class='ocrx_word' id='word_1_1110' title='bbox 2281 5753 2618 5849; x_wconf 68' lang='lat' dir='ltr'>prenderent</span> <span class='ocrx_word' id='word_1_1111' title='bbox 2654 5749 2811 5837; x_wconf 72' lang='lat' dir='ltr'>signa</span> <span class='ocrx_word' id='word_1_1112' title='bbox 2841 5749 3153 5814; x_wconf 68' lang='lat' dir='ltr'>verborum.</span> <span class='ocrx_word' id='word_1_1113' title='bbox 3208 5752 3278 5807; x_wconf 89' lang='lat' dir='ltr'>Et</span> <span class='ocrx_word' id='word_1_1114' title='bbox 3301 5750 3471 5825; x_wconf 86' lang='lat' dir='ltr'>epist.</span> <span class='ocrx_word' id='word_1_1115' title='bbox 3531 5752 3606 5815; x_wconf 81' lang='lat' dir='ltr'>ad</span> 
     </span>
    </p>
   </div>
  </div>
