4004 6178
177 342 399 393 aeternam
419 335 722 408 pertinere.
748 335 892 400 Quia
909 354 1041 408 ergo
1064 337 1280 407 parvuli
1298 338 1539 392 necdum
1558 336 1781 391 ratione
1814 342 1861 399 Α

178 413 349 481 utentes
373 408 496 481 haec
517 407 789 481 “minime
810 407 1016 476 capere
1046 414 1301 478 possunt,
1330 412 1552 481 oportet
1576 414 1630 461 ut
1651 425 1779 462 cum

176 480 228 534 ad
251 478 649 550 intelligibilem
682 484 906 533 aetatem
942 481 1323 550 pervenerint,
1356 478 1689 542 doceantur,
1729 483 1787 534 et

174 551 270 606 fidei
294 549 688 622 Sacramentis,
725 554 781 605 et
809 549 1184 606 confessionis
1237 567 1353 606 sua:
1388 550 1691 622 mysteriis,
1728 557 1785 604 ut

175 638 221 677 ea
244 627 286 677 et
315 621 581 676 veraciter
609 622 871 685 credant,
904 627 961 676 et
986 622 1244 692 diligenti
1275 639 1409 676 cura
1439 621 1782 692 Custodiant.

172 692 769 773 Confessionenrsuam
818 694 984 773 plane
1030 691 1486 773 diximusthquia
1524 691 1786 773 quamvis

175 764 315 836 366
338 764 415 816 illi
444 763 690 817 necdum
726 764 877 836 loqui
907 764 1144 834 possint,
1174 781 1273 836 pro
1302 763 1412 836 illis
1434 770 1487 819 et
1517 763 1789 836 conﬁten-

175 834 305 890 turet
324 836 636 904 loquuntur
657 834 751 904 qui
784 852 880 890 eos
900 836 968 890 de
1000 836 1228 890 lavacro
1252 835 1425 889 fontis
1443 834 1783 904 suscipiunt:

171 923 248 961 nec
273 905 557 959 immerito
583 924 597 969 ;
620 906 866 977 dignum
899 913 985 961 est
1028 912 1089 961 ut
1125 906 1219 977 qui
1252 905 1497 960 aliorum
1544 904 1789 976 peccatis

167 976 357 1058 obnoxii
388 987 544 1056 sunt,
577 976 826 1056 aliorum
859 977 1031 1058 etiam
1058 976 1549 1058 cont'essione‘per
1575 981 1786 1057 myste-

164 1048 281 1104 rium
310 1046 679 1117 baptismatis
734 1048 1131 1103 remissionem
1191 1046 1558 1120 originalium
1608 1046 1788 1119 perci-

158 1121 710 1192 piantipeccatorum.

213 1215 235 1240 α
277 1189 419 1247 VllI.
442 1190 551 1254 Qui
577 1206 708 1244 vero
742 1189 888 1244 illius
915 1191 1184 1260 suntjam
1212 1189 1395 1245 aetatis
1412 1194 1474 1244 ut
1503 1189 1790 1244 rationem

152 1262 484 1317 credulitatis
536 1278 654 1315 suae
687 1262 919 1315 reddere
963 1262 1202 1332 possint,
1235 1261 1492 1331 diligenti
1533 1260 1790 1316 examine

149 1333 603 1405 scrutandisunt,
636 1337 829 1386 utrum
863 1333 1134 1388 veraciter
1161 1335 1431 1405 credant,
1447 1349 1519 1387 an
1549 1332 1790 1405 alicujus

149 1404 393 1476 falsitatis
416 1403 477 1457 in
502 1402 585 1456 eis
609 1406 831 1476 macula
857 1404 1085 1469 celetur,
1110 1405 1351 1459 necdum
1381 1403 1529 1476 [Leg.
1557 1402 1790 1474 nedum]

146 1481 221 1529 snt
251 1475 459 1529 timore
491 1479 593 1528 aut
646 1473 841 1528 favore
892 1479 1248 1530 terrenarum
1294 1473 1661 1545 potestatum,
1693 1473 1793 1528 aut

145 1546 510 1616 acquisitione
546 1545 931 1615 quarumdam
964 1563 1156 1601 rerum
1189 1548 1261 1600 ad
1298 1547 1657 1616 baptismatis
1706 1562 1792 1600 sa-

141 1624 494 1672 cramentum
543 1617 940 1687 ignorantibus
981 1617 1257 1672 ministris
1308 1617 1567 1672 Ecclesiae
1600 1633 1792 1687 perve-

140 1689 311 1751 niunt,
346 1689 621 1742 tradatur
648 1693 915 1742 sanctum
946 1688 1201 1751 canibus,
1235 1693 1292 1744 et
1325 1688 1650 1759 margaritae
1669 1687 1791 1741 mit-
1832 1699 1876 1757 Β

140 1766 320 1813 tantur
361 1759 520 1813 inter
572 1776 794 1828 porcos,
821 1763 877 1813 et
922 1760 1032 1830 lupi
1064 1760 1233 1814 ovina
1280 1760 1425 1830 pelle
1456 1760 1788 1813 vestiantur.

138 1832 282 1885 Hunc
330 1830 497 1885 enim
549 1847 773 1884 morem
842 1830 1085 1885 Ecclesia
1125 1848 1352 1885 servare
1394 1831 1708 1896 consuevit,
1733 1834 1795 1884 ut

134 1919 223 1972 per
247 1901 497 1972 aliquod
527 1900 756 1956 dierum
781 1901 1028 1971 spatium
1079 1901 1133 1955 hi
1177 1902 1272 1972 qui
1318 1902 1373 1956 in
1427 1901 1792 1957 solemnitate

131 1973 379 2044 paschali
414 1973 752 2044 baptizandi
782 1979 913 2025 sunt
941 1979 1283 2044 scrutentur,
1317 1977 1381 2027 ut
1408 1972 1698 2028 instructis
1738 1977 1794 2027 et.

128 2042 320 2112 doctis,
354 2048 417 2098 et
442 2042 696 2113 simplici
734 2044 903 2098 corde
933 2044 1007 2097 ad
1033 2043 1202 2099 fidem
1227 2060 1419 2099 veram
1437 2044 1792 2101 venientibus

124 2118 245 2169 vita
274 2113 1127 2186 sacramentaiimpertiantur;
1174 2116 1401 2186 quibus,
1431 2119 1493 2170 ut
1543 2114 1793 2186 aptiores

122 2187 501 2242 inveniantur
533 2185 895 2255 baptismatis
921 2193 1302 2250 sacramento,
1331 2192 1389 2240 et
1417 2202 1617 2241 eorum
1650 2185 1792 2241 ﬁdes

117 2257 482 2329 probabilior
505 2256 602 2314 sit.
635 2257 899 2326 quaedam
943 2257 1088 2329 fiunt
1116 2257 1653 2329 corporaliterqu
1682 2257 1793 2327 spi-

115 2327 265 2383 ritali
295 2335 484 2398 gustu
516 2329 821 2398 degustata
851 2327 1154 2399 mysticum
1182 2328 1317 2399 quid
1347 2332 1404 2384 et
1431 2327 1686 2399 spiritale
1703 2345 1788 2383 sa-

154 2400 296 2454 iant.

117 2419 340 2525 β’ῗηιιέ.
372 2469 722 2539 Tanguntur
759 2468 950 2539 itaque
991 2470 1059 2524 de
1090 2473 1255 2540 sputo
1295 2486 1482 2535 nares,
1516 2473 1573 2525 et
1603 2486 1792 2533 aures,

111 2547 165 2597 et
194 2542 368 2606 dicis,
397 2541 587 2595 Eﬂeta
608 2559 618 2594 :
642 2556 830 2601 nares,
854 2548 917 2598 ut
940 2541 1227 2595 Christum
1253 2540 1308 2594 in
1341 2542 1516 2597 odore
1542 2558 1795 2611 unguen-

114 2620 309 2667 torum
344 2616 688 2681 sequantur,
720 2618 776 2665 et
802 2612 993 2665 dicant
1025 2629 1036 2665 :
1069 2612 1225 2666 trahe
1253 2629 1354 2675 me,
1384 2620 1502 2682 post
1533 2620 1579 2667 te
1608 2629 1791 2666 curre-

116 2702 270 2748 mus;
299 2690 355 2739 et
386 2700 526 2737 cum
559 2682 832 2752 Apostolo
862 2683 1234 2752 profiteantur
1264 2683 1551 2738 dicentes:
1584 2684 1796 2738 Christi

114 2756 281 2809 bonus
313 2755 457 2808 odor
484 2771 671 2807 sumus
698 2754 806 2807 Deo
830 2771 850 2817 ;
875 2758 927 2807 et
979 2754 1127 2808 illius
1177 2756 1434 2809 membra
1469 2754 1797 2809 efﬁciantur

120 2828 198 2880 cui
230 2826 461 2880 dicitur
496 2841 507 2879 :
540 2825 614 2878 Et
643 2825 774 2878 odor
804 2826 1235 2880 vestimentorum
1262 2832 1478 2880 tuorum
1505 2843 1665 2896 super
1688 2843 1795 2879 om-

121 2900 206 2950 sia
225 2903 518 2951 aromata.
541 2896 723 2967 Quem
756 2897 993 2950 odorem
1024 2901 1155 2951 tunc
1187 2899 1328 2951 bene
1350 2897 1560 2951 habere
1586 2896 1795 2967 poterit

123 2967 266 3037 fLeg.
306 2965 636 3039 poterunt],
670 2967 817 3039 sicut
858 2968 1055 3031 Maria,
1104 2985 1227 3038 qua:
1259 2965 1669 3039 interpretatur
1694 2969 1792 3022 do-

118 3040 303 3103 mina,
325 3056 452 3093 Sive
483 3038 846 3105 lum’niatrix,
874 3038 1227 3092 alabastrum
1251 3038 1545 3109 unguenti,
1577 3039 1682 3093 hoc
1708 3044 1794 3093 est

120 3128 297 3165 sacrae
324 3110 465 3183 fidei
497 3110 832 3183 puritatem,
857 3113 913 3163 et
946 3114 1241 3183 ungueant
1281 3110 1427 3183 μεθ.
1460 3114 1521 3163 ut
1551 3111 1790 3183 upgantl

118 3184 287 3255 pedes
307 3182 473 3255 Jesu,
499 3181 895 3248 apostolorum
915 3181 1406 3255 videlicetmonita
1418 3181 1789 3255 complentes,

118 3253 199 3306 vel
242 3253 707 3323 praedicatorum
757 3251 1161 3321 quorumlibet,
1212 3268 1310 3321 per
1349 3269 1492 3322 quos
1538 3251 1793 3307 Christus

122 3324 448 3378 inambulat
476 3340 491 3387 ;
518 3327 576 3377 et
594 3325 823 3387 domus,
854 3323 1101 3377 mundus
1128 3323 1409 3387 videlicet,
1432 3323 1549 3378 sive
1572 3324 1795 3378 univer-

120 3396 251 3449 sitas
280 3398 507 3466 sanctae
558 3394 832 3466 Ecclesiae
858 3410 1057 3447 eorum
1090 3395 1239 3448 bona
1287 3394 1576 3465 Opinione,
1611 3394 1793 3466 quasi

119 3468 377 3535 quodam
411 3465 568 3519 dulci
598 3469 657 3519 et
678 3465 836 3519 suavi
861 3466 1051 3529 Odore,
1081 3466 1406 3535 repleatur;
1441 3470 1497 3520 et
1526 3465 1661 3536 quia
1682 3466 1792 3536 ple-

120 3553 365 3608 rumque
396 3537 599 3591 odoris
615 3535 871 3590 suavitas
893 3542 947 3591 et
965 3536 1196 3608 diversa
1216 3535 1599 3608 thymiamata
1621 3535 1798 3608 disso-

120 3606 344 3663 lutis‘et
371 3608 740 3663 amatoribus
786 3607 1150 3671 conveniunt,
1185 3606 1289 3661 isti
1332 3624 1361 3663 e
1410 3606 1699 3664 contrario
1740 3613 1797 3664 et.

122 3680 522 3741 continentes,
546 3684 604 3734 et
630 3677 838 3734 Christi
858 3684 1147 3733 amatores
1173 3679 1377 3742 effecti,
1410 3678 1561 3734 illius
1584 3680 1797 3734 solum-

122 3752 289 3805 modo
303 3750 487 3806 saluti
498 3749 688 3804 ferum
705 3765 933 3819 semper
954 3750 1377 3820 amplectantur
1393 3751 1797 3807 odorem.Tan-

116 3828 336 3891 guntur
367 3827 427 3877 et
460 3837 654 3878 aures.
685 3825 746 3875 ut
774 3820 1070 3875 audientes
1103 3823 1270 3876 verba
1292 3820 1405 3884 Dei,
1439 3826 1496 3876 et
1522 3821 1798 3878 facientes

117 3908 203 3955 ea,
225 3894 457 3947 similes
477 3894 620 3956 sint,
645 3894 958 3947 secundum
985 3892 1373 3962 Evangelium,
1398 3894 1518 3947 viro
1541 3896 1795 3963 sapienti,

114 3968 208 4033 qm"
238 3966 552 4034 mliﬁcartt
589 3964 984 4035 domumsuam
1012 3981 1182 4035 supra
1206 3972 1454 4034 petram;
1483 3965 1797 4035 etspiritali

112 4037 314 4091 auditu
328 4054 461 4092 sem
472 4034 870 4106 perspiritalia
883 4034 1221 4099 auscultant,
1238 4041 1300 4089 ut
1315 4052 1442 4089 cum
1463 4034 1637 4090 David
1649 4037 1794 4092 dice-

110 4123 169 4160 re
196 4110 435 4178 possint
460 4105 485 4156 ξ
502 4107 749 4160 Audiam
760 4105 893 4177 quid
911 4106 1161 4178 toi/natur
1178 4108 1236 4159 in
1253 4123 1333 4159 me
1360 4108 1616 4178 Dominus
1636 4106 1797 4173 Deus;

112 4180 171 4231 Et
199 4177 341 4234 cum
380 4180 572 4234 Isaia:
601 4178 871 4232 Dominus
902 4177 1042 4231 Deus
1067 4180 1283 4247 aperuit
1306 4177 1440 4250 mihi
1464 4195 1652 4233 aurem
1674 4196 1690 4233 :
1709 4197 1798 4250 ego

105 4258 291 4305 autem
312 4268 432 4305 non
458 4250 801 4306 contradico.
832 4257 1133 4321 retrorsum
1166 4266 1270 4303 non
1296 4248 1433 4321 abii,
1467 4254 1666 4320 utqua:
1687 4248 1798 4321 spi-

106 4321 369 4378 ritaliter
410 4321 689 4375 dicuntur
713 4320 1034 4387 audientes,
1067 4321 1137 4375 ad
1172 4319 1513 4391 spiritalium
1558 4319 1793 4391 operum

104 4395 528 4476 emolumenta
559 4391 939 4476 per/veniant.
997 4392 1137 4445 Cum
1190 4390 1383 4476 itaque
1410 4390 1691 4476 Dominus
1737 4396 1793 4449 in
1833 4418 1876 4476 ο

103 4463 441 4535 Evangelio
457 4462 635 4517 dicit:
663 4463 767 4535 Qui
799 4462 951 4535 habet
985 4479 1145 4535 aures
1172 4463 1466 4535 audiendi,
1499 4464 1709 4531 audiat,
1741 4469 1798 4520 et

100 4533 376 4590 Joannes
402 4536 459 4589 in
482 4533 836 4604 Apocalypsi
860 4550 964 4588 sua
999 4551 1009 4588 :
1040 4534 1146 4599 Qui
1167 4533 1318 4588 habet
1334 4551 1495 4588 auies
1512 4535 1790 4603 audiendi,

98 4607 303 4661 audiat
321 4606 469 4678 quid
493 4605 761 4678 Dominus
781 4605 929 4659 dicat
960 4604 1233 4667 Ecclesiis,
1257 4605 1346 4659 hic
1364 4622 1478 4660 non
1494 4622 1658 4678 aures
1675 4624 1797 4660 car-

101 4679 294 4743 nales,
334 4676 456 4733 'sed
486 4676 784 4747 spiritales
831 4680 1179 4746 quaeruntur,
1215 4680 1272 4731 et
1302 4693 1401 4747 per
1430 4676 1656 4732 aurium
1697 4694 1792 4733 no-

100 4765 239 4803 men
275 4746 588 4805 interioris
620 4746 874 4801 hominis
903 4748 1131 4802 auditus
1161 4746 1508 4818 designatur.
1550 4748 1611 4803 In
1633 4765 1795 4803 sacro

99 4822 329 4891 etenim
362 4821 600 4891 eloquio
624 4819 966 4891 plerumque
1004 4836 1104 4889 per
1131 4821 1395 4874 membra
1414 4819 1666 4891 corporis
1686 4822 1796 4891 spi-

102 4890 297 4947 ritalis
322 4890 551 4949 animae
588 4892 827 4946 virtutes
858 4890 1276 4961 intelliguntur.
1321 4890 1462 4955 Quia
1485 4907 1620 4961 ergo
1651 4890 1795 4947 divi-

102 4962 257 5017 nitas
289 4964 602 5019 hominem
636 4978 938 5017 assumens
967 4962 1255 5032 quoddam
1288 4978 1353 5016 ex
1394 4962 1795 5019 commistione

102 5033 365 5090 duarum
396 5033 869 5091 substantiarum
898 5033 957 5087 in
991 5049 1103 5086 una
1134 5032 1233 5088 Dei
1259 5032 1378 5087 Filii
1412 5050 1653 5103 persona
1675 5033 1796 5089 col-

102 5104 325 5175 lyrium
352 5107 512 5172 fecit,
557 5106 713 5160 unde
749 5120 933 5175 genus
962 5103 1305 5167 humanum,
1336 5106 1488 5175 quod
1522 5121 1730 5161 caecum
1760 5122 1795 5160 a

100 5174 317 5255 primis
377 5176 726 5255 parentibus
764 5174 981 5255 natum
1022 5181 1164 5240 erat,
1195 5174 1593 5255 .illuminaret,
1627 5177 1642 5193 '
1670 5193 1792 5255 non

100 5248 253 5319 μσς.
290 5248 479 5322 nunc]
510 5266 547 5303 a
568 5252 741 5318 sputo
770 5263 942 5322 aures
969 5250 1301 5316 tanguntur,
1331 5252 1385 5322 et
1418 5263 1606 5322 nares.
1627 5251 1681 5301 ut
1704 5265 1796 5302 ex-

96 5318 323 5387 spuens
341 5318 610 5392 linguam
636 5318 783 5392 muti
804 5321 1069 5388 tetigerat
1103 5322 1335 5387 etsputo
1351 5318 1543 5392 lutum
1560 5320 1788 5392 fecerat,

110 5396 153 5442 et
177 5394 383 5447 oculos
417 5389 552 5446 caeci
585 5389 706 5444 nati
739 5392 1081 5459 aperuerat;
1118 5405 1265 5443 nunc
1282 5406 1382 5459 per
1409 5389 1790 5444 ministerium

109 5468 483 5518 sacerdotum
514 5474 572 5517 et
602 5458 870 5516 auditum
904 5458 1218 5529 spiritalem
1254 5458 1340 5515 his
1384 5460 1479 5531 qui
1524 5461 1791 5531 baptizati

106 5540 229 5588 sunt
270 5537 521 5597 tribuat,
555 5537 615 5588 et
650 5537 807 5587 recte
838 5531 1128 5601 loquendi,
1173 5531 1231 5585 id
1263 5536 1352 5587 est
1380 5532 1543 5586 ﬁdem
1594 5548 1789 5587 veram

102 5606 425 5663 conﬁzendi
462 5605 808 5660 facultatem
842 5604 1110 5672 praebeat,
1148 5607 1205 5657 et
1233 5619 1421 5667 nares,
1467 5601 1669 5673 quibus
1693 5604 1788 5659 bo-

98 5678 483 5734 nnmeristi
506 5677 753 5732 odorem
786 5673 1039 5746 capiant,
1069 5675 1307 5745 aperiat.
1334 5673 1703 5746 Pectusenim
1723 5674 1789 5729 il-

98 5746 209 5807 tius
236 5751 341 5827 qui
398 5747 735 5827 baptizatur
763 5744 1045 5819 refertum
1075 5744 1300 5821 semper
1343 5762 1466 5803 esse
1513 5745 1699 5817 debet,
1733 5751 1790 5804 et

896 202 969 267 IN
1013 208 1072 268 S.
1121 198 1464 269 GREGORII
1506 203 1778 267 LIBRUM
1818 200 2466 274 SACRAMENTORUM
2510 204 2751 271 ΝΟΤΑΕ.

3425 202 3541 272 388

1893 336 2073 411 divini
2090 338 2278 394 odoris
2307 345 2551 396 nectare.
2569 342 2619 396 el
2647 340 2888 411 spiritali
2922 339 3540 397 unctionedelibutum.

1969 431 1986 455 α
2026 410 2098 483 ΔΧ.
2126 412 2285 466 Unde
2306 412 2475 466 etiam
2508 412 2592 465 his
2622 410 2714 481 qui
2769 412 3087 483 baptizandi
3141 416 3293 474 sunt,
3353 417 3544 482 pectus

1893 480 2112 554 depleo
2144 484 2471 554 etscapulae
2505 480 2928 554 tanguntur,‘ut
2957 483 3107 538 illius
3137 483 3246 538 olei
3271 480 3547 538 sanctivi-

1895 551 2099 624 delicet
2123 551 2363 622 Spiritus
2396 551 2661 608 unctione
2692 554 2838 608 liniti
2867 556 3063 624 dequo
3088 554 3392 624 Apostolus
3422 555 3503 609 ait
3530 571 3542 608 ;

1893 623 2030 676 sicut
2058 624 2239 677 unctio
2272 625 2385 694 ejus
2430 624 2575 679 docet
2618 641 2710 678 nos
2738 625 2800 679 de
2835 623 3097 689 omnibus,
3124 623 3257 681 ante
3295 630 3351 681 et
3391 630 3543 680 retro

1899 694 2122 766 muniti.
2153 695 2209 748 id
2235 710 2318 750 eat
2364 700 2564 749 contra
2591 695 2785 749 omnia
2813 712 3079 766 prospera
3134 696 3250 751 sive
3304 697 3548 751 adversa

1897 763 2435 837 sintcircumspecti,
2465 772 2520 820 et
2540 763 2853 821 cmlestium
2878 763 3210 821 animalium
3228 766 3545 823 imitatione

1898 844 2030 908 ante
2056 844 2108 891 et
2141 843 2292 892 retro
2317 837 2465 908 pleni
2494 837 2609 892 sint
2638 837 2830 908 oculis,
2866 837 2919 891 id
2953 842 3038 891 est
3090 838 3435 906 praeteritum
3490 841 3548 893 et

1898 906 2152 962 futurum
2166 906 2551 978 respicientes,
2568 907 2767 962 salutis
2780 924 2895 962 suae
2909 908 3230 962 custodiam
3254 925 3366 962 non
3378 908 3543 963 amit‘

1899 981 2045 1051 tant.
2073 978 2348 1048 Tangitur
2380 979 2460 1034 eis
2488 985 2703 1051 pectus,
2740 979 2910 1050 367
2934 984 2993 1032 ut
3022 996 3151 1033 cum
3170 979 3347 1033 David
3361 980 3547 1035 dicere

1900 1049 2147 1130 possint:
2172 1051 2242 1130 Et
2272 1049 2666 1130 nu'serirbrdia
2680 1049 2794 1120 ejus
2814 1049 3136 1130 :p-ra'venia‘t
3165 1068 3261 1130 me.
3287 1051 3548 1130 Tangun-

1900 1126 1990 1174 tur
2020 1124 2283 1191 scapulae,
2320 1127 2379 1176 ut
2407 1139 2539 1176 cum
2565 1123 2764 1176 eodem
2794 1122 2988 1176 dicant
3018 1141 3029 1174 :
3072 1122 3144 1176 Et
3176 1122 3552 1175 misericordia

1898 1193 2012 1262 ejus
2036 1192 2388 1263 subsequatur
2408 1210 2504 1247 ine.
2536 1194 2590 1247 id
2619 1202 2721 1258 est,
2757 1192 3065 1260 anteriora,
3085 1198 3145 1247 ut
3175 1192 3315 1248 bene
3348 1193 3548 1257 velint;

1901 1262 2230 1333 posteriora,
2262 1281 2330 1318 ne
2363 1264 2573 1319 frustra
2628 1263 2819 1317 velint.
2850 1264 2993 1318 Bene
3050 1268 3241 1319 autem
3291 1262 3432 1318 velle
3493 1268 3551 1318 et.

1900 1334 2167 1404 perficere
2198 1353 2232 1389 a
2263 1337 2376 1389 Deo
2410 1335 2571 1389 nobis
2602 1337 2790 1399 datur,
2819 1351 2853 1389 a
2883 1352 2995 1404 quo
3024 1341 3107 1390 est
3145 1351 3316 1390 omne
3348 1336 3546 1389 datum

1901 1405 2208 1475 Optimum,
2232 1411 2288 1460 et
2317 1423 2489 1462 omne
2520 1407 2737 1460 donum
2789 1408 3117 1475 perfectum.
3156 1407 3223 1460 Et
3272 1406 3548 1475 quoniam

1902 1477 1959 1530 in
1990 1477 2178 1531 cordis
2200 1477 2435 1531 nomine
2467 1494 2616 1547 szepe
2641 1493 2801 1531 mens
2828 1477 3180 1547 designatur,
3213 1476 3357 1531 sicut
3378 1485 3461 1531 est
3488 1476 3551 1530 il-

1903 1547 2032 1619 lud;
2062 1548 2121 1600 in
2147 1556 2255 1602 toto
2284 1549 2443 1602 corde
2474 1565 2583 1602 meo
2611 1548 2881 1619 exquisivi
2904 1555 2975 1611 te,
3002 1554 3058 1602 et
3094 1548 3147 1601 in
3178 1548 3282 1602 olei
3318 1549 3551 1619 nomine

1902 1617 2237 1689 intelligitur
2260 1619 2447 1673 unctio
2477 1619 2654 1673 sancti
2686 1617 2954 1688 Spiritus,
2984 1619 3099 1673 sive
3117 1635 3291 1688 Opera
3317 1618 3548 1673 luminis

1903 1695 1957 1744 et
1988 1690 2406 1754 misericordiae,
2439 1692 2625 1744 cordis
2659 1689 2814 1744 locus
2842 1689 3108 1745 unctione
3139 1690 3405 1760 utrinque
3426 1707 3551 1745 mu-

1903 1761 2077 1825 nitur,
2103 1761 2158 1813 id
2188 1767 2273 1816 est
2302 1762 2555 1816 anterius
2582 1766 2639 1814 et
2671 1760 2966 1830 posterius,
2997 1766 3057 1814 ut
3084 1761 3333 1831 undique
3386 1778 3551 1815 mens

1902 1831 2208 1903 Christiani
2242 1838 2297 1886 et
2330 1831 2669 1903 pinguedine
2697 1831 2880 1886 sancti
2904 1832 3167 1901 Spiritus,
3201 1837 3257 1886 et
3286 1833 3551 1901 operibus

1902 1902 2127 1958 luminis
2150 1908 2207 1957 et
2234 1902 2641 1958 misericordia;
2669 1903 2955 1957 exuberet.

1977 1995 2000 2024 α
2021 1974 2120 2028 ΧΙ.
2147 1975 2357 2038 Quibus
2378 1975 2520 2028 bene
2546 1974 2834 2037 exuberat,
2870 1974 2914 2027 si
2948 1972 3407 2028 abrenuntiando
3433 1971 3553 2027 dia-

1903 2044 2055 2112 bolo,
2082 2048 2138 2100 et
2158 2045 2422 2115 operibus
2450 2047 2594 2118 ejus,
2618 2044 3073 2118 dominationem
3106 2044 3256 2118 illius
3286 2060 3547 2118 asperne-

1901 2119 2011 2188 tur,
2040 2121 2098 2171 et
2118 2133 2324 2188 jugum
2357 2114 2509 2188 quod
2541 2116 2921 2188 sempremebat
2953 2114 3105 2188 illius
3130 2115 3257 2188 olci_
3285 2114 3552 2170 unctione

1903 2186 2134 2241 fatiscat
2156 2203 2170 2251 ς
2194 2186 2250 2241 et
2280 2186 2735 2256 impleaturillud
2761 2186 3153 2256 propheticum
3180 2202 3191 2241 ε
3219 2186 3553 2255 Computres~

1900 2264 1979 2313 cet
1995 2258 2191 2329 jugum
2219 2276 2253 2311 α
2284 2258 2426 2328 faeie
2463 2257 2569 2312 olei
2597 2257 2753 2329 (Isai.
2786 2258 2866 2327 x).
2890 2258 3307 2329 Abrenuntiare
3337 2256 3552 2310 etenim

1902 2327 2031 2399 poni
2062 2327 2208 2384 solet
2238 2327 2335 2400 pro
2366 2345 2432 2384 eo
2483 2327 2754 2400 quodest
2788 2344 3084 2400 spernere,
3118 2327 3371 2400 rejicrere,
3422 2344 3555 2382 con-

1902 2398 2202 2466 tradicere,
2238 2398 2354 2454 sive
2382 2398 2538 2454 aliud
2564 2399 2839 2469 quidquid
2865 2400 2970 2454 hoc
2983 2400 3154 2453 vei-bo
3176 2399 3233 2453 in
3250 2399 3356 2452 hoc
3380 2413 3551 2453 sensu

1902 2471 2150 2541 exprimi
2183 2475 2387 2542 potest.
2417 2470 2684 2536 Quamvis
2710 2471 2862 2525 enim
2898 2470 3047 2542 illius
3078 2470 3230 2524 verbi
3271 2469 3434 2542 quod;
3466 2474 3553 2524 est

1901 2540 2095 2596 nuntio
2121 2540 2393 2596 sensusin
2426 2547 2691 2612 promptu
2723 2542 2938 2596 sitcum
2983 2541 3104 2595 sine
3154 2540 3551 2612 praepositione

1904 2614 2211 2684 profertur,
2240 2618 2297 2668 et
2318 2611 2551 2683 accepta
2572 2612 2970 2681 praepositione
2991 2612 3328 2684 interduma
3358 2628 3461 2665 sua
3481 2611 3550 2684 si-

1902 2681 2269 2755 gniﬁcatione
2298 2700 2409 2738 non
2440 2681 2606 2753 lange
2638 2685 2885 2755 recedat,
2916 2687 2976 2755 ut
3005 2688 3090 2738 est
3118 2683 3284 2747 illud,
3313 2681 3550 2736 narrabo

1902 2753 1952 2809 et
1964 2755 2287 2809 renuntiabo
2308 2772 2326 2818 ,'
2346 2756 2624 2810 interdum
2642 2771 2772 2808 vero
2786 2753 2842 2807 in
2857 2753 2968 2807 aliu
2980 2772 3032 2808 m
3048 2770 3275 2808 sensum
3301 2758 3551 2808 vertatur

1904 2830 1967 2880 ut
1995 2831 2081 2881 est
2104 2826 2239 2880 illud
2265 2844 2275 2879 :
2302 2827 2395 2880 Sic
2418 2843 2541 2894 ergo
2559 2827 2731 2879 omnis
2759 2822 2981 2879 exvobis
3004 2826 3101 2895 qui
3129 2842 3235 2879 non
3266 2826 3550 2878 renuntiat

1901 2897 2144 2951 omnibus
2166 2914 2281 2968 quia
2302 2896 2531 2967 possidet
2564 2913 2665 2949 non
2688 2904 2857 2967 potest
2887 2914 3032 2950 meus
3074 2913 3177 2951 esse
3205 2895 3503 2968 discipulus
3534 2910 3548 2960 ;

1904 2966 2315 3023 abrenuntiare
2341 2974 2535 3022 tamen
2551 2984 2777 3037 semper
2807 2968 2864 3021 in
2894 2983 2960 3022 eo
2977 2984 3143 3021 sensu
3162 2966 3296 3037 poni
3317 2981 3550 3021 consue-

1825 3053 1873 3112 Ο
1903 3044 1983 3112 vit
2013 3056 2181 3112 quem
2215 3038 2473 3109 superius
2504 3038 2774 3112 diximus.
2807 3039 3223 3112 Abrenuntiare
3250 3037 3460 3112 etenim
3494 3053 3553 3091 se

1901 3108 2115 3190 fatetur
2134 3111 2382 3190 Satanae:
2416 3115 2472 3164 et
2492 3110 2757 3190 omnibus
2778 3110 3043 3190 operibus
3060 3110 3110 3182 ej
3123 3108 3553 3190 us,‘etompibus

1904 3182 2127 3252 pompis
2158 3183 2302 3250 ejus.
2335 3183 2519 3246 Quam
2534 3180 3554 3252 abrenuntiationem‘recteconfessio

1903 3251 2114 3308 sanctae
2142 3252 2435 3307 Trinitatis
2464 3253 2739 3322 sequitur,
2773 3256 2834 3307 ut
2883 3251 2974 3305 ubi
3021 3251 3330 3306 abundavit
3362 3267 3555 3321 pecca-

1904 3329 2050 3403 tum,
2080 3322 2735 3403 superabundet_gratia,
2762 3323 2935 3403 et-ubi
2963 3323 3312 3403 computruit
3346 3323 3553 3403 jugum

1904 3394 2117 3450 diaboli
2149 3393 2181 3449 a
2214 3394 2357 3449 facie
2392 3393 2675 3449 unctionis
2703 3393 2947 3463 Spiritus
2964 3400 3167 3452 sancti.
3197 3393 3464 3447 adveniat
3493 3393 3554 3446 il—

1903 3466 2012 3538 lius
2035 3465 2392 3538 jugum,‘qui
2424 3465 2567 3538 dixit
2590 3482 2611 3538 1»
2628 3463 2835 3538 Discite
2865 3482 2899 3538 a
2923 3482 3001 3519 me
3030 3466 3159 3538 quia
3180 3465 3331 3538 mitis
3358 3481 3483 3538 sum
3503 3471 3553 3518 et

1906 3535 2128 3592 humilis
2155 3536 2329 3596 corde.
2355 3543 2402 3590 et
2428 3536 2715 3589 invenietis
2742 3535 2980 3606 requiem
3010 3535 3292 3606 animabus
3316 3535 3509 3588 vestris
3532 3551 3552 3597 ;

1895 3610 2089 3680 jugum
2119 3608 2258 3680 enim
2282 3624 2451 3680 meum
2472 3614 2749 3680 suaveest,
2782 3605 2831 3659 et
2856 3622 2988 3660 onus
3018 3623 3185 3659 meum
3232 3605 3361 3680 teer
3392 3607 3554 3680 Sata-

1906 3675 2009 3734 nas
2039 3679 2212 3737 enim.
2240 3677 2335 3748 qui
2376 3684 2431 3732 et
2461 3677 2721 3731 diabolus
2769 3683 3162 3748 nuncupatur,
3206 3694 3239 3730 a
3292 3675 3553 3748 fidelibus

1905 3746 2360 3815 abrenuntiatur,
2378 3753 2439 3803 ut
2455 3749 2696 3803 Domino
2711 3746 2990 3803 Salvatori
3009 3747 3238 3802 liberius
3250 3746 3547 3811 serviatur,

1949 3822 2060 3884 uia,
2085 3822 2255 3893 juxta
2283 3820 2540 3891 ejusdem
2574 3819 2800 3876 Domini
2830 3835 3048 3885 vocem,
3076 3835 3226 3889 nemo
3239 3825 3405 3889 potest
3427 3816 3555 3872 duo-

1906 3840 2000 3947 gus
2024 3892 2257 3946 dominis
2286 3893 2512 3946 servire.
3404 3934 3409 3937 .

1942 3910 2000 3949 us
2024 3892 2257 3946 doininis
2286 3893 2512 3946 servire.
3404 3934 3409 3937 μ

1980 3964 2153 4018 «X11.
2198 3963 2645 4018 Abrenuntiatur
2674 3960 2850 4016 etiam
2907 3960 3173 4033 operibus
3229 3960 3377 4033 ejus,
3420 3958 3557 4030 quia

1907 4034 2262 4114 opera_i_tlius
2288 4033 2751 4114 contrariasth
2774 4030 3043 4114 operibus
3094 4030 3407 4114 salvatoris
3438 4048 3451 4097 ;
3501 4035 3558 4111 et.

1906 4101 2039 4176 quia
2070 4106 2164 4161 ille
2183 4105 2358 4159 armis
2385 4104 2521 4169 suis,
2545 4104 2601 4158 id
2621 4110 2706 4158 est
2736 4101 2906 4176 vitiis.
2934 4120 3111 4176 genus
3135 4103 3454 4176 humanum

1907 4172 1959 4232 5i
1988 4176 2248 4247 subjecit,
2280 4176 2569 4247 Dominus
2586 4175 2764 4247 armis
2793 4172 3470 4247 suisiidest‘virtutibus,
3492 4172 3556 4247 i_l—

1905 4248 2023 4303 lum
2048 4242 2369 4303 debellavit.
2408 4253 2459 4302 In
2493 4246 2645 4301 illius
2673 4246 2827 4301 enim
2861 4245 3085 4311 militia,
3122 4242 3178 4299 id
3200 4250 3279 4299 est
3310 4245 3555 4315 peccatis

1907 4320 2137 4398 nostris,
2161 4319 2420 4398 servitus,
2448 4334 2794 4398 permanens
2810 4316 2959 4398 _[Leg:
2986 4316 3443 4398 permanentem]
3464 4332 3555 4370 ac-

1905 4390 2054 4460 cepit
2081 4386 2358 4444 mortem:
2395 4386 2627 4445 in'istius
2655 4386 2881 4451 militia,
2906 4386 2962 4442 id
2988 4386 3435 4460 est,virtutibus,
3465 4404 3556 4460 ac-

1905 4457 2146 4532 cipimus
2174 4464 2349 4515 vitam
2381 4468 2675 4515 aeternam.
2710 4462 2937 4532 Septem
2996 4459 3188 4532 itaque
3220 4457 3554 4532 principalia

1905 4530 2059 4601 vitia,
2091 4534 2296 4603 quibus
2324 4532 2584 4587 diabolus
2603 4547 2791 4603 genus
2815 4531 3135 4585 humanum
3158 4530 3411 4594 infestat,
3431 4545 3551 4603 non

1905 4601 2216 4675 incongrue
2242 4620 2413 4676 Opera
2457 4601 2687 4676 Satanae
2721 4602 2930 4676 dicere
2961 4618 3299 4676 possumus,
3350 4601 3551 4671 quibus

1905 4672 2523 4746 opponuntur‘septem
2557 4674 2895 4746 pi'incgipales
2922 4672 3175 4746 virtutes,
3209 4688 3333 4741 quas
3380 4688 3550 4742 opera

1904 4743 2038 4803 sunt
2066 4746 2258 4817 procul
2288 4743 2459 4801 dubio
2489 4743 2782 4800 salutaria.
2815 4744 2927 4817 Nec
2954 4743 3378 4799 minusinterea
3392 4754 3563 4817 pom-‘

1904 4818 1989 4890 pis
2014 4814 2151 4897 ej:us_
2169 4817 2625 4897 abrenun-tiatur,
2654 4832 2777 4897 quae
2796 4814 2998 4897 “utique
3029 4831 3202 4897 Opera
3229 4819 3365 4896 sunt
3389 4814 3551 4897 sata-

1904 4885 2012 4946 hze.
2043 4885 2155 4944 Sed
2180 4906 2247 4943 eo
2277 4888 2437 4960 quasi
2456 4885 2699 4960 discerni
2722 4886 2988 4960 videntur
3004 4903 3038 4960 a
3059 4886 3273 4941 caeteris
3289 4885 3551 4956 Operibus

1904 4961 2047 5033 ejus,
2081 4957 2310 5038 quia_in
2327 4957 2763 5038 ejus_superbi_a,
2785 4957 2955 5038 cujus
2977 4957 3069 5038 ille
3097 4962 3317 5038 auctor,
3345 4962 3401 5038 et
3428 4972 3552 5038 quae

1904 5028 2035 5088 eum
2064 5028 2291 5101 deiecit,
2316 5028 2746 5102 quodammodo
2766 5028 3115 5102 designatur.
3134 5028 3362 5102 Pompa:
3380 5028 3553 5099 igitur

1904 5104 2026 5176 ejus
2056 5099 2462 5176 suntamb‘itio,
2496 5099 2846 5176 arrogantia,
2879 5118 3021 5176 vana
3044 5100 3318 5176 gloria,et
3344 5106 3555 5176 caetera

1903 5171 2329 5247 hujuscemodi,
2350 5188 2473 5243 quae
2505 5172 2574 5226 de
2604 5173 2758 5247 fonte
2788 5173 3069 5247 superbia:
3121 5172 3419 5247 procedere
3470 5171 3554 5226 di-

1901 5242 2270 5316 gnoscantur.
2299 5242 2575 5316 Pompam
2608 5244 2759 5316 enim
2789 5242 3162 5316 ambitionem
3197 5243 3551 5316 sivejactan-

1902 5314 2041 5371 {iam
2070 5321 2126 5370 et
2155 5316 2241 5369 bis
2264 5314 2472 5369 similia
2499 5314 2733 5384 intelligi
2752 5315 2957 5369 debere
2973 5314 3339 5384 prOptieticus
3360 5328 3549 5368 sermo

1902 5331 2041 5371 nam
2070 5331 2126 5370 et
2155 5331 2241 5369 nis
2264 5331 2472 5369 summa
2499 5331 2675 5369 intem
2725 5331 2957 5369 iacuere
2973 5331 3334 5384 prOpneiicus
3360 5331 3549 5368 sermo

1902 5390 2282 5450 demonstrat,
2317 5404 2443 5441 cum
2478 5385 2613 5439 dicit
2644 5402 2654 5439 :
2682 5331 2773 5440 in:
2799 5387 2897 5456 qui
2913 5385 3156 5455 opulenti
3183 5386 3309 5441 estis
3336 5386 3393 5437 in
3422 5384 3549 5436 Sion

1900 5468 1950 5514 et
1974 5459 2241 5529 conﬁditis
2264 5459 2321 5512 in
2346 5464 2515 5511 monte
2544 5457 2827 5520 Samaria),
2858 5459 3137 5529 optimates
3166 5457 3365 5529 capitaA
3380 5470 3548 5529 popu-

1900 5525 2095 5605 lorum,
2123 5529 2483 5605 ingredientes
2504 5530 2819 5605 pompatice
2847 5525 3055 5605 domum
3086 5525 3278 5605 Israel.
3302 5594 3313 5605 .
3338 5525 3444 5605 Sed
3476 5527 3546 5605 ,εἰ

1899 5602 2161 5657 Clemens
2186 5597 2525 5655 Prudentius
2546 5598 2956 5654 disertissimus
2984 5604 3152 5667 atque
3196 5597 3546 5667 christianis-

1895 5672 2075 5728 simus
2098 5679 2267 5744 poeta
2300 5670 2356 5726 in
2390 5671 2494 5744 hac
2523 5670 2933 5744 significatione
2964 5665 3235 5741 pompam
3261 5667 3450 5740 posuit
3481 5665 3541 5731 in

1893 5744 2037 5803 libro
2066 5740 2537 5819 Psycbomachia,
2582 5740 2678 5799 ubi
2707 5740 2829 5801 ait:
