3994 6172
147 226 253 330 δή

895 268 969 333 ΙΝ
1010 270 1070 333 S.
1119 271 1467 359 GREGORH
1513 268 1792 332 LIBRUM
1835 270 2496 341 SACRAMENTORUM
2538 277 2775 339 NOTAE.

145 399 221 468 rii,
243 401 303 456 in
322 417 435 472 quo
478 399 605 481 fons
626 399 751 481 ipse
778 401 1052 459 fundatus
1081 407 1225 465 erat.
1250 404 1306 459 in
1328 422 1451 481 _quo
1481 406 1712 481 stabant
1742 404 1780 481 ii
1816 407 1859 464 A
1891 404 2046 481 citur
2088 407 2388 477 signiﬁcari
2445 408 2554 463 hoc
2606 409 2888 466 velamine
2934 408 3305 466 sacerdotalis
3333 410 3548 481 capites

147 490 373 546 quorum
398 489 571 546 opera
595 475 881 544 baptismo
912 480 1033 530 erat
1057 475 1399 539 necessaria,
1426 478 1575 531 unde
1594 478 1783 546 appel-

150 544 276 619 latur
304 544 748 619 fundamentum
781 562 935 616 teque
968 552 1025 601 et
1050 548 1507 603 stabilimentum
1541 544 1775 619 pedum.

150 616 311 689 Super
350 615 539 685 ipsum
583 616 806 689 fontem
848 615 979 672 erat
1008 635 1261 689 appensa
1319 615 1580 674 columba
1610 636 1787 675 aurea

148 687 219 767 vel
244 692 519 767 argentea
543 687 829 767 Spiritum_
852 687 1114 767 sanctum
1140 696 1576 767 reprirsentans.
1598 697 1674 767 ut
1712 691 1788 746 vi-

150 759 264 831 dere
291 758 421 831 licet
454 759 511 831 in
538 760 760 830 synodo
791 758 1411 831 Constantinopolitani
1453 764 1557 816 sub
1598 763 1783 829 Mena,

148 828 357 884 actione
380 830 434 893 5,
476 829 535 884 in
564 828 979 901 Supplicatione
1009 828 1339 888 clericorum
1362 838 1420 888 et
1470 828 1784 889 monacho?-

146 917 255 954 rum
285 900 606 955 Antiochiae
625 900 696 955 ad
718 904 999 957 Joannem
1022 904 1429 974 patriarcham,
1455 909 1562 959 etc.
1592 922 1604 959 :
1632 906 1784 961 Prw-

144 979 395 1041 nnaptum
426 979 502 1027 est
522 980 703 1027 autem
745 974 810 1027 ab
839 974 953 1042 ipso
972 980 1022 1028 et
1059 976 1154 1028 hoc
1170 994 1189 1041 ;
1218 993 1341 1030 nam
1400 976 1664 1031 columbas
1692 994 1787 1031 au-

145 1059 263 1118 reas
286 1050 339 1118 et
391 1052 674 1118 argenteas
703 1046 1014 1118 ini/"ormam
1044 1045 1297 1117 Spiritus
1318 1050 1496 1103 sancti
1516 1064 1679 1118 super
1702 1048 1784 1101 di-

143 1115 257 1168 cina
280 1114 505 1195 bivacra
522 1121 575 1170 et
597 1114 811 1171 altaria
835 1114 1095 1188 appensas
1118 1134 1228 1173 una
1250 1135 1368 1174 cum
1396 1119 1530 1173 aliis
1568 1114 1678 1173 sibi
1695 1137 1788 1190 ap-

141 1187 461 1256 propriaoit.

202 1259 336 1328 Cap.
370 1258 453 1312 14.
489 1258 1029 1332 εείῐξΐιιεοᾶοιβὶιιιε
1060 1261 1129 1315 de
1144 1260 1390 1316 vestibus
1420 1261 1569 1317 alliis
1584 1260 1787 1332 quibus

301 1333 592 1413 sanctum_
616 1329 909 1413 lavacrum
956 1331 1231 1413 neophyti
1271 1329 1687 1413 induantur,'et
1716 1334 1787 1388 de

137 1399 331 1470 quibus
358 1416 531 1469 supra
569 1400 689 1455 fuse
725 1401 864 1457 satis
893 1419 927 1457 a
958 1399 1118 1457 nobis
1146 1399 1338 1458 actum
1367 1408 1469 1458 est.

197 1471 332 1545 Cap.
367 1473 435 1545 i5
462 1472 580 1543 agit
601 1474 670 1528 de
689 1473 955 1529 unctione
985 1474 1311 1529 chrismatis
1340 1491 1467 1544 quae
1488 1476 1552 1529 ﬁt
1579 1492 1613 1529 a
1632 1491 1787 1545 pres-

136 1542 340 1612 byteris
362 1542 421 1597 in
446 1560 648 1616 recens
676 1545 1089 1613 baptizatorum
1123 1542 1428 1611 vertice,de
1463 1562 1576 1616 qua
1609 1542 1782 1601 etiam

134 1630 295 1687 supra
344 1614 707 1687 scripsimus.
753 1617 862 1671 Sed
893 1617 1026 1687 quia
1067 1617 1232 1672 multi
1284 1614 1687 1687 Patres—agunt
1716 1619 1785 1672 de

134 1684 399 1758 unctione
418 1686 744 1758 chrismatis
776 1684 1021 1758 confuse
1040 1688 1197 1752 satis,
1228 1704 1340 1742 non
1381 1684 1785 1758 distinguendo

134 1756 276 1830 inter
302 1756 633 1830 unctionem
664 1757 991 1814 chrismatis
1012 1776 1140 1829 qua:
1162 1760 1227 1814 tit
1257 1758 1312 1813 in
1336 1760 1545 1815 vertice
1564 1756 1607 1814 a
1633 1777 1785 1830 pres-
1820 1765 1864 1823 Β

134 1828 343 1897 bytero.
380 1832 447 1901 et
478 1827 651 1901 inter
675 1846 802 1884 eam
838 1847 964 1901 quae
993 1827 1056 1885 ﬁt
1087 1830 1141 1885 in
1176 1829 1363 1885 fronte
1400 1831 1469 1885 ab
1500 1827 1779 1901 episcopo,

135 1915 299 1969 quam
352 1898 587 1970 quidem
630 1898 929 1961 feruntfut
972 1902 1215 1957 habetur
1240 1902 1296 1956 in
1331 1898 1648 1957 Pontiﬁcali
1680 1898 1783 1958 Da-

136 1969 294 2044 masi,
317 1969 645 2044 institutam
677 1971 849 2026 fuisse
879 1989 912 2027 a
937 1977 1136 2027 sancto
1167 1973 1457 2044 Sylvestro
1502 1989 1670 2044 papa,
1721 1978 1784 2029 ut

133 2042 435 2112 presbyter
463 2042 625 2097 liniat
649 2044 960 2099 chrismate
989 2042 1241 2099 levatum
1269 2045 1340 2098 de
1370 2042 1538 2114 aqua.

201 2114 333 2196 Dico
371 2114 569 2196 Patres
598 2130 800 2196 omnes
829 2115 923 2184 qui
951 2119 1097 2196 ante
1121 2119 1383 2196 sanctum
1431 2115 1783 2196 Sylvestrum

133 2181 301 2237 locuti
330 2189 469 2238 sunt
512 2186 581 2240 de
612 2181 879 2241 unctione
915 2186 1260 2245 chrismatis.
1318 2203 1441 2242 esse
1467 2181 1785 2255 intelligen-

134 2255 230 2308 dos
253 2255 327 2310 de
356 2272 425 2310 ea
462 2255 730 2312 unctione
760 2273 885 2327 quae
920 2256 981 2311 ﬁt
1008 2258 1063 2312 in
1098 2257 1287 2312 fronte
1316 2258 1386 2313 ab
1404 2257 1694 2328 episcopo.
1727 2262 1785 2313 et

133 2330 342 2394 spectat
416 2328 489 2380 ad
536 2336 962 2383 sacramentum
1012 2328 1490 2389 conﬁrmationis.
1536 2329 1639 2383 etsi
1681 2328 1784 2383 ali-

133 2398 361 2466 quando
391 2402 632 2452 utuntur
661 2398 770 2453 olei
804 2400 1030 2455 nomine
1062 2417 1076 2463 ;
1111 2416 1248 2454 nam
1280 2400 1389 2454 illis
1420 2399 1558 2454 locis
1588 2398 1780 2455 oleum

132 2468 239 2522 sive
267 2484 300 2543 a_
332 2467 547 2543 Graecis
580 2469 834 2525 Patribus
873 2472 990 2526 sive
1018 2488 1053 2526 a
1087 2471 1299 2527 Latinis
1328 2487 1431 2543 pro
1489 2476 1783 2542 unguento

133 2555 223 2594 seu
250 2538 565 2595 chrismate
594 2545 920 2612 usurpatur.

196 2611 459 2684 Secundo
491 2611 811 2668 notandum
833 2618 941 2677 est,
965 2613 1241 2684 quoniam
1271 2613 1448 2669 Graeci
1471 2628 1539 2669 ea
1570 2613 1784 2669 unctio-

133 2697 197 2735 ne
223 2699 353 2752 ηοω
388 2682 452 2756 ﬁt
484 2700 519 2738 a
551 2685 879 2756 presbytero
910 2682 1206 2740 inVertice
1238 2688 1671 2756 carent,omnes
1692 2701 1782 2740 co-

135 2769 247 2807 rum
280 2753 563 2825 antiquos
594 2753 807 2821 Patres,
847 2774 977 2812 cum
1011 2757 1079 2812 de
1133 2756 1400 2811 unctione
1455 2754 1782 2812 chrismatis

135 2828 321 2900 agunt,
354 2826 427 2900 de
440 2825 555 2900 illa
584 2828 851 2900 unctione
878 2845 1003 2900 quas
1025 2828 1090 2883 ﬁt
1118 2828 1191 2883 ab
1217 2827 1481 2899 episcopo
1509 2826 1567 2882 in
1600 2826 1782 2884 fronte

134 2910 248 2950 esse
272 2896 695 2968 intelligendos.

198 2967 405 3040 Tertio,
437 2967 573 3040 quia
598 2986 728 3025 rara
754 2971 841 3025 est
864 2971 1015 3040 apud
1048 2973 1278 3026 sanctos
1328 2971 1523 3027 Patres
1562 2970 1780 3026 mentio

137 3038 409 3113 unctionis
438 3038 766 3113 chrismatis
785 3038 918 3112 quav—
940 3041 1005 3113 ﬁt
1032 3058 1067 3097 a
1087 3043 1413 3113 presbytero
1451 3042 1510 3098 in
1549 3042 1777 3105 vertice,

137 3107 407 3192 dicoeum
453 3107 1040 3192 simpliciter—etsine
1070 3107 1344 3192 adjuncto
1373 3113 1779 3192 _de_chri_smate

138 3194 224 3233 seu
256 3181 406 3253 illius
436 3181 706 3238 unctione
738 3190 935 3253 agunt,
967 3200 1091 3240 esse
1121 3181 1192 3240 de
1217 3184 1314 3239 illo
1339 3184 1651 3241 chrismate
1681 3201 1778 3239 seu

140 3251 553 3335 unctione‘quze
582 3256 651 3335 ad
677 3251 1130 3335 confirmationis
1167 3261 1777 3335 sacram_entum_spec-

141 3324 255 3407 ἰξυῖ
282 3323 706 3407 iptelligendos,
732 3327 983 3407 magime
1008 3327 1052 3407 si
1067 3344 1134 3381 ex
1158 3326 1316 3407 nulla
1349 3323 1781 3407 circumstantia

139 3392 496 3472 deprehendi
500 3392 804 3467 possiteos
838 3396 1008 3454 fuisse
1037 3398 1253 3472 locutos
1276 3402 1383 3472 aut
1403 3400 1473 3454 de
1494 3398 1774 3472 chrisma-

139 3465 203 3517 tis
224 3465 514 3541 uncti‘onei
537 3485 666 3541 qua
703 3472 940 3541 utuntur
979 3469 1310 3541 presbyteri,
1339 3474 1437 3525 aut
1475 3470 1545 3526 de
1573 3486 1642 3526 ea
1669 3486 1779 3539 qua

139 3537 669 3614 nonnulliiiireretici
700 3541 773 3594 ad
818 3537 1481 3614 Ecclesiam'redeuntes
1530 3537 1779 3614 reconci-

139 3603 355 3663 liantur.
384 3610 498 3683 Nec
528 3612 758 3665 obstant
783 3610 955 3683 variae
983 3610 1482 3683 interpretationes
1503 3612 1773 3683 mysticae,

138 3692 262 3732 nam
294 3695 406 3735 una
436 3682 627 3753 eidem
657 3681 905 3736 unctioni
925 3698 1036 3737 non
1068 3699 1295 3753 semper
1323 3681 1778 3739 attribuitur.scd

140 3762 241 3803 non
271 3767 403 3806 raro
434 3752 847 3816 indifferenter,
877 3754 1368 3821 quemadmodum
1415 3758 1473 3810 et
1520 3753 1778 3809 unctioni

137 3834 254 3894 quas
292 3821 645 3893 baptismum
672 3824 963 3894 praecedit.

202 3891 267 3946 Et.
296 3891 586 3950 ut'omnis
630 3891 976 3966 ambiguitas
1030 3894 1286 3959 tollatur,
1338 3896 1650 3950 notandum
1693 3899 1781 3951 est

135 3958 275 4037 olim
289 3966 523 4037 quando
549 3958 867 4036 baptizabat
894 3958 1367 4037 episcopus,quod
1393 3983 1547 4037 saepe
1576 3966 1778 4037 saapius

134 4034 492 4119 eautingebat
524 4034 744 4119 ‘(rarius
781 4034 944 4119 enim
969 4034 1341 4119 baptizabant
1383 4034 1692 4119 presbyteri
1723 4042 1781 4093 et

132 4104 393 4170 diaconi),
426 4104 624 4163 statim
663 4108 995 4165 conferebat
1020 4104 1450 4165 sacramentum
1477 4104 1779 4163 conﬁrma-

132 4174 317 4255 tionis,
350 4178 406 4234 in
447 4179 637 4235 fronte
670 4182 934 4251 ungendo
960 4180 1294 4261 chrismate_
1317 4179 1691 4305 neoplgtum,
1718 4183 1781 4235 ut

132 4248 313 4304 videre
365 4256 455 4305 est
514 4251 667 4305 anud
713 4257 973 4305 sanctum
1031 4253 1422 4305 Ambrosium.
1525 4249 1771 4305 vrillum.

128 4248 313 4320 fidere
365 4256 455 4305 est
514 4251 667 4320 apud
713 4248 973 4307 sanctum
1031 4248 1445 4314 Ambrosium,
1482 4248 1771 4320 Cyrillum,

126 4316 477 4391 Dionysium,
517 4316 810 4383 Severum.
844 4326 1136 4378 auctorem
1187 4316 1581 4387 Quaestionum
1630 4320 1780 4378 inter

322 4391 509 4448 sancti
539 4392 764 4458 Justini,
801 4397 1004 4463 quaest.
1034 4393 1156 4451 137.
1192 4394 1266 4448 ad
1297 4392 1666 4460 orthodoxos,
1722 4398 1781 4449 et

1893 477 2349 564 operimeniurn,_
2370 482 2441 534 ad
2470 481 2722 564 antiquae
2756 482 2892 564 legis
2925 482 3250 564 sacerdotes
3268 477 3547 564 respicere

1893 549 2133 619 videtur,
2167 551 2446 621 siquidem
2499 549 2645 606 illius
2699 549 2869 607 aetate
2907 570 3068 609 novae
3098 552 3234 622 legis
3260 549 3546 611 antistites

1894 622 2151 675 nondum
2178 622 2234 675 in
2264 623 2439 677 sacris
2471 623 2795 678 velamento
2820 625 3021 695 capitis
3047 628 3373 680 utebantur.

1967 707 2102 784 Cap.
2123 711 2189 784 _t7
2218 712 2289 766 de
2320 728 2525 767 manus
2556 711 2936 781 impositione,
2968 714 3037 768 de
3067 713 3338 784 dignitate
3370 714 3544 769 chris-

1894 781 2165 856 mationis
2195 786 2248 837 et
2274 784 2579 856 septenarii
2610 784 2867 847 numeri,
2885 790 2942 838 et
2969 781 3213 839 maxime
3238 786 3306 839 de
3326 791 3545 856 septem

1893 851 2136 920 Spiritus
2170 851 2350 908 sancti
2384 855 2547 909 donis
2586 858 2810 908 tractat.
2848 857 2971 911 Haec
2998 856 3185 911 verba.
3229 873 3322 911 nec
3367 851 3547 911 tamen

1892 924 2235 1008 [routemiex
2286 925 2613 1008 eodenipteo
2663 930 2898 1008 signare,
2956 931 3084 989 etc.,
3126 927 3547 1008 satisindicant

1894 994 2364 1068 chrismationem
2392 994 2847 1066 abimpositione
2880 1014 3153 1052 manuum
3184 997 3547 1068 distingui,ut

1895 1082 2067 1135 supra
2094 1067 2478 1140 probavimus,
2511 1068 2760 1140 satisque
2789 1069 3040 1124 declarat
3069 1071 3308 1140 Optatus
3336 1067 3547 1125 Milevi-

1895 1140 2084 1197 tanus.
2115 1138 2211 1191 lib.
2237 1154 2287 1190 iv
2319 1140 2586 1193 adversus
2630 1139 3072 1194 Parmenianum
3106 1138 3131 1193 ί
3148 1141 3307 1195 Lotus
3343 1157 3462 1194 cum
3487 1142 3542 1194 in

1895 1208 2123 1262 Joannis
2153 1209 2400 1282 inanibus
2448 1210 2758 1275 haberetur,
2788 1219 2995 1266 secutus
3027 1219 3104 1265 est
3118 1211 3249 1265 ordo
3271 1212 3542 1282 mysterii,

1895 1285 1947 1353 et
1999 1280 2274 1353 complevit
2298 1281 2464 1353 Pater
2491 1282 2627 1351 quod
2669 1291 2959 1351 rogwerat
2986 1283 3209 1352 ﬁlias,et
3235 1280 3373 1353 quod
3409 1298 3548 1337 nun-

1896 1350 2128 1405 tiaverat
2154 1352 2408 1422 Spiritus
2429 1350 2663 1406 sanctus.
2688 1350 2949 1420 Apertum
2980 1350 3055 1407 est
3080 1350 3266 1408 cretum
3306 1353 3414 1408 Deo
3442 1354 3548 1407 Pa-

1895 1428 1979 1494 tre
2008 1430 2254 1494 augente,
2277 1423 2530 1490 spiritale
2554 1424 2722 1478 oleum
2752 1425 2937 1477 statim
2962 1425 3017 1477 in
3046 1424 3274 1494 imagine
3300 1423 3549 1479 columba;

1894 1492 2193 1557 descendit,
2224 1502 2273 1547 et
2304 1494 2507 1548 insedit
2531 1496 2702 1565 capiti
2722 1495 2857 1562 ejus,
2884 1496 3022 1550 unde
3062 1492 3215 1565 erepit
3246 1496 3365 1549 dici
3389 1495 3550 1549 Chri-

1892 1571 2025 1625 stus,
2074 1565 2285 1634 quando
2333 1572 2526 1620 unctus
2575 1574 2650 1620 est
2680 1583 2714 1619 a
2742 1567 2855 1619 Deo
2903 1567 3070 1621 Patre
3100 1583 3118 1629 ;
3146 1567 3242 1621 cui
3270 1583 3334 1620 ne
3359 1582 3549 1621 manus

1892 1635 2166 1704 impositio
2201 1636 2370 1690 deesse
2410 1637 2709 1700 videretur,
2754 1654 2852 1690 vox
2874 1637 3061 1691 addita
3087 1645 3164 1692 est
3193 1638 3303 1693 Dei
3330 1637 3393 1691 de
3413 1636 3549 1692 nube

1892 1705 2157 1780 dicentis;
2214 1708 2317 1761 Hic
2359 1715 2433 1762 est
2457 1709 2610 1780 ﬁlias
2654 1725 2814 1780 meus.
2848 1708 2910 1763 de
2934 1726 3034 1780 quo
3067 1708 3189 1763 bene
3211 1709 3374 1773 sensi,
3405 1708 3550 1764 hunc

1893 1777 2095 1850 cndita.
2129 1778 2261 1843 Quin
2288 1783 2481 1850 autem
2514 1778 2603 1833 hic
2627 1779 2893 1834 dicuntur
2922 1777 2990 1834 de
3015 1796 3252 1834 numero
3288 1787 3545 1850 septena-

1891 1847 1977 1903 rio
2021 1854 2249 1931 sumpta
2291 1849 2556 1933 videntur
2601 1867 2668 1905 ex
2718 1851 3265 1933 sanctoiGregorio,
3338 1847 3462 1975 ear.
3513 1852 3548 1905 6

1892 1925 2262 1975 exnosntlonis
2290 1920 2386 1975 lib.
2418 1940 2428 1972 ι
2461 1937 2517 1975 in
2547 1921 2673 1975 Job.
2708 1926 2765 1975 et
2792 1922 2993 1975 homil.
3027 1924 3057 1975 7
3084 1938 3139 1975 in
3172 1921 3403 1975 Ezeclue
3429 1936 3543 1975 em.

1892 1919 2262 1989 expositionis
2290 1920 2386 1975 lib.
2418 1940 2428 1972 ι
2461 1921 2517 1975 in
2547 1921 2673 1985 Job,
2708 1926 2765 1976 et
2792 1922 2993 1978 homil.
3027 1924 3057 1975 7
3084 1921 3139 1975 in
3172 1919 3543 1979 Ezechielem.

1892 1990 2055 2054 Quod
2078 1991 2286 2063 dicitur
2315 1992 2383 2046 de
2413 1992 2655 2047 Jubileeo
2672 1993 2744 2047 ob
2768 1992 3325 2063 quinquagenarium
3348 2009 3545 2047 nume-

1892 2078 2042 2134 rum,
2073 2061 2169 2132 qui
2201 2078 2267 2117 ex
2300 2065 2545 2134 monade
2575 2068 2631 2118 et
2689 2061 2939 2119 numero
2971 2061 3293 2134 septenario
3338 2062 3545 2134 septies

1890 2133 2149 2189 revoluto
2184 2139 2427 2191 constat.
2483 2133 2538 2188 id
2584 2134 2756 2189 etiam
2799 2135 2992 2189 dicunt
3021 2133 3250 2188 Sanctus
3282 2133 3575 2204 Augusti-.

1893 2220 2021 2275 nus,
2071 2207 2233 2275 epist.
2294 2205 2398 2260 119
2428 2206 2499 2259 ad
2548 2206 2905 2269 Januarium,
2938 2211 2994 2260 et
3029 2211 3260 2260 sanctus
3285 2204 3541 2272 Basilius,

1892 2274 1988 2329 lib.
2021 2277 2092 2330 de
2112 2274 2330 2346 Spiritu
2362 2281 2563 2331 sancto
2589 2278 2660 2331 ad
2682 2276 3161 2346 Amphilochium,
3198 2293 3322 2346 cap.
3352 2276 3441 2340 27,
3474 2278 3546 2331 de

1890 2347 2240 2407 Pentecoste,
2283 2348 2339 2401 id
2366 2352 2451 2401 est
2492 2348 2563 2401 de
2611 2347 2710 2401 illo
2761 2364 3001 2402 numero
3056 2347 3544 2417 quinquagenario

1892 2417 1985 2488 qui
2020 2417 2170 2472 inter
2198 2418 2402 2474 Christi
2436 2418 2907 2474 resurrectionem
2932 2423 2987 2474 et
3030 2419 3342 2474 adventum
3373 2417 3546 2489 Spiri-

1892 2492 1981 2544 tus
2010 2490 2191 2544 sancti
2218 2488 2538 2545 interiacet.

1962 2506 1981 2543 s
2010 2506 2191 2544 sancu
2218 2506 2367 2545 inter
2396 2506 2538 2544 acet.

1962 2558 2217 2631 Tandem
2270 2506 2454 2615 multa
2484 2576 2666 2630 eaque
2696 2560 2967 2631 prieclara
3009 2561 3080 2616 de
3110 2560 3273 2616 donis
3304 2560 3546 2631 Spiritus

1974 2577 2217 2615 lancem
2270 2577 2454 2615 multa
2484 2577 2666 2630 eaque
2735 2577 2967 2616 rieciara
3009 2577 3080 2616 ue
3110 2577 3273 2616 nonis
3304 2577 3545 2631 Spiritus

1891 2630 2075 2687 sancti
2116 2632 2432 2713 subiungit“
2455 2577 2879 2713 Theodufphus,
2901 2636 2958 2687 et
2987 2631 3193 2713 merito
3227 2648 3383 2713 sane,
3413 2630 3545 2702 quia

1892 2702 2236 2757 sacramenti
2288 2702 2742 2758 conﬁrmationis
2772 2703 2880 2757 hoc
2920 2704 3205 2773 proprium
3232 2707 3354 2767 est;
3382 2718 3545 2773 pecu-

1892 2720 2236 2757 sacramenu
2288 2720 2742 2758 conurmauonis
2775 2720 2880 2757 noc
2958 2720 3205 2773 roprium
3232 2720 3354 2767 ess;
3382 2720 3543 2773 pecu-

1891 2773 2015 2828 liari
2034 2778 2091 2829 et
2119 2773 2414 2829 excellenti
2439 2776 2688 2844 quodam
2714 2776 2887 2829 modo
2908 2720 3150 2844 gpiritus
3167 2773 3349 2828 sancti
3390 2773 3543 2828 dona

1892 2844 2093 2916 animae
2133 2845 2285 2900 ﬁdeli
2312 2845 2594 2909 conferre,
2648 2862 2892 2916 quorum
2950 2844 3222 2916 beneﬁcio
3274 2844 3331 2899 in
3389 2847 3543 2916 statu

1892 2915 2196 2971 Christiani
2228 2916 2326 2971 illa
2357 2916 2610 2972 maxime
2652 2915 2960 2986 perﬁcitur.
2994 2918 3092 2972 Est
3135 2915 3287 2972 enim
3335 2915 3541 2986 conﬁr-

1892 2987 2165 3044 mationis
2193 2994 2622 3044 sacramentum
2653 2985 2904 3043 hominis
2936 2987 3236 3043 Christiani
3280 2985 3541 3057 perfecti-

1892 3076 2048 3126 vum,
2075 3063 2135 3114 ut
2162 3076 2337 3130 supra
2366 3075 2432 3115 ex
2459 3058 2673 3115 sanctis
2700 3059 2957 3115 Patribus
2982 3058 3279 3113 docuimus
3302 3058 3539 3130 (Catech.

1814 3131 1857 3211 β
1890 3130 2067 3213 Rana,
2296 3130 2372 3213 2,“
2398 3148 2516 3202 cap.
2556 3131 2609 3197 3,
2640 3137 2786 3213 ‘sect.
2830 3130 2936 3213 ψ).
2965 3130 3309 3213 ollim-{enim
3336 3129 3540 3213 contir-

1892 3200 2133 3281 mationi
2184 3200 2471 3281 tribuitur,
2504 3202 2658 3273 quod
2694 3200 3244 3281 “baptismigriitiam
3279 3200 3498 3281 perﬁcit
3526 3215 3540 3281 ξ

1890 3273 1982 3344 qui
2010 3272 2166 3328 enim
2186 3289 2283 3343 per
2306 3270 2652 3344 baptismum
2688 3270 3197 3344 Christianieffecti
3221 3270 3542 3344 sunt.quasi

1889 3342 2137 3417 infantes
2168 3342 2340 3417 modo
2352 3342 2527 3417 geniti
2547 3343 2912 3417 teneritatem
2932 3343 3129 3417 adhuc
3159 3347 3215 3397 et
3238 3342 3539 3397 mollitiem

1887 3416 2199 3486 quamdam
2230 3414 2443 3470 habent
2470 3432 2485 3481 ;
2517 3432 2583 3470 ac
2607 3415 2812 3469 deinde
2829 3414 3152 3486 chrismatis
3181 3417 3541 3486 sacramento

1887 3483 2160 3541 adversus
2190 3503 2391 3541 omnes
2439 3485 2644 3547 carnis,
2680 3485 2879 3540 mundi
2932 3489 2991 3540 et
3034 3484 3243 3540 diaboli
3293 3483 3542 3556 impetus

1886 3557 2235 3613 robustiores
2261 3557 2425 3622 ﬁunt,
2454 3562 2510 3612 et
2529 3574 2726 3612 eorum
2755 3556 2982 3612 animus
3010 3556 3122 3610 ﬁde
3151 3554 3393 3609 omnino
3410 3572 3543 3610 con-

1887 3628 2156 3683 ﬁrmatur
2179 3630 2249 3682 ad
2269 3628 2648 3683 conﬁtendum
2666 3632 2723 3683 et
2737 3627 3178 3698 gloriﬁcandum
3202 3642 3411 3698 nomen
3438 3629 3542 3681 Do-

1887 3699 2028 3754 mini
2058 3701 2189 3755 Jesu
2219 3699 2449 3754 Christi.
2477 3700 2543 3753 Et
2569 3699 2699 3754 huic
2723 3697 3084 3754 sacramento
3116 3713 3325 3752 nomen
3355 3697 3540 3766 impo-

1886 3771 2049 3826 situm
2085 3775 2189 3834 est,
2235 3771 2388 3841 quod
2446 3770 2615 3841 hujus
2664 3769 3008 3825 sacramenti
3063 3769 3271 3823 virtute
3303 3769 3450 3841 Deus
3475 3767 3540 3841 in

1887 3842 2050 3896 nobis
2107 3841 2166 3897 id
2217 3841 2526 3896 confirmat

1888 3929 2105 4038 niosqge
2131 3913 2206 3968 ad
2238 3912 2571 3968 Christiana:
2590 3909 2894 3967 soliditatis
2923 3909 3337 3993 perfectionem
3365 3910 3542 3965 addu-

1888 3988 1982 4038 cit.
2070 4001 2131 4038 ec
2160 4001 2294 4038 vero
2321 3984 2627 4038 conﬁrmat
2676 3983 2883 4038 solum.
2914 3983 3012 4038 sed
3036 3987 3212 4037 etiam
3242 3984 3436 4038 auget.
3470 3982 3542 4037 de

1886 3985 1982 4040 cit.
2014 3982 2131 4039 Nec
2160 4001 2294 4039 vero
2321 3984 2627 4038 conﬁrmat
2676 3983 2883 4050 solum,
2914 3983 3012 4038 sed
3036 3982 3212 4037 etiam
3242 3984 3436 4053 auget,
3470 3982 3542 4053 de

1887 4072 2000 4126 quo
2033 4054 2375 4110 Melchiades
2408 4054 2489 4109 ita
2510 4053 3047 4124 testaturtEjasdem
3069 4056 3214 4126 sect.)
3244 4052 3338 4126 20)
3373 4052 3544 4126 :Spi-

1889 4122 2029 4181 ritus
2074 4130 2326 4189 sanctus,
2367 4126 2477 4196 qui,
2513 4136 2682 4195 snper
2726 4122 3207 4196 aquasibaptismi
3242 4122 3542 4196 saliutii'ero

1889 4197 2183 4252 descendit
2215 4194 2436 4268 illapsu,
2467 4195 2523 4251 in
2560 4196 2760 4268 fronte
2780 4194 3189 4266 plenitudinem
3246 4195 3444 4249 tribuit
3468 4194 3542 4249 ad

1888 4266 2389 4329 innocentiam,’in
2440 4266 2878 4322 conﬁrmatione
2913 4271 3281 4336 augmentum
3310 4269 3545 4336 preestat

1887 4341 1961 4395 ad
1991 4339 2271 4411 gratiam._
2290 4339 2501 4394 Deinde
2534 4342 2851 4411 noniauget
2877 4337 3184 4411 modo,sed
3213 4337 3544 4392 admirabili

1886 4409 2138 4481 quadam
2167 4409 2386 4465 ratione
2409 4414 2594 4480 auget.
2621 4410 2747 4464 Haec
2764 4409 2959 4481 Omnia
2984 4411 3298 4481 ostendunt
3326 4414 3545 4481 quanta

124 4404 155 4441 ο

122 4461 265 4554 eius
288 4479 301 4526 ;
325 4480 431 4518 nec
460 4461 1127 4554 ungebaturpneopiiytus
1273 4463 1489 4554 ‘vertice
1508 4482 1574 4554 La
1613 4480 1778 4554 ptes-

1894 4461 2546 4554 sitatisgannitu
2563 4461 2837 4554 dignas,
2866 4461 3084 4554 litium
3116 4461 3183 4535 ei
3204 4461 3531 4535 necessitas:

122 4530 501 4607 bytero,icum
530 4530 813 4607 e'jusmodi
844 4530 1037 4607 unctio
1068 4536 1330 4607 instituta
1358 4535 1434 4607 sit
1470 4536 1543 4589 ob
1576 4530 1780 4607 defec-

123 4606 242 4677 tum
269 4606 539 4675 episcopi,
559 4605 679 4661 'etsi
709 4610 906 4677 postea
935 4606 1195 4662 adhibita
1226 4605 1397 4662 fuerit
1424 4605 1709 4677 neopbyto
1748 4623 1778 4663 e

128 4672 524 4748 fonte'levato
562 4672 736 4748 quam
792 4696 927 4733 mox
983 4679 1353 4733 subsecutura
1408 4672 1553 4733 esset
1586 4672 1776 4733 unctio

124 4744 450 4833 chrismaiis
499 4748 556 4803 in
580 4744 793 4833 'fronte'
823 4751 895 4804 ab
943 4748 1562 4833 episcopo,hut‘.vide're
1604 4753 1690 4804 est
1719 4749 1775 4804 in

124 4820 325 4873 nostris
356 4819 826 4876 Sacramentariis
858 4819 996 4876 mss.
1024 4826 1082 4877 et
1131 4819 1188 4875 in
1235 4819 1447 4876 Ordine
1493 4822 1771 4876 Romano.

126 4888 279 4963 Quod
308 4890 440 4945 ideo
474 4891 826 4963 notaviquia
852 4892 943 4947 hic
973 4909 1005 4947 a
1036 4892 1328 4949 nonnullis
1369 4890 1776 4963 recentioribus

128 4962 450 5017 unctionem
492 4962 716 5017 verticis
765 4980 894 5018 cum
952 4964 1221 5019 unctione
1270 4962 1472 5018 frontis
1502 4962 1774 5017 confundi

130 5029 520 5107 animadverto
575 5032 630 5089 in
682 5032 820 5090 locis
852 5036 1082 5090 Patrum
1141 5034 1237 5107 qui
1269 5033 1435 5104 vulgo
1465 5034 1715 5089 citantur
1742 5050 1777 5089 a

131 5101 543 5159 tractatoribus.

189 5188 370 5270 386
400 5193 539 5264 Cap.
575 5193 643 5249 16
674 5194 791 5270 agit
818 5193 1220 5270 Theodulphus
1248 5194 1318 5249 de
1354 5192 1595 5270 mystico
1624 5192 1777 5248 vela-

131 5264 305 5335 mine.
333 5281 447 5333 quo
503 5264 1004 5335 recens'baptizati
1049 5269 1217 5335 caput
1268 5270 1393 5335 post
1448 5264 1774 5335 unctionem

132 5332 337 5408 verticis
351 5332 596 5408 tegitur,
625 5337 697 5408 de
723 5332 836 5407 quo
865 5340 1044 5408 agunt
1071 5332 1227 5392 Jésse
1268 5332 1689 5408 amtiianensjs,
1707 5336 1772 5408 in

133 5400 475 5534 ἓΐέῗιξῗέἓὲξ
504 5400 951 5534 ξδεβὲἔῇἒιοθξα
958 5405 1771 5534 ἒέῗὲῗ⁰ὢ¹ρῗῑιο¹ἐὲξνὲῖηῗῖῗνὲἷῖῗ

134 5493 337 5539 uivmis,
363 5493 491 5548 cap.
508 5493 591 5542 ge
618 5493 863 5534 bannato
893 5493 1121 5533 sancto:
1152 5493 1299 5534 Ιηηο
1321 5495 1477 5534 sacro
1501 5493 1766 5533 armama-

134 5546 180 5621 ξε
200 5556 355 5621 caput
402 5550 757 5621 perungitur,
810 5556 859 5603 et
891 5551 1109 5620 mystico
1137 5551 1343 5619 tegitur
1386 5549 1669 5621 velamine,
1706 5557 1765 5603 ut

134 5616 386 5690 intelligat
397 5616 457 5675 se
475 5616 739 5675 diadema
755 5621 916 5691 regni
934 5616 983 5676 ἐι
1001 5616 1277 5676 sacerdbti
1281 5621 1353 5674 id
1357 5622 1443 5689 ign
1452 5619 1637 5674 itatem
1648 5636 1769 5691 poq-

134 5692 241 5743 tare
248 5691 413 5763 jiutta
437 5691 479 5745 .4
486 5692 753 5763 postotum
772 5710 789 5745 :
816 5690 902 5745 cos
930 5694 1059 5747 estis
1083 5708 1273 5763 genus
1285 5691 1528 5763 elect-am,
1544 5690 1762 5763 _regale,

132 5761 456 5829 sacerdotale,
486 5760 803 5833 'oﬂerentcs
852 5760 1187 5833 vosmetipsos
1236 5762 1347 5817 Deo
1392 5762 1517 5833 vivo
1538 5760 1764 5833 hostiam

129 5840 353 5893 metam
394 5841 444 5893 et
486 5831 600 5893 Deo
616 5832 938 5909 placentem.
970 5831 1086 5892 Sed
1111 5850 1242 5892 cum
1270 5831 1643 5907 Theodulpho
1681 5833 1765 5892 di-

1957 4551 2144 4619 Ouare
2176 4552 2212 4607 ii
2261 4552 2511 4622 graviter
2540 4551 2775 4622 peccant
2804 4551 2897 4621 qui
2933 4551 3038 4605 hoc
3088 4556 3540 4617 sacramentum,

1886 4641 2015 4679 cum
2052 4624 2104 4678 id
2136 4626 2440 4677 commode
2469 4622 2590 4679 ﬁeri
2623 4627 2827 4693 potest,
2886 4623 3171 4693 suscipere
3225 4622 3539 4692 negligant,

1885 4695 2193 4776 et:_gravius
2220 4694 2471 4776 episcopi
2505 4695 2611 4776 qui.
2626 4690 2865 4749 omnem
2892 4690 3246 4776 diligentiam
3279 4690 3411 4774 non:
3440 4694 3538 4776 ad-

1884 4763 2079 4821 hib'ent
2102 4770 2164 4821 ut
2187 4763 2291 4820 sibi
2324 4763 2612 4820 commissi
2627 4769 3055 4820 sacramentum
3081 4764 3187 4819 hoc
3204 4763 3537 4835 percipiant.

1957 4838 2067 4915 Sed
2099 4837 2135 4891 ii
2163 4853 2276 4891 non
2301 4835 3145 4915 mediocriterballucinanturt
3162 4834 3252 4915 qui
3283 4834 3539 4915 scribunt

1884 4908 2144 4980 ejusdem
2179 4923 2301 4963 esse
2326 4907 2547 4980 virtutis
2569 4907 2868 4980 chrismari
2893 4924 2988 4963 seu
3014 4906 3147 4978 ungi
3170 4906 3233 4980 in
3268 4906 3475 4962 vertice
3505 4923 3540 4962 a

1886 4978 2235 5050 presbytero.
2268 4996 2335 5034 ac
2359 4978 2673 5050 ,chrismari
2698 4979 2753 5033 in
2780 4979 2967 5035 fronte
2988 4979 3059 5033 ab
3093 4978 3378 5050 episc0po.
3409 4980 3540 5033 [lth

1884 5049 2038 5106 enim
2070 5049 2407 5105 chrismatio
2440 5050 2667 5106 verticis
2699 5066 2812 5105 non
2844 5054 2926 5105 est
2958 5049 3407 5112 sacramentum,
3435 5066 3540 5105 nec

1882 5121 2133 5192 gratiam
2192 5137 2258 5177 ex
2299 5137 2491 5192 Opere,
2525 5125 2760 5191 operato
2813 5121 3095 5186 conferre,
3129 5138 3232 5176 nec
3265 5120 3538 5192 Spiritum

1884 5191 2144 5248 sanctum
2170 5194 2386 5248 donare
2408 5191 2558 5246 valet
2582 5210 2594 5257 ;
2627 5193 2726 5247 sed
2758 5192 2929 5247 datur
2956 5198 3021 5247 ut
3044 5191 3330 5263 intelligat
3360 5192 3542 5263 bapti-

1883 5268 2043 5319 zatus
2104 5280 2163 5318 se
2220 5265 2291 5319 ab
2349 5280 2415 5319 eo
2472 5262 2565 5319 die
2596 5263 2818 5319 Christo
2846 5264 3018 5335 capiti
3050 5262 3327 5335 tanquam
3362 5262 3540 5319 mem-

1883 5335 2050 5390 brum
2077 5335 2449 5408 conjunctum
2474 5350 2617 5401 esse,
2652 5339 2824 5408 atque
2852 5336 2976 5408 ejus
2994 5334 3229 5408 ᾄδοι-ροιιί
3281 5335 3537 5408 insimul,

1883 5410 1941 5460 et
1970 5423 2039 5463 ea
2070 5424 2125 5461 re
2148 5404 2534 5462 Christianum
2559 5424 2591 5460 a
2610 5404 2853 5466 Christo,
2876 5404 3162 5462 Christum
3192 5422 3326 5459 vero
3358 5404 3530 5475 387

1884 5494 1918 5532 a
1969 5478 2279 5533 chrismate
2333 5478 2636 5549 appellari,
2696 5484 2758 5534 ut
2815 5478 3053 5534 habetur
3103 5478 3160 5532 in
3190 5476 3536 5549 catech_i_smo

1883 5549 2146 5622 Romano
2197 5546 2387 5621 (Partf
2412 5546 2464 5615 ἓ,
2519 5568 2634 5622 cap.
2668 5550 2721 5614 2,
2753 5557 2881 5605 sect.
2934 5550 3043 5618 72).
3075 5555 3126 5603 et
3167 5549 3333 5622 docet
3359 5546 3536 5622 T_he_o-

1883 5619 2149 5689 dulphns,
2176 5615 2299 5689 cap.
2338 5622 2399 5675 l5
2429 5637 2439 5675 :
2498 5615 2907 5689 Baptizatorum
2937 5615 3119 5690 itaque
3158 5616 3336 5690 capita
3364 5615 3537 5690 chris-

1883 5687 2407 5752 mat'eliniuntnrmt
2440 5692 2498 5746 in
2521 5687 2680 5761 regno
2709 5698 2757 5744 et
2778 5687 3099 5755 sacerdotio,
3124 5687 3374 5761 Ecclesia:
3401 5687 3536 5742 deli-

1874 5761 2014 5828 buti,
2040 5771 2087 5819 et
2114 5763 2427 5820 Christiani
2450 5758 2687 5818 nominis
2708 5761 3132 5833 praerogativam
3163 5758 3459 5830 accipiant,
3482 5767 3532 5817 ct

1870 5835 1987 5908 ejus
2026 5834 2264 5894 membra
2312 5834 2405 5907 qui
2445 5851 2528 5891 eos
2564 5831 2797 5891 redemit
2843 5831 3103 5890 eteorum
3150 5838 3311 5905 caput
3340 5837 3418 5889 cst
3439 5838 3529 5906 ef-

3428 277 3544 341 378
3636 316 3641 321 -

2571 3842 2723 3911 quod
2761 3841 3047 3911 baptismo
3094 3839 3315 3911 operari
3345 3837 3537 3909 caspit,
3628 3870 3635 3877 ί
