3994 6172
204 242 325 309 ·393

221 376 570 434 Orationibus
612 379 663 434 ei

221 396 570 434 urauonmus
612 396 678 503 egi

219 451 510 504 Nicomedis
539 454 591 506 et
621 482 644 504 ι
664 452 678 477 τ

284 524 403 576 Hec
432 522 718 595 dedicatio
763 523 963 577 eodem
1010 522 1104 595 die
1143 527 1328 595 exstat
1357 522 1415 577 in
1446 523 1859 595 Martyrologiis

217 593 684 666 Bedze,_Usuardi
732 599 790 650 et
836 594 1086 657 Adonis;
1117 600 1183 666 et
1222 594 1281 648 in
1314 593 1715 666 Martyrologio
1749 593 1853 650 ms.

216 664 466 718 biblioth.
518 665 683 720 Corb.
723 682 736 719 :
770 665 969 728 Romae,
1025 665 1292 720 dedicatio
1346 664 1520 720 εειηαὶ
1553 664 1861 721 Nicomedis

213 738 489 806 martyris,
528 737 687 805 cujus
714 738 1047 805 martyrium
1077 753 1193 790 xvu
1220 736 1453 790 Kalend.
1490 737 1732 791 Octobris
1761 738 1859 791 ibi-

212 806 323 861 dem
368 807 692 862 celebratur.
745 809 807 861 In
853 807 1259 878 Martyrologio
1312 808 1570 864 Rabani:
1622 809 1855 864 Kalend.

212 879 419 941 Iuniis,
449 879 628 933 sancti
649 879 957 934 Nicomedis
984 880 1247 949 martyris
1273 880 1505 934 ecclesiae
1544 880 1813 935 dedicatio
1840 898 1857 935 :

212 956 267 1005 et
296 950 352 1003 in
379 950 775 1021 Martyrologio
804 950 1039 1004 Notkeri
1089 952 1291 1005 eodem
1321 950 1412 1005 die
1445 968 1456 1005 :
1487 951 1687 1015 Romae,
1714 952 1857 1005 dedi-

207 1023 349 1075 catio
374 1023 557 1075 sancti
601 1021 907 1090 Nicomedis
934 1021 1239 1093 presbyteri
1278 1028 1327 1093 et
1374 1023 1655 1093 martyris,
1705 1024 1858 1093 cujus

206 1094 535 1163 martyrium
564 1109 674 1147 xvu
709 1092 922 1147 Kalend
951 1092 1195 1163 Octobris
1231 1092 1552 1148 celebratur.
1600 1095 1663 1147 In
1708 1092 1855 1148 Mar-

207 1162 374 1235 tyrol.
410 1179 514 1217 ms.
547 1164 731 1218 sancti
769 1162 1099 1234 Hieronymi
1144 1164 1209 1217 ﬁt
1254 1164 1481 1234 quidem
1532 1167 1733 1219 eodem
1765 1166 1856 1221 die

205 1234 427 1288 mentio
471 1234 652 1289 sancti
694 1235 1036 1299 Nicomedis,
1070 1235 1171 1289 sed
1216 1250 1331 1289 non
1363 1235 1737 1290 dedicationis
1767 1253 1854 1291 ec-

203 1306 393 1377 clesiae
425 1322 436 1360 :
466 1307 664 1368 Romae,
694 1307 945 1373 Juvenci,
989 1306 1194 1376 Cyrici,
1228 1306 1532 1361 Nicomedis
1567 1308 1853 1377 martyris,

204 1376 596 1448 Emperantii,
630 1376 1007 1448 Eraclianiln
1041 1377 1276 1446 parvulo
1324 1376 1731 1448 Martyrologio’
1745 1395 1850 1432 ms.

198 1449 345 1502 Cod.
383 1448 581 1502 Rhem.
617 1453 812 1502 assuto
848 1466 858 1502 :
890 1447 1122 1502 Kalend.
1155 1449 1337 1515 Junii,
1386 1447 1653 1504 dedicatio
1681 1451 1857 1504 sancti

200 1518 511 1574 Niwmedis
552 1522 609 1572 in
652 1518 1045 1573 Thessalonica.
1078 1520 1183 1574 Ubi
1228 1519 1348 1573 haec
1372 1522 1565 1586 verba,
1598 1522 1659 1574 in
1697 1521 1857 1574 Thes-

197 1590 470 1655 salonica,
515 1606 626 1644 non
674 1593 936 1659 spectant
969 1591 1041 1643 ad
1083 1589 1231 1644 hanc
1280 1590 1858 1655 dedicationem;sed

198 1661 339 1731 quia
392 1661 564 1732 hujus
619 1659 1007 1732 Martyrologii
1057 1660 1176 1715 dies
1224 1660 1432 1730 singuli
1490 1662 1657 1717 unica
1706 1663 1860 1718 linea

682 452 928 505 icomede.

964 239 1043 327 IN,
1080 242 1139 311 S.
1189 240 1544 311 GREGORII
1586 243 1864 328 LIBRUM
1901 245 2567 313 SACRAMENTORUM
2609 250 2848 314 NOTAE.

673 380 881 465 usdem.
925 380 1164 449 Codicis,
1214 380 1272 435 in
1317 381 1522 465 quibus
1563 381 1771 454 legitur
1798 386 1857 434 τό
1889 382 1933 444 Α
1967 385 2375 465 convenerunt,
2404 398 2551 465 can.‘
2564 382 2632 463 31
2661 399 2672 437 ;
2703 381 2984 465 Similiter
3005 381 3263 465 inﬁmensc
3291 384 3451 465 Iunio
3478 387 3617 442 Heb.

3494 250 3615 319 394

1966 451 2191 505 domada
2220 453 2474 529 secunda,
2516 454 2663 525 feria
2703 453 2838 529 4_et
2866 452 2919 529 ﬁ,
2964 460 3014 529 et
3062 454 3295 510 Sabbato
3325 458 3618 529 jejunetur

1968 539 2132 599 usque
2159 524 2443 599 adhoram
2484 524 2696 599 nonam.
2735 526 2898 599 Quod
2940 524 3152 599 citatur
3171 543 3224 599 7a
3262 524 3614 599 Barchardo,

2094 611 2312 672 uucap.
2350 597 2432 672 1:4,
2455 596 2556 650 sed
2584 596 2931 672 contractius
2955 613 2968 662 ;
2997 602 3054 672 _et
3071 614 3110 672 a
3136 597 3461 672 Micrologo,
3485 594 3614 672 cap;

1967 666 2034 719 24
2065 670 2121 720 et
2150 665 2238 729 ‘25,
2257 665 2337 720 de
2369 667 2867 722 Observationibus
2897 667 3032 721 eccl.
3063 668 3174 723 Sed
3206 665 3427 724 videtur
3454 665 3619 727 intel-

1966 736 2139 809 ligere
2161 738 2317 793 aliud
2342 737 2542 792 concil.
2574 738 2986 808 Moguntinum,
3007 755 3135 792 cum
3162 738 3243 793 ait
3270 740 3413 797 illud
3443 741 3616 799 fuisse

1967 811 2070 862 sub
2107 809 2345 863 Henrico
2394 810 2644 863 secundo
2682 809 3051 873 celebratum,
3086 812 3248 880 eique
3289 811 3616 869 interfuisse

1967 880 2269 934 duodecim
2315 880 2626 950 episcopos.
2655 880 2809 934 Idem
2850 880 3122 935 statuitur
3147 880 3203 934 in
3238 883 3478 938 concilio
3510 886 3617 940 Βο-

1966 951 2226 1025 thomag.
2272 952 2558 1025 celebrato
2596 967 2749 1025 anno
2793 950 2949 1004 1072.
3000 951 3137 1005 Item
3162 961 3393 1025 quatuor
3421 964 3616 1025 tempo-
3668 974 3675 975 ί

1966 1039 2089 1076 rum
2114 1022 2410 1076 observatio
2437 1024 2750 1092 competenti
2783 1030 3016 1092 tempore
3040 1024 3325 1078 secundum
3366 1022 3616 1082 divinam

1964 1093 2359 1147 institutionem
2382 1094 2647 1147 communi
2666 1092 3005 1148 observantia
3031 1111 3066 1147 a
3094 1094 3241 1148 nobis
3261 1104 3525 1163 servetur,
3558 1097 3619 1151 id

1964 1172 2039 1218 est
2064 1165 2249 1234 prima
2278 1164 2605 1219 hebdomada
2646 1165 2868 1228 Martii,
2898 1165 3125 1219 secunda
3169 1165 3351 1231 Junii,
3385 1171 3517 1231 etc.,
3555 1171 3619 1222 ut

1964 1235 2141 1289 refert
2171 1235 2490 1307 Ordericus,
2528 1234 2625 1289 lib.
2658 1252 2711 1307 1v
2744 1235 2882 1290 Hist.
2930 1236 3065 1291 eccl.
3102 1237 3234 1292 Haec
3263 1254 3363 1307 pro
3393 1239 3618 1294 ratione

1967 1310 2294 1382 temporum
2320 1306 2571 1382 illorum.
2603 1306 2731 1382 _Fuit
2752 1323 2893 1382 sane
2919 1307 3226 1382 antiquior,
3252 1306 3383 1363 usus
3404 1310 3618 1382 jejunii

1967 1376 2136 1448 hujus
2161 1377 2486 1432 celebrandi
2515 1377 2574 1432 in
2600 1378 2723 1448 ipsa
2752 1376 3110 1433 Pentecostés
3140 1376 3521 1446 hebdomade,
3555 1385 3619 1437 ut

1964 1448 2195 1521 clarum
2216 1452 2302 1503 est
2345 1464 2412 1502 ex
2459 1455 2656 1503 sancto
2697 1449 2931 1514 Isidoro,
2963 1450 3058 1504 lib.
3101 1451 3117 1504 i
3151 1451 3221 1506 de
3264 1451 3422 1507 Ofﬁc.
3454 1453 3615 1521 eccl.,

1967 1533 2094 1591 cap.
2128 1519 2218 1584 37,
2238 1523 2302 1591 et
2345 1525 2545 1574 sancto
2593 1521 2781 1575 Leone
2817 1537 2984 1591 papa,
3029 1537 3201 1576 serm.
3248 1524 3299 1586 1,
3332 1523 3380 1587 2,
3417 1523 3449 1577 3
3479 1527 3535 1578 et
3559 1519 3616 1591 4,

1968 1592 2037 1671 de
2061 1590 2285 1671 jejunio
2312 1591 2667 1671 Pentecostes
2700 1607 2710 1643 :
2742 1590 3118 1671 tqui'tandem
3148 1593 3218 1671 in
3250 1593 3495 1671 Ecclesia
3524 1590 3619 1649 re-F

1969 1660 2137 1715 vixit‘
2144 1662 2494 1735 auctoritate
2525 1660 2781 1735 Gregorii
2825 1663 2941 1735 VII,
2971 1668 3033 1718 ut
3061 1665 3227 1719 docet
3257 1664 3614 1735 Micrologus,

196 1731 791 1805 comprehenduntur,
835 1731 964 1785 cum
1006 1732 1080 1786 ad
1108 1732 1280 1805 ﬁnem
1315 1732 1477 1787 linem
1524 1739 1857 1803 perventum
1891 1748 1934 1805 Β
1968 1749 2093 1803 cap.
2137 1731 2228 1805 25,
2256 1737 2313 1787 et
2360 1731 2667 1805 Urbaniill‘,
2701 1734 2759 1787 in
2790 1734 3028 1789 concilio
3057 1731 3525 1799 Claromontano',
3558 1736 3619 1790 in

196 1808 310 1865 est,
365 1808 570 1858 caetera
598 1819 632 1856 a
679 1803 955 1873 scriptore
992 1809 1125 1857 sunt
1165 1803 1401 1866 omissa,
1444 1821 1571 1874 quae
1614 1806 1687 1859 ad
1734 1806 1860 1860 haec

194 1874 786 1948 vocabula‘speclant,
818 1875 969 1948 quod
990 1874 1225 1943 planum
1247 1879 1428 1948 estex
1456 1875 1858 1948 Martyrologio

194 1944 441 2012 Rabani,
486 1944 553 1999 in
591 1962 703 2015 quo
749 1946 1008 2015 proxime
1059 1950 1184 2015 post
1225 1944 1643 2002 dedicationem
1675 1944 1857 2002 sancti

190 2016 529 2071 Nicomedis
560 2015 814 2085 sequitur
845 2033 857 2071 :
890 2016 957 2070 In
1000 2015 1369 2070 Thessalonica
1402 2019 1580 2072 natale
1622 2018 1854 2085 Octavii,

189 2094 251 2141 et
282 2104 356 2142 ex
381 2087 784 2158 Martyrologio
814 2087 1394 2160 sanctiﬂllieronymi,
1428 2088 1487 2143 in
1517 2106 1630 2159 quo
1659 2090 1857 2144 statim

188 2168 326 2230 post
356 2160 689 2213 nominatos
705 2164 968 2230 sanctum
994 2158 1363 2230 Nicomedem
1394 2164 1451 2214 et
1472 2158 1709 2215 caeteros
1726 2162 1859 2215 sub-

180 2228 463 2303 jungitur
493 2247 505 2284 :
539 2231 600 2283 in
628 2228 1019 2303 Thessalonica
1060 2229 1246 2303 [μισέω
1289 2231 1550 2300 Virginis,
1583 2237 1690 2287 etc.
1727 2248 1858 2287 cum

188 2300 451 2372 priorem
482 2301 840 2355 nominasset
886 2300 945 2353 in
975 2300 1173 2354 limine
1203 2302 1444 2355 istarum
1468 2302 1857 2357 Kalendarum

190 2377 468 2427 sanctum
512 2372 830 2436 Octavium,
888 2372 949 2425 in
1000 2372 1375 2426 Thessalonica
1416 2375 1596 2427 sancti
1624 2373 1854 2429 Octavii.

192 2444 398 2524 Hujus
424 2443 682 2498 Ecclesiae
726 2441 907 2524 sancti
938 2444 1263 2524 Nicomedis
1285 2442 1503 2524 mentio
1542 2444 1607 2497 ﬁt
1643 2444 1702 2524 in
1724 2461 1857 2524 con-

194 2514 335 2569 cilio
359 2514 623 2569 Romano
647 2531 685 2580 ι,
727 2515 831 2568 sub
860 2514 1206 2585 Symmacho
1248 2531 1414 2585 papa.
1446 2515 1618 2570 Porro
1662 2516 1721 2570 in
1751 2518 1858 2570 Co-

195 2587 326 2640 dice
367 2586 594 2640 Ratoldi
644 2585 868 2640 abbatis
906 2585 1167 2650 habetur,
1201 2601 1253 2639 v1
1296 2585 1427 2639 Idus
1458 2586 1636 2652 Junii,
1677 2588 1858 2642 natale

192 2657 376 2710 sancti
404 2656 662 2713 Medardi
687 2656 1022 2727 confessoris.

268 2728 395 2781 404.
438 2728 641 2783 Natale
666 2726 972 2782 sanctorum
988 2726 1172 2781 Primi
1191 2734 1240 2780 et
1270 2727 1561 2785 Feliciani.
1611 2728 1711 2783 Hic
1737 2728 1857 2785 dies

198 2800 381 2853 festus
417 2814 534 2853 non
568 2803 756 2854 exstat
801 2801 859 2853 in
891 2800 1026 2852 tiod.
1064 2798 1334 2863 Rodradi,
1366 2801 1856 2870 quemadmodum

193 2886 303 2925 nec
332 2886 596 2940 sequens.

266 2942 395 2996 405.
414 2939 424 2940 ί
442 2941 514 2995 Et
541 2940 681 3012 quod
708 2939 824 2993 illis
848 3011 852 3012 ν
876 2939 1102 3012 contulit
1153 2941 1473 2995 excellentia
1504 2944 1855 3012 sempiterna.

199 3014 435 3082 Legitur
486 3011 563 3066 in,
604 3012 740 3066 Cod.
794 3011 1138 3069 Rhemensi:
1181 3013 1255 3066 Et
1306 3013 1443 3083 quod
1478 3013 1592 3067 illis
1612 3011 1858 3068 contulit

2008 1820 2079 1859 uo
2105 1803 2184 1875 sic
2212 1804 2481 1858 statuitur
2514 1820 2526 1858 :
2559 1804 2837 1875 Jejunium
2866 1806 3151 1861 secundum
3175 1823 3380 1875 semper
3410 1808 3468 1860 in
3499 1807 3619 1861 heb-

2036 1874 2184 1929 made
2236 1877 2557 1930 Pentecostes
2601 1876 2918 1941 celebretur,
2971 1882 3032 1932 ut
3092 1876 3266 1933 refert
3284 1874 3293 1875 ⁷⁷
3317 1876 3620 1933 Ordericus
3692 1884 3697 1893 '

1967 1946 2188 2009 Vitalis,
2220 1946 2315 2000 lib.
2346 1963 2403 2001 ix
2432 1946 2575 2000 Hist.
2610 1947 2745 2001 eccl.
2778 1948 2868 2000 Sic
2898 1947 3034 2001 olim
3053 1946 3336 2017 jejunium
3365 1949 3618 2017 primum

1967 2021 2549 2090 quatuortemporum
2580 2019 2959 2090 peragebatur
2975 2018 3031 2072 in
3052 2018 3412 2075 hebdomade
3430 2020 3619 2090 prima

1967 2088 2182 2143 mensis
2226 2088 2431 2158 Martii,
2492 2092 2555 2143 ut
2597 2088 2786 2143 videre
2831 2094 2916 2142 est
2971 2089 3171 2144 eodem
3216 2106 3342 2145 can.
3395 2088 3619 2145 concilii

1966 2159 2280 2230 Moguntini
2325 2176 2496 2232 supra
2528 2159 2683 2232 citati
2722 2175 2734 2214 :
2782 2159 3145 2215 Constitutum
3175 2168 3251 2232 est
3282 2169 3343 2215 ut
3382 2169 3619 2232 quatuor

1967 2238 2209 2301 tempora
2236 2233 2375 2285 anni
2399 2230 2464 2284 ab
2493 2230 2733 2285 omnibus
2760 2246 2879 2284 cum
2906 2232 3126 2301 jejunio
3160 2230 3527 2296 observentur,
3561 2232 3621 2286 id

1966 2309 2040 2355 est
2070 2305 2125 2356 in
2162 2318 2334 2356 mense
2362 2304 2563 2372 primo,
2591 2301 2929 2355 Hebdomada
2959 2302 3156 2372 prima,
3199 2306 3305 2357 etc.
3339 2305 3405 2357 Et
3435 2303 3619 2358 conci-

1966 2372 2042 2427 lio
2075 2373 2521 2443 ltothomagensi
2541 2389 2715 2443 supra
2734 2373 2908 2427 citato
2933 2388 2945 2427 :
2977 2372 3260 2428 Communi
3285 2374 3623 2428 observantia

1966 2444 2274 2498 observetur
2301 2462 2335 2498 a
2387 2444 2554 2511 nobis,
2584 2444 2640 2497 id
2691 2451 2765 2498 est
2797 2445 2982 2514 prima
3021 2444 3361 2499 Hebdomada
3396 2444 3620 2501 Martii.

1969 2516 2079 2586 Sed
2106 2520 2304 2584 postea
2354 2514 2508 2570 idem
2562 2514 2865 2586 Gregorius
2912 2515 3003 2569 VII
3048 2515 3345 2570 transtulit
3389 2515 3532 2569 illud
3561 2515 3621 2570 in

1967 2584 2387 2641 hebdomadem
2420 2584 2693 2658 primam:
2721 2586 3203 2657 Quadragesimee,
3244 2590 3307 2658 ut
3333 2588 3497 2641 docet
3530 2586 3626 2658 Mi-

1967 2658 2249 2728 crologus,
2296 2655 2536 2727 cap—24,
2581 2662 2638 2712 et
2676 2655 2756 2711 ita
2801 2655 3081 2711 statutum
3126 2662 3213 2712 est
3272 2657 3331 2711 in
3379 2657 3620 2712 concilio

1968 2728 2142 2783 citato
2159 2729 2602 2783 Claromontano
2620 2749 2631 2783 :
2659 2730 2824 2782 Omni
2846 2736 3076 2799 tempore
3088 2730 3327 2799 primum
3344 2728 3623 2799 jejunium

1966 2807 2201 2870 quatuor
2245 2807 2548 2867 temporum
2595 2799 2775 2869 prima
2822 2798 3143 2853 hebdomada
3191 2798 3622 2869 Quadragesinue

1966 2871 2281 2933 celebretur,
2318 2875 2377 2924 ut
2404 2870 2579 2924 refert
2617 2870 2919 2925 Ordericus
2953 2870 3145 2925 Vitalis
3178 2871 3321 2925 libro
3352 2873 3549 2925 citato.

2038 2943 2161 2995 411.
2217 2942 2341 2995 Post
2389 2940 2793 2995 benedictiones.
2855 2941 2911 2995 ld
2969 2946 3073 3004 est,
3143 2946 3268 3011 post
3317 2941 3622 2996 recitatum

1968 3012 2248 3084 hymnum
2295 3012 2469 3066 trium
2504 3028 2809 3082 puerorum
2841 3035 2853 3065 :
2886 3013 3192 3068 Benedicite
3238 3013 3418 3068 omnia
3455 3028 3622 3084 opera

195 3083 576 3166 ercetlentiam
599 3084 999 3166 sempiternam,
1049 3083 1107 3136 id
1137 3087 1241 3147 est,
1277 3084 1546 3166 meritum
1578 3085 1859 3166 passionis
1888 3104 1932 3165 ρ
1969 3083 2191 3166 Domini
2217 3083 2463 3166 D_9mino,
2495 3088 2604 3138 etc.

196 3154 457 3220 illorum,
510 3158 663 3225 quod
702 3153 782 3209 eis
827 3154 1076 3226 gloriam
1131 3156 1375 3208 contulit
1420 3153 1855 3226 sempiternam,

196 3226 482 3281 fructibus
512 3224 723 3280 nostrae
754 3224 1078 3296 devotionis,
1100 3226 1434 3296 applicetur.

266 3297 446 3352 Porro
483 3297 540 3351 in
580 3296 879 3351 Codicibus
923 3295 1149 3351 Ratoldi
1181 3295 1237 3350 et
1267 3296 1574 3352 Rhemensi
1616 3297 1857 3353 habetur

192 3383 309 3421 xvii
342 3368 584 3424 Kalend.
630 3367 763 3423 Julii
796 3366 987 3421 natale
1030 3367 1212 3421 sancti
1264 3367 1511 3432 Viti,’cui
1555 3368 1610 3422 in
1642 3368 1856 3424 Missali

196 3440 465 3494 Romano
493 3441 887 3510 adjunguntur
932 3439 1219 3493 Modestus
1253 3443 1309 3494 et
1336 3440 1671 3495 Crescentis.

268 3511 393 3585 400.
439 3515 552 3565 Per
574 3527 752 3585 quam.
788 3513 1021 3585 begeut
1046 3510 1103 3563 in
1131 3511 1266 3585 C_od.
1292 3510 1535 3573 Ratoldi,
1562 3528 1663 3585 per
1680 3529 1853 3585 quem,

195 3585 259 3634 nt
288 3580 679 3637 referatur’ad
700 3585 758 3632 τό
791 3580 1047 3645 Domine;
1085 3580 1170 3635 vel
1193 3598 1295 3651 per
1318 3597 1471 3652 quae,
1507 3580 1579 3636 uti
1615 3580 1851 3639 in‘tlod.

192 3652 531 3716 Rbemensi,
568 3658 628 3707 ut
656 3653 942 3707 referatur
962 3653 1035 3705 ad
1071 3655 1128 3703 τὸ
1158 3651 1461 3706 mirabilia.

262 3725 399 3780 407.
452 3725 809 3779 Denuntiatio
842 3722 1197 3793 jejuniorum.
1230 3721 1598 3778 Denuntiatio
1646 3723 1743 3779 illa
1765 3725 1851 3793 je-

181 3795 490 3867 juniorum
522 3795 665 3850 olim
690 3796 942 3867 ﬁebatin
978 3794 1145 3849 Missa
1192 3800 1320 3865 post
1361 3795 1460 3867 illa
1491 3795 1660 3849 verba
1693 3812 1705 3849 ε
1737 3794 1857 3849 PM,-

188 3865 425 3921 Domini
450 3868 521 3920 sit
551 3884 768 3938 semper,
795 3865 1078 3938 vobiscum;
1127 3873 1175 3920 et
1220 3883 1339 3920 cum
1377 3865 1594 3938 Spiritu
1634 3872 1741 3929 tuo,
1794 3872 1856 3922 ut

188 3938 390 3993 videre
428 3942 515 3992 est
552 3940 611 3992 in
658 3937 863 3993 Codice
907 3937 1213 3992 Rhemensi
1243 3938 1297 3991 in
1330 3937 1695 3992 Orationibus
1720 3955 1855 4008 quo-

185 4010 431 4063 tidianis
461 4011 535 4063 ad
563 4009 761 4064 Missas
794 4024 806 4062 :
838 4009 957 4061 Pax
981 4008 1205 4062 Domini
1230 4010 1302 4062 sit
1330 4026 1534 4079 semper
1568 4008 1848 4077 vobiscum,

182 4088 231 4133 et
288 4097 414 4135 cum
443 4083 653 4151 spiritu
702 4087 810 4134 tuo.
844 4079 966 4132 Post
997 4079 1126 4151 hac
1181 4080 1554 4134 commonendo
1601 4086 1677 4134 est
1706 4081 1852 4151 plebs

174 4170 286 4223 pro
306 4150 537 4223 jejunio
574 4153 771 4223 primi,
819 4150 1004 4220 quarti
1049 4152 1267 4222 septimi
1315 4159 1364 4206 et
1416 4152 1609 4206 decimi
1655 4150 1849 4208 mensis

178 4222 540 4290 temporibus.

250 4294 385 4347 408.
428 4294 531 4347 Die
560 4310 684 4348 vero
712 4291 952 4356 Sabbati,
976 4297 1082 4348 etc.
1105 4294 1272 4347 Juxta
1304 4298 1564 4349 sanctum
1598 4294 1845 4349 Leonem

178 4380 428 4437 papam,
465 4381 638 4419 serm.
681 4366 715 4419 9
757 4366 825 4437 de
867 4364 1089 4435 jejunio
1121 4365 1347 4435 septimi
1380 4368 1630 4437 mensis:
1666 4364 1842 4437 403

178 4382 428 4488 ρίἕειω,
465 4382 638 4419 serm.
681 4382 715 4419 υ
757 4382 825 4419 ne
867 4382 1089 4435 jejunio
1121 4382 1347 4435 septimi
1380 4382 1630 4419 mensis:
1666 4382 1737 4437 41

178 4436 600 4560 :kbbraépngro,
632 4435 779 4507 apud
802 4434 1008 4488 beatum
1059 4437 1277 4490 Petrum
1306 4435 1599 4507 apostolum
1632 4439 1737 4506 vigi

174 4522 531 4562 celebremus.

254 4579 389 4633 409.
429 4578 633 4633 Mensis
662 4594 736 4643 iv,
770 4577 913 4648 feria
943 4594 1013 4632 ιν.
1066 4577 1127 4631 In
1172 4576 1346 4632 Editis
1393 4577 1546 4633 male
1590 4576 1840 4648 legitur:

176 4647 367 4703 Γενιά
405 4667 459 4702 ιν
488 4650 683 4703 mensis
708 4647 942 4718 septimi,
976 4649 1067 4703 hoc
1087 4656 1161 4702 est
1184 4648 1521 4719 Septembris.

257 4722 390 4773 410.
434 4720 493 4774 Si
545 4727 661 4790 post
730 4720 1103 4774 hebdomadam
1163 4721 1490 4774 Pentecostes
1543 4718 1842 4790 advenerit.

183 4790 322 4846 Haec
353 4807 471 4845 non
494 4789 932 4861 reperiunturin
962 4790 1157 4853 Editis,
1193 4807 1292 4845 nec
1316 4791 1371 4844 in
1397 4791 1522 4844 aliis
1548 4789 1847 4844 Codicibus

182 4863 408 4933 nostris
454 4879 591 4916 mss.
636 4864 770 4926 Quze
812 4867 1007 4933 tamen
1039 4861 1247 4931 scripta
1280 4869 1409 4915 sunt
1432 4863 1598 4933 juxta
1622 4877 1849 4915 morem

180 4932 425 4987 illorum
458 4938 805 5003 temporum,
832 4934 887 4986 in
915 4932 1116 5003 quibus
1145 4932 1847 5005 celebrabaturjejunium

184 5005 411 5058 mensis
431 5005 619 5075 quarti
638 5006 995 5059 hebdomade
1017 5007 1266 5059 secunda
1290 5004 1460 5070 Junii,
1483 5021 1549 5059 ex
1565 5021 1677 5074 quo
1699 5020 1848 5074 saepe

185 5074 565 5156 contingebat
594 5075 699 5156 hoc
720 5074 1009 5156 jejunium
1026 5076 1235 5156 peragi
1258 5076 1850 5156 _post__hebdomadem

185 5143 574 5218 Ifentecbstes,
598 5151 659 5201 ut
687 5143 880 5218 videre
910 5152 995 5201 est
1023 5143 1078 5200 in
1112 5143 1352 5200 concilio
1384 5148 1713 5218 Moguntino
1744 5147 1848 5200 sub

186 5216 397 5273 Carolo
426 5220 653 5290 Magno,
701 5216 759 5272 in
788 5234 900 5289 quo
944 5234 1052 5272 xxx
1083 5218 1329 5289 episcopi
1377 5223 1433 5273 et
1475 5216 1581 5272 ixv
1612 5219 1849 5272 abbates

183 5345 383 5406 mai-1.,
411 5340 793 5397 consentiente
821 5342 1063 5396 secundo
1105 5341 1314 5397 Theod.
1369 5343 1427 5397 In
1460 5342 1667 5399 Gemet.
1705 5362 1717 5401 :
1753 5343 1852 5398 De-

185 5410 392 5486 dicatia
432 5416 584 5469 santi
614 5414 966 5486 Nicomedis,
1004 5423 1171 5468 mart.
1238 5415 1297 5468 In
1355 5413 1516 5486 priori
1569 5415 1776 5469 Theod.
1831 5430 1844 5469 :

186 5481 470 5554 Qedicatio
513 5485 642 5541 eccl.
698 5488 876 5540 sancti
919 5485 1131 5542 Nicom.
1174 5486 1231 5539 In
1277 5481 1409 5540 Cod.
1442 5485 1583 5554 Reg.
1629 5487 1793 5541 Suec.
1828 5502 1843 5542 :

185 5551 469 5612 Dedicatio
494 5556 734 5610 basilice
757 5558 936 5612 sancti
963 5555 1282 5612 Nicomedis.

262 5637 292 5698 ξ
321 5625 384 5681 Et
409 5626 465 5681 in
486 5626 787 5698 Cod.Heg.
824 5627 991 5682 Suec.
1030 5629 1086 5682 In
1111 5627 1213 5684 Ed.
1244 5625 1451 5682 Pamel.
1486 5626 1599 5681 haec
1626 5626 1844 5696 legitur,

184 5695 289 5751 sed
322 5701 463 5755 intra
498 5695 1025 5755 uncinos'contenta.

254 5766 293 5812 δ
323 5773 473 5830 Ante
496 5772 641 5827 hanc
680 5768 921 5841 vigiliam
948 5768 1146 5842 legitur
1168 5769 1225 5827 in
1254 5775 1369 5830 vet.
1408 5770 1840 5829 Sacramentario

554 5868 795 5930 Paraon.
832 5867 1117 5929 LXXVIII.

2036 3155 2161 3208 412.
2228 3155 2427 3211 Natale
2471 3161 2779 3209 sanctorum
2834 3154 3086 3209 Gervasii
3141 3162 3191 3210 et
3238 3156 3506 3211 Protasii.
3558 3155 3622 3212 In

1968 3226 2266 3300 Codicibus
2310 3226 2615 3300 Rhemensi
2650 3232 2707 3280 et
2760 3226 3006 3284 Ratoldi.
3052 3226 3232 3297 pridie
3262 3227 3433 3300 hujus
3466 3226 3616 3300 festi,

1966 3302 2053 3368 est
2086 3297 2273 3368 vigilia
2297 3298 2632 3352 eorumdem
2662 3302 2991 3352 sanctorum
3024 3314 3152 3352 cum
3193 3297 3394 3353 eodem
3422 3297 3616 3353 ofﬁcio

1967 3366 2315 3440 inqutroque
2367 3368 2807 3440 Codicescujus
2865 3368 3048 3437 prima
3093 3369 3288 3423 Oratio
3345 3375 3402 3425 et
3447 3384 3620 3439 super

1966 3438 2157 3493 oblata
2202 3442 2336 3493 sunt
2366 3443 2429 3492 ut
2471 3439 2528 3492 in
2572 3438 2741 3493 Missa
2768 3440 3170 3506 Ambrosiana,
3212 3441 3271 3495 in
3302 3440 3495 3512 vigilia
3518 3438 3616 3496 eo-

1966 3512 2228 3565 rumdem
2258 3514 2611 3563 sanctorum.

2037 3586 2157 3638 413.
2195 3581 2514 3635 Sanctorum
2542 3586 2864 3650 martyrum,
2902 3585 3007 3636 etc.
3055 3582 3117 3636 In
3161 3579 3459 3637 Codicibus
3498 3583 3616 3637 Ro-

1965 3652 2127 3706 dradi
2158 3657 2216 3707 et
2242 3651 2469 3707 Ratoldi
2499 3655 2584 3706 est
2612 3650 2725 3706 alia
2749 3651 2918 3706 Missa
2943 3664 2989 3706 ε.

2033 3724 2156 3777 411.
2198 3723 2580 3777 Intercessz'one
2607 3721 2899 3787 beatorum,
2933 3728 3040 3779 etc.
3067 3723 3128 3778 In
3160 3721 3323 3777 Missa
3374 3723 3615 3779 Ambro-

1964 3794 2127 3849 siana
2157 3794 2364 3865 legitur
2396 3814 2407 3851 :
2448 3794 2694 3847 Protasio
2723 3801 2772 3848 et
2812 3794 3066 3849 Gervasio
3102 3793 3458 3865 martyribus.
3509 3792 3613 3849 Ubi

1962 3871 2103 3920 nota
2146 3866 2457 3920 Protasium
2491 3865 2736 3935 priorem
2784 3865 3055 3920 Gervasio
3103 3865 3413 3933 nominari,
3461 3867 3617 3936 quod

1962 3953 2188 4007 semper
2216 3937 2281 3990 ﬁt
2322 3936 2381 3991 in
2432 3941 2670 4008 utraque
2723 3936 2889 4008 Missa
2918 3937 3158 4008 liturgiaa
3194 3936 3611 4008 Ambrosianus,

1961 4014 2017 4063 et
2056 4008 2111 4062 in
2161 4009 2361 4064 Codice
2394 4007 2665 4073 Rodradi,
2696 4007 2801 4062 etsi
2834 4008 2999 4078 vulgo
3044 4007 3274 4063 sanctus
3314 4007 3614 4064 Gervasius

1961 4078 2140 4151 404
2175 4084 2557 4151 praeponatur.
2592 4081 2654 4134 In
2685 4080 2821 4136 Cod.
2856 4079 3163 4135 Rhemensi
3192 4078 3317 4133 haec
3344 4079 3537 4143 verba,
3560 4084 3611 4133 et

1959 4150 2352 4216 intercessione,
2382 4150 2801 4205 desiderantur.

2027 4223 2151 4275 415.
2198 4222 2507 4276 Fulciatur.
2541 4223 2601 4275 In
2629 4222 2798 4276 Missa
2817 4219 3219 4287 Ambrosiana,
3239 4223 3296 4276 et
3316 4221 3373 4275 in
3406 4219 3611 4279 Codice

1958 4292 2265 4347 Rhemensi
2286 4293 2514 4362 legitur,
2543 4296 2819 4363 ﬁrmetur.

2026 4364 2149 4418 416.
2201 4362 2405 4434 Vigilia
2456 4364 2485 4405 ι)
2533 4362 2710 4418 sancti
2752 4364 2979 4418 Joannis
3025 4363 3306 4434 Baptistre.
3352 4363 3416 4417 In
3468 4362 3605 4416 Cod.

1766 4434 1847 4489 ias
1877 4462 1920 4520 ί)
1955 4434 2263 4520 lib-emensi
2290 4435 2500 4520 legitur
2531 4453 2546 4488 :
2571 4436 2861 4520 lnjejunio
2879 4436 3055 4515 sancti
3073 4435 3297 4520 Joannis
3314 4434 3607 4520 'Baptis't-ze.

2022 4507 2147 4560 417.
2191 4505 2519 4561 Εωὴὶὂεηιεε
2556 4505 2783 4560 solemne
2821 4507 3117 4576 jejunium,
3159 4511 3264 4560 etc.
3312 4507 3372 4560 In
3406 4505 3611 4576 Codice

1956 4578 2263 4632 Rhemensi
2306 4580 2550 4633 habetur
2606 4575 2838 4646 quidem
2878 4575 3104 4632 eadem
3166 4575 3452 4644 Praefatio,
3509 4575 3611 4631 sed

1954 4649 2123 4719 paulo
2154 4648 2348 4703 fusior.
2398 4648 2704 4718 multisque
2732 4647 2917 4702 verbis
2946 4648 3286 4719 immutatis.

2024 4719 2153 4791 418ξ
2191 4719 2259 4772 In
2282 4721 2467 4791 prima
2488 4717 2651 4774 missa
2672 4719 2735 4791 de
2754 4726 2919 4772 nocte.
2949 4719 3032 4791 Ita
3056 4717 3115 4770 in
3147 4719 3281 4771 Cod.
3315 4718 3610 4791 Rhemlln

1955 4790 2091 4845 Cod.
2142 4788 2391 4846 Rodiiet
2422 4793 2547 4845 Rat.
2573 4790 2798 4860 legitur,
2824 4790 2881 4842 in
2898 4788 3083 4858 prima
3106 4804 3295 4860 mane;
3322 4790 3474 4858 apud
3505 4788 3612 4844 Pa-

1958 4859 2677 4931 meliumJ-nmaneprimd.
2702 4861 2870 4914 Missa
2895 4875 3009 4913 non
3023 4864 3208 4914 exstat
3232 4859 3288 4913 in
3318 4860 3494 4914 Editis
3510 4875 3613 4915 nec

1957 4933 2010 4987 in
2048 4932 2275 5004 liturgia
2299 4930 2698 4987 Ambrosiana.
2732 4930 3021 5004 Alcuinus,
3048 4931 3144 4985 lib.
3168 4931 3238 5004 de
3261 4931 3423 4986 Ofﬁc.
3448 4932 3606 5004 eccl.,

1957 5022 2081 5075 cap.
2108 5006 2177 5058 de
2196 5002 2404 5058 sancto
2430 5005 2673 5071 Joanne,
2701 5002 2781 5075 ait
2805 5008 2921 5075 tres
2942 5003 3140 5057 Missas
3162 5003 3219 5056 in
3255 5004 3399 5058 festo
3426 5002 3611 5058 sancti

1956 5074 2194 5131 Joannis
2223 5075 2484 5144 Baptistae
2510 5074 2802 5137 celebrari,
2849 5074 2999 5128 inter
3029 5092 3170 5144 quas
3202 5078 3457 5129 recenset
3484 5074 3612 5130 Mis-

1957 5093 2194 5131 Joanms
2223 5093 2295 5128 ua
2340 5093 2484 5128 usuP
2510 5093 2802 5137 ceienrari,
2849 5093 2999 5128 InleI‘
3029 5093 3170 5144 quas
3202 5093 3457 5129 recenset
3484 5093 3610 5130 MIS-

1957 5164 2080 5202 sam
2105 5148 2173 5201 de
2195 5093 2402 5217 vigilia,
2429 5163 2551 5216 qua!
2573 5146 2829 5216 proinde,
2856 5149 2912 5199 et
2929 5145 3368 5217 _quiajejunium
3388 5145 3610 5202 celebre

1957 5224 2099 5285 erat,
2129 5215 2422 5273 dicebatur
2448 5215 2723 5288 post’solis
2745 5215 3097 5283 occubitum,
3114 5215 3169 5273 in
3194 5235 3305 5289 quo
3328 5235 3429 5289 pro
3453 5233 3612 5274 more

1956 5341 2224 5407 Romano,
2274 5340 2472 5396 saeculo
2517 5357 2658 5395 nono
2714 5339 2907 5396 saltem
2959 5347 3199 5408 exarato,
3244 5359 3386 5397 nunc
3433 5341 3487 5396 in
3530 5339 3613 5395 bi-

1956 5413 2227 5469 bliotheca
2274 5411 2628 5468 Vallicellana
2669 5412 2891 5468 Patrum
2935 5412 3166 5468 Oratorii
3204 5413 3386 5468 Romae
3432 5426 3611 5467 asser-

1954 5491 2122 5541 vato:
2180 5484 2369 5541 Mense
2407 5485 2573 5539 Iunio
2627 5484 2714 5539 die
2764 5488 2833 5537 22
2898 5488 3225 5539 sanctorum
3298 5489 3611 5552 martyrum

1957 5572 2288 5615 ucccccxxx.
2316 5572 2553 5627 quorum
2585 5556 2790 5626 vigilia
2827 5572 2951 5611 cum
2979 5557 3197 5627 silentio
3219 5560 3269 5609 et
3285 5553 3499 5627 jejunio
3528 5564 3605 5608 est

1954 5628 2300 5691 celebranda,
2322 5622 2383 5683 ’σε
2412 5622 2724 5683 concessum
2753 5631 2831 5681 est
2856 5629 2931 5681 eis
2972 5643 3072 5695 pro
3119 5625 3212 5679 illo
3258 5622 3365 5679 uno
3395 5622 3483 5695 die
3511 5640 3610 5695 an-

1948 5715 2085 5756 num
2120 5701 2406 5756 dimittere
2456 5700 2517 5752 in
2544 5698 2892 5770 pwnitentia.
2933 5696 3064 5770 Quas
3092 5696 3326 5751 observo
3370 5694 3438 5751 ob
3470 5694 3612 5753 anti-

1948 5788 2118 5850 quum
2143 5769 2501 5844 indulgentiae
2529 5765 2808 5828 concessa
2837 5765 3169 5845 exemplum,

3263 5863 3333 5931 l3
