  <div class='ocr_page' id='page_1' title='image "/cluster/home/n/w/nwhite01/storage/ocr_20150623/78/hvd.32044054758826/204.png"; bbox 0 0 3994 6172; ppageno 0'>
   <div class='ocr_carea' id='block_1_1' title="bbox 193 233 2789 312">
    <p class='ocr_par' dir='ltr' id='par_1_1' title="bbox 193 233 2789 312">
     <span class='ocr_line' id='line_1_1' title="bbox 193 233 2789 312; baseline 0.003 -7"><span class='ocrx_word' id='word_1_1' title='bbox 193 240 282 305; x_wconf 74' lang='lat'>397</span> <span class='ocrx_word' id='word_1_2' title='bbox 895 237 965 306; x_wconf 78' lang='grc' dir='ltr'>ΙΝ</span> <span class='ocrx_word' id='word_1_3' title='bbox 1009 237 1068 307; x_wconf 88' lang='lat' dir='ltr'>S.</span> <span class='ocrx_word' id='word_1_4' title='bbox 1117 233 1473 306; x_wconf 77' lang='lat' dir='ltr'>GREGORII</span> <span class='ocrx_word' id='word_1_5' title='bbox 1516 236 1801 306; x_wconf 77' lang='lat' dir='ltr'>LIBRUM</span> <span class='ocrx_word' id='word_1_6' title='bbox 1842 234 2509 311; x_wconf 75' lang='lat' dir='ltr'>SACRAMEN&#39;I‘ORUM</span> <span class='ocrx_word' id='word_1_7' title='bbox 2551 241 2789 312; x_wconf 60' lang='lat' dir='ltr'>NOTZE.</span> 
     </span>
    </p>
   </div>
   <div class='ocr_carea' id='block_1_2' title="bbox 3424 252 3541 315">
    <p class='ocr_par' dir='ltr' id='par_1_2' title="bbox 3424 252 3541 315">
     <span class='ocr_line' id='line_1_2' title="bbox 3424 252 3541 315; baseline -0.009 0"><span class='ocrx_word' id='word_1_8' title='bbox 3424 252 3541 315; x_wconf 84' lang='lat'>398</span> 
     </span>
    </p>
   </div>
   <div class='ocr_carea' id='block_1_3' title="bbox 187 375 3548 451">
    <p class='ocr_par' dir='ltr' id='par_1_3' title="bbox 187 375 3548 451">
     <span class='ocr_line' id='line_1_3' title="bbox 187 375 3548 451; baseline 0.003 -20"><span class='ocrx_word' id='word_1_9' title='bbox 187 378 308 451; x_wconf 79' lang='lat' dir='ltr'>quod</span> <span class='ocrx_word' id='word_1_10' title='bbox 329 376 615 451; x_wconf 82' lang='lat' dir='ltr'>angustior</span> <span class='ocrx_word' id='word_1_11' title='bbox 642 380 813 443; x_wconf 82' lang='lat' dir='ltr'>esset,</span> <span class='ocrx_word' id='word_1_12' title='bbox 843 380 903 451; x_wconf 85' lang='lat' dir='ltr'>ut</span> <span class='ocrx_word' id='word_1_13' title='bbox 926 378 1092 431; x_wconf 85' lang='lat' dir='ltr'>docet</span> <span class='ocrx_word' id='word_1_14' title='bbox 1119 376 1271 451; x_wconf 77' lang='lat' dir='ltr'>idem</span> <span class='ocrx_word' id='word_1_15' title='bbox 1302 381 1532 432; x_wconf 85' lang='lat' dir='ltr'>sanctus</span> <span class='ocrx_word' id='word_1_16' title='bbox 1578 380 1783 451; x_wconf 81' lang='lat' dir='ltr'>Grego-</span> <span class='ocrx_word' id='word_1_17' title='bbox 1812 383 1861 446; x_wconf 72' lang='grc' dir='ltr'>Α</span> <span class='ocrx_word' id='word_1_18' title='bbox 1902 375 2173 451; x_wconf 77' lang='lat' dir='ltr'>tutoribus</span> <span class='ocrx_word' id='word_1_19' title='bbox 2191 382 2565 451; x_wconf 69' lang='lat' dir='ltr'>sacramentis,</span> <span class='ocrx_word' id='word_1_20' title='bbox 2594 380 2879 436; x_wconf 71' lang='lat' dir='ltr'>humiliter</span> <span class='ocrx_word' id='word_1_21' title='bbox 2901 380 3276 451; x_wconf 75' lang='lat' dir='ltr'>deprecamur,</span> <span class='ocrx_word' id='word_1_22' title='bbox 3320 390 3400 449; x_wconf 88' lang='lat' dir='ltr'>ut,</span> <span class='ocrx_word' id='word_1_23' title='bbox 3455 386 3548 441; x_wconf 82' lang='lat' dir='ltr'>in-</span> 
     </span>
    </p>
   </div>
   <div class='ocr_carea' id='block_1_4' title="bbox 186 448 1788 520">
    <p class='ocr_par' dir='ltr' id='par_1_4' title="bbox 186 448 1788 520">
     <span class='ocr_line' id='line_1_4' title="bbox 186 448 1788 520; baseline 0 -17"><span class='ocrx_word' id='word_1_24' title='bbox 186 449 284 504; x_wconf 86' lang='lat' dir='ltr'>rius</span> <span class='ocrx_word' id='word_1_25' title='bbox 303 449 647 512; x_wconf 82' lang='lat' dir='ltr'>Turonensis,</span> <span class='ocrx_word' id='word_1_26' title='bbox 679 465 805 519; x_wconf 89' lang='lat' dir='ltr'>cap.</span> <span class='ocrx_word' id='word_1_27' title='bbox 839 449 1032 513; x_wconf 89' lang='lat' dir='ltr'>citato,</span> <span class='ocrx_word' id='word_1_28' title='bbox 1065 452 1123 503; x_wconf 91' lang='lat' dir='ltr'>et</span> <span class='ocrx_word' id='word_1_29' title='bbox 1167 448 1263 502; x_wconf 87' lang='lat' dir='ltr'>lib.</span> <span class='ocrx_word' id='word_1_30' title='bbox 1296 465 1351 511; x_wconf 87' lang='lat' dir='ltr'>x,</span> <span class='ocrx_word' id='word_1_31' title='bbox 1408 465 1531 520; x_wconf 90' lang='lat' dir='ltr'>cap.</span> <span class='ocrx_word' id='word_1_32' title='bbox 1582 450 1671 513; x_wconf 80' lang='lat' dir='ltr'>3t,</span> <span class='ocrx_word' id='word_1_33' title='bbox 1731 452 1788 504; x_wconf 89' lang='lat' dir='ltr'>et</span> 
     </span>
    </p>
   </div>
   <div class='ocr_carea' id='block_1_5' title="bbox 185 520 1784 592">
    <p class='ocr_par' dir='ltr' id='par_1_5' title="bbox 185 520 1784 592">
     <span class='ocr_line' id='line_1_5' title="bbox 185 520 1784 592; baseline -0.001 -18"><span class='ocrx_word' id='word_1_34' title='bbox 185 520 424 592; x_wconf 86' lang='lat' dir='ltr'>Sidonius,</span> <span class='ocrx_word' id='word_1_35' title='bbox 462 520 561 574; x_wconf 90' lang='lat' dir='ltr'>lib.</span> <span class='ocrx_word' id='word_1_36' title='bbox 604 536 682 592; x_wconf 76' lang='lat' dir='ltr'>iv,</span> <span class='ocrx_word' id='word_1_37' title='bbox 730 520 895 590; x_wconf 82' lang='lat' dir='ltr'>epist.</span> <span class='ocrx_word' id='word_1_38' title='bbox 924 520 1010 583; x_wconf 81' lang='grc'>18,</span> <span class='ocrx_word' id='word_1_39' title='bbox 1044 520 1137 592; x_wconf 87' lang='lat' dir='ltr'>qui</span> <span class='ocrx_word' id='word_1_40' title='bbox 1168 521 1239 573; x_wconf 85' lang='lat' dir='ltr'>ad</span> <span class='ocrx_word' id='word_1_41' title='bbox 1284 536 1475 590; x_wconf 87' lang='lat' dir='ltr'>preces</span> <span class='ocrx_word' id='word_1_42' title='bbox 1523 521 1784 592; x_wconf 83' lang='lat' dir='ltr'>ejusdem</span> 
     </span>
    </p>
   </div>
   <div class='ocr_carea' id='block_1_6' title="bbox 183 590 1787 672">
    <p class='ocr_par' dir='ltr' id='par_1_6' title="bbox 183 590 1787 672">
     <span class='ocr_line' id='line_1_6' title="bbox 183 590 1787 672; baseline -0.001 -26"><span class='ocrx_word' id='word_1_43' title='bbox 183 591 615 672; x_wconf 46' lang='lat' dir='ltr'>sanctinPerpetui</span> <span class='ocrx_word' id='word_1_44' title='bbox 637 593 969 672; x_wconf 34' lang='lat' dir='ltr'>composuit.</span> <span class='ocrx_word' id='word_1_45' title='bbox 986 591 1345 672; x_wconf 79' lang='lat' dir='ltr'>epigramma</span> <span class='ocrx_word' id='word_1_46' title='bbox 1387 590 1565 672; x_wconf 81' lang='lat' dir='ltr'>hujus</span> <span class='ocrx_word' id='word_1_47' title='bbox 1589 590 1787 672; x_wconf 72' lang='lat' dir='ltr'>templi</span> 
     </span>
    </p>
   </div>
   <div class='ocr_carea' id='block_1_7' title="bbox 180 660 1784 735">
    <p class='ocr_par' dir='ltr' id='par_1_7' title="bbox 180 660 1784 735">
     <span class='ocr_line' id='line_1_7' title="bbox 180 660 1784 735; baseline -0.001 -17"><span class='ocrx_word' id='word_1_48' title='bbox 180 662 449 734; x_wconf 82' lang='lat' dir='ltr'>parietibus</span> <span class='ocrx_word' id='word_1_49' title='bbox 466 660 858 731; x_wconf 76' lang='lat' dir='ltr'>incidendum,</span> <span class='ocrx_word' id='word_1_50' title='bbox 887 660 1047 734; x_wconf 82' lang='lat' dir='ltr'>cujus</span> <span class='ocrx_word' id='word_1_51' title='bbox 1070 660 1327 717; x_wconf 77' lang='lat' dir='ltr'>clausula</span> <span class='ocrx_word' id='word_1_52' title='bbox 1354 668 1441 717; x_wconf 84' lang='lat' dir='ltr'>est</span> <span class='ocrx_word' id='word_1_53' title='bbox 1463 660 1784 735; x_wconf 79' lang='lat' dir='ltr'>ejusmodi:</span> 
     </span>
    </p>
   </div>
   <div class='ocr_carea' id='block_1_8' title="bbox 262 760 1787 831">
    <p class='ocr_par' dir='ltr' id='par_1_8' title="bbox 262 760 1787 831">
     <span class='ocr_line' id='line_1_8' title="bbox 262 760 1787 831; baseline 0 -22"><span class='ocrx_word' id='word_1_54' title='bbox 262 763 476 831; x_wconf 65' lang='lat' dir='ltr'>Dumque</span> <span class='ocrx_word' id='word_1_55' title='bbox 506 761 654 831; x_wconf 69' lang='lat' dir='ltr'>venit</span> <span class='ocrx_word' id='word_1_56' title='bbox 682 760 922 831; x_wconf 76' lang='lat' dir='ltr'>Christus</span> <span class='ocrx_word' id='word_1_57' title='bbox 951 761 1179 831; x_wconf 51' lang='lat' dir='ltr'>popunlos</span> <span class='ocrx_word' id='word_1_58' title='bbox 1216 761 1309 831; x_wconf 77' lang='lat' dir='ltr'>qui</span> <span class='ocrx_word' id='word_1_59' title='bbox 1340 763 1563 810; x_wconf 82' lang='lat' dir='ltr'>suscitat</span> <span class='ocrx_word' id='word_1_60' title='bbox 1583 774 1787 815; x_wconf 89' lang='lat' dir='ltr'>omnes,</span> 
     </span>
    </p>
   </div>
   <div class='ocr_carea' id='block_1_9' title="bbox 313 823 1331 886">
    <p class='ocr_par' dir='ltr' id='par_1_9' title="bbox 313 823 1331 886">
     <span class='ocr_line' id='line_1_9' title="bbox 313 823 1331 886; baseline -0.001 -15"><span class='ocrx_word' id='word_1_61' title='bbox 313 823 553 886; x_wconf 84' lang='lat' dir='ltr'>Perpetuo</span> <span class='ocrx_word' id='word_1_62' title='bbox 584 823 782 871; x_wconf 88' lang='lat' dir='ltr'>durent</span> <span class='ocrx_word' id='word_1_63' title='bbox 809 823 1043 872; x_wconf 87' lang='lat' dir='ltr'>culmina</span> <span class='ocrx_word' id='word_1_64' title='bbox 1072 823 1331 886; x_wconf 82' lang='lat' dir='ltr'>Perpetui.</span> 
     </span>
    </p>
   </div>
   <div class='ocr_carea' id='block_1_10' title="bbox 176 911 1791 984">
    <p class='ocr_par' dir='ltr' id='par_1_10' title="bbox 176 911 1791 984">
     <span class='ocr_line' id='line_1_10' title="bbox 176 911 1791 984; baseline -0.001 -17"><span class='ocrx_word' id='word_1_65' title='bbox 176 913 460 967; x_wconf 79' lang='lat' dir='ltr'>Translatio</span> <span class='ocrx_word' id='word_1_66' title='bbox 493 930 625 967; x_wconf 81' lang='lat' dir='ltr'>vero</span> <span class='ocrx_word' id='word_1_67' title='bbox 657 912 910 984; x_wconf 90' lang='lat' dir='ltr'>corporis</span> <span class='ocrx_word' id='word_1_68' title='bbox 956 917 1039 968; x_wconf 90' lang='lat' dir='ltr'>est</span> <span class='ocrx_word' id='word_1_69' title='bbox 1081 928 1212 968; x_wconf 91' lang='lat' dir='ltr'>cum</span> <span class='ocrx_word' id='word_1_70' title='bbox 1257 929 1324 967; x_wconf 87' lang='lat' dir='ltr'>ex</span> <span class='ocrx_word' id='word_1_71' title='bbox 1355 911 1507 967; x_wconf 89' lang='lat' dir='ltr'>illius</span> <span class='ocrx_word' id='word_1_72' title='bbox 1536 912 1791 983; x_wconf 86' lang='lat' dir='ltr'>sepulcro</span> 
     </span>
    </p>
   </div>
   <div class='ocr_carea' id='block_1_11' title="bbox 172 983 1792 1056">
    <p class='ocr_par' dir='ltr' id='par_1_11' title="bbox 172 983 1792 1056">
     <span class='ocr_line' id='line_1_11' title="bbox 172 983 1792 1056; baseline -0.001 -18"><span class='ocrx_word' id='word_1_73' title='bbox 172 984 222 1039; x_wconf 90' lang='lat' dir='ltr'>in</span> <span class='ocrx_word' id='word_1_74' title='bbox 252 985 487 1039; x_wconf 87' lang='lat' dir='ltr'>absidem</span> <span class='ocrx_word' id='word_1_75' title='bbox 542 983 779 1056; x_wconf 82' lang='lat' dir='ltr'>majoris</span> <span class='ocrx_word' id='word_1_76' title='bbox 806 983 1054 1039; x_wconf 79' lang='lat' dir='ltr'>ecclesiae</span> <span class='ocrx_word' id='word_1_77' title='bbox 1081 985 1157 1056; x_wconf 84' lang='lat' dir='ltr'>ab</span> <span class='ocrx_word' id='word_1_78' title='bbox 1188 986 1392 1039; x_wconf 88' lang='lat' dir='ltr'>eodem</span> <span class='ocrx_word' id='word_1_79' title='bbox 1434 988 1635 1037; x_wconf 89' lang='lat' dir='ltr'>sancto</span> <span class='ocrx_word' id='word_1_80' title='bbox 1668 986 1792 1056; x_wconf 83' lang='lat' dir='ltr'>Per—</span> 
     </span>
    </p>
   </div>
   <div class='ocr_carea' id='block_1_12' title="bbox 169 1054 1792 1127">
    <p class='ocr_par' dir='ltr' id='par_1_12' title="bbox 169 1054 1792 1127">
     <span class='ocr_line' id='line_1_12' title="bbox 169 1054 1792 1127; baseline -0.002 -17"><span class='ocrx_word' id='word_1_81' title='bbox 169 1062 323 1126; x_wconf 87' lang='lat' dir='ltr'>petuo</span> <span class='ocrx_word' id='word_1_82' title='bbox 364 1054 705 1109; x_wconf 79' lang='lat' dir='ltr'>translatum</span> <span class='ocrx_word' id='word_1_83' title='bbox 757 1061 862 1119; x_wconf 77' lang='lat' dir='ltr'>est,</span> <span class='ocrx_word' id='word_1_84' title='bbox 897 1060 958 1109; x_wconf 89' lang='lat' dir='ltr'>ut</span> <span class='ocrx_word' id='word_1_85' title='bbox 985 1054 1181 1109; x_wconf 80' lang='lat' dir='ltr'>scribit</span> <span class='ocrx_word' id='word_1_86' title='bbox 1221 1060 1453 1127; x_wconf 80' lang='lat' dir='ltr'>sanctus</span> <span class='ocrx_word' id='word_1_87' title='bbox 1490 1054 1792 1127; x_wconf 77' lang='lat' dir='ltr'>Gregorius</span> 
     </span>
    </p>
   </div>
   <div class='ocr_carea' id='block_1_13' title="bbox 168 1126 1788 1197">
    <p class='ocr_par' dir='ltr' id='par_1_13' title="bbox 168 1126 1788 1197">
     <span class='ocr_line' id='line_1_13' title="bbox 168 1126 1788 1197; baseline -0.002 -15"><span class='ocrx_word' id='word_1_88' title='bbox 168 1128 477 1182; x_wconf 85' lang='lat' dir='ltr'>Turon.-lib.</span> <span class='ocrx_word' id='word_1_89' title='bbox 515 1143 545 1197; x_wconf 85' lang='lat' dir='ltr'>x</span> <span class='ocrx_word' id='word_1_90' title='bbox 576 1127 719 1182; x_wconf 86' lang='lat' dir='ltr'>Hist.</span> <span class='ocrx_word' id='word_1_91' title='bbox 754 1128 1000 1190; x_wconf 80' lang='lat' dir='ltr'>Franc..,</span> <span class='ocrx_word' id='word_1_92' title='bbox 1047 1143 1095 1180; x_wconf 88' lang='lat' dir='ltr'>c.</span> <span class='ocrx_word' id='word_1_93' title='bbox 1119 1127 1179 1180; x_wconf 81' lang='lat' dir='ltr'>3t</span> <span class='ocrx_word' id='word_1_94' title='bbox 1219 1143 1231 1181; x_wconf 89' lang='lat'>:</span> <span class='ocrx_word' id='word_1_95' title='bbox 1280 1126 1788 1197; x_wconf 33' lang='lat' dir='ltr'>Htc(t’erpe’tuus),</span> 
     </span>
    </p>
   </div>
   <div class='ocr_carea' id='block_1_14' title="bbox 164 1196 1791 1268">
    <p class='ocr_par' dir='ltr' id='par_1_14' title="bbox 164 1196 1791 1268">
     <span class='ocr_line' id='line_1_14' title="bbox 164 1196 1791 1268; baseline -0.002 -16"><span class='ocrx_word' id='word_1_96' title='bbox 164 1198 381 1253; x_wconf 77' lang='lat' dir='ltr'>subnwta</span> <span class='ocrx_word' id='word_1_97' title='bbox 401 1196 625 1253; x_wconf 84' lang='lat' dir='ltr'>basilica</span> <span class='ocrx_word' id='word_1_98' title='bbox 648 1215 807 1268; x_wconf 83' lang='lat' dir='ltr'>quam</span> <span class='ocrx_word' id='word_1_99' title='bbox 826 1198 985 1268; x_wconf 81' lang='lat' dir='ltr'>prius</span> <span class='ocrx_word' id='word_1_100' title='bbox 1027 1197 1286 1252; x_wconf 79' lang='lat' dir='ltr'>Briccius</span> <span class='ocrx_word' id='word_1_101' title='bbox 1315 1196 1583 1268; x_wconf 83' lang='lat' dir='ltr'>episcopus</span> <span class='ocrx_word' id='word_1_102' title='bbox 1626 1197 1791 1266; x_wconf 70' lang='lat' dir='ltr'>adi/i-</span> 
     </span>
    </p>
   </div>
   <div class='ocr_carea' id='block_1_15' title="bbox 163 1268 1792 1339">
    <p class='ocr_par' dir='ltr' id='par_1_15' title="bbox 163 1268 1792 1339">
     <span class='ocr_line' id='line_1_15' title="bbox 163 1268 1792 1339; baseline -0.001 -16"><span class='ocrx_word' id='word_1_103' title='bbox 163 1276 357 1323; x_wconf 75' lang='lat' dir='ltr'>cacerat</span> <span class='ocrx_word' id='word_1_104' title='bbox 404 1285 568 1339; x_wconf 82' lang='lat' dir='ltr'>super</span> <span class='ocrx_word' id='word_1_105' title='bbox 607 1278 845 1323; x_wconf 85' lang='lat' dir='ltr'>sanctum</span> <span class='ocrx_word' id='word_1_106' title='bbox 894 1269 1223 1331; x_wconf 81' lang='lat' dir='ltr'>Martinum,</span> <span class='ocrx_word' id='word_1_107' title='bbox 1275 1268 1566 1339; x_wconf 72' lang='lat' dir='ltr'>mdiﬁcavit</span> <span class='ocrx_word' id='word_1_108' title='bbox 1622 1268 1792 1321; x_wconf 84' lang='lat' dir='ltr'>aliam</span> 
     </span>
    </p>
   </div>
   <div class='ocr_carea' id='block_1_16' title="bbox 159 1338 1793 1411">
    <p class='ocr_par' dir='ltr' id='par_1_16' title="bbox 159 1338 1793 1411">
     <span class='ocr_line' id='line_1_16' title="bbox 159 1338 1793 1411; baseline -0.001 -17"><span class='ocrx_word' id='word_1_109' title='bbox 159 1340 451 1411; x_wconf 84' lang='lat' dir='ltr'>ampliorem</span> <span class='ocrx_word' id='word_1_110' title='bbox 474 1338 623 1394; x_wconf 78' lang='lat' dir='ltr'>miro</span> <span class='ocrx_word' id='word_1_111' title='bbox 646 1357 827 1409; x_wconf 74' lang='lat' dir='ltr'>opere,</span> <span class='ocrx_word' id='word_1_112' title='bbox 859 1341 918 1394; x_wconf 85' lang='lat' dir='ltr'>in</span> <span class='ocrx_word' id='word_1_113' title='bbox 944 1341 1098 1411; x_wconf 88' lang='lat' dir='ltr'>cujus</span> <span class='ocrx_word' id='word_1_114' title='bbox 1127 1339 1313 1411; x_wconf 85' lang='lat' dir='ltr'>absida</span> <span class='ocrx_word' id='word_1_115' title='bbox 1343 1338 1552 1394; x_wconf 88' lang='lat' dir='ltr'>beatum</span> <span class='ocrx_word' id='word_1_116' title='bbox 1601 1354 1793 1411; x_wconf 84' lang='lat' dir='ltr'>corpus</span> 
     </span>
    </p>
   </div>
   <div class='ocr_carea' id='block_1_17' title="bbox 163 1409 1795 1482">
    <p class='ocr_par' dir='ltr' id='par_1_17' title="bbox 163 1409 1795 1482">
     <span class='ocr_line' id='line_1_17' title="bbox 163 1409 1795 1482; baseline -0.002 -16"><span class='ocrx_word' id='word_1_117' title='bbox 163 1409 324 1482; x_wconf 72' lang='lat' dir='ltr'>ipsius</span> <span class='ocrx_word' id='word_1_118' title='bbox 345 1410 663 1465; x_wconf 79' lang='lat' dir='ltr'>venerabilis</span> <span class='ocrx_word' id='word_1_119' title='bbox 704 1412 882 1466; x_wconf 90' lang='lat' dir='ltr'>sancti</span> <span class='ocrx_word' id='word_1_120' title='bbox 910 1409 1215 1465; x_wconf 82' lang='lat' dir='ltr'>transtulit.</span> <span class='ocrx_word' id='word_1_121' title='bbox 1248 1410 1418 1465; x_wconf 83' lang='lat' dir='ltr'>Missa</span> <span class='ocrx_word' id='word_1_122' title='bbox 1467 1414 1663 1482; x_wconf 84' lang='lat' dir='ltr'>autem</span> <span class='ocrx_word' id='word_1_123' title='bbox 1689 1409 1795 1482; x_wconf 23' lang='lat' dir='ltr'>isic</span> 
     </span>
    </p>
   </div>
   <div class='ocr_carea' id='block_1_18' title="bbox 159 1480 1794 1562">
    <p class='ocr_par' dir='ltr' id='par_1_18' title="bbox 159 1480 1794 1562">
     <span class='ocr_line' id='line_1_18' title="bbox 159 1480 1794 1562; baseline -0.001 -26"><span class='ocrx_word' id='word_1_124' title='bbox 159 1480 394 1562; x_wconf 38' lang='lat' dir='ltr'>liabetur.</span> <span class='ocrx_word' id='word_1_125' title='bbox 427 1483 483 1535; x_wconf 91' lang='lat' dir='ltr'>in</span> <span class='ocrx_word' id='word_1_126' title='bbox 528 1482 664 1562; x_wconf 81' lang='lat' dir='ltr'>C_od.</span> <span class='ocrx_word' id='word_1_127' title='bbox 700 1482 982 1562; x_wconf 41' lang='lat' dir='ltr'>Batoldiz.</span> <span class='ocrx_word' id='word_1_128' title='bbox 1004 1482 1240 1562; x_wconf 73' lang='lat' dir='ltr'>oratio:</span> <span class='ocrx_word' id='word_1_129' title='bbox 1286 1483 1451 1546; x_wconf 88' lang='lat' dir='ltr'>Deus,</span> <span class='ocrx_word' id='word_1_130' title='bbox 1481 1480 1794 1562; x_wconf 42' lang='lat' dir='ltr'>_qui.nobis</span> 
     </span>
    </p>
   </div>
   <div class='ocr_carea' id='block_1_19' title="bbox 156 1551 1795 1624">
    <p class='ocr_par' dir='ltr' id='par_1_19' title="bbox 156 1551 1795 1624">
     <span class='ocr_line' id='line_1_19' title="bbox 156 1551 1795 1624; baseline -0.002 -16"><span class='ocrx_word' id='word_1_131' title='bbox 156 1555 260 1608; x_wconf 88' lang='lat' dir='ltr'>diei</span> <span class='ocrx_word' id='word_1_132' title='bbox 306 1554 468 1624; x_wconf 87' lang='lat' dir='ltr'>hujus</span> <span class='ocrx_word' id='word_1_133' title='bbox 496 1552 922 1608; x_wconf 80' lang='lat' dir='ltr'>solemnitatem</span> <span class='ocrx_word' id='word_1_134' title='bbox 969 1552 1026 1607; x_wconf 89' lang='lat' dir='ltr'>in</span> <span class='ocrx_word' id='word_1_135' title='bbox 1071 1553 1288 1624; x_wconf 85' lang='lat' dir='ltr'>honore</span> <span class='ocrx_word' id='word_1_136' title='bbox 1336 1551 1795 1624; x_wconf 12' lang='lat' dir='ltr'>sanctirMartini</span> 
     </span>
    </p>
   </div>
   <div class='ocr_carea' id='block_1_20' title="bbox 154 1623 1796 1695">
    <p class='ocr_par' dir='ltr' id='par_1_20' title="bbox 154 1623 1796 1695">
     <span class='ocr_line' id='line_1_20' title="bbox 154 1623 1796 1695; baseline -0.001 -16"><span class='ocrx_word' id='word_1_137' title='bbox 154 1623 487 1679; x_wconf 84' lang='lat' dir='ltr'>confessoris</span> <span class='ocrx_word' id='word_1_138' title='bbox 536 1624 619 1678; x_wconf 89' lang='lat' dir='ltr'>tui</span> <span class='ocrx_word' id='word_1_139' title='bbox 666 1628 837 1694; x_wconf 88' lang='lat' dir='ltr'>atque</span> <span class='ocrx_word' id='word_1_140' title='bbox 873 1623 1157 1695; x_wconf 89' lang='lat' dir='ltr'>pontiﬁcis</span> <span class='ocrx_word' id='word_1_141' title='bbox 1190 1623 1567 1695; x_wconf 89' lang='lat' dir='ltr'>consecrasti,</span> <span class='ocrx_word' id='word_1_142' title='bbox 1596 1624 1796 1679; x_wconf 87' lang='lat' dir='ltr'>adesto</span> 
     </span>
    </p>
   </div>
   <div class='ocr_carea' id='block_1_21' title="bbox 154 1694 1796 1767">
    <p class='ocr_par' dir='ltr' id='par_1_21' title="bbox 154 1694 1796 1767">
     <span class='ocr_line' id='line_1_21' title="bbox 154 1694 1796 1767; baseline -0.001 -17"><span class='ocrx_word' id='word_1_143' title='bbox 154 1695 381 1750; x_wconf 70' lang='lat' dir='ltr'>familiae</span> <span class='ocrx_word' id='word_1_144' title='bbox 409 1700 533 1767; x_wconf 13' lang='lat' dir='ltr'>tum,</span> <span class='ocrx_word' id='word_1_145' title='bbox 551 1695 828 1767; x_wconf 90' lang='lat' dir='ltr'>precibus,</span> <span class='ocrx_word' id='word_1_146' title='bbox 877 1694 937 1755; x_wconf 84' lang='lat' dir='ltr'>ut</span> <span class='ocrx_word' id='word_1_147' title='bbox 981 1695 1143 1767; x_wconf 89' lang='lat' dir='ltr'>cujus</span> <span class='ocrx_word' id='word_1_148' title='bbox 1176 1694 1333 1767; x_wconf 78' lang='lat' dir='ltr'>festa</span> <span class='ocrx_word' id='word_1_149' title='bbox 1352 1695 1612 1767; x_wconf 86' lang='lat' dir='ltr'>colimus,</span> <span class='ocrx_word' id='word_1_150' title='bbox 1672 1696 1796 1767; x_wconf 88' lang='lat' dir='ltr'>ejus</span> 
     </span>
    </p>
   </div>
   <div class='ocr_carea' id='block_1_22' title="bbox 153 1765 1791 1836">
    <p class='ocr_par' dir='ltr' id='par_1_22' title="bbox 153 1765 1791 1836">
     <span class='ocr_line' id='line_1_22' title="bbox 153 1765 1791 1836; baseline -0.001 -14"><span class='ocrx_word' id='word_1_151' title='bbox 153 1767 366 1822; x_wconf 88' lang='lat' dir='ltr'>meritis</span> <span class='ocrx_word' id='word_1_152' title='bbox 385 1765 600 1822; x_wconf 82' lang='lat' dir='ltr'>auxilio</span> <span class='ocrx_word' id='word_1_153' title='bbox 626 1767 1009 1821; x_wconf 87' lang='lat' dir='ltr'>sublevemur.</span> <span class='ocrx_word' id='word_1_154' title='bbox 1062 1766 1236 1836; x_wconf 83' lang='lat' dir='ltr'>Super</span> <span class='ocrx_word' id='word_1_155' title='bbox 1284 1765 1463 1820; x_wconf 89' lang='lat' dir='ltr'>oblata</span> <span class='ocrx_word' id='word_1_156' title='bbox 1492 1783 1508 1819; x_wconf 88' lang='lat'><em>:</em></span> <span class='ocrx_word' id='word_1_157' title='bbox 1540 1766 1791 1835; x_wconf 75' lang='lat' dir='ltr'>Respice,</span> 
     </span>
    </p>
   </div>
   <div class='ocr_carea' id='block_1_23' title="bbox 150 1836 1798 1908">
    <p class='ocr_par' dir='ltr' id='par_1_23' title="bbox 150 1836 1798 1908">
     <span class='ocr_line' id='line_1_23' title="bbox 150 1836 1798 1908; baseline -0.002 -15"><span class='ocrx_word' id='word_1_158' title='bbox 150 1838 407 1902; x_wconf 86' lang='lat' dir='ltr'>Domine,</span> <span class='ocrx_word' id='word_1_159' title='bbox 440 1839 715 1907; x_wconf 82' lang='lat' dir='ltr'>pupulum</span> <span class='ocrx_word' id='word_1_160' title='bbox 747 1844 907 1891; x_wconf 89' lang='lat' dir='ltr'>tuum</span> <span class='ocrx_word' id='word_1_161' title='bbox 932 1838 1002 1891; x_wconf 87' lang='lat' dir='ltr'>ad</span> <span class='ocrx_word' id='word_1_162' title='bbox 1028 1836 1178 1891; x_wconf 84' lang='lat' dir='ltr'>viam</span> <span class='ocrx_word' id='word_1_163' title='bbox 1214 1837 1361 1908; x_wconf 17' lang='lat' dir='ltr'>A[leg.</span> <span class='ocrx_word' id='word_1_164' title='bbox 1414 1837 1555 1906; x_wconf 67' lang='lat' dir='ltr'>vitai]</span> <span class='ocrx_word' id='word_1_165' title='bbox 1583 1907 1587 1908; x_wconf 12' lang='grc' dir='ltr'>ί</span> <span class='ocrx_word' id='word_1_166' title='bbox 1613 1852 1798 1908; x_wconf 83' lang='lat' dir='ltr'>sacra-</span> 
     </span>
    </p>
   </div>
   <div class='ocr_carea' id='block_1_24' title="bbox 150 1906 1796 1979">
    <p class='ocr_par' dir='ltr' id='par_1_24' title="bbox 150 1906 1796 1979">
     <span class='ocr_line' id='line_1_24' title="bbox 150 1906 1796 1979; baseline -0.001 -15"><span class='ocrx_word' id='word_1_167' title='bbox 150 1916 343 1964; x_wconf 88' lang='lat' dir='ltr'>menta</span> <span class='ocrx_word' id='word_1_168' title='bbox 365 1906 685 1964; x_wconf 82' lang='lat' dir='ltr'>currentem</span> <span class='ocrx_word' id='word_1_169' title='bbox 711 1907 767 1962; x_wconf 90' lang='lat' dir='ltr'>in</span> <span class='ocrx_word' id='word_1_170' title='bbox 802 1907 1065 1979; x_wconf 59' lang='lat' dir='ltr'>praise-nti</span> <span class='ocrx_word' id='word_1_171' title='bbox 1098 1906 1407 1979; x_wconf 79' lang='lat' dir='ltr'>festivitate</span> <span class='ocrx_word' id='word_1_172' title='bbox 1453 1906 1796 1979; x_wconf 78' lang='lat' dir='ltr'>confessoris</span> 
     </span>
    </p>
   </div>
   <div class='ocr_carea' id='block_1_25' title="bbox 152 1977 1796 2051">
    <p class='ocr_par' dir='ltr' id='par_1_25' title="bbox 152 1977 1796 2051">
     <span class='ocr_line' id='line_1_25' title="bbox 152 1977 1796 2051; baseline -0.002 -16"><span class='ocrx_word' id='word_1_173' title='bbox 152 1982 228 2035; x_wconf 87' lang='lat' dir='ltr'>tui</span> <span class='ocrx_word' id='word_1_174' title='bbox 257 1984 424 2051; x_wconf 88' lang='lat' dir='ltr'>atque</span> <span class='ocrx_word' id='word_1_175' title='bbox 451 1980 733 2051; x_wconf 89' lang='lat' dir='ltr'>pontiﬁcis</span> <span class='ocrx_word' id='word_1_176' title='bbox 758 1977 1006 2042; x_wconf 73' lang='lat' dir='ltr'>Martini,</span> <span class='ocrx_word' id='word_1_177' title='bbox 1053 1980 1207 2049; x_wconf 90' lang='lat' dir='ltr'>quod</span> <span class='ocrx_word' id='word_1_178' title='bbox 1256 1977 1375 2049; x_wconf 87' lang='lat' dir='ltr'>[leg.</span> <span class='ocrx_word' id='word_1_179' title='bbox 1429 1982 1490 2033; x_wconf 92' lang='lat' dir='ltr'>ut</span> <span class='ocrx_word' id='word_1_180' title='bbox 1518 1979 1691 2051; x_wconf 84' lang='lat' dir='ltr'>quod]</span> <span class='ocrx_word' id='word_1_181' title='bbox 1736 1978 1796 2032; x_wconf 90' lang='lat' dir='ltr'>in</span> 
     </span>
    </p>
   </div>
   <div class='ocr_carea' id='block_1_26' title="bbox 152 2050 1795 2119">
    <p class='ocr_par' dir='ltr' id='par_1_26' title="bbox 152 2050 1795 2119">
     <span class='ocr_line' id='line_1_26' title="bbox 152 2050 1795 2119; baseline -0.001 -13"><span class='ocrx_word' id='word_1_182' title='bbox 152 2050 359 2107; x_wconf 80' lang='lat' dir='ltr'>honore</span> <span class='ocrx_word' id='word_1_183' title='bbox 384 2050 635 2105; x_wconf 83' lang='lat' dir='ltr'>nominis</span> <span class='ocrx_word' id='word_1_184' title='bbox 656 2051 739 2105; x_wconf 89' lang='lat' dir='ltr'>tui</span> <span class='ocrx_word' id='word_1_185' title='bbox 760 2052 1107 2115; x_wconf 88' lang='lat' dir='ltr'>detulerunt,</span> <span class='ocrx_word' id='word_1_186' title='bbox 1144 2051 1363 2103; x_wconf 90' lang='lat' dir='ltr'>cunctis</span> <span class='ocrx_word' id='word_1_187' title='bbox 1392 2050 1571 2119; x_wconf 87' lang='lat' dir='ltr'>prosit</span> <span class='ocrx_word' id='word_1_188' title='bbox 1598 2051 1670 2104; x_wconf 92' lang='lat' dir='ltr'>ad</span> <span class='ocrx_word' id='word_1_189' title='bbox 1704 2065 1795 2104; x_wconf 87' lang='lat' dir='ltr'>ve-</span> 
     </span>
    </p>
   </div>
   <div class='ocr_carea' id='block_1_27' title="bbox 152 2120 1796 2193">
    <p class='ocr_par' dir='ltr' id='par_1_27' title="bbox 152 2120 1796 2193">
     <span class='ocr_line' id='line_1_27' title="bbox 152 2120 1796 2193; baseline -0.002 -15"><span class='ocrx_word' id='word_1_190' title='bbox 152 2124 324 2178; x_wconf 83' lang='lat' dir='ltr'>niam.</span> <span class='ocrx_word' id='word_1_191' title='bbox 372 2123 635 2193; x_wconf 69' lang='lat' dir='ltr'>Prw/atto</span> <span class='ocrx_word' id='word_1_192' title='bbox 675 2140 691 2175; x_wconf 94' lang='lat'><em>:</em></span> <span class='ocrx_word' id='word_1_193' title='bbox 735 2121 880 2177; x_wconf 81' lang='lat' dir='ltr'>Vere</span> <span class='ocrx_word' id='word_1_194' title='bbox 920 2121 1163 2190; x_wconf 85' lang='lat' dir='ltr'>dignum</span> <span class='ocrx_word' id='word_1_195' title='bbox 1190 2125 1247 2176; x_wconf 89' lang='lat' dir='ltr'>et</span> <span class='ocrx_word' id='word_1_196' title='bbox 1267 2121 1493 2191; x_wconf 88' lang='lat' dir='ltr'>justum</span> <span class='ocrx_word' id='word_1_197' title='bbox 1536 2126 1642 2176; x_wconf 90' lang='lat' dir='ltr'>est.</span> <span class='ocrx_word' id='word_1_198' title='bbox 1690 2120 1796 2193; x_wconf 83' lang='lat' dir='ltr'>Qui</span> 
     </span>
    </p>
   </div>
   <div class='ocr_carea' id='block_1_28' title="bbox 151 2192 1798 2262">
    <p class='ocr_par' dir='ltr' id='par_1_28' title="bbox 151 2192 1798 2262">
     <span class='ocr_line' id='line_1_28' title="bbox 151 2192 1798 2262; baseline -0.002 -12"><span class='ocrx_word' id='word_1_199' title='bbox 151 2196 371 2250; x_wconf 85' lang='lat' dir='ltr'>beatum</span> <span class='ocrx_word' id='word_1_200' title='bbox 398 2192 711 2248; x_wconf 83' lang='lat' dir='ltr'>Martinam</span> <span class='ocrx_word' id='word_1_201' title='bbox 733 2193 1122 2247; x_wconf 85' lang='lat' dir='ltr'>confessorem</span> <span class='ocrx_word' id='word_1_202' title='bbox 1155 2196 1317 2245; x_wconf 90' lang='lat' dir='ltr'>tuum</span> <span class='ocrx_word' id='word_1_203' title='bbox 1366 2196 1535 2262; x_wconf 88' lang='lat' dir='ltr'>atque</span> <span class='ocrx_word' id='word_1_204' title='bbox 1572 2192 1798 2262; x_wconf 86' lang='lat' dir='ltr'>pontiﬁ-</span> 
     </span>
    </p>
   </div>
   <div class='ocr_carea' id='block_1_29' title="bbox 148 2262 1796 2335">
    <p class='ocr_par' dir='ltr' id='par_1_29' title="bbox 148 2262 1796 2335">
     <span class='ocr_line' id='line_1_29' title="bbox 148 2262 1796 2335; baseline -0.002 -14"><span class='ocrx_word' id='word_1_205' title='bbox 148 2283 268 2321; x_wconf 84' lang='lat' dir='ltr'>cem</span> <span class='ocrx_word' id='word_1_206' title='bbox 299 2265 551 2320; x_wconf 61' lang='lat' dir='ltr'>laetiﬁcas</span> <span class='ocrx_word' id='word_1_207' title='bbox 576 2264 634 2319; x_wconf 90' lang='lat' dir='ltr'>in</span> <span class='ocrx_word' id='word_1_208' title='bbox 657 2263 1111 2335; x_wconf 87' lang='lat' dir='ltr'>regeneratione,</span> <span class='ocrx_word' id='word_1_209' title='bbox 1146 2262 1215 2335; x_wconf 86' lang='lat' dir='ltr'>in</span> <span class='ocrx_word' id='word_1_210' title='bbox 1251 2263 1601 2335; x_wconf 82' lang='lat' dir='ltr'>beatitudine</span> <span class='ocrx_word' id='word_1_211' title='bbox 1647 2280 1796 2335; x_wconf 86' lang='lat' dir='ltr'>sem-</span> 
     </span>
    </p>
   </div>
   <div class='ocr_carea' id='block_1_30' title="bbox 149 2333 1797 2408">
    <p class='ocr_par' dir='ltr' id='par_1_30' title="bbox 149 2333 1797 2408">
     <span class='ocr_line' id='line_1_30' title="bbox 149 2333 1797 2408; baseline -0.001 -17"><span class='ocrx_word' id='word_1_212' title='bbox 149 2338 367 2408; x_wconf 84' lang='lat' dir='ltr'>piterno</span> <span class='ocrx_word' id='word_1_213' title='bbox 397 2336 530 2408; x_wconf 87' lang='lat' dir='ltr'>ﬁne.</span> <span class='ocrx_word' id='word_1_214' title='bbox 564 2340 625 2390; x_wconf 90' lang='lat' dir='ltr'>ut</span> <span class='ocrx_word' id='word_1_215' title='bbox 645 2333 840 2408; x_wconf 71' lang='lat' dir='ltr'>omnia</span> <span class='ocrx_word' id='word_1_216' title='bbox 860 2334 1037 2408; x_wconf 83' lang='lat' dir='ltr'>possit</span> <span class='ocrx_word' id='word_1_217' title='bbox 1064 2334 1259 2389; x_wconf 90' lang='lat' dir='ltr'>videre</span> <span class='ocrx_word' id='word_1_218' title='bbox 1305 2335 1364 2408; x_wconf 83' lang='lat' dir='ltr'>in</span> <span class='ocrx_word' id='word_1_219' title='bbox 1395 2338 1500 2408; x_wconf 83' lang='lat' dir='ltr'>tua</span> <span class='ocrx_word' id='word_1_220' title='bbox 1535 2333 1797 2408; x_wconf 77' lang='lat' dir='ltr'>claritate</span> 
     </span>
    </p>
   </div>
   <div class='ocr_carea' id='block_1_31' title="bbox 146 2404 1799 2485">
    <p class='ocr_par' dir='ltr' id='par_1_31' title="bbox 146 2404 1799 2485">
     <span class='ocr_line' id='line_1_31' title="bbox 146 2404 1799 2485; baseline -0.002 -22"><span class='ocrx_word' id='word_1_221' title='bbox 146 2404 273 2463; x_wconf 74' lang='lat' dir='ltr'>cum</span> <span class='ocrx_word' id='word_1_222' title='bbox 290 2407 581 2485; x_wconf 63' lang='lat' dir='ltr'>omnibus</span> <span class='ocrx_word' id='word_1_223' title='bbox 598 2406 841 2485; x_wconf 46' lang='lat' dir='ltr'>sanctis,</span> <span class='ocrx_word' id='word_1_224' title='bbox 862 2404 966 2485; x_wconf 73' lang='lat' dir='ltr'>ubi</span> <span class='ocrx_word' id='word_1_225' title='bbox 995 2405 1377 2485; x_wconf 76' lang='lat' dir='ltr'>temperantia</span> <span class='ocrx_word' id='word_1_226' title='bbox 1419 2404 1711 2485; x_wconf 74' lang='lat' dir='ltr'>spiritalis,</span> <span class='ocrx_word' id='word_1_227' title='bbox 1737 2409 1799 2485; x_wconf 72' lang='lat' dir='ltr'>et</span> 
     </span>
    </p>
   </div>
   <div class='ocr_carea' id='block_1_32' title="bbox 146 2476 1799 2548">
    <p class='ocr_par' dir='ltr' id='par_1_32' title="bbox 146 2476 1799 2548">
     <span class='ocr_line' id='line_1_32' title="bbox 146 2476 1799 2548; baseline -0.001 -15"><span class='ocrx_word' id='word_1_228' title='bbox 146 2478 397 2534; x_wconf 74' lang='lat' dir='ltr'>suavitas</span> <span class='ocrx_word' id='word_1_229' title='bbox 417 2477 719 2542; x_wconf 85' lang='lat' dir='ltr'>mirabilis,</span> <span class='ocrx_word' id='word_1_230' title='bbox 753 2476 846 2548; x_wconf 88' lang='lat' dir='ltr'>ubi</span> <span class='ocrx_word' id='word_1_231' title='bbox 872 2476 1235 2548; x_wconf 80' lang='lat' dir='ltr'>refrigerium</span> <span class='ocrx_word' id='word_1_232' title='bbox 1267 2476 1636 2548; x_wconf 50' lang='lat' dir='ltr'>mirabileLet</span> <span class='ocrx_word' id='word_1_233' title='bbox 1660 2476 1799 2531; x_wconf 59' lang='lat' dir='ltr'>lasti-</span> 
     </span>
    </p>
   </div>
   <div class='ocr_carea' id='block_1_33' title="bbox 146 2546 1798 2618">
    <p class='ocr_par' dir='ltr' id='par_1_33' title="bbox 146 2546 1798 2618">
     <span class='ocr_line' id='line_1_33' title="bbox 146 2546 1798 2618; baseline -0.001 -14"><span class='ocrx_word' id='word_1_234' title='bbox 146 2551 225 2605; x_wconf 83' lang='lat' dir='ltr'>tia</span> <span class='ocrx_word' id='word_1_235' title='bbox 268 2548 693 2613; x_wconf 82' lang='lat' dir='ltr'>inenarrabilis,</span> <span class='ocrx_word' id='word_1_236' title='bbox 744 2547 839 2602; x_wconf 88' lang='lat' dir='ltr'>ubi</span> <span class='ocrx_word' id='word_1_237' title='bbox 888 2546 1195 2618; x_wconf 60' lang='lat' dir='ltr'>praesentia</span> <span class='ocrx_word' id='word_1_238' title='bbox 1232 2546 1498 2603; x_wconf 89' lang='lat' dir='ltr'>salutaris</span> <span class='ocrx_word' id='word_1_239' title='bbox 1543 2546 1667 2602; x_wconf 85' lang='lat' dir='ltr'>Filii</span> <span class='ocrx_word' id='word_1_240' title='bbox 1716 2548 1798 2602; x_wconf 89' lang='lat' dir='ltr'>tui</span> 
     </span>
    </p>
   </div>
   <div class='ocr_carea' id='block_1_34' title="bbox 149 2618 1794 2690">
    <p class='ocr_par' dir='ltr' id='par_1_34' title="bbox 149 2618 1794 2690">
     <span class='ocr_line' id='line_1_34' title="bbox 149 2618 1794 2690; baseline -0.001 -15"><span class='ocrx_word' id='word_1_241' title='bbox 149 2620 376 2676; x_wconf 85' lang='lat' dir='ltr'>Domini</span> <span class='ocrx_word' id='word_1_242' title='bbox 404 2620 606 2685; x_wconf 86' lang='lat' dir='ltr'>nostri,</span> <span class='ocrx_word' id='word_1_243' title='bbox 631 2619 689 2673; x_wconf 90' lang='lat' dir='ltr'>in</span> <span class='ocrx_word' id='word_1_244' title='bbox 709 2636 823 2689; x_wconf 90' lang='lat' dir='ltr'>quo</span> <span class='ocrx_word' id='word_1_245' title='bbox 848 2636 1073 2689; x_wconf 87' lang='lat' dir='ltr'>semper</span> <span class='ocrx_word' id='word_1_246' title='bbox 1095 2618 1353 2674; x_wconf 68' lang='lat' dir='ltr'>ltetantes</span> <span class='ocrx_word' id='word_1_247' title='bbox 1370 2618 1643 2690; x_wconf 89' lang='lat' dir='ltr'>proﬁcere</span> <span class='ocrx_word' id='word_1_248' title='bbox 1675 2619 1794 2690; x_wconf 90' lang='lat' dir='ltr'>[leg.</span> 
     </span>
    </p>
   </div>
   <div class='ocr_carea' id='block_1_35' title="bbox 147 2690 1796 2771">
    <p class='ocr_par' dir='ltr' id='par_1_35' title="bbox 147 2690 1796 2771">
     <span class='ocr_line' id='line_1_35' title="bbox 147 2690 1796 2771; baseline -0.002 -24"><span class='ocrx_word' id='word_1_249' title='bbox 147 2692 488 2771; x_wconf 68' lang='lat' dir='ltr'>prospicere]</span> <span class='ocrx_word' id='word_1_250' title='bbox 512 2690 848 2771; x_wconf 65' lang='lat' dir='ltr'>desiderant</span> <span class='ocrx_word' id='word_1_251' title='bbox 874 2690 1063 2771; x_wconf 60' lang='lat' dir='ltr'>angeli</span> <span class='ocrx_word' id='word_1_252' title='bbox 1089 2690 1368 2771; x_wconf 65' lang='lat' dir='ltr'>adorant.</span> <span class='ocrx_word' id='word_1_253' title='bbox 1412 2690 1500 2744; x_wconf 77' lang='lat' dir='ltr'>Ad</span> <span class='ocrx_word' id='word_1_254' title='bbox 1527 2690 1796 2771; x_wconf 70' lang='lat' dir='ltr'>Complen-</span> 
     </span>
    </p>
   </div>
   <div class='ocr_carea' id='block_1_36' title="bbox 144 2760 1801 2833">
    <p class='ocr_par' dir='ltr' id='par_1_36' title="bbox 144 2760 1801 2833">
     <span class='ocr_line' id='line_1_36' title="bbox 144 2760 1801 2833; baseline 0 -18"><span class='ocrx_word' id='word_1_255' title='bbox 144 2760 309 2817; x_wconf 59' lang='lat' dir='ltr'>dum}</span> <span class='ocrx_word' id='word_1_256' title='bbox 332 2760 556 2817; x_wconf 81' lang='lat' dir='ltr'>Gratias</span> <span class='ocrx_word' id='word_1_257' title='bbox 568 2762 792 2832; x_wconf 85' lang='lat' dir='ltr'>agimus</span> <span class='ocrx_word' id='word_1_258' title='bbox 806 2760 977 2833; x_wconf 69' lang='grc'>407</span> <span class='ocrx_word' id='word_1_259' title='bbox 1003 2761 1125 2823; x_wconf 91' lang='lat' dir='ltr'>tibi,</span> <span class='ocrx_word' id='word_1_260' title='bbox 1143 2761 1384 2816; x_wconf 90' lang='lat' dir='ltr'>Domine</span> <span class='ocrx_word' id='word_1_261' title='bbox 1395 2767 1608 2829; x_wconf 88' lang='lat' dir='ltr'>sancte,</span> <span class='ocrx_word' id='word_1_262' title='bbox 1631 2763 1801 2816; x_wconf 86' lang='lat' dir='ltr'>Pater</span> 
     </span>
    </p>
   </div>
   <div class='ocr_carea' id='block_1_37' title="bbox 146 2832 1797 2905">
    <p class='ocr_par' dir='ltr' id='par_1_37' title="bbox 146 2832 1797 2905">
     <span class='ocr_line' id='line_1_37' title="bbox 146 2832 1797 2905; baseline -0.001 -17"><span class='ocrx_word' id='word_1_263' title='bbox 146 2835 532 2905; x_wconf 85' lang='lat' dir='ltr'>omnipotens,</span> <span class='ocrx_word' id='word_1_264' title='bbox 566 2833 661 2903; x_wconf 89' lang='lat' dir='ltr'>qui</span> <span class='ocrx_word' id='word_1_265' title='bbox 691 2850 792 2887; x_wconf 94' lang='lat' dir='ltr'>nos</span> <span class='ocrx_word' id='word_1_266' title='bbox 813 2832 1030 2888; x_wconf 74' lang='lat' dir='ltr'>cmlesti</span> <span class='ocrx_word' id='word_1_267' title='bbox 1054 2833 1275 2888; x_wconf 86' lang='lat' dir='ltr'>medela</span> <span class='ocrx_word' id='word_1_268' title='bbox 1304 2849 1572 2905; x_wconf 84' lang='lat' dir='ltr'>reparare</span> <span class='ocrx_word' id='word_1_269' title='bbox 1601 2833 1797 2903; x_wconf 88' lang='lat' dir='ltr'>digna-</span> 
     </span>
    </p>
   </div>
   <div class='ocr_carea' id='block_1_38' title="bbox 144 2903 1799 2975">
    <p class='ocr_par' dir='ltr' id='par_1_38' title="bbox 144 2903 1799 2975">
     <span class='ocr_line' id='line_1_38' title="bbox 144 2903 1799 2975; baseline -0.001 -16"><span class='ocrx_word' id='word_1_270' title='bbox 144 2911 235 2959; x_wconf 78' lang='lat' dir='ltr'>tus</span> <span class='ocrx_word' id='word_1_271' title='bbox 263 2903 349 2969; x_wconf 74' lang='lat' dir='ltr'>es,</span> <span class='ocrx_word' id='word_1_272' title='bbox 380 2907 449 2959; x_wconf 91' lang='lat' dir='ltr'>de</span> <span class='ocrx_word' id='word_1_273' title='bbox 472 2905 711 2975; x_wconf 86' lang='lat' dir='ltr'>peccatis</span> <span class='ocrx_word' id='word_1_274' title='bbox 740 2905 955 2975; x_wconf 82' lang='lat' dir='ltr'>nostris</span> <span class='ocrx_word' id='word_1_275' title='bbox 986 2905 1235 2966; x_wconf 84' lang='lat' dir='ltr'>veniam,</span> <span class='ocrx_word' id='word_1_276' title='bbox 1279 2903 1424 2957; x_wconf 89' lang='lat' dir='ltr'>sicut</span> <span class='ocrx_word' id='word_1_277' title='bbox 1452 2905 1616 2958; x_wconf 88' lang='lat' dir='ltr'>beato</span> <span class='ocrx_word' id='word_1_278' title='bbox 1653 2905 1799 2958; x_wconf 86' lang='lat' dir='ltr'>Mar-</span> 
     </span>
    </p>
   </div>
   <div class='ocr_carea' id='block_1_39' title="bbox 143 2974 1788 3045">
    <p class='ocr_par' dir='ltr' id='par_1_39' title="bbox 143 2974 1788 3045">
     <span class='ocr_line' id='line_1_39' title="bbox 143 2974 1788 3045; baseline -0.001 -14"><span class='ocrx_word' id='word_1_279' title='bbox 143 2978 265 3031; x_wconf 85' lang='lat' dir='ltr'>tino</span> <span class='ocrx_word' id='word_1_280' title='bbox 295 2976 607 3031; x_wconf 83' lang='lat' dir='ltr'>confessori</span> <span class='ocrx_word' id='word_1_281' title='bbox 630 2982 725 3030; x_wconf 90' lang='lat' dir='ltr'>tuo</span> <span class='ocrx_word' id='word_1_282' title='bbox 755 2974 963 3029; x_wconf 84' lang='lat' dir='ltr'>dedisti</span> <span class='ocrx_word' id='word_1_283' title='bbox 987 2975 1180 3029; x_wconf 88' lang='lat' dir='ltr'>sedem</span> <span class='ocrx_word' id='word_1_284' title='bbox 1223 2975 1609 3045; x_wconf 87' lang='lat' dir='ltr'>pontiﬁcatus.</span> <span class='ocrx_word' id='word_1_285' title='bbox 1663 2976 1788 3030; x_wconf 92' lang='lat' dir='ltr'>Per.</span> 
     </span>
    </p>
   </div>
   <div class='ocr_carea' id='block_1_40' title="bbox 212 3045 1798 3127">
    <p class='ocr_par' dir='ltr' id='par_1_40' title="bbox 212 3045 1798 3127">
     <span class='ocr_line' id='line_1_40' title="bbox 212 3045 1798 3127; baseline 0 -27"><span class='ocrx_word' id='word_1_286' title='bbox 381 3048 595 3127; x_wconf 42' lang='lat' dir='ltr'>Septem.</span> <span class='ocrx_word' id='word_1_287' title='bbox 609 3049 880 3127; x_wconf 78' lang='lat' dir='ltr'>fratrum.</span> <span class='ocrx_word' id='word_1_288' title='bbox 925 3045 1201 3127; x_wconf 72' lang='lat' dir='ltr'>Filiorum</span> <span class='ocrx_word' id='word_1_289' title='bbox 1243 3052 1453 3127; x_wconf 69' lang='lat' dir='ltr'>sancta:</span> <span class='ocrx_word' id='word_1_290' title='bbox 1494 3046 1798 3127; x_wconf 64' lang='lat' dir='ltr'>Felicitatis</span> 
     </span>
    </p>
   </div>
   <div class='ocr_carea' id='block_1_41' title="bbox 1899 449 3542 524">
    <p class='ocr_par' dir='ltr' id='par_1_41' title="bbox 1899 449 3542 524">
     <span class='ocr_line' id='line_1_41' title="bbox 1899 449 3542 524; baseline 0.005 -21"><span class='ocrx_word' id='word_1_291' title='bbox 1899 449 2201 524; x_wconf 79' lang='lat' dir='ltr'>tercedente</span> <span class='ocrx_word' id='word_1_292' title='bbox 2215 450 2365 524; x_wconf 83' lang='lat' dir='ltr'>beato</span> <span class='ocrx_word' id='word_1_293' title='bbox 2388 454 2687 524; x_wconf 78' lang='lat' dir='ltr'>confessore</span> <span class='ocrx_word' id='word_1_294' title='bbox 2705 458 2795 507; x_wconf 91' lang='lat' dir='ltr'>tuo</span> <span class='ocrx_word' id='word_1_295' title='bbox 2820 449 3108 507; x_wconf 74' lang='lat' dir='ltr'>Benedicto</span> <span class='ocrx_word' id='word_1_296' title='bbox 3151 461 3307 524; x_wconf 88' lang='lat' dir='ltr'>atque</span> <span class='ocrx_word' id='word_1_297' title='bbox 3335 456 3542 522; x_wconf 84' lang='lat' dir='ltr'>abbate,</span> 
     </span>
    </p>
   </div>
   <div class='ocr_carea' id='block_1_42' title="bbox 1892 521 3545 646">
    <p class='ocr_par' dir='ltr' id='par_1_42' title="bbox 1892 521 3545 646">
     <span class='ocr_line' id='line_1_42' title="bbox 1892 521 3545 646; baseline 0.006 -73"><span class='ocrx_word' id='word_1_298' title='bbox 1892 537 2009 645; x_wconf 50' lang='lat' dir='ltr'>23m</span> <span class='ocrx_word' id='word_1_299' title='bbox 2023 531 2130 646; x_wconf 55' lang='lat'>1;&quot;;</span> <span class='ocrx_word' id='word_1_300' title='bbox 2162 521 2314 576; x_wconf 87' lang='lat' dir='ltr'>illius</span> <span class='ocrx_word' id='word_1_301' title='bbox 2344 521 2640 578; x_wconf 80' lang='lat' dir='ltr'>venerando</span> <span class='ocrx_word' id='word_1_302' title='bbox 2681 526 2889 595; x_wconf 79' lang='lat' dir='ltr'>agimus</span> <span class='ocrx_word' id='word_1_303' title='bbox 2916 524 3065 579; x_wconf 85' lang='lat' dir='ltr'>obitu</span> <span class='ocrx_word' id='word_1_304' title='bbox 3090 521 3240 579; x_wconf 77' lang='lat' dir='ltr'>nobis</span> <span class='ocrx_word' id='word_1_305' title='bbox 3254 521 3545 597; x_wconf 80' lang='lat' dir='ltr'>proﬁciant</span> 
     </span>
     <span class='ocr_line' id='line_1_43' title="bbox 1988 608 3345 646; baseline 0.008 -3"><span class='ocrx_word' id='word_1_306' title='bbox 1988 608 2047 645; x_wconf 88' lang='lat' dir='ltr'>sa</span> <span class='ocrx_word' id='word_1_307' title='bbox 2064 609 2108 645; x_wconf 25' lang='lat' dir='ltr'>Au</span> <span class='ocrx_word' id='word_1_308' title='bbox 2133 609 2233 646; x_wconf 90' lang='lat' dir='ltr'>em.</span> <span class='ocrx_word' id='word_1_309' title='bbox 3341 621 3345 627; x_wconf 70' lang='grc'><em>’</em></span> 
     </span>
    </p>
   </div>
   <div class='ocr_carea' id='block_1_43' title="bbox 1988 608 3345 647">
    <p class='ocr_par' dir='ltr' id='par_1_43' title="bbox 1988 608 3345 647">
     <span class='ocr_line' id='line_1_44' title="bbox 1988 608 3345 647; baseline 0.003 -4"><span class='ocrx_word' id='word_1_310' title='bbox 1988 608 2233 647; x_wconf 83' lang='lat' dir='ltr'>salutem.</span> <span class='ocrx_word' id='word_1_311' title='bbox 3341 621 3345 627; x_wconf 85' lang='lat'><strong><em>&#39;</em></strong></span> 
     </span>
    </p>
   </div>
   <div class='ocr_carea' id='block_1_44' title="bbox 1968 664 3548 727">
    <p class='ocr_par' dir='ltr' id='par_1_44' title="bbox 1968 664 3548 727">
     <span class='ocr_line' id='line_1_45' title="bbox 1968 664 3548 727; baseline 0.005 -11"><span class='ocrx_word' id='word_1_312' title='bbox 1968 664 2156 727; x_wconf 87' lang='lat' dir='ltr'>Quare</span> <span class='ocrx_word' id='word_1_313' title='bbox 2181 664 2472 721; x_wconf 90' lang='lat' dir='ltr'>sciendum</span> <span class='ocrx_word' id='word_1_314' title='bbox 2505 669 2590 721; x_wconf 89' lang='lat' dir='ltr'>est</span> <span class='ocrx_word' id='word_1_315' title='bbox 2618 666 2749 720; x_wconf 88' lang='lat' dir='ltr'>olim</span> <span class='ocrx_word' id='word_1_316' title='bbox 2776 666 2834 720; x_wconf 90' lang='lat' dir='ltr'>in</span> <span class='ocrx_word' id='word_1_317' title='bbox 2861 666 2952 721; x_wconf 90' lang='lat' dir='ltr'>die</span> <span class='ocrx_word' id='word_1_318' title='bbox 2996 667 3391 724; x_wconf 84' lang='lat' dir='ltr'>translationis</span> <span class='ocrx_word' id='word_1_319' title='bbox 3419 668 3548 725; x_wconf 85' lang='lat' dir='ltr'>reli-</span> 
     </span>
    </p>
   </div>
   <div class='ocr_carea' id='block_1_45' title="bbox 1897 734 3550 808">
    <p class='ocr_par' dir='ltr' id='par_1_45' title="bbox 1897 734 3550 808">
     <span class='ocr_line' id='line_1_46' title="bbox 1897 734 3550 808; baseline 0.005 -21"><span class='ocrx_word' id='word_1_320' title='bbox 1897 735 2163 808; x_wconf 84' lang='lat' dir='ltr'>quiarum</span> <span class='ocrx_word' id='word_1_321' title='bbox 2195 736 2347 808; x_wconf 87' lang='lat' dir='ltr'>diem</span> <span class='ocrx_word' id='word_1_322' title='bbox 2375 737 2744 808; x_wconf 86' lang='lat' dir='ltr'>depositionis</span> <span class='ocrx_word' id='word_1_323' title='bbox 2772 734 3124 792; x_wconf 87' lang='lat' dir='ltr'>celebratum</span> <span class='ocrx_word' id='word_1_324' title='bbox 3171 739 3362 805; x_wconf 89' lang='lat' dir='ltr'>fuisse,</span> <span class='ocrx_word' id='word_1_325' title='bbox 3389 742 3550 796; x_wconf 87' lang='lat' dir='ltr'>nulla</span> 
     </span>
    </p>
   </div>
   <div class='ocr_carea' id='block_1_46' title="bbox 1897 806 3547 872">
    <p class='ocr_par' dir='ltr' id='par_1_46' title="bbox 1897 806 3547 872">
     <span class='ocr_line' id='line_1_47' title="bbox 1897 806 3547 872; baseline 0.005 -13"><span class='ocrx_word' id='word_1_326' title='bbox 1897 806 2292 861; x_wconf 83' lang='lat' dir='ltr'>translationis</span> <span class='ocrx_word' id='word_1_327' title='bbox 2326 806 2477 862; x_wconf 80' lang='lat' dir='ltr'>facta</span> <span class='ocrx_word' id='word_1_328' title='bbox 2506 810 2822 872; x_wconf 87' lang='lat' dir='ltr'>mentione,</span> <span class='ocrx_word' id='word_1_329' title='bbox 2847 814 2909 862; x_wconf 92' lang='lat' dir='ltr'>ut</span> <span class='ocrx_word' id='word_1_330' title='bbox 2955 808 3108 864; x_wconf 87' lang='lat' dir='ltr'>infra</span> <span class='ocrx_word' id='word_1_331' title='bbox 3153 811 3437 866; x_wconf 86' lang='lat' dir='ltr'>videbitur</span> <span class='ocrx_word' id='word_1_332' title='bbox 3488 812 3547 867; x_wconf 89' lang='lat' dir='ltr'>in</span> 
     </span>
    </p>
   </div>
   <div class='ocr_carea' id='block_1_47' title="bbox 1899 878 3549 953">
    <p class='ocr_par' dir='ltr' id='par_1_47' title="bbox 1899 878 3549 953">
     <span class='ocr_line' id='line_1_48' title="bbox 1899 878 3549 953; baseline 0.005 -23"><span class='ocrx_word' id='word_1_333' title='bbox 1899 878 2374 953; x_wconf 75' lang='lat' dir='ltr'>translationibus</span> <span class='ocrx_word' id='word_1_334' title='bbox 2417 879 3023 953; x_wconf 22' lang='lat' dir='ltr'>sanctorumﬂttemigii</span> <span class='ocrx_word' id='word_1_335' title='bbox 3072 884 3129 953; x_wconf 80' lang='lat' dir='ltr'>et</span> <span class='ocrx_word' id='word_1_336' title='bbox 3173 881 3448 953; x_wconf 79' lang='lat' dir='ltr'>Vedasti;</span> <span class='ocrx_word' id='word_1_337' title='bbox 3483 900 3549 938; x_wconf 89' lang='lat' dir='ltr'>ac</span> 
     </span>
    </p>
   </div>
   <div class='ocr_carea' id='block_1_48' title="bbox 1900 948 3548 1022">
    <p class='ocr_par' dir='ltr' id='par_1_48' title="bbox 1900 948 3548 1022">
     <span class='ocr_line' id='line_1_49' title="bbox 1900 948 3548 1022; baseline 0.005 -22"><span class='ocrx_word' id='word_1_338' title='bbox 1900 948 2139 1022; x_wconf 83' lang='lat' dir='ltr'>proinde</span> <span class='ocrx_word' id='word_1_339' title='bbox 2192 950 2492 1006; x_wconf 87' lang='lat' dir='ltr'>Orationes</span> <span class='ocrx_word' id='word_1_340' title='bbox 2540 951 2659 1006; x_wconf 82' lang='lat' dir='ltr'>sive</span> <span class='ocrx_word' id='word_1_341' title='bbox 2711 951 2880 1005; x_wconf 85' lang='lat' dir='ltr'>Missa</span> <span class='ocrx_word' id='word_1_342' title='bbox 2941 948 3198 1020; x_wconf 82' lang='lat' dir='ltr'>superius</span> <span class='ocrx_word' id='word_1_343' title='bbox 3256 948 3548 1022; x_wconf 68' lang='lat' dir='ltr'>productas</span> 
     </span>
    </p>
   </div>
   <div class='ocr_carea' id='block_1_49' title="bbox 1901 1018 3659 1099">
    <p class='ocr_par' dir='ltr' id='par_1_49' title="bbox 1901 1018 3659 1099">
     <span class='ocr_line' id='line_1_50' title="bbox 1901 1018 3659 1099; baseline 0.003 -26"><span class='ocrx_word' id='word_1_344' title='bbox 1901 1018 2239 1099; x_wconf 65' lang='lat' dir='ltr'>opinionem</span> <span class='ocrx_word' id='word_1_345' title='bbox 2279 1022 2349 1099; x_wconf 77' lang='lat' dir='ltr'>de</span> <span class='ocrx_word' id='word_1_346' title='bbox 2396 1022 2771 1077; x_wconf 89' lang='lat' dir='ltr'>translatione</span> <span class='ocrx_word' id='word_1_347' title='bbox 2800 1018 3077 1099; x_wconf 75' lang='lat' dir='ltr'>corporis</span> <span class='ocrx_word' id='word_1_348' title='bbox 3113 1018 3310 1099; x_wconf 74' lang='lat' dir='ltr'>sancti</span> <span class='ocrx_word' id='word_1_349' title='bbox 3376 1026 3551 1079; x_wconf 88' lang='lat' dir='ltr'>Bene—</span> <span class='ocrx_word' id='word_1_350' title='bbox 3650 1088 3659 1089; x_wconf 19' lang='grc' dir='ltr'>ί</span> 
     </span>
    </p>
   </div>
   <div class='ocr_carea' id='block_1_50' title="bbox 1900 1090 3552 1149">
    <p class='ocr_par' dir='ltr' id='par_1_50' title="bbox 1900 1090 3552 1149">
     <span class='ocr_line' id='line_1_51' title="bbox 1900 1090 3552 1149; baseline 0.004 -7"><span class='ocrx_word' id='word_1_351' title='bbox 1900 1090 2034 1144; x_wconf 88' lang='lat' dir='ltr'>dicti</span> <span class='ocrx_word' id='word_1_352' title='bbox 2087 1090 2143 1144; x_wconf 92' lang='lat' dir='ltr'>in</span> <span class='ocrx_word' id='word_1_353' title='bbox 2177 1092 2536 1148; x_wconf 79' lang='lat' dir='ltr'>Floriacense</span> <span class='ocrx_word' id='word_1_354' title='bbox 2586 1090 3000 1148; x_wconf 79' lang='lat' dir='ltr'>monasterium</span> <span class='ocrx_word' id='word_1_355' title='bbox 3051 1093 3396 1149; x_wconf 87' lang='lat' dir='ltr'>labefactare</span> <span class='ocrx_word' id='word_1_356' title='bbox 3436 1110 3552 1149; x_wconf 91' lang='lat' dir='ltr'>non</span> 
     </span>
    </p>
   </div>
   <div class='ocr_carea' id='block_1_51' title="bbox 1898 1163 3552 1285">
    <p class='ocr_par' dir='ltr' id='par_1_51' title="bbox 1898 1163 3552 1285">
     <span class='ocr_line' id='line_1_52' title="bbox 1898 1163 3552 1285; baseline 0.003 -70"><span class='ocrx_word' id='word_1_357' title='bbox 1898 1167 2157 1285; x_wconf 50' lang='lat' dir='ltr'>possunt,</span> <span class='ocrx_word' id='word_1_358' title='bbox 2190 1163 2259 1218; x_wconf 91' lang='lat' dir='ltr'>de</span> <span class='ocrx_word' id='word_1_359' title='bbox 2280 1181 2391 1234; x_wconf 89' lang='lat' dir='ltr'>qua</span> <span class='ocrx_word' id='word_1_360' title='bbox 2414 1165 2535 1219; x_wconf 85' lang='lat' dir='ltr'>fuse</span> <span class='ocrx_word' id='word_1_361' title='bbox 2556 1165 2775 1235; x_wconf 86' lang='lat' dir='ltr'>egimus</span> <span class='ocrx_word' id='word_1_362' title='bbox 2800 1165 2859 1219; x_wconf 90' lang='lat' dir='ltr'>in</span> <span class='ocrx_word' id='word_1_363' title='bbox 2899 1163 3109 1219; x_wconf 86' lang='lat' dir='ltr'>nostris</span> <span class='ocrx_word' id='word_1_364' title='bbox 3139 1165 3552 1220; x_wconf 81' lang='lat' dir='ltr'>observationi-</span> 
     </span>
     <span class='ocr_line' id='line_1_53' title="bbox 1942 1233 3552 1285; baseline 0 0"><span class='ocrx_word' id='word_1_365' title='bbox 1942 1249 2003 1285; x_wconf 92' lang='lat' dir='ltr'>us</span> <span class='ocrx_word' id='word_1_366' title='bbox 2033 1233 2105 1285; x_wconf 86' lang='lat' dir='ltr'>ad</span> <span class='ocrx_word' id='word_1_367' title='bbox 2162 1235 2626 1285; x_wconf 67' lang='lat' dir='ltr'>Martvroloaium</span> <span class='ocrx_word' id='word_1_368' title='bbox 2651 1236 3091 1285; x_wconf 82' lang='lat' dir='ltr'>Benedictinum.</span> <span class='ocrx_word' id='word_1_369' title='bbox 3124 1237 3183 1285; x_wconf 93' lang='lat' dir='ltr'>In</span> <span class='ocrx_word' id='word_1_370' title='bbox 3206 1237 3405 1285; x_wconf 76' lang='lat' dir='ltr'>eodem</span> <span class='ocrx_word' id='word_1_371' title='bbox 3450 1238 3552 1285; x_wconf 79' lang='lat' dir='ltr'>Co-</span> 
     </span>
    </p>
   </div>
   <div class='ocr_carea' id='block_1_52' title="bbox 1942 1233 3555 1313">
    <p class='ocr_par' dir='ltr' id='par_1_52' title="bbox 1942 1233 3555 1313">
     <span class='ocr_line' id='line_1_54' title="bbox 1942 1233 3555 1313; baseline 0.004 -27"><span class='ocrx_word' id='word_1_372' title='bbox 1942 1249 2003 1313; x_wconf 83' lang='lat' dir='ltr'>us</span> <span class='ocrx_word' id='word_1_373' title='bbox 2033 1233 2105 1313; x_wconf 72' lang='lat' dir='ltr'>ad</span> <span class='ocrx_word' id='word_1_374' title='bbox 2144 1233 2627 1313; x_wconf 72' lang='lat' dir='ltr'>Martyrologium</span> <span class='ocrx_word' id='word_1_375' title='bbox 2647 1236 3091 1313; x_wconf 87' lang='lat' dir='ltr'>Benedictinum.</span> <span class='ocrx_word' id='word_1_376' title='bbox 3122 1237 3191 1313; x_wconf 63' lang='grc' dir='ltr'>ΙιιΔ</span> <span class='ocrx_word' id='word_1_377' title='bbox 3200 1237 3409 1313; x_wconf 80' lang='lat' dir='ltr'>eodem</span> <span class='ocrx_word' id='word_1_378' title='bbox 3450 1238 3555 1293; x_wconf 83' lang='lat' dir='ltr'>Co-</span> 
     </span>
    </p>
   </div>
   <div class='ocr_carea' id='block_1_53' title="bbox 1901 1304 3555 1377">
    <p class='ocr_par' dir='ltr' id='par_1_53' title="bbox 1901 1304 3555 1377">
     <span class='ocr_line' id='line_1_55' title="bbox 1901 1304 3555 1377; baseline 0.003 -20"><span class='ocrx_word' id='word_1_379' title='bbox 1901 1304 2023 1377; x_wconf 84' lang='lat' dir='ltr'>dice</span> <span class='ocrx_word' id='word_1_380' title='bbox 2053 1305 2280 1377; x_wconf 77' lang='lat' dir='ltr'>Ratoldi</span> <span class='ocrx_word' id='word_1_381' title='bbox 2310 1304 2668 1361; x_wconf 83' lang='lat' dir='ltr'>Dominicam</span> <span class='ocrx_word' id='word_1_382' title='bbox 2707 1312 2973 1377; x_wconf 87' lang='lat' dir='ltr'>quartam</span> <span class='ocrx_word' id='word_1_383' title='bbox 3018 1312 3148 1376; x_wconf 88' lang='lat' dir='ltr'>post</span> <span class='ocrx_word' id='word_1_384' title='bbox 3176 1308 3555 1364; x_wconf 85' lang='lat' dir='ltr'>Pentecosten</span> 
     </span>
    </p>
   </div>
   <div class='ocr_carea' id='block_1_54' title="bbox 1902 1375 3553 1450">
    <p class='ocr_par' dir='ltr' id='par_1_54' title="bbox 1902 1375 3553 1450">
     <span class='ocr_line' id='line_1_56' title="bbox 1902 1375 3553 1450; baseline 0.004 -21"><span class='ocrx_word' id='word_1_385' title='bbox 1902 1375 2109 1444; x_wconf 88' lang='lat' dir='ltr'>excipit</span> <span class='ocrx_word' id='word_1_386' title='bbox 2158 1380 2361 1450; x_wconf 66' lang='lat' dir='ltr'>octaya</span> <span class='ocrx_word' id='word_1_387' title='bbox 2389 1379 2572 1432; x_wconf 88' lang='lat' dir='ltr'>sancti</span> <span class='ocrx_word' id='word_1_388' title='bbox 2590 1375 3123 1450; x_wconf 10' lang='lat' dir='ltr'>ABenedicti,r_cujus</span> <span class='ocrx_word' id='word_1_389' title='bbox 3167 1377 3338 1433; x_wconf 88' lang='lat' dir='ltr'>Missa</span> <span class='ocrx_word' id='word_1_390' title='bbox 3367 1384 3452 1434; x_wconf 91' lang='lat' dir='ltr'>est</span> <span class='ocrx_word' id='word_1_391' title='bbox 3483 1379 3553 1435; x_wconf 87' lang='lat' dir='ltr'>de</span> 
     </span>
    </p>
   </div>
   <div class='ocr_carea' id='block_1_55' title="bbox 1901 1446 3555 1514">
    <p class='ocr_par' dir='ltr' id='par_1_55' title="bbox 1901 1446 3555 1514">
     <span class='ocr_line' id='line_1_57' title="bbox 1901 1446 3555 1514; baseline 0.003 -14"><span class='ocrx_word' id='word_1_392' title='bbox 1901 1446 2195 1500; x_wconf 88' lang='lat' dir='ltr'>communi</span> <span class='ocrx_word' id='word_1_393' title='bbox 2215 1446 2381 1502; x_wconf 90' lang='lat' dir='ltr'>unius</span> <span class='ocrx_word' id='word_1_394' title='bbox 2412 1448 2652 1514; x_wconf 86' lang='lat' dir='ltr'>abbatis,</span> <span class='ocrx_word' id='word_1_395' title='bbox 2686 1453 2749 1504; x_wconf 91' lang='lat' dir='ltr'>ut</span> <span class='ocrx_word' id='word_1_396' title='bbox 2789 1449 2846 1503; x_wconf 92' lang='lat' dir='ltr'>in</span> <span class='ocrx_word' id='word_1_397' title='bbox 2876 1446 3089 1504; x_wconf 81' lang='lat' dir='ltr'>Missali</span> <span class='ocrx_word' id='word_1_398' title='bbox 3146 1450 3427 1505; x_wconf 84' lang='lat' dir='ltr'>Romano.</span> <span class='ocrx_word' id='word_1_399' title='bbox 3489 1451 3555 1505; x_wconf 88' lang='lat' dir='ltr'>In</span> 
     </span>
    </p>
   </div>
   <div class='ocr_carea' id='block_1_56' title="bbox 1903 1518 3556 1590">
    <p class='ocr_par' dir='ltr' id='par_1_56' title="bbox 1903 1518 3556 1590">
     <span class='ocr_line' id='line_1_58' title="bbox 1903 1518 3556 1590; baseline 0.001 -19"><span class='ocrx_word' id='word_1_400' title='bbox 1903 1518 2105 1590; x_wconf 78' lang='lat' dir='ltr'>eodem</span> <span class='ocrx_word' id='word_1_401' title='bbox 2138 1518 2342 1573; x_wconf 83' lang='lat' dir='ltr'>Codice</span> <span class='ocrx_word' id='word_1_402' title='bbox 2368 1518 2624 1589; x_wconf 87' lang='lat' dir='ltr'>sequitur</span> <span class='ocrx_word' id='word_1_403' title='bbox 2656 1538 2669 1571; x_wconf 88' lang='lat'><strong>:</strong></span> <span class='ocrx_word' id='word_1_404' title='bbox 2706 1536 2779 1573; x_wconf 73' lang='grc' dir='ltr'>ιιι</span> <span class='ocrx_word' id='word_1_405' title='bbox 2808 1518 2839 1560; x_wconf 75' lang='lat' dir='ltr'>b</span> <span class='ocrx_word' id='word_1_406' title='bbox 2868 1519 3103 1574; x_wconf 78' lang='lat' dir='ltr'>Kalend.</span> <span class='ocrx_word' id='word_1_407' title='bbox 3164 1519 3422 1590; x_wconf 86' lang='lat' dir='ltr'>Augusti,</span> <span class='ocrx_word' id='word_1_408' title='bbox 3459 1536 3556 1573; x_wconf 84' lang='lat' dir='ltr'>na-</span> 
     </span>
    </p>
   </div>
   <div class='ocr_carea' id='block_1_57' title="bbox 1904 1587 3558 1661">
    <p class='ocr_par' dir='ltr' id='par_1_57' title="bbox 1904 1587 3558 1661">
     <span class='ocr_line' id='line_1_59' title="bbox 1904 1587 3558 1661; baseline 0.004 -20"><span class='ocrx_word' id='word_1_409' title='bbox 1904 1587 2010 1641; x_wconf 88' lang='lat' dir='ltr'>tale</span> <span class='ocrx_word' id='word_1_410' title='bbox 2034 1595 2229 1642; x_wconf 71' lang='lat' dir='ltr'>sanctae</span> <span class='ocrx_word' id='word_1_411' title='bbox 2259 1587 2545 1661; x_wconf 71' lang='lat' dir='ltr'>Praxedis,</span> <span class='ocrx_word' id='word_1_412' title='bbox 2599 1606 2722 1661; x_wconf 68' lang='lat' dir='ltr'>quas</span> <span class='ocrx_word' id='word_1_413' title='bbox 2752 1590 2811 1644; x_wconf 88' lang='lat' dir='ltr'>in</span> <span class='ocrx_word' id='word_1_414' title='bbox 2841 1590 3028 1660; x_wconf 89' lang='lat' dir='ltr'>prima</span> <span class='ocrx_word' id='word_1_415' title='bbox 3058 1589 3236 1647; x_wconf 61' lang='lat' dir='ltr'>Missas</span> <span class='ocrx_word' id='word_1_416' title='bbox 3257 1587 3558 1647; x_wconf 49' lang='lat' dir='ltr'>&#39;Oratione</span> 
     </span>
    </p>
   </div>
   <div class='ocr_carea' id='block_1_58' title="bbox 1905 1660 3555 1732">
    <p class='ocr_par' dir='ltr' id='par_1_58' title="bbox 1905 1660 3555 1732">
     <span class='ocr_line' id='line_1_60' title="bbox 1905 1660 3555 1732; baseline 0.002 -20"><span class='ocrx_word' id='word_1_417' title='bbox 1905 1664 2133 1732; x_wconf 77' lang='lat' dir='ltr'>martyr</span> <span class='ocrx_word' id='word_1_418' title='bbox 2155 1660 2510 1730; x_wconf 87' lang='lat' dir='ltr'>appellatur:</span> <span class='ocrx_word' id='word_1_419' title='bbox 2546 1660 2649 1724; x_wconf 86' lang='lat' dir='ltr'>Da,</span> <span class='ocrx_word' id='word_1_420' title='bbox 2680 1678 2995 1732; x_wconf 59' lang='lat' dir='ltr'>quaesumus,</span> <span class='ocrx_word' id='word_1_421' title='bbox 3036 1662 3364 1732; x_wconf 84' lang='lat' dir='ltr'>omnipotens</span> <span class='ocrx_word' id='word_1_422' title='bbox 3392 1662 3555 1731; x_wconf 85' lang='lat' dir='ltr'>Deus,</span> 
     </span>
    </p>
   </div>
   <div class='ocr_carea' id='block_1_59' title="bbox 1823 1729 3553 1813">
    <p class='ocr_par' dir='ltr' id='par_1_59' title="bbox 1823 1729 3553 1813">
     <span class='ocr_line' id='line_1_61' title="bbox 1823 1729 3553 1813; baseline 0.001 -30"><span class='ocrx_word' id='word_1_423' title='bbox 1823 1747 1868 1805; x_wconf 80' lang='grc' dir='ltr'><strong>Β</strong></span> <span class='ocrx_word' id='word_1_424' title='bbox 1907 1736 1969 1813; x_wconf 82' lang='lat' dir='ltr'>ut</span> <span class='ocrx_word' id='word_1_425' title='bbox 1992 1729 2283 1813; x_wconf 35' lang='lat' dir='ltr'>qu‘t&#39;nbeata’</span> <span class='ocrx_word' id='word_1_426' title='bbox 2308 1732 2576 1813; x_wconf 73' lang='lat' dir='ltr'>Praa&#39;edis</span> <span class='ocrx_word' id='word_1_427' title='bbox 2596 1729 2861 1813; x_wconf 72' lang='lat' dir='ltr'>martyris</span> <span class='ocrx_word' id='word_1_428' title='bbox 2888 1740 2994 1813; x_wconf 71' lang='lat' dir='ltr'>tute</span> <span class='ocrx_word' id='word_1_429' title='bbox 3022 1729 3283 1813; x_wconf 73' lang='lat' dir='ltr'>natalitia</span> <span class='ocrx_word' id='word_1_430' title='bbox 3311 1729 3553 1813; x_wconf 28' lang='lat' dir='ltr'>colit-mus,</span> 
     </span>
    </p>
   </div>
   <div class='ocr_carea' id='block_1_60' title="bbox 1906 1802 3547 1873">
    <p class='ocr_par' dir='ltr' id='par_1_60' title="bbox 1906 1802 3547 1873">
     <span class='ocr_line' id='line_1_62' title="bbox 1906 1802 3547 1873; baseline 0.004 -19"><span class='ocrx_word' id='word_1_431' title='bbox 1906 1806 2011 1855; x_wconf 87' lang='lat' dir='ltr'>etc.</span> <span class='ocrx_word' id='word_1_432' title='bbox 2045 1802 2223 1857; x_wconf 82' lang='lat' dir='ltr'>Aliter</span> <span class='ocrx_word' id='word_1_433' title='bbox 2250 1808 2444 1857; x_wconf 89' lang='lat' dir='ltr'>tamen</span> <span class='ocrx_word' id='word_1_434' title='bbox 2477 1803 2644 1873; x_wconf 82' lang='lat' dir='ltr'>vulgo</span> <span class='ocrx_word' id='word_1_435' title='bbox 2675 1802 3052 1857; x_wconf 74' lang='lat' dir='ltr'>existimatur.</span> <span class='ocrx_word' id='word_1_436' title='bbox 3080 1805 3137 1857; x_wconf 90' lang='lat' dir='ltr'>In</span> <span class='ocrx_word' id='word_1_437' title='bbox 3171 1804 3373 1858; x_wconf 89' lang='lat' dir='ltr'>eodem</span> <span class='ocrx_word' id='word_1_438' title='bbox 3407 1804 3547 1861; x_wconf 73' lang='lat' dir='ltr'>Cod.</span> 
     </span>
    </p>
   </div>
   <div class='ocr_carea' id='block_1_61' title="bbox 1905 1872 3557 1953">
    <p class='ocr_par' dir='ltr' id='par_1_61' title="bbox 1905 1872 3557 1953">
     <span class='ocr_line' id='line_1_63' title="bbox 1905 1872 3557 1953; baseline 0.001 -27"><span class='ocrx_word' id='word_1_439' title='bbox 1905 1872 2162 1953; x_wconf 84' lang='lat' dir='ltr'>sequitur</span> <span class='ocrx_word' id='word_1_440' title='bbox 2199 1889 2212 1927; x_wconf 93' lang='lat'>:</span> <span class='ocrx_word' id='word_1_441' title='bbox 2268 1890 2302 1928; x_wconf 73' lang='grc' dir='ltr'><strong>ι</strong></span> <span class='ocrx_word' id='word_1_442' title='bbox 2338 1872 2593 1929; x_wconf 43' lang='lat' dir='ltr'>Kalend;</span> <span class='ocrx_word' id='word_1_443' title='bbox 2641 1874 2910 1945; x_wconf 87' lang='lat' dir='ltr'>August.,</span> <span class='ocrx_word' id='word_1_444' title='bbox 2954 1882 3075 1932; x_wconf 86' lang='lat' dir='ltr'>nat.</span> <span class='ocrx_word' id='word_1_445' title='bbox 3122 1876 3299 1929; x_wconf 88' lang='lat' dir='ltr'>sancti</span> <span class='ocrx_word' id='word_1_446' title='bbox 3334 1875 3557 1946; x_wconf 52' lang='lat' dir='ltr'>Apellis</span> 
     </span>
    </p>
   </div>
   <div class='ocr_carea' id='block_1_62' title="bbox 1904 1959 2081 1998">
    <p class='ocr_par' dir='ltr' id='par_1_62' title="bbox 1904 1959 2081 1998">
     <span class='ocr_line' id='line_1_64' title="bbox 1904 1959 2081 1998; baseline 0.006 -1"><span class='ocrx_word' id='word_1_447' title='bbox 1904 1959 2081 1998; x_wconf 67' lang='grc' dir='ltr'><em>ηαης.</em></span> 
     </span>
    </p>
   </div>
   <div class='ocr_carea' id='block_1_63' title="bbox 1976 2013 3557 2087">
    <p class='ocr_par' dir='ltr' id='par_1_63' title="bbox 1976 2013 3557 2087">
     <span class='ocr_line' id='line_1_65' title="bbox 1976 2013 3557 2087; baseline 0.002 -19"><span class='ocrx_word' id='word_1_448' title='bbox 1976 2015 2103 2087; x_wconf 73' lang='grc'>433.</span> <span class='ocrx_word' id='word_1_449' title='bbox 2152 2014 2341 2069; x_wconf 87' lang='lat' dir='ltr'>Sancti</span> <span class='ocrx_word' id='word_1_450' title='bbox 2382 2014 2570 2070; x_wconf 78' lang='lat' dir='ltr'>Jacobi</span> <span class='ocrx_word' id='word_1_451' title='bbox 2596 2013 2841 2087; x_wconf 88' lang='lat' dir='ltr'>apostoli.</span> <span class='ocrx_word' id='word_1_452' title='bbox 2888 2015 3206 2087; x_wconf 79' lang='lat' dir='ltr'>In_Missali</span> <span class='ocrx_word' id='word_1_453' title='bbox 3234 2018 3425 2087; x_wconf 77' lang='lat' dir='ltr'>Rom.</span> <span class='ocrx_word' id='word_1_454' title='bbox 3466 2014 3557 2087; x_wconf 86' lang='lat' dir='ltr'>hic</span> 
     </span>
    </p>
   </div>
   <div class='ocr_carea' id='block_1_64' title="bbox 1904 2083 3556 2168">
    <p class='ocr_par' dir='ltr' id='par_1_64' title="bbox 1904 2083 3556 2168">
     <span class='ocr_line' id='line_1_66' title="bbox 1904 2083 3556 2168; baseline 0.002 -30"><span class='ocrx_word' id='word_1_455' title='bbox 1904 2083 2149 2166; x_wconf 81' lang='lat' dir='ltr'>habetur</span> <span class='ocrx_word' id='word_1_456' title='bbox 2162 2083 2645 2168; x_wconf 64' lang='lat' dir='ltr'>commemoratio</span> <span class='ocrx_word' id='word_1_457' title='bbox 2656 2087 2846 2168; x_wconf 80' lang='lat' dir='ltr'>sancti</span> <span class='ocrx_word' id='word_1_458' title='bbox 2857 2087 2931 2168; x_wconf 74' lang='lat' dir='ltr'>Cb</span> <span class='ocrx_word' id='word_1_459' title='bbox 2940 2085 3245 2168; x_wconf 50' lang='lat' dir='ltr'>rijitopbori</span> <span class='ocrx_word' id='word_1_460' title='bbox 3267 2086 3556 2168; x_wconf 72' lang='lat' dir='ltr'>martyris,</span> 
     </span>
    </p>
   </div>
   <div class='ocr_carea' id='block_1_65' title="bbox 1905 2157 3562 2228">
    <p class='ocr_par' dir='ltr' id='par_1_65' title="bbox 1905 2157 3562 2228">
     <span class='ocr_line' id='line_1_67' title="bbox 1905 2157 3562 2228; baseline 0.002 -18"><span class='ocrx_word' id='word_1_461' title='bbox 1905 2158 2067 2228; x_wconf 84' lang='lat' dir='ltr'>cujus</span> <span class='ocrx_word' id='word_1_462' title='bbox 2097 2157 2255 2211; x_wconf 90' lang='lat' dir='ltr'>nulla</span> <span class='ocrx_word' id='word_1_463' title='bbox 2285 2159 2501 2213; x_wconf 88' lang='lat' dir='ltr'>mentio</span> <span class='ocrx_word' id='word_1_464' title='bbox 2524 2157 2588 2213; x_wconf 86' lang='lat' dir='ltr'>ﬁt</span> <span class='ocrx_word' id='word_1_465' title='bbox 2613 2158 2672 2213; x_wconf 91' lang='lat' dir='ltr'>in</span> <span class='ocrx_word' id='word_1_466' title='bbox 2724 2157 2936 2213; x_wconf 86' lang='lat' dir='ltr'>nostris</span> <span class='ocrx_word' id='word_1_467' title='bbox 2967 2157 3266 2214; x_wconf 89' lang='lat' dir='ltr'>Codicibus</span> <span class='ocrx_word' id='word_1_468' title='bbox 3291 2157 3562 2213; x_wconf 35' lang='lat' dir='ltr'>tam’edi-</span> 
     </span>
    </p>
   </div>
   <div class='ocr_carea' id='block_1_66' title="bbox 1905 2227 2342 2298">
    <p class='ocr_par' dir='ltr' id='par_1_66' title="bbox 1905 2227 2342 2298">
     <span class='ocr_line' id='line_1_68' title="bbox 1905 2227 2342 2298; baseline 0.002 -17"><span class='ocrx_word' id='word_1_469' title='bbox 1905 2227 2176 2298; x_wconf 83' lang='lat' dir='ltr'>tisquam</span> <span class='ocrx_word' id='word_1_470' title='bbox 2200 2244 2342 2283; x_wconf 88' lang='lat' dir='ltr'>mss.</span> 
     </span>
    </p>
   </div>
   <div class='ocr_carea' id='block_1_67' title="bbox 1976 2297 3562 2371">
    <p class='ocr_par' dir='ltr' id='par_1_67' title="bbox 1976 2297 3562 2371">
     <span class='ocr_line' id='line_1_69' title="bbox 1976 2297 3562 2371; baseline 0 -20"><span class='ocrx_word' id='word_1_471' title='bbox 1976 2297 2036 2352; x_wconf 89' lang='lat' dir='ltr'>In</span> <span class='ocrx_word' id='word_1_472' title='bbox 2073 2298 2471 2371; x_wconf 70' lang='lat' dir='ltr'>Cod.Ratoldi</span> <span class='ocrx_word' id='word_1_473' title='bbox 2502 2299 2628 2356; x_wconf 67' lang='lat' dir='ltr'>haec</span> <span class='ocrx_word' id='word_1_474' title='bbox 2658 2303 2975 2371; x_wconf 88' lang='lat' dir='ltr'>sequuntur</span> <span class='ocrx_word' id='word_1_475' title='bbox 3011 2318 3022 2358; x_wconf 94' lang='lat'>:</span> <span class='ocrx_word' id='word_1_476' title='bbox 3052 2298 3255 2354; x_wconf 87' lang='lat' dir='ltr'>Eodem</span> <span class='ocrx_word' id='word_1_477' title='bbox 3278 2297 3366 2353; x_wconf 85' lang='lat' dir='ltr'>die</span> <span class='ocrx_word' id='word_1_478' title='bbox 3404 2303 3562 2352; x_wconf 86' lang='lat' dir='ltr'>nata-</span> 
     </span>
    </p>
   </div>
   <div class='ocr_carea' id='block_1_68' title="bbox 1907 2368 3563 2444">
    <p class='ocr_par' dir='ltr' id='par_1_68' title="bbox 1907 2368 3563 2444">
     <span class='ocr_line' id='line_1_70' title="bbox 1907 2368 3563 2444; baseline 0 -21"><span class='ocrx_word' id='word_1_479' title='bbox 1907 2368 1974 2444; x_wconf 70' lang='lat' dir='ltr'>lis</span> <span class='ocrx_word' id='word_1_480' title='bbox 2002 2371 2179 2444; x_wconf 79' lang='lat' dir='ltr'>sancti</span> <span class='ocrx_word' id='word_1_481' title='bbox 2204 2370 2533 2444; x_wconf 75' lang='lat' dir='ltr'>Gucupliatis</span> <span class='ocrx_word' id='word_1_482' title='bbox 2556 2368 2842 2444; x_wconf 74' lang='lat' dir='ltr'>martyris.</span> <span class='ocrx_word' id='word_1_483' title='bbox 2872 2370 3207 2444; x_wconf 79' lang='lat' dir='ltr'>Martyrium</span> <span class='ocrx_word' id='word_1_484' title='bbox 3234 2385 3447 2444; x_wconf 60' lang='lat' dir='ltr'>passus</span> <span class='ocrx_word' id='word_1_485' title='bbox 3476 2372 3563 2424; x_wconf 91' lang='lat' dir='ltr'>est</span> 
     </span>
    </p>
   </div>
   <div class='ocr_carea' id='block_1_69' title="bbox 1905 2439 3563 2566">
    <p class='ocr_par' dir='ltr' id='par_1_69' title="bbox 1905 2439 3563 2566">
     <span class='ocr_line' id='line_1_71' title="bbox 1905 2439 3563 2566; baseline 0.002 -72"><span class='ocrx_word' id='word_1_486' title='bbox 1905 2441 2218 2566; x_wconf 58' lang='lat' dir='ltr'>Bﬁrcinone</span> <span class='ocrx_word' id='word_1_487' title='bbox 2246 2441 2305 2497; x_wconf 89' lang='lat' dir='ltr'>in</span> <span class='ocrx_word' id='word_1_488' title='bbox 2335 2439 2625 2514; x_wconf 84' lang='lat' dir='ltr'>Hispania.</span> <span class='ocrx_word' id='word_1_489' title='bbox 2660 2439 2820 2500; x_wconf 82' lang='lat' dir='ltr'>Unde</span> <span class='ocrx_word' id='word_1_490' title='bbox 2867 2439 3205 2499; x_wconf 80' lang='lat' dir='ltr'>Prudentius</span> <span class='ocrx_word' id='word_1_491' title='bbox 3229 2439 3288 2497; x_wconf 78' lang='lat' dir='ltr'>in</span> <span class='ocrx_word' id='word_1_492' title='bbox 3320 2439 3563 2498; x_wconf 86' lang='lat' dir='ltr'>Periste-</span> 
     </span>
     <span class='ocr_line' id='line_1_72' title="bbox 1907 2527 2138 2566; baseline 0 0"><span class='ocrx_word' id='word_1_493' title='bbox 1907 2527 1941 2566; x_wconf 79' lang='grc' dir='ltr'>ι)</span> <span class='ocrx_word' id='word_1_494' title='bbox 1988 2528 2138 2566; x_wconf 86' lang='lat' dir='ltr'>ano:</span> 
     </span>
    </p>
   </div>
   <div class='ocr_carea' id='block_1_70' title="bbox 1907 2527 2138 2583">
    <p class='ocr_par' dir='ltr' id='par_1_70' title="bbox 1907 2527 2138 2583">
     <span class='ocr_line' id='line_1_73' title="bbox 1907 2527 2138 2583; baseline 0.004 -17"><span class='ocrx_word' id='word_1_495' title='bbox 1907 2527 2138 2583; x_wconf 90' lang='lat' dir='ltr'>pnano:</span> 
     </span>
    </p>
   </div>
   <div class='ocr_carea' id='block_1_71' title="bbox 2156 2610 3066 2723">
    <p class='ocr_par' dir='ltr' id='par_1_71' title="bbox 2156 2610 3066 2723">
     <span class='ocr_line' id='line_1_74' title="bbox 2156 2610 3066 2723; baseline 0.004 -64"><span class='ocrx_word' id='word_1_496' title='bbox 2156 2610 2415 2723; x_wconf 60' lang='lat' dir='ltr'>Baé&#39;cinmti</span> <span class='ocrx_word' id='word_1_497' title='bbox 2439 2610 2582 2661; x_wconf 87' lang='lat' dir='ltr'>claro</span> <span class='ocrx_word' id='word_1_498' title='bbox 2604 2610 2912 2675; x_wconf 84' lang='lat' dir='ltr'>Cucuphate</span> <span class='ocrx_word' id='word_1_499' title='bbox 2928 2610 3066 2662; x_wconf 84' lang='lat' dir='ltr'>freta</span> 
     </span>
     <span class='ocr_line' id='line_1_75' title="bbox 2258 2688 2427 2723; baseline -0.012 0"><span class='ocrx_word' id='word_1_500' title='bbox 2258 2688 2387 2723; x_wconf 66' lang='lat' dir='ltr'>urge</span> <span class='ocrx_word' id='word_1_501' title='bbox 2416 2709 2427 2721; x_wconf 94' lang='lat'>.</span> 
     </span>
    </p>
   </div>
   <div class='ocr_carea' id='block_1_72' title="bbox 2258 2688 2427 2736">
    <p class='ocr_par' dir='ltr' id='par_1_72' title="bbox 2258 2688 2427 2736">
     <span class='ocr_line' id='line_1_76' title="bbox 2258 2688 2427 2736; baseline -0.012 -13"><span class='ocrx_word' id='word_1_502' title='bbox 2258 2688 2427 2736; x_wconf 79' lang='lat' dir='ltr'>urget.</span> 
     </span>
    </p>
   </div>
   <div class='ocr_carea' id='block_1_73' title="bbox 1908 2758 3564 2836">
    <p class='ocr_par' dir='ltr' id='par_1_73' title="bbox 1908 2758 3564 2836">
     <span class='ocr_line' id='line_1_77' title="bbox 1908 2758 3564 2836; baseline 0.001 -20"><span class='ocrx_word' id='word_1_503' title='bbox 1908 2762 2090 2836; x_wconf 59' lang='grc' dir='ltr'>ᾼθε</span> <span class='ocrx_word' id='word_1_504' title='bbox 2138 2762 2331 2817; x_wconf 87' lang='lat' dir='ltr'>Prima</span> <span class='ocrx_word' id='word_1_505' title='bbox 2375 2762 2550 2836; x_wconf 65' lang='lat' dir='ltr'>Missa;</span> <span class='ocrx_word' id='word_1_506' title='bbox 2580 2763 2776 2836; x_wconf 77' lang='lat' dir='ltr'>Oratio</span> <span class='ocrx_word' id='word_1_507' title='bbox 2827 2762 3045 2836; x_wconf 17' lang='lat' dir='ltr'>:ADeus,</span> <span class='ocrx_word' id='word_1_508' title='bbox 3090 2779 3188 2834; x_wconf 88' lang='lat' dir='ltr'>per</span> <span class='ocrx_word' id='word_1_509' title='bbox 3229 2778 3382 2834; x_wconf 85' lang='lat' dir='ltr'>quem</span> <span class='ocrx_word' id='word_1_510' title='bbox 3435 2758 3564 2836; x_wconf 83' lang='lat' dir='ltr'>ﬁdes</span> 
     </span>
    </p>
   </div>
   <div class='ocr_carea' id='block_1_74' title="bbox 1910 2834 3560 2906">
    <p class='ocr_par' dir='ltr' id='par_1_74' title="bbox 1910 2834 3560 2906">
     <span class='ocr_line' id='line_1_78' title="bbox 1910 2834 3560 2906; baseline -0.001 -16"><span class='ocrx_word' id='word_1_511' title='bbox 1910 2834 2082 2906; x_wconf 78' lang='lat' dir='ltr'>ignem</span> <span class='ocrx_word' id='word_1_512' title='bbox 2113 2851 2217 2888; x_wconf 88' lang='lat' dir='ltr'>non</span> <span class='ocrx_word' id='word_1_513' title='bbox 2247 2836 2410 2888; x_wconf 89' lang='lat' dir='ltr'>sentit</span> <span class='ocrx_word' id='word_1_514' title='bbox 2439 2841 2489 2888; x_wconf 92' lang='lat' dir='ltr'>et</span> <span class='ocrx_word' id='word_1_515' title='bbox 2518 2834 2817 2903; x_wconf 75' lang='lat' dir='ltr'>inﬁdelitas</span> <span class='ocrx_word' id='word_1_516' title='bbox 2832 2834 2946 2888; x_wconf 89' lang='lat' dir='ltr'>sine</span> <span class='ocrx_word' id='word_1_517' title='bbox 2978 2837 3100 2905; x_wconf 91' lang='lat' dir='ltr'>igne</span> <span class='ocrx_word' id='word_1_518' title='bbox 3136 2835 3416 2906; x_wconf 62' lang='lat' dir='ltr'>exuritur,</span> <span class='ocrx_word' id='word_1_519' title='bbox 3464 2835 3560 2905; x_wconf 84' lang='lat' dir='ltr'>qui</span> 
     </span>
    </p>
   </div>
   <div class='ocr_carea' id='block_1_75' title="bbox 1908 2905 3558 2976">
    <p class='ocr_par' dir='ltr' id='par_1_75' title="bbox 1908 2905 3558 2976">
     <span class='ocr_line' id='line_1_79' title="bbox 1908 2905 3558 2976; baseline -0.001 -15"><span class='ocrx_word' id='word_1_520' title='bbox 1908 2905 2055 2961; x_wconf 83' lang='lat' dir='ltr'>beato</span> <span class='ocrx_word' id='word_1_521' title='bbox 2073 2906 2378 2975; x_wconf 78' lang='lat' dir='ltr'>Cucuphatt</span> <span class='ocrx_word' id='word_1_522' title='bbox 2403 2906 2647 2976; x_wconf 79' lang='lat' dir='ltr'>martyri</span> <span class='ocrx_word' id='word_1_523' title='bbox 2673 2912 2762 2959; x_wconf 86' lang='lat' dir='ltr'>tuo</span> <span class='ocrx_word' id='word_1_524' title='bbox 2786 2907 3002 2973; x_wconf 83' lang='lat' dir='ltr'>ﬂamma</span> <span class='ocrx_word' id='word_1_525' title='bbox 3033 2906 3119 2959; x_wconf 90' lang='lat' dir='ltr'>tui</span> <span class='ocrx_word' id='word_1_526' title='bbox 3160 2905 3409 2975; x_wconf 76' lang='lat' dir='ltr'>Spiritus</span> <span class='ocrx_word' id='word_1_527' title='bbox 3439 2921 3558 2959; x_wconf 82' lang='lat' dir='ltr'>suc-</span> 
     </span>
    </p>
   </div>
   <div class='ocr_carea' id='block_1_76' title="bbox 1907 2976 3566 3047">
    <p class='ocr_par' dir='ltr' id='par_1_76' title="bbox 1907 2976 3566 3047">
     <span class='ocr_line' id='line_1_80' title="bbox 1907 2976 3566 3047; baseline -0.002 -15"><span class='ocrx_word' id='word_1_528' title='bbox 1907 2993 2058 3032; x_wconf 87' lang='lat' dir='ltr'>censo</span> <span class='ocrx_word' id='word_1_529' title='bbox 2092 2993 2350 3047; x_wconf 87' lang='lat' dir='ltr'>superare</span> <span class='ocrx_word' id='word_1_530' title='bbox 2375 2977 2627 3031; x_wconf 72' lang='lat' dir='ltr'>tribuisti</span> <span class='ocrx_word' id='word_1_531' title='bbox 2639 2976 2887 3032; x_wconf 83' lang='lat' dir='ltr'>incendia</span> <span class='ocrx_word' id='word_1_532' title='bbox 2902 2983 3308 3039; x_wconf 84' lang='lat' dir='ltr'>tormentorum,</span> <span class='ocrx_word' id='word_1_533' title='bbox 3331 2980 3438 3031; x_wconf 91' lang='lat' dir='ltr'>etc.</span> <span class='ocrx_word' id='word_1_534' title='bbox 3467 2976 3566 3030; x_wconf 82' lang='lat' dir='ltr'>Su-</span> 
     </span>
    </p>
   </div>
   <div class='ocr_carea' id='block_1_77' title="bbox 1910 3046 3563 3119">
    <p class='ocr_par' dir='ltr' id='par_1_77' title="bbox 1910 3046 3563 3119">
     <span class='ocr_line' id='line_1_81' title="bbox 1910 3046 3563 3119; baseline -0.002 -16"><span class='ocrx_word' id='word_1_535' title='bbox 1910 3066 2011 3119; x_wconf 85' lang='lat' dir='ltr'>per</span> <span class='ocrx_word' id='word_1_536' title='bbox 2057 3046 2252 3102; x_wconf 83' lang='lat' dir='ltr'>oblata</span> <span class='ocrx_word' id='word_1_537' title='bbox 2303 3065 2315 3102; x_wconf 88' lang='lat'>:</span> <span class='ocrx_word' id='word_1_538' title='bbox 2357 3048 2710 3117; x_wconf 83' lang='lat' dir='ltr'>Sacri/icium</span> <span class='ocrx_word' id='word_1_539' title='bbox 2762 3048 3131 3119; x_wconf 9' lang='lat' dir='ltr'>laudis,retc.</span> <span class='ocrx_word' id='word_1_540' title='bbox 3186 3049 3313 3102; x_wconf 63' lang='lat' dir='ltr'>Haec</span> <span class='ocrx_word' id='word_1_541' title='bbox 3367 3046 3563 3119; x_wconf 83' lang='lat' dir='ltr'>Oratio</span> 
     </span>
    </p>
   </div>
   <div class='ocr_carea' id='block_1_78' title="bbox 143 3109 3563 3189">
    <p class='ocr_par' dir='ltr' id='par_1_78' title="bbox 143 3109 3563 3189">
     <span class='ocr_line' id='line_1_82' title="bbox 143 3109 3563 3189; baseline -0 -18"><span class='ocrx_word' id='word_1_542' title='bbox 143 3119 425 3174; x_wconf 70' lang='lat' dir='ltr'>videlicet.</span> <span class='ocrx_word' id='word_1_543' title='bbox 448 3109 511 3172; x_wconf 75' lang='lat' dir='ltr'>in</span> <span class='ocrx_word' id='word_1_544' title='bbox 547 3109 763 3173; x_wconf 84' lang='lat' dir='ltr'>Missali</span> <span class='ocrx_word' id='word_1_545' title='bbox 796 3120 1057 3171; x_wconf 74' lang='lat' dir='ltr'>Homano</span> <span class='ocrx_word' id='word_1_546' title='bbox 1095 3117 1382 3171; x_wconf 88' lang='lat' dir='ltr'>adduntur</span> <span class='ocrx_word' id='word_1_547' title='bbox 1430 3122 1640 3189; x_wconf 76' lang='lat' dir='ltr'>sanctae</span> <span class='ocrx_word' id='word_1_548' title='bbox 1684 3117 1795 3172; x_wconf 76' lang='lat' dir='ltr'>Hu-</span> <span class='ocrx_word' id='word_1_549' title='bbox 1824 3109 1869 3169; x_wconf 81' lang='grc' dir='ltr'>Ο</span> <span class='ocrx_word' id='word_1_550' title='bbox 1909 3109 2184 3189; x_wconf 74' lang='lat' dir='ltr'>prolixior</span> <span class='ocrx_word' id='word_1_551' title='bbox 2208 3122 2293 3174; x_wconf 88' lang='lat' dir='ltr'>est</span> <span class='ocrx_word' id='word_1_552' title='bbox 2335 3109 2528 3174; x_wconf 50' lang='lat' dir='ltr'>solito:</span> <span class='ocrx_word' id='word_1_553' title='bbox 2556 3120 2687 3173; x_wconf 88' lang='lat' dir='ltr'>Post</span> <span class='ocrx_word' id='word_1_554' title='bbox 2713 3109 3215 3174; x_wconf 84' lang='lat' dir='ltr'>communionem:</span> <span class='ocrx_word' id='word_1_555' title='bbox 3262 3119 3345 3173; x_wconf 88' lang='lat' dir='ltr'>Sit</span> <span class='ocrx_word' id='word_1_556' title='bbox 3393 3117 3563 3186; x_wconf 87' lang='lat' dir='ltr'>nobis,</span> 
     </span>
    </p>
   </div>
   <div class='ocr_carea' id='block_1_79' title="bbox 142 3188 1799 3259">
    <p class='ocr_par' dir='ltr' id='par_1_79' title="bbox 142 3188 1799 3259">
     <span class='ocr_line' id='line_1_83' title="bbox 142 3188 1799 3259; baseline -0.001 -15"><span class='ocrx_word' id='word_1_557' title='bbox 142 3191 259 3245; x_wconf 82' lang='lat' dir='ltr'>ﬁna</span> <span class='ocrx_word' id='word_1_558' title='bbox 279 3195 342 3244; x_wconf 89' lang='lat' dir='ltr'>et</span> <span class='ocrx_word' id='word_1_559' title='bbox 371 3190 632 3244; x_wconf 89' lang='lat' dir='ltr'>Secunda</span> <span class='ocrx_word' id='word_1_560' title='bbox 658 3205 900 3255; x_wconf 80' lang='lat' dir='ltr'>somres,</span> <span class='ocrx_word' id='word_1_561' title='bbox 944 3205 1072 3259; x_wconf 63' lang='lat' dir='ltr'>quae</span> <span class='ocrx_word' id='word_1_562' title='bbox 1104 3205 1217 3242; x_wconf 89' lang='lat' dir='ltr'>non</span> <span class='ocrx_word' id='word_1_563' title='bbox 1268 3189 1552 3259; x_wconf 84' lang='lat' dir='ltr'>habentur</span> <span class='ocrx_word' id='word_1_564' title='bbox 1600 3188 1655 3242; x_wconf 90' lang='lat' dir='ltr'>in</span> <span class='ocrx_word' id='word_1_565' title='bbox 1698 3190 1799 3243; x_wconf 80' lang='lat' dir='ltr'>Ex-</span> 
     </span>
    </p>
   </div>
   <div class='ocr_carea' id='block_1_80' title="bbox 140 3258 1799 3341">
    <p class='ocr_par' dir='ltr' id='par_1_80' title="bbox 140 3258 1799 3341">
     <span class='ocr_line' id='line_1_84' title="bbox 140 3258 1799 3341; baseline -0.001 -25"><span class='ocrx_word' id='word_1_566' title='bbox 140 3264 314 3341; x_wconf 74' lang='lat' dir='ltr'>cusis,</span> <span class='ocrx_word' id='word_1_567' title='bbox 349 3278 531 3341; x_wconf 87' lang='lat' dir='ltr'>neque</span> <span class='ocrx_word' id='word_1_568' title='bbox 552 3261 706 3331; x_wconf 89' lang='lat' dir='ltr'>apud</span> <span class='ocrx_word' id='word_1_569' title='bbox 735 3260 1079 3325; x_wconf 87' lang='lat' dir='ltr'>Pamelium,</span> <span class='ocrx_word' id='word_1_570' title='bbox 1112 3276 1296 3329; x_wconf 87' lang='lat' dir='ltr'>neque</span> <span class='ocrx_word' id='word_1_571' title='bbox 1321 3258 1377 3313; x_wconf 92' lang='lat' dir='ltr'>in</span> <span class='ocrx_word' id='word_1_572' title='bbox 1402 3259 1530 3314; x_wconf 89' lang='lat' dir='ltr'>aliis</span> <span class='ocrx_word' id='word_1_573' title='bbox 1582 3259 1799 3315; x_wconf 80' lang='lat' dir='ltr'>Codici-</span> 
     </span>
    </p>
   </div>
   <div class='ocr_carea' id='block_1_81' title="bbox 135 3333 661 3387">
    <p class='ocr_par' dir='ltr' id='par_1_81' title="bbox 135 3333 661 3387">
     <span class='ocr_line' id='line_1_85' title="bbox 135 3333 661 3387; baseline -0.004 0"><span class='ocrx_word' id='word_1_574' title='bbox 135 3333 245 3387; x_wconf 82' lang='lat' dir='ltr'>bus</span> <span class='ocrx_word' id='word_1_575' title='bbox 274 3333 489 3387; x_wconf 87' lang='lat' dir='ltr'>nostris</span> <span class='ocrx_word' id='word_1_576' title='bbox 523 3348 661 3385; x_wconf 91' lang='lat' dir='ltr'>mss.</span> 
     </span>
    </p>
   </div>
   <div class='ocr_carea' id='block_1_82' title="bbox 208 3400 1800 3472">
    <p class='ocr_par' dir='ltr' id='par_1_82' title="bbox 208 3400 1800 3472">
     <span class='ocr_line' id='line_1_86' title="bbox 208 3400 1800 3472; baseline -0.002 -15"><span class='ocrx_word' id='word_1_577' title='bbox 208 3405 269 3458; x_wconf 87' lang='lat' dir='ltr'>In</span> <span class='ocrx_word' id='word_1_578' title='bbox 334 3403 536 3458; x_wconf 88' lang='lat' dir='ltr'>Codice</span> <span class='ocrx_word' id='word_1_579' title='bbox 585 3400 813 3457; x_wconf 80' lang='lat' dir='ltr'>Ratoldi</span> <span class='ocrx_word' id='word_1_580' title='bbox 856 3403 1060 3457; x_wconf 91' lang='lat' dir='ltr'>eodem</span> <span class='ocrx_word' id='word_1_581' title='bbox 1113 3401 1202 3456; x_wconf 91' lang='lat' dir='ltr'>die</span> <span class='ocrx_word' id='word_1_582' title='bbox 1233 3400 1519 3471; x_wconf 88' lang='lat' dir='ltr'>sequitur:</span> <span class='ocrx_word' id='word_1_583' title='bbox 1591 3400 1800 3472; x_wconf 84' lang='lat' dir='ltr'>Vigilia</span> 
     </span>
    </p>
   </div>
   <div class='ocr_carea' id='block_1_83' title="bbox 136 3472 1796 3543">
    <p class='ocr_par' dir='ltr' id='par_1_83' title="bbox 136 3472 1796 3543">
     <span class='ocr_line' id='line_1_87' title="bbox 136 3472 1796 3543; baseline 0.001 -16"><span class='ocrx_word' id='word_1_584' title='bbox 136 3475 320 3528; x_wconf 72' lang='lat' dir='ltr'>sancti</span> <span class='ocrx_word' id='word_1_585' title='bbox 352 3474 632 3530; x_wconf 79' lang='lat' dir='ltr'>Benedicti</span> <span class='ocrx_word' id='word_1_586' title='bbox 656 3473 883 3528; x_wconf 80' lang='lat' dir='ltr'>abbatis.</span> <span class='ocrx_word' id='word_1_587' title='bbox 916 3473 1143 3528; x_wconf 88' lang='lat' dir='ltr'>Oratio:</span> <span class='ocrx_word' id='word_1_588' title='bbox 1187 3472 1438 3537; x_wconf 82' lang='lat' dir='ltr'>Concede,</span> <span class='ocrx_word' id='word_1_589' title='bbox 1470 3489 1796 3543; x_wconf 74' lang='lat' dir='ltr'>quwsumus,</span> 
     </span>
    </p>
   </div>
   <div class='ocr_carea' id='block_1_84' title="bbox 136 3543 1801 3615">
    <p class='ocr_par' dir='ltr' id='par_1_84' title="bbox 136 3543 1801 3615">
     <span class='ocr_line' id='line_1_88' title="bbox 136 3543 1801 3615; baseline -0.001 -16"><span class='ocrx_word' id='word_1_590' title='bbox 136 3546 392 3607; x_wconf 64' lang='lat' dir='ltr'>Domine,</span> <span class='ocrx_word' id='word_1_591' title='bbox 432 3545 709 3599; x_wconf 84' lang='lat' dir='ltr'>alae-ribus</span> <span class='ocrx_word' id='word_1_592' title='bbox 735 3546 956 3606; x_wconf 83' lang='lat' dir='ltr'>animis,</span> <span class='ocrx_word' id='word_1_593' title='bbox 989 3544 1131 3599; x_wconf 81' lang='lat' dir='ltr'>beati</span> <span class='ocrx_word' id='word_1_594' title='bbox 1172 3543 1453 3599; x_wconf 81' lang='lat' dir='ltr'>Benedicti</span> <span class='ocrx_word' id='word_1_595' title='bbox 1484 3545 1801 3615; x_wconf 81' lang='lat' dir='ltr'>confessoris</span> 
     </span>
    </p>
   </div>
   <div class='ocr_carea' id='block_1_85' title="bbox 135 3615 1801 3685">
    <p class='ocr_par' dir='ltr' id='par_1_85' title="bbox 135 3615 1801 3685">
     <span class='ocr_line' id='line_1_89' title="bbox 135 3615 1801 3685; baseline -0.002 -14"><span class='ocrx_word' id='word_1_596' title='bbox 135 3620 224 3671; x_wconf 78' lang='lat' dir='ltr'>tui</span> <span class='ocrx_word' id='word_1_597' title='bbox 267 3616 530 3670; x_wconf 82' lang='lat' dir='ltr'>solemnia</span> <span class='ocrx_word' id='word_1_598' title='bbox 580 3616 871 3683; x_wconf 87' lang='lat' dir='ltr'>celebrare,</span> <span class='ocrx_word' id='word_1_599' title='bbox 917 3621 1025 3673; x_wconf 85' lang='lat' dir='ltr'>etc.</span> <span class='ocrx_word' id='word_1_600' title='bbox 1072 3618 1251 3685; x_wconf 89' lang='lat' dir='ltr'>Super</span> <span class='ocrx_word' id='word_1_601' title='bbox 1298 3616 1536 3674; x_wconf 86' lang='lat' dir='ltr'>oblata:</span> <span class='ocrx_word' id='word_1_602' title='bbox 1588 3615 1801 3670; x_wconf 84' lang='lat' dir='ltr'>Oblatio</span> 
     </span>
    </p>
   </div>
   <div class='ocr_carea' id='block_1_86' title="bbox 134 3686 1800 3759">
    <p class='ocr_par' dir='ltr' id='par_1_86' title="bbox 134 3686 1800 3759">
     <span class='ocr_line' id='line_1_90' title="bbox 134 3686 1800 3759; baseline -0.002 -16"><span class='ocrx_word' id='word_1_603' title='bbox 134 3689 470 3759; x_wconf 76' lang='lat' dir='ltr'>confessoris</span> <span class='ocrx_word' id='word_1_604' title='bbox 518 3689 606 3742; x_wconf 86' lang='lat' dir='ltr'>tui</span> <span class='ocrx_word' id='word_1_605' title='bbox 652 3688 933 3759; x_wconf 81' lang='lat' dir='ltr'>Benedicti</span> <span class='ocrx_word' id='word_1_606' title='bbox 976 3687 1190 3751; x_wconf 81' lang='lat' dir='ltr'>honore,</span> <span class='ocrx_word' id='word_1_607' title='bbox 1224 3691 1331 3741; x_wconf 89' lang='lat' dir='ltr'>etc.</span> <span class='ocrx_word' id='word_1_608' title='bbox 1365 3688 1450 3741; x_wconf 87' lang='lat' dir='ltr'>Ad</span> <span class='ocrx_word' id='word_1_609' title='bbox 1498 3686 1800 3756; x_wconf 86' lang='lat' dir='ltr'>Complen-</span> 
     </span>
    </p>
   </div>
   <div class='ocr_carea' id='block_1_87' title="bbox 132 3758 1789 3825">
    <p class='ocr_par' dir='ltr' id='par_1_87' title="bbox 132 3758 1789 3825">
     <span class='ocr_line' id='line_1_91' title="bbox 132 3758 1789 3825; baseline -0.001 -12"><span class='ocrx_word' id='word_1_610' title='bbox 132 3758 274 3814; x_wconf 84' lang='lat' dir='ltr'>dum</span> <span class='ocrx_word' id='word_1_611' title='bbox 318 3776 332 3812; x_wconf 89' lang='lat'>:</span> <span class='ocrx_word' id='word_1_612' title='bbox 360 3762 497 3825; x_wconf 79' lang='lat' dir='ltr'>Quos</span> <span class='ocrx_word' id='word_1_613' title='bbox 516 3759 830 3823; x_wconf 61' lang='lat' dir='ltr'>caelestibus,</span> <span class='ocrx_word' id='word_1_614' title='bbox 851 3758 1097 3820; x_wconf 85' lang='lat' dir='ltr'>Domine,</span> <span class='ocrx_word' id='word_1_615' title='bbox 1125 3775 1335 3812; x_wconf 87' lang='lat' dir='ltr'>recreas</span> <span class='ocrx_word' id='word_1_616' title='bbox 1355 3758 1650 3822; x_wconf 86' lang='lat' dir='ltr'>alimentis,</span> <span class='ocrx_word' id='word_1_617' title='bbox 1677 3763 1789 3812; x_wconf 88' lang='lat' dir='ltr'>etc.</span> 
     </span>
    </p>
   </div>
   <div class='ocr_carea' id='block_1_88' title="bbox 128 3828 1800 3899">
    <p class='ocr_par' dir='ltr' id='par_1_88' title="bbox 128 3828 1800 3899">
     <span class='ocr_line' id='line_1_92' title="bbox 128 3828 1800 3899; baseline -0.001 -15"><span class='ocrx_word' id='word_1_618' title='bbox 128 3832 189 3884; x_wconf 80' lang='lat' dir='ltr'>In</span> <span class='ocrx_word' id='word_1_619' title='bbox 245 3832 464 3887; x_wconf 87' lang='lat' dir='ltr'>eodem</span> <span class='ocrx_word' id='word_1_620' title='bbox 494 3832 698 3885; x_wconf 87' lang='lat' dir='ltr'>Codice</span> <span class='ocrx_word' id='word_1_621' title='bbox 742 3832 832 3885; x_wconf 85' lang='lat' dir='ltr'>die</span> <span class='ocrx_word' id='word_1_622' title='bbox 879 3828 1135 3899; x_wconf 88' lang='lat' dir='ltr'>sequenti</span> <span class='ocrx_word' id='word_1_623' title='bbox 1161 3829 1240 3883; x_wconf 91' lang='lat' dir='ltr'>ita</span> <span class='ocrx_word' id='word_1_624' title='bbox 1294 3830 1535 3884; x_wconf 88' lang='lat' dir='ltr'>habetur</span> <span class='ocrx_word' id='word_1_625' title='bbox 1567 3846 1580 3883; x_wconf 91' lang='lat'><strong>:</strong></span> <span class='ocrx_word' id='word_1_626' title='bbox 1616 3848 1642 3882; x_wconf 93' lang='lat' dir='ltr'><strong>v</strong></span> <span class='ocrx_word' id='word_1_627' title='bbox 1668 3828 1800 3883; x_wconf 84' lang='lat' dir='ltr'>Idus</span> 
     </span>
    </p>
   </div>
   <div class='ocr_carea' id='block_1_89' title="bbox 122 3900 1801 3981">
    <p class='ocr_par' dir='ltr' id='par_1_89' title="bbox 122 3900 1801 3981">
     <span class='ocr_line' id='line_1_93' title="bbox 122 3900 1801 3981; baseline -0.001 -25"><span class='ocrx_word' id='word_1_628' title='bbox 122 3902 307 3981; x_wconf 72' lang='lat' dir='ltr'>Julii,</span> <span class='ocrx_word' id='word_1_629' title='bbox 330 3902 521 3981; x_wconf 45' lang='lat' dir='ltr'>fatale</span> <span class='ocrx_word' id='word_1_630' title='bbox 536 3902 719 3981; x_wconf 69' lang='lat' dir='ltr'>sancti</span> <span class='ocrx_word' id='word_1_631' title='bbox 739 3901 1036 3981; x_wconf 67' lang='lat' dir='ltr'>Denedicli,</span> <span class='ocrx_word' id='word_1_632' title='bbox 1059 3901 1549 3981; x_wconf 73' lang='lat' dir='ltr'>quemadmodum</span> <span class='ocrx_word' id='word_1_633' title='bbox 1566 3900 1623 3954; x_wconf 91' lang='lat' dir='ltr'>in</span> <span class='ocrx_word' id='word_1_634' title='bbox 1639 3900 1801 3981; x_wconf 57' lang='lat' dir='ltr'>(lodi-</span> 
     </span>
    </p>
   </div>
   <div class='ocr_carea' id='block_1_90' title="bbox 122 3970 1800 4041">
    <p class='ocr_par' dir='ltr' id='par_1_90' title="bbox 122 3970 1800 4041">
     <span class='ocr_line' id='line_1_94' title="bbox 122 3970 1800 4041; baseline -0.001 -13"><span class='ocrx_word' id='word_1_635' title='bbox 122 3974 295 4028; x_wconf 82' lang='lat' dir='ltr'>cibus</span> <span class='ocrx_word' id='word_1_636' title='bbox 328 3972 646 4028; x_wconf 79' lang='lat' dir='ltr'>Hbemensi</span> <span class='ocrx_word' id='word_1_637' title='bbox 673 3978 730 4027; x_wconf 90' lang='lat' dir='ltr'>et</span> <span class='ocrx_word' id='word_1_638' title='bbox 759 3972 1026 4037; x_wconf 79' lang='lat' dir='ltr'>Rodradi,</span> <span class='ocrx_word' id='word_1_639' title='bbox 1074 3970 1132 4025; x_wconf 92' lang='lat' dir='ltr'>in</span> <span class='ocrx_word' id='word_1_640' title='bbox 1158 3970 1362 4041; x_wconf 89' lang='lat' dir='ltr'>quibus</span> <span class='ocrx_word' id='word_1_641' title='bbox 1393 3970 1561 4025; x_wconf 82' lang='lat' dir='ltr'>Missa</span> <span class='ocrx_word' id='word_1_642' title='bbox 1598 3976 1683 4026; x_wconf 89' lang='lat' dir='ltr'>est</span> <span class='ocrx_word' id='word_1_643' title='bbox 1730 3973 1800 4027; x_wconf 91' lang='lat' dir='ltr'>de</span> 
     </span>
    </p>
   </div>
   <div class='ocr_carea' id='block_1_91' title="bbox 121 4042 1801 4107">
    <p class='ocr_par' dir='ltr' id='par_1_91' title="bbox 121 4042 1801 4107">
     <span class='ocr_line' id='line_1_95' title="bbox 121 4042 1801 4107; baseline -0.002 -8"><span class='ocrx_word' id='word_1_644' title='bbox 121 4044 440 4099; x_wconf 86' lang='lat' dir='ltr'>communi</span> <span class='ocrx_word' id='word_1_645' title='bbox 475 4044 643 4099; x_wconf 89' lang='lat' dir='ltr'>unius</span> <span class='ocrx_word' id='word_1_646' title='bbox 673 4043 916 4107; x_wconf 86' lang='lat' dir='ltr'>abbatis,</span> <span class='ocrx_word' id='word_1_647' title='bbox 954 4044 1291 4107; x_wconf 80' lang='lat' dir='ltr'>intercessio,</span> <span class='ocrx_word' id='word_1_648' title='bbox 1325 4046 1457 4107; x_wconf 89' lang='lat' dir='ltr'>etc.,</span> <span class='ocrx_word' id='word_1_649' title='bbox 1498 4059 1629 4097; x_wconf 89' lang='lat' dir='ltr'>cum</span> <span class='ocrx_word' id='word_1_650' title='bbox 1672 4042 1801 4097; x_wconf 90' lang='lat' dir='ltr'>reli-</span> 
     </span>
    </p>
   </div>
   <div class='ocr_carea' id='block_1_92' title="bbox 120 4113 1801 4186">
    <p class='ocr_par' dir='ltr' id='par_1_92' title="bbox 120 4113 1801 4186">
     <span class='ocr_line' id='line_1_96' title="bbox 120 4113 1801 4186; baseline -0.001 -16"><span class='ocrx_word' id='word_1_651' title='bbox 120 4116 275 4186; x_wconf 84' lang='lat' dir='ltr'>quis,</span> <span class='ocrx_word' id='word_1_652' title='bbox 320 4121 383 4169; x_wconf 90' lang='lat' dir='ltr'>ut</span> <span class='ocrx_word' id='word_1_653' title='bbox 414 4117 476 4170; x_wconf 86' lang='lat' dir='ltr'>in</span> <span class='ocrx_word' id='word_1_654' title='bbox 496 4114 709 4170; x_wconf 78' lang='lat' dir='ltr'>Missali</span> <span class='ocrx_word' id='word_1_655' title='bbox 741 4118 1016 4169; x_wconf 83' lang='lat' dir='ltr'>Romano.</span> <span class='ocrx_word' id='word_1_656' title='bbox 1035 4117 1107 4167; x_wconf 84' lang='lat' dir='ltr'>At</span> <span class='ocrx_word' id='word_1_657' title='bbox 1135 4114 1190 4168; x_wconf 88' lang='lat' dir='ltr'>in</span> <span class='ocrx_word' id='word_1_658' title='bbox 1215 4114 1417 4186; x_wconf 85' lang='lat' dir='ltr'>Codice</span> <span class='ocrx_word' id='word_1_659' title='bbox 1433 4113 1663 4167; x_wconf 83' lang='lat' dir='ltr'>Ratoldi</span> <span class='ocrx_word' id='word_1_660' title='bbox 1684 4114 1801 4186; x_wconf 59' lang='lat' dir='ltr'>haec</span> 
     </span>
    </p>
   </div>
   <div class='ocr_carea' id='block_1_93' title="bbox 116 4185 1802 4256">
    <p class='ocr_par' dir='ltr' id='par_1_93' title="bbox 116 4185 1802 4256">
     <span class='ocr_line' id='line_1_97' title="bbox 116 4185 1802 4256; baseline -0.001 -16"><span class='ocrx_word' id='word_1_661' title='bbox 116 4185 386 4242; x_wconf 78' lang='lat' dir='ltr'>habetur</span> <span class='ocrx_word' id='word_1_662' title='bbox 415 4188 587 4241; x_wconf 74' lang='lat' dir='ltr'>Missa</span> <span class='ocrx_word' id='word_1_663' title='bbox 620 4187 995 4256; x_wconf 87' lang='lat' dir='ltr'>:Omnipotens</span> <span class='ocrx_word' id='word_1_664' title='bbox 1013 4187 1331 4256; x_wconf 72' lang='lat' dir='ltr'>sempiterna</span> <span class='ocrx_word' id='word_1_665' title='bbox 1380 4185 1544 4247; x_wconf 87' lang='lat' dir='ltr'>Deus,</span> <span class='ocrx_word' id='word_1_666' title='bbox 1575 4186 1671 4256; x_wconf 88' lang='lat' dir='ltr'>qui</span> <span class='ocrx_word' id='word_1_667' title='bbox 1714 4185 1802 4239; x_wconf 86' lang='lat' dir='ltr'>ho-</span> 
     </span>
    </p>
   </div>
   <div class='ocr_carea' id='block_1_94' title="bbox 114 4255 1800 4326">
    <p class='ocr_par' dir='ltr' id='par_1_94' title="bbox 114 4255 1800 4326">
     <span class='ocr_line' id='line_1_98' title="bbox 114 4255 1800 4326; baseline 0.001 -16"><span class='ocrx_word' id='word_1_668' title='bbox 114 4257 334 4311; x_wconf 74' lang='lat' dir='ltr'>dierna</span> <span class='ocrx_word' id='word_1_669' title='bbox 394 4258 510 4313; x_wconf 85' lang='lat' dir='ltr'>luce</span> <span class='ocrx_word' id='word_1_670' title='bbox 556 4257 743 4311; x_wconf 82' lang='lat' dir='ltr'>carnis</span> <span class='ocrx_word' id='word_1_671' title='bbox 789 4255 1032 4311; x_wconf 77' lang='lat' dir='ltr'>eductum</span> <span class='ocrx_word' id='word_1_672' title='bbox 1084 4255 1354 4326; x_wconf 85' lang='lat' dir='ltr'>ergastulo</span> <span class='ocrx_word' id='word_1_673' title='bbox 1404 4257 1800 4311; x_wconf 85' lang='lat' dir='ltr'>sanctissimum</span> 
     </span>
    </p>
   </div>
   <div class='ocr_carea' id='block_1_95' title="bbox 113 4327 1794 4399">
    <p class='ocr_par' dir='ltr' id='par_1_95' title="bbox 113 4327 1794 4399">
     <span class='ocr_line' id='line_1_99' title="bbox 113 4327 1794 4399; baseline -0.001 -17"><span class='ocrx_word' id='word_1_674' title='bbox 113 4332 494 4399; x_wconf 73' lang='lat' dir='ltr'>confessorem</span> <span class='ocrx_word' id='word_1_675' title='bbox 522 4337 678 4384; x_wconf 84' lang='lat' dir='ltr'>tuum</span> <span class='ocrx_word' id='word_1_676' title='bbox 710 4327 1352 4399; x_wconf 83' lang='lat' dir='ltr'>Benedictumsublevasti</span> <span class='ocrx_word' id='word_1_677' title='bbox 1365 4327 1660 4391; x_wconf 76' lang='lat' dir='ltr'>adcwlum,</span> <span class='ocrx_word' id='word_1_678' title='bbox 1687 4333 1794 4383; x_wconf 91' lang='lat' dir='ltr'>etc.</span> 
     </span>
    </p>
   </div>
   <div class='ocr_carea' id='block_1_96' title="bbox 114 4398 1802 4470">
    <p class='ocr_par' dir='ltr' id='par_1_96' title="bbox 114 4398 1802 4470">
     <span class='ocr_line' id='line_1_100' title="bbox 114 4398 1802 4470; baseline -0.001 -17"><span class='ocrx_word' id='word_1_679' title='bbox 114 4398 321 4470; x_wconf 82' lang='lat' dir='ltr'>Super</span> <span class='ocrx_word' id='word_1_680' title='bbox 380 4401 581 4455; x_wconf 87' lang='lat' dir='ltr'>oblata</span> <span class='ocrx_word' id='word_1_681' title='bbox 626 4398 898 4463; x_wconf 83' lang='lat' dir='ltr'>:Oblatis,</span> <span class='ocrx_word' id='word_1_682' title='bbox 936 4400 1182 4460; x_wconf 85' lang='lat' dir='ltr'>Domine,</span> <span class='ocrx_word' id='word_1_683' title='bbox 1235 4398 1306 4453; x_wconf 84' lang='lat' dir='ltr'>ad</span> <span class='ocrx_word' id='word_1_684' title='bbox 1355 4398 1605 4453; x_wconf 82' lang='lat' dir='ltr'>honorem</span> <span class='ocrx_word' id='word_1_685' title='bbox 1659 4399 1802 4453; x_wconf 86' lang='lat' dir='ltr'>beati</span> 
     </span>
    </p>
   </div>
   <div class='ocr_carea' id='block_1_97' title="bbox 1906 3190 3557 3261">
    <p class='ocr_par' dir='ltr' id='par_1_97' title="bbox 1906 3190 3557 3261">
     <span class='ocr_line' id='line_1_101' title="bbox 1906 3190 3557 3261; baseline -0.001 -16"><span class='ocrx_word' id='word_1_686' title='bbox 1906 3191 2151 3255; x_wconf 87' lang='lat' dir='ltr'>Domine,</span> <span class='ocrx_word' id='word_1_687' title='bbox 2182 3190 2542 3245; x_wconf 81' lang='lat' dir='ltr'>intercedente</span> <span class='ocrx_word' id='word_1_688' title='bbox 2568 3190 2715 3244; x_wconf 89' lang='lat' dir='ltr'>beato</span> <span class='ocrx_word' id='word_1_689' title='bbox 2741 3192 3073 3261; x_wconf 86' lang='lat' dir='ltr'>Cucuphate,</span> <span class='ocrx_word' id='word_1_690' title='bbox 3101 3196 3207 3245; x_wconf 91' lang='lat' dir='ltr'>etc.</span> <span class='ocrx_word' id='word_1_691' title='bbox 3264 3192 3340 3244; x_wconf 81' lang='lat' dir='ltr'>Ex</span> <span class='ocrx_word' id='word_1_692' title='bbox 3369 3190 3557 3259; x_wconf 85' lang='lat' dir='ltr'>prima</span> 
     </span>
    </p>
   </div>
   <div class='ocr_carea' id='block_1_98' title="bbox 1907 3261 3562 3330">
    <p class='ocr_par' dir='ltr' id='par_1_98' title="bbox 1907 3261 3562 3330">
     <span class='ocr_line' id='line_1_102' title="bbox 1907 3261 3562 3330; baseline -0.001 -13"><span class='ocrx_word' id='word_1_693' title='bbox 1907 3262 2180 3317; x_wconf 87' lang='lat' dir='ltr'>Oratione</span> <span class='ocrx_word' id='word_1_694' title='bbox 2205 3261 2476 3315; x_wconf 88' lang='lat' dir='ltr'>discimus</span> <span class='ocrx_word' id='word_1_695' title='bbox 2502 3261 2652 3315; x_wconf 88' lang='lat' dir='ltr'>hunc</span> <span class='ocrx_word' id='word_1_696' title='bbox 2680 3266 2938 3317; x_wconf 88' lang='lat' dir='ltr'>sanctum</span> <span class='ocrx_word' id='word_1_697' title='bbox 2968 3265 3281 3330; x_wconf 84' lang='lat' dir='ltr'>martyrem</span> <span class='ocrx_word' id='word_1_698' title='bbox 3298 3262 3562 3315; x_wconf 86' lang='lat' dir='ltr'>ﬂamma-</span> 
     </span>
    </p>
   </div>
   <div class='ocr_carea' id='block_1_99' title="bbox 1907 3331 3561 3402">
    <p class='ocr_par' dir='ltr' id='par_1_99' title="bbox 1907 3331 3561 3402">
     <span class='ocr_line' id='line_1_103' title="bbox 1907 3331 3561 3402; baseline -0.001 -15"><span class='ocrx_word' id='word_1_699' title='bbox 1907 3349 2037 3388; x_wconf 87' lang='lat' dir='ltr'>rum</span> <span class='ocrx_word' id='word_1_700' title='bbox 2092 3332 2357 3388; x_wconf 89' lang='lat' dir='ltr'>incendio</span> <span class='ocrx_word' id='word_1_701' title='bbox 2417 3332 2803 3388; x_wconf 79' lang='lat' dir='ltr'>excruciatum</span> <span class='ocrx_word' id='word_1_702' title='bbox 2861 3331 3050 3396; x_wconf 81' lang='lat' dir='ltr'>fuisse,</span> <span class='ocrx_word' id='word_1_703' title='bbox 3112 3334 3266 3402; x_wconf 88' lang='lat' dir='ltr'>quod</span> <span class='ocrx_word' id='word_1_704' title='bbox 3319 3336 3561 3387; x_wconf 89' lang='lat' dir='ltr'>testatur</span> 
     </span>
    </p>
   </div>
   <div class='ocr_carea' id='block_1_100' title="bbox 1906 3402 3558 3473">
    <p class='ocr_par' dir='ltr' id='par_1_100' title="bbox 1906 3402 3558 3473">
     <span class='ocr_line' id='line_1_104' title="bbox 1906 3402 3558 3473; baseline -0.001 -15"><span class='ocrx_word' id='word_1_705' title='bbox 1906 3405 2192 3458; x_wconf 85' lang='lat' dir='ltr'>Notkerus</span> <span class='ocrx_word' id='word_1_706' title='bbox 2239 3404 2297 3457; x_wconf 89' lang='lat' dir='ltr'>in</span> <span class='ocrx_word' id='word_1_707' title='bbox 2360 3402 2761 3473; x_wconf 84' lang='lat' dir='ltr'>Martyrologio</span> <span class='ocrx_word' id='word_1_708' title='bbox 2811 3421 2824 3456; x_wconf 87' lang='lat'><strong>:</strong></span> <span class='ocrx_word' id='word_1_709' title='bbox 2869 3403 2939 3457; x_wconf 90' lang='lat' dir='ltr'>In</span> <span class='ocrx_word' id='word_1_710' title='bbox 2983 3403 3274 3473; x_wconf 79' lang='lat' dir='ltr'>Hispania,</span> <span class='ocrx_word' id='word_1_711' title='bbox 3337 3404 3558 3458; x_wconf 85' lang='lat' dir='ltr'>civitate</span> 
     </span>
    </p>
   </div>
   <div class='ocr_carea' id='block_1_101' title="bbox 1907 3473 3550 3545">
    <p class='ocr_par' dir='ltr' id='par_1_101' title="bbox 1907 3473 3550 3545">
     <span class='ocr_line' id='line_1_105' title="bbox 1907 3473 3550 3545; baseline -0.001 -16"><span class='ocrx_word' id='word_1_712' title='bbox 1907 3475 2212 3539; x_wconf 86' lang='lat' dir='ltr'>Barcilone,</span> <span class='ocrx_word' id='word_1_713' title='bbox 2254 3473 2537 3545; x_wconf 80' lang='lat' dir='ltr'>Cucufatis</span> <span class='ocrx_word' id='word_1_714' title='bbox 2572 3474 2842 3545; x_wconf 79' lang='lat' dir='ltr'>martyris</span> <span class='ocrx_word' id='word_1_715' title='bbox 2871 3492 2889 3537; x_wconf 93' lang='lat'><em>;</em></span> <span class='ocrx_word' id='word_1_716' title='bbox 2937 3475 3030 3544; x_wconf 88' lang='lat' dir='ltr'>qui</span> <span class='ocrx_word' id='word_1_717' title='bbox 3072 3491 3138 3528; x_wconf 74' lang='lat' dir='ltr'>ea:</span> <span class='ocrx_word' id='word_1_718' title='bbox 3165 3475 3386 3528; x_wconf 85' lang='lat' dir='ltr'>civitate</span> <span class='ocrx_word' id='word_1_719' title='bbox 3417 3474 3550 3545; x_wconf 82' lang='lat' dir='ltr'>Scyl-</span> 
     </span>
    </p>
   </div>
   <div class='ocr_carea' id='block_1_102' title="bbox 1909 3544 3558 3613">
    <p class='ocr_par' dir='ltr' id='par_1_102' title="bbox 1909 3544 3558 3613">
     <span class='ocr_line' id='line_1_106' title="bbox 1909 3544 3558 3613; baseline -0.001 -14"><span class='ocrx_word' id='word_1_720' title='bbox 1909 3546 2085 3601; x_wconf 87' lang='lat' dir='ltr'>litana</span> <span class='ocrx_word' id='word_1_721' title='bbox 2111 3546 2375 3599; x_wconf 80' lang='lat' dir='ltr'>oriundus</span> <span class='ocrx_word' id='word_1_722' title='bbox 2391 3544 2532 3613; x_wconf 76' lang='lat' dir='ltr'>fuit,</span> <span class='ocrx_word' id='word_1_723' title='bbox 2556 3544 2840 3599; x_wconf 85' lang='lat' dir='ltr'>Barcilone</span> <span class='ocrx_word' id='word_1_724' title='bbox 2866 3547 2962 3598; x_wconf 90' lang='lat' dir='ltr'>sub</span> <span class='ocrx_word' id='word_1_725' title='bbox 2990 3545 3210 3599; x_wconf 81' lang='lat' dir='ltr'>Galerio</span> <span class='ocrx_word' id='word_1_726' title='bbox 3251 3544 3558 3611; x_wconf 78' lang='lat' dir='ltr'>proconsule</span> 
     </span>
    </p>
   </div>
   <div class='ocr_carea' id='block_1_103' title="bbox 1907 3615 3559 3697">
    <p class='ocr_par' dir='ltr' id='par_1_103' title="bbox 1907 3615 3559 3697">
     <span class='ocr_line' id='line_1_107' title="bbox 1907 3615 3559 3697; baseline -0.002 -26"><span class='ocrx_word' id='word_1_727' title='bbox 1907 3623 1958 3671; x_wconf 90' lang='lat' dir='ltr'>et</span> <span class='ocrx_word' id='word_1_728' title='bbox 1986 3617 2404 3697; x_wconf 34' lang='lat' dir='ltr'>Maximianoiet</span> <span class='ocrx_word' id='word_1_729' title='bbox 2436 3617 2631 3697; x_wconf 59' lang='lat' dir='ltr'>Ituﬁno</span> <span class='ocrx_word' id='word_1_730' title='bbox 2652 3632 2838 3696; x_wconf 80' lang='lat' dir='ltr'>passus</span> <span class='ocrx_word' id='word_1_731' title='bbox 2856 3616 3071 3696; x_wconf 85' lang='lat' dir='ltr'>;primo</span> <span class='ocrx_word' id='word_1_732' title='bbox 3100 3615 3417 3697; x_wconf 72' lang='lat' dir='ltr'>gravissime</span> <span class='ocrx_word' id='word_1_733' title='bbox 3447 3622 3559 3669; x_wconf 90' lang='lat' dir='ltr'>tor-</span> 
     </span>
    </p>
   </div>
   <div class='ocr_carea' id='block_1_104' title="bbox 1907 3686 3557 3751">
    <p class='ocr_par' dir='ltr' id='par_1_104' title="bbox 1907 3686 3557 3751">
     <span class='ocr_line' id='line_1_108' title="bbox 1907 3686 3557 3751; baseline -0.002 -9"><span class='ocrx_word' id='word_1_734' title='bbox 1907 3695 1994 3742; x_wconf 86' lang='lat' dir='ltr'>tus</span> <span class='ocrx_word' id='word_1_735' title='bbox 2023 3696 2071 3741; x_wconf 89' lang='lat' dir='ltr'>et</span> <span class='ocrx_word' id='word_1_736' title='bbox 2096 3703 2275 3751; x_wconf 73' lang='lat' dir='ltr'>caesus,</span> <span class='ocrx_word' id='word_1_737' title='bbox 2306 3686 2497 3741; x_wconf 84' lang='lat' dir='ltr'>deinde</span> <span class='ocrx_word' id='word_1_738' title='bbox 2525 3687 2725 3740; x_wconf 86' lang='lat' dir='ltr'>catenis</span> <span class='ocrx_word' id='word_1_739' title='bbox 2754 3690 3020 3742; x_wconf 87' lang='lat' dir='ltr'>astrictus</span> <span class='ocrx_word' id='word_1_740' title='bbox 3048 3686 3150 3751; x_wconf 84' lang='lat' dir='ltr'>;in</span> <span class='ocrx_word' id='word_1_741' title='bbox 3177 3686 3447 3741; x_wconf 84' lang='lat' dir='ltr'>craticula</span> <span class='ocrx_word' id='word_1_742' title='bbox 3472 3702 3557 3739; x_wconf 87' lang='lat' dir='ltr'>su-</span> 
     </span>
    </p>
   </div>
   <div class='ocr_carea' id='block_1_105' title="bbox 1902 3758 3547 3830">
    <p class='ocr_par' dir='ltr' id='par_1_105' title="bbox 1902 3758 3547 3830">
     <span class='ocr_line' id='line_1_109' title="bbox 1902 3758 3547 3830; baseline 0 -18"><span class='ocrx_word' id='word_1_743' title='bbox 1902 3766 2268 3830; x_wconf 74' lang='lat' dir='ltr'>perextensus,</span> <span class='ocrx_word' id='word_1_744' title='bbox 2293 3765 2437 3812; x_wconf 90' lang='lat' dir='ltr'>aceto</span> <span class='ocrx_word' id='word_1_745' title='bbox 2466 3764 2515 3812; x_wconf 88' lang='lat' dir='ltr'>et</span> <span class='ocrx_word' id='word_1_746' title='bbox 2535 3758 2732 3829; x_wconf 81' lang='lat' dir='ltr'>synapi</span> <span class='ocrx_word' id='word_1_747' title='bbox 2762 3760 3016 3829; x_wconf 67' lang='lat' dir='ltr'>per/&quot;usus</span> <span class='ocrx_word' id='word_1_748' title='bbox 3041 3759 3217 3830; x_wconf 81' lang='lat' dir='ltr'>assari</span> <span class='ocrx_word' id='word_1_749' title='bbox 3236 3760 3421 3829; x_wconf 84' lang='lat' dir='ltr'>jussus</span> <span class='ocrx_word' id='word_1_750' title='bbox 3446 3763 3547 3830; x_wconf 81' lang='lat' dir='ltr'>est.</span> 
     </span>
    </p>
   </div>
   <div class='ocr_carea' id='block_1_106' title="bbox 1910 3828 3560 3901">
    <p class='ocr_par' dir='ltr' id='par_1_106' title="bbox 1910 3828 3560 3901">
     <span class='ocr_line' id='line_1_110' title="bbox 1910 3828 3560 3901; baseline -0.003 -15"><span class='ocrx_word' id='word_1_751' title='bbox 1910 3828 2141 3901; x_wconf 79' lang='lat' dir='ltr'>Cumque</span> <span class='ocrx_word' id='word_1_752' title='bbox 2168 3830 2234 3883; x_wconf 90' lang='lat' dir='ltr'>ab</span> <span class='ocrx_word' id='word_1_753' title='bbox 2266 3830 2384 3899; x_wconf 84' lang='lat' dir='ltr'>igne</span> <span class='ocrx_word' id='word_1_754' title='bbox 2412 3836 2460 3883; x_wconf 89' lang='lat' dir='ltr'>et</span> <span class='ocrx_word' id='word_1_755' title='bbox 2488 3831 2830 3898; x_wconf 83' lang='lat' dir='ltr'>ﬂammarum</span> <span class='ocrx_word' id='word_1_756' title='bbox 2856 3829 3022 3901; x_wconf 86' lang='lat' dir='ltr'>globis</span> <span class='ocrx_word' id='word_1_757' title='bbox 3043 3828 3246 3884; x_wconf 73' lang='lat' dir='ltr'>illasus</span> <span class='ocrx_word' id='word_1_758' title='bbox 3273 3828 3560 3899; x_wconf 88' lang='lat' dir='ltr'>apparuis-</span> 
     </span>
    </p>
   </div>
   <div class='ocr_carea' id='block_1_107' title="bbox 1906 3900 3555 3971">
    <p class='ocr_par' dir='ltr' id='par_1_107' title="bbox 1906 3900 3555 3971">
     <span class='ocr_line' id='line_1_111' title="bbox 1906 3900 3555 3971; baseline -0.002 -15"><span class='ocrx_word' id='word_1_759' title='bbox 1906 3908 2002 3969; x_wconf 87' lang='lat' dir='ltr'>set,</span> <span class='ocrx_word' id='word_1_760' title='bbox 2030 3900 2096 3956; x_wconf 69' lang='lat' dir='ltr'>ea:</span> <span class='ocrx_word' id='word_1_761' title='bbox 2120 3908 2382 3971; x_wconf 71' lang='lat' dir='ltr'>pracepto</span> <span class='ocrx_word' id='word_1_762' title='bbox 2425 3902 2587 3971; x_wconf 85' lang='lat' dir='ltr'>impii</span> <span class='ocrx_word' id='word_1_763' title='bbox 2602 3902 2808 3970; x_wconf 71' lang='lat' dir='ltr'>judicia</span> <span class='ocrx_word' id='word_1_764' title='bbox 2857 3909 3017 3956; x_wconf 74' lang='lat' dir='ltr'>extra</span> <span class='ocrx_word' id='word_1_765' title='bbox 3043 3901 3315 3955; x_wconf 82' lang='lat' dir='ltr'>ciuitatem</span> <span class='ocrx_word' id='word_1_766' title='bbox 3343 3900 3555 3962; x_wconf 86' lang='lat' dir='ltr'>ductus,</span> 
     </span>
    </p>
   </div>
   <div class='ocr_carea' id='block_1_108' title="bbox 1910 3971 3559 4043">
    <p class='ocr_par' dir='ltr' id='par_1_108' title="bbox 1910 3971 3559 4043">
     <span class='ocr_line' id='line_1_112' title="bbox 1910 3971 3559 4043; baseline -0.002 -15"><span class='ocrx_word' id='word_1_767' title='bbox 1910 3975 1969 4028; x_wconf 84' lang='lat' dir='ltr'>in</span> <span class='ocrx_word' id='word_1_768' title='bbox 1997 3974 2171 4043; x_wconf 84' lang='lat' dir='ltr'>ignem</span> <span class='ocrx_word' id='word_1_769' title='bbox 2191 3974 2464 4042; x_wconf 88' lang='lat' dir='ltr'>copiosum</span> <span class='ocrx_word' id='word_1_770' title='bbox 2490 3976 2690 4026; x_wconf 85' lang='lat' dir='ltr'>iterum</span> <span class='ocrx_word' id='word_1_771' title='bbox 2716 3974 2984 4043; x_wconf 83' lang='lat' dir='ltr'>projectus</span> <span class='ocrx_word' id='word_1_772' title='bbox 3029 3979 3103 4025; x_wconf 88' lang='lat' dir='ltr'>est</span> <span class='ocrx_word' id='word_1_773' title='bbox 3163 3989 3178 4025; x_wconf 95' lang='lat'><strong><em>:</em></strong></span> <span class='ocrx_word' id='word_1_774' title='bbox 3226 3988 3345 4043; x_wconf 86' lang='lat' dir='ltr'>quo,</span> <span class='ocrx_word' id='word_1_775' title='bbox 3374 3971 3559 4043; x_wconf 74' lang='lat' dir='ltr'>divino</span> 
     </span>
    </p>
   </div>
   <div class='ocr_carea' id='block_1_109' title="bbox 1907 4041 3559 4113">
    <p class='ocr_par' dir='ltr' id='par_1_109' title="bbox 1907 4041 3559 4113">
     <span class='ocr_line' id='line_1_113' title="bbox 1907 4041 3559 4113; baseline -0.002 -15"><span class='ocrx_word' id='word_1_776' title='bbox 1907 4041 2066 4108; x_wconf 77' lang='lat' dir='ltr'>nutu,</span> <span class='ocrx_word' id='word_1_777' title='bbox 2088 4041 2364 4107; x_wconf 68' lang='lat' dir='ltr'>exstincto,</span> <span class='ocrx_word' id='word_1_778' title='bbox 2399 4044 2601 4098; x_wconf 83' lang='lat' dir='ltr'>iterum</span> <span class='ocrx_word' id='word_1_779' title='bbox 2627 4041 2786 4113; x_wconf 80' lang='lat' dir='ltr'>ferro</span> <span class='ocrx_word' id='word_1_780' title='bbox 2805 4041 3017 4097; x_wconf 75' lang='lat' dir='ltr'>cinctus</span> <span class='ocrx_word' id='word_1_781' title='bbox 3048 4043 3107 4096; x_wconf 88' lang='lat' dir='ltr'>in</span> <span class='ocrx_word' id='word_1_782' title='bbox 3135 4042 3429 4113; x_wconf 83' lang='lat' dir='ltr'>custodiam</span> <span class='ocrx_word' id='word_1_783' title='bbox 3471 4041 3559 4095; x_wconf 88' lang='lat' dir='ltr'>de-</span> 
     </span>
    </p>
   </div>
   <div class='ocr_carea' id='block_1_110' title="bbox 1910 4112 3559 4184">
    <p class='ocr_par' dir='ltr' id='par_1_110' title="bbox 1910 4112 3559 4184">
     <span class='ocr_line' id='line_1_114' title="bbox 1910 4112 3559 4184; baseline -0.002 -14"><span class='ocrx_word' id='word_1_784' title='bbox 1910 4122 2097 4171; x_wconf 86' lang='lat' dir='ltr'>trusus</span> <span class='ocrx_word' id='word_1_785' title='bbox 2127 4123 2219 4170; x_wconf 87' lang='lat' dir='ltr'>est.</span> <span class='ocrx_word' id='word_1_786' title='bbox 2257 4114 2377 4178; x_wconf 86' lang='lat' dir='ltr'>Ubi,</span> <span class='ocrx_word' id='word_1_787' title='bbox 2418 4114 2604 4168; x_wconf 83' lang='lat' dir='ltr'>divino</span> <span class='ocrx_word' id='word_1_788' title='bbox 2646 4115 2930 4184; x_wconf 85' lang='lat' dir='ltr'>splendore</span> <span class='ocrx_word' id='word_1_789' title='bbox 2980 4112 3296 4177; x_wconf 85' lang='lat' dir='ltr'>consolatus,</span> <span class='ocrx_word' id='word_1_790' title='bbox 3350 4114 3559 4167; x_wconf 87' lang='lat' dir='ltr'>iterum</span> 
     </span>
    </p>
   </div>
   <div class='ocr_carea' id='block_1_111' title="bbox 1906 4184 3554 4256">
    <p class='ocr_par' dir='ltr' id='par_1_111' title="bbox 1906 4184 3554 4256">
     <span class='ocr_line' id='line_1_115' title="bbox 1906 4184 3554 4256; baseline -0.004 -14"><span class='ocrx_word' id='word_1_791' title='bbox 1906 4187 2122 4242; x_wconf 81' lang='lat' dir='ltr'>carduis</span> <span class='ocrx_word' id='word_1_792' title='bbox 2151 4187 2349 4256; x_wconf 84' lang='lat' dir='ltr'>ferreis</span> <span class='ocrx_word' id='word_1_793' title='bbox 2378 4192 2427 4239; x_wconf 87' lang='lat' dir='ltr'>et</span> <span class='ocrx_word' id='word_1_794' title='bbox 2452 4186 2659 4240; x_wconf 85' lang='lat' dir='ltr'>laureis</span> <span class='ocrx_word' id='word_1_795' title='bbox 2673 4186 3046 4240; x_wconf 85' lang='lat' dir='ltr'>crudelissime</span> <span class='ocrx_word' id='word_1_796' title='bbox 3062 4200 3242 4256; x_wconf 62' lang='lat' dir='ltr'>ca&#39;sus,</span> <span class='ocrx_word' id='word_1_797' title='bbox 3270 4185 3331 4238; x_wconf 87' lang='lat' dir='ltr'>in</span> <span class='ocrx_word' id='word_1_798' title='bbox 3344 4184 3554 4256; x_wconf 80' lang='lat' dir='ltr'>ultimo,</span> 
     </span>
    </p>
   </div>
   <div class='ocr_carea' id='block_1_112' title="bbox 1906 4254 3559 4329">
    <p class='ocr_par' dir='ltr' id='par_1_112' title="bbox 1906 4254 3559 4329">
     <span class='ocr_line' id='line_1_116' title="bbox 1906 4254 3559 4329; baseline -0.001 -19"><span class='ocrx_word' id='word_1_799' title='bbox 1906 4257 2086 4329; x_wconf 83' lang='lat' dir='ltr'>gladio</span> <span class='ocrx_word' id='word_1_800' title='bbox 2104 4254 2401 4327; x_wconf 85' lang='lat' dir='ltr'>perimente</span> <span class='ocrx_word' id='word_1_801' title='bbox 2442 4265 2833 4329; x_wconf 22' lang='lat' dir='ltr'>cons‘uriimatus</span> <span class='ocrx_word' id='word_1_802' title='bbox 2863 4263 2961 4311; x_wconf 88' lang='lat' dir='ltr'>est.</span> <span class='ocrx_word' id='word_1_803' title='bbox 3008 4256 3140 4329; x_wconf 66' lang='lat' dir='ltr'>Haec</span> <span class='ocrx_word' id='word_1_804' title='bbox 3182 4254 3436 4329; x_wconf 87' lang='lat' dir='ltr'>ille_._Ubi</span> <span class='ocrx_word' id='word_1_805' title='bbox 3475 4259 3559 4329; x_wconf 83' lang='lat' dir='ltr'>ta-</span> 
     </span>
    </p>
   </div>
   <div class='ocr_carea' id='block_1_113' title="bbox 1910 4326 3559 4399">
    <p class='ocr_par' dir='ltr' id='par_1_113' title="bbox 1910 4326 3559 4399">
     <span class='ocr_line' id='line_1_117' title="bbox 1910 4326 3559 4399; baseline -0.002 -16"><span class='ocrx_word' id='word_1_806' title='bbox 1910 4326 2043 4384; x_wconf 82' lang='lat' dir='ltr'>men</span> <span class='ocrx_word' id='word_1_807' title='bbox 2076 4326 2195 4382; x_wconf 68' lang='lat' dir='ltr'>haec</span> <span class='ocrx_word' id='word_1_808' title='bbox 2220 4330 2390 4383; x_wconf 87' lang='lat' dir='ltr'>verba</span> <span class='ocrx_word' id='word_1_809' title='bbox 2420 4344 2430 4382; x_wconf 91' lang='lat'>:</span> <span class='ocrx_word' id='word_1_810' title='bbox 2457 4328 2562 4382; x_wconf 89' lang='lat' dir='ltr'>Sub</span> <span class='ocrx_word' id='word_1_811' title='bbox 2593 4327 2808 4382; x_wconf 85' lang='lat' dir='ltr'>Galerio</span> <span class='ocrx_word' id='word_1_812' title='bbox 2826 4326 3161 4399; x_wconf 86' lang='lat' dir='ltr'>proconsule,</span> <span class='ocrx_word' id='word_1_813' title='bbox 3189 4333 3237 4399; x_wconf 89' lang='lat' dir='ltr'>et</span> <span class='ocrx_word' id='word_1_814' title='bbox 3261 4326 3559 4399; x_wconf 68' lang='lat' dir='ltr'>Maximia-</span> 
     </span>
    </p>
   </div>
   <div class='ocr_carea' id='block_1_114' title="bbox 1910 4398 3553 4469">
    <p class='ocr_par' dir='ltr' id='par_1_114' title="bbox 1910 4398 3553 4469">
     <span class='ocr_line' id='line_1_118' title="bbox 1910 4398 3553 4469; baseline -0.001 -16"><span class='ocrx_word' id='word_1_815' title='bbox 1910 4417 1997 4463; x_wconf 89' lang='lat' dir='ltr'>no,</span> <span class='ocrx_word' id='word_1_816' title='bbox 2024 4406 2073 4453; x_wconf 87' lang='lat' dir='ltr'>et</span> <span class='ocrx_word' id='word_1_817' title='bbox 2102 4400 2294 4467; x_wconf 82' lang='lat' dir='ltr'>Ruﬁno</span> <span class='ocrx_word' id='word_1_818' title='bbox 2312 4416 2522 4469; x_wconf 87' lang='lat' dir='ltr'>passus,</span> <span class='ocrx_word' id='word_1_819' title='bbox 2547 4398 2896 4468; x_wconf 87' lang='lat' dir='ltr'>transposita</span> <span class='ocrx_word' id='word_1_820' title='bbox 2925 4403 3078 4466; x_wconf 87' lang='lat' dir='ltr'>sunt,</span> <span class='ocrx_word' id='word_1_821' title='bbox 3111 4403 3168 4453; x_wconf 90' lang='lat' dir='ltr'>et</span> <span class='ocrx_word' id='word_1_822' title='bbox 3204 4398 3511 4469; x_wconf 88' lang='lat' dir='ltr'>legendum</span> <span class='ocrx_word' id='word_1_823' title='bbox 3538 4413 3553 4452; x_wconf 88' lang='lat'><strong>:</strong></span> 
     </span>
    </p>
   </div>
   <div class='ocr_carea' id='block_1_115' title="bbox 110 4469 3486 4543">
    <p class='ocr_par' dir='ltr' id='par_1_115' title="bbox 110 4469 3486 4543">
     <span class='ocr_line' id='line_1_119' title="bbox 110 4469 3486 4543; baseline -0.001 -18"><span class='ocrx_word' id='word_1_824' title='bbox 110 4469 427 4543; x_wconf 60' lang='lat' dir='ltr'>Benedicti</span> <span class='ocrx_word' id='word_1_825' title='bbox 483 4472 800 4543; x_wconf 75' lang='lat' dir='ltr'>confessoris</span> <span class='ocrx_word' id='word_1_826' title='bbox 851 4472 938 4524; x_wconf 87' lang='lat' dir='ltr'>tui</span> <span class='ocrx_word' id='word_1_827' title='bbox 1002 4471 1233 4543; x_wconf 85' lang='lat' dir='ltr'>placare</span> <span class='ocrx_word' id='word_1_828' title='bbox 1276 4470 1609 4543; x_wconf 85' lang='lat' dir='ltr'>muneribus,</span> <span class='ocrx_word' id='word_1_829' title='bbox 1678 4476 1791 4527; x_wconf 91' lang='lat' dir='ltr'>etc.</span> <span class='ocrx_word' id='word_1_830' title='bbox 1832 4469 1874 4527; x_wconf 91' lang='lat' dir='ltr'>D</span> <span class='ocrx_word' id='word_1_831' title='bbox 1911 4470 2017 4543; x_wconf 68' lang='lat' dir='ltr'>Sub</span> <span class='ocrx_word' id='word_1_832' title='bbox 2042 4471 2232 4539; x_wconf 80' lang='lat' dir='ltr'>Ruﬁno</span> <span class='ocrx_word' id='word_1_833' title='bbox 2249 4471 2566 4539; x_wconf 85' lang='lat' dir='ltr'>proconsule</span> <span class='ocrx_word' id='word_1_834' title='bbox 2588 4477 2637 4525; x_wconf 89' lang='lat' dir='ltr'>et</span> <span class='ocrx_word' id='word_1_835' title='bbox 2669 4471 2888 4543; x_wconf 78' lang='lat' dir='ltr'>Galerio</span> <span class='ocrx_word' id='word_1_836' title='bbox 2915 4470 3255 4543; x_wconf 64' lang='lat' dir='ltr'>Maximiano</span> <span class='ocrx_word' id='word_1_837' title='bbox 3276 4485 3486 4540; x_wconf 88' lang='lat' dir='ltr'>passus.</span> 
     </span>
    </p>
   </div>
   <div class='ocr_carea' id='block_1_116' title="bbox 110 4541 1052 4612">
    <p class='ocr_par' dir='ltr' id='par_1_116' title="bbox 110 4541 1052 4612">
     <span class='ocr_line' id='line_1_120' title="bbox 110 4541 1052 4612; baseline 0 -18"><span class='ocrx_word' id='word_1_838' title='bbox 110 4542 408 4597; x_wconf 75' lang='lat' dir='ltr'>Praefatio</span> <span class='ocrx_word' id='word_1_839' title='bbox 437 4560 456 4596; x_wconf 90' lang='lat'><strong>:</strong></span> <span class='ocrx_word' id='word_1_840' title='bbox 502 4541 588 4597; x_wconf 78' lang='lat' dir='ltr'>Et</span> <span class='ocrx_word' id='word_1_841' title='bbox 625 4541 857 4612; x_wconf 84' lang='lat' dir='ltr'>gloriam</span> <span class='ocrx_word' id='word_1_842' title='bbox 903 4549 1052 4595; x_wconf 89' lang='lat' dir='ltr'>tuam</span> 
     </span>
    </p>
   </div>
   <div class='ocr_carea' id='block_1_117' title="bbox 110 4612 1802 4683">
    <p class='ocr_par' dir='ltr' id='par_1_117' title="bbox 110 4612 1802 4683">
     <span class='ocr_line' id='line_1_121' title="bbox 110 4612 1802 4683; baseline 0.002 -20"><span class='ocrx_word' id='word_1_843' title='bbox 110 4630 279 4677; x_wconf 81' lang='lat' dir='ltr'>mre,</span> <span class='ocrx_word' id='word_1_844' title='bbox 319 4619 439 4671; x_wconf 89' lang='lat' dir='ltr'>etc.</span> <span class='ocrx_word' id='word_1_845' title='bbox 470 4615 559 4668; x_wconf 81' lang='lat' dir='ltr'>Ad</span> <span class='ocrx_word' id='word_1_846' title='bbox 583 4612 1001 4683; x_wconf 76' lang='lat' dir='ltr'>Complendum</span> <span class='ocrx_word' id='word_1_847' title='bbox 1034 4636 1046 4665; x_wconf 87' lang='lat'><strong>:</strong></span> <span class='ocrx_word' id='word_1_848' title='bbox 1076 4612 1352 4666; x_wconf 82' lang='lat' dir='ltr'>Fidelium</span> <span class='ocrx_word' id='word_1_849' title='bbox 1399 4620 1639 4675; x_wconf 87' lang='lat' dir='ltr'>tuorum,</span> <span class='ocrx_word' id='word_1_850' title='bbox 1665 4630 1802 4683; x_wconf 69' lang='lat' dir='ltr'>qua:-</span> 
     </span>
    </p>
   </div>
   <div class='ocr_carea' id='block_1_118' title="bbox 106 4684 1803 4748">
    <p class='ocr_par' dir='ltr' id='par_1_118' title="bbox 106 4684 1803 4748">
     <span class='ocr_line' id='line_1_122' title="bbox 106 4684 1803 4748; baseline 0.002 -13"><span class='ocrx_word' id='word_1_851' title='bbox 106 4702 341 4747; x_wconf 63' lang='grc' dir='ltr'>αδκεις,</span> <span class='ocrx_word' id='word_1_852' title='bbox 379 4684 633 4748; x_wconf 85' lang='lat' dir='ltr'>Domine,</span> <span class='ocrx_word' id='word_1_853' title='bbox 664 4692 784 4738; x_wconf 81' lang='lat' dir='ltr'>vota</span> <span class='ocrx_word' id='word_1_854' title='bbox 819 4700 1037 4738; x_wconf 87' lang='lat' dir='ltr'>serenus</span> <span class='ocrx_word' id='word_1_855' title='bbox 1068 4684 1281 4737; x_wconf 80' lang='lat' dir='ltr'>intende</span> <span class='ocrx_word' id='word_1_856' title='bbox 1321 4701 1339 4746; x_wconf 90' lang='lat'><strong><em>;</em></strong></span> <span class='ocrx_word' id='word_1_857' title='bbox 1392 4691 1445 4739; x_wconf 90' lang='lat' dir='ltr'>et</span> <span class='ocrx_word' id='word_1_858' title='bbox 1493 4684 1803 4738; x_wconf 83' lang='lat' dir='ltr'>interventu</span> 
     </span>
    </p>
   </div>
   <div class='ocr_carea' id='block_1_119' title="bbox 109 4754 1799 4826">
    <p class='ocr_par' dir='ltr' id='par_1_119' title="bbox 109 4754 1799 4826">
     <span class='ocr_line' id='line_1_123' title="bbox 109 4754 1799 4826; baseline 0.001 -18"><span class='ocrx_word' id='word_1_859' title='bbox 109 4755 272 4809; x_wconf 75' lang='lat' dir='ltr'>beati</span> <span class='ocrx_word' id='word_1_860' title='bbox 292 4756 609 4821; x_wconf 79' lang='lat' dir='ltr'>Benedicti,</span> <span class='ocrx_word' id='word_1_861' title='bbox 629 4757 787 4826; x_wconf 82' lang='lat' dir='ltr'>cujus</span> <span class='ocrx_word' id='word_1_862' title='bbox 799 4754 1299 4825; x_wconf 84' lang='lat' dir='ltr'>depositionisdiem</span> <span class='ocrx_word' id='word_1_863' title='bbox 1322 4755 1664 4818; x_wconf 87' lang='lat' dir='ltr'>celebramus,</span> <span class='ocrx_word' id='word_1_864' title='bbox 1692 4760 1799 4810; x_wconf 89' lang='lat' dir='ltr'>etc.</span> 
     </span>
    </p>
   </div>
   <div class='ocr_carea' id='block_1_120' title="bbox 109 4826 1803 4897">
    <p class='ocr_par' dir='ltr' id='par_1_120' title="bbox 109 4826 1803 4897">
     <span class='ocr_line' id='line_1_124' title="bbox 109 4826 1803 4897; baseline 0.001 -19"><span class='ocrx_word' id='word_1_865' title='bbox 109 4826 247 4879; x_wconf 71' lang='lat' dir='ltr'>Non</span> <span class='ocrx_word' id='word_1_866' title='bbox 286 4832 500 4882; x_wconf 80' lang='lat' dir='ltr'>tamen</span> <span class='ocrx_word' id='word_1_867' title='bbox 530 4834 834 4897; x_wconf 88' lang='lat' dir='ltr'>propterea</span> <span class='ocrx_word' id='word_1_868' title='bbox 852 4826 1299 4880; x_wconf 83' lang='lat' dir='ltr'>existimandum</span> <span class='ocrx_word' id='word_1_869' title='bbox 1332 4831 1418 4879; x_wconf 92' lang='lat' dir='ltr'>est</span> <span class='ocrx_word' id='word_1_870' title='bbox 1449 4826 1644 4881; x_wconf 88' lang='lat' dir='ltr'>natale</span> <span class='ocrx_word' id='word_1_871' title='bbox 1674 4842 1803 4880; x_wconf 89' lang='lat' dir='ltr'>san-</span> 
     </span>
    </p>
   </div>
   <div class='ocr_carea' id='block_1_121' title="bbox 106 4896 1804 4967">
    <p class='ocr_par' dir='ltr' id='par_1_121' title="bbox 106 4896 1804 4967">
     <span class='ocr_line' id='line_1_125' title="bbox 106 4896 1804 4967; baseline 0.001 -18"><span class='ocrx_word' id='word_1_872' title='bbox 106 4897 191 4949; x_wconf 84' lang='lat' dir='ltr'>cti</span> <span class='ocrx_word' id='word_1_873' title='bbox 224 4896 541 4953; x_wconf 84' lang='lat' dir='ltr'>Benedicti</span> <span class='ocrx_word' id='word_1_874' title='bbox 567 4901 624 4951; x_wconf 90' lang='lat' dir='ltr'>in</span> <span class='ocrx_word' id='word_1_875' title='bbox 648 4900 800 4951; x_wconf 83' lang='lat' dir='ltr'>hanc</span> <span class='ocrx_word' id='word_1_876' title='bbox 828 4896 978 4951; x_wconf 88' lang='lat' dir='ltr'>diem</span> <span class='ocrx_word' id='word_1_877' title='bbox 1010 4897 1180 4950; x_wconf 84' lang='lat' dir='ltr'>fuisse</span> <span class='ocrx_word' id='word_1_878' title='bbox 1203 4902 1542 4967; x_wconf 86' lang='lat' dir='ltr'>translatum</span> <span class='ocrx_word' id='word_1_879' title='bbox 1573 4902 1804 4967; x_wconf 88' lang='lat' dir='ltr'>prOpter</span> 
     </span>
    </p>
   </div>
   <div class='ocr_carea' id='block_1_122' title="bbox 110 4966 1800 5041">
    <p class='ocr_par' dir='ltr' id='par_1_122' title="bbox 110 4966 1800 5041">
     <span class='ocr_line' id='line_1_126' title="bbox 110 4966 1800 5041; baseline 0.001 -21"><span class='ocrx_word' id='word_1_880' title='bbox 110 4968 689 5041; x_wconf 82' lang='lat' dir='ltr'>Quadragesimam,</span> <span class='ocrx_word' id='word_1_881' title='bbox 721 4968 945 5041; x_wconf 21' lang='lat' dir='ltr'>quiaﬁin</span> <span class='ocrx_word' id='word_1_882' title='bbox 968 4970 1169 5041; x_wconf 83' lang='lat' dir='ltr'>eodem</span> <span class='ocrx_word' id='word_1_883' title='bbox 1193 4966 1395 5041; x_wconf 87' lang='lat' dir='ltr'>Codice</span> <span class='ocrx_word' id='word_1_884' title='bbox 1428 4967 1659 5041; x_wconf 71' lang='lat' dir='ltr'>Batoldi</span> <span class='ocrx_word' id='word_1_885' title='bbox 1705 4985 1800 5022; x_wconf 84' lang='lat' dir='ltr'>ex-</span> 
     </span>
    </p>
   </div>
   <div class='ocr_carea' id='block_1_123' title="bbox 106 5038 1790 5112">
    <p class='ocr_par' dir='ltr' id='par_1_123' title="bbox 106 5038 1790 5112">
     <span class='ocr_line' id='line_1_127' title="bbox 106 5038 1790 5112; baseline 0.002 -22"><span class='ocrx_word' id='word_1_886' title='bbox 106 5042 256 5112; x_wconf 3' lang='lat' dir='ltr'>stat,</span> <span class='ocrx_word' id='word_1_887' title='bbox 294 5038 573 5112; x_wconf 71' lang='lat' dir='ltr'>ejusdem</span> <span class='ocrx_word' id='word_1_888' title='bbox 626 5041 810 5112; x_wconf 71' lang='lat' dir='ltr'>sancti</span> <span class='ocrx_word' id='word_1_889' title='bbox 853 5038 1384 5112; x_wconf 71' lang='lat' dir='ltr'>Benedictinatale</span> <span class='ocrx_word' id='word_1_890' title='bbox 1411 5039 1790 5112; x_wconf 22' lang='lat' dir='ltr'>xnhKalend.</span> 
     </span>
    </p>
   </div>
   <div class='ocr_carea' id='block_1_124' title="bbox 106 5110 1799 5180">
    <p class='ocr_par' dir='ltr' id='par_1_124' title="bbox 106 5110 1799 5180">
     <span class='ocr_line' id='line_1_128' title="bbox 106 5110 1799 5180; baseline 0.001 -18"><span class='ocrx_word' id='word_1_891' title='bbox 106 5110 372 5177; x_wconf 70' lang='lat' dir='ltr'>Aprilis,</span> <span class='ocrx_word' id='word_1_892' title='bbox 403 5114 511 5166; x_wconf 86' lang='lat' dir='ltr'>sub</span> <span class='ocrx_word' id='word_1_893' title='bbox 538 5112 649 5166; x_wconf 84' lang='lat' dir='ltr'>hoc</span> <span class='ocrx_word' id='word_1_894' title='bbox 684 5111 850 5165; x_wconf 87' lang='lat' dir='ltr'>titulo</span> <span class='ocrx_word' id='word_1_895' title='bbox 891 5133 902 5163; x_wconf 87' lang='lat'><strong>:</strong></span> <span class='ocrx_word' id='word_1_896' title='bbox 944 5128 1021 5164; x_wconf 80' lang='lat' dir='ltr'>xu</span> <span class='ocrx_word' id='word_1_897' title='bbox 1066 5110 1305 5166; x_wconf 82' lang='lat' dir='ltr'>Kalend.</span> <span class='ocrx_word' id='word_1_898' title='bbox 1350 5110 1586 5180; x_wconf 77' lang='lat' dir='ltr'>Aprilis,</span> <span class='ocrx_word' id='word_1_899' title='bbox 1619 5110 1799 5164; x_wconf 87' lang='lat' dir='ltr'>natale</span> 
     </span>
    </p>
   </div>
   <div class='ocr_carea' id='block_1_125' title="bbox 106 5181 1801 5237">
    <p class='ocr_par' dir='ltr' id='par_1_125' title="bbox 106 5181 1801 5237">
     <span class='ocr_line' id='line_1_129' title="bbox 106 5181 1801 5237; baseline 0.001 -3"><span class='ocrx_word' id='word_1_900' title='bbox 106 5183 327 5235; x_wconf 67' lang='lat' dir='ltr'>sancti</span> <span class='ocrx_word' id='word_1_901' title='bbox 380 5182 676 5237; x_wconf 76' lang='lat' dir='ltr'>Benedicti</span> <span class='ocrx_word' id='word_1_902' title='bbox 718 5182 944 5235; x_wconf 86' lang='lat' dir='ltr'>abbatis.</span> <span class='ocrx_word' id='word_1_903' title='bbox 987 5194 1012 5224; x_wconf 77' lang='grc' dir='ltr'>ι</span> <span class='ocrx_word' id='word_1_904' title='bbox 1042 5183 1098 5236; x_wconf 89' lang='lat' dir='ltr'>ln</span> <span class='ocrx_word' id='word_1_905' title='bbox 1142 5181 1481 5236; x_wconf 65' lang='lat' dir='ltr'>l’raafatione</span> <span class='ocrx_word' id='word_1_906' title='bbox 1527 5182 1706 5236; x_wconf 61' lang='lat' dir='ltr'>Missae</span> <span class='ocrx_word' id='word_1_907' title='bbox 1736 5182 1801 5235; x_wconf 83' lang='lat' dir='ltr'>fit</span> 
     </span>
    </p>
   </div>
   <div class='ocr_carea' id='block_1_126' title="bbox 106 5252 1801 5308">
    <p class='ocr_par' dir='ltr' id='par_1_126' title="bbox 106 5252 1801 5308">
     <span class='ocr_line' id='line_1_130' title="bbox 106 5252 1801 5308; baseline 0.002 -5"><span class='ocrx_word' id='word_1_908' title='bbox 106 5254 625 5308; x_wconf 84' lang='lat' dir='ltr'>commemoratio</span> <span class='ocrx_word' id='word_1_909' title='bbox 649 5253 838 5307; x_wconf 91' lang='lat' dir='ltr'>obitus</span> <span class='ocrx_word' id='word_1_910' title='bbox 866 5253 1015 5307; x_wconf 89' lang='lat' dir='ltr'>illius</span> <span class='ocrx_word' id='word_1_911' title='bbox 1046 5269 1057 5307; x_wconf 87' lang='lat'><strong>:</strong></span> <span class='ocrx_word' id='word_1_912' title='bbox 1090 5252 1424 5307; x_wconf 85' lang='lat' dir='ltr'>Honorandi</span> <span class='ocrx_word' id='word_1_913' title='bbox 1464 5253 1656 5307; x_wconf 77' lang='lat' dir='ltr'>Patris</span> <span class='ocrx_word' id='word_1_914' title='bbox 1702 5253 1801 5306; x_wconf 90' lang='lat' dir='ltr'>Be-</span> 
     </span>
    </p>
   </div>
   <div class='ocr_carea' id='block_1_127' title="bbox 108 5322 1801 5395">
    <p class='ocr_par' dir='ltr' id='par_1_127' title="bbox 108 5322 1801 5395">
     <span class='ocr_line' id='line_1_131' title="bbox 108 5322 1801 5395; baseline 0.002 -20"><span class='ocrx_word' id='word_1_915' title='bbox 108 5322 349 5395; x_wconf 45' lang='lat' dir='ltr'>nedicti</span> <span class='ocrx_word' id='word_1_916' title='bbox 367 5327 666 5395; x_wconf 78' lang='lat' dir='ltr'>gloriosum</span> <span class='ocrx_word' id='word_1_917' title='bbox 690 5323 1015 5379; x_wconf 85' lang='lat' dir='ltr'>celebrantes</span> <span class='ocrx_word' id='word_1_918' title='bbox 1038 5324 1197 5388; x_wconf 86' lang='lat' dir='ltr'>diem,</span> <span class='ocrx_word' id='word_1_919' title='bbox 1252 5326 1312 5377; x_wconf 86' lang='lat' dir='ltr'>in</span> <span class='ocrx_word' id='word_1_920' title='bbox 1361 5341 1462 5394; x_wconf 88' lang='lat' dir='ltr'>quo</span> <span class='ocrx_word' id='word_1_921' title='bbox 1511 5325 1603 5378; x_wconf 90' lang='lat' dir='ltr'>hoc</span> <span class='ocrx_word' id='word_1_922' title='bbox 1630 5340 1801 5379; x_wconf 65' lang='lat' dir='ltr'>saecu-</span> 
     </span>
    </p>
   </div>
   <div class='ocr_carea' id='block_1_128' title="bbox 110 5389 1802 5466">
    <p class='ocr_par' dir='ltr' id='par_1_128' title="bbox 110 5389 1802 5466">
     <span class='ocr_line' id='line_1_132' title="bbox 110 5389 1802 5466; baseline 0.005 -25"><span class='ocrx_word' id='word_1_923' title='bbox 110 5389 239 5446; x_wconf 64' lang='lat' dir='ltr'>lum</span> <span class='ocrx_word' id='word_1_924' title='bbox 262 5389 435 5451; x_wconf 68' lang='lat' dir='ltr'>triste</span> <span class='ocrx_word' id='word_1_925' title='bbox 456 5396 793 5451; x_wconf 79' lang='lat' dir='ltr'>deserensad</span> <span class='ocrx_word' id='word_1_926' title='bbox 814 5396 1037 5450; x_wconf 78' lang='lat' dir='ltr'>ctelestis</span> <span class='ocrx_word' id='word_1_927' title='bbox 1061 5396 1269 5466; x_wconf 75' lang='lat' dir='ltr'>patria:</span> <span class='ocrx_word' id='word_1_928' title='bbox 1291 5389 1491 5466; x_wconf 69' lang='lat' dir='ltr'>gaudia</span> <span class='ocrx_word' id='word_1_929' title='bbox 1540 5396 1802 5466; x_wconf 84' lang='lat' dir='ltr'>migravit</span> 
     </span>
    </p>
   </div>
   <div class='ocr_carea' id='block_1_129' title="bbox 108 5466 1803 5538">
    <p class='ocr_par' dir='ltr' id='par_1_129' title="bbox 108 5466 1803 5538">
     <span class='ocr_line' id='line_1_133' title="bbox 108 5466 1803 5538; baseline 0.004 -22"><span class='ocrx_word' id='word_1_930' title='bbox 108 5472 370 5530; x_wconf 67' lang='lat' dir='ltr'>caterua,</span> <span class='ocrx_word' id='word_1_931' title='bbox 418 5472 534 5524; x_wconf 88' lang='lat' dir='ltr'>etc.</span> <span class='ocrx_word' id='word_1_932' title='bbox 604 5467 1102 5538; x_wconf 70' lang='lat' dir='ltr'>Quemadmodum</span> <span class='ocrx_word' id='word_1_933' title='bbox 1154 5471 1211 5521; x_wconf 88' lang='lat' dir='ltr'>et</span> <span class='ocrx_word' id='word_1_934' title='bbox 1261 5466 1316 5520; x_wconf 91' lang='lat' dir='ltr'>in</span> <span class='ocrx_word' id='word_1_935' title='bbox 1364 5466 1633 5523; x_wconf 87' lang='lat' dir='ltr'>Oratione</span> <span class='ocrx_word' id='word_1_936' title='bbox 1674 5471 1803 5538; x_wconf 88' lang='lat' dir='ltr'>post</span> 
     </span>
    </p>
   </div>
   <div class='ocr_carea' id='block_1_130' title="bbox 108 5537 1801 5609">
    <p class='ocr_par' dir='ltr' id='par_1_130' title="bbox 108 5537 1801 5609">
     <span class='ocr_line' id='line_1_134' title="bbox 108 5537 1801 5609; baseline 0.003 -21"><span class='ocrx_word' id='word_1_937' title='bbox 108 5539 619 5595; x_wconf 83' lang='lat' dir='ltr'>communionem</span> <span class='ocrx_word' id='word_1_938' title='bbox 647 5554 659 5592; x_wconf 91' lang='lat'>:</span> <span class='ocrx_word' id='word_1_939' title='bbox 687 5538 981 5609; x_wconf 79' lang='lat' dir='ltr'>Perceptis,</span> <span class='ocrx_word' id='word_1_940' title='bbox 1015 5537 1264 5604; x_wconf 85' lang='lat' dir='ltr'>Domine,</span> <span class='ocrx_word' id='word_1_941' title='bbox 1295 5538 1436 5593; x_wconf 85' lang='lat' dir='ltr'>Deus</span> <span class='ocrx_word' id='word_1_942' title='bbox 1470 5537 1685 5604; x_wconf 80' lang='lat' dir='ltr'>noster,</span> <span class='ocrx_word' id='word_1_943' title='bbox 1717 5555 1801 5593; x_wconf 87' lang='lat' dir='ltr'>sa-</span> 
     </span>
    </p>
   </div>
   <div class='ocr_carea' id='block_1_131' title="bbox 1137 4541 1803 4612">
    <p class='ocr_par' dir='ltr' id='par_1_131' title="bbox 1137 4541 1803 4612">
     <span class='ocr_line' id='line_1_135' title="bbox 1137 4541 1803 4612; baseline 0.002 -18"><span class='ocrx_word' id='word_1_944' title='bbox 1137 4542 1342 4611; x_wconf 74' lang='lat' dir='ltr'>ro/‘usis</span> <span class='ocrx_word' id='word_1_945' title='bbox 1378 4541 1629 4612; x_wconf 87' lang='lat' dir='ltr'>precibus</span> <span class='ocrx_word' id='word_1_946' title='bbox 1683 4558 1803 4595; x_wconf 71' lang='lat' dir='ltr'>emo-</span> 
     </span>
    </p>
   </div>
   <div class='ocr_carea' id='block_1_132' title="bbox 188 5660 1801 5736">
    <p class='ocr_par' dir='ltr' id='par_1_132' title="bbox 188 5660 1801 5736">
     <span class='ocr_line' id='line_1_136' title="bbox 188 5660 1801 5736; baseline 0.002 -19"><span class='ocrx_word' id='word_1_947' title='bbox 188 5672 217 5703; x_wconf 73' lang='grc' dir='ltr'>ι</span> <span class='ocrx_word' id='word_1_948' title='bbox 252 5662 327 5717; x_wconf 84' lang='lat' dir='ltr'>In</span> <span class='ocrx_word' id='word_1_949' title='bbox 360 5664 565 5720; x_wconf 84' lang='lat' dir='ltr'>nostris</span> <span class='ocrx_word' id='word_1_950' title='bbox 596 5678 819 5736; x_wconf 86' lang='lat' dir='ltr'>quoque</span> <span class='ocrx_word' id='word_1_951' title='bbox 862 5663 996 5719; x_wconf 83' lang='lat' dir='ltr'>Mss.</span> <span class='ocrx_word' id='word_1_952' title='bbox 1043 5660 1258 5736; x_wconf 75' lang='lat' dir='ltr'>duplex</span> <span class='ocrx_word' id='word_1_953' title='bbox 1287 5661 1801 5736; x_wconf 7' lang='lat' dir='ltr'>sanctiuttene’dicti</span> 
     </span>
    </p>
   </div>
   <div class='ocr_carea' id='block_1_133' title="bbox 111 5724 1803 5811">
    <p class='ocr_par' dir='ltr' id='par_1_133' title="bbox 111 5724 1803 5811">
     <span class='ocr_line' id='line_1_137' title="bbox 111 5724 1803 5811; baseline 0.002 -24"><span class='ocrx_word' id='word_1_954' title='bbox 111 5724 336 5811; x_wconf 51' lang='lat' dir='ltr'>{cautim</span> <span class='ocrx_word' id='word_1_955' title='bbox 362 5724 712 5811; x_wconf 70' lang='lat' dir='ltr'>assignatur,</span> <span class='ocrx_word' id='word_1_956' title='bbox 735 5724 981 5811; x_wconf 64' lang='lat' dir='ltr'>&#39;ejus_sc.</span> <span class='ocrx_word' id='word_1_957' title='bbox 1023 5724 1314 5811; x_wconf 67' lang='lat' dir='ltr'>depositio</span> <span class='ocrx_word' id='word_1_958' title='bbox 1350 5750 1428 5791; x_wconf 82' lang='lat' dir='ltr'>xu</span> <span class='ocrx_word' id='word_1_959' title='bbox 1468 5732 1597 5793; x_wconf 84' lang='lat' dir='ltr'>Kal.</span> <span class='ocrx_word' id='word_1_960' title='bbox 1643 5734 1803 5811; x_wconf 79' lang='lat' dir='ltr'>Apri-</span> 
     </span>
    </p>
   </div>
   <div class='ocr_carea' id='block_1_134' title="bbox 113 5796 1377 5879">
    <p class='ocr_par' dir='ltr' id='par_1_134' title="bbox 113 5796 1377 5879">
     <span class='ocr_line' id='line_1_138' title="bbox 113 5796 1377 5879; baseline 0.002 -15"><span class='ocrx_word' id='word_1_961' title='bbox 113 5796 207 5879; x_wconf 69' lang='lat' dir='ltr'>lis,</span> <span class='ocrx_word' id='word_1_962' title='bbox 240 5811 313 5867; x_wconf 70' lang='lat' dir='ltr'>et</span> <span class='ocrx_word' id='word_1_963' title='bbox 340 5824 377 5867; x_wconf 66' lang='grc' dir='ltr'><strong>γ</strong></span> <span class='ocrx_word' id='word_1_964' title='bbox 402 5796 540 5868; x_wconf 54' lang='lat' dir='ltr'>ldis</span> <span class='ocrx_word' id='word_1_965' title='bbox 577 5796 717 5865; x_wconf 79' lang='lat' dir='ltr'>Julii</span> <span class='ocrx_word' id='word_1_966' title='bbox 744 5796 925 5865; x_wconf 73' lang='lat' dir='ltr'>rfatale</span> <span class='ocrx_word' id='word_1_967' title='bbox 949 5821 1051 5864; x_wconf 84' lang='lat' dir='ltr'>seu</span> <span class='ocrx_word' id='word_1_968' title='bbox 1068 5796 1377 5867; x_wconf 71' lang='lat' dir='ltr'>tianslatio.</span> 
     </span>
    </p>
   </div>
   <div class='ocr_carea' id='block_1_135' title="bbox 1980 4541 3562 4613">
    <p class='ocr_par' dir='ltr' id='par_1_135' title="bbox 1980 4541 3562 4613">
     <span class='ocr_line' id='line_1_139' title="bbox 1980 4541 3562 4613; baseline -0.001 -18"><span class='ocrx_word' id='word_1_969' title='bbox 1980 4542 2115 4613; x_wconf 90' lang='lat' dir='ltr'>Ejus</span> <span class='ocrx_word' id='word_1_970' title='bbox 2157 4558 2359 4613; x_wconf 87' lang='lat' dir='ltr'>corpus</span> <span class='ocrx_word' id='word_1_971' title='bbox 2413 4546 2611 4613; x_wconf 83' lang='lat' dir='ltr'>postea</span> <span class='ocrx_word' id='word_1_972' title='bbox 2656 4541 3000 4595; x_wconf 87' lang='lat' dir='ltr'>translatum</span> <span class='ocrx_word' id='word_1_973' title='bbox 3051 4546 3137 4613; x_wconf 83' lang='lat' dir='ltr'>est</span> <span class='ocrx_word' id='word_1_974' title='bbox 3164 4541 3223 4595; x_wconf 89' lang='lat' dir='ltr'>in</span> <span class='ocrx_word' id='word_1_975' title='bbox 3272 4542 3562 4613; x_wconf 79' lang='lat' dir='ltr'>monaste-</span> 
     </span>
    </p>
   </div>
   <div class='ocr_carea' id='block_1_136' title="bbox 1910 4611 3561 4683">
    <p class='ocr_par' dir='ltr' id='par_1_136' title="bbox 1910 4611 3561 4683">
     <span class='ocr_line' id='line_1_140' title="bbox 1910 4611 3561 4683; baseline -0.002 -16"><span class='ocrx_word' id='word_1_976' title='bbox 1910 4611 2058 4667; x_wconf 84' lang='lat' dir='ltr'>rium</span> <span class='ocrx_word' id='word_1_977' title='bbox 2085 4612 2266 4668; x_wconf 88' lang='lat' dir='ltr'>sancti</span> <span class='ocrx_word' id='word_1_978' title='bbox 2285 4611 2539 4683; x_wconf 87' lang='lat' dir='ltr'>Dionysii</span> <span class='ocrx_word' id='word_1_979' title='bbox 2564 4614 2811 4666; x_wconf 89' lang='lat' dir='ltr'>secundo</span> <span class='ocrx_word' id='word_1_980' title='bbox 2861 4628 2895 4666; x_wconf 94' lang='lat' dir='ltr'>a</span> <span class='ocrx_word' id='word_1_981' title='bbox 2942 4611 3161 4667; x_wconf 87' lang='lat' dir='ltr'>Lutetia</span> <span class='ocrx_word' id='word_1_982' title='bbox 3213 4611 3561 4683; x_wconf 89' lang='lat' dir='ltr'>Parisiorum</span> 
     </span>
    </p>
   </div>
   <div class='ocr_carea' id='block_1_137' title="bbox 1909 4682 3563 4755">
    <p class='ocr_par' dir='ltr' id='par_1_137' title="bbox 1909 4682 3563 4755">
     <span class='ocr_line' id='line_1_141' title="bbox 1909 4682 3563 4755; baseline -0.001 -18"><span class='ocrx_word' id='word_1_983' title='bbox 1909 4684 2117 4753; x_wconf 86' lang='lat' dir='ltr'>lapide,</span> <span class='ocrx_word' id='word_1_984' title='bbox 2153 4682 2466 4755; x_wconf 84' lang='lat' dir='ltr'>ubiadhuc</span> <span class='ocrx_word' id='word_1_985' title='bbox 2496 4683 2715 4738; x_wconf 82' lang='lat' dir='ltr'>videtur</span> <span class='ocrx_word' id='word_1_986' title='bbox 2765 4683 2823 4737; x_wconf 92' lang='lat' dir='ltr'>in</span> <span class='ocrx_word' id='word_1_987' title='bbox 2854 4699 3045 4753; x_wconf 85' lang='lat' dir='ltr'>capsa,</span> <span class='ocrx_word' id='word_1_988' title='bbox 3092 4683 3162 4755; x_wconf 84' lang='lat' dir='ltr'>in</span> <span class='ocrx_word' id='word_1_989' title='bbox 3181 4682 3376 4753; x_wconf 89' lang='lat' dir='ltr'>apside</span> <span class='ocrx_word' id='word_1_990' title='bbox 3412 4683 3563 4755; x_wconf 87' lang='lat' dir='ltr'>ejus-</span> 
     </span>
    </p>
   </div>
   <div class='ocr_carea' id='block_1_138' title="bbox 1909 4753 3560 4825">
    <p class='ocr_par' dir='ltr' id='par_1_138' title="bbox 1909 4753 3560 4825">
     <span class='ocr_line' id='line_1_142' title="bbox 1909 4753 3560 4825; baseline -0.001 -17"><span class='ocrx_word' id='word_1_991' title='bbox 1909 4756 2040 4809; x_wconf 91' lang='lat' dir='ltr'>dem</span> <span class='ocrx_word' id='word_1_992' title='bbox 2072 4753 2319 4809; x_wconf 82' lang='lat' dir='ltr'>ecclesiee</span> <span class='ocrx_word' id='word_1_993' title='bbox 2370 4755 2685 4819; x_wconf 90' lang='lat' dir='ltr'>conditum,</span> <span class='ocrx_word' id='word_1_994' title='bbox 2731 4755 2965 4825; x_wconf 88' lang='lat' dir='ltr'>ejusque</span> <span class='ocrx_word' id='word_1_995' title='bbox 3017 4753 3204 4824; x_wconf 86' lang='lat' dir='ltr'>passio</span> <span class='ocrx_word' id='word_1_996' title='bbox 3261 4753 3456 4808; x_wconf 76' lang='lat' dir='ltr'>exstat</span> <span class='ocrx_word' id='word_1_997' title='bbox 3500 4756 3560 4825; x_wconf 85' lang='lat' dir='ltr'>in</span> 
     </span>
    </p>
   </div>
   <div class='ocr_carea' id='block_1_139' title="bbox 1909 4824 3549 4898">
    <p class='ocr_par' dir='ltr' id='par_1_139' title="bbox 1909 4824 3549 4898">
     <span class='ocr_line' id='line_1_143' title="bbox 1909 4824 3549 4898; baseline -0.001 -18"><span class='ocrx_word' id='word_1_998' title='bbox 1909 4826 2212 4888; x_wconf 87' lang='lat' dir='ltr'>breviario,</span> <span class='ocrx_word' id='word_1_999' title='bbox 2237 4830 2291 4881; x_wconf 89' lang='lat' dir='ltr'>et</span> <span class='ocrx_word' id='word_1_1000' title='bbox 2320 4826 2602 4898; x_wconf 63' lang='lat' dir='ltr'>veteribus</span> <span class='ocrx_word' id='word_1_1001' title='bbox 2632 4824 2978 4898; x_wconf 82' lang='lat' dir='ltr'>lectionariis</span> <span class='ocrx_word' id='word_1_1002' title='bbox 2994 4826 3255 4898; x_wconf 87' lang='lat' dir='ltr'>ejusdem</span> <span class='ocrx_word' id='word_1_1003' title='bbox 3281 4824 3549 4880; x_wconf 74' lang='lat' dir='ltr'>cmnobii.</span> 
     </span>
    </p>
   </div>
   <div class='ocr_carea' id='block_1_140' title="bbox 1910 4896 3559 4963">
    <p class='ocr_par' dir='ltr' id='par_1_140' title="bbox 1910 4896 3559 4963">
     <span class='ocr_line' id='line_1_144' title="bbox 1910 4896 3559 4963; baseline -0.002 -12"><span class='ocrx_word' id='word_1_1004' title='bbox 1910 4898 1989 4952; x_wconf 91' lang='lat' dir='ltr'>De</span> <span class='ocrx_word' id='word_1_1005' title='bbox 2029 4898 2134 4952; x_wconf 87' lang='lat' dir='ltr'>hac</span> <span class='ocrx_word' id='word_1_1006' title='bbox 2166 4896 2543 4950; x_wconf 82' lang='lat' dir='ltr'>translatione</span> <span class='ocrx_word' id='word_1_1007' title='bbox 2574 4897 2693 4963; x_wconf 84' lang='lat' dir='ltr'>agit</span> <span class='ocrx_word' id='word_1_1008' title='bbox 2725 4896 3037 4951; x_wconf 45' lang='lat' dir='ltr'>Notkerus&#39;</span> <span class='ocrx_word' id='word_1_1009' title='bbox 3069 4897 3277 4949; x_wconf 88' lang='lat' dir='ltr'>ibidem</span> <span class='ocrx_word' id='word_1_1010' title='bbox 3317 4914 3329 4951; x_wconf 88' lang='lat'><strong>:</strong></span> <span class='ocrx_word' id='word_1_1011' title='bbox 3385 4898 3559 4963; x_wconf 80' lang='lat' dir='ltr'>Cujus</span> 
     </span>
    </p>
   </div>
   <div class='ocr_carea' id='block_1_141' title="bbox 1907 4967 3558 5038">
    <p class='ocr_par' dir='ltr' id='par_1_141' title="bbox 1907 4967 3558 5038">
     <span class='ocr_line' id='line_1_145' title="bbox 1907 4967 3558 5038; baseline -0.002 -16"><span class='ocrx_word' id='word_1_1012' title='bbox 1907 4985 2097 5038; x_wconf 86' lang='lat' dir='ltr'>corpus</span> <span class='ocrx_word' id='word_1_1013' title='bbox 2146 4985 2180 5020; x_wconf 91' lang='lat' dir='ltr'>a</span> <span class='ocrx_word' id='word_1_1014' title='bbox 2213 4968 2550 5021; x_wconf 80' lang='lat' dir='ltr'>Christianis</span> <span class='ocrx_word' id='word_1_1015' title='bbox 2593 4967 2789 5021; x_wconf 82' lang='lat' dir='ltr'>ibidem</span> <span class='ocrx_word' id='word_1_1016' title='bbox 2818 4976 2948 5025; x_wconf 85' lang='lat' dir='ltr'>tunc</span> <span class='ocrx_word' id='word_1_1017' title='bbox 2976 4968 3227 5038; x_wconf 83' lang='lat' dir='ltr'>temporis</span> <span class='ocrx_word' id='word_1_1018' title='bbox 3271 4967 3558 5037; x_wconf 87' lang='lat' dir='ltr'>sepultum,</span> 
     </span>
    </p>
   </div>
   <div class='ocr_carea' id='block_1_142' title="bbox 1906 5038 3561 5109">
    <p class='ocr_par' dir='ltr' id='par_1_142' title="bbox 1906 5038 3561 5109">
     <span class='ocr_line' id='line_1_146' title="bbox 1906 5038 3561 5109; baseline -0.001 -16"><span class='ocrx_word' id='word_1_1019' title='bbox 1906 5039 1997 5093; x_wconf 84' lang='lat' dir='ltr'>sed</span> <span class='ocrx_word' id='word_1_1020' title='bbox 2021 5038 2349 5109; x_wconf 87' lang='lat' dir='ltr'>postmodum</span> <span class='ocrx_word' id='word_1_1021' title='bbox 2396 5039 2519 5091; x_wconf 83' lang='lat' dir='ltr'>inde</span> <span class='ocrx_word' id='word_1_1022' title='bbox 2564 5039 2895 5092; x_wconf 82' lang='lat' dir='ltr'>translatum</span> <span class='ocrx_word' id='word_1_1023' title='bbox 2948 5056 3051 5092; x_wconf 84' lang='lat' dir='ltr'>non</span> <span class='ocrx_word' id='word_1_1024' title='bbox 3094 5038 3241 5109; x_wconf 89' lang='lat' dir='ltr'>longe</span> <span class='ocrx_word' id='word_1_1025' title='bbox 3280 5056 3313 5091; x_wconf 91' lang='lat' dir='ltr'>a</span> <span class='ocrx_word' id='word_1_1026' title='bbox 3340 5039 3561 5092; x_wconf 79' lang='lat' dir='ltr'>civitate</span> 
     </span>
    </p>
   </div>
   <div class='ocr_carea' id='block_1_143' title="bbox 1908 5109 3561 5181">
    <p class='ocr_par' dir='ltr' id='par_1_143' title="bbox 1908 5109 3561 5181">
     <span class='ocr_line' id='line_1_147' title="bbox 1908 5109 3561 5181; baseline 0 -17"><span class='ocrx_word' id='word_1_1027' title='bbox 1908 5111 2195 5164; x_wconf 80' lang='lat' dir='ltr'>Parisiaca</span> <span class='ocrx_word' id='word_1_1028' title='bbox 2248 5111 2308 5162; x_wconf 88' lang='lat' dir='ltr'>in</span> <span class='ocrx_word' id='word_1_1029' title='bbox 2338 5109 2556 5163; x_wconf 87' lang='lat' dir='ltr'>ecclesia</span> <span class='ocrx_word' id='word_1_1030' title='bbox 2598 5109 2871 5164; x_wconf 86' lang='lat' dir='ltr'>beatorum</span> <span class='ocrx_word' id='word_1_1031' title='bbox 2922 5117 3225 5181; x_wconf 84' lang='lat' dir='ltr'>martyrum</span> <span class='ocrx_word' id='word_1_1032' title='bbox 3282 5111 3561 5181; x_wconf 87' lang='lat' dir='ltr'>Dionysii,</span> 
     </span>
    </p>
   </div>
   <div class='ocr_carea' id='block_1_144' title="bbox 1908 5181 3566 5252">
    <p class='ocr_par' dir='ltr' id='par_1_144' title="bbox 1908 5181 3566 5252">
     <span class='ocr_line' id='line_1_148' title="bbox 1908 5181 3566 5252; baseline -0.001 -15"><span class='ocrx_word' id='word_1_1033' title='bbox 1908 5182 2124 5237; x_wconf 83' lang='lat' dir='ltr'>Rustici</span> <span class='ocrx_word' id='word_1_1034' title='bbox 2145 5188 2195 5234; x_wconf 89' lang='lat' dir='ltr'>et</span> <span class='ocrx_word' id='word_1_1035' title='bbox 2222 5181 2533 5235; x_wconf 86' lang='lat' dir='ltr'>Eleutherii</span> <span class='ocrx_word' id='word_1_1036' title='bbox 2561 5181 2911 5245; x_wconf 87' lang='lat' dir='ltr'>translatum,</span> <span class='ocrx_word' id='word_1_1037' title='bbox 2936 5189 2983 5235; x_wconf 86' lang='lat' dir='ltr'>et</span> <span class='ocrx_word' id='word_1_1038' title='bbox 3000 5198 3159 5252; x_wconf 86' lang='lat' dir='ltr'>usque</span> <span class='ocrx_word' id='word_1_1039' title='bbox 3188 5181 3258 5235; x_wconf 83' lang='lat' dir='ltr'>ad</span> <span class='ocrx_word' id='word_1_1040' title='bbox 3286 5182 3392 5234; x_wconf 71' lang='lat' dir='ltr'>haec</span> <span class='ocrx_word' id='word_1_1041' title='bbox 3421 5181 3566 5236; x_wconf 86' lang='lat' dir='ltr'>Nor-</span> 
     </span>
    </p>
   </div>
   <div class='ocr_carea' id='block_1_145' title="bbox 1911 5252 3564 5323">
    <p class='ocr_par' dir='ltr' id='par_1_145' title="bbox 1911 5252 3564 5323">
     <span class='ocr_line' id='line_1_149' title="bbox 1911 5252 3564 5323; baseline -0.001 -16"><span class='ocrx_word' id='word_1_1042' title='bbox 1911 5270 2229 5307; x_wconf 88' lang='lat' dir='ltr'>mannorum</span> <span class='ocrx_word' id='word_1_1043' title='bbox 2258 5261 2497 5323; x_wconf 85' lang='lat' dir='ltr'>tempora</span> <span class='ocrx_word' id='word_1_1044' title='bbox 2523 5254 2669 5306; x_wconf 88' lang='lat' dir='ltr'>omni</span> <span class='ocrx_word' id='word_1_1045' title='bbox 2696 5270 2813 5308; x_wconf 86' lang='lat' dir='ltr'>cum</span> <span class='ocrx_word' id='word_1_1046' title='bbox 2845 5253 3039 5307; x_wconf 86' lang='lat' dir='ltr'>honore</span> <span class='ocrx_word' id='word_1_1047' title='bbox 3072 5252 3279 5307; x_wconf 86' lang='lat' dir='ltr'>cultum</span> <span class='ocrx_word' id='word_1_1048' title='bbox 3306 5259 3400 5305; x_wconf 85' lang='lat' dir='ltr'>est.</span> <span class='ocrx_word' id='word_1_1049' title='bbox 3448 5253 3564 5323; x_wconf 80' lang='lat' dir='ltr'>Hu-_</span> 
     </span>
    </p>
   </div>
   <div class='ocr_carea' id='block_1_146' title="bbox 1902 5321 3564 5398">
    <p class='ocr_par' dir='ltr' id='par_1_146' title="bbox 1902 5321 3564 5398">
     <span class='ocr_line' id='line_1_150' title="bbox 1902 5321 3564 5398; baseline -0.002 -20"><span class='ocrx_word' id='word_1_1050' title='bbox 1902 5325 1998 5398; x_wconf 81' lang='lat' dir='ltr'>jus</span> <span class='ocrx_word' id='word_1_1051' title='bbox 2032 5323 2297 5398; x_wconf 78' lang='lat' dir='ltr'>martyris</span> <span class='ocrx_word' id='word_1_1052' title='bbox 2325 5321 2540 5398; x_wconf 70' lang='lat' dir='ltr'>mentio</span> <span class='ocrx_word' id='word_1_1053' title='bbox 2572 5324 2719 5398; x_wconf 90' lang='lat' dir='ltr'>ﬁtin</span> <span class='ocrx_word' id='word_1_1054' title='bbox 2760 5324 3161 5398; x_wconf 56' lang='lat' dir='ltr'>tiartyrologio</span> <span class='ocrx_word' id='word_1_1055' title='bbox 3214 5340 3326 5377; x_wconf 89' lang='lat' dir='ltr'>ms.</span> <span class='ocrx_word' id='word_1_1056' title='bbox 3382 5321 3564 5398; x_wconf 81' lang='lat' dir='ltr'>sancti</span> 
     </span>
    </p>
   </div>
   <div class='ocr_carea' id='block_1_147' title="bbox 1910 5394 3563 5465">
    <p class='ocr_par' dir='ltr' id='par_1_147' title="bbox 1910 5394 3563 5465">
     <span class='ocr_line' id='line_1_151' title="bbox 1910 5394 3563 5465; baseline -0.003 -14"><span class='ocrx_word' id='word_1_1057' title='bbox 1910 5394 2280 5465; x_wconf 83' lang='lat' dir='ltr'>Hieronymi:</span> <span class='ocrx_word' id='word_1_1058' title='bbox 2328 5394 2396 5449; x_wconf 91' lang='lat' dir='ltr'>In</span> <span class='ocrx_word' id='word_1_1059' title='bbox 2427 5394 2715 5465; x_wconf 84' lang='lat' dir='ltr'>Hispania,</span> <span class='ocrx_word' id='word_1_1060' title='bbox 2764 5394 3337 5457; x_wconf 32' lang='lat' dir='ltr'>Barctlona’cicitate,</span> <span class='ocrx_word' id='word_1_1061' title='bbox 3380 5396 3563 5465; x_wconf 82' lang='lat' dir='ltr'>passio</span> 
     </span>
    </p>
   </div>
   <div class='ocr_carea' id='block_1_148' title="bbox 1907 5468 2712 5539">
    <p class='ocr_par' dir='ltr' id='par_1_148' title="bbox 1907 5468 2712 5539">
     <span class='ocr_line' id='line_1_152' title="bbox 1907 5468 2712 5539; baseline -0.002 -16"><span class='ocrx_word' id='word_1_1062' title='bbox 1907 5468 2086 5523; x_wconf 84' lang='lat' dir='ltr'>sancti</span> <span class='ocrx_word' id='word_1_1063' title='bbox 2108 5468 2398 5539; x_wconf 78' lang='lat' dir='ltr'>Gucu/atts</span> <span class='ocrx_word' id='word_1_1064' title='bbox 2410 5538 2417 5539; x_wconf 14' lang='grc' dir='ltr'>ί</span> <span class='ocrx_word' id='word_1_1065' title='bbox 2429 5468 2712 5539; x_wconf 82' lang='lat' dir='ltr'>martyris.</span> 
     </span>
    </p>
   </div>
   <div class='ocr_carea' id='block_1_149' title="bbox 1980 5535 3566 5596">
    <p class='ocr_par' dir='ltr' id='par_1_149' title="bbox 1980 5535 3566 5596">
     <span class='ocr_line' id='line_1_153' title="bbox 1980 5535 3566 5596; baseline -0.003 0"><span class='ocrx_word' id='word_1_1066' title='bbox 1980 5539 2101 5596; x_wconf 73' lang='grc'><strong>434.</strong></span> <span class='ocrx_word' id='word_1_1067' title='bbox 2142 5535 2330 5593; x_wconf 82' lang='lat' dir='ltr'>Sancti</span> <span class='ocrx_word' id='word_1_1068' title='bbox 2398 5535 2610 5593; x_wconf 76' lang='lat' dir='ltr'>Felicis.</span> <span class='ocrx_word' id='word_1_1069' title='bbox 2650 5538 2734 5594; x_wconf 89' lang='lat' dir='ltr'>Ita</span> <span class='ocrx_word' id='word_1_1070' title='bbox 2763 5536 2819 5593; x_wconf 89' lang='lat' dir='ltr'>in</span> <span class='ocrx_word' id='word_1_1071' title='bbox 2874 5536 3126 5595; x_wconf 88' lang='lat' dir='ltr'>Excusis.</span> <span class='ocrx_word' id='word_1_1072' title='bbox 3162 5537 3223 5592; x_wconf 90' lang='lat' dir='ltr'>In</span> <span class='ocrx_word' id='word_1_1073' title='bbox 3257 5535 3399 5591; x_wconf 90' lang='lat' dir='ltr'>Cod.</span> <span class='ocrx_word' id='word_1_1074' title='bbox 3454 5535 3566 5591; x_wconf 83' lang='lat' dir='ltr'>Ro-</span> 
     </span>
    </p>
   </div>
   <div class='ocr_carea' id='block_1_150' title="bbox 1978 5660 3567 5722">
    <p class='ocr_par' dir='ltr' id='par_1_150' title="bbox 1978 5660 3567 5722">
     <span class='ocr_line' id='line_1_154' title="bbox 1978 5660 3567 5722; baseline -0.001 0"><span class='ocrx_word' id='word_1_1075' title='bbox 1978 5665 2008 5708; x_wconf 77' lang='lat' dir='ltr'>b</span> <span class='ocrx_word' id='word_1_1076' title='bbox 2037 5665 2219 5722; x_wconf 82' lang='lat' dir='ltr'>Nostri</span> <span class='ocrx_word' id='word_1_1077' title='bbox 2252 5663 2481 5719; x_wconf 87' lang='lat' dir='ltr'>Codices</span> <span class='ocrx_word' id='word_1_1078' title='bbox 2530 5664 2791 5722; x_wconf 84' lang='lat' dir='ltr'>exhibent</span> <span class='ocrx_word' id='word_1_1079' title='bbox 2816 5664 2917 5722; x_wconf 87' lang='lat' dir='ltr'>hoc</span> <span class='ocrx_word' id='word_1_1080' title='bbox 2971 5662 3185 5722; x_wconf 83' lang='lat' dir='ltr'>festum.</span> <span class='ocrx_word' id='word_1_1081' title='bbox 3236 5661 3296 5717; x_wconf 90' lang='lat' dir='ltr'>In</span> <span class='ocrx_word' id='word_1_1082' title='bbox 3359 5660 3567 5721; x_wconf 70' lang='lat' dir='ltr'>Theod.</span> 
     </span>
    </p>
   </div>
   <div class='ocr_carea' id='block_1_151' title="bbox 1911 5735 2596 5813">
    <p class='ocr_par' dir='ltr' id='par_1_151' title="bbox 1911 5735 2596 5813">
     <span class='ocr_line' id='line_1_155' title="bbox 1911 5735 2596 5813; baseline 0.001 -17"><span class='ocrx_word' id='word_1_1083' title='bbox 1911 5738 2228 5813; x_wconf 82' lang='lat' dir='ltr'>assignatur</span> <span class='ocrx_word' id='word_1_1084' title='bbox 2254 5735 2365 5793; x_wconf 84' lang='lat' dir='ltr'>alia</span> <span class='ocrx_word' id='word_1_1085' title='bbox 2396 5735 2596 5797; x_wconf 73' lang='lat' dir='ltr'>Missa.</span> 
     </span>
    </p>
   </div>
  </div>
