3994 6172
483 253 600 328 ιοτ

1241 211 1317 322 iu
1359 258 1419 322 s.
1465 254 1826 320 casaoau
1868 253 2146 318 uanum
2187 249 2852 319 SACRAMENTORUM
2895 253 3132 318 nom.

3738 261 3838 324 £08

485 410 814 472 quasugnus,
852 392 1096 472 Domine,
1147 391 1860 472 sol‘emniterimmolandas,
1905 395 2011 448 etc.
2053 390 2139 445 Ad
2171 391 2218 452 Α
2253 389 2519 472 hpdierna
2673 391 3046 472 in_conspectu
3070 387 3373 472 Maiestatis
3401 396 3508 472 tua
3535 389 3845 472 beatitudinis

491 463 907 540 Complendum
952 482 976 540 :_
1015 464 1566 540 Sumpti's,_Domi'ne,
1599 463 1913 540 ealestibus
1958 479 2143 540 sacra-

429 567 438 572 -
488 535 685 596 mentis
710 546 758 593 et
777 537 1132 609 pramiorum
1161 536 1410 608 gaudiis;
1439 537 1496 590 ln
1532 537 1714 609 prima
1733 539 1930 609 autem
1957 535 2138 609 Missa,

489 623 659 696 pro:
691 606 1013 696 ιῖιτίοοςηεξθ
1047 606 1358 696 legendae.
1397 612 1486 696 93':
1515 606 1687 696 417
1709 606 2048 696 Irrue}
2082 610 2145 696 ιξέ

492 677 552 738 in
596 679 1002 752 Martyrologio
1034 695 1140 732 ms.
1181 679 1358 752 sancti
1397 677 2056 752 Hieronymi,_Bomano,
2091 682 2145 732 et

494 753 621 809 aliis
665 748 976 808 nonnullis.
1027 750 1222 805 Sancti
1260 749 1465 804 Vitalis
1528 748 1794 804 meminit
1846 749 2145 804 Ordericus

493 823 720 886 Vitalis,
766 823 862 877 lib.
908 838 1006 876 xm
1054 821 1193 875 Hist.
1250 821 1410 884 eccl.,
1457 822 1559 874 sub
1603 820 1795 882 ﬁnem,
1841 819 2146 889 scribitque

494 912 678 951 unum
705 911 827 948 esse
867 909 934 948 ex
977 893 1156 947 sancti
1188 891 1441 946 Mauricii
1469 891 1636 946 sociis
1663 907 1674 944 :
1710 892 2018 951 Nomenque
2061 891 2148 945 Vi-

497 968 632 1024 tatis
661 983 760 1036 pro
782 964 1018 1036 angelico
1046 965 1332 1036 vocamine,
1373 963 1507 1033 quod
1535 963 1874 1036 Normannis
1896 963 2148 1036 absonum

496 1034 824 1100 censebatur,
857 1035 1000 1089 mihi
1023 1035 1327 1104 impositum
1358 1042 1434 1087 est
1458 1052 1478 1098 ;
1505 1034 1648 1104 quod
1673 1034 1738 1088 ab
1764 1051 1869 1088 uno
1882 1034 2149 1104 sodalium

497 1107 682 1165 sancti
704 1105 974 1161 Mauricii
999 1103 1281 1176 martyris,
1315 1107 1469 1176 cujus
1497 1103 1624 1160 tunc
1661 1107 1994 1176 martyrium
2019 1103 2150 1160 cele-

499 1179 784 1242 brabatur,
815 1183 1115 1232 mutuatum
1148 1184 1248 1230 est.

569 1251 696 1304 486.
737 1248 902 1314 Deus,
941 1250 1039 1320 qui
1061 1247 1465 1320 tribuspueris,
1511 1250 1616 1302 etc.
1661 1247 1976 1320 lngCoﬁdice
2007 1247 2151 1320 Rhe-

498 1320 726 1377 mensi:
784 1318 963 1386 Deus,
991 1321 1148 1390 cujus
1194 1318 1491 1374 adoranda
1543 1319 1783 1390 potentia
1825 1319 2149 1389 Majestutis,

499 1394 730 1471 ﬂamma
757 1391 1036 1471 saevientis
1061 1389 1376 1471 incendium
1403 1389 1612 1471 sanctis
1643 1389 1819 1471 tribus
1860 1391 2050 1471 pueris
2092 1391 2152 1443 in

497 1460 831 1534 splendorem
859 1467 1124 1534 mutatum
1155 1469 1252 1534 est,
1291 1465 1395 1534 etc_.
1431 1460 1815 1534 CuiOrationi
1843 1460 1918 1534 in
1947 1462 2151 1516 eodem

500 1531 705 1592 Codice
745 1532 1059 1603 praﬁgitur
1099 1537 1156 1584 τὸ
1201 1533 1326 1587 Post
1353 1531 1773 1597 Benedictiones,
1801 1531 1858 1586 id
1888 1536 1994 1600 est,
2027 1535 2155 1603 post

499 1605 787 1663 canticum
819 1603 1130 1658 Benedicite
1157 1604 1339 1674 omnia
1375 1619 1540 1674 opera
1559 1603 1800 1674 Domini,
1828 1609 1934 1658 etc.

571 1675 695 1732 487.
729 1675 1031 1730 Restrictis.
1059 1675 1119 1729 ln
1146 1673 1346 1730 Codice
1363 1673 1671 1728 Rhemensi
1690 1673 1895 1732 lenitur
1914 1674 2150 1731 strictis.

571 1746 696 1802 488.
731 1745 1010 1801 Custodiat
1036 1746 1281 1800 custodia
1309 1749 1366 1797 τό
1397 1745 1642 1800 custodia
1668 1745 1972 1800 redundat.

569 1819 695 1872 489.
725 1817 923 1871 Adesto
945 1817 1085 1883 plebi
1107 1823 1240 1883 tua,
1275 1820 1380 1872 etc.
1417 1817 1476 1870 In
1516 1816 1816 1872 Codicibus
1847 1815 2153 1872 Rhcmensi

500 1892 558 1944 et
604 1887 830 1945 Ratoldi
872 1887 1278 1960 subjungitur:
1322 1888 1648 1960 Perpetuam
1686 1887 1852 1950 nobis.
1901 1887 2148 1960 Domine,

501 1965 610 2016 tua
632 1959 1000 2014 miserationis
1025 1958 1230 2030 prasta
1257 1958 1574 2022 subsidium,
1601 1963 1737 2030 etc.,
1775 1963 1832 2012 ut
1859 1959 2011 2030 apud
2050 1959 2154 2014 Pa-

498 2031 758 2087 melium.
792 2032 976 2095 Quam
1005 2030 1062 2084 in
1095 2029 1298 2084 Codice
1327 2030 1553 2085 Ratoldi
1584 2029 1842 2100 sequitur
1868 2029 1981 2085 alia
2008 2047 2025 2083 :
2065 2030 2152 2085 Da

497 2103 670 2166 nobis,
700 2120 843 2157 omn.
871 2101 1031 2169 Deus,
1061 2101 1200 2155 beati
1229 2101 1513 2156 Michaelis
1555 2100 1892 2169 archangeli,
1933 2105 2038 2156 etc.

571 2173 748 2229 Porro
778 2173 837 2228 in
883 2172 1131 2238 Excusis,
1177 2176 1234 2228 et
1257 2172 1313 2226 in
1343 2171 1546 2227 Codice
1577 2171 1800 2227 Ratoldi
1843 2172 2146 2243 sequitur:

497 2259 536 2299 ιι
566 2244 804 2301 Kalend.
858 2244 994 2305 θεῖ..
1025 2243 1057 2284 ι)
1083 2243 1266 2298 natale
1302 2243 1478 2297 sancti
1519 2243 1877 2313 Hieronymi;
1920 2242 2016 2298 sed
2067 2242 2148 2296 di-

495 2331 673 2370 versae
705 2319 841 2369 sunt
883 2313 1205 2376 Orationes,
1252 2330 1374 2384 qua
1405 2313 1460 2368 in
1503 2315 1706 2370 Codice
1755 2313 1979 2368 Ratoldi
2017 2318 2152 2370 sunt

497 2386 784 2456 ejusmodi
818 2402 829 2440 :
859 2384 1044 2439 Sancti
1073 2387 1156 2457 tui
1198 2384 1522 2457 Hieronymi
1568 2403 1682 2448 nos,
1727 2385 1977 2457 Domine,
2007 2401 2150 2457 qua-

496 2455 700 2522 sumus,
729 2457 1057 2512 intervenlio
1083 2455 1317 2527 gloriosa
1331 2455 1647 2510 commendet
1677 2456 1896 2527 :Super
1914 2455 2109 2512 oblata
2133 2473 2146 2511 :

497 2527 734 2608 §uscipe,
778 2527 1028 2608 Domine,
1073 2526 1356 2608 propitius
1402 2527 1705 2608 Orationem
1747 2526 2007 2608 uestram,
2039 2532 2146 2584 etc.

497 2597 772 2654 Praefatio
801 2619 812 2657 :
847 2599 918 2653 Et
946 2602 1094 2654 tuam
1119 2597 1550 2654 misericordiam
1579 2599 1878 2669 deprecari,
1917 2607 1979 2655 ut
2009 2617 2152 2654 men-

499 2670 642 2727 tibus
669 2670 872 2724 nostris
891 2669 1030 2724 beati
1054 2669 1372 2741 Hieronymi
1395 2669 1693 2740 presbyteri
1708 2672 1941 2741 repetita
1967 2671 2153 2726 solem~

497 2742 673 2796 nitate
688 2741 968 2811 spiritalis
985 2741 1204 2796 latitia
1227 2740 1438 2795 tribuat
1447 2742 1660 2811 jugiter
1673 2740 2019 2804 suavitatem.
2042 2747 2147 2797 etc.

501 2813 606 2868 Ubi
637 2812 759 2868 haec
789 2813 978 2878 verba,
1007 2812 1992 2882 repetitasolemnitate,subindicant
2013 2814 2150 2868 olim

501 2884 559 2955 in
585 2883 834 2940 Ecclesia
853 2882 1361 2955 fuisscduplicems
1391 2883 1924 2955 sanctiHieronymi
1947 2885 2154 2939 solem-

498 2954 767 3018 nitatem,
800 2956 902 3009 etsi
942 2953 999 3008 in
1054 2953 1160 3008 hoc
1199 2954 1425 3009 Ratoldi
1456 2954 1658 3010 Codice
1688 2955 1761 3009 sit
1808 2953 1974 3010 unica
2004 2957 2153 3010 dun-

499 3030 680 3081 taxat.
714 3025 799 3080 Ad
820 3021 1228 3096 complendum
1256 3043 1268 3080 :
1305 3025 1512 3091 Votiva,
1542 3027 1777 3092 Domine,
1807 3026 1947 3082 beati
1965 3027 2152 3082 Hiero-

501 3099 656 3170 nymi
677 3097 817 3151 dona
839 3096 1192 3222 perceén'mus,
1224 3099 1333 3151 etc.

575 3168 637 3222 In
676 3169 880 3222 eodem
907 3170 983 3222 Co
1031 3171 1112 3222 ice
1145 3167 1333 3222 Rhemt

575 3168 637 3240 In
676 3167 880 3240 eodem
907 3167 1127 3240 Codice
1143 3167 1448 3240 Bhemensi
1477 3169 1731 3240 sequitur
1763 3188 1776 3227 :
1811 3169 2004 3224 Pridie
2033 3169 2152 3223 Ka-

505 3239 646 3294 lend.
680 3238 881 3303 0ctob.,
918 3239 944 3281 d
994 3238 1186 3309 vigilia
1228 3240 1405 3294 sancti
1447 3238 1702 3310 Reniegii.
1749 3241 1944 3295 Oratio
1977 3257 1990 3294 :
2025 3240 2154 3296 Hac

503 3311 654 3365 nobis
681 3311 987 3383 solemnitas
1013 3310 1575 3383 beatissimiRemegii
1613 3311 1930 3380 confessoris
1961 3313 2046 3383 tui
2073 3319 2155 3366 at-

539 3399 602 3435 ue
645 3381 915 3453 pontiﬁcis
960 3382 1172 3437 meritis
1213 3381 1508 3447 inchoata,
1535 3387 1640 3438 etc.
1691 3383 1872 3453 Super
1917 3382 2151 3438 oblata:

559 3453 1186 3526 escendat,rquasumus,
1215 3453 1460 3518 Domine,
1494 3471 1668 3526 super
1710 3454 1802 3509 hoc
1829 3455 2157 3526 sacriﬁcium

505 3524 883 3597 misericordia
911 3532 1026 3588 tua,
1062 3528 1168 3580 etc.
1198 3524 1742 3582 Contestada.Vere
1776 3524 2038 3597 dignum.
2063 3569 2076 3582 .
2099 3570 2110 3582 .
2133 3566 2148 3580 .

505 3612 608 3666 quo
639 3595 813 3669 igitur
843 3596 1226 3669 interveniente
1273 3597 1424 3650 beato
1453 3597 1700 3669 Remegio
1745 3595 2039 3669 confessore
2068 3605 2158 3653 tuo

505 3667 768 3738 supplices
809 3668 1034 3738 pietatis
1060 3673 1168 3722 tua
1200 3667 1625 3722 misericordiam
1665 3667 2014 3738 postulamus,
2046 3673 2152 3724 etc.

507 3738 645 3793 Post
671 3738 1145 3810 Communionem
1176 3755 1190 3793 :
1217 3738 1503 3793 Credimus
1528 3755 1776 3810 magnum
1805 3741 1964 3794 istum
1990 3740 2160 3809 pieta-

509 3810 580 3881 tis
605 3811 946 3881 mysterium.
978 3808 1078 3864 Ubi
1112 3810 1549 3881 notandum'est
1574 3808 1631 3864 in
1673 3811 1866 3881 multis
1894 3808 2030 3865 mss.
2060 3812 2160 3881 Co-

507 3879 726 3935 dicibus
753 3879 918 3936 scribi
947 3880 1202 3951 Remegii,
1234 3895 1334 3950 pro
1359 3880 1614 3951 Remigii,
1636 3885 1697 3934 ut
1717 3880 1772 3934 in
1798 3880 1905 3936 hoc
1931 3880 2158 3936 Codice.

509 3951 671 4007 Unde
700 3955 759 4006 et
782 3951 836 4005 in
887 3951 1081 4005 multis
1104 3951 1399 4006 Codicibus
1429 3968 1564 4006 mss.
1612 3955 1668 4006 et
1698 3951 1950 4022 antiquis
1981 3954 2157 4008 Excu-

509 4023 606 4094 sis,
639 4027 864 4078 mutato
897 4039 930 4092 g
954 4022 1011 4076 in
1042 4023 1095 4087 d,
1127 4022 1390 4094 scribitur
1415 4022 1682 4094 Remedii,
1701 4022 1780 4077 ita
1811 4027 1874 4077 ut
1904 4022 1994 4077 hic
2024 4040 2161 4094 pon-

510 4093 650 4149 tifex
680 4095 971 4165 Remigius,
1004 4097 1062 4148 et
1088 4093 1320 4164 quidem
1355 4093 1640 4165 usitatius,
1670 4093 1957 4150 interdum
1985 4093 2162 4152 Reme-

509 4167 652 4237 gius,
681 4163 990 4235 aliquando
1019 4163 1326 4230 Remedius,
1358 4163 1599 4237 dicatur.

583 4237 864 4290 Praterea
901 4237 1219 4290 notandum
1262 4239 1348 4289 est
1387 4235 1493 4289 hoc
1541 4235 1877 4290 vocabulum
1906 4248 1930 4279 θ
1975 4237 2162 4292 Conte-

509 4307 684 4380 stada,
729 4307 881 4380 quod
906 4321 1042 4380 _non
1071 4305 1308 4360 memini
1337 4322 1430 4380 me
1460 4305 1516 4360 in
1558 4306 1672 4361 alio
1707 4307 1910 4362 Codice
1936 4307 2159 4380 legisse,

511 4376 605 4431 hic
635 4375 1114 4448 pro'Praal'atione
1151 4377 1435 4447 usurpari,
1467 4381 1530 4432 ut
1557 4394 1728 4448 supra
1758 4375 2020 4434 notatum
2053 4384 2159 4434 est.

2287 461 2510 537 loriam_
2526 462 2706 537 dignis
2743 462 2988 537 laudibus
3010 461 3394 537 _celebramus,_
3423 467 3506 516 etc
3569 465 3730 535 Super
3756 467 3848 537 ple-

2249 480 2478 587 gtoriam
2526 480 2706 532 arguis
2743 480 2988 516 tauaious
3031 480 3375 525 celebramus,
3423 480 3506 516 etc
3569 480 3730 535 nuper
3756 480 3845 537 ple-

2292 549 2382 588 em
2419 549 2430 588 :
2464 535 2693 607 ξων(ίὶ
2714 551 2827 607 nos,
2863 533 3089 588 Domine
3127 539 3322 607 sancte.
3342 535 3518 607 Pater
3541 537 3845 607 omnipotens,

2253 610 2456 660 alerne
2478 605 2644 668 Deus,
2680 606 2888 658 meritis
2915 608 3086 659 sancti
3114 605 3373 658 antistitis
3403 612 3450 659 et
3477 605 3758 675 con/essoris
3780 612 3850 665 tui

2253 676 2491 746 Remegii
2516 677 2652 730 hanc
2664 676 2862 745 plebem
2885 683 2980 730 tua
2995 675 3154 729 solita
3177 676 3510 730 miseratione
3528 679 3738 742 custodi,
3757 685 3846 736 etc.

2325 746 2594 810 Quamvis
2612 753 2804 802 autem
2824 747 2954 802 huic
2980 747 3160 800 Missae
3181 747 3495 818 praeﬁgatur
3513 751 3682 803 natale
3704 751 3852 806 sancti

2254 819 2506 888 Remegii,
2549 823 2604 873 et
2634 819 2685 873 in
2716 819 3046 872 Prafalione
3072 818 3194 872 hac
3217 819 3385 872 verba
3412 818 3709 875 habeantur
3737 841 3747 878 :
3773 823 3853 876 De

2254 891 2542 959 positionis
2565 891 2706 959 festa
2735 889 3077 948 celebramus.
3109 894 3165 944 et
3202 889 3261 944 in
3292 888 3554 944 Oratione
3582 895 3698 959 post
3721 907 3850 946 com-

2258 960 2591 1016 munionem
2626 979 2638 1014 :
2673 962 3018 1016 beatitudinis
3041 960 3269 1031 gloriam
3295 961 3471 1031 dignis
3500 961 3725 1016 laudibus
3746 965 3855 1018 cele-

2257 1033 2494 1095 bramus,
2536 1048 2650 1086 non
2699 1037 2893 1088 tamen
2925 1038 3010 1088 est.
3041 1031 3132 1086 hic
3161 1031 3280 1086 dies
3328 1031 3550 1095 natalis,
3579 1049 3668 1088 seu
3696 1035 3852 1090 obitus

2257 1103 2436 1158 sancti
2463 1103 2728 1174 Remigii,
2760 1104 2854 1174 qui
2889 1105 3076 1158 Idibus
3100 1103 3354 1158 Januarii
3385 1103 3538 1168 obiit,
3565 1107 3624 1158 ut
3643 1108 3856 1161 testatur

2257 1175 2614 1230 Flodoardus
2640 1174 2739 1230 lib.
2773 1193 2786 1230 ι
2819 1175 2958 1229 Hist.
2999 1174 3131 1229 eccl.
3168 1174 3518 1237 Rbemensis,
3563 1191 3678 1245 cap.
3705 1177 3782 1241 t7,
3809 1181 3854 1230 et

2258 1246 2451 1318 omnia
2482 1247 2906 1318 Martyrologia,
2938 1247 3036 1302 sed
3063 1250 3148 1318 est.
3178 1246 3296 1318 dies
3335 1245 3706 1318 translationis
3733 1248 3855 1302 sacri

2258 1317 2410 1372 illius
2437 1318 2712 1388 corporis,
2744 1317 2856 1387 quo
2887 1318 2971 1373 bis
3002 1317 3238 1381 Kalend,
3261 1317 3533 1380 Octobris,
3559 1334 3666 1372 non
3684 1319 3858 1373 eodem

2261 1405 2434 1453 anno,
2453 1389 2798 1443 translatum
2820 1393 2921 1444 est.
2945 1389 3138 1444 Prima
3153 1388 3452 1459 translatio
3469 1388 3614 1443 facta
3627 1391 3705 1445 est
3719 1405 3863 1459 ange-

2260 1461 2447 1516 lorum
2478 1460 2796 1516 ministerio
2836 1461 2892 1514 in
2925 1476 3135 1514 novam
3165 1457 3422 1530 cryptam
3455 1464 3576 1530 post
3599 1457 3864 1523 altarefut

2260 1535 2505 1613 testatur
2542 1532 2894 1613 Flodoardus
2919 1531 3294 1613 ejusdem-lib.
3319 1547 3337 1586 1
3366 1548 3488 1613 cap:
3512 1531 3598 1613 20.
3637 1531 3866 1613 Secunﬁda

2263 1604 2333 1657 ab
2364 1602 2670 1658 Hincmaro
2719 1601 3144 1673 archiepiscopo
3187 1601 3490 1657 Rhemensi
3521 1607 3759 1672 tempore
3784 1604 3864 1658 Ca-

2262 1674 2368 1729 roli
2399 1673 2550 1729 Calvi
2581 1675 2966 1745 imperatoris,
2998 1675 3148 1744 quod
3177 1678 3420 1728 testatur
3459 1673 3866 1745 Hincmarusihis

2186 1749 2232 1807 B
2263 1745 2516 1801 versibus
2552 1744 2699 1816 apud
2746 1747 3128 1800 Flodoardum
3172 1745 3433 1816 ejusdem
3465 1745 3587 1800 libri
3629 1762 3741 1815 cap.
3769 1744 3821 1798 21
3853 1763 3863 1798 :

2416 1825 2626 1874 Tertius
2656 1829 2708 1889 et
2734 1825 2954 1874 Carolus
2971 1825 3118 1888 regni
3149 1828 3492 1889 componeret
3519 1828 3679 1889 actus,

2510 1887 2790 1937 Octember
2812 1887 3186 1951 primanicum
3215 1887 3364 1936 daret
3387 1893 3545 1951 atque
3559 1887 3706 1937 diem.

2263 1960 2338 2013 Ex
2365 1975 2477 2030 quo
2510 1958 2887 2030 conﬁrmatur
2911 1960 3062 2029 quod
3093 1975 3266 2029 supra
3295 1959 3508 2013 dictum
3539 1964 3638 2022 est,
3673 1957 3792 2012 olim
3818 1957 3863 2011 in

2260 2031 2351 2085 die
2369 2029 2763 2084 translationis
2780 2035 3108 2086 sanctorum
3139 2031 3450 2101 nonipsam
3469 2030 3862 2101 translationem

2257 2101 2609 2157 celebratam
2634 2101 2827 2169 fuisse,
2841 2102 2939 2158 sed
2959 2118 3156 2156 eorum
3185 2100 3400 2167 natale,
3423 2119 3518 2157 seu
3535 2100 3863 2173 depositionis

2257 2173 2434 2229 diem.

2329 2245 2390 2298 In
2421 2244 2623 2298 eodem
2658 2243 2862 2298 Codice
2910 2243 3133 2300 Ratoldi
3179 2243 3443 2311 habetur,
3471 2243 3692 2298 Kalend.
3742 2242 3864 2298 Octo-

2259 2313 2390 2378 bris,
2421 2315 2607 2369 natale
2631 2316 2806 2369 sancti
2827 2315 3049 2370 Vedasti.
3077 2317 3140 2370 Et
3156 2315 3213 2369 in
3232 2312 3864 2386 MartyrologioNotkeri,

2259 2388 2460 2442 eodem
2489 2386 2578 2441 die
2612 2403 2624 2440 :
2654 2386 2930 2441 Atrebatis
2955 2388 3191 2448 civitate,
3227 2387 3368 2441 beati
3378 2383 3392 2386 ’
3417 2383 3630 2440 Veddsti
3653 2383 3862 2455 episcopi,

2258 2457 2354 2528 qui
2385 2461 2472 2512 est
2499 2456 2619 2512 dies
2648 2458 3040 2512 translationis
3062 2457 3433 2528 reliquiarum
3454 2458 3617 2521 illius,
3639 2455 3866 2528 utvidere

2260 2527 2348 2601 est
2377 2527 2439 2601 in
2465 2529 2867 2601 Martyrologio
2897 2545 3004 2601 ms.
3044 2527 3265 2585 Codicis
3292 2529 3552 2584 biblioth.
3574 2529 3748 2589 Corb.,
3782 2527 3868 2580 Ka-

2260 2599 2445 2655 lendis
2503 2599 2803 2654 Octobris}
2861 2600 3053 2655 Eodem
3111 2601 3214 2656 die.
3279 2601 3566 2655 translatio
3624 2613 3868 2669 corporum

2259 2678 2562 2742 sanctorum
2591 2673 2947 2742 confessorum
2979 2673 3209 2740 Remigii
3237 2671 3544 2728 Rhemensis
3587 2669 3808 2742 episcopi,
3831 2673 3872 2742 et

2274 2737 2894 2797 VedastiAtrebatensis.
2926 2745 2991 2797 Et.
3016 2743 3071 2797 in
3107 2737 3452 2798 Kalendario
3473 2737 3872 2798 Sacramentarii

2262 2813 2512 2891 Ratoldi
2532 2814 2732 2891 eodem
2757 2814 2853 2891 die
2888 2837 2899 2868 :
2933 2809 3875 2891 Nobiliaco_monosterio._translatio

2259 2887 2434 2938 sancti
2469 2884 2702 2939 Vedasti.
2746 2886 2988 2941 Consule
3019 2891 3184 2940 notes
3215 2885 3532 2940 doctissimi
3557 2884 3652 2938 viri
3683 2884 3872 2951 Georgii

2262 2955 2574 3028 Colvenerii
2603 2957 2673 3028 ad
2702 2961 2874 3028 caput
2904 2958 2972 3012 19
2992 2956 3118 3012 libri
3143 2973 3157 3012 ι
3185 2957 3450 3012 Chronici
3489 2951 3873 3012 Cameracensis

2264 3043 2394 3082 mox
2433 3027 2748 3082 citandum.

2189 3097 2234 3157 C
2335 3100 2394 3153 In
2427 3100 2628 3154 eodem
2671 3097 2875 3154 Codice
2906 3098 3128 3154 Ratoldi
3157 3097 3403 3154 habetur
3441 3099 3618 3154 altera
3647 3097 3794 3152 Missa
3815 3094 3871 3148 de

2263 3174 2463 3225 sancto
2487 3170 2734 3224 Vedasto
2764 3188 2854 3224 vui
2888 3171 3016 3225 ldus
3033 3170 3335 3225 Februarii.
3373 3172 3496 3226 Hac
3515 3174 3696 3224 autem
3721 3172 3871 3222 trans-

2263 3241 2402 3296 latio
2447 3240 2597 3296 l'acta
2628 3246 2710 3295 est
2740 3259 2805 3296 ex
2837 3243 2961 3296 ade
2987 3247 3195 3296 sancta
3227 3243 3424 3296 Mariae
3453 3243 3525 3297 ad
3554 3239 3870 3296 Nobiliacum

2264 3312 2679 3367 monasterium
2711 3329 2842 3368 vere
2868 3313 3074 3372 nobile.
3099 3313 3251 3383 quod
3282 3329 3436 3368 nunc
3462 3315 3530 3368 de
3561 3311 3774 3367 nomine
3791 3308 3874 3383 hu-

2256 3385 2354 3455 jus
2383 3383 2574 3455 sanctir
2593 3383 2862 3438 antistitis
2888 3382 3222 3455 appellatur,
3248 3401 3280 3439 a
3305 3392 3506 3440 sancto
3528 3385 3776 3439 Autberto
3793 3382 3874 3455 Ca:

2265 3447 2578 3530 meracensi
2605 3455 2889 3530 episcopo,
2910 3447 3178 3530 e't'sancto
3197 3447 3528 3530 nudomaro
3542 3447 3874 3530 Tarvarnensi

2265 3526 2549 3598 pontifice,
2578 3523 2921 3598 utiscrib'unt
2945 3526 3210 3582 Alcuinus
3231 3527 3288 3580 in
3310 3528 3441 3582 Vita
3462 3526 3638 3582 sancti
3663 3523 3874 3598 Vadas“.

2265 3593 2323 3653 et
2351 3597 2666 3662 Baldricus,
2704 3597 2796 3652 lib.
2836 3597 3129 3653 iChronici
3160 3600 3608 3660 Cameracensis,
3634 3593 3878 3667 capitibus

2265 3670 2301 3724 9
2325 3674 2381 3742 et
2412 3668 2494 3722 19.
2526 3669 2695 3742 Missa
2723 3673 2930 3742 autem
2977 3674 3063 3742 est
3103 3671 3388 3742 ejusmodi
3425 3687 3436 3725 :
3491 3668 3716 3742 Oratio:
3753 3667 3877 3725 ορατ.

2266 3741 2364 3812 qui
2379 3756 2473 3812 nos
2502 3740 2684 3793 devota
2717 3739 2858 3796 beati
2900 3739 3482 3810 Vedasti"confessoris
3507 3739 3590 3796 tui
3607 3745 3882 3812 atquepon-

2269 3807 2435 3880 tiﬁcis
2453 3811 2721 3865 instantia
2737 3812 2805 3865 ad
2825 3812 3149 3882 agnitionem
3165 3807 3403 3868 nominis
3426 3813 3511 3868 tui
3533 3807 3710 3868 vocare
3722 3807 3884 3882 digna-

2271 3875 2360 3936 tus
2389 3897 2460 3945 es,
2506 3886 2611 3936 etc.
2654 3884 2834 3952 Super
2858 3875 3056 3938 oblata
3091 3899 3102 3938 :
3153 3883 3400 3951 Hostias,
3445 3885 3688 3945 Domine,
3732 3875 3884 3932 laudis

2269 3953 2380 4008 tuis
2415 3952 2682 4006 altaribus
2707 3953 3034 4020 adhibemus,
3065 3958 3172 4009 etc.
3201 3955 3469 4012 Prafatio
3499 3972 3512 4010 :
3545 3955 3791 4021 Diamque
3806 3963 3884 4000 na-

2271 4025 2518 4097 tahtium
2551 4024 2700 4097 beati
2737 4026 2945 4081 Vedasti
2977 4041 3189 4080 summa
3211 4043 3331 4081 cum
3357 4027 3636 4082 devotione
3665 4033 3882 4097 venerat?

2267 4095 2590 4168 suppliciter
2635 4096 2987 4168 obsecrantes,
3029 4103 3090 4152 ut
3136 4098 3312 4168 ipsum
3348 4098 3495 4166 apud
3523 4105 3668 4168 tuam

2268 4165 2536 4230 cordiam,
2589 4172 2695 4222 etc.
2749 4167 2830 4221 Ad
2877 4165 3336 4238 Complendum:
3373 4165 3530 4224 Beati
3558 4165 3884 4238 Vedtulquﬂ-

2269 4239 2491 4310 fessoris
2527 4241 2782 4312 tuiyatque
2807 4233 3094 4312 pontiﬁcis,
3127 4240 3370 4306 Domine,
3390 4239 3635 4312 precibus
3657 4233 3885 4312 conﬁden-

2270 4309 2371 4374 tes,
2403 4316 2507 4364 etc.
2537 4309 2662 4363 Alia
2697 4328 2708 4368 :
2743 4315 2898 4374 Deus,
2931 4311 3032 4380 qui
3067 4327 3162 4365 nos
3184 4309 3497 4366 sanctorum
3545 4317 3749 4380 tuorum
3775 4310 3883 4359 tem-

2265 4381 2449 4452 porali
2489 4381 2693 4453 tribuis
2736 4379 3248 4437 commemoratione
3282 4383 3538 4453 gaudere,
3571 4385 3674 4436 etc.
3709 4379 3760 4432 ln
3786 4386 3884 4453 qua

582 4449 662 4525 ln_
706 4449 912 4525 eodem
951 4447 1159 4525 Codice
1197 4448 1520 4525 _Rlieme_nsi
1554 4447 1871 4525 sequitur:
1917 4451 2156 4525 Kalend.
2193 4457 2236 4515 D
2265 4447 2441 4525 Missa
2475 4452 2581 4525 (ut
2609 4451 2664 4505 in
2703 4453 2978 4521 superiori
3016 4454 3088 4508 de
3132 4447 3328 4508 sancto
3363 4454 3618 4525 Remigio
3651 4451 3882 4525 notatum

513 4517 718 4594 Qetob.,
753 4519 938 4594 natale
984 4520 1160 4572 sancti
1188 4519 1430 4589 Remegii
1475 4517 1708 4594 episcopi
1731 4530 1777 4575 et
1797 4524 2156 4594 confessoris.

515 4589 711 4662 Oratio
741 4606 754 4643 :
780 4589 1016 4662 Pras'a,
1044 4605 1365 4662 quasumus,
1409 4589 1737 4662 omnipotens
1785 4589 1945 4658 Deus,
1992 4602 2050 4647 ut
2079 4595 2160 4648 in-

513 4660 1013 4736 tercedente__beato
1057 4660 1298 4736 Remegio
1343 4660 1640 4733 con/essbre
1680 4671 1794 4730 tuo,
1831 4669 1942 4720 etc.
1981 4666 2162 4736 Super

513 4731 706 4805 oblata
739 4750 768 4805 :_
800 4732 867 4788 Ut
894 4732 1007 4787 hac
1024 4731 1224 4788 oblatio
1251 4731 1463 4805 accepta
1492 4737 1582 4799 sit,
1613 4736 1854 4800 Domine,
1883 4740 1989 4791 etc.
2017 4731 2164 4791 Fra-

517 4802 659 4876 _fatio
682 4819 701 4876 7:
732 4803 1180 4876 Sempergratias
1195 4802 1379 4875 agere,
1391 4813 1548 4876 atque
1564 4808 1622 4859 in
1647 4807 1892 4861 laudibus
1915 4808 2022 4861 tuis
2041 4824 2161 4862 cum

516 4873 718 4929 latitia
746 4880 796 4950 et
820 4874 1192 4950 e_.1_:sultatione_,
1223 4873 1400 4950 sancti
1416 4948 1429 4950 _
1460 4873 1705 4948 Remegii
1735 4879 2055 4950 confessoris
2079 4879 2163 4950 tui

509 4947 791 5020 praeconia
818 4945 1019 5020 dicere,
1049 4947 1236 5002 laudes
1263 4948 1536 5013 attollere,
1563 4945 1719 5020 atque
1750 4945 1968 5020 jugiter
1990 4949 2162 5004 exsul-

515 5023 659 5093 tare.
689 5018 848 5088 cujus
895 5017 1064 5093 hodie_
1077 5035 1264 5074 annua
1285 5017 2002 5093 solemnitatedepositionis
2026 5023 2164 5093 festa

513 5087 860 5163 celebramus,
893 5093 1000 5145 etc.
1032 5089 1170 5163 Post
1197 5091 1663 5163 communionem
1702 5087 1738 5163 εί
1766 5093 1983 5148 Prasta
2021 5087 2164 5163 gua-

511 5176 718 5224 sumus,
743 5166 804 5216 ut
825 5161 1180 5217 intercedente
1207 5169 1388 5220 sancto
1418 5161 1598 5235 418
1618 5162 1862 5218 antistite
1892 5170 1984 5218 tuo
2005 5161 2164 5236 cujus

585 5296 605 5356 ξ
635 5281 724 5356 S_ic
752 5281 1107 5356 nihilominus
1127 5283 1324 5356 legitur
1343 5283 1402 5356 in
1424 5283 1641 5356 ,Gemet.

585 5353 615 5396 δ
643 5353 862 5408 Festum
887 5355 996 5409 hoc
1041 5353 1260 5410 notatur
1287 5355 1342 5408 in
1385 5355 1518 5410 Mss.
1550 5353 1772 5410 nostris.

584 5441 603 5464 ο
635 5425 693 5480 In
726 5425 892 5492 priori
945 5426 1154 5483 Theod.
1216 5425 1459 5496 legitur:
1510 5426 1674 5481 Nonis
1718 5425 1923 5494 Octob,
1977 5431 2166 5482 octava

513 5497 694 5552 sancti
720 5497 1058 5568 Hieronymi,
1082 5511 1207 5568 qua;
1233 5501 1416 5568 potest
1435 5496 1694 5569 appellari
1722 5501 1951 5568 repetita
1974 5499 2166 5554 solem-

514 5570 683 5620 nitas.

587 5637 1008 5710 {Consentium
1035 5636 1242 5710 Theod.
1284 5636 1617 5710 ln‘Gemet.
1657 5637 1805 5694 nulla
1846 5639 2162 5710 assignatur

515 5706 708 5787 vigilia
753 5707 877 5787 festi
923 5709 1098 5765 sancti
1146 5707 1404 5787 Remigii,
1449 5709 1536 5765 cui
1576 5710 1888 5787 junguntur
1919 5706 2025 5787 alii
2052 5716 2164 5768 tres

519 5777 694 5832 sancti
724 5777 1085 5848 confessores,
1115 5797 1198 5837 sc.
1237 5777 1560 5850 Germanus,
1577 5777 1888 5851 'Vedastue,
1915 5787 1969 5840 et.
1988 5781 2160 5840 Bavo.

2269 4524 2376 4594 est)
2395 4522 2548 4577 vides
2568 4521 2624 4576 in
2647 4528 2974 4578 sanctorum
3000 4525 3376 4580 translatione
3395 4541 3508 4580 non
3531 4521 3707 4594 ipsam
3730 4524 3884 4572 trans-

2268 4593 2563 4667 lationem,
2595 4594 2694 4647 sed
2727 4595 3050 4650 natalitium
3080 4596 3230 4650 diem
3259 4595 3535 4652 celebrari
3556 4593 3731 4667 ’juxta
3759 4593 3887 4643 tem-

2271 4681 2471 4739 porum
2493 4664 2718 4739 illorum
2732 4667 3231 4739 consuetudinem,
3257 4669 3325 4722 de
3345 4684 3459 4739 qua
3481 4664 3650 4738 supra
3666 4665 3733 4718 ad
3755 4671 3887 4714 men-

2271 4753 2388 4791 sem
2421 4736 2633 4791 Julium
2657 4737 2895 4807 egimus.
3361 4736 3377 4739 ’
3553 4736 3566 4738 ἡ
3734 4802 3746 4807 _
3829 4802 3836 4807 ,
3875 4794 3884 4804 .

2342 4808 2463 4879 480.
2507 4802 2716 4862 Marce"
2741 4824 2917 4879 papa.
2971 4809 3030 4862 In
3087 4808 3291 4864 Missali
3341 4809 3602 4863 Romano
3645 4802 3886 4879 addunlei

2272 4878 2519 4950 Sergius,
2563 4878 2828 4941 Bacchus,
2860 4879 3174 4944 Marcellus,
3207 4885 3263 4935 et
3305 4880 3578 4950 Apuleius
3616 4878 3884 4950 martyre?-

2272 4950 2331 5004 ln
2375 4937 2584 5004 Codice
2628 4937 2929 5005 Rhemensi
2983 4937 3238 5021 sequitur
3267 4969 3279 5004 :
3313 4951 3333 4993 ί
3359 4937 3558 5006 Eodem
3589 4947 3705 5021 die.
3733 4937 3888 5021 natale

2270 5025 2582 5093 sanctorum
2611 5021 2873 5093 Marcelli
2916 5026 2965 5076 et
2994 5019 3224 5093 Apulei.
3270 5023 3432 5087 Quod
3481 5019 3887 5093 desideraturin

2273 5091 2398 5146 aliis
2429 5091 2725 5147 Codicibus
2775 5078 3174 5159 nostris-nisa,
3221 5078 3370 5149 ut‘in
3417 5091 3646 5148 Excusis
3671 5092 3724 5144 et
3758 5078 3888 5153 apud

2271 5163 2611 5217 Pamelium.

2316 5179 2611 5218 amenum.

2275 5287 2334 5342 In
2395 5287 2602 5342 Theod.

2697 5303 2872 5360 uoque
2901 5295 3039 5360 post
3075 5287 3310 5346 ofﬁcium
3349 5288 3417 5343 de
3447 5292 3638 5360 sancto
3667 5275 3889 5348 Ramigie

2274 5359 2519 5430 sequitur
2547 5359 2653 5413 alia

2741 5357 2853 5434 issu
2880 5357 2950 5414 de
2974 5360 3339 5434 quatuor‘illis
3368 5357 3596 5434 sanctis.
3689 5425 3701 5434 _
3743 5421 3755 5434 .

2343 5425 2368 5473 6
2399 5430 2739 5492 Contestatta,
2781 5430 2922 5484 idem
2953 5425 3036 5485 est
3073 5447 3137 5486 ac
3177 5430 3530 5494 Contestatio,
3561 5425 3793 5500 quodin
3820 5433 3893 5472 ve-

2272 5500 2371 5575 teri
2399 5502 2648 5575 Sacram._
2673 5500 2862 5575 Gallic.
2892 5519 3104 5575 semper
3123 5502 3332 5575 legitur
3351 5518 3446 5572 pro
3481 5499 3766 5575 Prafatio.

2349 5519 2371 5554 ·ι
2399 5519 2638 5556 sacram.
2673 5519 2862 5557 uanic.
2892 5519 3002 5556 sem
3046 5519 3322 5575 erieguur
3351 5519 3446 5572 pro
3481 5519 3766 5567 μνεμιιιυ.

2349 5571 2369 5613 ί
2393 5573 2754 5626 Cousentiunt
2798 5573 2930 5628 Mss.
2965 5519 3168 5628 Tﬁeod.
3215 5580 3266 5628 et
3293 5572 3529 5636 Gemet.,
3573 5571 3625 5624 in
3652 5582 3762 5640 quo
3784 5564 3896 5640 ante.

2278 5644 2454 5698 sancti
2486 5643 2651 5697 Marci
2683 5643 2906 5698 Missam
2935 5644 3166 5699 habetur
3197 5664 3209 5704 :
3245 5661 3296 5700 γι
3325 5645 3475 5701 Non.
3519 5637 3716 5706 Octobi,
3745 5637 3898 5690 sancti

2272 5715 2592 5786 Lcodegarii
2607 5715 2769 5788 episc.
