4036 6176
201 232 302 297 413

962 234 1037 297 ΙΝ
1079 236 1139 299 8.
1187 236 1531 300 GREGORII
1572 232 1847 297 LIBRUM
1885 184 2533 303 SACRAMENTORUM
2573 236 2814 302 NOTAE.

3480 232 3598 299 ML

205 368 339 443 drez
357 367 560 443 merita
585 364 1027 443 desiderantibus
1040 371 1411 440 proevenimus
1434 369 1655 442 ofﬁciis,
1688 374 1752 423 ut
1772 367 1843 422 ad
1874 370 1921 430 A
1959 368 2029 424 0b
2045 371 2171 443 ejus
2193 372 2327 442 facti
2345 373 2657 427 memoriam
2708 372 2996 428 cambutta:
3038 370 3228 428 claudi
3272 375 3395 427 ante
3452 370 3604 443 fores

204 437 359 495 eaduu
389 439 722 493 celebranda
742 437 1450 512 solemnitefpraaparemur
1465 437 1629 512 {quae
1646 444 1841 512 tamen

205 514 453 583 corrupta
482 515 540 583 et
571 512 919 580 transposita
948 511 1029 565 ita
1059 516 1193 566 sunt
1247 511 1583 583 castiganda
1617 531 1628 569 :
1661 511 1729 567 Ut
1750 512 1843 581 qui

206 581 647 654 apostotieabeuti
671 583 917 654 Andreae
948 583 1147 639 merita
1179 581 1611 639 desiderantibus
1642 598 1844 654 praeve-

208 652 371 724 nimus
399 653 636 724 ofﬁciis,
666 652 736 706 ad
757 654 950 714 eadem,
987 660 1095 709 etc.

418 722 683 790 Quoniam
705 726 851 780 adest
880 725 1055 797 nobis.
1080 730 1188 781 etc.
1230 725 1461 780 initium
1493 725 1663 797 hujus
1697 724 1841 780 Pras-

212 794 429 850 lationis
459 801 795 865 corruptum
831 802 915 851 est
944 797 1001 850 in
1032 796 1235 852 Codice
1265 794 1592 852 Rhemensi'.

266 867 384 920 507.
412 868 536 921 Nec
564 868 799 937 pendens
845 872 1041 921 taceret
1098 871 1157 922 in
1209 884 1387 923 cruce.
1426 868 1570 933 Quia
1625 866 1682 922 in
1718 866 1847 937 ipsa

210 953 353 1010 cruce
408 937 587 1010 biduo
648 939 821 994 ﬁdem
867 938 1071 994 Christi
1122 938 1467 1010 prmdicavit,
1526 942 1589 994 ut
1629 940 1686 992 in
1722 937 1845 1010 ejus

208 1009 463 1079 actisscri
471 1014 633 1079 ptum
653 1015 758 1064 est.

208 1153 241 1206 Ρ
426 1078 490 1135 In
515 1081 727 1136 natali.
766 1083 1111 1137 Sanctorum
1164 1082 1557 1153 apostolorum
1615 1080 1763 1136 Petri
1793 1084 1851 1136 et

242 1168 305 1206 au
332 1168 370 1204 ι.

242 1168 370 1206 auu.

264 1223 389 1279 509.
420 1222 535 1277 Per
558 1239 703 1293 quos.
737 1223 1055 1293 Apostolos,
1089 1223 1367 1279 videlicet.

262 1294 386 1350 510.
420 1294 629 1364 Incipit
647 1294 865 1349 ordoad
893 1295 1170 1350 ecclesiam
1201 1293 1574 1349 dedicandam.
1594 1293 1852 1349 Habetur

201 1365 442 1421 ecclesiae
468 1365 755 1420 dedicatio
784 1365 841 1420 in
876 1365 1172 1421 Codicibus
1195 1365 1502 1422 Rhemensi
1538 1370 1594 1421 et
1626 1364 1849 1427 Ratoldi

202 1436 440 1491 abbatis.
474 1437 603 1490 Non
640 1440 826 1491 exstat
852 1437 908 1491 in
940 1437 1141 1492 Codice
1181 1437 1453 1506 Rodradi,
1487 1437 1545 1491 in
1579 1436 1766 1501 editis,
1797 1440 1854 1492 et

198 1509 341 1579 apud
372 1506 724 1579 Pamelium.

257 1578 780 1634 BtlJlluminetur
812 1578 1096 1634 duodecim
1141 1579 1395 1635 candelae.
1448 1581 1532 1634 lta
1580 1579 1637 1633 in
1688 1577 1853 1633 Codi-

196 1650 345 1705 cibus
374 1649 693 1706 Rhemensi
740 1656 797 1704 et
854 1650 1099 1711 Ratoldi,
1156 1651 1214 1705 in
1269 1650 1479 1706 Ordine
1527 1654 1585 1706 et
1635 1650 1847 1704 Pontif.

1951 441 2379 514 ecclesiw’sancti
2412 445 2687 499 Benedicti
2710 459 2990 514 suspensae
3015 448 3161 497 sunt.

2022 513 2209 585 Baculi
2239 519 2430 569 autem
2464 512 2854 585 episcoporum
2891 514 3104 570 mentio
3162 513 3225 569 ﬁt
3277 513 3333 567 in
3362 512 3603 568 concilio

1951 584 2247 657 Toletano,
2298 602 2371 649 ιν,
2421 584 2546 640 can.
2601 584 2667 640 27
2712 603 2722 640 :
2761 586 2819 641 Si
2864 587 3133 657 episcopus
3179 591 3274 649 est,
3330 601 3602 650 orarium,

1953 656 2237 719 annulum.
2271 664 2321 710 et
2352 657 2621 711 baculum.

2023 727 2147 781 513.
2186 728 2374 783 Tollite
2402 734 2605 799 portas,
2628 733 2733 783 etc.
2770 730 2829 782 In
2885 727 3085 783 Codice
3138 727 3365 782 Ratoldi
3418 725 3601 799 sequi-

1954 801 2045 853 tur
2076 815 2087 853 :
2111 799 2384 865 sPalmus,
2404 796 2646 854 'Domini
2677 803 2762 854 est
2789 804 2962 854 terra.
2998 800 3215 853 Dcintus
3242 803 3419 852 autem
3443 796 3604 853 mini-

1951 876 2063 923 ster
2083 871 2415 937 respondens
2444 871 2592 925 dicat
2613 888 2629 925 :
2648 870 2784 935 Quis
2812 875 2897 925 est
2924 870 3027 924 iste
3050 886 3147 924 rex
3194 869 3415 940 glorias?
3434 869 3506 923 Et
3529 869 3603 924 sic

1950 949 2142 1013 pergat
2175 944 2344 996 omnis
2375 944 2508 1013 legio
2538 943 2601 996 in
2623 943 2857 996 circuitu
2900 941 3179 1005 Ecclesiae,
3230 949 3313 1013 ter
3337 940 3603 1013 cantando

1955 1012 2099 1067 hanc
2139 1012 2509 1081 Antiphonam
2538 1030 2655 1067 cum
2681 1014 2901 1067 Psalmo
2927 1020 2978 1068 et
3033 1027 3156 1066 cum
3203 1012 3399 1081 gloria.
3432 1012 3603 1066 Tertio

1955 1091 2141 1137 aettem
2170 1101 2428 1147 percusso
2443 1086 2581 1139 ostio
2608 1086 2680 1139 ab
2706 1085 2964 1155 episcopo.
2989 1090 3041 1138 et
3065 1084 3225 1143 dic/0,
3261 1081 3462 1137 Tollite
3480 1098 3605 1155 por-

1956 1158 2141 1226 tas,_et
2173 1171 2421 1226 responso
2447 1163 2528 1210 ter
2555 1151 2857 1209 aministro
2881 1151 2899 1219 ξ
2925 1155 3062 1220 Quis
3099 1159 3184 1210 est
3204 1155 3309 1208 iste
3337 1155 3450 1226 Rex
3487 1151 3606 1224 glo-

1956 1225 2058 1279 riae
2072 1224 2099 1278 ?
2114 1223 2444 1298 Respondeat
2463 1228 2713 1298 pontifex
2742 1247 2762 1282 :
2790 1227 3061 1282 Dominus
3084 1223 3509 1298 virtutum_ipse
3522 1226 3610 1298 est

1958 1298 2071 1368 Rex
2098 1293 2309 1366 gloriae.
2342 1298 2415 1353 Et
2427 1293 2769 1368 aperto'ostio
2786 1299 3006 1352 intrans
3031 1297 3175 1352 dicat
3201 1302 3284 1351 ter
3305 1293 3461 1368 :Pax
3480 1293 3607 1368 huic

1958 1367 2174 1431 domui,
2208 1385 2343 1422 crux
2374 1366 2532 1438 pellit
2558 1368 2804 1433 hostem,
2834 1386 2970 1424 crux
3002 1368 3207 1423 Christi
3266 1366 3606 1438 triumphat.

2030 1438 2129 1492 llic
2158 1444 2353 1493 autem
2370 1437 2434 1494 fit
2451 1439 2667 1495 mentio
2679 1441 2942 1495 circuitus
2957 1440 3231 1507 ecclesiae,
3249 1437 3462 1510 queml’
3464 1437 3612 1492 uisse

1957 1511 2186 1564 ternum
2214 1526 2340 1564 cum
2371 1527 2533 1581 aqua:
2569 1511 2879 1567 benedictae
2905 1511 3235 1580 aspersione
3265 1509 3463 1581 scribit
3516 1510 3610 1562 lvo

1959 1581 2347 1643 Carnotensis,
2376 1579 2439 1635 in?
2460 1599 2724 1637 sermone
2756 1584 2824 1637 de
2862 1579 3225 1636 ltedicatione
3251 1579 3522 1643 ecclesias,
3556 1581 3613 1634 et

1959 1651 2186 1723 quidam
2221 1668 2541 1723 anonymus
2574 1670 2679 1707 ms.
2710 1652 2967 1709 biblioth.
3006 1655 3196 1715 Corb.,
3244 1651 3300 1706 in
3328 1665 3611 1723 sermone

195 1723 351 1777 Rom.
378 1726 439 1775 et
466 1721 528 1775 in
559 1722 693 1793 cod.
716 1720 955 1793 Titiano.
990 1723 1071 1775 Ita
1122 1722 1286 1793 docet
1332 1722 1532 1776 Petrus
1567 1719 1847 1793 Damiani,
1885 1731 1925 1793 Β
1960 1719 2136 1777 etiam
2169 1724 2236 1778 de
2261 1719 2510 1778 ecclesiae
2542 1724 2926 1779 Dedicatione.
2963 1724 3060 1778 Hic
3112 1739 3245 1778 vero
3291 1722 3433 1777 ritus
3476 1737 3610 1793 ape-

193 1810 361 1848 serm.
402 1793 425 1847 1
460 1793 533 1846 de
559 1792 928 1847 Dedicatione
954 1792 1221 1855 ecclesiae,
1255 1797 1311 1848 et
1335 1794 1426 1848 lvo
1466 1792 1848 1858 Carnotensis,

194 1866 379 1920 Serm.
403 1864 476 1919 de
514 1862 882 1918 Dedicatione
907 1879 918 1919 :
946 1864 1079 1918 Cum
1112 1865 1341 1920 ecclesia
1380 1864 1689 1929 dedicatur,
1721 1863 1850 1917 duo-

192 1936 355 1991 decim
389 1934 644 1990 candelae
661 1942 788 1989 sunt
818 1950 1049 1990 accensa:
1074 1935 1335 1990 interius.

259 2007 365 2061 Per
403 2006 698 2077 ejusmodi
751 2006 1018 2060 candelas
1097 2006 1396 2060 duodecim
1454 2004 1851 2077 intelliguntur

194 2076 461 2149 apostoli,
493 2077 753 2149 quisth
784 2076 1040 2149 Ecclesiae
1071 2077 1380 2132 luminaria
1397 2082 1471 2140 et,
1498 2077 1664 2149 juxta
1696 2076 1847 2149 Chri-

194 2147 260 2204 sti
289 2150 560 2212 effatum,
595 2148 689 2202 lux
722 2147 941 2202 mundi.
969 2148 1154 2203 Codex
1201 2154 1392 2203 autem
1441 2147 1688 2211 Ratoldi,
1731 2147 1845 2218 qui,

196 2227 255 2276 ut
282 2219 596 2287 recentior,
622 2219 809 2290 plures
843 2220 1002 2274 addit
1045 2219 1436 2286 caremonias,
1486 2219 1566 2273 sic
1603 2218 1802 2288 incipit
1833 2235 1844 2272 :

195 2294 469 2347 Priamus
496 2294 639 2344 enim
667 2291 819 2343 docet
845 2298 902 2344 ut
950 2291 1227 2361 episcopus
1278 2308 1395 2345 cum
1451 2290 1666 2347 sceleris
1686 2290 1851 2345 mini-

193 2372 324 2418 stris
352 2366 443 2416 eat
478 2362 559 2415 ad
577 2362 853 2416 ecclesiam
903 2364 1202 2433 antiquam,
1234 2370 1283 2416 et
1316 2364 1398 2416 ibi
1444 2361 1739 2415 recondunt
1770 2378 1846 2416 ve-

194 2435 437 2505 spertino
469 2440 709 2503 tempore
736 2433 1013 2505 reliquias,
1034 2432 1089 2488 et
1108 2434 1301 2503 jubeat
1331 2449 1578 2487 exercere
1602 2434 1690 2505 ibi
1714 2432 1848 2505 vigit

198 2504 298 2559 tias
312 2522 416 2576 per
436 2511 609 2558 totam
622 2509 849 2559 noctem.
873 2504 941 2557 In
969 2507 1500 2561 erastinuautemeat
1515 2504 1850 2574 ponti/eaad

197 2577 498 2637 ecclesiam,
534 2590 663 2646 qua
697 2576 965 2629 sacranda
992 2583 1089 2641 est,
1121 2582 1171 2630 et
1197 2576 1411 2631 ordinet
1441 2577 1499 2630 in
1523 2593 1586 2629 ea
1608 2590 1740 2646 qua
1762 2592 1850 2629 or-

198 2647 445 2702 dinanda
469 2654 605 2701 sunt
624 2654 703 2709 ;et
718 2646 1107 2701 illuminentur
1126 2649 1284 2717 jussu
1307 2664 1403 2701 suo
1430 2647 1705 2703 duodecim
1727 2663 1851 2700 can-

201 2720 327 2773 dela
354 2736 375 2783 ;
406 2726 457 2773 et
485 2718 1025 2787 expellunturomnes
1052 2719 1219 2787 foras,
1257 2720 1365 2773 nisi
1391 2719 1535 2772 solus
1571 2717 1853 2772 archidia-

203 2806 357 2844 conus
383 2790 731 2862 clausooslio
757 2788 830 2842 ibi
856 2796 1089 2862 maneat.
1115 2790 1658 2862 Tuncpontifexcum
1701 2805 1855 2843 sacro

206 2862 402 2916 ordine
430 2860 622 2915 redeat
645 2860 716 2914 ad
747 2859 1034 2931 antiquam
1067 2861 1353 2925 ecclesiam,
1388 2859 1680 2915 etinduant
1708 2876 1858 2915 sesa-

207 2934 311 2987 cris
340 2932 597 2993 vestibus,
623 2938 673 2985 et
702 2932 1178 3002 [aciantlitaniam
1208 2939 1369 2997 prout
1395 2931 1857 2994 horadictaoerit;

210 3022 311 3076 qua
338 3003 555 3074 expleta
584 3003 739 3057 dicat
761 3002 895 3056 hanc
912 3003 1223 3076 Orationem
1242 3021 1258 3057 :
1276 3003 1518 3076 oremus
1547 3017 1558 3057 :
1594 3003 1859 3076 Actiones

1957 1793 2173 1848 riendze
2200 1794 2446 1849 ecclesiae
2471 1798 2556 1850 est
2584 1795 2758 1863 etiam
2783 1813 2818 1851 a
2844 1795 3054 1850 Graecis
3113 1794 3373 1857 usitatus,
3422 1791 3613 1863 appel-

1958 1864 2222 1935 laturque
2255 1865 2469 1929 ἄνοιξις,
2497 1870 2554 1921 et
2588 1860 2828 1929 ἆνοίξιον.
2887 1867 2947 1921 Id
2979 1870 3084 1924 est.
3136 1866 3376 1936 apertio.
3434 1860 3612 1936 utri-

1949 1936 2092 1993 .dere
2121 1934 2202 1990 est
2230 1938 2382 2007 apud
2408 1936 2766 1993 Theodorum
2822 1934 3250 2001 Balsamonem,
3300 1936 3356 1990 in
3384 1950 3509 1990 can.
3540 1934 3602 1989 31

1958 2012 2127 2062 sexta
2156 2007 2377 2079 synodi,
2404 2012 2461 2062 et
2487 2009 2546 2063 in
2570 2025 2699 2063 can.
2720 2010 2753 2062 7
2780 2008 2982 2079 synodi
3040 2007 3318 2078 septimas.

2027 2079 2152 2131 514.
2186 2078 2260 2132 Et
2287 2086 2472 2148 aperto
2491 2080 2631 2135 ostio
2658 2078 2931 2135 intrantes
2959 2080 3145 2134 dicant
3172 2097 3188 2133 :
3212 2080 3349 2132 Pax.
3404 2081 3512 2133 etc.
3545 2078 3607 2130 In

1963 2149 2105 2204 Cod.
2130 2149 2259 2203 Rat.
2287 2168 2297 2200 :
2327 2150 2399 2203 Et
2429 2158 2620 2220 aperto
2646 2151 2779 2205 ostio
2792 2152 3013 2205 intrans
3035 2151 3181 2204 dicat
3209 2156 3320 2204 ter:
3342 2151 3603 2216 Pax,etc.

1958 2220 2016 2274 In
2047 2220 2258 2275 Ordine
2272 2221 2471 2277 Rom.:
2513 2223 2672 2276 Tunc
2698 2224 2889 2277 statim
2920 2222 3054 2276 ostio
3084 2227 3273 2290 aperto
3294 2222 3608 2275 intransec-

1958 2290 2171 2346 clesiam
2203 2308 2329 2346 cum
2356 2293 2635 2347 ministris
2655 2293 2879 2357 duobus,
2904 2293 2984 2346 vel
3005 2292 3181 2346 tribus
3209 2298 3293 2356 ;et
3318 2308 3443 2346 cum
3459 2307 3603 2344 man-

1955 2362 2199 2416 sionario
2234 2370 2285 2418 et
2313 2364 2515 2433 acolyto
2544 2364 2694 2418 dicat
2729 2381 2744 2418 :
2777 2364 2897 2417 Pan:
2919 2364 3044 2418 huic
3072 2362 3273 2419 domui.

2032 2434 2153 2488 515.
2198 2433 2295 2489 Vel
2319 2430 2514 2491 levitas.
2549 2436 2612 2489 In
2644 2434 2853 2491 Codice
2901 2435 3209 2491 Rhemensi
3269 2432 3493 2504 legitur,
3528 2430 3614 2485 vel

1956 2503 2113 2559 lente.
2148 2504 2320 2559 male.

1975 2511 2113 2571 entc,
2148 2511 2320 2560 male.

2027 2578 2150 2631 516.
2177 2579 2513 2632 Stramenta.
2549 2577 2695 2632 Sunt
2736 2580 2955 2648 tapetes
3003 2575 3096 2647 qui
3154 2576 3614 2648 substernuntur,

1957 2648 2285 2703 sternendo.
2318 2649 2384 2703 Et
2411 2652 2640 2703 sanctus
2700 2644 3061 2711 Benedictus,
3094 2664 3216 2718 cap.
3272 2648 3336 2701 51
3382 2644 3614 2716 regulae,

1960 2719 2100 2773 dixit
2124 2723 2445 2773 stramenta
2476 2719 2773 2784 lectorum,
2806 2736 2875 2775 ea
2906 2736 3033 2789 quae
3091 2719 3149 2773 in
3179 2719 3324 2773 lecto
3356 2722 3620 2772 sternun-

1960 2796 2075 2846 tur.
2104 2789 2413 2845 Stramenta
2443 2791 2720 2862 lectorum,
2761 2790 2966 2862 inquit,
3022 2791 3297 2861 sufficiant
3326 2793 3515 2851 malta,
3536 2804 3620 2841 sa-

1961 2878 2104 2933 gum,
2141 2863 2300 2925 lama,
2327 2869 2377 2916 et
2405 2861 2650 2932 capitale.

2035 2933 2157 2987 517.
2204 2933 2404 2987 Deinde
2436 2928 2669 3004 incipiat
2730 2934 2983 3003 ponti/ea:
3016 2932 3079 2986 de
3135 2932 3368 3004 sinistro
3394 2928 3616 3004 angulo,

1965 3008 2070 3059 etc.
2105 3005 2163 3058 In
2193 3005 2326 3059 Cod.
2358 3001 2584 3060 Ratoldi
2618 3001 2741 3058 haec
2798 3001 2891 3059 ita
2932 3004 3214 3059 habentur
3254 3021 3267 3057 :
3303 3001 3510 3057 Deinde
3540 3001 3619 3054 in-

214 3072 450 3155 nostras,
486 3089 846 3155 quaesumus,
894 3074 1149 3155 Domine,
1218 3074 1535 3155 aspirandq
1593 3073 1855 3155 praeveni,
1892 3081 1937 3140 ί]
1965 3076 2137 3145 cipiat
2155 3075 2398 3155 ponti/ea:
2423 3075 2491 3131 de
2531 3077 2759 3130 sinistro
2785 3076 2986 3155 angulo
3013 3074 3079 3129 ab
3107 3075 3355 3155 .0rien_te
3381 3072 3618 3155 scribens

212 3151 316 3203 etc.
349 3147 424 3201 Et
477 3152 607 3200 tunc
667 3147 929 3215 incipiens
975 3146 1392 3216 Responsorium
1438 3163 1454 3211 ;
1497 3146 1758 3203 Domine.
1811 3146 1859 3199 si

213 3233 516 3273 conversus
545 3216 719 3272 fuerit
749 3216 989 3287 populus
1019 3215 1172 3271 tuus.
1204 3219 1348 3272 Item
1378 3216 1575 3272 aliud:
1610 3215 1858 3271 Exaudi-

215 3289 300 3357 sti,
348 3287 622 3357 Domine,
658 3287 978 3342 orationem
1037 3287 1187 3343 servi
1232 3288 1335 3343 tui.
1386 3288 1520 3342 Item
1547 3287 1746 3343 aliud:
1780 3289 1860 3342 'l‘u

217 3361 453 3416 Domine
466 3358 890 3415 universorum.
906 3358 1000 3429 qui
1016 3359 1227 3413 nullam
1241 3359 1414 3414 habes
1430 3358 1856 3429 indulgentiam.

282 3436 355 3487 Ex
385 3431 475 3486 his
507 3431 839 3501 notandum,
864 3435 969 3491 est,
1024 3430 1205 3500 primo
1244 3431 1571 3501 episcopum
1605 3446 1726 3485 cum
1752 3430 1863 3484 cle-

211 3503 334 3583 ricis
370 3518 543 3583 agere
573 3501 799 3583 rigilias
827 3500 879 3554 in
939 3501 1173 3583 basilica
1232 3500 1636 3583 aliqua’reteri
1666 3518 1859 3583 coram

211 3572 461 3637 reliquiis
495 3574 553 3628 in
588 3572 826 3627 basilica
852 3588 1000 3626 nova
1052 3572 1419 3637 collocandis,
1466 3572 1672 3627 deinde
1701 3589 1760 3627 se
1793 3572 1865 3626 ad

209 3644 504 3700 basilicam
530 3660 744 3699 novam
757 3645 1163 3714 conl'erre,qua
1180 3648 1532 3706 consecrata,
1556 3644 1761 3699 reverti
1792 3644 1865 3698 ad

210 3724 457 3773 veterem
491 3714 791 3770 basilicam
815 3720 872 3769 et
897 3713 1029 3769 inde
1052 3713 1320 3785 reliquias
1346 3714 1601 3770 sublatas
1622 3714 1864 3770 solemni

208 3788 566 3858 processione
607 3786 664 3841 in
700 3802 908 3858 nosam
937 3785 1233 3858 ecclesiam
1256 3786 1589 3858 transferre;
1610 3788 1761 3856 quod
1783 3786 1868 3858 vi-g

206 3857 336 3915 dere
368 3864 455 3915 est
488 3875 615 3928 cap.
650 3858 720 3911 20
750 3857 846 3911 lib.
884 3858 954 3911 de
986 3857 1180 3912 Gloria
1232 3857 1636 3913 confessorum
1686 3857 1867 3912 sancti

206 3930 459 4002 Gregorii
498 3928 845 4002 Turonensis
873 3928 1371 4002 :_Quadilagenter
1384 3932 1690 4002 composita,
1710 3936 1767 4002 iet
1789 3929 1870 3982 al-

204 3999 409 4057 tar-{ex
436 4017 591 4055 inore
620 4001 817 4065 locato,
844 3999 915 4053 ad
938 4000 1223 4054 basilicam
1272 4004 1520 4055 sanctam
1562 4000 1767 4070 vigiliis
1781 4017 1871 4053 no-

202 4082 345 4129 ctem
374 4091 548 4128 unum
578 4072 869 4143 ducentes,
892 4087 1043 4124 mane
1081 4087 1206 4126 vero
1249 4073 1524 4125 venientes
1571 4070 1752 4143 424
1794 4070 1872 4124 ad

204 4145 481 4208 cellulam,
514 4143 697 4198 altare
723 4142 871 4212 quod
888 4157 1239 4197 erexeramus
1286 4142 1758 4211 sanctiﬁcavimus,
1792 4158 1871 4195 re-

206 4220 492 4288 gressique
518 4215 629 4288 a_dg
658 4214 964 4288 basilicam,
1015 4220 1228 4268 sanctas
1282 4215 1395 4288 ejus
1456 4214 1725 4288 reliquias
1753 4229 1872 4288 eum

206 4284 507 4343 Saturnini
531 4285 856 4355 Iulianique
912 4292 1231 4355 martyrum,
1266 4285 1346 4339 vel
1390 4286 1554 4338 etiam
1584 4284 1726 4338 beati
1758 4284 1872 4337 [lli-

208 4361 305 4423 dii,
332 4358 543 4416 exinde
568 4358 885 4412 solemniter
938 4356 1283 4410 radiantibus
1317 4359 1481 4411 cereis
1519 4355 1874 4426 crucibusque

208 4431 483 4485 admocem
492 4446 572 4483 us.

277 4504 407 4556 512,
444 4502 529 4555 De
569 4499 847 4553 camhutta
869 4513 988 4551 sua.
1044 4497 1365 4563 Cambutta,
1422 4512 1517 4552 seu
1579 4498 1868 4561 cambuta,

210 4579 295 4628 est
338 4567 872 4644 virgaupastoralis
916 4567 1357 4644 episcoporum._
1389 4567 1602 4644 Glossee
1653 4574 1870 4644 retercs

214 4660 350 4698 mss.
412 4638 782 4698 bibliothecae
834 4638 1186 4694 Corbeiensis
1241 4657 1254 4692 :
1317 4639 1597 4703 Cambuta,
1657 4639 1872 4694 baculus

211 4731 611 4785 episcoporum.
649 4712 746 4767 Est
769 4710 944 4785 etiam
988 4712 1287 4785 abbatum.
1342 4713 1488 4785 AActa
1510 4711 1695 4785 sancti
1727 4710 1869 4765 Galli

212 4782 434 4841 abbatis
467 4785 622 4855 apud
652 4782 888 4837 Surium
921 4800 933 4837 :
966 4782 1072 4849 Qui
1108 4788 1161 4855 et
1189 4783 1443 4855 baculum
1496 4782 1686 4855 ipsius,
1719 4798 1871 4855 quem

212 4859 363 4925 vulgo
389 4852 696 4911 canibotam
731 4860 945 4917 vocant,
998 4856 1102 4908 etc.
1137 4852 1441 4925 Ordericus
1492 4852 1711 4925 Yitalis,
1768 4853 1868 4925 lib.

216 4942 273 4981 Vi
302 4922 449 4983 Hist.
481 4924 910 4986 ecclesiasticae,
935 4940 1113 4995 agens
1168 4925 1237 4978 de
1271 4922 1642 4978 translatione
1690 4923 1872 4978 sancti

218 4999 480 5069 Ebrulphi
514 4996 745 5069 abbatis
784 4994 1063 5051 Uticensis
1104 4994 1435 5069 in_dimcesi
1494 4995 1820 5069 Lesoviensi
1856 5017 1868 5048 :

218 5065 528 5126 Herm-inus
554 5068 796 5139 quidem,
837 5070 967 5138 quia
1002 5066 1248 5139 sacerdos
1270 5069 1422 5139 erat.
1450 5075 1502 5121 et
1527 5065 1684 5139 abbas
1712 5082 1874 5121 cano-

216 5144 463 5197 nicorum
488 5136 675 5195 sancti
697 5136 882 5202 Petri,
914 5143 966 5191 et
995 5137 1213 5207 capellae
1249 5136 1402 5191 ducis
1455 5137 1873 5204 capellanorum

218 5216 501 5268 mimus.
563 5214 728 5280 caput
786 5213 841 5264 et
896 5210 1153 5278 majorem
1188 5216 1402 5280 partem
1447 5210 1650 5263 ossium
1701 5209 1876 5264 sancti

217 5284 509 5356 Elii-alpini,
542 5278 751 5356 librum
780 5296 990 5350 quoque
1025 5287 1074 5356 et
1114 5278 1361 5356 arculam
1396 5287 1623 5349 argento
1663 5296 1873 5356 cooper-

218 5363 341 5420 tum,
365 5351 419 5413 ἐι
440 5355 758 5411 cambutam
795 5358 959 5422 atque
1011 5351 1366 5415 cinctorium,
1418 5356 1749 5422 chartasque
1790 5352 1877 5405 do-

219 5429 491 5483 naticnu-m
521 5426 628 5481 sibi
656 5423 917 5477 retinuit.

284 5500 375 5553 Est
405 5499 561 5554 enim
588 5495 870 5551 cambuta
897 5491 1134 5547 baculus
1147 5491 1345 5551 ﬂexus,
1373 5495 1430 5547 et
1458 5496 1873 5548 sustenlamen.

223 5569 435 5641 Papias,
470 5569 527 5625 in
565 5564 954 5641 Vocabulario
1009 5579 1158 5641 ms._:
1187 5562 1449 5641 Cambuta
1486 5570 1873 5641 sustentamen,

223 5634 539 5709 cel—baculus
564 5640 759 5709 ﬂexus,
782 5635 1005 5706 pedum,
1028 5635 1129 5709 νυεί
1146 5638 1348 5709 oracla,
1400 5634 1630 5709 Gallice,
1678 5652 1871 5709 cresse.

222 5708 283 5766 Et
309 5713 541 5768 baculus
562 5705 682 5783 quo
708 5705 1399 5783 sustentanturclaudiet
1424 5705 1655 5783 debiles.
1677 5706 1877 5783 Petcus

226 5783 508 5853 diaconus,
539 5775 603 5840 in
635 5778 1049 5854 supplemento
1079 5776 1285 5835 Chron.
1343 5775 1554 5844 Casin.,
1604 5792 1729 5850 cap.
1755 5777 1822 5834 76
1860 5794 1873 5835 :

1964 3142 2063 3218 per
2104 3142 2474 3216 pauimentum
2497 3164 2615 3202 cum
2665 3142 3071 3210 cambuldsua
3102 3146 3206 3201 haec
3262 3145 3514 3218 elementa
3546 3142 3615 3207 A,

1968 3214 2035 3282 B,
2067 3214 2152 3283 ϐξ
2199 3225 2248 3271 ει
2299 3218 2443 3273 dicat
2500 3219 2637 3273 hanc
2688 3218 3057 3289 Antiphonem
3093 3235 3109 3271 .'
3142 3217 3435 3289 Conﬁrma
3490 3214 3617 3280 hoc,

1972 3292 2138 3357 Deus,
2175 3291 2327 3360 quod
2359 3294 2624 3360 operatus
2681 3306 2739 3345 es
2791 3287 2849 3343 in
2886 3289 3049 3344 nobis
3082 3306 3115 3343 a
3160 3287 3373 3360 templo
3422 3290 3620 3360 sancto

1969 3366 2086 3423 tuo,
2149 3357 2300 3431 quod
2350 3357 2439 3416 est
2490 3359 2546 3415 in
2595 3360 2930 3423 Jerusalem,
2986 3359 3249 3415 Alleluia.
3282 3357 3559 3431 'Psalmus
3604 3372 3620 3409 :

1971 3430 2243 3503 Exsurgat
2268 3431 2437 3503 Deus,
2469 3448 2588 3503 cum
2614 3431 2810 3501 gloria.
2868 3432 3003 3486 Tum
3042 3432 3235 3486 vadens
3270 3430 3347 3503 ad
3368 3430 3639 3484 dextrum‘

1970 3501 2234 3570 angulum
2264 3502 2665 3565 occidentalem,
2697 3503 2964 3572 incipiens
3006 3502 3205 3557 iterum
3253 3518 3286 3554 a
3314 3501 3503 3555 dextro
3529 3514 3627 3552 an-

1967 3574 2096 3644 gulo
2116 3572 2377 3627 orientali
2403 3573 2471 3637 Α,
2505 3574 2569 3631 Β.
2607 3572 2668 3640 C,
2723 3574 2964 3627 scribens
3017 3574 3277 3644 usquegin
3338 3573 3625 3644 sinistrum

1973 3642 2354 3699 occidentalem
2394 3644 2674 3714 angulum,
2723 3644 2961 3699 canendo
3009 3642 3379 3713 Antiphonam
3408 3642 3622 3703 aliam;

1977 3715 2155 3789 6.25
2177 3714 2397 3789 Emitte
2421 3715 2688 3785 spiritum
2718 3722 2913 3789 tuum,
2938 3720 2996 3769 et
3041 3715 3403 3789 c_reab_untu_r,
3440 3714 3498 3789 et
3532 3725 3625 3764 re-

1978 3782 2220 3843 n'osa'bis
2254 3782 2467 3840 faciem
2488 3791 2669 3842 terras.
2712 3786 2975 3852 Alleluia,
3027 3785 3278 3840 alleluia.
3332 3782 3626 3845 Psalmus;

1979 3857 2233 3916 Benedic
2266 3857 2463 3912 anima
2495 3873 2626 3913 mea
2654 3858 2920 3922 Domino,
2950 3856 3191 3912 Domine
3221 3856 3371 3910 Deus
3403 3868 3585 3908 meus.

2048 3928 2173 3983 518.
2206 3928 2276 3992 Α,
2309 3929 2375 3993 Β,
2412 3928 2470 3983 C.
2506 3929 2588 3983 Ita
2645 3929 2701 3982 in
2761 3929 2964 3984 Codice
3014 3927 3258 3984 Ratoldi.
3322 3928 3382 3981 In
3425 3922 3628 3980 Codice

1982 3999 2290 4055 Rhemensi
2323 3999 2583 4062 habetur,
2618 3998 3045 4063 ABCTURIUM,
3075 3999 3227 4069 quod
3255 3996 3625 4069 perindeest;

1980 4088 2046 4126 ex
2077 4070 2279 4152 quibus
2306 4070 2620 4152 notandum
2680 4070 2784 4152 has
2824 4076 2937 4152 tres
2967 4065 3209 4151 .littéras
3256 4065 3546 4123 duntaxat
3569 4065 3628 4119 in

1980 4143 2340 4198 dedicatione
2369 4142 2616 4196 basnbcae
2645 4142 2872 4212 depmgr
2905 4141 3045 4196 olim
3067 4140 3285 4196 solitas.
3319 4140 3481 4212 Nunc
3506 4139 3631 4191 des-

1979 4213 2275 4269 cribuntur
2302 4213 2416 4268 duo
2440 4210 2768 4283 alphabeta,
2795 4210 3038 4268 alterum
3071 4213 3352 4273 Graecum,
3386 4210 3631 4264 alterum

1987 4285 2270 4349 Latinum,
2304 4284 2361 4338 id
2392 4289 2499 4347 est,
2531 4284 2728 4339 omnia
2757 4284 3065 4349 elementa,
3115 4287 3237 4337 tum
3270 4283 3484 4345 Graeca,
3515 4284 3632 4333 tum

1983 4355 2205 4418 Latina,
2246 4360 2307 4409 ut
2359 4354 2415 4410 in
2445 4354 2644 4410 Ordine
2701 4359 2758 4410 et
2786 4355 3111 4413 Pontiﬁcali
3158 4356 3443 4420 Romano,
3488 4349 3633 4406 etin

1906 4443 1949 4501 ι)
1986 4426 2195 4501 Codice
2214 4442 2322 4481 ms.
2357 4425 2596 4501 Titiano.

2054 4498 2301 4562 Quidam
2323 4498 2460 4551 olim
2493 4496 2741 4567 episcopi
2774 4494 3637 4569 adjiciebantalphabetumlle-

1982 4569 2262 4632 braicum,
2297 4572 2359 4622 ut
2388 4566 2622 4638 planum
2654 4566 2740 4623 est
2769 4566 2860 4624 ex'
2889 4585 3154 4623 sermone
3196 4566 3303 4621 ms.
3333 4566 3635 4638 cujusdam

1980 4639 2251 4710 anonymi
2281 4636 2451 4710 supra
2476 4639 2650 4694 citato
2683 4641 2752 4695 de
2771 4640 3019 4695 ecclesiae
3036 4636 3417 4710 Dedicatione,
3452 4636 3507 4710 in
3523 4651 3635 4710 quo

1980 4707 2154 4766 etiam
2186 4707 2364 4766 causa
2386 4711 2647 4766 redditur
2679 4727 2689 4763 :
2724 4707 3638 4781 Verumtamenquiaccclesiastica

1979 4783 2239 4837 doctrina
2263 4782 2544 4846 Hebraico,
2575 4782 2762 4837 Graeco
2790 4782 3095 4853 Latinoque
3135 4780 3405 4853 sermone
3431 4780 3633 4853 utitur,

1982 4855 2218 4935 maxime
2242 4853 2367 4935 ideo
2391 4870 2423 4907 a
2439 4850 3192 4935 'quibusclamepiscopustria
3227 4853 3336 4935 haec
3352 4850 3637 4935 alphabeta

1979 4924 2393 4980 conscribuntur
2438 4925 2637 4979 Petrus
2672 4924 2953 4989 Damiani,
2984 4940 3249 4979 sermone
3266 4924 3441 4977 citato
3471 4936 3641 4992 gene-

1983 4995 2147 5051 ratim
2162 4995 2281 5050 haec
2304 4995 2502 5050 scribit
2534 5012 2546 5050 :
2581 4996 2881 5066 Alphabeta
2900 5013 2969 5051 ea:
3001 5003 3317 5052 transverso
3353 4993 3638 5064 quadra-n-

1981 5068 2109 5138 gula
2137 5069 2347 5121 ratione
2382 5066 2657 5121 describit.
2694 5066 2830 5132 Quae
2861 5067 3237 5138 intelligenda
3281 5069 3640 5138 suntisecun-

1983 5135 2119 5193 dum
2150 5138 2489 5210 hodiernum
2515 5154 2680 5192 usum
2697 5139 2765 5193 de
2782 5135 3102 5210 alphabetis
3115 5140 3307 5194 Graeco
3324 5141 3380 5210 et
3412 5135 3637 5199 Latino,

1984 5226 2121 5264 nam
2153 5209 2208 5263 in
2246 5225 2313 5264 eo
2369 5225 2636 5264 sermone
2678 5210 2921 5265 remittit
2976 5212 3241 5266 lectorem
3288 5209 3363 5264 ad
3406 5210 3640 5261 lvonem

1987 5284 2417 5353 Carnotensem,
2452 5288 2514 5353 ut
2543 5279 2689 5353 intra
2721 5281 3076 5352 probabitur,
3107 5282 3202 5353 qui
3232 5282 3292 5335 in
3335 5292 3640 5353 opereisuo

1985 5354 2055 5407 de
2092 5351 2342 5425 ecclesiae
2371 5351 2740 5409 Dedicatione
2768 5352 2886 5409 haec
2911 5354 3024 5410 duo
3062 5351 3364 5425 alphabeta
3412 5352 3638 5402 tantum

1989 5424 2267 5478 aunoscit.

2023 5440 2432 5550 ggleeinde
2452 5494 2673 5550 veniens
2691 5500 2820 5550 ante
2843 5496 3038 5551 altare.
3067 5499 3136 5547 Τὸ
3195 5494 3389 5547 Altare
3441 5488 3643 5542 aberat

1990 5565 2061 5619 ab
2090 5565 2195 5620 hoc
2221 5566 2421 5620 Codice
2451 5566 2633 5620 sancti
2682 5565 2883 5637 Eligii,
2923 5567 3022 5621 sed
3069 5564 3205 5620 illud
3259 5557 3513 5632 supplevi
3571 5576 3640 5616 ex

1990 5636 2284 5691 Codicibus
2319 5636 2622 5692 Rhemensi
2642 5641 2699 5691 et
2725 5636 2972 5691 Ratoldi.

2057 5708 2180 5763 520.
2209 5707 2416 5779 Absque
2448 5708 2847 5779 Alleluia._lta
2873 5707 2929 5762 in
2962 5706 3096 5779 Ord.
3123 5705 3287 5760 Rom.
3318 5701 3449 5758 etin
3477 5701 3643 5760 Codi-

1985 5777 2144 5838 cibus
2168 5776 2477 5838 Rheniensi
2501 5783 2559 5838 et
2584 5777 2832 5847 Ratoldi,
2888 5776 3035 5836 etin
3085 5792 3258 5837 serm.
3313 5791 3427 5833 ms.
3466 5790 3643 5850 supra
