3994 6172
224 242 317 310 tl?
484 240 491 251 ·
960 232 1034 306 1N
1078 246 1138 306 s.
1184 232 1539 306 casconn
1580 228 1852 304 LIBRUM
1893 236 2559 306 sscammronuu
2601 238 2843 308 Nora.
2910 190 2921 199 Χ

3473 234 3590 312 iis

225 388 338 436 tute.
372 376 674 433 Sacerdotes
695 376 781 432 tui
812 375 1043 432 induant
1082 375 1397 441 salutarem,
1448 382 1496 430 et
1538 375 1710 431 sancti
1740 375 1830 431 tui
1861 376 1911 437 Α
1942 370 2067 443 ipso
2108 372 2277 428 altari
2320 374 2589 445 perfecta,
2644 380 2703 431 et
2746 378 2815 432 ab
2845 393 2912 433 eo
2952 377 3391 435 thuriﬁcationis
3427 380 3591 437 initio

226 449 474 505 exsultent.

280 520 372 575 543
444 518 522 573 Vel
562 518 842 574 Ecclesia.
902 518 1183 575 Particula
1227 518 1305 573 vel
1342 518 1433 573 hic
1476 518 1718 573 sumitur
1742 534 1828 572 co-

256 591 455 646 ulative.

222 612 667 718 pu£2.v%anendo
717 661 1084 728 Antiphonam
1132 661 1522 731 Sancti/ienuit.
1571 662 1632 715 In
1679 660 1821 715 Cod.

219 732 396 788 Rheni.
423 732 635 805 legitur
665 733 916 805 Canendo
942 733 1335 805 Antiphonam.
1393 733 1498 797 Qui
1525 732 1749 786 habitat
1774 732 1831 785 in

220 803 472 873 adjutorio
497 803 788 865 altissimi,
818 821 940 859 cum
972 806 1086 874 ipso
1120 804 1361 860 Psalmo.

273 876 379 930 545.
438 875 546 939 Qui
592 876 921 930 extrinsecus
978 874 1242 931 Ecclesiae
1285 874 1519 945 parietes
1560 891 1667 928 una
1712 890 1833 945 uoce

214 946 440 1017 psallunt.
477 946 656 1000 Locus
693 951 1023 1016 corruptus;
1071 946 1214 1015 lege,
1257 944 1317 1001 ut
1365 947 1424 1001 in
1453 946 1656 1001 Codice
1688 944 1829 999 lihe-

214 1016 413 1075 tnensi:
467 1018 571 1082 Qui
594 1018 926 1072 extrinsecus
981 1016 1236 1072 Ecclesiae
1288 1018 1521 1087 parietes
1566 1033 1675 1087 una
1716 1032 1834 1069 voce

208 1088 465 1160 psallentes
488 1095 784 1160 spargunt.
826 1090 886 1142 ln
908 1088 1052 1143 Cod.
1083 1086 1302 1160 Batoldi
1332 1088 1570 1143 habetur
1596 1086 1652 1140 in
1682 1087 1833 1160 hunc
1880 1141 1885 1147 ,

211 1159 419 1215 modum
452 1176 469 1212 :
498 1159 705 1213 Deinde
749 1167 937 1229 pergat
978 1166 1140 1213 extra
1189 1159 1468 1214 ecclesiam
1514 1176 1636 1213 cum
1684 1159 1833 1212 omni

208 1232 376 1291 schola,
404 1231 704 1301 spargendo
715 1234 798 1284 ter
805 1248 902 1301 per
909 1231 1147 1300 parietes
1162 1232 1223 1284 in
1240 1230 1502 1301 circuitu,
1531 1237 1578 1284 et
1600 1230 1833 1301 desuper

203 1301 412 1356 canendo
462 1300 831 1371 Antiphonam
876 1301 1136 1363 Benedic,
1180 1300 1439 1363 Domine,
1484 1303 1721 1356 domum
1760 1300 1832 1354 is-

204 1378 325 1437 tam,
360 1377 467 1427 etc.
511 1372 712 1427 Psalm.
762 1374 905 1428 Deus
953 1372 1291 1427 misereatur
1336 1372 1542 1428 nostri.
1582 1371 1824 1441 Antiph.

205 1446 320 1499 Ecce
372 1443 809 1498 tabernaculum
868 1443 962 1498 Dei
1012 1460 1145 1498 cum
1190 1443 1545 1498 hominibus.
1609 1443 1821 1498 Psalm.

199 1514 334 1570 Beati
365 1514 723 1569 immaculati
741 1514 797 1568 in
816 1514 928 1569 via.
963 1514 1203 1586 Antiph.
1241 1515 1502 1579 Benedic,
1528 1512 1708 1586 428
1730 1518 1831 1569 Do-

199 1587 354 1649 mine,
386 1587 629 1640 domum
679 1586 872 1648 istam,
904 1591 1016 1642 etc.
1075 1585 1267 1642 Finito
1315 1587 1430 1650 hoc,
1484 1585 1833 1655 ingrediatur

196 1658 425 1729 ponti/ea:
482 1661 539 1711 in
587 1656 862 1712 ecclesiam
903 1673 1029 1711 cum
1070 1657 1216 1729 omni
1257 1657 1452 1729 schola,
1505 1664 1557 1729 et
1607 1657 1831 1727 incipiat

1942 447 2132 509 ducto,
2158 448 2487 501 universum
2516 447 2713 502 circuit
2738 449 2882 502 sacri
2930 448 3031 502 loci
3076 450 3379 505 ambitum.
3419 453 3592 508 Sanc-

1940 519 2029 590 tus
2056 515 2304 571 Joannes
2331 519 2769 589 Chrysostomus
2800 520 2853 573 in
2882 519 3121 590 liturgia,
3143 539 3154 575 :
3176 521 3233 573 Ὀ
3267 519 3325 574 δέ
3356 519 3593 586 διάκονος

1943 589 2106 663 ᾇγζμιᾲ
2132 591 2356 660 γύρωθεν
2382 594 2474 663 τήν
2504 590 2656 663 ἆγιαν
2682 591 2961 662 τράπεζαν,
2986 589 3074 642 xui
3097 589 3358 663 δίπτυχα.
3385 596 3444 648 1d
3463 601 3550 650 est
3574 612 3586 649 ἒ

1941 657 2225 712 Diaconus
2258 677 2355 729 per
2378 657 2675 714 circuitum
2707 657 2963 716 incensat
2990 680 3212 717 sacram
3244 657 3505 720 mensam
3536 671 3593 721 et

1940 729 2229 800 diptycha.
2260 732 2456 785 Canon
2478 732 2510 785 3
2536 743 2568 785 Α
2582 732 2934 801 postolorum
2968 750 2978 787 :
3004 734 3086 787 Ne
3117 734 3275 789 liceat
3297 738 3592 792 autemali-

1938 804 2068 870 quid
2096 800 2250 855 aliud
2278 801 2349 854 ad
2373 802 2549 856 altare
2573 800 2771 872 olferre
2797 821 2961 874 quam
2987 805 3165 860 oleum
3186 807 3255 860 ad
3281 806 3588 873 lucernam,

1940 877 2029 923 καί
2064 874 2301 943 θυμίαμα
2326 882 2490 945 χαιρῲ
2516 881 2610 935 τῆς
2630 876 2799 947 ἁγίας
2832 882 3147 947 ῖτρᾳσφφρᾱς,
3176 876 3232 930 id
3258 882 3362 947 est,
3408 884 3465 935 et
3507 881 3588 935 in-

1940 959 2173 997 censum
2215 951 2470 1014 tempore
2513 950 2725 1000 sanctae
2754 945 3085 1000 oblationis.

2012 1014 2334 1072 Concilium
2393 1016 2873 1079 Chalcedonense,
2920 1016 3140 1072 actione
3196 1018 3249 1083 3,
3300 1018 3357 1073 in
3398 1019 3589 1075 libello

1942 1084 2280 1156 Ischyrionis
2317 1086 2543 1141 diaconi
2572 1088 2974 1143 Alexandriam
3008 1087 3287 1153 Ecclesim,
3329 1091 3424 1144 ubi
3457 1108 3587 1146 con-

1939 1156 2196 1233 queritur
2237 1158 2982 1233 deDioscoro_p_atriarcha
3036 1160 3450 1233 Alexandrino,
3495 1163 3590 1233 qui

1942 1228 2210 1308 pecunias
2227 1246 2260 1283 a
2273 1229 2594 1315 clarissima
2606 1228 2785 1301 429
2816 1230 3040 1315 femina.
3062 1231 3357 1315 Peristeri‘a
3375 1228 3591 1315 legatus

1940 1300 1997 1353 in
2030 1316 2345 1370 pauperum
2382 1300 2723 1366 subsidium,
2750 1300 2965 1356 scortis
2994 1307 3050 1356 et
3078 1303 3271 1357 mimis
3298 1300 3594 1361 distribue-

1942 1374 2071 1425 rat:
2115 1372 2185 1426 Ut
2218 1386 2383 1441 neque
2424 1372 2704 1427 incensum
2749 1390 2814 1426 ea:
2860 1372 3127 1427 oblatione
3157 1373 3309 1429 illius
3352 1375 3594 1431 clarissi—

1939 1457 2049 1518 ma?
2078 1444 2368 1518 memoria?
2391 1443 2708 1518 Peristertas
2734 1445 3017 1518 (quantum
3044 1445 3114 1518 ad
3142 1462 3264 1518 eum
3294 1447 3589 1518 pertinuit)

1943 1513 2050 1567 Deo
2096 1514 2411 1583 offerretur.
2463 1513 3147 1584 Gregorius'l‘uronensis,
3191 1516 3248 1571 in
3295 1513 3437 1573 'Vitis
3488 1513 3593 1573 Pal

1940 1588 2115 1649 trum,
2144 1585 2200 1638 in
2246 1585 2374 1639 Vita
2403 1586 2586 1640 sancti
2634 1585 2926 1655 Lupicini:
2972 1586 3254 1656 Dispositis
3302 1590 3363 1643 in
3394 1590 3592 1643 itinere

1939 1656 2522 1730 psallentiumturmis
2550 1673 2672 1730 cum
2714 1658 2980 1730 crucibus,
3034 1659 3210 1730 cereis.
3246 1666 3404 1730 atque
3435 1661 3592 1715 odore

192 1728 528 1798 antiphonam
578 1730 621 1781 Ο
652 1744 826 1798 quam
880 1728 1216 1782 metuendus
1245 1732 1329 1783 est
1359 1728 1514 1783 locus
1549 1728 1676 1793 iste,
1708 1737 1818 1784 etc.
1868 1734 1915 1793 B
1939 1730 2251 1797 fragrantis
2276 1728 2688 1798 thymiamatis:
2718 1734 2773 1783 et
2802 1728 3110 1798 Coryppus,
3136 1729 3231 1784 lib.
3260 1728 3417 1786 uide
3448 1731 3589 1787 Lau-

190 1800 375 1871 Psalm.
413 1801 602 1871 Verba
634 1816 790 1871 mea.
828 1799 1054 1871 Antiph.
1085 1799 1188 1864 Qui
1213 1799 1433 1853 habitat
1453 1800 1509 1853 in
1540 1798 1831 1871 adjutorio

189 1870 445 1925 Altissimi
465 1914 481 1925 .
505 1870 715 1925 Psalm.
737 1870 989 1937 idipsum.
1011 1870 1246 1941 Antiph.
1276 1871 1429 1924 Beati
1458 1870 1555 1941 qui
1570 1869 1834 1925 habitant

189 1942 236 1994 in
263 1943 428 1995 domo
451 1947 579 2005 tua,
604 1941 871 1997 Domine.
908 1942 1109 1995 Psalm.
1137 1941 1319 2004 Quam
1344 1941 1573 1997 dilecta.
1609 1942 1683 1995 Et
1706 1950 1832 1996 tunc

245 2020 328 2065 nat
350 2014 406 2065 in
427 2029 649 2067 censum
680 2013 955 2074 iuacerra,
979 2020 1028 2066 et
1040 2014 1186 2066 dicat
1210 2012 1353 2067 hanc
1375 2012 1827 2077 0rationem,etc.

231 2089 452 2138 actenus
492 2083 720 2137 Batoldi
752 2083 935 2138 Codex
950 2127 962 2137 .

247 2154 380 2217 Quid
395 2154 471 2208 sit
508 2170 708 2209 acerra
721 2155 886 2209 docet
913 2155 1108 2208 Festus
1132 2170 1142 2207 :
1160 2153 1386 2219 Acerra,
1411 2171 1555 2225 aqua
1570 2170 1690 2224 qua:
1707 2160 1831 2208 ante

186 2232 438 2279 mortuum
488 2226 619 2295 poni
662 2225 879 2290 solebat,
926 2225 984 2278 in
1011 2242 1116 2295 qua
1141 2226 1333 2280 odores
1372 2225 1820 2280 incendebantur.

185 2295 358 2365 Aliqui
398 2296 606 2349 dicunt
650 2296 902 2351 arculam
948 2313 1052 2350 esse
1095 2296 1434 2360 thurariam,
1486 2296 1704 2362 scilicet,
1738 2297 1829 2351 ubi

188 2366 292 2419 thus
318 2366 673 2437 reponebam.
712 2367 812 2421 Hic
839 2367 1085 2421 sumitur
1126 2384 1226 2437 pro
1257 2366 1572 2422 thuribulo.

243 2438 362 2493 546.
400 2438 689 2492 Faciendo
718 2455 929 2493 crucem
960 2456 1119 2508 super
1135 2439 1470 2509 pavimento.
1503 2438 1652 2493 Olim
1683 2437 1828 2493 basi-

185 2507 306 2580 licas
341 2509 518 2580 signo
553 2509 735 2564 crucis
776 2507 1035 2580 adhibito
1073 2507 1325 2564 dedicari
1364 2515 1583 2565 certum
1632 2516 1737 2576 est,
1773 2514 1833 2564 ut

187 2579 425 2634 videmus
457 2596 649 2635 serm.
686 2582 775 2644 t9,
807 2579 953 2635 inter
976 2596 1149 2651 opera
1187 2579 1301 2634 divi
1324 2580 1659 2649 Augustini:
1699 2582 1832 2635 Cum

184 2652 394 2718 ejusdem
423 2651 615 2707 crucis
633 2653 948 2706 charactere
977 2652 1221 2707 basilicae
1245 2651 1583 2706 dedicantur.
1618 2652 1677 2706 In
1708 2651 1831 2722 qui-

186 2722 408 2777 busdam
444 2722 815 2778 Editionibus
854 2722 943 2777 hic
972 2740 1164 2778 sermo
1212 2728 1293 2777 est
1336 2725 1423 2789 75,
1457 2725 1526 2777 de
1549 2723 1821 2779 Diversis.

242 2793 364 2848 547.
406 2794 583 2857 Deus,
630 2812 721 2858 qui
778 2794 889 2847 loca
936 2795 1147 2848 nomini
1177 2802 1287 2858 tuo,
1340 2799 1446 2849 etc.
1503 2795 1637 2848 Post
1686 2796 1832 2849 hanc

184 2863 514 2919 Orationem
542 2864 599 2918 in
626 2863 770 2920 Cod.
806 2865 1026 2919 Hatoldi
1059 2865 1181 2920 haec
1212 2870 1528 2935 sequuntur
1568 2885 1579 2923 :
1611 2867 1673 2919 Et
1704 2874 1831 2920 tunc

183 2952 239 2987 ac
284 2937 507 2990 incenso
550 2936 674 2990 boni
720 2936 910 2991 odoris
940 2937 1180 3006 infamat
1217 2944 1381 2990 totam
1431 2936 1732 3003 ecclesiam,
1783 2943 1831 2990 et

181 3015 313 3059 stans
338 3008 393 3060 in
420 3006 609 3061 medio
635 3006 781 3061 dicat
808 3007 1202 3076 Antiphonam.
1231 3008 1445 3062 Domus
1469 3024 1599 3062 mea
1629 3009 1833 3063 domus

1941 1798 2105 1852 dibus
2133 1799 2339 1853 Justini
2372 1798 2602 1853 minoris
2633 1816 2643 1853 :

2064 1886 2212 1950 ilicet
2234 1886 2461 1948 angelici
2487 1901 2713 1950 pergens
2743 1887 2809 1935 ad
2840 1886 3026 1935 limina
3053 1887 3255 1950 templi,

2064 1948 2324 2059 {mpols’pit
2352 1950 2440 2012 pia
2469 1948 2626 1997 thura
2667 1949 2815 2005 focis,
2860 1963 3116 2013 cerasque
3145 1948 3404 2000 micantes

2169 2026 2201 2059 u
2227 2025 2241 2057 ι
2272 2046 2282 2058 .

1941 2081 2103 2136 Unde
2134 2083 2371 2136 Cosroes
2405 2084 2701 2136 Persarum
2752 2098 2867 2147 rex,
2898 2081 3047 2138 inter
3091 2083 3205 2138 alia
3234 2083 3479 2139 donaria
3508 2101 3593 2139 ec-

1940 2151 2127 2224 clesia:
2167 2152 2349 2208 sancti
2398 2153 2578 2223 Sergii
2626 2154 2913 2224 martyris,
2966 2154 3316 2209 thuribulum
3352 2172 3591 2211 aureum
3678 2184 3681 2189 -

1942 2223 2118 2296 misit,
2146 2225 2217 2278 ob
2267 2224 2486 2295 prolem
2515 2225 2639 2296 ejus
2683 2223 3100 2296 intercessione
3157 2231 3500 2296 susceptam,
3533 2233 3594 2282 ut

1939 2294 2135 2368 scribit
2155 2294 2608 2368 Theophylactus
2634 2295 2965 2368 Simocatta,
2989 2296 3086 2350 lib.
3113 2314 3141 2349 v
3164 2294 3336 2361 Hist.,
3356 2314 3480 2368 cap.
3502 2298 3590 2353 14.

2009 2367 2133 2440 552.
2192 2367 2255 2421 In
2308 2366 2486 2440 medio
2530 2384 2742 2422 crucem
2796 2367 3018 2438 faciens,
3064 2374 3112 2422 et
3145 2384 3326 2440 super
3361 2366 3595 2440 quatuor

1940 2437 2179 2508 angulos.
2227 2438 2507 2508 Antiquus
2550 2441 2693 2493 ritus
2735 2437 2839 2503 est,
2885 2454 3053 2508 quem
3103 2437 3242 2494 olim
3273 2437 3596 2496 observavit

1942 2512 2172 2581 sanctus
2212 2509 2533 2581 Germanus
2571 2508 3083 2581 Antissiodorensis
3112 2510 3429 2581 episcopus,
3461 2529 3593 2566 cum

1941 2579 2276 2652 Encolisma;
2304 2581 2360 2652 in
2391 2579 2701 2650 Aquitania
2726 2580 2909 2652 altare
2947 2582 3015 2635 de
3052 2579 3280 2637 nomine
3308 2579 3596 2652 apostolo-

1943 2668 2069 2705 rum
2098 2650 2365 2720 principis
2389 2651 2703 2725 dedicaret,
2734 2656 2794 2706 ut
2821 2651 3001 2705 refert
3027 2652 3247 2707 Erricus
3280 2650 3593 2725 insupple-

1942 2726 2138 2795 mento
2170 2739 2282 2777 ms.
2323 2722 2733 2795 miraculorum
2759 2724 3018 2794 ejusdem
3046 2724 3344 2793 pontiﬁcis,
3369 2722 3492 2795 cap:
3517 2726 3586 2779 3:

1944 2793 2269 2867 Ubicumque
2285 2863 2294 2867 Δ
2310 2799 2359 2846 et
2383 2794 2591 2867 quoties
2614 2793 2944 2867 Aperraltaris
2989 2811 3204 2867 cornua
3241 2793 3591 2867 mediumque

1940 2864 2118 2937 crucis
2148 2863 2381 2937 efﬁgiem
2410 2864 2743 2937 sanctiﬁcati
2779 2867 3041 2937 unguinis
3086 2866 3290 2936 liquore
3327 2863 3587 2936 signabit,

1940 2936 2032 2991 ita.
2049 2952 2303 3007 marmor
2326 2935 2681 3007 impressione
2708 2935 2925 3005 pollicis
2945 2935 3297 3007 lique/actum
3322 2935 3592 3007 subterfu-

1976 3007 2039 3069 it,
2066 3013 2122 3061 ut
2141 3006 2529 3076 adimpulsum
2557 3007 2721 3078 digiti
2748 3008 2964 3063 niveam
2986 3006 3207 3078 putares
3231 3009 3441 3063 cessisse
3458 3006 3589 3064 mol-

181 3077 472 3156 Orationis.
531 3077 722 3156 Versus
743 3078 990 3156 Narrabo
1022 3094 1233 3156 nomen
1262 3084 1442 3156 t_u_um,
1466 3079 1825 3156 cum_Glort'a.
1867 3096 1913 3156 ο
1944 3077 2139 3156 litiem.

240 3149 356 3204 538.
400 3150 477 3203 Et
517 3150 765 3219 sequitur
788 3149 985 3203 oratio.
1019 3150 1078 3203 In
1104 3150 1245 3206 Cod.
1270 3149 1829 3220 Rhemensilegitur:

180 3217 244 3292 βε
294 3222 560 3292 sequitur
581 3217 809 3292 iOratio
836 3221 1247 3292 coiisecrationis
1277 3220 1542 3292 ecclesiae.
1589 3217 1666 3275 [η’
1683 3223 1823 3276 Cod.

183 3290 387 3363 Ratoldi
420 3295 562 3362 post
590 3290 740 3346 hanc
766 3291 1096 3346 Orationem
1128 3291 1384 3362 sequitur
1412 3308 1424 3347 :
1465 3293 1744 3363 Praefatio
1774 3293 1833 3346 in

184 3362 339 3435 medio
362 3362 633 3435 ecclesia.
666 3364 908 3417 Sursum
940 3364 1134 3435 corda,
1169 3370 1279 3420 etc.
1319 3365 1530 3435 Adesto
1576 3362 1832 3435 precibus

182 3433 394 3556 1tiostris,
461 3434 677 3488 adesto
732 3434 1127 3504 sacramentis,
1183 3439 1313 3500 etc.,
1369 3438 1432 3489 ut
1498 3433 1589 3489 ini
1622 3434 1834 3490 Ordine

222 3519 445 3556 omano.

222 3519 445 3559 001800.

242 3575 356 3647 549.
393 3575 543 3647 Ipsa
563 3574 771 3645 expleta
793 3575 983 3647 incipit
1001 3575 1403 3647 Antiphonem,
1427 3580 1538 3632 etc.
1570 3576 1832 3632 Ecclesiae

182 3645 590 3717 dedicatiOnem
635 3647 846 3717 excipit
886 3645 1086 3702 altaris
1114 3645 1492 3703 consecratio.
1538 3650 1601 3705 In
1628 3648 1831 3703 Codice

182 3712 412 3788 Ratoldi,
482 3712 807 3788 antequam
852 3718 1034 3774 altare
1092 3723 1471 3784 consecretur,
1509 3719 1834 3775 extenditur

186 3787 353 3842 velum
388 3787 704 3859 psallendo
729 3789 1118 3859 Antiphonem
1145 3789 1388 3844 Intrmbo
1413 3790 1490 3843 ad
1513 3790 1686 3845 altare
1708 3792 1829 3847 Dei.

241 3859 786 3951 De‘cotnsecratio‘ne
831 3867 1023 3941 autem
1064 3861 1262 3951 altaris
1289 3861 1526 3951 insignis
1556 3862 1646 3951 hic
1676 3862 1832 3951 locus

184 3930 347 3984 sancti
395 3930 665 4003 Gregorii
700 3931 955 4003 Nysseni,
996 3931 1253 3987 oratione
1295 3932 1351 3985 in
1389 3930 1598 3988 Christi
1624 3933 1833 4003 baptis-

183 4014 350 4067 mum,
378 4000 863 4077 nota—[ldusvenit
893 4018 905 4057 :
933 4000 1070 4054 Ἐπεί
1100 4007 1188 4054 καί
1214 4012 1365 4055 τοῦτο
1395 4000 1771 4077 θυσιαᾳτ-ἡρὶῳ
1793 4001 1831 4075 ᾧ

182 4079 610 4146 πτςιρξτῑ··ἀκσῳιε·.ι,Δ
634 4072 790 4136 λίθος,
820 4072 933 4124 ἐστί
971 4077 1105 4126 κατά
1134 4078 1287 4146 φύσιν
1321 4080 1504 4135 κοινὸς.
1538 4072 1689 4128 οὐδέῦ
1717 4072 1834 4127 διά-

184 4146 327 4215 γέρων
378 4142 485 4195 τῶν
528 4142 699 4194 ἄλλων
729 4143 933 4217 alitva
1040 4142 1165 4217 Δτούξ
1211 4150 1429 4217 ῖοίχογς
1457 4148 1602 4217 ἡμῶν
1631 4144 1832 4199 οἰκοδο-

180 4213 347 4282 psam,
373 4219 466 4266 καί
496 4214 894 4275 καλλωπίζουσι
914 4217 977 4268 τά
1003 4213 1426 4291 ἐὸίᾴφηηἘπξέιδή
1450 4213 1739 4291 κὰθιερὼθη
1768 4219 1827 4291 τῇ

180 4292 266 4362 1'01":
285 4293 419 4337 Θεοῦ
454 4288 712 4359 θεραπείᾳ
756 4292 845 4338 καί
874 4307 987 4362 ντηγ
1018 4277 1253 4358 sila/ius
1285 4284 1515 4353 ἐδέξατο,
1572 4277 1685 4340 iam
1715 4277 1835 4362 1-poi-

182 4356 301 4432 ξτεζα
342 4357 491 4428 ἁγία,
512 4356 911 4432 ’θυσιαστήριον
950 4356 1220 4432 ᾄκρανέᾳν.
1255 4360 1313 4413 Id
1335 4364 1422 4414 est
1454 4377 1466 4413 :
1497 4359 1562 4413 Et
1604 4359 1711 4414 hoc
1744 4356 1830 4415 'al-

181 4429 288 4481 tare
335 4433 635 4492 sanctum,
676 4428 1309 4500 cuiassistimus,lapis
1357 4434 1443 4485 est
1479 4447 1582 4484 sua
1625 4434 1831 4487 natura

181 4500 519 4572 communis,
555 4499 700 4554 nihil
731 4499 997 4572 diﬂ'erens
1023 4502 1095 4556 ab
1119 4499 1250 4555 aliis
1278 4501 1502 4572 crustis,
1536 4518 1603 4557 ex
1630 4501 1834 4572 quibus

184 4569 348 4642 nostri
376 4576 765 4625 exstruuntur
791 4571 1053 4641 parietes.
1080 4576 1136 4626 et
1161 4569 1489 4642 pavimenta
1520 4569 1824 4629 ornantur.

185 4638 601 4719 §ed_quoniam
637 4642 737 4719 Dei
783 4638 955 4697 cultui
987 4638 1384 4719 consecratum
1429 4650 1530 4719 est,
1580 4648 1641 4719 et
1666 4646 1833 4700 bene-

183 4709 484 4836 ditititdnem
524 4712 762 4784 accepit,
804 4730 1004 4769 mensa
1046 4718 1247 4769 sancta
1289 4720 1395 4782 est,
1422 4715 1602 4770 altare
1628 4715 1835 4771 imma-

183 4796 454 4836 meum-

182 4796 424 4838 calatum
441 4829 454 4840 .

186 4920 196 4929 Ι
242 4853 371 4929 55οτ
410 4856 498 4929 Et
520 4853 719 4925 fundit
741 4853 886 4929 quod
909 4858 1183 4929 remansit
1203 4856 1264 4929 de
1293 4857 1409 4925 ipsa
1432 4874 1591 4929 aqua,
1621 4861 1727 4929 etc.
1755 4862 1834 4914 lta

183 4924 234 4995 in
262 4924 399 4979 Cod.
432 4924 651 4982 Rhem.
686 4924 823 4982 et'in
856 4927 992 4981 0rd.
1020 4928 1183 4982 Rom.
1217 4928 1273 4982 In
1302 4924 1444 4985 Cod.
1475 4924 1728 4995 Batoldi,
1750 4929 1829 4984 le-

214 4994 360 5071 itur:
396 4998 481 5071 Et
513 4997 712 5071 fundat
750 5015 943 5071 aquam
984 5015 1145 5069 super
1191 4999 1421 5063 altaria,
1467 5007 1519 5056 et
1560 4994 1835 5071 abstergat

202 5065 354 5134 inteo,
376 5065 740 5142 etbenedicat
782 5065 1025 5142 tabulam
1045 5065 1117 5123 ex
1156 5088 1297 5141 aqua
1341 5078 1542 5125 sancta.
1575 5065 1831 5142 Sequun-

184 5141 370 5214 torque
413 5138 498 5214 ibi
551 5141 637 5193 ha!
676 5141 801 5214 dua;
840 5141 1138 5214 Orationes
1166 5138 1511 5212 z'Singulare
1542 5138 1683 5196 illud
1704 5161 1832 5214 pro-

178 5208 546 5274 pitiatorium,
578 5214 689 5283 etc.
721 5210 1015 5283 ltemgalia:
1036 5210 1178 5266 Deus
1198 5208 1527 5283 omnipotens
1555 5208 1832 5269 universa-

184 5292 295 5402 Eum
332 5297 535 5335 rerum
577 5281 922 5337 rationabilis
969 5284 1201 5354 artifex,
1247 5281 1379 5345 eth.
1427 5289 1487 5339 ut
1521 5284 1578 5339 in
1620 5285 1832 5342 Ordine

225 5366 466 5402 OIDBIIO-

225 5366 437 5406 OIDEﬂO
453 5395 466 5406 .

188 5486 199 5496 .
244 5420 378 5496 551.Δ
412 5422 605 5496 Ρρειεα
633 5423 791 5496 offert
849 5422 1139 5496 incensum.
1183 5424 1641 5483 Thuriﬁcationis
1696 5445 1831 5484 usus

187 5492 238 5543 in
264 5492 518 5565 Ecclesia
546 5495 811 5565 antiquus
836 5502 951 5565 est;
973 5495 1123 5551 illius
1156 5498 1419 5552 meminit
1443 5502 1677 5553 sanctus
1706 5499 1832 5554 Dio-

186 5562 388 5643 ags-ius,
422 5580 563 5643 cap.
671 5562 1066 5643 ‘Bierarchize:
1115 5565 1174 5621 Ὀ
1213 5574 1302 5643 μέν
1348 5568 1621 5643 Ἰεροξρχης
1660 5570 1827 5643 εὐχήν

192 5631 337 5727 ἱέραξ-ι.
480 5631 576 5727 ξφ)
605 5637 740 5688 θείου
773 5638 1156 5727 θυσιαστηρίου
1185 5631 1421 5703 τὶλέσαςξ
1459 5631 1822 5704 tif-attineret}

193 5700 369 5777 θὺμιᾴν
404 5704 689 5787 anticipatos
718 5712 803 5787 ini
838 5716 1011 5787 mitam
1040 5700 1253 5787 ἴρχεται
1299 5700 1513 5770 riis-1'05
1544 5714 1679 5787 ἱεροῦ
1710 5735 1823 5787 χῳ-

193 5790 277 5831 σου
306 5779 584 5857 περιοχὴν.
618 5779 676 5835 Id
717 5783 803 5837 est
833 5796 846 5838 :
881 5779 1178 5852 Sacerdos,
1217 5800 1381 5841 sacra
1407 5779 1820 5857 precatione'in

2014 3148 2177 3213 Quod
2215 3152 2409 3203 autem
2455 3148 2593 3203 olim
2624 3147 2829 3203 altaria
2873 3166 3004 3205 cum
3045 3148 3208 3220 signo
3238 3150 3418 3205 crucis
3447 3149 3589 3206 sole-

1940 3224 2070 3274 rent
2100 3220 2445 3289 consecrari,
2477 3220 2694 3274 clarum
2727 3224 2812 3274 est
2841 3225 2962 3275 tum
3003 3237 3070 3275 ex
3096 3223 3269 3275 citato
3295 3222 3439 3287 loco,
3468 3225 3591 3276 tum

1942 3307 2009 3346 ex
2037 3306 2305 3363 sermone
2329 3308 2502 3363 supra
2530 3290 2703 3363 citato
2729 3292 2911 3345 sancti
2942 3291 3241 3362 Augustini
3266 3308 3276 3347 :
3308 3294 3446 3348 Cum
3477 3294 3593 3363 ejus

1939 3362 2117 3417 crucis
2145 3363 2463 3417 charactere
2487 3361 2727 3418 basilicae
2762 3361 3104 3430 dedicantur,
3155 3364 3372 3435 altaria
3409 3361 3590 3419 conse-

1940 3441 2210 3489 arantur.

2011 3504 2135 3558 553.
2175 3503 2585 3559 Fundamenta.
2620 3504 2676 3558 In
2715 3504 2851 3560 Cod.
2895 3503 3140 3569 Ratoldi,
3173 3521 3335 3575 quam
3364 3503 3584 3561 dilecta.

1941 3574 2003 3629 In
2030 3575 2169 3629 Cod.
2206 3575 2408 3641 Rhem,
2440 3591 2605 3645 quam
2633 3575 2913 3640 amabilia,
2949 3576 3101 3645 quod
3135 3576 3367 3644 perinde
3394 3580 3505 3633 est.

2009 3646 2134 3699 554.
2183 3646 2254 3700 Et
2273 3646 2473 3716 unguit
2492 3662 2618 3701 cum
2644 3662 2823 3701 manu
2846 3663 2945 3702 sua
2976 3662 3150 3715 ipsum
3183 3646 3437 3715 lapidem.
3476 3649 3588 3703 Un-

1941 3716 2143 3772 ctionis
2181 3717 2448 3771 altarium
2480 3735 2614 3772 usus
2642 3717 2912 3787 antiquus
2948 3722 3050 3772 est.
3084 3716 3240 3771 Illius
3264 3717 3477 3771 mentio
3503 3720 3589 3773 est

1941 3788 1999 3842 in
2030 3789 2269 3859 epistola
2298 3788 2480 3843 sancti
2515 3788 2746 3841 Damasi
2791 3804 2951 3858 papa
2983 3788 3057 3842 ad
3084 3788 3348 3844 Numidae
3377 3789 3587 3858 episco-

1942 3876 2043 3941 pos
2084 3860 2452 3941 z'NecMaltare
2476 3861 2698 3941 erigere,
2730 3875 3093 3941 necungere,
3122 3875 3225 3941 nec
3258 3875 3472 3941 sacrare
3487 3877 3513 3941 λ
3530 3866 3587 3941 et

1941 3930 1998 3985 in
2030 3931 2191 4001 epist.
2221 3932 2309 3994 88,
2342 3948 2468 4001 qua:
2506 3932 2670 4001 vulgo
2699 3934 2897 3984 sancto
2925 3930 3096 3984 Leoni
3138 3930 3406 3985 tribuitur
3434 3948 3447 3986 :
3480 3932 3587 3986 Sic-

1940 4008 2001 4056 ut
2029 4004 2349 4056 constitutio
2374 4003 2589 4065 altaris,
2637 4018 2705 4055 ac
2729 4001 3065 4065 Benedictio,
3094 4002 3174 4054 vel
3197 4002 3412 4059 unctio.

2012 4073 2167 4127 Idem
2202 4073 2392 4128 videre
2444 4078 2529 4128 est
2575 4073 2633 4126 in
2668 4073 2894 4127 decreto
2921 4072 3122 4127 Felicis
3154 4074 3243 4137 IV,
3289 4073 3435 4144 apud
3462 4074 3594 4128 Bur-

1940 4144 2242 4208 cbardum,
2275 4144 2375 4199 lib.
2405 4161 2479 4211 ιν,
2506 4161 2636 4214 cap.
2674 4144 2743 4197 58
2777 4160 2787 4198 :
2824 4144 2895 4199 Et
2921 4144 3121 4198 mensis
3148 4145 3386 4199 Domino
3409 4161 3592 4198 sacra-

1945 4216 2032 4280 tis,
2065 4223 2112 4269 et
2151 4232 2307 4269 sacra
2349 4224 2609 4271 unctione
2667 4231 2704 4270 a
2738 4215 3089 4285 pontiﬁcibus
3127 4215 3407 4280 delibutis;
3443 4220 3500 4269 et
3536 4214 3596 4269 in

1944 4286 2186 4357 epistola
2216 4286 2415 4358 Isidori
2439 4286 2686 4358 junioris
2717 4287 2790 4341 ad
2841 4286 3187 4341 Luitfridum
3225 4302 3237 4339 :
3287 4286 3376 4340 Ad
3402 4285 3594 4358 episco-

1942 4374 2077 4429 pum
2098 4358 2338 4427 pertinet
2369 4356 2730 4413 basilicarum
2762 4358 3121 4429 consecratio,
3155 4358 3345 4413 unctio
3377 4356 3595 4429 altaris.

1951 4432 2016 4484 Et
2048 4428 2101 4482 in
2127 4429 2524 4499 supplemento
2541 4446 2713 4499 supra
2738 4429 2932 4497 citato,
2954 4434 3011 4483 et
3030 4428 3157 4483 aliis
3173 4429 3498 4485 auctoribus
3514 4428 3597 4483 in-

1948 4500 2056 4565 fra,
2090 4500 2159 4555 de
2192 4500 2517 4554 chrismatis
2550 4501 2832 4561 unctione.
2867 4499 3199 4554 laudandis.

2016 4572 2138 4626 555.
2179 4570 2631 4642 Expletopsalmo
2648 4574 2822 4626 mittit
2843 4572 3049 4625 iterum
3071 4571 3268 4638 oleum,
3294 4575 3399 4642 etc.
3434 4569 3593 4625 Itain

1944 4641 2148 4768 thiEilice
2181 4641 2505 4710 Bhemensi,
2531 4659 2655 4713 quae
2689 4647 2885 4697 tamen
2915 4643 3125 4697 desunt
3169 4642 3226 4696 in
3254 4641 3457 4697 Codice
3487 4644 3590 4696 Ra-

1968 4730 2000 4768 o
2066 4730 2110 4768 1.

1941 4713 2110 4772 toldi.

2013 4785 2143 4840 556.
2190 4785 2361 4840 Mane
2417 4801 2643 4854 surgens
2699 4783 2885 4847 Iacob,
2943 4801 3067 4840 cum
3115 4784 3335 4839 Psalmo
3376 4783 3592 4854 Bonum

1941 4863 2035 4921 est,
2082 4859 2195 4911 etc.
2236 4856 2412 4911 Aliter
2463 4852 2531 4909 in'
2571 4856 2772 4911 Codice
2809 4855 3116 4911 Rhemensi
3152 4871 3163 4911 ξ
3214 4852 3591 4926 Sanctiﬁcavit

1943 4928 2215 4983 Dominus
2243 4927 2656 4983 tabernaculum
2683 4944 2864 4992 suum,
2893 4945 3014 4983 cum
3048 4928 3267 4983 Psalmo
3302 4927 3447 4981 Deus
3496 4942 3594 4982 no-

1939 5007 2053 5054 ster
2080 5000 2385 5070 refugium.

2012 5066 2153 5125 556i
2176 5066 2353 5126 Mittit
2382 5069 2649 5125 chrisma.
2691 5070 2773 5123 Ita
2804 5069 2862 5123 in
2892 5068 3092 5125 Codice
3126 5066 3430 5125 Bhemensi
3458 5066 3595 5125 etin

1943 5141 2154 5196 Ordine
2188 5144 2465 5196 Romano.
2494 5143 2556 5195 In
2586 5142 2729 5197 Cod.
2781 5141 3007 5195 Hatoldi
3041 5141 3119 5196 sic
3148 5141 3392 5196 habetur
3425 5158 3435 5198 :
3469 5142 3598 5196 Post

1942 5211 2061 5268 hac
2078 5219 2248 5283 ponat
2270 5218 2557 5269 incensum
2579 5220 2628 5268 et
2653 5213 2919 5276 chrisma,
2947 5212 3097 5266 dicat
3123 5228 3145 5268 .'
3174 5212 3312 5268 Ecce
3330 5214 3473 5267 odor
3495 5210 3596 5266 ﬁlii

1941 5283 2076 5351 mei,
2104 5283 2247 5338 sicut
2277 5286 2420 5339 odor
2444 5286 2584 5356 agri,
2615 5284 2704 5339 cui
2737 5284 3023 5339 benedixit
3054 5284 3586 5356 DominusPsalm.

1940 5356 2078 5411 Ecce
2108 5372 2284 5427 quam
2325 5352 2559 5412 bonum.
2598 5357 2841 5427 Anttph.
2892 5356 3009 5411 Erit
3048 5357 3188 5410 mihi
3218 5355 3501 5427 Dominus
3529 5352 3593 5427 in

1942 5421 2146 5496 Deum,
2194 5433 2299 5482 etc.
2346 5428 2557 5483 Psttlm.
2614 5421 2759 5482 Deus
2800 5434 3017 5483 noster.
3072 5428 3411 5497 Antiphone.
3438 5421 3592 5476 Vidit

1937 5499 2111 5553 Jacob
2149 5500 2385 5554 scalam.
2418 5499 2619 5553 Psalm
2674 5499 3087 5553 Fundamenta.

2008 5571 2109 5624 Hic
2133 5574 2325 5625 autem
2350 5570 2530 5624 altare
2561 5568 2869 5625 chrismate
2902 5567 3233 5639 perungitur
3252 5565 3418 5635 juxta
3441 5567 3590 5619 vete‘

1936 5657 2060 5719 rem
2091 5641 2354 5719 Ecclesia;
2385 5640 2877 5719 consuetudinem,
2911 5639 3217 5719 quzeclara
3245 5640 3330 5690 est
3356 5650 3425 5690 ex
3454 5650 3587 5719 con.

1931 5711 2063 5768 cilio
2093 5711 2427 5783 Agathensi,
2458 5728 2585 5767 can.
2624 5711 2686 5783 t-_’t
2717 5707 2975 5764 :Altaria
3001 5707 3581 5783 placuit_non_sol_um

1931 5777 2189 5843 unctione
2208 5784 2553 5853 chrismatis,
2577 5781 2671 5839 sed
2690 5784 2856 5839 etiam
2880 5777 3202 5835 sacerdotali
3216 5777 3579 5846 benedictione
