3994 6172
400 243 516 308 419

1177 236 1252 302 ΙΝ
1293 235 1356 302 s.
1399 225 1765 304 GREGORII
1801 222 2075 302 meavit
2114 223 2771 302 SACRAMENTORUM
2812 225 3050 302 nom.

3565 205 3584 218 ’
3651 239 3746 314 uo

397 376 652 434 sacrari.
687 375 764 430 Ex
789 372 988 438 conci],
1013 371 1356 444 Epaonensi,
1379 388 1507 427 can.
1538 371 1608 427 26
1641 372 1906 428 :Altaria
1927 387 2046 426 non
2081 377 2126 434 Α
2159 387 2326 442 gnea,
2346 387 2487 444 quin
2514 376 2642 444 tum
2671 371 2730 426 in
2748 371 2935 428 Africa
2955 373 3122 427 erant
3140 369 3360 444 usitata,
3383 377 3442 428 ut
3463 375 3658 434 clarum
3683 388 3755 438 est

398 448 632 516 lapidea
648 445 983 501 chrismatis
997 445 1278 516 unctione
1287 450 1749 516 nonsacrentur.
1760 445 1836 498 Ex
1847 447 2047 516 sancto

399 515 692 589 Dionysio,
723 533 844 586 cap.
867 516 901 589 4
919 515 1068 572 Eccl.
1109 516 1322 589 Hier-ar.
1349 536 1368 589 τ,
1396 515 1528 589 Haec
1542 522 1720 589 etiam
1739 525 1941 589 sancte
1953 515 2048 570 ob-

395 585 561 646 serva
571 632 580 644 .
592 597 652 643 ut
665 585 1200 644 sacratissimorum
1213 585 1394 658 5,30
1405 586 1514 641 illa
1531 587 1630 642 lex
1640 587 2048 658 mysteriorum

395 659 610 718 altaris
637 665 1136 732 consecrationem
1157 657 1271 718 ταῖς
1282 657 1372 732 ξριξ
1397 660 1672 732 ἱερωτάτην
1695 661 1862 732 μρρου
1888 657 2048 732 reler-

395 739 576 806 ουρσγεῐ
591 735 898 806 Δτιιοινοιογέσνιν
952 729 1280 806 imgine-ieris,
1313 728 1370 806 id
1400 728 1506 806 est,
1532 728 1922 806 sacratissimi
1943 745 2046 783 un-

395 800 998 874 guentisanctissimis
1008 800 1674 874 perﬁcitinfusionibws.
1703 800 1898 874 Petrus
1917 814 2048 874 vero

398 870 686 938 Damiani,
718 887 983 928 sermone
1011 888 1182 942 supra
1211 871 1405 937 citato,
1439 872 1508 926 de
1538 871 1790 926 ecclesiae
1820 870 2056 925 Dedicat

397 946 553 1000 tione
593 945 675 999 ita
711 943 949 998 scribit:
983 942 1190 1000 Altare
1239 957 1376 999 vero
1419 942 1672 998 mistura
1711 942 2050 998 chrismatis

397 1017 629 1088 oleique
667 1015 967 1088 perungit.
1003 1014 1125 1088 _Sic
1173 1014 1326 1069 enim
1381 1013 1651 1088 loquitur,
1691 1014 1826 1084 quia
1868 1013 2050 1088 altare

397 1083 552 1160 prius
582 1083 728 1154 oleo,
745 1083 952 1160 deinde
971 1084 1282 1140 chrismate
1300 1083 1652 1160 perungitur,
1673 1083 1734 1139 ut
1753 1101 1819 1160 ex
1843 1083 2050 1160 nostris

398 1156 882 1239 Sacramentariis
910 1156 1105 1239 liquet,
1135 1162 1192 1210 et
1219 1173 1286 1211 ex
1317 1158 1508 1225 lvone,
1543 1171 1718 1211 serm.
1753 1157 1822 1211 de
1849 1158 2046 1211 Sacra-

397 1231 606 1286 mentis
633 1227 1036 1284 Dedicationis.

466 1300 590 1357 558.
635 1301 856 1356 Dextro
879 1300 944 1355 in
969 1300 1208 1355 dextro.
1250 1298 1350 1352 Hic
1379 1297 1740 1354 desideratur
1769 1297 2050 1368 particula

395 1373 488 1443 de,
524 1389 650 1444 quae
677 1375 860 1444 exstat
889 1372 945 1444 in
978 1371 1113 1426 Cod.
1147 1369 1348 1444 Rhem.
1384 1371 1494 1444 Sed
1518 1368 1824 1444 legendum
1857 1373 1943 1444 est
1968 1369 2049 1426 De

393 1440 606 1501 dextro
624 1458 807 1514 usque
821 1443 881 1497 in
905 1443 1204 1498 dextrum.
1235 1445 1289 1496 In
1311 1440 1522 1514 Codice
1537 1443 1668 1514 Rat.
1700 1441 1779 1514 sic
1799 1440 2043 1514 legitur:

392 1515 622 1572 Deinde
643 1511 873 1584 faciens
890 1528 1090 1584 cruces
1106 1528 1214 1580 per
1223 1511 1480 1584 parietes
1501 1512 1563 1566 in
1584 1511 1838 1584 circuitu
1850 1511 1916 1584 de
1927 1513 2047 1584 ipso

394 1582 708 1643 chrismate
720 1600 850 1640 cum
859 1583 1067 1655 pollice
1079 1585 1232 1655 dicat
1247 1583 1384 1655 Anti
1385 1601 1416 1648 p
1423 1583 1627 1638 honam
1640 1582 1750 1638 Sari
1757 1583 2042 1655 ctiﬁcavit.

393 1657 532 1712 Alia
545 1657 797 1724 Antiph.
822 1653 1057 1725 Lapides
1073 1653 1329 1725 pretiosi.
1352 1655 1578 1710 Psalm.
1609 1655 1805 1708 Lauda
1819 1653 2044 1710 Jerusa-

2158 441 2224 496 ex
2256 442 2456 497 eodem
2491 443 2722 514 Optato,
2753 460 2940 514 supra,
2970 444 3173 498 eodem
3205 441 3347 498 libro
3376 461 3387 499 :
3419 447 3544 514 Sed,
3573 457 3630 506 ut
3655 462 3756 510 exi-

2155 516 2347 596 stimo,
2378 515 2498 596 alio
2528 517 2653 570 loco
2675 515 2843 596 capia
2862 517 3154 596 lignorum
3176 515 3691 596 frangijussitmlio
3703 531 3757 580 ut

2157 585 2437 640 raderent
2451 585 2741 654 lignorum
2759 585 2953 656 inopia
2966 586 3043 640 im
3049 600 3186 656 pera
3195 585 3340 650 vit,u
3345 596 3363 638 t
3377 585 3758 649 removerentur

2157 670 2232 712 ea:
2271 663 2446 724 parte
2483 658 2834 713 verecundia
2849 657 3052 726 jussit.
3089 657 3234 710 Nam
3277 657 3444 713 refert
3468 677 3649 717 causas
3675 681 3758 721 cur

2156 726 2513 799 schismatici
2533 727 2669 782 alibi
2712 728 2918 783 altaria
2950 728 3240 798 fregerint,
3265 729 3394 784 alibi
3419 736 3762 799 raserint,ali~

2159 797 2212 852 bi
2243 798 2605 874 removerint.
2639 805 2752 854 Cur
2797 799 2856 853 in
2887 797 3225 874 quihusdam
3253 800 3388 874 locis
3417 797 3682 874 fregcrint,
3710 807 3758 862 in

2157 885 2332 924 causa
2365 869 2471 952 fuit
2500 869 2788 960 lignorum
2813 869 2975 960 copia
3000 887 3013 937 ;
3047 887 3222 952 quare
3247 869 3652 960 alibilrasérint,
3672 869 3761 960 lig-

2161 940 2606 1028 porum'inopia,
2648 957 2720 998 ne
2763 940 3002 1028 forsitan
3028 940 3190 1024 novis
3217 942 3484 1028 altaribus
3505 940 3763 1028 erigendis

2156 1011 2314 1082 ligna
2342 1011 2642 1077 deessent;
2669 1029 2770 1068 cur
2793 1015 3026 1068 demum
3055 1013 3112 1069 in
3145 1014 3476 1084 quibusdam
3505 1011 3632 1072 locis
3657 1023 3762 1074 tan-

2157 1087 2278 1171 tum
2301 1084 2677 1171 'rcmoyerint,
2713 1086 2770 1139 id
2802 1083 3314 1171 fecitlverecu‘ndia.
3345 1087 3405 1138 lit
3427 1086 3762 1171 factapost:

2160 1154 2314 1222 Quid
2321 1155 2691 1223 perditorum
2706 1157 3059 1212 conductam
3075 1159 3328 1224 referam
3345 1154 3764 1224 multitudinem,

2157 1233 2209 1282 et
2245 1230 2444 1282 vinum
2478 1229 2538 1281 in
2555 1227 2878 1283 mercedem
2898 1228 3136 1284 sceleris
3160 1229 3364 1283 datum
3387 1227 3416 1282 ?

2157 1299 2378 1352 mundo
2394 1313 2496 1354 ore
2518 1313 2554 1354 a
2571 1299 2870 1367 sacrilegis
2897 1299 3156 1355 hostibus
3178 1299 3486 1364 biberetur,
3510 1301 3688 1356 calida
3707 1303 3770 1359 de

2151 1369 2512 1438 fragmentis
2549 1370 2836 1426 altarium
2863 1369 3034 1437 facta
3064 1377 3166 1426 est.
3203 1371 3262 1424 ld
3287 1374 3390 1434 est,
3421 1370 3770 1428 calefecerunt

2155 1455 2365 1509 aquam
2385 1440 2454 1495 de
2478 1439 2818 1510 fragmentis
2842 1441 3110 1495 altarium
3137 1483 3150 1506 ,
3169 1441 3411 1507 etinfra,
3429 1443 3578 1498 inter
3593 1458 3770 1500 sacra-

2155 1517 2353 1567 menta
2375 1509 2454 1580 (id
2485 1509 2591 1575 est,
2614 1512 2762 1567 inter
2773 1511 3076 1567 Missarum
3090 1513 3393 1576 solemnia)
3419 1515 3666 1570 velamen
3686 1531 3772 1582 po-

2157 1581 2267 1636 tuit
2285 1582 2471 1652 tangi,
2492 1599 2611 1638 non
2636 1585 2867 1653 lignum
2890 1591 3024 1646 ;aut
3045 1587 3096 1638 si
3117 1591 3276 1640 tactu
3299 1584 3485 1652 potuit
3493 1581 3772 1653 penetrari

2156 1655 2443 1719 velamen,
2477 1667 2618 1724 ergo
2639 1661 3034 1724 penetrantur
3071 1659 3124 1710 et
3151 1655 3337 1724 ligna,
3362 1659 3468 1712 etc.
3502 1655 3575 1710 lbi
3617 1655 3774 1712 refert

3434 1231 3582 1300 quod
3601 1237 3658 1284 ut
3677 1233 3766 1286 im-

395 1729 528 1783 lem.
555 1728 797 1796 Antiph.
816 1726 1428 1798 Manesurgenslacob.
1455 1727 1528 1798 Et
1541 1731 1684 1780 tunc
1703 1725 1765 1798 in
1792 1727 2046 1798 circuitu
2077 1741 2122 1798 Β
2154 1739 2387 1778 causam
2414 1741 2515 1779 cur
2551 1741 2660 1779 non
2694 1725 2994 1780 debuerint
3024 1727 3224 1798 radere
3253 1725 3474 1790 altaria,
3493 1726 3618 1798 quia
3637 1731 3773 1782 tacta

393 1795 749 1855 intrinsecus
764 1817 814 1852 m
825 1799 950 1852 illet
967 1799 1023 1850 in
1033 1795 1268 1852 censum
1281 1797 1412 1850 boni
1423 1795 1694 1861 adorts,et
1707 1797 1863 1852 dicat
1881 1815 1897 1851 .'
1912 1797 2039 1852 Ore-

397 1887 544 1925 mus.
583 1869 960 1940 Omnipotens
1002 1867 1350 1938 sempiterna
1393 1867 1559 1931 Deus,
1602 1867 1830 1940 effunde
1877 1885 2047 1940 super

397 1942 548 1997 hunc
574 1939 771 1996 locum
793 1940 1039 2008 gratiam
1069 1944 1251 2004 tuam,
1280 1943 1386 1994 etc.
1419 1939 1561 1995 Item
1588 1939 1756 1994 alia:
1789 1940 1934 1994 Deus
1949 1939 2044 2010 qui

394 2013 465 2068 de
497 2012 636 2067 vivis
676 2018 730 2067 et
777 2011 971 2066 electis
1016 2011 1318 2081 lapidibus,
1351 2015 1464 2081 etc.
1508 2009 1566 2064 ln
1617 2010 1750 2064 0rd.
1784 2009 2045 2065 Romano

395 2084 562 2140 aliter
589 2083 839 2138 habetur
870 2097 881 2136 :
921 2080 1141 2138 Deinde
1185 2081 1245 2136 in
1277 2080 1529 2135 circuitu
1575 2082 1832 2138 ecclesza:
1864 2083 2044 2138 vadat

395 2155 694 2224 Pontifex.
725 2159 777 2209 et
793 2153 978 2224 faciat
1007 2167 1236 2208 crucem
1265 2167 1374 2224 per
1397 2153 1651 2224 parietes
1673 2167 1804 2224 cum
1831 2153 2048 2221 pollice

391 2243 496 2281 suo
541 2222 612 2282 de
653 2222 1133 2293 ipso—chrismate
1174 2226 1238 2278 in
1275 2222 1578 2278 duodecim
1636 2223 1799 2290 locis,
1833 2231 1947 2279 tres
1984 2240 2046 2278 in

393 2297 646 2361 Oriente,
679 2303 794 2350 tres
820 2298 883 2350 in
912 2295 1205 2361 Australi,
1239 2300 1357 2348 tres
1380 2293 1442 2348 in
1480 2293 1810 2358 Occidente,
1841 2299 1956 2351 tres
1980 2295 2044 2351 in

391 2366 835 2437 Septentrione;
861 2365 1058 2434 primo
1089 2369 1150 2437 in
1189 2365 1408 2420 dextra
1434 2370 1628 2437 parte,
1658 2371 1712 2422 et
1742 2365 1904 2420 sicin
1933 2368 2046 2422 cir-

391 2434 559 2496 cuitu
589 2437 788 2493 dicens
829 2453 938 2504 per
959 2436 1224 2504 singulas
1250 2451 1451 2492 cruces
1493 2434 1907 2505 Sanctiﬁcetur
1935 2437 2045 2494 hoc

391 2510 696 2579 templum,
729 2511 836 2562 etc.
870 2509 1000 2563 Haec
1025 2508 1180 2562 Ordo
1220 2509 1537 2562 Romanus.

463 2577 576 2636 sed
615 2581 932 2634 notandum
979 2582 1065 2634 est
1109 2594 1176 2633 ex
1221 2579 1394 2636 Petro
1443 2577 1738 2646 Damiani,
1779 2595 2043 2635 sermone

386 2651 575 2735 primo
601 2652 671 2735 de
701 2649 1382 2735 einlesiaenDedicatlione,
1433 2649 1739 2735 impressas
1782 2649 1954 2731 fuisse
1982 2651 2041 2706 in

393 2721 758 2778 interioribus
787 2721 986 2792 templi
1017 2721 1324 2792 parietibus
1347 2737 1542 2775 cruces
1570 2721 1892 2788 duodecim,
1913 2737 2041 2792 quas

390 2811 424 2850 a
451 2793 716 2864 pontiﬁce
740 2793 1044 2848 chrismate
1067 2796 1441 2864 angerentur:
1473 2793 1690 2864 Cruces
1707 2793 2036 2864 duodecim,

389 2863 574 2936 inquit
587 2866 600 2922 i
611 2865 766 2930 lle,in
775 2865 836 2920 in
847 2864 1048 2919 teriam
1062 2863 1318 2936 circuitu
1331 2863 1828 2932 ecclesiwimprim
1837 2869 2037 2936 untur.

388 2937 457 2992 Et
469 2933 639 3007 paulo
664 2939 816 3006 post:
835 2937 1055 2991 Cruces
1076 2933 1619 3007 chrismateattare
1633 2949 1770 3007 vero
1788 2934 2040 3007 mistura

388 3003 715 3063 chrismatis
727 3007 948 3077 oleique
956 3004 1250 3077 perungit.
1264 3007 1346 3058 Ita
1358 3004 1524 3077 etiam
1539 3003 2034 3077 AlvoCarnotensis,

387 3077 444 3133 in
472 3080 751 3134 Sermone
781 3075 864 3132 de
895 3075 1282 3132 Sacramentis
1307 3075 1682 3131 dedicationis
1715 3091 1728 3129 :
1761 3075 1912 3132 Hinc
1953 3083 2035 3132 est

384 3151 531 3220 quod
542 3154 885 3204 consecrato
897 3147 1087 3203 altari
1097 3146 1570 3202 chrismanturin
1579 3145 1901 3220 parietibus
1914 3149 2038 3204 illa?

316 3255 325 3260 -
383 3217 687 3276 duodecim
698 3233 916 3281 cruces,
931 3233 1062 3290 quae
1075 3224 1284 3288 typum
1295 3224 1512 3286 gerunt
1526 3217 2038 3290 apostolicum,gui

382 3297 436 3347 et
455 3291 754 3360 primitias
765 3287 1018 3359 Spiritus
1030 3287 1400 3356 acceperunt,
1417 3294 1472 3344 et
1484 3287 1676 3360 crucis
1689 3287 2035 3359 mysterium

282 3361 290 3371 ’
377 3359 620 3440 populis
653 3368 707 3418 et
745 3361 1016 3440 gentibus
1047 3360 1434 3440 manifestare
1456 3359 1838 3440 studuerunt.
1871 3362 2035 3426 Quod

381 3433 552 3504 paulo
565 3440 695 3488 ante
707 3449 904 3488 eorum
927 3435 1156 3504 aetatem
1173 3432 1396 3504 videtur
1407 3447 1528 3504 esse
1539 3432 2034 3504 institutum,cum

381 3500 534 3560 Ordo
567 3505 858 3560 Romanus
900 3503 1067 3558 aliter
1111 3502 1340 3574 scribat.
1373 3500 1483 3556 nisi
1531 3501 1831 3574 forteipse
1879 3505 2034 3561 Ordo

379 3574 489 3631 hac
517 3574 576 3630 in
604 3579 766 3646 parte
794 3574 1178 3646 mutationem
1207 3572 1460 3646 aliquam
1491 3572 1744 3646 subierit.

450 3643 634 3702 Graeci
681 3645 855 3702 etiam
905 3645 1084 3717 ipsum
1128 3644 1408 3717 templum
1464 3643 1776 3717 chrismate
1831 3662 2034 3716 perun-

379 3721 540 3790 gunt,
583 3719 735 3789 quod
777 3715 1004 3790 clarum
1028 3719 1115 3772 est
1151 3732 1219 3771 ex
1253 3715 1935 3790 TheodoroBalsamone
1973 3717 2032 3772 in

380 3785 511 3862 Cap.
547 3790 580 3842 7
599 3785 816 3861 synodi
865 3787 1120 3858 septimae
1150 3804 1162 3842 :
1197 3786 1459 3862 ﬁdicina;
1487 3788 1674 3862 rogi-ou
1705 3785 2032 3862 ἀπᾳρτξᾳςμὸς

379 3859 464 3932 ὑπ’
489 3857 657 3932 air/ian
695 3864 885 3932 μύρουγ
909 3857 1214 3932 χριομένοιρ,
1251 3857 1320 3932 Δἱί1
1357 3863 1444 3912 est
1479 3872 1491 3932 ξ
1548 3858 1616 3911 Et
1647 3857 1837 3932 omnis
1881 3857 2030 3916 illius

380 3927 624 4003 (templi)
657 3927 1118 4002 perfectio'sac'ro
1145 3927 1356 4003 chriam
1365 3933 1455 3983 ate
1476 3927 1714 4003 inuncti.

448 3999 571 4056 559.
605 3999 747 4058 Inde
771 4002 1000 4071 faciens
1029 4017 1259 4056 crucem
1284 3999 1510 4054 incensi
1527 4016 1618 4053 sw
1643 4015 1706 4054 er
1728 4001 1940 4071 altare.
1966 4002 2029 4056 In

375 4072 518 4154 Cod.
558 4070 943 4154 lihem.’<_i_eest
974 4071 1250 4154 particula
1271 4071 1425 4154 inde.
1459 4075 1516 4154 In
1545 4071 1754 4154 Ordine
1772 4070 2028 4154 Romano

373 4141 454 4197 sic
477 4143 721 4198 habetur
749 4160 760 4199 :
781 4145 942 4199 Tunc
962 4141 1178 4197 iterum
1196 4142 1393 4197 redeat
1421 4143 1502 4196 ad
1517 4143 1732 4205 altare,
1752 4150 1804 4197 et
1818 4144 2026 4212 οπερ-αι

373 4214 578 4270 ibidem
602 4229 834 4270 crucem
861 4213 1090 4268 incensi
1102 4228 1280 4280 super
1296 4213 1476 4282 illud,
1491 4219 1542 4267 et
1569 4212 1723 4266 dicat
1738 4217 1781 4266 A
1794 4215 2028 4282 ntzpho-

370 4299 509 4340 nam
549 4285 704 4340 Ecce
731 4286 874 4339 odor
901 4283 1017 4353 ﬁlii
1044 4284 1176 4348 mei,
1208 4287 1314 4337 etc.
1341 4283 1400 4336 ln
1427 4280 1566 4337 Cod.
1591 4283 1840 4348 Ratoldi,
1867 4280 2027 4341 nulla

369 4354 552 4410 crucis
570 4355 861 4410 mentione
878 4354 1050 4419 facta,
1071 4355 1196 4408 haec
1215 4355 1467 4424 reperire
1489 4357 1576 4409 est
1607 4371 1620 4409 :
1644 4356 1806 4410 Tunc
1830 4363 1925 4411 eat
1946 4357 2027 4413 ad

2155 1811 2270 1850 non
2297 1801 2431 1850 sunt
2459 1812 2493 1850 a
2523 1798 2909 1852 sacerdotibus
2937 1797 3251 1863 catholicis,
3285 1798 3383 1852 sed
3408 1797 3626 1852 tantum
3646 1799 3772 1853 vela-

2154 1883 2288 1940 men
2320 1867 2469 1921 inter
2497 1867 2874 1940 offerendum.
2899 1868 3061 1932 Quod
3083 1869 3125 1922 si
3147 1874 3300 1923 tactu
3319 1869 3497 1940 potuit
3521 1869 3777 1940 penetrari

2153 1938 2436 2022 yelamen,
2491 1939 3122 2022 ergo_lignum;_'quod
3163 1940 3240 2022 si_
3275 1938 3682 2022 l_i'gnu.m_,'e_rgo
3729 1945 3778 1995 et

2154 2012 2340 2074 terra;
2366 2026 2432 2064 ac
2451 2009 2687 2079 proinde
2709 2009 2999 2065 concludit
3027 2012 3179 2079 quod
3209 2009 3511 2066 debuerint
3530 2009 3775 2066 schisma-

2154 2081 2247 2153 tici
2288 2087 2498 2136 terram
2533 2080 2760 2153 ipsam,
2791 2084 2848 2136 in
2875 2099 2989 2153 qua
3028 2080 3271 2137 fundata
3295 2087 3431 2138 sunt
3458 2083 3670 2147 altaria,
3702 2099 3777 2136 ra-

2155 2152 2308 2214 dere,
2341 2169 2438 2208 seu
2466 2152 2734 2208 effodere.

2223 2222 2365 2277 Hinc
2392 2223 2702 2294 capiendus
2748 2228 2835 2278 est
2871 2226 3106 2280 sanctus
3137 2223 3514 2294 Augustinus,
3542 2223 3632 2278 lib.
3663 2240 3692 2276 γ
3718 2223 3778 2278 de

2154 2294 2316 2365 Bapt.
2350 2300 2550 2350 contra
2570 2295 3051 2366 Donatistas,cap.
3086 2296 3188 2353 20:
3225 2294 3354 2352 Cur
3381 2311 3518 2364 ergo
3534 2295 3608 2349 ad
3621 2295 3778 2350 verba

2152 2381 2284 2436 quae
2311 2367 2640 2434 procedunt
2669 2381 2746 2422 ex
2773 2382 2874 2423 ore
2901 2367 3208 2422 homicidae
3228 2366 3412 2435 possit
3434 2375 3622 2422 tamen
3645 2367 3777 2421 Deus

2087 2436 2092 2444 ’
2151 2437 2346 2492 oleum
2358 2439 2756 2506 sanctiﬁcare,
2777 2443 2831 2494 et
2857 2440 2918 2493 in
2937 2438 3122 2493 altari
3147 2438 3306 2509 quod
3333 2439 3592 2494 haeretici
3603 2451 3778 2509 posue-

2151 2515 2293 2580 runt
2313 2523 2434 2564 non
2451 2509 2682 2578 possit?
2697 2509 2908 2573 nescio,
2932 2511 3048 2563 nisi
3061 2507 3220 2579 forte
3237 2525 3411 2580 quem
3435 2523 3535 2564 cor
3549 2507 3778 2580 hominis

2152 2579 2462 2650 fallaciter
2507 2595 2848 2636 conversum
2891 2579 3054 2635 intus
3101 2595 3220 2636 non
3248 2579 3540 2648 impedit,
3571 2579 3774 2649 lignum

2145 2649 2462 2719 fallaciter
2476 2651 2742 2722 positum
2771 2651 3014 2719 impedit
3057 2652 3230 2722 foris,
3260 2650 3574 2722 quominus
3599 2663 3778 2722 sacra-

2151 2724 2362 2792 mentis
2390 2721 2512 2777 suis
2541 2721 2738 2778 adesse
2761 2719 3066 2792 dignetur'
3083 2719 3285 2778 nullis
3297 2722 3596 2778 hominum
3620 2719 3780 2790 falsi-

2151 2791 2370 2864 tatibus
2397 2793 2714 2864 impeditus
2747 2794 2776 2840 9
2797 2793 2901 2848 Ubi
2940 2813 2998 2845 το
3027 2794 3254 2862 lignum
3277 2797 3525 2848 sumitur
3545 2797 3778 2864 metony-

2150 2862 2296 2935 mice
2330 2881 2430 2934 pro
2456 2863 2626 2918 altari
2652 2863 2861 2935 ligneo.

2219 2933 2368 3006 Olim
2410 2934 2580 2990 etiam
2615 2938 2670 2988 in
2699 2933 2882 2990 Gallia
2906 2935 3245 3006 quibusdam
3271 2934 3331 2990 in
3368 2934 3506 2990 locis
3533 2933 3636 2988 fuit
3663 2948 3779 3006 usus

2148 3003 2414 3060 altarium
2465 3006 2820 3077 ligneorum;
2876 3003 3012 3060 nam
3061 3007 3138 3077 in
3180 3006 3421 3060 concilio
3464 3003 3778 3077 Epaonensi,

2147 3092 2272 3131 can.
2302 3077 2390 3140 26,
2423 3075 2656 3132 cautum
2687 3081 2772 3132 est
2799 3093 2812 3132 :
2853 3079 2922 3133 Ut
2955 3076 3202 3144 altaria,
3227 3077 3348 3132 nisi
3369 3075 3624 3144 lapidea,
3643 3075 3779 3132 chri-

2095 3143 2112 3166 ‘
2145 3152 2352 3203 smatis
2375 3149 2651 3204 unctione
2669 3155 3077 3206 sacrarentur.
3100 3143 3357 3204 Fuerunt
3387 3143 3558 3203 etiam
3579 3147 3706 3202 olim
3729 3145 3777 3199 in

2147 3217 2396 3282 Oriente,
2430 3223 2687 3292 tempore
2711 3219 2894 3274 sancti
2924 3219 3224 3292 Athanasii
3251 3219 3468 3292 Magni.
3505 3217 3703 3292 altaria
3727 3214 3782 3270 li-

2144 3304 2331 3362 gnea,
2356 3297 2416 3344 ut
2457 3306 2525 3345 ex
2573 3291 2697 3362 ejus
2736 3291 2979 3362 epistola
3002 3291 3078 3362 ad
3103 3291 3394 3346 solitarius
3440 3291 3780 3362 perspicuum

2144 3365 2230 3416 est
2263 3378 2274 3416 :
2320 3360 2668 3448 ‘Apndaa‘ars;
2696 3360 3104 3448 τάσγμψὲλλια,
3137 3367 3225 3448 κξιί
3244 3367 3334 3414 τὸν
3369 3360 3676 3448 θρόξονίίιαί
3697 3363 3780 3415 τήν

2141 3431 2424 3506 τράπεζαὺ,
2471 3431 2646 3496 ξυλίνη
2685 3435 2784 3506 γάρ
2817 3431 2896 3504 is,
2917 3431 2924 3433 ἡ
2949 3437 3038 3484 καί
3064 3434 3128 3484 τά
3160 3431 3304 3504 βῆλα
3352 3431 3450 3494 τῆς
3473 3431 3781 3489 Ἐκκλησίας.

2143 3505 2203 3559 Id
2233 3509 2337 3569 est,
2371 3521 2502 3559 cum
2533 3508 2858 3575 rapuissent
2897 3503 3186 3568 subsellia,
3242 3509 3303 3575 et
3339 3503 3699 3566 cathedram,
3735 3504 3784 3556 et

2142 3576 2580 3648 mensamterat
2603 3574 2764 3630 enim
2791 3575 3001 3648 lignea)
3020 3579 3077 3630 et
3103 3575 3230 3648 vela
3255 3574 3548 3630 Ecclesiae.

2210 3647 2334 3702 563.
2392 3643 2768 3716 omnipotens
2820 3643 2876 3702 et
2922 3643 3253 3703 misericors
3321 3650 3500 3710 Deus,
3538 3649 3642 3716 etc.
3672 3643 3785 3716 Haec

2141 3716 2336 3844 gratio
2369 3717 2725 3773 desideratur
2744 3717 2802 3772 in
2829 3717 3032 3774 Codice
3061 3718 3398 3782 Rhemensi,
3430 3722 3490 3774 et
3508 3717 3566 3772 in
3591 3715 3784 3772 Ordine

2189 3805 2422 3844 omano.

2189 3805 2422 3846 omano.

2208 3860 2339 3932 564:.
2401 3861 2751 3932 Puri/icore,
2785 3861 3177 3932 sanctiﬁcare,
3213 3857 3572 3917 benedicere.
3593 3859 3660 3932 in
3696 3857 3786 3932 (ξο-

2139 3930 2262 3985 dice
2302 3929 2526 3985 Ratoldi
2548 3927 2782 3985 abbatis
2829 3933 2901 3986 ad
2931 3927 3173 4003 singula
3200 3933 3381 3987 verba
3413 3932 3532 3986 haec
3559 3927 3785 4000 singulae

2138 4017 2330 4056 cruces
2361 4007 2746 4072 apponuntur.

2207 4073 2332 4127 565.
2352 4071 2729 4144 Omnipotens
2740 4077 3086 4144 sempiterne
3104 4072 3321 4144 Deus,a
3332 4089 3452 4144 quo
3465 4071 3783 4144 omnia,etc.

2139 4141 2264 4198 Haec
2293 4143 2491 4198 Oratio
2521 4141 2633 4198 non
2663 4141 2931 4200 exstatin
2955 4143 3250 4199 Codicibus
3273 4141 3508 4199 Ratoldi
3531 4147 3588 4198 et
3606 4141 3784 4197 Rhein.

2137 4214 2247 4268 Sed
2278 4214 2401 4269 loco
2434 4215 2584 4270 illius
2609 4215 2735 4271 haec
2755 4216 3042 4272 habetur:
3071 4215 3320 4272 Domine
3349 4217 3504 4272 Deus
3543 4215 3790 4274 omnipo-

2136 4287 2281 4350 tens,
2315 4289 2464 4341 sicut
2489 4287 2564 4341 ab
2583 4286 2751 4342 initio
2780 4287 3116 4342 hominibus
3147 4287 3344 4347 utilia.
3369 4291 3509 4353 etc.,
3535 4289 3599 4339 ut
3622 4283 3677 4337 in
3699 4281 3788 4353 Or-

2135 4355 2266 4428 dine
2300 4359 2576 4420 Homano,
2609 4358 2665 4410 in
2705 4374 2828 4428 quas
2859 4357 2977 4412 haec
2999 4358 3174 4412 verba
3203 4352 3511 4427 sequentia
3541 4352 3790 4428 notanda

369 4426 586 4519 altare,
602 4423 1461 4519 ponet‘incensuigszeth-tieat
1485 4425 1777 4519 :‘Orer‘n'us
1795 4427 2023 4519 DeLPa-
2054 4459 2099 4519 ὓ
2134 4427 2364 4519 reniJunt
2401 4443 2414 4510 ξ
2447 4428 2580 4519 Haec
2607 4423 2955 4519 linteamina
2979 4431 3041 4482 in
3063 4445 3232 4519 usum
3252 4423 3479 4511 altaris
3493 4425 3702 4519 litigii.
3713 4430 3791 4519 te;

369 4498 480 4552 tris
506 4496 922 4570 omnipotentis
959 4495 1450 4570 misericordiam,
1483 4499 1595 4570 etc.
1637 4497 1780 4552 Alia
1803 4511 1836 4570 ί
1866 4498 2023 4554 Deus
2057 4495 2098 4519 ν
2129 4498 3191 4570 genduminvolvendumquecorpuset
3204 4501 3550 4570 sanguinem
3567 4495 3790 4570 Filiitui

368 4565 755 4638 omnipotens,
777 4567 841 4624 in
871 4570 1042 4638 cujus
1057 4569 1280 4623 honore
1300 4568 1498 4624 altare
1525 4566 1658 4633 hoc,
1672 4572 1778 4638 etc.
1799 4567 2024 4638 Praefa-

370 4637 450 4694 tio
471 4655 652 4708 super
679 4641 891 4706 altare,
918 4637 1052 4694 utin
1071 4637 1282 4693 Ordine
1300 4641 1578 4710 Romano.
1605 4637 1818 4694 Deinde
1836 4637 2018 4710 sequi-

367 4713 463 4764 tur
489 4727 502 4765 :
530 4709 898 4780 Majestatem
933 4717 1120 4778 tuam,
1141 4709 1400 4774 Domine,
1427 4708 1820 4779 imploramus
1833 4708 2020 4768 humi-

370 4780 524 4840 liter.
557 4787 688 4850 etc.,
721 4786 783 4837 ut
813 4781 870 4836 in
900 4781 1112 4836 Ordine
1138 4781 1420 4835 Romano.

435 4852 560 4907 660.
603 4851 718 4907 Sub
743 4853 1118 4909 invocatione
1140 4851 1394 4907 nominis
1420 4850 1532 4907 tui.
1573 4849 1790 4906 Altaria
1819 4867 1918 4922 per
1939 4851 2020 4908 in-

358 4923 724 4979 vocationem
772 4923 1022 4979 nominis
1071 4923 1163 4978 Dei
1207 4927 1634 4988 consecrantur,
1681 4928 1738 4978 et
1769 4923 2016 4978 sanctifi-

365 5000 586 5066 cantur.
630 4994 1278 5066 OptatusMilevitanus,
1321 4995 1414 5048 lib.
1457 5009 1510 5048 γι
1555 4998 1755 5066 contra
1787 4995 2015 5050 Parme-

364 5065 603 5120 nianum
640 5065 820 5124 :Nam
841 5065 891 5121 si
917 5066 1294 5122 sitinvocatio
1305 5069 1562 5120 nominis
1580 5067 1699 5130 Dei,
1713 5065 1843 5132 ipsa
1857 5082 2016 5122 invo-

365 5139 518 5208 captio
558 5139 892 5208 sanctiﬁcat
933 5146 986 5194 et
1015 5138 1174 5208 quod
1200 5138 1499 5208 pollutum
1530 5151 1648 5192 esse
1683 5137 2012 5208 videbatur.

361 5207 442 5264 Ibi
475 5207 629 5263 enim
663 5208 780 5276 agit
809 5210 876 5263 de
907 5207 1180 5264 altaribus
1207 5213 1304 5262 aut
1328 5207 1490 5274 rasis,
1513 5211 1613 5263 aut
1633 5207 1890 5276 remotis,
1918 5212 2019 5268 aut

363 5279 561 5336 fractis
591 5297 624 5335 a
649 5279 1047 5334 schismaticis.

431 5351 557 5406 661.
600 5353 824 5408 Deinde
844 5350 1190 5416 tenentibus,
1211 5353 1324 5406 etc.
1365 5349 1425 5404 In
1459 5348 1662 5405 Codice
1677 5349 2016 5406 Ratoldiab-

359 5421 509 5479 batis
539 5423 770 5479 additur
799 5441 810 5478 :
847 5423 994 5482 Cum
1021 5436 1179 5492 aqua
1219 5427 1439 5492 sancta
1454 5429 1507 5476 et
1537 5420 1797 5476 incenso.

431 5495 555 5550 562.
599 5495 990 5550 Linteamina.
1035 5491 1246 5548 Altaris
1277 5491 1554 5556 videlicet,
1587 5508 1828 5562 quorum
1862 5491 2012 5547 anti-

359 5581 504 5636 quus
534 5570 619 5622 est
649 5566 704 5621 in
735 5565 978 5621 Ecclesia
1009 5580 1162 5626 usus,
1191 5562 1284 5634 qui
1308 5563 1530 5636 ridetur
1560 5564 1708 5636 apud
1737 5564 2008 5636 Optatum

357 5633 772 5702 Milevitanum,
807 5637 902 5692 lib.
931 5651 982 5691 vn
1013 5633 1284 5691 adversus
1310 5633 1753 5706 Parmenianum
1784 5633 1799 5689 ἑ
1830 5633 2003 5706 43],

362 5708 504 5778 Quis
511 5709 774 5775 ﬁdelium
784 5709 966 5766 nescit
978 5708 1041 5763 in
1050 5705 1370 5778 peragendi
1380 5705 1695 5778 mysterius
1707 5706 1836 5778 ipsa
1851 5705 2008 5778 ligna

363 5724 774 5775 uuis/iaetium
784 5724 965 5766 nescit
978 5724 1041 5763 ιη
1089 5724 1369 5778 eragenai
1380 5724 1695 5775 myszerzus
1707 5724 1836 5774 ipsa
1851 5724 2008 5777 ιιθηα

363 5777 709 5844 linteamine
736 5779 1024 5854 cooperiri
1040 5724 1086 5840 te
1089 5777 1196 5843 Ubi
1225 5777 1382 5859 ligna
1406 5780 1540 5835 sunt
1562 5777 1687 5853 ipsa
1709 5776 1918 5839 altario.
1942 5776 2010 5836 li-

2129 4565 2360 4623 Domini
2370 4569 2562 4642 nostri
2577 4573 2700 4625 Iesu
2715 4565 2945 4626 Christi
2963 4587 2976 4636 ;
2992 4565 3194 4642 quibus
3211 4565 3618 4642 intelliguntur
3636 4565 3789 4642 pallae

2129 4639 2474 4712 corporales,
2519 4655 2648 4710 quas
2687 4637 3204 4712 corporalia'vulgo
3234 4637 3534 4704 dicuntur,
3565 4637 3690 4712 quin
3715 4637 3790 4691 ita

2129 4709 2268 4765 olim
2293 4711 2500 4782 ampla:
2525 4709 2708 4776 erant,
2741 4709 2804 4766 ut
2827 4709 3182 4768 involverent
3211 4712 3405 4782 ipsum
3440 4709 3652 4766 Christi
3673 4723 3788 4762 cor-

2126 4799 2234 4854 pus
2261 4787 2320 4836 et
2368 4781 2604 4838 calicem
2631 4799 2645 4847 ;
2676 4784 2745 4838 de
2765 4783 2969 4854 quibus
2989 4783 3219 4838 consule
3236 4781 3680 4854 observationes
3697 4795 3788 4834 no-

2127 4852 2275 4908 stras
2305 4853 2378 4906 ad
2405 4852 2800 4908 Concordiam
2814 4855 3162 4924 regularum,
3196 4853 3252 4908 in
3281 4870 3412 4924 cap.
3436 4855 3532 4918 66,
3565 4854 3593 4924 §
3635 4852 3685 4905 1.

2198 4925 2384 4982 Porro
2424 4924 2482 4978 in
2516 4925 2719 4980 Codice
2751 4917 2974 4980 Ratdldi
3005 4924 3261 4996 sequitur
3291 4943 3304 4980 :
3339 4917 3688 4996 Benedictio
3715 4917 3790 4974 ad

2126 4999 2326 5073 omnia
2347 5004 2696 5073 ornamenta
2714 4997 2993 5073 Ecclesia
3013 5015 3034 5052 .·
3052 4994 3332 5073 pignore,
3367 4998 3622 5073 Domine
3644 4994 3790 5073 Deus

2126 5067 2505 5132 omnipotens,
2540 5068 2656 5124 Rea:
2679 5083 2906 5137 regum,
2927 5072 3030 5122 etc.
3058 5069 3118 5121 ln
3143 5068 3350 5123 Codice
3374 5066 3692 5137 Hhemensi
3710 5077 3790 5116 se-

2126 5138 2320 5210 quitur
2348 5139 2488 5192 ordo
2518 5135 2948 5210 inferendarum
2984 5138 3368 5210 Heliquiarum
3394 5137 3451 5192 in
3469 5135 3788 5210 basilicam.

2199 5209 2318 5281 566.
2362 5209 2686 5281 Benedictio
2714 5225 2892 5281 super
2917 5206 3649 5281 munusquodmssMunus
3689 5206 3792 5281 h_oc

2125 5279 2251 5334 loco
2281 5279 2619 5352 intelligitur
2639 5281 2709 5352 de
2738 5275 2826 5335 his
2852 5281 3122 5336 omnibus
3148 5275 3276 5352 quae
3301 5295 3336 5333 a
3367 5275 3792 5352 ﬁdelibus_oli'g—

2125 5355 2328 5406 runtur
2355 5351 2430 5406 ad
2467 5345 2718 5407 Ecclesia:
2748 5357 3038 5416 ornatum,
3070 5355 3133 5407 ut
3162 5345 3355 5406 {videre
3386 5354 3484 5405 est
3523 5349 3579 5403 in
3613 5345 3788 5421 432

2125 5421 2251 5498 ipsa
2275 5422 2707 5498 benedictionis
2747 5423 3180 5498 formula.‘qum
3211 5423 3376 5498 abest
3417 5437 3454 5476 a
3487 5418 3792 5498 Codicibus

2125 5489 2352 5566 Ratoldi
2383 5498 2438 5550 et
2456 5494 2795 5566 Rhemensi;
2835 5496 2988 5566 etab
3012 5489 3230 5566 Ordine
3261 5495 3556 5566 Romano.
3590 5489 3793 5566 ‘Siqui-

2125 5565 2257 5637 dem
2283 5564 2418 5620 olim
2451 5565 2509 5620 in
2541 5565 2664 5637 ipsa
2693 5559 2892 5637 templi
2919 5565 3278 5637 dedicatione
3297 5562 3517 5637 omnia
3549 5561 3678 5637 ejus
3693 5559 3790 5637 do-

2125 5635 2308 5712 naria,
2337 5631 2706 5712 seupmu'nera
2732 5631 2984 5712 inp—usum
3009 5635 3207 5712 templi
3225 5653 3259 5712 a
3285 5631 3789 5712 fidelibusoblatg.

2115 5707 2186 5762 ab
2209 5706 2486 5779 episcopis
2517 5709 3018 5779 consecrabantur,
3051 5712 3113 5765 ut
3133 5701 3373 5779 'factum
3406 5707 3498 5760 est
3536 5701 3790 5779 in_dedi-

2116 5774 2346 5838 satione
2374 5774 2490 5840 tem
2501 5778 2596 5857 pli,
2620 5780 2775 5858 quod
2798 5774 3206 5844 Constantinus
3234 5777 3568 5853 imperator
3591 5774 3790 5835 Hiero-
