3994 6172
333 251 591 360 iis-

1161 293 1236 358 IN
1277 294 1338 363 8.
1385 292 1734 361 GREGORII
1777 291 2058 358 LIBRUM
2099 289 2759 356 SACRAMENTORUM
2802 288 3039 356 NOTE.

3686 289 3801 355 Hb

355 409 448 486 ⁸ἰιι
476 429 582 494 ira,
613 427 668 483 in
697 427 1018 493 mendacio,
1058 430 1116 483 et
1143 427 1415 498 perjurio,
1442 426 1500 483 in
1527 427 1780 493 tristitia,
1825 426 1882 483 in
1907 441 2038 482 ran-
2072 426 2119 488 Α
2152 422 2330 477 sionis
2367 421 2641 498 formula,
2683 425 2783 498 sed
2813 423 3080 480 sacerdos
3115 421 3500 498 iptenitente‘m
3549 441 3650 498 sua
3675 423 3798 498 jam

390 517 520 557 core
551 499 726 554 animi
758 503 815 554 et
843 499 1266 568 desperatione,
1288 499 1344 553 in
1369 499 1534 554 taedio
1559 501 1768 563 cordis,
1813 504 1870 554 et
1891 515 2040 554 som-

391 571 666 642 nolentis,
705 573 761 642 et
792 569 1017 642 pigritia
1050 569 1182 642 boni
1213 570 1418 640 operis,
1451 571 1507 642 in
1551 587 1698 627 vana
1725 570 1930 642 gloria,
1983 569 2041 624 in

389 641 693 713 hypocrisi,
727 641 785 696 in
814 641 1100 696 discordia
1127 647 1184 695 et
1239 641 1610 704 detractione.
1669 641 1748 713 in:
1766 642 1958 696 dando
1987 643 2045 713 et

390 711 721 784 accipiendo
753 716 951 767 contra
993 715 1337 784 praceptum
1365 713 1597 783 regulae,
1629 717 1686 768 et
1738 712 1793 766 in
1827 711 2044 766 cunctis

389 783 662 838 vitiorum
681 783 1002 856 generibus,
1037 783 1179 856 visu,
1209 783 1424 856 auditu,
1458 790 1645 856 gustu,
1691 785 1956 856 odoratu.
1989 785 2042 838 et

393 859 542 910 tactu
570 870 584 919 ;
621 822 1130 924 cogitationessive
1161 822 1645 925 locutionetiitque’
1671 854 1894 909 actione
1923 826 2042 923 per-

391 925 542 981 ditus
573 943 699 980 sum
754 925 970 980 infelix.
1023 925 1198 980 Multa
1225 924 1453 995 quidem
1490 924 1566 980 et
1597 924 2046 981 innumerabilia

393 1002 529 1068 sunt
553 999 779 1068 peccata
809 1013 958 1068 mea,
991 1013 1118 1068 qua;
1151 995 1434 1052 recordari
1465 1012 1704 1068 nequeo.
1748 995 1802 1068 in
1856 995 2042 1068 factis,

393 1067 454 1123 in
483 1066 664 1134 dictis,
696 1066 751 1121 in
783 1067 1245 1138 cogitationibus,
1279 1084 1378 1137 pro
1409 1066 1610 1138 quibus
1642 1067 1908 1122 omnibus
1940 1067 2043 1138 mi-

395 1155 706 1220 sera-mens
739 1137 873 1220 mea
893 1138 1315 1220 compungitur,
1343 1137 1536 1220 etacri
1557 1137 2048 1220 interdumpmni-

395 1209 576 1264 tentia
627 1209 928 1282 cruciatur.
963 1209 1203 1279 Ideoque
1249 1209 1574 1282 consilium,
1609 1209 1726 1263 imo
1763 1209 2044 1282 judicium

393 1284 578 1360 tuum,
609 1280 704 1360 qui
734 1284 1042 1360 sequester.
1078 1296 1142 1360 ac
1173 1279 1395 1360 medius
1425 1279 1578 1360 inter
1621 1279 1797 1360 Deum
1829 1285 1886 1336 et
1919 1297 2044 1360 pec:

392 1349 644 1406 catorem
675 1349 969 1406 hominem
1002 1350 1298 1422 ordinatus
1315 1367 1395 1422 es,
1417 1349 1652 1421 supplex
1679 1349 1971 1422 deprecor,
1990 1354 2048 1406 et

394 1427 590 1504 utnpro
621 1422 836 1504 eisdcm
863 1421 1106 1492 peccatis
1155 1421 1298 1477 meis
1341 1421 1683 1478 intercessor
1707 1421 1916 1478 existas
1947 1422 2048 1478 hu-

394 1491 607 1548 militer
635 1491 900 1564 imploro.

864 1637 892 1669 ‹‹
935 1617 1224 1688 Responsio
1247 1617 1540 1672 sacerdotis
1553 1660 1566 1674 .

467 1772 494 1803 «
533 1750 872 1822 Misereatur
895 1750 976 1822 tui
1014 1749 1378 1822 omnipotens
1424 1753 1586 1822 Deus.
1637 1753 1696 1806 et
1739 1751 1916 1806 donet
1932 1750 2044 1822 tibi

395 1837 588 1878 veram
621 1821 1061 1893 indulgentiam,
1115 1825 1172 1893 et.
1213 1821 1702 1893 emendationem,
1734 1825 1793 1876 et
1817 1821 2044 1877 veniam

395 1895 466 1949 de
496 1892 740 1964 peccatis
760 1891 908 1964 tuis,
942 1896 1000 1947 et
1026 1891 1448 1964 remissionem,
1467 1895 1535 1964 et,
1561 1892 1868 1964 ulciscatur
1895 1897 1948 1948 te
1977 1893 2049 1948 de

395 1959 662 2018 omnibus
693 1962 938 2018 inimicis
961 1961 1072 2019 tuis
1095 1959 1426 2030 visibilibus,
1444 1967 1501 2018 et
1524 1963 1897 2018 invisibilibus
1915 1981 1928 2032 ;
1949 1964 2046 2019 do-

398 2039 491 2090 net
539 2051 605 2090 ne
630 2034 731 2089 tibi
768 2035 912 2088 Deus
939 2049 1135 2089 verum
1167 2033 1466 2089 consilium
1495 2033 1554 2089 in
1584 2035 1693 2089 isto
1730 2034 1962 2103 saeculo,
1994 2038 2051 2091 et

399 2053 672 2158 perducat
693 2110 748 2158 te
775 2105 1016 2158 feliciter
1045 2105 1118 2158 ad
1149 2103 1324 2158 vitam
1360 2109 1658 2158 aeternam.
1682 2107 1888 2158 Amen.
1913 2125 1940 2158 »

399 2103 672 2177 perducat
693 2110 748 2160 te
775 2105 1016 2160 feliciter
1045 2105 1118 2158 ad
1149 2103 1324 2160 vitam
1360 2109 1658 2162 mternam.
1682 2107 1888 2162 Amen.
1913 2125 1940 2158 »

409 2237 420 2250 .
469 2202 752 2256 Hactenus
780 2200 966 2272 Codex
1020 2216 1126 2254 ms.
1169 2200 1504 2272 monasterii
1534 2200 1714 2254 sancti
1774 2200 2040 2272 Remigii.

398 2272 532 2341 Haec
561 2275 762 2341 autem
799 2270 1082 2325 confessio
1113 2274 1199 2341 est
1237 2270 1651 2326 monachorum
1677 2273 1866 2341 ;quod
1897 2270 2054 2341 patet

439 2340 587 2412 rimo
608 2357 682 2412 cex
707 2340 800 2412 his
844 2341 1032 2412 verbis
1079 2361 1092 2395 :
1144 2339 1540 2412 Anteihoram,
1593 2349 1645 2396 et
1693 2339 1810 2412 post
1864 2339 2052 2398 horam

439 2359 587 2395 rimo
615 2359 682 2396 ex
714 2359 800 2395 nis
848 2359 1032 2395 vernis
1079 2361 1092 2395 :
1144 2359 1292 2396 ante
1334 2359 1540 2405 noram,
1593 2359 1645 2396 et
1693 2359 1810 2412 post
1864 2359 2040 2397 noram

395 2359 749 2479 Freiectionis
805 2410 1085 2477 videlicet)
1139 2412 1255 2466 sine
1293 2411 1519 2466 licentia
1545 2419 1596 2467 et
1633 2413 2040 2469 Benedictione.

399 2481 542 2547 Quia
571 2498 683 2536 non
711 2481 842 2536 licet
866 2481 1165 2536 monachis
1189 2485 1350 2537 extra
1380 2482 1580 2538 horam
1606 2482 1930 2540 refectionis
1959 2500 2048 2540 co-

397 2553 648 2625 medere,
680 2553 1004 2625 velbibere.
1030 2557 1092 2607 ut
1110 2551 1287 2622 liquet
1307 2569 1374 2608 ex
1390 2569 1514 2624 cap.
1536 2554 1606 2608 45
1629 2555 1840 2625 regulas
1866 2555 2048 2611 sancti

399 2622 689 2678 Benedicti
721 2643 731 2681 :
759 2623 873 2679 Nec
899 2624 1181 2694 quisquam
1196 2622 1489 2694 prwsumat
1517 2633 1647 2679 ante
1668 2622 1925 2681 statutam
1962 2627 2050 2681 lio-

397 2711 519 2767 ram
539 2696 628 2750 vel
651 2701 835 2766 postea
861 2693 1153 2767 quidquam
1182 2693 1310 2760 cibi,
1365 2703 1460 2750 aut
1487 2703 1644 2766 potus
1682 2713 2038 2767 praesumere.

369 2765 538 2836 ~Vidre
577 2764 700 2836 cap.
751 2767 822 2819 52
873 2764 1204 2820 Concordiae
1237 2764 1586 2836 regularum.
1617 2764 1877 2823 Secundo
1925 2769 2049 2823 haec

399 2835 589 2910 yerba,
622 2835 689 2910 In
713 2836 890 2891 dando
917 2844 970 2890 et
998 2835 1319 2910 accipiendo,
1335 2845 1524 2910 contra
1537 2845 1866 2910 praceptum
1891 2856 2048 2910 regu-

399 2907 480 2971 ιω,
514 2907 570 2962 id
600 2907 773 2962 etiam
807 2911 1118 2972 testantur;
1139 2907 1301 2962 nefas
1317 2907 1566 2963 estenim
1600 2907 1886 2964 monacho
1911 2907 2050 2965 dare

399 2981 500 3033 aut
527 2977 783 3048 accipere
805 2977 1041 3048 aliquid,
1063 2977 1167 3032 nisi
1191 2979 1500 3047 permissus
1520 2978 1708 3043 fuerit,
1733 2981 1804 3034 ab
1821 2981 2047 3043 abbate.

399 3053 462 3104 ut
480 3053 722 3128 cautum
765 3053 850 3128 est
876 3065 1000 3128 cap.
1022 3119 1032 3128 _
1156 3049 1365 3119 regulae
1399 3050 1580 3128 sancti
1612 3051 1899 3128 Benedicti
1927 3051 2052 3128 :_Ne

429 3135 514 3174 uis

397 3136 514 3190 quis
529 3136 827 3201 praesumat
855 3136 1067 3190 aliquid
1091 3136 1244 3182 aare,
1277 3136 1372 3201 aut
1391 3137 1637 3192 accipere
1666 3139 1767 3176 Sint

397 3189 623 3262 abbatis.
651 3189 794 3262 Vide
823 3207 948 3262 cap.
968 3191 1050 3262 742
1072 3192 1396 3246 Concordia:
1419 3191 1767 3262 regularum.

471 3261 703 3315 Possem
735 3260 821 3316 his
869 3261 1079 3316 addere
1128 3261 1434 3316 nonnullas
1481 3260 1624 3318 alias
1673 3261 2051 3319 confessionis

399 3329 696 3404 formulas.
722 3332 818 3387 sed
846 3330 980 3404 quia
1011 3331 1150 3404 nihil
1169 3337 1486 3404 autparum
1519 3351 1738 3404 asupra
1767 3350 2051 3390 memora-

395 3402 468 3457 tis
497 3401 838 3473 discrepant,
865 3401 921 3458 et
946 3402 1207 3458 brevitati
1235 3401 1580 3460 studendum
1603 3401 1707 3471 est,
1749 3405 1821 3460 ab
1848 3421 2049 3462 earum

396 3473 676 3528 relatione
706 3490 876 3543 super
903 3475 1096 3530 sedeo.
1129 3475 1460 3530 Notandum
1509 3483 1699 3532 tamen
1741 3481 1827 3531 est
1860 3476 1962 3532 has
1993 3482 2052 3532 et

395 3543 1012 3628 simiies_confessionis
1042 3544 1337 3628 .fonrmulas
1365 3546 1657 3628 suggillari
1691 3548 1764 3602 ab
1814 3552 2049 3628 auctore

395 3614 582 3689 operis
599 3617 668 3671 de
695 3615 1022 3689 visitatione
1040 3614 1553 3689 infirmorumf'lib.
1583 3635 1640 3681 ll,
1663 3635 1787 3689 cap.
1811 3620 1866 3676 5.
1901 3624 2044 3674 tom.

394 3686 470 3760 ΙΧ.
510 3703 744 3760 operum
797 3687 979 3760 sancti
1012 3687 1306 3759 Augustini
1352 3704 1374 3760 7:
1416 3689 1500 3745 Ne
1550 3686 1782 3760 quidem,
1842 3689 2044 3760 inquit,

394 3707 470 3741 ιλ.
510 3707 744 3756 operum
797 3707 979 3742 sancu
1012 3707 1306 3759 augusuni
1363 3707 1374 3741 :
1416 3707 1500 3745 ne
1584 3707 1782 3753 uiaem,
1842 3707 2044 3760 inquu,

391 3758 530 3840 sicut
560 3758 780 3843 quidam
809 3759 1042 3828 faciunt,
1061 3759 1451 3843 cumquadqm
1480 3707 1782 3843 caai'ditqe
1807 3760 2049 3843 alloquaf

392 3829 474 3901 ris
501 3829 886 3901 presbyterum,
905 3831 1170 3901 quoniam
1185 3830 1314 3884 talis
1333 3829 1587 3886 allocutio
1611 3831 1698 3885 tui
1709 3831 1879 3901 ipsius
1905 3829 2044 3901 foret

392 3898 644 3970 deceptio.
662 3898 954 3954 'Accedunt
993 3900 1259 3970 siquidem
1286 3901 1574 3970 deceptiosi
1617 3901 1688 3954 ad
1727 3898 2042 3968 sacerdotes,

395 3969 473 4023 ita
516 3971 593 4042 eis
617 3971 976 4041 prementibus
997 3969 1304 4042 conﬁtentes
1329 3969 1477 4042 :Ego
1507 3979 1776 4042 peccator,
1820 3972 2048 4027 Domine

391 4041 654 4114 sacerdos,
675 4043 894 4114 peccaui
915 4041 1268 4114 periurando,
1291 4041 1671 4114 adulterando,
1700 4043 2041 4114 fornicando,

394 4110 688 4184 hominem‘
709 4110 1010 4184 occidendo,
1053 4113 1376 4184 mentiendo,
1419 4110 1768 4184 sacrilegium
1807 4115 2042 4169 commit-

393 4181 571 4254 tenda,
629 4183 887 4254 Iurando,
912 4183 1193 4254 rapiendo.
1238 4184 1362 4238 Haec
1403 4185 1586 4238 omnia
1621 4181 1884 4239 'commisi
1926 4201 2046 4240 mea

393 4252 568 4322 culpa,
597 4252 864 4323 velopere
893 4252 1302 4308 vel‘voluntate.
1333 4255 1464 4310 HtBC
1489 4253 1602 4309 ille.
1653 4257 1926 4320 Quamvis
1952 4273 2042 4312 su-

393 4323 641 4397 periores
673 4322 1272 4397 formulse__conﬁt.endi
1307 4342 1420 4397 non
1450 4330 1640 4380 essent
1680 4326 2040 4397 deceptiosae,

391 4393 524 4463 quia
557 4393 882 4448 fueruntab
927 4395 1172 4449 Ecclesia
1213 4395 1509 4462 institutas,
1541 4411 1679 4452 sane
1738 4393 1856 4452 non
1900 4397 2043 4452 mihi

391 4463 654 4538 multum
673 4465 1068 4538 probarentur,
1103 4465 1210 4520 nisi
1247 4466 1358 4521 alia
1396 4466 1682 4522 confessio
1723 4469 2041 4538 praecedere

390 4534 796 4608 conisuevisset,
816 4535 870 4588 in
894 4553 1007 4608 qua
1033 4553 1306 4608 numerus
1329 4543 1688 4608 peccatorum
1707 4534 1836 4592 cum
1855 4555 2045 4595 neces-

393 4605 558 4662 sariis
589 4605 1035 4662 circumstantiis
1064 4605 1410 4673 declaratur,
1433 4625 1608 4678 quam
1632 4609 1820 4664 videre
1853 4614 1936 4666 est
1985 4611 2044 4665 in

395 4678 606 4750 Ordine
640 4679 922 4741 Romano,
950 4695 1078 4733 cum
1103 4677 1184 4750 ait
1220 4677 1470 4734 :Deinde
1483 4679 1674 4750 jubeat
1699 4697 1821 4735 eum
1861 4681 2043 4736 sedere

393 4748 640 4823 sacerdos
661 4756 852 4823 contra
880 4767 951 4814 se,
994 4757 1044 4823 et
1074 4749 1306 4823 colloqui
1333 4767 1452 4823 cum
1477 4748 1537 4804 eo
1565 4750 1634 4806 de
1655 4753 2045 4823 suprascriptis

393 4819 568 4885 uitiis,
590 4821 700 4875 sive
725 4819 1208 4892 exhortationibus,
1218 4819 1306 4876 ﬁne
1347 4822 1488 4892 forte
1529 4837 1651 4892 prae
1699 4819 2040 4888 uerecundia,

395 4897 492 4946 aut
521 4892 760 4961 ignavia,
794 4893 910 4946 sive
933 4891 1198 4964 oblivione
1243 4891 1456 4964 aliquid
1478 4891 1766 4964 putridum
1792 4895 1850 4947 in
1889 4895 2045 4949 corde

395 4970 689 5026 remaneat,
707 4979 811 5032 per
838 4963 976 5033 quod
1017 4965 1217 5018 iterum
1245 4963 1487 5018 diabolus
1520 4964 1590 5018 ad
1629 4965 1841 5033 peccati
1883 4965 2044 5020 vomi-

396 5040 509 5088 tum
535 5034 776 5116 reducat,
811 5041 920 5116 etc:
953 5034 1218 5116 Etopaulo
1250 5039 1376 5116 post
1420 5055 1433 5093 :
1473 5035 1851 5116 De_qua_litate
1881 5037 2046 5116 etiam

391 5113 751 5175 peccatorum,
803 5113 854 5159 et
901 5105 1192 5170 hominum,
1237 5105 1384 5160 inter
1427 5107 1810 5171 continentem,
1859 5114 1910 5162 et
1940 5124 2048 5162 non

395 5176 770 5240 continentem,
800 5183 986 5230 utrum
1021 5176 1314 5241 voluntate,
1349 5177 1428 5231 vel
1469 5194 1612 5241 ctisu,
1647 5177 1727 5232 vel
1751 5179 1808 5231 in
1833 5177 2042 5232 abscon-

394 5245 527 5320 dito,
559 5247 711 5320 quali
755 5249 1152 5320 compunctione
1209 5247 1387 5320 456
1431 5248 1694 5315 emendet,
1735 5251 2046 5304 necessitate

395 5264 527 5310 auo,
559 5264 706 5372 quau
755 5264 1152 5318 compuncnone
1209 5264 1387 5371 ιι,δῖ
1431 5264 1694 5315 emendet,
1735 5265 1890 5304 neces

395 5317 567 5400 oel__vo
592 5326 798 5400 untate,
826 5318 939 5400 loca
965 5318 1044 5373 vel
1067 5327 1354 5400 tempora!
1376 5321 1628 5382 iscernat,
1653 5323 1778 5400 etc._
1879 5388 1890 5400 .

466 5390 718 5446 Tandem
751 5391 806 5444 in
832 5392 1034 5446 eodem
1065 5391 1276 5445 Ordine
1309 5392 1565 5444 Romano
1583 5391 1850 5444 sacerdos
1877 5390 2048 5444 inter-

397 5466 559 5542 rogat
593 5461 966 5542 paenitenter!)
998 5461 1068 5542 de
1089 5460 1344 5542 articuiis
1383 5459 1538 5542 ﬁdei,
1568 5459 1914 5542 anlibeiiter
1939 5459 2049 5542 ini-

398 5529 561 5586 micis
591 5529 706 5588 suis
740 5537 955 5602 parcat.
993 5536 1050 5586 et
1097 5533 1167 5586 de
1197 5530 1713 5602 quibusdamraliis,
1748 5536 1808 5585 ut
1833 5529 2048 5602 ibidem

398 5602 588 5657 videre
609 5609 712 5658 est.
741 5600 959 5667 ’Quibus
990 5601 1068 5656 ita
1111 5600 1371 5672 peractis,
1407 5601 1685 5672 paenitens
1732 5600 1929 5672 recitat
1959 5618 2047 5656 su-

401 5689 503 5742 pra
541 5677 913 5727 memoratam
951 5670 1259 5726 formulam
1309 5671 1684 5726 confessionis
1718 5690 1728 5729 :
1783 5670 2050 5742 Conﬁteor

2152 499 2381 564 peccata
2411 494 2736 551 confessum
2768 493 3163 565 interrogattle
3185 495 3380 549 multis
3403 495 3528 551 aliis
3550 493 3802 552 crimini-

2151 567 2254 620 bus
2284 565 2577 622 enucleate
2607 567 2746 620 satis
2779 583 2956 636 ;quas
2981 581 3182 638 omnes
3212 565 3690 638 interrogationes
3721 567 3798 620 vi-

2150 638 2286 691 dere
2314 641 2400 692 est
2427 639 2574 708 apud
2605 638 2895 703 eumdem,
2927 637 3018 691 lib.
3055 654 3146 691 XIX
3169 637 3557 700 Decretorhm.
3591 654 3715 708 cap.
3745 639 3799 704 5,

2154 708 2244 761 ubi
2270 708 2348 762 sic
2373 707 2456 762 ait
2493 724 2504 762 :
2560 708 2757 763 Videas
2797 716 2976 763 autem
3002 707 3245 763 sacerdos
3289 725 3406 763 eum
3443 707 3807 763 verecundan-

2151 785 2278 842 tem,
2310 795 2505 833 rursus
2541 787 2918 850 prosequatur.
2972 780 3256 842 Fsrtassis,
3313 779 3644 844 cliarissime,
3697 797 3807 834 non

2149 850 2332 922 {mnia
2368 865 2484 922 qua:
2545 851 2759 922 gessisti
2826 851 2897 904 ad
2971 850 3282 922 memoriam
3342 851 3524 922 modo,
3553 852 3799 922 veniunt.

2152 920 2267 991 Ego
2295 927 2344 974 te
2372 920 2754 992 interrogabo:
2793 922 2874 976 Tu
2901 937 3032 976 cave
3049 937 3130 985 ne,
3171 921 3378 975 diabolo
3393 921 3668 981 suadente.
3697 921 3804 975 ali-

2151 991 2284 1062 quid
2304 991 2486 1046 celare
2503 991 2813 1062 praesumus.
2846 992 2918 1046 Et
2962 999 3088 1046 tunc
3111 1009 3230 1046 eum
3288 993 3368 1046 ita
3413 1009 3509 1062 per
3556 993 3808 1047 ordinem

2154 1063 2474 1132 interroget.
2499 1062 2703 1117 Fecisti
2728 1062 3076 1117 homicidium
3101 1063 3414 1117 voluntarie
3430 1064 3548 1117 sine
3582 1065 3808 1118 necessi-

2153 1140 2283 1198 tate,
2318 1151 2428 1187 non
2459 1137 2519 1188 in
2543 1134 2704 1198 hoste,
2741 1134 2834 1188 sed
2856 1151 2959 1204 per
2979 1141 3128 1188 tuam
3149 1134 3522 1204 cupiditatem,
3551 1139 3678 1197 εἰς..
3707 1134 3802 1189 ubi

2151 1208 2210 1256 τὸ
2237 1204 2568 1276 hostis,sive
2613 1205 2760 1269 estis,
2795 1205 3008 1276 Gallice
3027 1213 3124 1268 ost,
3152 1204 3436 1276 significat
3470 1206 3802 1263 exercitum.

2154 1280 2216 1347 ut
2241 1275 2398 1347 intra
2429 1275 2486 1329 in
2516 1277 2718 1347 eodem
2751 1275 2954 1347 capite.
2987 1275 3228 1331 Consule
3245 1275 3594 1332 Glossarium
3621 1277 3810 1332 Fride-

2156 1345 2253 1400 rici
2286 1345 2730 1402 Lindembrogii.

2225 1418 2376 1472 Sane
2400 1417 2580 1488 viguit
2599 1416 2736 1472 olim
2767 1416 2822 1472 in
2857 1417 3104 1472 Ecclesia
3125 1419 3474 1473 consuetudo
3494 1417 3808 1474 confitendi

2155 1493 2388 1561 peccata
2413 1505 2516 1543 sua
2549 1488 2956 1559 particulatim,
2991 1492 3046 1561 et
3089 1505 3202 1543 non
3235 1489 3490 1561 confuse,
3516 1506 3688 1561 quam
3721 1488 3809 1561 vi:

2155 1559 2291 1614 dere
2321 1563 2408 1631 est
2442 1561 2940 1631 apudASocratem,
2990 1559 3085 1631 lib.
3122 1577 3152 1613 v
3204 1560 3368 1628 Hist,
3401 1559 3650 1631 capfiQ,
3711 1559 3806 1615 ubi

2157 1645 2330 1700 agens
2355 1630 2426 1702 de
2447 1629 2623 1686 nobili
2648 1629 2898 1702 quadam
2915 1630 3152 1702 muliere
3169 1629 3810 1702 Constantinopolitana

2156 1701 2236 1755 sic
2265 1701 2459 1756 scribit
2490 1717 2502 1776 ς
2531 1707 2636 1776 ᾉΚαὶ
2667 1700 2819 1776 ΒιαιΞὰ
2847 1706 3000 1776 μέρος
3056 1700 3437 1776 ἐξομολογείτριι
3485 1700 3578 1776 τάξ
3631 1702 3811 1776 ἁμαρ-

2085 1777 2131 1838 B
2157 1776 2290 1845 τίᾳς,
2322 1777 2451 1836 etc...
2487 1771 2544 1826 id
2569 1777 2664 1845 est
2690 1790 2703 1828 :
2733 1773 2805 1828 Et
2825 1771 3060 1843 peccata,
3091 1771 3206 1844 quae
3223 1771 3342 1845 post
3372 1773 3632 1844 baptisma
3668 1771 3805 1828 rom-

2155 1842 2398 1914 miserat,
2420 1843 2801 1914 particulatim
2828 1842 3134 1914 conﬁtetur.

2226 1913 2351 1986 662.
2386 1913 2628 1986 Exaudi,
2655 1915 2896 1986 Domine,
2917 1913 3103 1986 preces
3119 1921 3350 1986 nostras,
3375 1919 3483 1971 etc.
3515 1916 3597 1970 Ita
3629 1915 3684 1970 in
3707 1917 3814 1971 Co-

2159 1983 2377 2039 dicibus
2411 1984 2716 2040 Hhemensi
2748 1990 2804 2040 et
2831 1983 3095 2050 ltodradi,
3125 1990 3182 2040 et
3213 1985 3270 2040 in
3295 1986 3504 2041 Ordine
3528 1989 3810 2041 Romano.

2159 2056 2221 2110 In
2243 2055 2431 2128 iErlitis
2457 2056 2580 2112 haec
2611 2060 2665 2110 et
2703 2061 3004 2128 sequentes
3036 2057 3336 2112 Orationes
3385 2057 3810 2114 desiderantur.

2227 2127 2354 2198 663.
2395 2127 2708 2182 Praveniwt
2747 2128 2888 2182 hunc
2937 2127 3204 2198 [amulum
3251 2135 3423 2194 tuum,
3465 2134 3573 2185 etc.
3634 2131 3716 2184 Ita
3747 2127 3810 2184 in

2161 2196 2374 2252 Ordine
2405 2199 2687 2252 Romano.

2230 2268 2354 2323 664.
2397 2269 2609 2333 Adesto,
2643 2270 2895 2336 Domine,
2943 2275 3051 2326 etc.
3087 2271 3170 2325 Ita
3223 2269 3278 2324 in
3315 2269 3614 2326 Codicibus
3670 2269 3819 2325 Bhe-

2161 2339 2344 2394 mensi
2376 2345 2433 2394 et
2466 2341 2725 2403 Hodradi.
2755 2340 2886 2395 etin
2919 2341 3126 2396 Ordine
3157 2342 3437 2396 Humano.

2159 2411 2352 2535 d.tiotgﬁ.
2397 2411 2648 2476 Domine,
2685 2413 2831 2466 Deus
2855 2420 3052 2477 noster,
3087 2417 3194 2468 etc.
3229 2415 3312 2467 ita
3341 2412 3398 2467 in
3451 2411 3670 2468 eisdem
3701 2411 3812 2467 Co-

2200 2497 2268 2534 lci
2313 2497 2398 2535 us.

2200 2497 2398 2536 ICIDUS.

2229 2553 2354 2606 666.
2399 2553 2707 2622 Offensione
2736 2561 2924 2608 nostra
2951 2571 3056 2608 non
3080 2555 3337 2619 vinceris,
3358 2557 3464 2609 etc.
3503 2557 3585 2608 Ita
3619 2552 3677 2608 in
3709 2555 3814 2610 Co-

2159 2622 2378 2678 dicibus
2433 2624 2735 2679 Rhemensi
2763 2630 2819 2679 et
2867 2625 3136 2680 Bodradi.
3195 2626 3256 2680 ln
3305 2626 3520 2681 Ordine
3548 2625 3812 2681 Romano

2158 2693 2365 2766 legitur
2383 2694 2661 2766 :_Peccatis
2692 2696 2890 2750 nostris
2914 2696 3221 2766 offenderis.

2227 2765 2350 2819 667.
2391 2764 2513 2819 Sed.
2551 2769 2676 2820 Haec
2701 2764 2978 2836 particula
3009 2767 3168 2822 deest
3195 2767 3252 2821 in
3285 2765 3496 2822 Ordine
3528 2768 3808 2822 Romano.

2227 2836 2351 2894 668.
2399 2836 2934 2908 Uttibiprrnitentiae
2953 2837 3221 2892 excubias.
3247 2840 3307 2894 In
3321 2837 3531 2893 Ordine
3551 2841 3811 2893 Romano

2159 2907 2399 2978 legitur;
2432 2907 2500 2963 Ut
2529 2907 2768 2978 famulus
2791 2917 2916 2963 tuus
2942 2909 3284 2964 Pa'nitentite
3302 2909 3409 2963 tibi
3428 2908 3699 2963 excubias.

2229 2978 2352 3032 669.
2395 2978 2614 3038 Precor.
2635 2980 2879 3047 Domine,
2913 2984 3020 3034 etc.
3056 2983 3178 3035 Haec
3199 2980 3394 3034 Oratio
3420 2979 3596 3035 etiam
3623 2982 3815 3034 exstat

2159 3048 2311 3119 apud
2341 3048 2756 3122 Burchardum,
2787 3050 2883 3104 lib.
2913 3067 3026 3116 XIX,
3059 3067 3180 3121 cap.
3221 3052 3275 3114 7.
3304 3066 3408 3122 nec
3435 3051 3586 3122 apud
3614 3049 3815 3106 Henri-

529 3127 827 3196 prsesumat
855 3119 1068 3196 aliquid
1081 3119 1244 3196 dare,
1277 3128 1372 3196 aut
1391 3122 1637 3196 accipere
1666 3122 1787 3176 sine
1804 3123 2050 3193 jussione
2085 3137 2132 3196 ο
2161 3119 2632 3196 cumCanisium,
2666 3125 2806 3196 tom.
2846 3119 3152 3196 ventique;
3177 3119 3603 3196 Leciionis.‘nec
3635 3122 3731 3176 lib.
3755 3138 3812 3196 γι

2163 3190 2457 3262 Halitgarii
2483 3191 2730 3262 episcopi
2757 3208 2862 3247 ms.
2889 3190 3245 3249 bibliotheca:
3270 3192 3648 3256 Corbeiensis,
3679 3191 3810 3248 etin

2161 3261 2362 3317 Codice
2395 3262 2634 3317 Batoldi.

2227 3332 2352 3404 670.
2389 3333 2742 3388 Clementiam
2783 3341 2891 3389 tua:
2917 3334 3215 3404 majestatis
3243 3350 3305 3390 ac
3359 3334 3611 3390 nominis.
3649 3333 3814 3404 Apud

2161 3403 2452 3458 Canisium
2473 3409 2530 3459 et
2551 3406 2961 3468 Burchardum,
2991 3403 3127 3460 locis
3152 3405 3360 3460 citatis.
3397 3407 3456 3460 ln
3477 3405 3680 3461 Codice
3701 3403 3816 3460 Ra-

2159 3474 2323 3558 toldi,
2357 3475 2498 3557 etin
2649 3493 2700 3558 γι
2733 3475 3038 3558 Halitgarii
3058 3494 3160 3532 ms.
3197 3475 3405 3548 legitur
3433 3491 3446 3532 :
3496 3475 3814 3534 Clementia

2157 3553 2209 3600 et
2236 3547 2622 3618 misericordia
2647 3555 2756 3602 tum
2782 3547 3146 3618 Majosta-tem.

2225 3618 2352 3671 671.
2392 3617 2480 3671 Ad
2493 3617 2692 3673 caulas.
2711 3619 2770 3672 lu
2783 3617 2970 3673 citatis
2983 3618 3140 3673 libris
3152 3618 3275 3674 haec
3295 3617 3570 3674 vocabula
3581 3618 3808 3674 desunt.

2225 3687 2350 3761 672.
2375 3689 2504 3761 Qui
2524 3688 2808 3761 publicani
2829 3689 3079 3760 precibus
3104 3689 3186 3744 vel
3209 3689 3533 3761 confessione
3557 3690 3810 3761 placatus

2155 3774 2228 3831 es.
2258 3760 2340 3813 lta
2368 3760 2426 3831 in
2447 3759 2651 3815 Codice
2679 3759 3008 3816 Rhemensi.
3044 3763 3100 3815 In
3134 3761 3279 3816 libro
3307 3759 3354 3816 vi
3399 3759 3695 3831 Halitgarii
3729 3760 3808 3814 le-

2154 3829 2308 3903 gitur
2333 3845 2344 3882 :
2365 3829 2471 3894 Qui
2493 3831 2774 3903 publicani
2793 3831 3042 3903 precibus
3071 3831 3221 3903 (lege
3241 3847 3425 3902 preces
3436 3850 3446 3903 i
3477 3829 3809 3903 confessione

2149 3899 2394 3974 placatus
2421 3899 2710 3974 exaudisti.
2741 3899 3550 3974 Apudiﬂenricum'Canisium
3574 3899 3590 3956 Ξ
3611 3901 3804 3974 Publi-

2153 3972 2279 4024 cani
2299 3986 2480 4052 preces
2507 3971 2829 4054 confessione
2869 3973 3118 4045 placatus
3161 3974 3453 4030 exaudisti.
3493 3974 3553 4028 ln
3603 3973 3810 4029 Codice

2152 4041 2378 4096 Ratoldi
2403 4041 2516 4097 hac
2545 4045 2962 4098 desiderantur.

2199 4058 2378 4096 8ῐο101
2403 4058 2516 4097 Ι]ωο
2545 4058 2962 4099 aesmerantur.

2222 4113 2361 4186 673.
2387 4112 2622 4169 Adsiste.
2651 4115 2710 4169 In
2731 4115 2934 4171 Codice
2949 4114 3252 4170 lthemensi
3274 4120 3330 4171 et
3353 4113 3594 4177 Ratoldi,
3609 4130 3812 4186 quem-

2153 4184 2469 4258 admodum
2501 4189 2558 4240 et
2573 4187 2723 4256 apud
2751 4191 3008 4241 auctores
3024 4186 3247 4246 citatos.
3277 4186 3484 4258 legitur
3508 4184 3734 4257 Aspira.

2223 4255 2346 4309 674.
2389 4255 2718 4311 Per-manens
2745 4258 3083 4313 clementiam
3111 4264 3260 4311 tuam
3289 4255 3546 4312 celeriter
3581 4255 3799 4312 exoret.

2226 4324 2398 4398 457
2435 4327 2522 4381 Ita
2551 4327 2607 4381 in
2650 4328 2854 4384 Codice
2887 4328 3210 4384 Rhemensi.
3246 4329 3304 4383 In
3324 4329 3527 4383 Codice
3561 4327 3806 4394 Ratoldi,

2154 4401 2212 4470 et
2259 4398 2411 4466 apud
2459 4402 2722 4470 auctores
2756 4402 2961 4454 citatos
3013 4398 3238 4470 legitur,
3289 4405 3626 4470 permaneat
3651 4399 3808 4468 ﬂetus

2077 4495 2125 4554 ο
2155 4468 2289 4537 ejus,
2317 4473 2366 4554 ct
2395 4468 2590 4538 petitio
2621 4477 2939 4540 perpetuam
2982 4468 3320 4525 cleimntiam
3349 4477 3499 4525 tuam
3551 4469 3810 4526 celeriter

2154 4546 2357 4592 eiceret.

2223 4610 2346 4680 675.
2388 4607 2601 4664 Sanctis
2626 4609 2918 4666 altaribus.
2964 4613 3021 4666 ln
3069 4613 3272 4668 Codice
3313 4610 3619 4668 Rhemensi
3670 4610 3808 4680 legi-

2153 4683 2286 4734 tur:
2318 4679 2530 4734 Sanctis
2550 4687 2604 4734 et
2629 4697 2798 4736 sacris
2840 4683 3132 4738 altaribus.
3159 4685 3220 4738 In
3259 4681 3461 4738 Codice
3511 4679 3751 4736 Ratoldi
3787 4697 3802 4736 :

2151 4749 2364 4824 Sanctis
2391 4751 2663 4824 altaribus
2680 4759 2729 4806 et
2756 4754 2948 4807 sacris.
2980 4753 3100 4809 Lib.
3135 4771 3187 4808 γι
3234 4751 3527 4824 Halitgarii
3575 4768 3592 4806 :
3638 4751 3804 4824 Sanc-

2153 4823 2324 4897 tisque
2350 4821 2621 4897 altaribus
2648 4830 2698 4878 et
2720 4823 3032 4897 sacriﬁciis.
3059 4825 3226 4897 Apud
3255 4821 3588 4881 Canisium:
3634 4822 3802 4878 Sanc-

2153 4893 2326 4980 tisqug
2353 4891 2701 4980 altaribus.“
2729 4891 3009 4980 sacrariis.

2223 4963 2346 5017 676.
2391 4963 2747 5032 Reformetur.
2781 4965 2863 5019 Ita
2914 4965 2970 5019 in
3025 4963 3226 5020 Codice
3279 4963 3559 5020 Rhemen.
3587 4965 3651 5018 In
3703 4963 3810 5018 Co-

2153 5033 2281 5088 dice
2314 5033 2558 5106 Ratoldi,
2585 5035 2717 5090 etin
2749 5035 3076 5090 auctoribus
3111 5034 3299 5090 citatis
3323 5034 3571 5106 legitur:
3595 5034 3808 5091 Manci-

2149 5113 2330 5177 petur.
2366 5104 2702 5177 Reformare
2743 5109 2830 5160 est
2876 5106 3174 5162 restituere
3197 5107 3301 5172 ;de
3325 5104 3438 5176 quo
3463 5105 3634 5177 verbo
3676 5121 3814 5159 con-

2154 5176 2276 5230 aule
2292 5176 2717 5302 glésegvgtiones
2733 5180 2958 5232 nostras
2971 5179 3044 5232 ad
3058 5177 3439 5236 Concordiam
3455 5176 3806 5248 regularum,

2155 5264 2280 5302 can.
2381 5291 2394 5302 .
2428 5297 2442 5302 _
2524 5282 2546 5302 .

2155 5264 2280 5313 cap.
2305 5249 2394 5311 38,
2427 5249 2454 5313 ἕ
2484 5249 2546 5302 3.

2305 5264 2674 5374 fiﬁrdjtiwes
2695 5317 2766 5372 ad
2816 5317 3276 5373 reconciliandam
3311 5318 3680 5388 pauitantem.
3749 5317 3810 5372 in

2158 5388 2376 5443 excusis
2395 5388 2690 5444 Codicibus
2717 5388 3018 5444 Orationes
3049 5389 3121 5444 ad
3150 5388 3640 5444 reconciliandam
3693 5403 3812 5458 pa:-

2159 5458 2437 5530 nitentem
2457 5459 2803 5530 reperireest
2823 5459 2877 5513 in
2891 5459 3094 5530 quinta
3120 5459 3262 5514 feria
3282 5458 3340 5514 in
3360 5462 3536 5516 Cmna
3558 5458 3808 5530 Domini.

2161 5529 2369 5600 Estque
2400 5529 2493 5584 ille
2526 5529 2806 5600 proprius
2835 5529 3034 5586 earum
3057 5529 3232 5588 locus.
3285 5531 3431 5585 Nam
3459 5538 3616 5584 vetus
3667 5529 3810 5584 olim

2161 5599 2559 5656 fuit’Ecclesiai
2591 5604 2852 5657 Romanis
2881 5603 3252 5667 consuetudo,
3287 5601 3427 5656 feria
3453 5601 3492 5655 5
3543 5601 3603 5656 in
3633 5601 3812 5656 Cain:

2160 5671 2389 5727 Domini
2415 5671 2728 5738 absolvere,
2752 5675 2810 5726 et
2840 5671 3205 5728 reconciliare
3237 5672 3596 5742 paenitentes.
3634 5671 3810 5742 quue

401 5740 525 5806 tibi,
554 5743 792 5807 Domine,
818 5745 984 5800 Pater
1007 5742 1126 5797 cali
1147 5751 1200 5798 et
1224 5750 1415 5814 terrae,
1442 5747 1549 5798 etc.
1579 5740 1961 5814 Quodgctia'm,
1981 5743 2096 5803 Ιί-,Ῐ
2153 5742 2460 5814 videturin
2482 5742 2694 5814 Ordine
2719 5745 3002 5809 Romano,
3035 5743 3166 5799 etin
3181 5740 3479 5814 codicibus
3501 5740 3808 5798 Rhemensi

401 5816 538 5883 quet
561 5828 630 5870 ex
655 5813 1000 5884 Burchardo,
1033 5815 1187 5888 apud
1230 5812 1405 5888 quem
1433 5829 1549 5871 non
1590 5816 1679 5872 est
1705 5812 1803 5872 illa
1825 5813 2045 5873 confes-

2152 5817 2211 5875 et
2234 5813 2479 5882 Ratoldi,
2511 5813 2574 5871 in
2587 5813 2791 5888 quibus
2813 5829 2885 5873 ea
2911 5829 3041 5889 qua
3070 5815 3145 5872 ad
3171 5812 3576 5888 paenitentiam
3605 5825 3805 5871 recon-
