3994 6172
411 237 528 304 455
575 189 580 196 ’

1167 220 1242 300 IN
1284 234 1343 298 s.
1389 185 1751 309 succosa
1794 211 2070 299 LIBRUM

2191 197 2774 299 tCRAMEN’l‘ORUM
2818 219 3055 300 uorat.
3213 309 3220 322 ,
3667 227 3766 306 £36
3863 180 3874 186 ’

411 373 612 452 niteat,
645 387 822 452 unum
853 369 910 452 in
944 373 1224 452 ‘paneuet
1279 384 1446 452 aqua.
1503 367 1559 452 Si
1607 367 1734 440 quis
1785 368 2059 452 liga-turus
2095 372 2141 433 Α
2173 370 2278 423 Pro
2318 368 2480 452 bonis
2502 370 2670 452 rebus
2692 369 2905 452 .offerre
2930 369 3220 450 debemus,
3253 385 3353 452 pro
3379 370 3540 452 malis
3581 389 3774 446 nequa-

413 445 628 507 fecerit,
661 443 811 514 quod
865 439 1215 514 detestabile
1246 445 1353 514 est,
1392 444 1508 514 tres
1527 439 1716 514 ’annos
1771 439 2056 514 pmniteat,

411 532 587 572 unum
616 510 852 582 in’paue
877 517 934 566 et
963 527 1131 582 aqua.
1161 510 1217 582 Si
1261 510 1357 581 qui
1388 511 1556 582 simul
1587 510 2064 566 edunt’festivita-

411 593 528 641 tem
560 586 616 638 in
649 581 786 638 locis
811 581 1214 637 abominandis
1241 581 1564 652 gentilium,
1593 588 1650 638 et
1678 599 1843 638 suam
1870 599 2060 638 escam

411 657 751 719 deterentes,
786 652 1160 716 comederint,
1195 652 1407 723 placuit
1453 669 1550 708 eos
1593 655 1822 708 biennio
1870 655 2058 725 subja-

409 743 557 788 cere,
582 730 732 784 etsic
757 725 980 794 suscipi,
1021 727 1036 742 '
1063 741 1187 794 quae
1233 724 1464 796 obedire
1516 730 1742 795 oportet
1783 744 1796 792 ;
1839 729 1896 779 et
1938 724 2061 796 pOst

412 797 762 853 oblationem
795 811 1261 865 unumquemque
1287 795 1550 866 spiritum
1585 798 1844 866 probare,
1879 795 1947 851 et
1978 797 2062 849 vi-

413 873 532 924 tam
565 868 920 938 singulorum
951 883 1309 938 cognoscere.
1361 866 1420 938 Si
1451 866 1575 937 quis
1608 866 2059 938 manducaverit,

413 945 514 996 aut
543 937 927 1012 biberitjuxta
946 938 1147 1012 fanum
1178 954 1192 1002 ;
1210 937 1257 992 si
1280 937 1796 1012 perignorantiam,
1814 937 2064 1012 promit-

413 1016 502 1067 tat
524 1008 790 1081 deinceps
809 1010 960 1080 quod
993 1008 1571 1081 nunquam_reiteret._
1601 1014 1658 1064 et
1679 1009 2064 1080 quadraginta

414 1085 612 1138 diebus
637 1083 694 1138 in
729 1079 872 1150 pane
901 1085 954 1135 et
979 1097 1127 1150 aqua
1159 1079 1428 1150 pceuiteat
1479 1097 1494 1145 ;
1529 1079 1573 1134 si
1629 1097 1762 1136 vero
1793 1096 1894 1150 per
1912 1079 2061 1134 icon-

415 1101 612 1138 GICDUS
637 1101 694 1138 1n
764 1101 872 1136 8.08
901 1101 954 1135 ΕΙ
979 1101 1127 1150 aqua
1159 1101 1428 1150 pwuueal
1479 1101 1494 1145 ς
1529 1101 1573 1134 SI
1629 1101 1762 1136 vero
1793 1101 1894 1150 per
1930 1101 2061 1134 COD-

415 1160 706 1225 tcmptumi
729 1101 836 1206 noc
873 1151 1323 1225 fecerit,_id‘est,
1360 1155 1670 1225 postquam
1702 1151 1980 1225 sacerdos;
2011 1149 2063 1205 ci

413 1221 740 1298 praedicavit
767 1223 918 1294 quod
943 1221 1327 1298 sacrilegium
1357 1222 1465 1298 hoc
1493 1227 1634 1298 erat,
1689 1238 1930 1298 mensas
1947 1223 2063 1298 da».-

413 1292 741 1355 inoniorum
763 1292 1290 1356 c'ommuuicaverit,
1314 1294 1332 1313 ¹
1360 1293 1569 1364 βὶηευιὶ
1608 1299 1834 1348 tantum
1863 1292 2063 1364 vitium

413 1369 520 1424 hoc
552 1366 762 1430 fecerit,
797 1369 908 1420 tres
933 1366 1329 1435 quadragenas
1354 1363 1411 1417 in
1444 1363 1589 1434 pane
1619 1370 1675 1420 et
1707 1381 1857 1434 aqua
1881 1363 2066 1434 paeni-

412 1444 550 1496 teat.
580 1437 639 1494 Si
669 1453 802 1492 vero
835 1453 934 1506 pro
973 1437 1125 1490 cultu
1158 1437 1504 1496 dmmonum,
1559 1440 1616 1490 et
1646 1435 1862 1506 honore
1891 1435 2065 1489 simu-

412 1509 550 1566 lacri
578 1510 685 1564 hoc
706 1505 924 1576 fecerit,
963 1510 1078 1561 tres
1106 1522 1288 1561 annos
1314 1505 1605 1578 pmniteat.
1629 1507 1686 1561 Si
1716 1505 1842 1578 quis
1868 1523 2064 1578 secun-

413 1584 487 1636 do
513 1585 570 1636 et
595 1579 759 1635 tertio
792 1581 806 1596 '
831 1578 1165 1650 immolatus
1193 1594 1292 1650 per
1326 1577 1460 1644 vim,
1496 1582 1612 1632 tres
1659 1593 1842 1632 annos
1871 1577 2062 1650 subjaf

415 1658 560 1716 ceat,
593 1656 650 1706 et
670 1651 887 1706 duobus
915 1649 1036 1704 sine
1065 1647 1351 1703 oblatione
1370 1650 1775 1713 communicet,
1793 1647 2066 1704 tertio'ad

417 1723 734 1797 perfectum
771 1721 1132 1797 suscipiatur.
1179 1719 1238 1775 Si
1282 1719 1888 1797 quismanducaverit
1937 1735 2067 1797 san-
2098 1729 2141 1787 Β

357 1805 366 1823 '
417 1790 670 1868 guinem,
715 1798 814 1868 aut
837 1790 1228 1868 ino’rticinum,
1258 1795 1358 1868 aut
1381 1791 1967 1868 idoiisimmolatum,
2011 1795 2068 1846 et

420 1862 541 1994 gon
571 1865 677 1920 fuit
725 1864 776 1920 ei
829 1864 1157 1931 necessitas,
1207 1862 1435 1934 jejunet
1479 1862 1874 1924 hebdomadas
1931 1863 2068 1916 duo-

462 1954 626 1994 ec1m.

462 1954 626 1994 ec1m.

761 2047 782 2073 ι
827 2025 940 2078 VII.
985 2025 1065 2079 De
1095 2021 1415 2093 quibusdam
1443 2021 1724 2093 capitulis.

495 2136 522 2166 «
566 2113 623 2168 Si
655 2113 781 2183 quis
807 2114 822 2129 '
847 2112 1218 2182 quoquolibet
1247 2113 1568 2183 membrum
1603 2111 1706 2165 sibi
1735 2108 2072 2183 _voluntarie

422 2181 792 2252 truncaverit,
827 2188 940 2237 tres
969 2181 1150 2237 annos
1174 2182 1464 2252 poeniteat,
1513 2199 1689 2236 unum
1731 2181 1788 2235 in
1837 2197 1983 2251 pane
2016 2185 2073 2234 et

422 2273 592 2328 aqua.
617 2255 674 2310 Si
699 2255 824 2324 quis
855 2270 1120 2328 avo_rsum
1151 2253 1346 2308 fecerit
1376 2253 1712 2328 voluntarie,
1749 2257 1861 2307 tres
1889 2268 2074 2307 annos

422 2321 926 2399 ptianiteat,_unum
955 2324 1014 2399 in
1047 2340 1190 2394 pane
1227 2329 1285 2379 et
1309 2339 1478 2394 aqua.
1509 2321 1563 2378 Si
1594 2323 1728 2399 quis
1750 2339 1950 2378 usuras
1973 2339 2068 2399 un-

425 2394 719 2466 decunque
757 2395 1027 2466 exegerit,
1058 2401 1198 2466 Atres
1249 2410 1433 2448 annos
1465 2395 1760 2464 pteniteat,
1792 2411 1988 2466 unum
2015 2394 2072 2447 in

426 2485 574 2551 pane
603 2463 660 2549 et
687 2463 950 2551 aqua._’.Si
975 2463 1100 2536 quis
1129 2481 1228 2551 per
1275 2463 1632 2551 potestatem,
1667 2469 1767 2551 aut
1822 2464 2075 2551 quolibet

426 2535 677 2611 ingenio,
710 2535 800 2611 res
825 2535 1040 2611 alienas
1067 2535 1442 2611 maloordine
1468 2535 1760 2611 invaserit,
1800 2536 1883 2611 vel
1934 2535 2074 2591 tule-

428 2605 522 2679 rit',
555 2625 723 2680 super
767 2608 797 2640 *
837 2609 984 2680 jure
1025 2605 1309 2680 sententia
1351 2606 1616 2680 similiter
1671 2607 1964 2677 poeniteat,
2017 2611 2074 2660 et

429 2677 1083 2750 eleemosynas'multas
1132 2677 1343 2750 faciat.
1381 2677 1467 2750 Si,
1495 2677 1641 2750 quis
1671 2694 1919 2750 servum,
1976 2681 2076 2750 aut

430 2748 827 2823 quemcunque
857 2749 1144 2823 hominem
1175 2748 1430 2823 quolibet
1455 2748 1684 2823 ingenio
1742 2749 1799 2803 in
1844 2748 2076 2823 captivi-

430 2819 609 2878 tatem
633 2819 873 2885 duxerit,
909 2822 994 2875 vel
1027 2819 1427 2885 transmiserit,
1485 2819 1630 2874 sicut
1671 2836 1844 2890 supra
1899 2819 2074 2890 pceni-

427 2897 566 2950 teat.
597 2893 652 2948 Si
675 2892 800 2964 quis
826 2907 1023 2946 aream
1045 2891 1131 2945 vel
1175 2892 1411 2964 domum
1441 2889 1760 2964 voluntarie
1789 2889 1940 2964 igne
1960 2906 2078 2946 cre-

429 2961 870 3028 maveritfsicut
915 2978 1089 3032 supra
1139 2961 1434 3032 paeniteat.
1488 2961 1721 3032 Siquis
1775 2961 2077 3032 perirem

432 3035 608 3090 alium
641 3031 1002 3105 percusserit,
1032 3037 1092 3105 et
1119 3031 1456 3105 sanguinem
1488 3031 1852 3105 fuderit,iaut
1880 3031 2075 3086 debili-

429 3102 659 3170 taverit;
687 3105 868 3158 solvat
886 3102 936 3157 ei
959 3102 1144 3173 primo
1174 3104 1516 3173 mercedem,
1535 3107 1591 3158 et
1617 3102 1900 3173 medicum
1925 3119 2076 3172 quaa-

430 3181 524 3232 rat
547 3175 625 3240 ;si
657 3173 831 3229 laicus
861 3172 1368 3243 est,"quadraginta
1397 3172 1628 3238 diebus;
1677 3172 1912 3228 clericus
1939 3175 2080 3228 duas

432 3248 860 3319 quadragenas;
885 3244 1158 3324 diaconus
1186 3249 1404 3324 septem
1440 3243 1730 3298 mensibus
1749 3245 2083 3324 ;'pre_sbyter

435 3315 872 3374 annum'unum.
902 3316 959 3369 Si
989 3316 1113 3385 quis
1139 3315 1470 3370 venationes
1493 3315 1824 3379 exercuerit,
1845 3315 2082 3369 clericus

435 3403 652 3466 annum
711 3403 888 3441 unum
931 3386 1222 3466 poeniteat,
1261 3385 1533 3466 diaconus
1565 3387 1742 3466 .duos,
1767 3386 2085 3466 presbyter

434 3465 550 3515 tres
579 3473 762 3514 annos
791 3456 1084 3528 pmuiteat.
1121 3457 1177 3511 Si
1207 3456 1332 3526 quis
1373 3458 1444 3511 de
1468 3526 1475 3528 Α
1502 3456 1818 3528 ministerio
1871 3460 2084 3528 sanctis

437 3526 1140 3598 ecclesim'qualecunque
1193 3543 1334 3598 Opus
1383 3526 1662 3598 quidlibet
1714 3527 2102 3592 fraudaverit,,

436 3601 526 3658 vel
551 3600 877 3672 neglexerit,
905 3603 1120 3670 septem
1142 3615 1326 3672 annos
1375 3599 1668 3672 poeniteat,
1703 3602 1818 3653 tres
1851 3598 1908 3672 in
1940 3613 2086 3672 pane

439 3677 498 3728 et
525 3669 694 3750 aqua.
747 3671 804 3727 Si
857 3669 1147 3750 qu_is_c_um
1206 3669 1550 3750 animalibus
1603 3669 1949 3750 peccaverit,
1992 3669 2086 3750 qui

439 3740 686 3814 amplius
716 3740 891 3812 quani
927 3741 1162 3812 triginta
1205 3756 1488 3814 annorum
1517 3740 1708 3808 fuerit,
1761 3740 2086 3814 quindecim

440 3811 624 3870 annos
648 3811 962 3884 subjaceat,
982 3811 1499 3884 r‘communionem
1523 3815 1831 3884 mereatur.
1849 3812 1866 3828 '
1891 3811 2086 3884 ttequi-

439 3891 600 3941 ratur
623 3882 816 3940 autem
842 3883 1026 3954 qualis
1055 3883 1130 3937 sit
1158 3899 1358 3938 eorum
1399 3882 1536 3945 vita,
1571 3883 1616 3936 si
1651 3886 1940 3954 mereatur
1988 3882 2090 3936 hu-

440 3957 686 4021 manius,
715 3953 950 4025 aliquid,
973 3958 992 3977 ‘
1015 3953 1364 4009 incessanter
1383 3955 1462 4025 ad
1477 3953 1936 4025 peccandum.rSi
1971 3969 2091 4023 per-

439 4023 1063 4096 severaveritflongam
1089 4025 1300 4080 habeat
1315 4023 1734 4095 pmnitentiam.
1768 4024 1871 4096 Qui
1895 4030 2090 4096 autem

439 4098 730 4169 superiore
761 4095 1034 4169 mtate,_et_
1065 4113 1267 4169 uxores
1296 4097 1590 4169 habentes,
1632 4095 1976 4169 introierunt
2012 4095 2089 4169 Ain

438 4165 547 4224 hoc
572 4173 888 4240 peccatum,
924 4165 1124 4237 viginti
1149 4167 1398 4240 quinque
1423 4167 1589 4221 annis
1613 4168 1964 4240 subiaceant,
2009 4165 2091 4221 ita

439 4243 504 4294 ut
531 4237 659 4314 post
683 4239 934 4314 quinque
963 4237 1435 4314 communionem
1465 4254 1595 4314 cum
1639 4237 1938 4314 _oblation_e
1975 4253 2090 4292 me-

437 4307 778 4364 rea’nturfSi
811 4307 1002 4362 autem
1026 4307 1200 4377 aliqui
1240 4313 1298 4362 et
1327 4324 1528 4362 uxores
1561 4309 1834 4362 habentes
1865 4312 1922 4362 et
1969 4323 2091 4361 am-

441 4379 1027 4462 pliusquinquaginta
1049 4395 1354 4462 annorum,
1389 4378 1496 4432 hoc
1510 4383 1802 4456 peccatum
1829 4377 2088 4444 fecerint,

441 4453 499 4506 in
519 4453 670 4506 exitu
704 4453 832 4504 vitm
857 4454 1190 4504 mereantur
1221 4453 1487 4504 viaticum
1520 4453 1795 4520 accipere.

867 4555 898 4591 «
913 4536 1093 4609 468
1110 4537 1250 4594 Vill.
1283 4539 1364 4592 De
1385 4536 1664 4592 ebrietate.

517 4649 544 4681 ‹‹
587 4625 904 4683 lnebriatur
928 4626 1101 4697 igitur
1129 4626 1254 4696 quis
1283 4643 1318 4680 a
1347 4625 1498 4697 vino
1527 4625 1644 4680 sive
1673 4624 1932 4691 cervisia,
1960 4642 2092 4680 con-

444 4704 532 4756 tra
564 4699 837 4754 indictum
867 4696 1176 4752 Salvatoris
1197 4696 1673 4769 acapostolorum
1726 4700 1850 4769 ejus
1873 4699 2023 4768 quod
2046 4698 2091 4752 si

447 4775 644 4826 votum
673 4769 994 4825 sanctitatis
1045 4768 1329 4836 habuerit,
1375 4767 1771 4839 quadraginta
1792 4769 1990 4823 diebus
2034 4769 2092 4822 in

487 4859 595 4897 ane
625 4846 681 4897 et
705 4857 854 4912 aqua
879 4841 1104 4912 culpam
1133 4839 1311 4912 diluat
1337 4857 1350 4904 ;
1373 4838 1559 4912 laicus
1574 4838 1704 4912 vero
1734 4851 1952 4912 septem
1979 4840 2092 4895 die-

487 4860 595 4897 ane
625 4860 681 4897 ει
705 4860 854 4912 aqua
879 4860 1104 4910 curpam
1133 4860 1311 4894 (quat
1337 4860 1350 4904 ;
1373 4860 1550 4894 laicus
1574 4860 1704 4894 γε)το
1734 4860 1952 4911 septem
1979 4860 2092 4895 (118'

446 4860 552 4969 gas
583 4912 876 4984 paeniteat.
926 4910 1230 4984 Episcopus
1289 4909 1503 4966 faciens
1537 4911 1974 4984 fornicationem
2001 4912 2096 4966 de-

445 4981 738 5056 grad'etur,
769 4989 826 5056 et
860 4981 1143 5056 sexdecim
1183 4997 1384 5056 annos
1440 4981 1735 5056 paeniteat.
1796 4984 2096 5056 Presbyter

449 5052 640 5111 autem
668 5060 722 5110 et
745 5053 1015 5108 diaconus
1049 5052 1485 5108 fornicationem
1517 5053 1834 5109 naturalem
1862 5052 2096 5109 faciens'

487 5126 689 5182 rzelato
719 5129 853 5180 ante
881 5124 1146 5179 monachi
1199 5130 1393 5180 votum
1428 5131 1540 5180 tres
1571 5141 1754 5180 annos
1785 5126 2086 5196 paeniteat.

502 5197 692 5254 eniam
707 5197 864 5252 omni
879 5196 1022 5251 hora
1033 5196 1740 5268 roget,superpositionem
1758 5213 2098 5268 unaquaque

448 5269 831 5334 hebdomade,
863 5267 1624 5338 exceptisquinquagesimis
1649 5269 1866 5332 diebus,
1894 5267 2094 5324 faciat.

893 5377 916 5406 α
964 5357 1054 5409 ΙΧ.
1094 5359 1172 5411 De
1200 5357 1437 5410 minutis
1465 5357 1659 5410 causis.

525 5449 552 5482 «
589 5429 643 5486 Si
667 5445 839 5484 causa
861 5428 1152 5499 negligens
1177 5427 1300 5497 quis
1328 5426 1666 5480 sacrificium
1691 5426 1906 5496 perdat,
1935 5427 2100 5483 relin-

450 5518 630 5574 quens
666 5501 821 5574 foris,
855 5503 997 5574 etab
1026 5498 1216 5567 aliquo
1239 5501 1546 5552 devoratur
1593 5499 1974 5574 quadraginta
1991 5499 2104 5574 die:

452 5568 554 5629 bus
586 5573 862 5643 poeniteat
889 5569 1022 5643 ;sin
1058 5585 1188 5623 vero
1221 5584 1436 5622 annum
1501 5585 1676 5643 unum
1711 5569 1998 5643 pillnitcat.
2031 5568 2102 5643 Si

453 5638 960 5698 cominunicaverit
981 5640 1252 5710 ignorans
1281 5638 1787 5710 excommunicatis
1830 5640 1900 5694 ab
1931 5641 2104 5695 cccle-

455 5716 558 5778 sia,
615 5715 813 5768 diebus
868 5709 1254 5782 quadraginta
1309 5709 1602 5782 poeniteat.
1657 5710 1713 5764 Si
1765 5711 2105 5782 sacriﬁcium

455 5788 612 5845 terra
635 5788 800 5840 tenus
851 5779 1190 5858 negligendo
1239 5779 1524 5852 ceciderit,
1569 5781 1941 5857 superpositio
1997 5780 2096 5840 sit.

2113 3087 2158 3147 C
2187 3088 2384 3144 diebus
2413 3087 2702 3158 pmniteat.
2735 3086 2792 3142 Si
2844 3086 3112 3143 ceciderit
3161 3086 3514 3144 sacrificium

2171 441 2704 516 quam.PresAbyteri
2737 435 2868 516 vero
2896 457 3004 516 pro
3025 441 3146 516 suis
3185 435 3454 516 epicospis
3498 460 3608 516 non
3664 435 3770 516 pro-

2171 511 2442 566 hibentur
2471 513 2698 568 offerre.
2741 513 2844 576 Qui
2881 512 3086 582 prabet
3115 511 3776 580 ducatumbarbarisftres

2173 598 2356 654 annos
2373 582 2665 652 pmniteat.
2700 583 2803 648 Qui
2835 582 3186 654 monasteria
3215 584 3501 654 exspuliat,
3549 586 3682 642 falso
3726 607 3776 644 se

2173 653 2360 707 dicere
2389 655 2539 724 [Leg.
2577 654 2790 724 dicens]
2826 653 3079 724 captivos
3125 654 3422 719 redimere,
3466 660 3572 710 tres
3615 675 3777 714 annos

2173 726 2463 794 paeniteat,
2497 729 2553 780 et
2573 725 2768 780 omnia
2795 743 2920 795 quae
2945 725 3223 780 abstraxit
3255 726 3581 796 pauperibus
3605 731 3777 785 donet.

2173 796 2276 860 Qui
2306 797 2621 850 manducat
2647 813 2880 850 carnem
2913 796 3255 853 animalium
3299 813 3532 867 quorum
3560 807 3780 856 mortem

2172 867 2369 928 nescit,
2394 867 2620 922 tertiam
2643 872 2862 938 partem
2919 868 3055 922 anni
3097 867 3390 937 pmniteat.
3439 869 3674 926 Priorum
3712 872 3779 926 iu-

2171 940 2372 1012 stituta
2396 944 2620 1012 patrum
2651 943 2976 1012 nostrorum
3007 955 3106 1008 pro
3145 955 3347 994 manus
3391 939 3534 1011 [Leg.
3583 959 3765 1012 proma

2173 1008 2326 1082 mus]
2360 1008 2565 1080 :ipueri
2597 1009 2704 1082 soli
2730 1010 3180 1082 sermocinantes
3231 1013 3285 1065 et
3320 1008 3785 1082 transgredientes

2170 1081 2432 1136 instituta
2489 1081 2780 1135 seniorum
2810 1081 2989 1152 tribus
3033 1081 3572 1152 superpositionibus
3619 1099 3786 1138 emen-

2172 1151 2710 1228 dentur._Osculum
2754 1151 3086 1228 simpliciter
3112 1151 3119 1152 ί
3147 1153 3686 1228 facientes,__septem
3709 1155 3786 1228 [In

2171 1223 2369 1296 Ρωηξε.
2395 1223 2550 1296 Rom.
2581 1221 2856 1296 quinque]
2874 1221 2947 1276 su
2958 1223 3390 1293 perpositiones.
3425 1221 3784 1296 lllecebrosum

2173 1295 2432 1349 osculum
2447 1295 2489 1348 si
2501 1293 3016 1366 neinquinamento
3039 1299 3164 1348 octo
3177 1295 3642 1366 superpositiones
3656 1312 3786 1361 ;cum

2173 1365 2609 1440 inquinamepto
2631 1371 2817 1440 autem
2843 1365 2958 1440 sive
2979 1365 3131 1440 [Leg_.
3171 1365 3318 1440 sine]
3368 1366 3620 1440 amplexu
3649 1368 3788 1438 quin-

2173 1437 2356 1518 decim
2385 1437 2868 1506 [ItiPtL’ﬂiLROﬂL
2891 1438 3108 1507 decem]
3136 1437 3788 1508 super‘positionibus'cor-

2170 1513 2454 1579 rigantur.

2485 1642 2513 1674 «
2555 1630 2622 1676 X.
2649 1624 2666 1644 '
2697 1624 2768 1677 De
2803 1621 3131 1678 dissensibus
3157 1623 3516 1695 sacri/icium.

2249 1757 2273 1788 α
2308 1737 2410 1804 Qui
2443 1753 2556 1792 non
2585 1738 2728 1792 bene
2749 1737 2998 1792 custodit
3015 1737 3372 1802 sacriﬁcium,
3403 1744 3460 1794 et
3483 1755 3606 1793 mus
3629 1755 3791 1793 come-

2177 1809 2344 1876 derit,
2375 1809 2753 1879 quadraginta
2773 1809 2971 1864 diebus
3013 1809 3316 1878 paeniteat.
3356 1810 3460 1875 Qui
3489 1815 3669 1865 autem
3691 1827 3796 1880 per-

2177 1881 2387 1935 diderit
2429 1897 2597 1934 suum
2655 1880 2946 1943 chrismal,
3000 1884 3101 1934 aut
3151 1881 3340 1936 solum
3385 1881 3706 1936 sacriﬁcium
3748 1882 3795 1935 in

2177 1951 2408 2022 regione
2437 1951 2712 2023 qualibet,
2729 1955 2788 2005 ut
2809 1951 3282 2023 noninveniatur,
3297 1957 3412 2006 tres
3433 1954 3797 2023 quadragenas

2179 2021 2264 2079 vel
2292 2039 2508 2094 annum
2534 2021 2828 2092 pmniteat.
2862 2021 3229 2094 Perfundens
3249 2021 3464 2094 aliquis
3479 2021 3701 2078 calicem
3717 2039 3796 2077 su-

2180 2111 2279 2165 per
2304 2093 2505 2157 altare,
2539 2095 2792 2166 quando
2810 2094 3154 2166 auferuntur
3191 2093 3557 2166 linteamina,
3605 2099 3798 2166 septem

2180 2164 2377 2220 diebus
2401 2165 2699 2235 paeniteat.
2740 2164 2796 2218 Si
2827 2165 3094 2218 ceciderit
3123 2165 3466 2220 sacrificium
3499 2167 3643 2220 intra
3669 2164 3800 2219 inen-

2181 2253 2328 2298 sam,
2357 2241 2574 2306 septem
2595 2235 2794 2290 diebus
2809 2235 3105 2305 pmniteat.
3131 2235 3203 2290 Ut
3225 2235 3800 2302 sumcnssacriticium,

2219 2305 2450 2362 ravatus
2479 2305 2776 2361 saluritate
2809 2307 3039 2374 ventris,
3069 2307 3267 2378 viginti
3301 2308 3503 2363 diebus
3527 2307 3796 2378 pmnitcat.

2181 2325 2468 2432 Eiaconus
2493 2377 2830 2432 obliviscens
2859 2377 3208 2432 oblationem
3239 2378 3444 2432 otTerre
3473 2379 3589 2432 sine
3629 2379 3796 2432 lintea-

2232 2383 2468 2434 iaconus
2493 2377 2830 2432 obliviscens
2859 2377 3208 2432 oblationem
3239 2378 3444 2434 otTerre
3473 2377 3589 2434 sine
3629 2379 3801 2432 lintea-

2183 2448 2340 2504 mine
2363 2451 2543 2504 donec
2571 2448 2905 2520 offeruntur,
2934 2448 3200 2504 similiter
3231 2450 3532 2520 paeniteat.
3561 2449 3614 2505 Si
3637 2453 3802 2520 autem

2182 2520 2241 2574 in
2273 2519 2476 2586 farina,
2503 2525 2603 2574 aut
2633 2519 2690 2574 in
2721 2518 2912 2590 aliquo
2960 2519 3172 2574 siccato
3213 2518 3364 2585 cibo,
3418 2522 3533 2576 sive
3559 2521 3611 2575 in
3641 2519 3802 2580 melle,

2181 2592 2298 2647 sive
2329 2592 2386 2646 in
2415 2594 2561 2646 lacte
2589 2590 2962 2646 inueniantur
3002 2590 3126 2646 istae
3153 2592 3429 2656 bestiolas,
3487 2592 3633 2663 quod
3678 2590 3803 2663 circa

2183 2663 2413 2718 illorum
2456 2678 2696 2732 corpora
2748 2667 2852 2726 est,
2914 2663 3066 2716 foras
3119 2663 3474 2732 projiciatur.
3504 2659 3615 2728 'Qui
3658 2659 3804 2731 negli-

2181 2734 2436 2805 gentiam
2487 2733 2636 2788 circa
2665 2733 3017 2805 sacrificium
3053 2733 3268 2795 fecerit,
3303 2740 3365 2789 ut
3394 2735 3441 2788 si
3471 2751 3505 2788 a
3550 2733 3806 2788 vermibus

2182 2803 2612 2874 consumptum,
2640 2805 2793 2874 quod
2821 2804 2896 2858 ad
2943 2803 3186 2858 nihilum
3218 2806 3503 2870 deveniat,
3558 2810 3666 2860 tres
3690 2818 3808 2874 qua-

2185 2873 2470 2946 dragenas
2498 2873 2790 2946 paeniteat.
2837 2874 2892 2929 Si
2917 2875 3201 2945 integrum
3233 2876 3312 2930 sit
3337 2877 3647 2940 inventum,
3675 2880 3726 2928 et
3758 2873 3805 2946 in

2185 2963 2252 3003 eo
2285 2945 2457 3002 fuerit
2485 2945 2712 3010 vermis,
2770 2947 3157 3017 comburatur,
3211 2952 3272 3001 et
3302 2947 3384 3002 sic
3421 2949 3560 3002 cinis
3587 2947 3696 3017 ejus
3711 2945 3808 3017 sub

2186 3019 2368 3089 altare
2397 3018 2817 3089 abscondatur;
2848 3021 2906 3072 et
2942 3016 3036 3089 qui
3073 3017 3403 3089 negligens,
3463 3015 3810 3089 quadraginta

3566 3091 3633 3144 de
3661 3100 3809 3141 manu

2189 3158 2478 3215 offerentis
2511 3164 2662 3230 terra
2687 3162 2872 3225 tenus,
2903 3163 2961 3230 et
3011 3159 3340 3214 inveniatur
3395 3160 3624 3230 aliquid,
3666 3169 3811 3230 omne

2189 3231 2564 3301 quodcunque
2594 3229 2903 3302 inventum
2923 3229 3095 3284 fuerit
3149 3229 3207 3302 in
3240 3231 3368 3287 loco
3417 3228 3612 3302 inquo
3632 3228 3814 3284 cecide-

2189 3299 2264 3356 rit
2290 3301 2680 3367 comburatur,
2711 3305 2769 3354 et
2793 3299 2936 3354 cinis
2988 3303 3092 3355 sub
3121 3301 3307 3357 altare
3363 3299 3742 3362 absco'ndatur,
3767 3302 3814 3350 et

2191 3373 2455 3428 sacerdos
2483 3373 2742 3426 medium
2774 3387 2991 3426 annum
3025 3372 3305 3442 pmniteat
3339 3389 3353 3438 ;
3381 3379 3439 3429 et
3480 3374 3526 3428 si
3553 3373 3812 3442 inventum

2197 3443 2384 3517 fuerit,
2439 3447 2501 3497 ut
2526 3459 2720 3517 supra
2773 3441 3100 3517 mundetur,
3131 3448 3190 3498 et
3237 3445 3619 3517 quadraginta
3645 3441 3814 3496 diebus

2193 3513 2490 3586 pmniteat.
2520 3513 2576 3567 Si
2607 3529 2784 3586 usque
2813 3515 2888 3586 ad
2917 3512 3098 3569 altare
3118 3512 3350 3570 tantum
3402 3512 3573 3570 fuérit
3598 3515 3810 3586 lapsum,

2195 3579 2560 3658 superponat.
2605 3585 2662 3639 Si
2691 3579 2758 3638 de
2783 3584 2957 3658 calice
2981 3601 3083 3658 per
3112 3579 3816 3658 negligentiamstillaverit

2196 3652 2411 3726 aliquid
2430 3655 2764 3727 interram,
2797 3652 2998 3727 tingui
3017 3652 3330 3724 lambatu'r,
3381 3663 3441 3713 et
3468 3652 3816 3727 tabuluirada-

2197 3723 2310 3784 tur:
2338 3732 2400 3800 et
2426 3725 2484 3780 in
2510 3726 2640 3800 igne
2692 3723 3078 3800 comburatur,
3100 3732 3195 3800 __et
3223 3723 3609 3800 quadraginta
3645 3723 3816 3800 diebus

2199 3743 2310 3784 tur.
2343 3743 2400 3781 et
2426 3743 2484 3780 in
2510 3743 2640 3851 igne
2692 3743 3078 3792 comburatur,
3137 3743 3195 3782 et
3223 3743 3609 3800 quadraginta
3645 3743 3816 3780 Olenus

2199 3797 2491 3869 pmniteat.
2569 3797 2780 3869 iisupra
2809 3797 2992 3852 altare
3042 3796 3347 3854 stillaverit
3400 3797 3565 3860 calix,
3619 3794 3818 3869 sorbeat

2198 3863 2480 3942 minister,
2507 3871 2564 3922 et
2590 3863 2902 3942 linteamen
2927 3870 3079 3939 quod
3101 3869 3291 3942 tetigit
3313 3871 3530 3942 stillam
3548 3863 3817 3942 abluatur:

2199 3939 2434 4002 vicibus,
2463 3943 2520 3994 et
2557 3938 2735 3994 tribus
2787 3935 2986 4011 diebus
3044 3935 3348 4011 poeniteat.
3415 3941 3474 3996 Si
3525 3935 3820 4011 titubaverit

2199 4011 2466 4082 sacerdos
2491 4025 2660 4079 super
2689 4010 3024 4082 orationem
3044 4005 3058 4011 ’
3080 4011 3468 4082 Dominicam,
3501 4025 3622 4082 quae
3645 4005 3822 4082 dicitur

2201 4081 2536 4154 periculosa,
2563 4075 2684 4154 una
2713 4079 2830 4154 vice
2850 4081 3268 4154 quinquaginta
3293 4075 3572 4154 Psalmo's,
3603 4075 3821 4135 secunda

2198 4151 2338 4226 vice,
2365 4157 2609 4226 centum
2636 4151 2833 4226 plagis.
2867 4151 2925 4226 Si
2983 4151 3177 4226 autem
3207 4154 3438 4209 duxerit
3493 4153 3709 4226 viduam
3738 4159 3822 4226 pa;

2197 4224 2309 4296 tris
2333 4223 2427 4296 vel
2451 4221 2643 4278 fratris
2673 4223 2778 4286 sui,
2807 4222 2901 4277 isti
2939 4224 3246 4296 italesinon
3305 4221 3820 4296 possuntjudicari.

2202 4295 2316 4351 nisi
2349 4294 2503 4366 prius
2518 4298 2873 4366 separentur
2897 4295 2972 4351 ab
3003 4293 3268 4366 invicem.
3301 4287 3360 4352 Si
3400 4287 3604 4366 aliquis
3626 4287 3822 4366 expedi;

2198 4358 2607 4437 tione-publica-
2629 4364 2836 4437 occidit
2864 4365 3162 4420 hominem
3218 4365 3344 4422 sine
3403 4358 3594 4428 causa,
3627 4358 3824 4437 jejunet

2124 4447 2168 4504 1)
2199 4430 2592 4492 hebdomadas
2623 4435 2820 4506 viginti
2852 4453 3026 4491 unam
3056 4455 3068 4502 ;
3097 4437 3145 4491 si
3167 4442 3364 4494 autem
3393 4430 3646 4492 forsitan'
3669 4430 3724 4488 se
3746 4430 3824 4482 de-

2204 4508 2643 4580 fen_dendo_,_aut
2665 4512 2927 4580 parentes
2973 4525 3124 4580 suos,
3157 4513 3260 4562 aut
3303 4509 3557 4580 familias
3581 4520 3721 4580 suas,
3749 4513 3824 4580 9ο·

2200 4578 2429 4652 cidisset
2452 4573 2725 4652 aliquem,
2753 4577 2848 4634 ille
2879 4595 2988 4632 non
3015 4579 3124 4652 erit
3149 4595 3278 4634 reus
3314 4597 3330 4643 ;
3361 4580 3413 4652 si
3443 4576 3678 4652 voluerit
3683 4573 3822 4652 "jeju-

2203 4667 2362 4720 nare,
2393 4648 2452 4702 in
2475 4642 2625 4720 illius
2639 4653 2918 4719 potestate
2933 4649 3124 4720 estqui
3145 4642 3378 4706 coactus
3402 4651 3510 4706 hoc
3530 4642 3824 4704 fecit.Siho-

2203 4718 2494 4776 micidium
2528 4719 2586 4773 in
2613 4718 2750 4790 pace
2781 4720 2998 4788 fecerit,
3039 4718 3096 4776 et
3125 4737 3240 4776 non
3292 4721 3465 4776 fuerit
3495 4721 3712 4775 turbata
3741 4725 3823 4784 pro

2206 4792 2352 4863 [Leg.
2383 4792 2497 4864 per]
2525 4795 2864 4864 potestatem
2914 4799 2975 4864 et
2999 4791 3312 4848 inimicitiae
3366 4807 3621 4854 causam,
3669 4791 3726 4842 ut
3749 4796 3826 4864 res

2203 4861 2327 4934 ejus
2355 4861 2558 4932 capiat,
2584 4863 2806 4934 jejunet
2833 4863 3230 4919 hebdomadas
3277 4880 3471 4928 xxvm,
3514 4868 3580 4934 et
3614 4875 3697 4934 res
3721 4861 3825 4931 ejus

2205 4881 2232 4918 e
2265 4881 2327 4916 us
2355 4880 2558 4932 capiat,
2584 4880 2806 4934 Jejunet
2833 4880 3230 4919 nenuomaaas
3277 4880 3471 4928 xxvm,
3523 4880 3580 4918 et
3614 4880 3697 4914 res
3721 4880 3825 4931 :an

2205 4880 2384 5006 469
2411 4949 2578 5008 quem
2612 4933 2834 5008 occidit,
2873 4935 3077 5008 reddat
3107 4933 3266 4989 uxori
3299 4935 3387 5008 vel
3420 4933 3576 4989 ﬁliis.
3624 4931 3678 4985 Si
3715 4936 3828 5008 qu“?

2206 4999 2399 5060 autem
2427 4999 2504 5058 ad
2535 5004 2934 5075 pmnitentiam
2951 5005 3121 5068 venit,
3143 5011 3201 5060 et
3216 5007 3493 5076 aegritudo
3515 4999 3767 5076 evenerit,
3784 4999 3830 5048 el

2206 5093 2320 5132 non
2352 5076 2600 5146 potuerit
2629 5076 2943 5146 adimplere
2986 5078 3136 5146 quod
3167 5077 3248 5132 illi
3271 5075 3283 5076 ί
3309 5077 3651 5146 mandatum
3699 5075 3773 5124 est
3800 5078 3828 5116 α

2206 5143 2522 5211 sacerdote,
2555 5143 2894 5218 suscipiatur
2919 5143 3020 5202 ΜΓ
3049 5154 3311 5203 sanctam
3363 5143 3826 5218 communionem!

2207 5224 2264 5274 et
2290 5218 2336 5293 si
2366 5207 2607 5273 voluerit
2631 5207 2761 5293 enin
2791 5219 2936 5293 Deus
2993 5219 3236 5293 salvere,
3275 5219 3514 5293 jejunet
3559 5207 3829 5293 postea-.5,i

2207 5290 2332 5362 quis
2363 5305 2477 5344 non
2507 5289 2760 5362 pmnitet,
2795 5295 2852 5344 et
2885 5290 3120 5362 forsitan
3173 5278 3444 5346 ceciderit
3489 5278 3830 5362 in‘iegriludi-

2209 5356 2364 5426 nem,
2399 5367 2455 5414 et
2473 5356 2758 5430 quaesierit
2793 5361 3236 5425 communicare,
3292 5377 3408 5416 non
3471 5356 3828 5430 prohibeatur,

2211 5434 2311 5488 sed
2342 5433 2472 5487 date
2491 5428 2549 5486 ei
2577 5437 2835 5486 sanctam
2867 5433 3352 5496 communionem,
3414 5428 3485 5486 et
3514 5428 3766 5503 mandate
3789 5432 3832 5503 et

2213 5508 2291 5560 ut.
2325 5503 2370 5556 si
2403 5505 2677 5572 placuerit
2705 5503 2801 5557 Dei
2829 5503 3255 5568 misericordiae,
3286 5507 3344 5557 et
3375 5500 3627 5572 evaserit
3642 5497 3706 5550 de
3728 5497 3834 5569 ips}!

2213 5569 2573 5650 (egritudine,
2601 5580 2796 5650 postea
2823 5578 3018 5650 omnia
3049 5575 3117 5630 sit
3149 5593 3250 5631 con
3263 5574 3443 5650 fessus
3473 5589 3486 5636 ;
3511 5576 3568 5650 et
3585 5569 3834 5650 εἰς-βαξξη-

2214 5642 2352 5701 teat.
2389 5645 2443 5700 Si
2475 5642 2665 5700 autem
2697 5646 2902 5716 aliquis
2927 5649 3454 5701 excommunicatus
3513 5642 3676 5716 fuerit
3706 5646 3834 5716 mor:

2214 5698 2366 5780 tuas,
2399 5698 2493 5790 qui
2514 5698 2640 5790 jam
2686 5698 2759 5772 sit
2789 5698 3410 5790 ‘caaigssagg"a"noa
3438 5709 3696 5790 occurrit.
3748 5698 3831 5790 89f!

2215 5780 2671 5865 occupdvit'eum
2702 5805 2858 5846 mors
2911 5789 3030 5848 sive
3056 5789 3115 5847 in
3143 5780 3272 5860 'via,
3327 5787 3452 5846 sive
3485 5783 3548 5842 iu
3569 5780 3840 5850 domo'z“
3934 5823 3935 5832 ι
