4026 6306
269 333 3539 394 5W

730 491 1405 605 SANCTI
1480 490 2396 607 GREGORII
2483 497 3100 612 MAGNI

1587 680 1826 729 ROMANI
1865 682 2220 733 PONTIFICIS

623 806 1221 959 LIBER
1315 814 3170 971 SACBAMENTORUM.

1312 1147 1422 1226 IN
1482 1145 1953 1230 NOMINE
2018 1150 2481 1235 DOMINI.

267 1307 390 1384 (1‘)
427 1309 539 1368 Hic
596 1309 764 1370 liber
795 1309 876 1380 (2)
908 1307 1467 1368 Sacramentorum
1508 1313 1532 1339 ⁸
1568 1306 1644 1366 de
1698 1307 1937 1367 circulo
1971 1308 2122 1367 anni
2174 1314 2200 1352 b
2233 1309 2601 1384 expositus,
2639 1328 2676 1372 ει
2719 1321 2941 1373 sancto
3002 1317 3314 1396 Gregorio
3369 1341 3530 1399 papa

345 1410 637 1468 Romano
672 1409 906 1477 editus,
946 1406 1027 1478 (3)
1061 1424 1139 1465 ex
1173 1406 1544 1465 authentico
1576 1405 1742 1464 libro
1779 1406 2175 1466 bibliotheca:
2209 1420 2227 1443 ο
2262 1408 2550 1468 Cubiculi
2584 1410 2884 1487 scriptus,
2919 1417 3196 1490 qualiter
3229 1418 3308 1489 (lt)
3339 1422 3531 1482 Missa

260 1051 1862 1078 U—F——-————'——————\'———‘

343 1507 633 1568 Romana
683 1507 1048 1568 celebratur
1081 1546 1100 1576 ,
1161 1504 1285 1563 hoc
1319 1510 1414 1564 est
1454 1522 1468 1560 :

1867 1052 3526 1083 Ἢ

338 1655 379 1720 ι
420 1648 485 1701 In
526 1650 708 1718 primis
740 1647 818 1718 (5)
873 1650 940 1700 ad
984 1648 1248 1700 introitum
1304 1646 1616 1714 Antiphone,
1670 1648 1839 1714 quatis
1874 1655 1916 1706 Α
1946 1659 2096 1711 crus,
2129 1645 2368 1702 Sucrus
2419 1648 2670 1704 Dominus
2707 1650 2842 1706 Deus
2889 1653 3143 1710 Sabaoth.
3196 1657 3342 1713 Pleni
3394 1671 3521 1717 sunt

258 1741 410 1808 fuerit
439 1741 644 1792 statutis
673 1739 1006 1807 temporibus,
1041 1738 1142 1791 sive
1170 1737 1345 1799 diebus
1395 1737 1559 1810 festis,
1601 1754 1689 1792 seu
1719 1755 1844 1806 quo-

257 1831 488 1883 tidinnis.

331 1924 412 1992 (6)
457 1921 675 1983 Deinde,
708 1920 873 1990 Kyrie
915 1919 1138 1974 eleison.

337 2013 466 2065 Item
491 2015 690 2075 dicitur,
727 2013 805 2082 (τ)
839 2011 1016 2065 Gloria
1045 2013 1098 2065 in
1130 2011 1362 2066 excelsis
1396 2013 1522 2066 Deo.
1551 2011 1629 2082 (8)
1661 2011 1720 2066 Si
1739 2013 1847 2078 epi-

255 2119 443 2171 sc0pus
488 2104 664 2171 fuerit,
697 2102 1050 2155 tantummodo
1081 2103 1162 2155 die
1207 2101 1494 2167 Dominico,
1526 2104 1627 2156 sive
1667 2103 1842 2155 diebus

254 2194 422 2261 (estis.
470 2194 553 2261 (9)
602 2203 639 2249 Α
683 2193 991 2262 presbyteris
1035 2203 1204 2246 autem
1255 2194 1460 2246 minime
1506 2194 1717 2258 dicitur,
1750 2194 1850 2245 nisi

254 2284 372 2334 solo
397 2283 448 2334 in
472 2282 696 2335 Pascha.
728 2280 753 2318 ά
805 2283 1024 2345 Quando
1053 2298 1171 2335 vero
1210 2283 1393 2336 [itania
1444 2284 1634 2352 agitur,
1687 2299 1846 2351 neque

253 2370 430 2424 Gloria
461 2372 510 2423 in
543 2370 771 2424 excelsis
802 2371 930 2437 Deo,
962 2384 1122 2439 neque
1148 2371 1378 2426 Alleluia
1403 2374 1627 2425 canitur.

329 2462 442 2528 (10)
497 2460 837 2515 Postmodum
881 2462 1072 2516 dicitur
1123 2462 1334 2527 Oratio;
1383 2463 1563 2516 deinde
1617 2463 1846 2531 sequitur

251 2555 374 2624 (11)
402 2559 704 2622 Apostolus.

341 2649 454 2716 (l3)
496 2648 630 2701 Item
663 2648 950 2713 Graduale,
981 2664 1069 2702 seu
1099 2646 1343 2703 Alleluia.

329 2735 670 2790 Postmodum
701 2737 890 2803 legitur
945 2736 1058 2807 (15)
1110 2736 1467 2808 Evangelium,
1496 2736 1676 2791 deinde
1724 2736 1840 2808 (14)

253 2828 610 2894 Oﬂertorium,
639 2839 689 2882 et
709 2829 901 2882 dicitur
934 2829 1113 2883 Oratio
1143 2845 1298 2897 super
1327 2829 1513 2882 oblata.

326 2915 442 2981 Qua
489 2919 758 2986 completa,
791 2919 915 2972 dicit
973 2920 1209 2973 sacerdos
1271 2919 1470 2973 excelsa
1524 2934 1641 2972 race
1672 2934 1690 2971 :
1740 2918 1840 2972 Per

251 3009 433 3062 omnia
458 3010 654 3062 smcula
686 3009 1024 3064 saeculorum.
1089 3012 1126 3077 ἢ
1180 3014 1372 3065 Amen.
1424 3008 1610 3062 Dicit:
1662 3007 1838 3062 Domi-
1869 3015 1916 3074 Β

249 3115 352 3154 nus
399 3099 700 3154 vobiscum.
746 3101 783 3168 ἡ
832 3101 1042 3156 Etcum
1089 3103 1277 3170 Spiritu
1337 3111 1447 3156 tuo.
1498 3099 1681 3154 Dicit:
1712 3101 1826 3170 (15)

251 3189 469 3244 Sursum
504 3190 692 3243 corda.
734 3191 770 3256 ri
815 3191 928 3261 (16)
963 3191 1232 3246 llabemus
1286 3191 1351 3246 ad
1399 3191 1699 3244 Dominum.
1733 3190 1832 3244 Di-

253 3283 320 3331 cit
349 3283 437 3352 :2
467 3281 583 3350 (17)
619 3280 831 3334 Gratias
857 3295 1074 3350 agamus
1102 3282 1326 3336 Domino
1374 3280 1483 3335 Deo
1514 3288 1721 3334 nostro.
1781 3280 1817 3348 ιῇ

251 3370 476 3440 Dignum
507 3372 626 3442 (18)
661 3385 714 3428 et
750 3374 949 3443 justum
982 3382 1084 3429 est.

323 3461 471 3517 Veni:
499 3463 717 3534 dignum
763 3475 817 3520 et
859 3466 1058 3533 justum
1088 3475 1189 3529 est,
1219 3479 1428 3534 atquum
1477 3473 1534 3519 et
1576 3462 1829 3525 salutare,

247 3567 345 3608 nos
374 3555 467 3608 tibi
502 3569 716 3622 semper
739 3554 850 3624 (19)
876 3562 932 3609 et
954 3556 1148 3625 ubique
1177 3555 1372 3625 gratias
1398 3569 1577 3622 agere,
1614 3553 1835 3606 Domine

246 3652 450 3707 sancte,
494 3644 658 3698 Pater
703 3647 1066 3714 omnipotens,
1116 3657 1316 3699 :eterne
1350 3646 1509 3710 Deus,
1562 3659 1654 3711 per
1679 3642 1833 3696 Citri-

246 3745 386 3787 stum
414 3736 700 3790 Dominum
724 3747 985 3793 nostrum.
1012 3738 1113 3792 Per
1143 3753 1299 3805 quem
1332 3738 1659 3805 Maiestatem
1687 3745 1828 3789 tuam

245 3825 364 3894 (20)
392 3827 612 3881 laudant
668 3829 866 3897 angeli,
899 3830 1125 3884 adorant
1151 3829 1566 3893 dominationes,
1599 3837 1834 3883 tremunt

243 3925 543 3985 potestates
575 3935 587 3970 :
629 3919 780 3984 coeli,
807 3921 1170 3989 coelorumque
1199 3922 1446 3984 virtutes,
1472 3933 1533 3973 ac
1559 3919 1712 3973 beata
1742 3933 1828 3973 se-

243 4008 450 4075 raphim
484 4009 632 4062 socia
664 4010 1018 4066 exsultatione
1048 4011 1442 4066 concelebrant.
1469 4011 1601 4064 Cum
1635 4009 1829 4078 quibus

244 4110 299 4152 et
331 4110 542 4153 nostras
598 4116 777 4166 voces,
838 4111 894 4157 ut
931 4103 1136 4158 admitti
1188 4103 1400 4173 jubeas,
1452 4103 1826 4169 deprecamur,

242 4189 466 4259 supplici
497 4191 838 4248 confessione
876 4194 1158 4250 dicentes:
1208 4194 1321 4265 (2|)
1373 4196 1638 4258 Sucrus,
1687 4191 1827 4247 8η-

1953 1735 2073 1787 coeli
2095 1745 2147 1788 et
2189 1746 2324 1789 terra
2353 1737 2521 1806 gloria
2553 1747 2663 1804 tua,
2693 1755 2890 1795 osanna
2920 1743 2970 1796 in
2995 1746 3239 1802 excelsis.
3267 1749 3381 1819 (Ἡ)
3430 1752 3529 1806 De-

1953 1823 2215 1889 nedictus,
2263 1828 2350 1894 qui
2380 1829 2523 1881 venit
2569 1831 2619 1883 in
2651 1831 2862 1886 nomine
2896 1833 3124 1902 Domini,
3158 1839 3274 1908 (23)
3313 1845 3526 1899 Usanna

1953 1919 2005 1969 in
2038 1919 2267 1972 excelsis
2300 1930 2346 1973 θ.

2021 2007 2099 2060 Te
2141 2007 2249 2077 (24)
2291 2024 2493 2073 IGITUR,
2534 2010 2952 2067 clementissime
3003 2013 3180 2080 Pater,
3225 2031 3318 2085 per
3341 2017 3524 2076 Jesum

1949 2097 2218 2152 Christum
2252 2100 2445 2153 Filium
2473 2109 2615 2154 tuum
2649 2103 2925 2158 Dutninum
2958 2116 3219 2172 nostrum,
3256 2108 3372 2178 (25)
3405 2124 3531 2179 sup-

1952 2191 2115 2258 plices
2147 2206 2413 2260 rogamus,
2446 2200 2502 2246 et
2549 2195 2796 2260 petimus,
2849 2197 2922 2249 uti
2972 2208 3189 2266 accepta
3233 2200 3429 2255 habeas
3476 2211 3532 2256 et

1948 2277 2231 2332 benedicas
2262 2280 2376 2350 (:26)
2415 2281 2528 2335 haec
2567 2280 2585 2318 ί
2621 2284 2783 2349 dona,
2821 2285 2933 2338 haec
2963 2302 3208 2353 munera,
3260 2288 3373 2342 haec
3401 2305 3530 2344 san-

1947 2378 2027 2420 cta
2058 2367 2317 2422 sacrificia
2349 2369 2462 2438 (27)
2489 2370 2684 2424 illibata
2719 2389 2732 2425 :
2772 2374 2822 2425 in
2866 2375 3047 2441 primis
3097 2377 3216 2446 (28)
3265 2395 3383 2446 qua:
3431 2381 3529 2434 tibi

1946 2455 2218 2512 oderimus
2245 2459 2295 2528 3
2329 2474 2424 2527 pro
2452 2460 2566 2527 (9.9)
2617 2462 2854 2516 Ecclesia
2886 2472 2972 2516 tua
3013 2476 3195 2520 sancta
3239 2468 3526 2535 catholica,

1945 2561 2102 2616 quam
2136 2546 2254 2618 (50)
2308 2549 2609 2616 pacilicare,
2669 2552 2955 2620 custodire,
3007 2554 3123 2624 (51)
3172 2557 3424 2625 adunare,
3477 2568 3531 2616 et

1945 2651 2130 2707 regere
2159 2639 2392 2706 digneris
2416 2639 2534 2709 (32)
2585 2649 2697 2695 toto
2741 2643 2873 2698 orbe
2927 2653 3209 2712 terrarum,
3262 2664 3366 2703 una
3397 2666 3517 2710 cum

1943 2735 2144 2791 famulo
2175 2745 2265 2791 tuo
2295 2751 2427 2806 papa
2467 2747 2654 2792 nostro
2703 2738 2821 2806 Ill.,
2873 2749 2928 2795 et
2988 2744 3105 2811 (55)
3163 2760 3284 2814 rege
3341 2756 3528 2801 nostro

1942 2825 2060 2890 Ill.,
2094 2829 2204 2896 (5.1)
2237 2837 2290 2880 et
2318 2828 2562 2883 omnibus
2584 2831 2923 2898 orthodoxis,
2950 2840 3112 2903 atque
3153 2835 3431 2890 catholica:
3461 2849 3514 2892 et

1944 2918 2245 2989 apostolica:
2269 2919 2386 2973 lidci
2418 2920 2732 2978 cultoribus.

2017 3011 2307 3075 Memento,
2377 3011 2640 3077 Domine,
2709 3012 3026 3069 famulorum
3107 3015 3528 3087 famularumque

1942 3109 2152 3155 tuarum
2205 3099 2379 3160 lll.et
2422 3101 2538 3168 lll.,
2584 3112 2638 3157 et
2691 3105 2929 3158 omnium
2989 3104 3102 3176 (55)
3154 3107 3531 3164 circnmastan-

1944 3194 2096 3256 tium,
2129 3208 2350 3261 quorum
2381 3194 2474 3247 tibi
2507 3194 2636 3247 lides
2664 3197 2875 3264 cognita
2900 3203 3003 3264 est,
3033 3204 3085 3251 et
3113 3205 3235 3251 nota
3267 3197 3483 3267 devotio
3510 3217 3522 3252 :

1945 3283 2059 3354 (56)
2094 3284 2179 3350 qui
2212 3283 2302 3337 tibi
2335 3283 2567 3341 ollerunt
2599 3283 2699 3338 hoc
2746 3286 3066 3340 sacriﬁcium
3117 3288 3287 3343 laudis
3319 3305 3414 3358 pro
3442 3305 3523 3356 se,

1943 3373 2160 3440 suisque
2198 3373 2466 3438 omnibus,
2502 3390 2598 3444 pro
2646 3375 3013 3444 redemptione
3060 3379 3355 3433 animarum
3398 3395 3521 3433 sua-

1944 3480 2082 3529 rum,
2116 3481 2210 3531 pro
2233 3480 2327 3534 spe
2361 3465 2569 3531 salutis,
2617 3476 2670 3521 et
2697 3468 3074 3524 incolumitatis
3100 3484 3234 3534 sum,
3274 3471 3366 3523 tibi
3396 3472 3523 3526 red-

1944 3555 2076 3609 dunt
2106 3556 2220 3624 (57)
2249 3565 2369 3609 vora
2396 3571 2512 3620 sua,
2544 3565 2746 3613 mtcrno
2779 3558 2908 3624 Deo,
2944 3561 3062 3612 vivo
3093 3570 3146 3614 et
3174 3575 3299 3613 vero
3331 3569 3381 3612 ε.

2015 3645 2127 3715 (58)
2163 3645 2648 3712 Communicantes,
2682 3656 2733 3700 et
2774 3649 3085 3702 memoriam
3118 3648 3232 3719 (59)
3263 3664 3524 3704 veneran-

1920 3744 2040 3800 tes,
2087 3736 2138 3788 in
2172 3736 2354 3804 primis
2381 3735 2632 3804 gloriosa:
2659 3750 2875 3804 semper
2909 3737 3132 3807 virginis
3161 3739 3340 3793 Maria:
3368 3740 3523 3810 geni-

1941 3826 2091 3880 tricis
2119 3825 2212 3880 Dei
2240 3835 2288 3881 et
2323 3827 2534 3881 Domini
2565 3828 2733 3882 nostri
2763 3827 2888 3883 Jesu
2913 3829 3132 3884 Christi.
3181 3831 3286 3886 Sed
3313 3841 3366 3886 et
3398 3835 3524 3886 bea-

1938 3923 2114 3968 torum
2167 3916 2532 3984 apostolorum
2588 3931 2652 3970 ac
2707 3927 3002 3985 martyrum
3056 3929 3288 3986 tuorum,
3356 3920 3523 3984 Petri,

1917 4005 2104 4072 .Pauli,
2160 4008 2410 4072 Andreae,
2458 4007 2667 4076 Jacobi,
2726 4002 2985 4077 Joannis;
3027 4011 3268 4078 Thomas,
3315 4010 3521 4073 Jacobi,

1937 4098 2193 4167 Philippi,
2251 4099 2648 4165 Bartholomaei,
2705 4101 2963 4166 Mattbaei,
3021 4102 3276 4167 Simonis,
3320 4102 3521 4170 etuti)

1936 4188 2160 4255 Taddei,
2191 4190 2329 4253 Lini,
2359 4188 2515 4255 Cleti,
2559 4189 2871 4257 Clementis,
2913 4190 3028 4260 (41)
3059 4191 3232 4259 Syxti,
3261 4187 3521 4254 Cornelii,

320 4330 349 4399 ἢ
386 4324 488 4378 Per
530 4337 862 4380 sacramenta
909 4329 1274 4399 intelliguntur
1320 4330 1403 4383 vel
1461 4329 1638 4382 omnia
1670 4342 1822 4399 novm
1849 4327 1895 4390 ο
1928 4341 2132 4399 ωηιξη.
2163 4324 2391 4399 custodes
2413 4324 2496 4392 qui
2525 4325 3114 4399 dicunturcubicularii.

243 4391 383 4460 legis
411 4404 778 4462 sacramenta;
809 4413 914 4463 quo
938 4391 1107 4453 sensu
1131 4401 1357 4468 theologi
1387 4401 1448 4451 de
1471 4397 1816 4453 Sacramentis

244 4471 529 4536 tractatum
557 4468 760 4530 edunt;
810 4469 894 4521 vel
951 4471 1050 4523 tria
1083 4471 1413 4536 potissimum
1456 4477 1813 4530 sacramenta,

240 4547 363 4600 qua:
390 4535 546 4587 simul
592 4537 988 4604 accipiebantur
1043 4535 1191 4603 olim,
1239 4541 1446 4593 scilicet
1495 4539 1812 4604 baptismus,

242 4604 603 4678 conﬁrmatio,
657 4615 712 4659 et
753 4608 1119 4672 Eucharistia;
1152 4612 1218 4663 de
1262 4611 1454 4678 quibus
1482 4608 1664 4675 scripti
1696 4607 1813 4661 libri

241 4686 336 4726 sex
369 4673 430 4725 de
449 4673 832 4747 ἑςᾳεταηιειιιὶε,
889 4679 1024 4731 inter
1070 4673 1337 4732 Ambrosii
1365 4693 1553 4747 opera,
1594 4673 1731 4731 tom.
1775 4679 1814 4730 ll

241 4757 394 4794 novae
449 4743 618 4808 Edit.;
652 4748 734 4798 vel
785 4747 957 4800 solum
1011 4747 1355 4802 Eucharistire
1399 4743 1812 4812 sacramentum,

242 4812 382 4878 Quod
409 4813 600 4879 plurali
633 4830 875 4883 numero,
911 4817 962 4870 in
991 4819 1211 4886 singulis
1238 4819 1348 4872 iere
1378 4818 1553 4870 Missis
1578 4817 1818 4884 designa-

245 4891 352 4947 tur,
387 4893 497 4935 tum
549 4892 765 4951 pr0pter
816 4887 1077 4954 duplicem
1112 4889 1264 4955 panis
1294 4895 1349 4941 et
1377 4887 1484 4939 vmi
1519 4889 1816 4950 materiam,

241 4959 353 5002 tum
385 4955 606 5027 propter
634 4968 827 5027 corpus
856 4965 910 5009 et
938 4959 1249 5026 sanguinem
1275 4956 1474 5012 Christi
1499 4972 1617 5027 qua:
1649 4958 1819 5010 conti-

241 5029 354 5074 net.
395 5021 526 5076 Vide
550 5031 734 5076 notam
765 5024 800 5077 2
829 5021 1085 5083 Menardi.

314 5089 355 5164 δλ
382 5090 435 5164 in
527 5092 738 5148 Tbeod.
768 5105 821 5150 et
851 5097 900 5148 in
943 5097 1058 5152 Val.
1089 5098 1168 5151 Cl.
1212 5097 1299 5152 hic
1346 5097 1528 5151 titulus
1577 5097 1769 5164 legitur
1800 5112 1814 5148 :

235 5156 432 5227 Incipit
464 5162 589 5215 liber
623 5165 1073 5220 Sacramentorum
1101 5173 1164 5221 de
1203 5167 1394 5221 circulo
1433 5167 1554 5221 anni
1583 5156 1817 5220 avsancto

234 5225 484 5301 Gregorio
515 5249 655 5301 papa
693 5234 927 5288 Romano
954 5239 1141 5293 editus.

313 5308 337 5374 ξ
382 5299 512 5357 Vide
541 5299 726 5358 natam
755 5305 789 5356 5
815 5306 1072 5374 Menardi,
1103 5309 1189 5363 cui
1235 5308 1432 5362 addere
1481 5307 1640 5362 liceat
1679 5304 1820 5374 quod

231 5367 431 5448 legitur
465 5374 537 5427 de
571 5382 767 5448 sancto
809 5377 988 5448 Leone
1034 5367 1134 5432 l'in
1169 5381 1320 5432 Hom.
1357 5376 1647 5448 Pontilicali
1675 5367 1824 5448 {llic

231 5445 384 5493 etiam
411 5445 686 5497 constituit
731 5453 781 5498 et
830 5447 1031 5501 addidit
1078 5464 1230 5520 super
1286 5447 1524 5518 sepulcra
1565 5445 1826 5514 apostolo-

2001 4393 2027 4432 ἀ
2067 4395 2273 4447 Litania
2314 4397 2377 4447 ad
2425 4403 2621 4448 luctum
2653 4397 2898 4463 pertinet.
2935 4397 3068 4451 llinc
3098 4396 3385 4465 Gregorius
3415 4412 3506 4452 ar-

1925 4466 2039 4535 guit
2066 4465 2322 4518 Joannem
2352 4465 2516 4532 episc.
2558 4467 2941 4529 Ravennatem,
2992 4467 3130 4535 quod
3178 4467 3230 4520 in
3287 4467 3504 4532 litaniis,

1928 4543 2030 4590 hoc
2062 4542 2165 4596 est,
2195 4536 2380 4606 cineris
2409 4546 2454 4588 et
2491 4536 2645 4589 cilicii
2687 4547 2929 4604 tempore,
2966 4538 3180 4606 pallium
3212 4539 3514 4606 pompatice

1925 4606 2180 4676 deferret.
2218 4605 2348 4676 Eide
2379 4606 2470 4658 lib.
2501 4621 2578 4672 ιιι,
2612 4607 2682 4660 al.
2715 4623 2773 4672 ll,
2807 4607 2914 4660 ind.
2948 4605 3032 4673 il,
3066 4607 3224 4676 epist.
3256 4605 3383 4662 olim
3413 4609 3504 4674 54,

1925 4690 2064 4747 nunc
2098 4675 2188 4747 56.
2220 4674 2419 4747 Eadem
2458 4679 2560 4747 iuit
2591 4680 2724 4729 ratio
2770 4694 2864 4731 cur
2909 4678 2959 4731 in
3012 4674 3186 4731 litania
3218 4678 3285 4731 ab
3313 4679 3512 4747 hymno

1924 4745 2101 4798 Gloria
2131 4746 2183 4796 in
2215 4745 2422 4796 excelsis
2447 4744 2552 4798 Deo
2573 4747 2946 4812 abstineretur,
2973 4751 3113 4802 etab
3139 4744 3380 4801 Alleluia.

2000 4825 2024 4851 ε
2065 4815 2119 4867 1η
2143 4815 2314 4888 priori
2344 4814 2607 4870 Theoder.
2638 4829 2762 4872 ante
2792 4817 2858 4871 Te
2910 4819 3090 4888 igitur,
3121 4828 3251 4881 etc.,
3279 4828 3502 4873 exstant

1927 4885 2413 4956 pluresiorationes
2438 4903 2451 4939 :
2477 4902 2635 4940 unam
2683 4897 2886 4942 tantum
2931 4885 3219 4942 retulimus
3249 4896 3370 4956 post
3408 4905 3498 4942 no-

1927 4965 2033 5009 tam
2076 4955 2146 5006 25
2177 4953 2433 5008 Menardi.

2002 5025 2018 5062 ί
2062 5025 2116 5078 In
2160 5025 2288 5078 Mss.
2322 5024 2584 5079 'l‘heoder.
2613 5036 2663 5080 et
2713 5025 2923 5080 Gemet.
2974 5027 3075 5079 hoc
3117 5028 3276 5081 modo
3307 5039 3414 5082 tres
3444 5027 3514 5082 si-

1923 5102 2388 5172 gnantur‘cruces,
2420 5096 2486 5147 ad
2517 5097 2630 5172 lucc
2656 5098 2816 5172 verba
2843 5096 2996 5172 aliter:
3025 5095 3162 5148 dona
3188 5097 3227 5172 ’ί-
3263 5098 3368 5150 huic
3394 5115 3510 5148 mu-

1926 5163 2052 5219 nera
2091 5163 2131 5233 1-
2160 5163 2266 5217 hcce
2297 5173 2476 5217 sancta
2504 5164 2541 5233 ’ξ-
2579 5167 2834 5232 sacri/icia
2863 5165 3078 5218 illibata.
3203 5163 3214 5172 ⁷
3555 5175 3559 5181 ’

1999 5243 2023 5281 tt
2063 5233 2118 5288 ln
2144 5234 2178 5285 2
2221 5234 2467 5287 Tlteod.:
2519 5234 2860 5306 Memento....
2919 5238 3240 5306 omniumque
3287 5237 3504 5301 propin-

1926 5320 2138 5373 quorum
2168 5319 2414 5366 meorum,
2446 5313 2492 5354 et
2521 5320 2736 5372 quorum
2777 5304 3122 5373 elcentosynas
3158 5304 3505 5371 suscepimus,

1927 5390 2014 5427 seu
2042 5374 2129 5441 qui
2158 5373 2282 5424 mihi
2320 5373 2536 5445 confessi
2563 5383 2702 5440 sunt,
2737 5391 2931 5428 necnon
2973 5386 3019 5428 et
3058 5392 3273 5445 quorum
3303 5378 3510 5429 nomina

1931 5459 2081 5512 super
2109 5452 2340 5497 sanctum
2370 5443 2528 5495 altare
2558 5451 2700 5496 tuum
2728 5446 2919 5515 scripta
2950 5443 3219 5501 habentur.

291 5576 304 5593 °
329 5576 733 5662 Numerisvinter
758 5583 1082 5644 parentheses
1115 5585 1310 5636 inclusis
1332 5591 1584 5638 revocatur
1612 5582 1764 5662 lector
1792 5580 1850 5634 ad
1874 5584 2013 5632 notas
2041 5579 2102 5629 D.
2128 5577 2354 5640 llugonis
2391 5577 2606 5628 Memrdi
2645 5582 2701 5630 ad
2745 5581 2928 5634 calcem
2955 5582 3067 5633 libri
3089 5583 3514 5633 Sacramentorum

226 5640 524 5691 mundatus.
552 5641 699 5693 Enn.
