4026 6298
564 237 633 289 27
1763 233 2004 291 SANCTI
2045 229 2369 286 caecouu
2410 229 2620 284 MACNI
3748 213 3826 270 ‘28

564 346 835 420 Cypriani,
866 347 1162 414 Laurentii,
1200 345 1555 419 Chrysogoni,
1595 343 1814 400 Joannis
1859 351 1915 397 et
1958 339 2133 404 Pauli,
2164 345 2213 404 Α
2240 341 2406 397 altare
2431 352 2600 408 tuum,
2624 343 2677 396 iu
2706 348 2996 410 conspectu
3033 338 3227 395 divina:
3259 333 3550 404 Maiestatis
3577 338 3707 396 tuze,
3735 337 3819 392 ut,

563 439 771 495 Cosmze
798 450 852 494 et
882 440 1139 510 Damiani,
1168 440 1284 510 (42)
1313 438 1521 502 Hilarii,
1551 435 1785 500 Martini,
1822 433 2131 503 Augustini,

563 531 826 599 Gregorii,
861 531 1189 600 Hieronymi,
1238 525 1530 591 Benedicti,
1562 532 1618 579 et
1647 522 1884 578 omnium
1913 530 2132 576 sancto-

563 637 683 676 rum
716 630 948 689 tuorum,
981 621 1099 690 (45)
1121 633 1347 690 quorum
1379 615 1583 670 meritis
1620 613 1972 684 precibusque
2001 626 2134 667 con-

563 714 725 767 cedas
761 722 814 766 ut
845 713 898 765 in
938 711 1183 766 omnibus
1213 707 1560 776 protectiunis
1589 716 1692 759 tuas
1721 705 2025 759 muniamur
2050 718 2138 758 au-

563 804 712 860 xilio.
739 804 839 858 Per
861 802 1131 858 Christum
1167 797 1446 853 Dominum
1478 808 1744 852 nostrum.

633 895 780 948 Hanc
805 895 964 961 igitur
988 890 1317 946 oblationem
1367 887 1646 944 servitutis
1673 894 1894 952 nostra,
1938 885 2032 942 sed
2079 894 2139 944 et

558 990 761 1036 cuncta:
790 979 1001 1035 familize
1032 992 1158 1046 tum,
1187 992 1520 1048 quaesumus,
1554 977 1800 1046 Domine,
1852 986 1911 1032 ut
1953 978 2137 1048 placa-

559 1080 642 1124 tus
666 1070 894 1138 accipias
924 1087 937 1125 :
967 1069 1083 1141 (44)
1111 1069 1331 1140 diesque
1354 1077 1566 1123 nostros
1593 1068 1646 1122 in
1676 1077 1763 1122 tua
1787 1082 1918 1135 pace
1955 1067 2138 1138 dispo-

557 1175 673 1225 nas,
713 1170 875 1230 atque
919 1162 988 1216 ab
1016 1171 1214 1216 aeterna
1245 1161 1585 1214 damnatione
1614 1174 1711 1213 nos
1741 1160 1858 1228 (45)
1886 1160 2043 1230 eripi,
2083 1171 2138 1216 et

555 1251 606 1304 in
638 1252 930 1305 electorum
981 1260 1190 1304 tuorum
1245 1249 1437 1319 jubeas
1482 1262 1643 1319 grege
1690 1249 1984 1304 numerari.
2035 1249 2137 1306 Per

552 1340 821 1396 Christum
853 1341 1132 1395 Dominum
1165 1348 1428 1393 nostrum.

621 1431 791 1498 Quam
817 1431 1140 1486 oblationem
1173 1437 1250 1494 tu,
1303 1429 1462 1495 Deus,
1511 1429 1564 1483 in
1596 1427 1868 1493 omnibus,
1911 1442 2126 1497 quasu-

552 1536 690 1586 mus,
721 1521 834 1591 (46)
878 1521 1230 1587 benedictum,
1263 1517 1380 1591 (47)
1410 1520 1746 1589 ascriptum,.
1773 1519 1889 1590 (48)
1937 1528 2131 1590 ratam,

549 1611 669 1680 (49)
711 1611 1105 1678 rationabilem,
1137 1611 1627 1680 acceptabilcmque
1656 1608 1835 1665 facere
1873 1610 2129 1680 digneris,

2240 440 2499 502 quotquot
2524 448 2588 486 es
2621 433 2720 487 hac
2761 431 2944 486 altaris
2969 427 3376 501 participatione
3417 426 3823 479 sacrosanctum

2241 521 2361 576 Filii
2407 522 2480 576 tui
2511 521 2553 592 ει·
2600 536 2815 591 corpus,
2861 529 2919 576 et
2965 519 3008 590 -ι-
3050 519 3363 590 sanguinem
3411 510 3821 581 sumpserimus,

2237 614 2383 668 omni
2413 614 2783 669 benedictione
2809 613 3040 681 ctelesti,
3071 622 3127 668 et
3151 611 3320 683 gratia
3342 607 3670 678 repleamur.
3714 601 3821 657 Per

2235 701 2506 758 Christum
2540 703 2822 759 Dominum
2854 713 3120 759 nostrum.

2307 793 2428 864 (69)
2480 795 2648 862 Super
2701 796 2966 866 diptyclia.
3019 823 3090 834 —
3143 793 3260 862 (70)
3314 791 3584 846 Memento
3631 784 3818 848 etiam,

2238 883 2484 953 Domine,
2531 886 2850 941 famulorum
2881 883 3304 953 famularumque
3347 890 3556 935 tuarum
3585 876 3680 930 Ill.
3724 874 3820 944 qui

2237 989 2336 1030 nos
2365 987 2755 1044 praecesserunt
2780 992 2902 1031 cum
2947 977 3102 1044 signo
3127 973 3272 1040 lidei,
3309 973 3422 1041 (71)
3451 982 3506 1026 et
3541 967 3820 1024 dormiunt

2237 1065 2291 1122 in
2318 1080 2507 1120 somno
2534 1067 2699 1134 pacis.
2733 1066 2887 1136 Ipsis,
2921 1065 3166 1132 Domine,
3210 1073 3266 1120 ct
3317 1063 3430 1134 (72)
3481 1059 3727 1116 omnibus
3757 1058 3818 1113 in

2236 1159 2451 1217 Christo
2485 1160 2904 1232 quiescentibus,
2934 1160 3110 1216 locum
3154 1158 3436 1228 refrigerii,
3467 1156 3600 1211 lucis
3644 1163 3699 1210 et
3724 1167 3819 1224 pa-

2235 1253 2332 1318 cis,
2365 1261 2423 1308 ut
2449 1252 2742 1323 indulgeas,
2773 1251 3145 1320 deprecamur.
3180 1248 3205 1288 δ
3236 1249 3337 1304 Per
3357 1247 3627 1303 eumdem.

2303 1343 2466 1399 Nobis
2492 1357 2702 1414 quoque
2732 1342 3096 1411 peccatoribus
3126 1340 3336 1395 famulis
3377 1338 3478 1392 tuis
3506 1336 3576 1391 de
3622 1332 3805 1388 multi-

2235 1433 2420 1489 tudine
2463 1430 2865 1489 miserationum
2919 1441 3129 1486 tuarum
3177 1428 3538 1499 sperantibus,
3603 1434 3815 1496 partem

2234 1526 2466 1595 aliquam
2511 1534 2568 1581 et
2610 1526 2920 1581 societatem
2973 1526 3175 1579 donare
3221 1522 3480 1593 digneris,
3528 1533 3653 1574 cum
3712 1516 3820 1571 tuis

2233 1622 2433 1676 sanctis
2476 1618 2754 1690 apostolis,
2789 1626 2844 1674 et
2895 1617 3239 1689 martyribus,
3285 1614 3403 1685 (73)
3433 1627 3554 1670 cum
3586 1609 3818 1674 Joanne,

551 1710 607 1754 ut
656 1701 807 1756 nobis
834 1701 1094 1773 cori-pus,
1123 1709 1177 1756 et
1200 1699 1456 1771 sani-guis
1504 1702 1597 1754 llat
1644 1699 1979 1756 dilectissimi
2031 1699 2130 1755 lilii
2162 1703 2207 1764 Β
2233 1713 2346 1785 (η)
2375 1711 2669 1783 Sambana,
2703 1709 2942 1773 Matthia,
2975 1709 3239 1774 Barnaba,
3273 1705 3502 1777 lgnatio,
3546 1701 3661 1773 (75)
3695 1701 3818 1756 Ale-

549 1793 622 1846 tui
649 1791 858 1848 Domini
892 1793 985 1847 Dei
1014 1791 1181 1848 nostri
1218 1791 1350 1848 Jesu
1381 1790 1603 1846 Christi.

620 1882 737 1951 (56)
778 1883 897 1949 Qui,
931 1881 1102 1951 pridie
1130 1896 1289 1951 quam
1322 1889 1616 1950 pateretur,
1647 1878 1764 1950 (51)
1789 1880 1996 1950 accepit
2031 1894 2132 1949 pa-

547 1989 670 2029 nem
702 1975 754 2029 in
785 1984 1001 2029 sanctas
1054 1989 1118 2030 ac
1175 1973 1510 2028 venerabiles
1567 1987 1758 2027 manus
1804 1986 1953 2038 suas,
2011 1972 2127 2044 (52)

544 2065 766 2119 elevatis
791 2065 960 2119 oculis
989 2064 1042 2119 in
1089 2065 1287 2119 caelum
1316 2063 1382 2117 ad
1412 2073 1463 2118 te
1495 2063 1662 2118 Deum
1715 2063 1925 2118 Patrem
1971 2077 2128 2118 suum

542 2155 982 2222 omnipotentem,
1025 2154 1117 2207 tibi
1149 2152 1344 2223 gratias
1390 2167 1575 2223 agens,
1627 2152 1968 2222 bene-(dixit,
2017 2152 2128 2208 fre-

541 2246 638 2313 git,
682 2242 795 2314 (55)
839 2244 987 2299 dedit
1012 2244 1284 2313 discipulis
1328 2246 1465 2310 suis,
1498 2244 1724 2300 dicens:
1757 2246 2019 2313 Accipite,
2070 2253 2127 2300 et

541 2340 859 2397 manducate
903 2340 1022 2410 (51)
1053 2357 1123 2396 es
1157 2341 1260 2396 hoc
1284 2355 1474 2396 omnes
1505 2357 1520 2394 :
1550 2339 1664 2412 (55)
1716 2340 1830 2395 lloc
1878 2355 1973 2395 εει·
2003 2356 2130 2397 sunt

541 2447 741 2486 COIPUS
769 2448 936 2486 IEUM.

612 2523 781 2578 Simili
809 2524 984 2586 modo,
1017 2532 1199 2591 postea
1223 2539 1382 2595 quam
1409 2534 1682 2581 comatum
1733 2535 1836 2595 est,
1861 2527 2130 2595 accipiens

540 2626 595 2670 et
624 2617 737 2686 (56)
768 2616 909 2672 hunc
961 2617 1074 2687 (57)
1101 2619 1414 2687 przeclarum
1446 2618 1667 2672 calicem
1714 2619 1769 2672 in
1821 2631 2034 2674 sanctas
2063 2634 2127 2675 ac

543 2710 876 2766 venerabiles
926 2727 1114 2766 manus
1171 2727 1315 2774 suus,
1370 2714 1496 2766 item
1547 2713 1640 2768 tibi
1691 2716 1890 2784 gratias
1937 2731 2123 2784 agens,

539 2798 874 2870 bend-dixit,
903 2801 1016 2871 (53)
1041 2801 1186 2856 dedit
1209 2803 1487 2870 discipulis
1512 2803 1646 2870 suis,
1689 2805 1876 2859 dicens
1912 2823 1926 2859 :
1967 2807 2126 2861 Acci-

541 2887 667 2955 pite,
694 2897 748 2940 et
779 2889 942 2943 bibite
965 2905 1030 2943 es
1058 2905 1122 2942 eo
1148 2905 1331 2944 omnes
1358 2907 1373 2946 :
1397 2890 1511 2960 (5))
1554 2891 1649 2946 Htc
1681 2906 1776 2946 ssv
1809 2910 1935 2948 ENII
1957 2911 2116 2949 caus

539 2989 810 3030 SANCUINIS
833 2992 946 3041 ιιι-ιι,
981 2992 1102 3032 non
1146 2994 1214 3032 ετ
1241 2995 1452 3034 λεγειιμι
1496 2997 1852 3046 τεετλιιεκτι,
1885 2983 1998 3054 (60)
2030 3000 2129 3038 uv-

2233 1807 2460 1871 sandro,
2516 1803 2846 1868 Marcellino,
2907 1802 3093 1866 Petro,
3160 1799 3457 1862 Felicitate,
3529 1795 3817 1865 Perpetua,

2232 1896 2348 1966 (76)
2378 1896 2603 1966 Agathe,
2636 1904 2660 1934 ε
2687 1894 2872 1959 Lucia,
2902 1893 3016 1964 (77)
3049 1894 3220 1962 Agne,
3249 1888 3479 1950 Caecilia,
3511 1885 3819 1950 Anastasis,

2233 1989 2352 2060 (78)
2382 1986 2409 2024 ά
2435 1995 2490 2044 et
2539 2002 2660 2049 cum
2711 1986 2957 2042 omnibus
2995 1984 3195 2040 sanctis
3237 1980 3362 2047 tuis,
3417 1980 3556 2035 intra
3588 1990 3816 2046 quorum

2234 2093 2331 2133 nos
2368 2080 2714 2141 consortium,
2746 2091 2852 2132 non
2883 2074 3175 2130 aestimator
3207 2071 3322 2144 (79)
3372 2068 3568 2132 meriti,
3601 2066 3696 2122 sed
3724 2082 3816 2121 ve-

2235 2171 2357 2235 niat,
2387 2181 2716 2238 quaesumus,
2748 2166 2968 2236 largitor
2995 2163 3238 2218 admitte.
3269 2163 3368 2217 Per
3393 2157 3663 2214 Christum
3708 2155 3815 2211 Do-

2233 2263 2438 2317 minum
2480 2269 2745 2314 nostrum.

2307 2351 2411 2405 Per
2440 2365 2596 2420 quem
2628 2348 2742 2402 haec
2775 2346 2890 2418 (80)
2921 2345 3120 2409 omnia,
3154 2341 3401 2406 Domine,
3434 2352 3649 2406 semper
3671 2337 3811 2390 bona

2229 2455 2401 2504 creas,
2437 2438 2553 2509 (81)
2591 2437 2965 2508 sancti-l-llcas,
2999 2434 3113 2506 (8'2)
3143 2432 3446 2503 vivi-flicas,
3477 2427 3810 2498 bene-(dicis,

2229 2541 2283 2586 et
2312 2541 2532 2601 preslas
2555 2530 2726 2584 nobis.
2755 2530 2854 2584 Per
2886 2538 2910 2565 ε
2943 2526 3173 2598 ἱρσι-ειιηι,
3203 2534 3259 2581 et
3282 2540 3404 2580 cum
3426 2524 3473 2594 ἀι·
3499 2523 3637 2592 ipso,
3672 2530 3726 2576 et
3755 2520 3810 2576 in

2228 2623 2430 2692 fipso,
2463 2633 2544 2677 est
2595 2621 2686 2675 tibi
2741 2620 2851 2676 Deo
2898 2619 3047 2675 Patri
3100 2618 3454 2688 omnipotenti
3501 2618 3555 2672 in
3610 2617 3818 2672 unitate

2227 2711 2454 2781 Spiritus
2481 2709 2671 2777 sancti,
2704 2710 2879 2766 omnis
2905 2711 3075 2765 honor
3101 2717 3156 2765 et
3190 2708 3381 2779 gloria.

2301 2802 2404 2858 Per
2423 2805 2598 2857 omnia
2629 2804 2823 2857 saecula
2853 2802 3195 2857 saeculorum.
3231 2803 3422 2855 Amen.

2302 2892 2540 2945 Oremus.
2568 2921 2639 2933 --
2666 2891 2784 2962 (83)
2835 2891 3122 2961 Praeceptis
3167 2889 3490 2946 salutaribus
3519 2887 3729 2956 moniti,
3761 2894 3819 2944 et

2229 2983 2410 3039 divina
2435 2984 2770 3040 institutione
2799 2983 3041 3051 formati,
3066 2984 3324 3039 audemus
3352 2983 3532 3036 dicere
3557 3000 3572 3035 :

540 3081 768 3120 srenruu
797 3083 956 3131 stum,
999 3083 1086 3131 om
1109 3084 1208 3122 nuo
1234 3084 1380 3122 vosts
1411 3085 1478 3124 ετ
1504 3085 1604 3124 eno
1631 3087 1820 3126 MULTIS
1847 3089 2118 3129 essuuns-
2145 3061 2192 3123 C
2297 3074 2415 3145 (84)
2457 3075 2612 3130 Pater
2640 3083 2842 3143 noster,
2888 3075 2978 3145 qui
3026 3088 3087 3132 es
3136 3076 3190 3129 in
3231 3075 3405 3140 cmlis,
3435 3073 3818 3130 Sanctificetur

540 3172 644 3210 τυιι
677 3173 726 3210 ΙΝ
757 3173 1100 3213 REMISSIONEI
1133 3175 1499 3215 PECCATOHUI.

619 3247 740 3302 Ilmc
763 3248 1184 3321 quotiescunque
1239 3252 1492 3322 feceritis,
1548 3253 1600 3309 iu
1656 3255 1760 3310 mei
1810 3257 2124 3312 memoriam

540 3338 766 3398 facielis.

612 3437 730 3505 (61)
773 3437 921 3492 Unde
950 3446 1004 3493 et
1031 3451 1300 3492 memores
1345 3450 1554 3504 sumus,
1604 3437 1850 3505 Domine,
1901 3455 2001 3495 nos
2049 3441 2125 3495 ttti

538 3529 701 3592 servi,
729 3527 822 3582 sed
871 3537 927 3583 ct
954 3527 1102 3596 plebs
1134 3537 1221 3582 tua
1258 3536 1464 3595 sancta,
1510 3528 1711 3583 Christi
1759 3529 1881 3584 Filii
1925 3530 2000 3585 tui
2034 3529 2126 3585 Dei

539 3620 730 3684 nostri,
762 3628 868 3674 tam
903 3619 1072 3673 beatae
1122 3619 1408 3688 passionis,
1457 3633 1666 3673 necnon
1713 3626 1771 3674 et
1820 3620 1891 3674 ab
1941 3620 2127 3676 inferis

540 3711 971 3777 resurrectionis,
1001 3709 1094 3765 sed
1124 3719 1178 3764 et
1201 3711 1254 3764 in
1285 3713 1454 3766 ctelos
1483 3711 1730 3781 gloriosa:
1767 3714 2124 3770 ascensionis.

535 3801 821 3856 Offerimtts
867 3801 1134 3870 praeclara:
1175 3800 1440 3871 Majostati
1489 3810 1594 3857 tua:
1640 3803 1759 3872 (69.)
1805 3803 1874 3859 de
1902 3804 2004 3859 tuis
2028 3805 2126 3861 do-

541 3894 650 3960 nis,
684 3909 746 3947 ac
766 3893 928 3957 datis,
964 3892 1080 3964 (65)
1096 3894 1331 3948 Hostiam
1359 3893 1610 3965 τρωθείη,
1635 3894 1871 3950 Hostiam
1893 3895 2001 3967 4-1-
2015 3911 2130 3953 san-

537 3994 705 4052 ctam,
753 3985 991 4040 Hostiam
1021 3985 1062 4056 -ι-
1090 3985 1206 4056 (64)
1238 3987 1659 4051 immaculatam,
1705 3985 1901 4042 Panem
1930 3986 1973 4059 1-
1996 4002 2126 4044 san-

535 4083 681 4130 ctum
705 4076 826 4130 vitte
851 4084 1087 4140 internae,
1121 4085 1176 4130 et
1202 4076 1425 4131 calicem
1455 4077 1496 4147 οξ-
1529 4076 1722 4131 salutis
1752 4087 2049 4147 perpetuas.

605 4167 776 4235 Supra
809 4181 928 4235 qua!
960 4165 1186 4235 propitio
1223 4181 1285 4220 ac
1314 4180 1512 4221 sereno
1551 4167 1702 4221 vultu
1745 4167 2015 4236 respicere
2041 4165 2124 4223 di-

536 4257 739 4326 gneris,
772 4264 825 4311 et
845 4265 1062 4326 accepta
1093 4256 1310 4322 habere,
1349 4257 1464 4326 (63)
1492 4256 1645 4314 sicuti
1673 4267 1891 4327 accepta
1925 4257 2126 4314 habere

542 4345 789 4415 dignatus
815 4361 874 4400 cs
901 4362 1123 4401 munera
1148 4348 1294 4412 pueri
1325 4349 1398 4402 tui
1441 4347 1570 4414 justi
1621 4346 1775 4413 Abel,
1821 4355 1876 4401 et
1918 4347 2123 4401 sacrifi-

2230 3181 2424 3221 nomeu
2454 3174 2626 3230 tuum,
2658 3164 2922 3221 Adveniat
2951 3180 3173 3234 regnum
3205 3174 3379 3220 tuum.
3413 3163 3529 3220 Fiat
3562 3164 3815 3218 voluntas

2229 3266 2316 3311 tua
2338 3257 2475 3312 sicut
2495 3255 2548 3313 in
2577 3256 2735 3320 caelo,
2759 3265 2813 3311 et
2855 3255 2906 3310 in
2940 3265 3100 3309 terra.
3135 3254 3333 3311 Panem
3365 3264 3604 3309 nostrum
3630 3253 3784 3322 quoti
3804 3281 3817 3292 -

2233 3347 2448 3403 diauum
2477 3347 2543 3402 da
2568 3347 2722 3402 nobis
2753 3346 2932 3401 hodie.
2978 3346 3044 3400 Et
3085 3345 3293 3400 dimitte
3323 3344 3476 3399 nobis
3505 3344 3680 3398 debita
3707 3358 3815 3396 no-

2228 3448 2362 3505 stra,
2391 3438 2528 3493 sicut
2555 3447 2610 3492 et
2638 3451 2740 3492 nos
2764 3437 3088 3492 dimittimus
3113 3435 3448 3490 debitoribus
3484 3432 3698 3488 nostris.
3743 3431 3819 3486 Et

2230 3545 2298 3586 ne
2341 3545 2440 3586 nos
2480 3530 2702 3586 inducas
2724 3530 2776 3584 in
2807 3529 3176 3584 tentationem.
3219 3527 3256 3596 ἡ
3313 3526 3419 3583 Sed
3461 3525 3622 3581 libera
3652 3539 3753 3580 nos
3783 3539 3820 3579 a

2229 3622 2390 3678 malo.

2302 3715 2491 3770 Libera
2527 3729 2648 3781 nos,
2679 3727 3004 3786 quaesumus,
3031 3712 3278 3782 Domine,
3317 3712 3388 3769 ab
3415 3711 3662 3770 omnibus
3690 3725 3820 3767 mae

2229 3806 2318 3872 lis,
2366 3805 2668 3876 praeteritis,
2703 3804 3077 3873 praesentibus,
3109 3813 3164 3859 et
3209 3804 3423 3870 futuris,
3475 3813 3530 3858 et
3574 3803 3823 3858 interce-

2229 3896 2390 3951 dente
2417 3895 2572 3951 beata
2601 3903 2657 3950 et
2684 3894 2917 3965 gloriosa
2944 3909 3159 3962 semper
3187 3895 3387 3964 virgine
3419 3893 3508 3948 Dei
3544 3893 3820 3962 genitrice

2230 3985 2419 4055 Maria,
2442 3995 2498 4042 et
2530 3985 2644 4056 (85)
2675 3985 2846 4041 beatis
2873 3985 3132 4055 apostolis
3159 3985 3287 4048 tuis,
3317 3982 3505 4050 Petro,
3534 3993 3589 4038 et
3615 3983 3815 4050 Paulo,

2227 4086 2389 4149 atque
2429 4075 2545 4148 (86)
2591 4075 2822 4141 Andrea,
2855 4089 3064 4131 necnon
3097 4084 3154 4131 et
3179 4076 3336 4131 beato
3366 4074 3484 4147 (87)
3533 4073 3817 4141 Stephano

2228 4177 2616 4238 protomartyre
2661 4175 2776 4234 tuo,
2827 4166 2846 4205 ι
2879 4174 2934 4222 et
2984 4166 3231 4221 omnibus
3260 4164 3494 4230 sanctis,
3527 4163 3599 4218 da
3627 4165 3817 4233 propi-

2228 4258 2333 4313 tius
2362 4272 2546 4328 pacem
2575 4256 2767 4312 diebus
2809 4259 3027 4324 nostris,
3059 4265 3137 4323 ut,
3165 4270 3268 4322 ope
3290 4253 3670 4310 misericordia:
3700 4263 3815 4310 tua:

2225 4350 2414 4419 adjuti,
2436 4358 2491 4404 et
2517 4364 2548 4404 a
2579 4359 2802 4420 peccato
2847 4349 3013 4403 simus
3038 4363 3250 4416 semper
3281 4346 3452 4414 liberi,
3486 4354 3540 4402 et
3569 4344 3638 4399 ab
3658 4347 3813 4403 omni

537 4439 679 4493 cium
709 4437 1023 4506 patriarcha:
1052 4438 1218 4491 nostri
1267 4437 1518 4499 Abruhtn,
1544 4446 1598 4492 et
1630 4439 1770 4506 quod
1802 4439 1896 4493 tibi
1924 4438 2120 4493 obtulit
2148 4429 2196 4490 D
2223 4441 2624 4513 perturbatione
2647 4441 2847 4496 securi.
2881 4440 2982 4495 Per
3009 4440 3313 4494 Dominum.

539 4526 656 4599 (66)
683 4541 922 4581 summus
953 4526 1200 4580 sacerdos
1231 4535 1351 4581 tuus
1393 4526 1782 4582 Melchisedech
1814 4535 1841 4565 ι
1870 4537 2118 4586 sanctum

537 4615 881 4680 sacrificium,
905 4614 1293 4670 immaculatam
1327 4615 1588 4670 Hostiam.

608 4707 889 4777 Supplices
915 4715 966 4762 te
995 4721 1266 4777 rogamus,
1300 4708 1638 4777 omnipotens
1662 4706 1825 4772 Deus,
1850 4706 1967 4778 (67)
1989 4705 2117 4776 juhe

539 4797 654 4854 hac
682 4797 908 4868 perferri
939 4813 1036 4867 per
1079 4811 1269 4852 manus
1313 4798 1487 4868 angeli
1536 4798 1610 4852 tui
1659 4796 1711 4852 iu
1740 4797 1856 4868 (68)
1887 4795 2116 4852 sublime

608 4960 635 4990 ι
677 4950 755 5006 Ex
788 4953 879 5007 lib.
915 4950 1180 5016 Pontific.,
1215 4951 1266 5006 in
1315 4949 1432 5006 Vita
1480 4951 1648 5008 sancti
1695 4950 1890 5006 Leonis
1923 4951 1964 5017 I,
1995 4966 2117 5021 qua

538 5032 669 5076 tom.
701 5022 764 5077 Ill
793 5023 996 5077 Coucil.
1035 5023 1307 5087 inseritur,
1341 5023 1446 5076 col.
1482 5022 1618 5078 1296
1656 5033 1708 5076 et
1731 5037 1870 5091 seq.,
1900 5033 2117 5077 sanctus

538 5093 648 5149 Leo
676 5095 935 5146 constituit
989 5103 1044 5146 ut
1090 5096 1224 5147 intra
1265 5093 1514 5146 actionem
1556 5093 1793 5160 sacriﬁcii
1846 5093 2115 5158 diceretur,

539 5173 768 5217 sanctum
801 5165 1134 5230 sacriﬁcium,
1167 5166 1543 5216 immaculatum
1575 5162 1833 5217 Hostiam.

605 5230 632 5267 δ
674 5234 728 5288 In
769 5233 901 5289 Cod.
947 5235 1147 5290 l’atnel.
1188 5245 1240 5290 ct
1271 5232 1484 5303 Reginae
1515 5234 1700 5300 Suec.,
1731 5248 1820 5303 per
1849 5230 2110 5288 Christum

537 5301 690 5356 Dom.
721 5317 854 5356 nost.

625 5319 690 5354 m.
721 5317 854 5359 nost.

609 5383 637 5446 ἦ
676 5373 899 5446 Pamph
935 5375 1157 5446 Agatho,
1183 5385 1239 5430 ut
1264 5377 1314 5430 itt
1347 5375 1468 5430 aliis
1499 5375 1684 5431 Edilis.

613 5441 638 5478 δ
681 5443 735 5496 In
786 5441 1000 5498 Comet.
1049 5446 1135 5498 hic
1191 5446 1494 5502 inseruntur
1543 5447 1759 5502 nomina
1812 5452 2113 5500 sanctarum

539 5511 932 5582 Etheldrytha:
956 5526 1006 5568 et
1033 5514 1328 5570 Gertrudis.

540 5581 879 5712 su:cCﬂlCCI
908 5583 995 5639 hic
1017 5585 1236 5654 signata:
1284 5601 1391 5644 non
1434 5586 1679 5645 videntur
1723 5587 1776 5646 in
1804 5585 1939 5643 Cod.
1983 5586 2113 5656 Reg.

584 5665 699 5710 “CC.

2299 4532 2350 4602 5
2391 4532 2499 4587 Pas
2527 4532 2733 4586 Domini
2759 4532 2828 4587 sit
2853 4544 3067 4600 semper
3094 4530 3391 4585 vobiscum.
3440 4529 3512 4599 ἢ.
3564 4530 3630 4584 Et
3671 4543 3806 4585 cum

2223 4621 2421 4692 Spiritu
2453 4631 2566 4680 tuo.

2297 4713 2436 4840 1’88)5
2455 4717 2633 4784 Agnus
2667 4712 2758 4770 Dei
2784 4713 2872 4784 qui
2905 4713 3045 4768 tollis
3063 4721 3277 4783 peccata
3309 4711 3513 4778 mundi,
3547 4711 3814 4769 miserere

2337 4800 2380 4840 ts
2400 4828 2413 4840 .
2443 4824 2457 4838 .

2223 4799 2380 4840 [10015
2400 4799 2457 4843 εδ.

2293 4947 2316 4988 ⁸
2356 4949 2410 5005 In
2433 4949 2568 5005 Cod.
2620 4949 2751 5020 Reg.
2809 4947 2972 5006 Suec.
3023 4945 3277 5020 additur:
3313 4945 3527 5000 Necnon
3572 4955 3627 5020 ct_
3659 4945 3811 5020 beato

2219 5019 2470 5092 Dionysio
2511 5016 2737 5092 mut-lyre
2763 5031 2847 5073 tuo
2877 5029 3028 5086 atque
3056 5018 3297 5092 pontiﬁce
3341 5033 3456 5092 cum
3502 5016 3652 5092 sociis
3695 5017 3812 5070 suis

2219 5087 2429 5146 Rustico
2455 5098 2503 5145 et
2536 5087 2850 5156 Eleutherio,
2882 5099 2927 5144 et
2957 5092 3101 5142 beato
3149 5087 3433 5140 Clodottfdo
3461 5089 3680 5153 confess.
3734 5098 3808 5151 1.,

2219 5173 2268 5216 et
2299 5163 2550 5228 omnibus,
2590 5170 2693 5215 etc.
2750 5162 2802 5214 In
2839 5159 3039 5214 Pamel.
3070 5157 3202 5211 Cod.
3250 5173 3364 5209 cum
3412 5155 3812 5228 bealoCyriaco

2220 5231 2378 5285 Mart.
2405 5240 2445 5284 t.
2477 5225 2726 5284 et’sancto
2754 5229 2975 5284 Μαινιὲηο
3019 5231 3239 5295 confess.
3298 5237 3336 5279 t.
3387 5241 3507 5295 qua:
3557 5225 3612 5278 in
3662 5226 3806 5280 Cod.

2221 5301 2353 5368 lleg.
2385 5303 2542 5354 Suec.
2591 5301 2985 5354 desiderantur.
3020 5299 3074 5352 In
3104 5295 3138 5349 2
3168 5296 3452 5368 Tltcoder.
3488 5295 3808 5368 inseruntur

2221 5364 2326 5425 hic'
2356 5372 2567 5437 nomina
2595 5383 2900 5425 sanctorum
2954 5367 3212 5434 Quintini,
3264 5366 3480 5432 Nicasii,
3533 5364 3806 5434 Gregorii,

2220 5441 2453 5495 Medardi
2484 5449 2540 5495 et
2565 5439 2745 5509 Eligii.

2293 5519 2318 5556 8
2343 5511 2468 5565 Post
2497 5503 2676 5578 Agnus
2702 5511 2753 5564 itt
2785 5511 2809 5564 1
2840 5509 3048 5578 Theod.
3075 5518 3370 5577 sequuntur
3393 5523 3483 5562 sex
3512 5503 3807 5578 orationes

2221 5595 2288 5636 es
2320 5581 2511 5648 quibus
2542 5575 2777 5634 secunda
2799 5591 2878 5636 est
2903 5595 2917 5632 :
2949 5575 3164 5632 Domine
3185 5579 3242 5634 Ι.
3269 5578 3328 5632 C.
3354 5579 3441 5645 qui
3467 5575 3643 5648 dixisti
3665 5590 3806 5648 apo-

2223 5644 2366 5707 stolt‘s
2394 5652 2514 5721 tuis,
2547 5667 2722 5723 pacem
2747 5652 2977 5721 relinquo
3002 5649 3163 5719 vobis,
3209 5661 3340 5720 etc,
3369 5644 3498 5726 qua
3523 5644 3716 5717 legitur
3742 5644 3804 5700 in
