4026 6302
240 273 315 327 29

318 397 347 426 ⁸
385 401 434 443 Ιί
475 399 713 440 ιιιεεω.
766 401 1030 443 JANUARII.
1071 417 1138 427 —
1177 403 1228 443 IN

952 494 1152 533 DOIINI.

327 568 412 623 Ad
435 566 546 637 (89)
575 563 808 618 Nattam.
835 595 910 608 -—
939 566 1054 635 (90)
1087 567 1245 630 Deus,
1268 568 1354 637 qui
1379 582 1475 622 nos
1497 568 1836 638 Redemptio-

252 663 354 716 nis
391 670 571 714 nostra:
594 669 773 710 suntut
797 656 1194 724 exspectatione
1215 657 1472 724 hctiiicas,
1504 658 1613 729 (9|)
1639 669 1834 727 prresta

256 762 322 806 ut
354 748 681 818 Unigenitum
711 755 864 799 tuum
896 760 1054 814 quem
1085 745 1496 816 Redemptorem
1529 747 1636 800 laeti
1661 762 1835 801 susce-

255 840 452 911 pimus,
483 830 786 890 venientem
828 848 1040 902 quoque
1064 832 1297 901 judicetn
1348 835 1522 890 securi
1563 833 1834 890 videamus

253 929 540 983 Dominum
585 935 848 991 nostrum,
895 923 1077 978 Jesum
1106 925 1400 993 Christum,
1443 926 1630 981 Filium
1661 936 1831 991 tuum,

245 1019 368 1089 (9'2)
394 1018 490 1088 qui
518 1027 688 1071 tecum
719 1016 846 1069 vivit
872 1024 927 1070 et
955 1025 1138 1085 regnat
1192 1016 1329 1071 Deus
1368 1018 1418 1072 in
1463 1019 1665 1074 unitate
1709 1018 1833 1088 Spi-

247 1108 397 1165 ritus
439 1107 608 1162 sancti
637 1104 753 1174 (93)
784 1118 881 1173 per
906 1104 1080 1158 omnia
1105 1105 1296 1159 saecula
1325 1106 1661 1160 saeculorum.

333 1198 457 1270 (95)
487 1199 644 1268 Super
667 1199 860 1252 oblata.
883 1227 955 1237 —
981 1199 1053 1251 Da
1077 1198 1252 1262 nobis,
1297 1214 1621 1268 quaisumus,
1656 1201 1832 1255 omni-

251 1300 454 1360 potens
501 1290 655 1354 Deus,
699 1299 777 1353 ut,
832 1290 971 1342 sicut
1016 1289 1284 1344 adoranda
1333 1290 1454 1344 Filii
1503 1292 1575 1345 tui
1624 1291 1830 1348 Natalia

252 1381 636 1449 pravenimus,
689 1380 770 1434 sic
812 1379 929 1449 ejus
963 1394 1181 1434 munera
1210 1381 1480 1450 capiamus
1508 1387 1831 1453 sempiterna

246 1469 570 1538 gaudentes.
597 1468 698 1522 Per
717 1468 984 1522 eutndem.

327 1560 448 1629 (95)
494 1559 740 1628 Pra'fatio
770 1557 821 1611 ιι.
861 1587 933 1598 -
967 1559 1100 1615 Vere
1137 1559 1354 1628 dignum
1402 1570 1456 1617 et
1494 1562 1692 1632 justum
1724 1575 1830 1632 est,

251 1667 466 1720 :rquuut
497 1659 552 1704 et
581 1650 833 1716 salutare,
865 1664 961 1705 nos
991 1651 1080 1706 tibi
1109 1667 1320 1721 semper
1341 1662 1395 1708 et
1417 1654 1609 1725 ubique
1634 1656 1830 1726 gratias

1279 401 1476 444 VIGILIA
1526 406 1751 446 κΑτΑιιε

249 1757 432 1811 agere,
488 1741 715 1796 Domine
767 1753 968 1804 sancte,
1027 1741 1185 1796 Pater
1231 1745 1590 1812 omnipotens,
1634 1756 1832 1802 mterne
1863 1734 1910 1794 Β

259 1829 425 1883 Deus.
452 1830 554 1884 Per
581 1829 852 1883 Christum
883 1830 1157 1884 Dominum
1190 1840 1428 1886 nostrum
1461 1851 1474 1885 :
1501 1833 1652 1902 cujus
1674 1835 1831 1891 hodie

251 1918 450 1974 faciem
480 1919 534 1972 in
564 1918 900 1972 confessione
925 1921 1302 1988 praevenimus,
1344 1930 1400 1976 et
1440 1937 1570 1976 voce
1607 1925 1830 1992 supplici

251 2025 571 2073 exoramus,
596 2017 1065 2079 utsupervcnturae
1087 2013 1259 2067 noctis
1281 2012 1472 2068 officiis
1501 2028 1598 2068 nos
1621 2014 1688 2068 ita
1714 2030 1833 2082 per-

254 2101 451 2169 vigiles
499 2100 701 2165 reddat,
753 2107 812 2153 ut
845 2100 1070 2156 sinceris
1111 2103 1374 2157 mentibus
1403 2105 1517 2172 ejus
1557 2107 1833 2176 percipere

254 2205 564 2244 mereamur
589 2189 769 2244 Natale
799 2200 1100 2257 venturum,
1126 2192 1178 2246 in
1200 2209 1305 2262 quo
1327 2194 1604 2249 invisibilis
1619 2212 1683 2250 ex
1707 2199 1834 2253 sub-

256 2283 460 2332 stantia
485 2289 568 2333 tua
597 2280 812 2334 visibilis
844 2295 936 2348 per
961 2294 1174 2335 carnem
1219 2285 1463 2351 apparuit
1501 2284 1554 2338 in
1603 2294 1780 2340 nostra
1813 2328 1828 2353 ,

257 2379 545 2437 ιεςυηιᾳιιθ
573 2385 708 2424 unus
758 2385 861 2423 non
905 2380 1146 2439 tempore
1190 2374 1422 2441 genitus,
1481 2390 1585 2428 non
1645 2385 1830 2431 natura

255 2461 480 2514 inferior
512 2499 528 2523 ,
592 2460 659 2513 ad
713 2475 815 2515 nos
869 2461 1015 2516 venit
1061 2477 1124 2516 ex
1193 2471 1431 2534 tempore
1485 2475 1658 2522 natus.
1734 2466 1836 2523 Per

261 2565 446 2620 quem,
475 2557 584 2604 etc.

330 2639 444 2710 (96)
470 2640 552 2692 Ad
572 2639 940 2704 Comileudum
969 2649 1017 2693 ο.
1041 2670 1110 2679 -
1131 2639 1204 2694 Da
1224 2642 1395 2705 nobis,
1419 2643 1663 2714 Domine,
1687 2660 1835 2715 quat-

257 2744 465 2795 surnus,
500 2728 765 2799 Unigeniti
796 2729 912 2783 Filii
942 2730 1013 2783 tui
1054 2732 1316 2787 recensita
1347 2733 1628 2790 Nativitate
1664 2737 1835 2806 respi-

258 2835 401 2884 rare,
453 2822 607 2888 cujus
646 2822 850 2874 cmlesti
895 2823 1146 2891 mysterio
1187 2824 1453 2893 pascimur
1493 2834 1549 2881 et
1593 2836 1838 2895 potamur

260 2911 405 2978 (9?).
439 2911 538 2963 [’er
563 2911 830 2974 eumdem,
854 2921 959 2964 etc.

334 3004 416 3055 Ad
455 3001 720 3070 i’esperas.
755 3031 819 3042 —
854 3001 1072 3070 Przcsta,
1105 3006 1408 3062 misericors
1454 3007 1618 3077 Deus,
1667 3020 1724 3067 ut
1769 3014 1837 3070 ad

1460 275 1662 333 LIBER
1701 272 2334 334 εΑοιιΑιιεΝτοιιυΜ.

3433 294 3507 351 30

1863 389 1916 448 Α
2010 388 2280 460 Prtefatio.
2310 419 2379 431 —-
2406 391 2539 447 Vere
2564 392 2781 466 dignum
2817 405 2869 452 et
2891 396 3092 468 justum
3147 411 3250 471 est,
3294 420 3504 475 :equum

1936 486 1991 532 et
2019 479 2272 548 salutare,
2316 495 2413 536 nos
2451 482 2543 539 tibi
2568 499 2780 553 semper
2807 497 2860 543 et
2885 489 3080 560 ubique
3105 495 3302 562 gratias
3325 511 3503 566 agere,

1937 570 2160 628 Domine
2212 585 2417 639 sancte,
2466 576 2620 633 Pater
2673 582 3030 652 omnipotens,
3085 598 3288 644 aeterne
3343 592 3506 660 Deus,

1938 659 2095 748 :Pcr
2139 660 2408 718 Christum
2458 665 2736 723 Dominum
2787 683 3048 731 nostrum.
3101 676 3264 748 Cujus
3307 659 3502 738 divinai

1935 744 2237 803 Nativitatis
2261 753 2548 819 potentiam
2572 755 2801 826 ingenita
2825 760 3036 818 virtutis
3057 773 3160 819 tua:
3179 744 3370 837 genuit
3391 786 3507 825 ma-

1933 838 2175 904 gnitudo.
2225 840 2392 906 Quem
2442 858 2653 913 semper
2701 847 2893 905 Filium
2924 893 2941 918 ,
2990 864 3045 910 et
3087 867 3210 912 ante
3265 866 3502 930 tempora

1935 933 2136 980 {eterna
2177 929 2458 997 genitum,
2524 937 2644 1003 quia
2684 937 2775 991 tibi
2833 942 2990 1006 pleno
3045 954 3204 1015 atque
3266 929 3502 1015 perfecto

1933 1017 2120 1072 aeterni
2150 1016 2322 1074 Patris
2345 1035 2541 1076 nomen
2573 1039 2676 1079 non
2707 1027 2894 1094 defuit,
2929 1035 3302 1104 praedicamus,
3322 1048 3378 1094 et
3405 1040 3503 1094 ho-

1933 1119 2087 1174 nore,
2117 1107 2394 1177 majestate
2421 1121 2580 1181 atque
2609 1116 2800 1172 virtute
2821 1124 3075 1187 aequalem
3109 1127 3198 1182 tibi
3221 1144 3340 1184 cum
3375 1130 3505 1200 Spi-
3567 1187 3571 1192 .

1932 1198 2036 1250 ritu
2084 1209 2272 1253 sancto
2311 1202 2647 1270 confitemur,
2703 1216 2756 1260 et
2797 1209 2910 1278 (99)
2959 1212 3010 1266 in
3060 1217 3199 1271 trino
3246 1198 3505 1279 vocabulo

1934 1284 2143 1341 unicam
2189 1290 2456 1346 credimus
2503 1292 2853 1362 Majestatem.
2884 1298 2950 1353 Et
2977 1302 3096 1357 ideo
3125 1320 3244 1360 cum
3272 1312 3500 1378 angelis,

1932 1386 1988 1431 et
2004 1378 2359 1449 archangelis,
2381 1397 2500 1438 cum
2525 1384 2750 1454 thronis,
2781 1398 2835 1443 et
2858 1389 3324 1464 dominationibus,
3347 1413 3499 1454 cum-

1931 1482 2035 1537 que
2063 1472 2206 1525 omni
2237 1472 2419 1529 militia
2443 1476 2672 1532 cmlestis
2706 1480 2996 1548 exercitus,
3031 1484 3280 1543 hvtnnum
3308 1489 3494 1557 gloriae

1933 1570 2036 1614 tute
2063 1563 2303 1620 canimus
2327 1566 2444 1621 sine
2468 1569 2571 1623 line
2597 1568 2866 1626 dicentes:

2005 1651 2080 1707 Te
2119 1654 2296 1722 igitur,
2326 1657 2737 1717 clementissime
2760 1663 2935 1732 Pater,
2963 1675 3069 1722 etc.

2008 1740 2157 1811 (100)
2189 1741 2499 1802 Benedictio.
2522 1751 2958 1819 --Omnipotens
2986 1757 3145 1825 Deus,
3201 1762 3289 1830 qui
3336 1762 3504 1819 incar-

1933 1830 2151 1885 natione
2197 1831 2461 1902 Unigeniti
2511 1840 2592 1893 sui
2641 1842 2821 1897 mundi
2871 1847 3115 1903 tenebras
3141 1849 3409 1920 ell'ugavit,
3447 1862 3504 1910 et

1931 1920 2162 1987 gloriosa
2206 1925 2475 1981 nativitate
2506 1931 2641 1984 hanc
2669 1934 3077 1992 sacratissimum
3115 1950 3324 1996 noctem
3369 1943 3506 1997 irra-

1932 2008 2121 2076 diavit,
2150 2011 2345 2082 eil'uget
2374 2030 2402 2068 a
2434 2019 2584 2074 vobis
2617 2023 2862 2077 tenebras
2893 2025 3162 2096 vitiorum,
3195 2038 3250 2084 et
3286 2031 3506 2088 irradiet

1933 2101 2092 2153 corda
2126 2113 2301 2156 vestra
2326 2105 2444 2159 luce
2469 2108 2740 2164 virtutum.
2771 2114 2961 2169 Amen.
3005 2119 3211 2189 Quique
3256 2122 3372 2191 ejus
3415 2139 3502 2178 sa-

1933 2189 2245 2244 cratissimze
2267 2189 2560 2248 Nativitatis
2581 2199 2824 2266 gaudium
2849 2218 3093 2271 niagnum
3119 2189 3416 2275 pastoribus
3433 2211 3503 2265 ab

1934 2279 2126 2346 angelo
2158 2280 2321 2335 voluit
2351 2288 2605 2354 nuntiari,
2660 2289 2771 2356 ipse
2813 2307 2971 2363 super
3001 2311 3094 2349 vos
3119 2297 3504 2354 benedictionis

1934 2381 2044 2422 sua:
2072 2371 2427 2438 gratissimum
2455 2377 2674 2433 imbrem
2697 2381 2956 2449 infundat,
2979 2395 3136 2454 atque
3158 2388 3272 2457 ipso
3292 2399 3506 2456 pastore

1937 2471 2032 2511 vos
2057 2459 2123 2512 ad
2146 2469 2468 2518 aeternorum
2498 2467 2809 2534 gaudiorum
2840 2485 3033 2538 pascua
3073 2482 3269 2529 aeterna
3309 2480 3506 2546 perdu-

1936 2559 2042 2602 cat.
2087 2551 2279 2606 Amcn.
2325 2554 2389 2608 Et
2423 2558 2512 2625 qui
2560 2573 2653 2626 per
2690 2561 2807 2629 ejus
2836 2563 3250 2622 incarnationem
3293 2579 3504 2627 terrena

1937 2641 2245 2697 cmlestilius
2271 2647 2517 2712 sociavit,
2543 2649 2762 2705 internae
2795 2655 2936 2722 pacis
2965 2665 3017 2710 et
3041 2655 3191 2712 bona:
3219 2661 3506 2717 voluntatis

1936 2747 2035 2788 vos
2083 2744 2297 2790 nectare
2345 2739 2574 2807 repleat,
2615 2751 2669 2796 et
2709 2744 2942 2800 ccelestis
2982 2749 3184 2804 militia:
3227 2763 3505 2810 consortes

1940 2823 2147 2878 efficiat
2191 2829 2379 2882 Amen.
2410 2828 2561 2894 Quod
2590 2831 2724 2901 ipse,
2756 2844 2841 2890 etc
2873 2833 2917 2888 ί.

2013 2922 2093 2974 Ad
2120 2921 2506 2993 Complendum.
2537 2960 2608 2970 —
2632 2930 2705 2983 Da
2737 2931 2914 3000 nobis,
2940 2948 3260 3004 quaesumus,
3287 2937 3506 2994 Domine

1945 3011 2082 3066 Deus
2106 3024 2306 3079 noster,
2333 3027 2388 3069 ut
2418 3019 2505 3086 qui
2538 3018 2874 3076 Nativitatem
2923 3024 3132 3080 Domini
3175 3031 3340 3083 nostri
3379 3031 3506 3086 Jcsu

261 3091 661 3163 suscipiendum
681 3091 796 3146 Filii
815 3092 886 3147 tui
909 3095 1175 3162 singulare
1195 3095 1492 3154 Nativitatis
1507 3104 1836 3170 mysterium,
1866 3093 1914 3157 C
1943 3101 2142 3157 Christi
2175 3119 2274 3159 nos
2304 3104 2639 3176 frequentare
2671 3112 2980 3181 gaudemus,
3024 3117 3197 3186 dignis
3226 3136 3509 3175 conversa-

265 3192 320 3236 et
344 3192 550 3238 mentes
577 3182 911 3237 credentium
942 3196 1324 3254 praeparentur,
1372 3197 1428 3245 et
1468 3206 1575 3246 non
1614 3194 1839 3252 creden-

268 3274 394 3327 tium
423 3272 587 3326 corda
615 3272 927 3328 subdantur.
959 3273 1060 3330 Per
1087 3278 1354 3332 eumdem.

569 3364 688 3434 (98)
725 3379 776 3418 tu
815 3380 1006 3421 VIGILIA
1047 3383 1224 3423 DOIIINI
1262 3386 1314 3424 tu
1351 3388 1537 3428 uocrs.

339 3454 502 3517 Deus,
532 3458 621 3525 qui
653 3457 789 3512 hanc
817 3459 1226 3514 sacratissimum
1254 3473 1462 3518 noctem
1496 3466 1604 3521 veri
1627 3466 1840 3528 luminis

270 3547 442 3602 fecisti
473 3547 830 3605 illustratione
858 3551 1170 3620 clarescere,
1202 3555 1288 3621 da,
1323 3571 1646 3628 quaesumus,
1674 3571 1729 3616 ut
1749 3577 1843 3618 cu-

264 3637 354 3706 jus
376 3636 510 3690 lucis
541 3639 793 3706 mysteria
815 3639 866 3692 in
899 3649 1036 3694 terra
1065 3644 1430 3712 cognovimus,
1479 3647 1596 3718 ejus
1632 3667 1842 3722 quoque

269 3727 480 3796 gaudiis
508 3727 560 3780 in
583 3728 725 3782 caelo
752 3730 1103 3797 perfruamur.
1129 3733 1228 3798 Qui
1260 3743 1430 3789 tecum
1457 3738 1605 3804 vivit,
1629 3750 1734 3796 etc.

340 3817 396 3886 ε
415 3816 441 3852 4
464 3816 636 3882 Super
661 3818 1156 3889 ouium—Accepta
1185 3825 1257 3878 sit
1286 3825 1399 3892 tibi,
1430 3827 1672 3897 Damius,
1697 3848 1842 3902 quae.

267 3923 476 3975 sumus,
523 3909 798 3965 hodiernae
841 3910 1139 3970 festivitatis
1183 3917 1404 3984 oblatio,
1453 3930 1530 3988 ut,
1561 3932 1647 3978 tua
1670 3930 1839 3994 gratia

274 3997 561 4067 largiente,
591 4015 689 4070 per
720 4002 835 4056 hac
859 4013 1192 4060 sacrosancta
1235 4010 1552 4065 commercia
1599 4013 1651 4067 in
1699 4015 1842 4073 illius

271 4089 612 4145 inveniamur
643 4091 811 4146 forma
851 4093 902 4148 in
933 4109 1038 4164 quo
1069 4104 1242 4150 tecum
1268 4107 1350 4152 est
1379 4111 1559 4155 nostra
1585 4103 1838 4162 substan-

269 4178 361 4232 tia.
383 4180 486 4247 Qui
519 4189 693 4236 tecum
718 4182 848 4238 vivit
865 4193 922 4238 et
945 4195 1134 4256 regnat
1160 4185 1298 4243 Deus
1317 4188 1368 4243 in
1401 4190 1624 4250 unitate.

1947 3195 2180 3250 tionibus
2226 3196 2290 3251 ad
2330 3198 2446 3268 ejus
2499 3217 2796 3258 mereamur
2847 3207 3116 3274 pertinere
3157 3213 3507 3267 consortium.

1947 3283 2046 3350 Qui
2087 3293 2261 3341 tecum
2291 3288 2440 3354 vivit,
2467 3275 2571 3346 etc.

2017 3376 2098 3429 Ad
2131 3376 2462 3434 Hatutinttm.
2502 3412 2572 3423 —
2614 3382 2840 3455 Respice
2868 3401 2986 3453 nos,
3019 3390 3319 3446 misericors
3352 3394 3512 3460 Deus,

1947 3481 2002 3526 et
2033 3474 2296 3529 mentibus
2338 3476 2630 3532 clementer
2667 3478 2933 3547 humanis,
2980 3494 3231 3539 nascente
3273 3487 3512 3552 Christo,

1947 3576 2171 3617 summa:
2197 3565 2437 3620 veritatis
2468 3567 2640 3623 lumen
2666 3570 2911 3624 ostende.
2957 3571 3057 3638 Qui
3102 3582 3276 3629 tecum
3306 3575 3432 3629 vivit
3459 3585 3516 3632 et

1947 3663 2150 3720 regnat.

1945 3748 1995 3818 7
2034 3762 2184 3804 uts=s
2228 3750 2376 3822 (101)
2417 3766 2468 3806 tu
2507 3769 2648 3808 IANE
2686 3769 2840 3810 ratus
2881 3770 3007 3811 sn.
3047 3771 3199 3825 θοι,
3239 3773 3355 3812 sm:
3391 3773 3516 3814 SAN-

2454 3857 2568 3897 C'l'zB
2609 3852 2634 3890 δ
2673 3858 3000 3899 ΔΝΛΕΤΑὸΙΒ.

2017 3928 2091 3983 Da
2139 3929 2314 4000 (102),
2345 3946 2667 4002 quaesumus,
2704 3935 3041 4005 omnipotens
3097 3936 3257 4003 Deus,
3305 3946 3383 4002 ut,
3424 3937 3514 4007 qui

1946 4039 2083 4080 nova
2127 4027 2384 4083 incaruati
2412 4027 2570 4084 Verbi
2599 4031 2672 4084 tui
2717 4030 2835 4085 luce
2877 4030 3260 4100 perfundimur,
3312 4031 3414 4085 hoc
3458 4031 3512 4085 in
3568 4096 3576 4102 ,

1945 4125 2131 4171 nostro
2157 4118 2496 4186 res;lendeat
2522 4135 2701 4190 opere,
2727 4122 2867 4192 quod
2909 4138 3002 4192 per
3040 4122 3198 4178 tidem
3251 4124 3412 4192 fulget
3460 4123 3515 4178 iu

1947 4216 2144 4264 mente.
2173 4208 2276 4265 Per
2301 4210 2570 4265 eumdem.

267 4316 878 4410 liwierniilissahbus.
898 4319 952 4403 In
972 4321 1379 4410 C_._Reg.ASue‘c.
1399 4336 1527 4410 ante
1552 4328 1726 4410 Agnus
1743 4329 1841 4410 Dei
1866 4348 1919 4410 ι)
1945 4337 2074 4410 Reg.
2106 4340 2287 4404 Suec.,
2320 4342 2508 4398 Gemet
2535 4352 2588 4397 et
2618 4341 2886 4398 Theoder.
2919 4343 3042 4399 Post
3071 4343 3282 4398 Praefat.
3310 4343 3512 4401 Pamel.

267 4389 484 4508 βυθίων
519 4387 827 4444 Benedictio
852 4387 1242 4459 episcoporum,
1269 4395 1444 4475 adesto
1471 4387 1668 4468 suppl,
1703 4410 1757 4454 ut
1786 4403 1837 4457 in

311 4457 513 4508 onttlic.
560 4457 715 4508 Rom.
764 4469 942 4508 noslea
990 4461 1335 4508 Consecratus
1366 4481 1375 4508 ξ
1407 4465 1541 4508 Πρω
1587 4469 1832 4508 Ιιηηηη...

311 4457 513 4528 ontiiic.
549 4457 715 4528 Rom.
764 4457 942 4528 postea
990 4457 1335 4518 consecratio
1364 4481 1376 4517 :
1407 4457 1544 4520 Deus
1569 4457 1835 4524 'bouorum

263 4526 1148 4602 gmnigu._Deinde_super_oblata,
1171 4533 1279 4586 haec
1327 4534 1515 4602 hostia,
1547 4548 1673 4602 etc.,
1704 4551 1760 4594 ιιι
1786 4542 1838 4596 in

264 4593 463 4674 Pontif.
506 4595 690 4674 Ro_m.,
736 4593 998 4664 Praefatio,
1027 4593 1175 4674 Hauc
1217 4604 1391 4674 igitur,
1439 4593 1544 4658 etc.
1577 4593 1840 4663 Ad'com:

263 4665 542 4743 piendum,
567 4670 675 4743 haec
695 4683 784 4720 nos
803 4671 1107 4743 communio,
1129 4665 1387 4743 etcflltec'
1403 4676 1675 4743 excipiunt
1695 4679 1838 4733 ordi-

261 4737 509 4789 nationes
537 4736 830 4805 presbyteri
860 4751 909 4791 et
937 4740 1166 4794 diaconi.

333 4813 362 4840 ⁸
385 4805 489 4884 Αῌίυ
513 4809 990 4884 non_cortsetttiuttt
1018 4809 1170 4874 Mss.,
1203 4811 1301 4865 nisi
1333 4813 1384 4866 in
1415 4812 1621 4869 duabus
1650 4817 1840 4884 priori-

259 4872 358 4927 bus
379 4873 744 4927 Orationibus.

332 4942 550 4998 I'Abcst
593 4943 844 5020 Prtefatio
884 4946 1024 5020 Cod.
1067 4947 1266 5020 Parnel.
1297 4960 1351 5005 et
1386 4951 1514 5020 Reg.
1573 4954 1730 5010 Suec.
1782 4956 1836 5011 In

259 5011 470 5084 Comet.
512 5015 826 5084 assignatur
881 5015 1124 5070 Praefatio
1169 5035 1287 5084 qua:
1317 5022 1368 5073 in
1403 5011 1543 5075 EJit.
1585 5023 1748 5077 Vatic.
1782 5036 1838 5082 et

259 5081 565 5152 (iussu-vit.-
592 5083 805 5152 ponitur
826 5100 922 5152 pro
951 5087 1101 5139 tertia
1126 5081 1282 5140 missa
1312 5089 1509 5144 Natalis
1534 5092 1764 5148 Domini.

333 5161 355 5188 ε
391 5152 444 5205 In
659 5151 790 5232 Reg.
821 5151 979 5232 suec.
1011 5163 1066 5208 et
1089 5160 1236 5232 apud
1271 5161 1692 5232 Parnel._legitur
1723 5173 1836 5232 post

255 5217 470 5304 Comma
478 5224 701 5274 nionem.
726 5207 987 5304 Sequitur
1022 5239 1056 5304 _a
1064 5207 1191 5304 pud

255 5290 510 5410 ςοραιιηι
537 5306 662 5360 quze
688 5290 840 5348 abest
865 5309 895 5346 a
925 5290 1218 5364 ϐούλιος.
1249 5299 1408 5353 Suec.
1455 5300 1594 5355 sicut
1631 5290 1836 5357 alia'ad

308 5376 539 5410 (ΙΜῙΩΙ-

308 5376 539 5428 asperos.

253 5424 436 5554 suilan
465 5431 532 5485 ο.
582 5427 813 5499 harsh,
858 5441 1074 5502 secreta,
1122 5436 1518 5494 contradicente
1544 5439 1677 5495 Cod.
1701 5440 1833 5511 Reg.

323 5538 549 5646 ἵνᾸρυιιιΔ
569 5570 943 5646 Palpelqhquia
968 5576 1336 5646 periincai'nati
1364 5576 1496 5629 verbi
1525 5579 1834 5646 mysterium,

246 5645 380 5708 etc.,
427 5649 492 5697 ut
535 5642 594 5698 in
625 5641 928 5700 Missalibus
969 5641 1262 5702 hodiernis.
1311 5641 1664 5705 Consentium
1699 5641 1830 5706 Cod.

1945 4408 2102 4464 habet
2136 4429 2148 4463 :
2181 4409 2322 4478 iri/ra
2349 4415 2599 4466 actionem
2638 4412 3073 4466 Communicantes
3110 4427 3158 4466 et
3187 4423 3382 4466 nectent
3422 4430 3512 4467 sa—

1940 4480 2112 4534 cratis.
2145 4482 2349 4545 celebr.,
2374 4492 2430 4535 ut
2460 4483 2510 4536 in
2538 4481 2756 4536 Missali.
2789 4483 2827 4536 F
2830 4493 2988 4536 avent
3014 4483 3138 4537 Mss.
3162 4483 3426 4537 Theoder.
3456 4494 3514 4539 et

1939 4549 2157 4633 Cemet.
2177 4551 2337 4633 abest
2366 4552 2472 4633 hoc_
2491 4567 2528 4633 ao
2547 4551 2682 4632 Cod.
2724 4550 2875 4633 Reg.
2906 4554 3064 4607 Suec.
3095 4553 3202 4632 .Sic
3240 4555 3382 4633 adeo.
3404 4553 3514 4633 dis-

1943 4628 2163 4692 crepant
2182 4619 2406 4692 Codices
2425 4621 2491 4675 ab
2515 4622 2761 4692 invicem,
2788 4619 2846 4675 ut
2864 4621 3104 4676 immensi
3133 4637 3294 4692 pr0pe
3317 4623 3514 4678 laboris

1941 4689 2007 4740 sit
2033 4703 2220 4743 omnes
2246 4691 2507 4744 variantes
2532 4691 2788 4744 lectiones
2814 4694 3118 4746 observare.

2016 4755 2186 4828 flla-c
2225 4758 2526 4812 Benedictio
2549 4775 2666 4828 qua:
2697 4760 2782 4814 hic
2808 4776 2911 4814 non
2949 4770 3120 4816 exstat
3154 4762 3205 4816 iu
3245 4762 3342 4817 Ed.
3390 4761 3510 4818 Vat.

1938 4835 1993 4880 et
2015 4825 2135 4912 aliis
2155 4837 2351 4912 poster.
2368 4838 2450 4912 est
2541 4825 3014 4912 Benedictionalia
3031 4831 3510 4912 .Lambecioedito,

1937 4898 2080 4963 quod
2121 4895 2287 4978 habes
2303 4898 2369 4978 in
2402 4898 3133 4978 Editacussanvil.“Ibidem
3172 4895 3509 4978 reperiunt-ur

1937 4979 2124 5020 omnes
2154 4966 2270 5020 alia:
2301 4967 2704 5022 Benedictioues
2730 4970 2781 5022 in
2810 4969 3004 5022 Codice
3031 4966 3358 5032 Meuardino,
3384 4971 3508 5023 Mis-

1937 5048 2118 5106 surum
2149 5035 2340 5091 officiis
2372 5037 2606 5090 inserte.
2664 5037 2751 5091 Sic
2781 5038 3075 5091 absolvitur
3103 5040 3239 5106 apud
3272 5039 3501 5093 Latnbe-
3559 5062 3564 5068 υ

1936 5105 2074 5176 cium
2107 5120 2120 5176 ξ
2149 5107 2288 5174 quod
2316 5108 2423 5172 ipse
2462 5117 2703 5176 praestare
2757 5107 2991 5176 dignetur
3041 5105 3187 5174 cujus
3219 5123 3428 5175 regnum
3459 5117 3509 5160 et

1936 5173 2202 5244 imperium
2251 5176 2358 5229 sine
2395 5173 2499 5242 ﬁne
2535 5173 2914 5244 permanet’irr
2946 5173 3133 5229 sa’cula
3186 5173 3505 5231 swc'ulorum.

1938 5243 2116 5314 Amen.
2140 5243 2433 5314 Benedictio
2459 5243 2549 5297 Dei
2573 5243 2766 5306 Patris,
2794 5252 2842 5296 et
2872 5243 3018 5314 Filii,
3045 5254 3091 5296 it
3134 5245 3358 5314 Spiritus
3386 5261 3508 5299 san-

1938 5313 2025 5372 cti,
2056 5322 2104 5363 et
2127 5329 2228 5378 pax
2259 5313 2460 5364 Domini
2485 5315 2548 5364 sit
2579 5327 2773 5380 semper
2801 5312 3072 5365 vobiscum.

2009 5389 2035 5427 ι
2064 5382 2375 5448 Assignatur
2401 5396 2607 5449 quoque
2627 5385 2804 5446 statio,
2827 5384 2894 5434 ad
2911 5392 3137 5436 sam-tam
3161 5383 3239 5437 Αη
3258 5383 3506 5446 :stasiam,

1939 5457 2047 5518 tum
2077 5450 2128 5502 in
2153 5453 2417 5518 plerisque
2435 5450 2601 5504 Codd.
2627 5459 2736 5504 tum
2767 5453 2816 5505 in
2848 5451 3066 5506 Kalend.
3101 5453 3251 5507 Rom.
3284 5454 3338 5508 In
3365 5454 3496 5506 Cod.

1939 5517 2067 5593 Reg.
2098 5519 2265 5593 Suec.
2289 5517 2406 5572 duae
2431 5529 2554 5593 sunt
2584 5519 2739 5593 hujus
2765 5522 2938 5593 missa:
2963 5521 3332 5593 Prael‘ationcs,
3363 5525 3506 5593 prior

1935 5587 2002 5644 de
2031 5599 2212 5645 sancta
2240 5589 2542 5655 Anastasia,
2571 5587 2673 5644 alia
2704 5590 2772 5646 de
2801 5591 3107 5648 Nativitatc.

3555 5128 3559 5142 t

3550 5154 3562 5196 l
