4026 6304
526 278 583 331 51
1738 258 1979 315 SANCTI
2021 252 2343 311 GREGORH
2385 254 2595 309 MAGNI
3720 241 3797 296 3?.

600 391 736 446 Atia.
779 418 835 427 -
867 387 963 451 Da,
992 397 1318 455 quaesumus,
1358 377 1693 444 omnipotens
1738 375 1898 438 Deus,
1932 383 1989 423 ut
2018 370 2106 438 qui
2133 373 2184 433 Α
2212 370 2372 423 ducat
2400 374 2465 424 ad
2508 372 2804 423 satietatem
2847 373 3168 421 mternorum
3198 362 3557 432 prmmiorum.
3592 358 3793 414 Amen.

528 486 700 538 beatae
728 479 1023 535 Anastasis!
1047 475 1296 544 martyris
1318 482 1419 524 tua:
1445 469 1704 521 solemnia
1725 466 1968 526 colimus,
1991 462 2109 530 ejus

530 576 669 641 apud
703 584 754 627 te
778 568 1066 639 patrocinia
1097 564 1409 621 sentiamus.
1439 561 1539 613 [‘er
1561 558 1840 611 Dominum
1870 564 2109 607 nostrum

528 666 712 720 Jcsum
738 662 1027 721 Christum.

2212 464 2231 531 (
2248 465 2297 516 11
2314 462 2582 532 l)Quique
2603 462 2718 530 ejus
2738 460 3012 514 infantiam
3025 457 3212 512 vilibus
3226 455 3393 509 voluit
3409 452 3555 508 indui
3572 452 3795 521 pannis,

2212 555 2327 622 ipse
2346 569 2442 609 vos
2458 555 2754 609 caelestium
2770 552 3210 607 vestimentorum
3238 546 3420 601 induat
3436 544 3794 599 ornamentis.

2212 648 2403 699 Amen.
2445 645 2596 710 Quod
2641 644 2755 710 ipse
2783 651 3039 712 prwstare
3066 641 3334 709 dignetur,
3375 635 3530 705 cujus
3569 649 3796 703 regnum

606 754 772 822 Super
800 751 991 803 oblata.
1025 776 1093 786 —
1122 745 1337 799 Munera
1383 750 1588 803 nostra.
1634 752 1962 808 quaesumus,
2007 738 2112 791 Do-
2209 743 2263 788 et
2286 734 2563 801 imperium
2587 733 2703 786 sine
2726 733 2829 785 fine
2851 737 3127 798 permanet
3147 729 3197 781 in
3225 725 3417 781 saecula
3447 723 3795 778 surculorum.

534 845 700 905 mine,
725 840 1023 894 Nativitatis
1047 836 1317 889 hodiernae
1340 832 1604 902 mysteriis
1626 838 1748 897 apta
1777 828 2109 896 proveniant,

534 942 593 984 ut
622 931 773 999 (105)
802 931 939 983 sicut
969 928 1128 979 homo
1156 926 1365 993 genitus
1400 924 1538 977 idem
1569 920 1775 976 refulsit
1816 920 1974 981 Deus,
2034 919 2113 972 sic

534 1025 688 1078 nobis
720 1026 836 1076 haec
865 1031 1073 1075 terrena
1101 1019 1398 1073 substantia
1426 1016 1667 1072 conferat
1704 1014 1844 1083 quod
1875 1014 2112 1069 divinum
2200 1044 2203 1047 λ

534 1124 637 1169 est.
674 1115 774 1167 Per
802 1112 1074 1167 eumdem.

608 1202 748 1255 Alia.
784 1231 853 1241 —-
886 1200 1105 1268 Accipe,
1137 1212 1461 1265 quasumus,
1494 1195 1734 1259 Domine,
1782 1208 2001 1247 munera
2035 1192 2117 1245 di-

537 1301 765 1361 gnanter
792 1291 993 1355 oblata,
1026 1298 1100 1354 et,
1146 1288 1315 1342 beata:
1350 1286 1647 1340 Anastasis
1701 1282 2114 1351 suifragantibus

535 1383 763 1446 meritis,
806 1382 870 1436 ad
902 1390 1098 1435 nostrm
1133 1379 1320 1433 salutis
1358 1376 1613 1430 auxilium
1655 1376 1935 1443 provenire
1983 1389 2120 1429 con-

534 1470 685 1524 cede.
715 1470 816 1525 Per
848 1471 1127 1523 Dominum
1159 1476 1397 1522 nostrum
1425 1466 1604 1522 Jesum
1629 1464 1898 1520 Christum
1924 1464 2113 1521 Filium

540 1569 712 1616 tuum.
743 1562 841 1628 Qui
869 1570 1038 1615 tecum
1072 1559 1223 1613 vivit.

610 1650 760 1719 (104)
795 1649 1062 1717 Praefatio.
1094 1678 1161 1687 -—
1192 1646 1327 1700 Vere
1372 1645 1607 1715 dignum.
1638 1653 1693 1700 et
1733 1645 1932 1713 justum
1991 1656 2116 1715 est,

2211 823 2403 877 Amen.
2436 822 2762 877 Benedictio
2812 821 2903 875 Dei
2951 819 3144 885 Patris,
3187 827 3241 870 et
3264 815 3405 879 Filii,
3458 823 3512 869 et
3561 813 3799 882 Spiritus

2214 914 2419 969 Sancti.
2456 914 2521 967 Et
2545 928 2647 982 pax
2676 910 2883 965 Domini
2905 911 2977 964 sit
3004 922 3218 977 semper
3246 905 3539 960 vobiscum.

2286 1005 2364 1059 Ad
2396 1003 2779 1072 Complendum.
2826 1031 2893 1041 —
2941 998 3091 1070 (112)
3136 998 3333 1053 Praesta
3366 1036 3384 1061 ,
3434 1007 3741 1063 quaesumus
3774 1034 3797 1061 ,

2214 1092 2552 1162 omnipoens
2580 1094 2739 1158 Deus,
2771 1101 2831 1145 ut
2873 1101 3029 1145 natus
3072 1088 3232 1142 hodie
3284 1087 3535 1142 Salvator
3583 1083 3795 1149 mundi,

2214 1186 2349 1241 sicut
2396 1186 2592 1239 divina:
2643 1186 2796 1238 nobis
2846 1179 3202 1254 generationis
3239 1190 3322 1236 est
3369 1190 3577 1244 auctor,
3623 1179 3696 1230 ita
3736 1184 3799 1228 et

2214 1275 2625 1331 immortalitatis
2672 1276 2743 1329 sit
2790 1274 2907 1342 ipse
2952 1274 3191 1342 largitor.
3244 1271 3345 1337 Qui
3378 1281 3550 1325 tecum
3582 1268 3712 1323 vivit
3738 1274 3803 1322 et

2215 1376 2403 1437 regnat
2426 1368 2588 1422 Dens.

2289 1458 2419 1511 Alite
2472 1458 2759 1511 Orationes.
2808 1483 2880 1497 ο·-
2934 1454 3179 1509 Concede
3222 1454 3398 1518 nobis,
3454 1452 3802 1519 omnipotens

2217 1548 2379 1614 Deus,
2411 1557 2468 1603 ut
2495 1548 2736 1603 Salutare
2758 1556 2929 1613 tuum,
2953 1561 3091 1601 nova
3105 1545 3363 1600 cmlorum
3388 1544 3507 1598 luce
3529 1542 3802 1608 mirabile,

2219 1639 2360 1707 quod
2381 1638 2449 1693 ad
2471 1638 2695 1693 salutem
2719 1636 2900 1691 mundi
2918 1637 3172 1691 hodierna
3195 1635 3482 1691 festivitate
3505 1631 3801 1703 processit,

538 1758 750 1811 miluum
782 1749 837 1795 et
876 1740 1129 1803 salutare,
1160 1753 1256 1793 nos
1286 1736 1381 1791 tibi
1422 1752 1634 1806 semper
1671 1746 1727 1791 et
1777 1738 1967 1807 ubique
1998 1752 2115 1807 gra-
2146 1730 2197 1791 B
2222 1730 2419 1785 nostris
2481 1744 2693 1798 semper
2742 1726 3055 1784 innovandis
3111 1725 3363 1783 cordibus
3410 1724 3639 1781 oriatur.
3697 1723 3803 1790 Qui

536 1834 637 1891 lius
665 1845 846 1898 agere,
882 1830 1100 1883 Domine
1121 1836 1327 1893 sancte,
1359 1828 1512 1880 Pater
1533 1829 1893 1896 omnipotens,
1920 1837 2120 1883 aeterne

539 1923 679 1978 Deus
712 1936 726 1973 :
757 1920 879 1989 quia
906 1918 1075 1973 nostri
1117 1918 1410 1971 Salvatoris
1439 1917 1596 1970 hodie
1626 1917 1711 1970 lux
1742 1932 1868 1971 vera
1901 1932 2121 1984 proces-

544 2014 636 2076 sit,
668 2026 784 2079 qum
814 2010 958 2065 clara
988 2009 1140 2064 nobis
1165 2010 1339 2062 omnia
1367 2019 1418 2061 et
1442 2007 1712 2061 intellectu
1744 2005 2116 2068 manifestavit,

537 2111 594 2163 et
647 2101 779 2154 visu.
836 2102 901 2153 Et
949 2099 1069 2153 ideo
1112 2112 1231 2152 cum
1269 2097 1470 2166 angelis
1506 2106 1560 2151 et
1606 2097 1963 2165 archangelis,
1994 2110 2115 2150 cum

543 2189 754 2243 thronis
782 2204 836 2243 et
861 2186 1333 2249 dominationibus,
1363 2200 1590 2254 cumque
1620 2186 1763 2239 omni
1792 2184 1979 2240 militia
2013 2200 2121 2241 cce-

552 2280 700 2332 leStis
731 2277 1018 2338 exercitus,
1051 2277 1305 2345 hymnum
1334 2275 1520 2345 gloriae
1550 2286 1652 2329 tua:
1692 2276 1955 2341 canimus,
2004 2276 2122 2331 sine

543 2369 645 2422 fine
670 2368 932 2421 dicentes.

611 2458 692 2510 Ad
723 2455 1197 2522 Complendum.—
1221 2454 1371 2526 (105)
1396 2456 1524 2525 Ejus
1548 2472 1666 2521 nos,
1693 2456 1930 2520 Domine,
1963 2457 2119 2527 (I06)

540 2547 862 2603 sacramenti
883 2562 1093 2614 semper
1112 2546 1261 2617 (107)
1280 2545 1474 2600 natalis
1502 2548 1781 2610 instauret,
1794 2532 1946 2613 icujus
1970 2545 2121 2615 (108)

538 2636 798 2692 Nativitas
820 2637 1104 2706 singularis
1131 2639 1411 2689 humanam
1439 2635 1630 2704 repulit
1656 2643 1992 2689 vetustatem.
2014 2637 2117 2702 Qui

545 2739 720 2785 tecum
749 2729 899 2783 vivit.

612 2821 752 2874 Alia.
780 2848 849 2860 —
879 2818 1113 2885 Satiasti,
1146 2818 1393 2879 Domine,
1424 2816 1675 2871 familiam
1709 2826 1850 2871 tuam
1880 2818 2123 2871 muneri-

542 2910 642 2964 bus
672 2910 878 2973 sacris;
915 2908 1052 2977 ejus,
1095 2922 1418 2974 quaesumus,
1465 2921 1679 2975 semper
1732 2908 2123 2963 interventione

544 3015 643 3055 nos
673 2998 851 3053 refove
871 2998 1024 3067 cujus
1052 2999 1308 3053 solemnia
1339 2998 1692 3053 celebramus.
1718 2999 1815 3052 l'er
1840 3000 2119 3055 Dominum

548 3101 787 3156 nostrum
820 3090 999 3145 Jesum
1031 3090 1320 3155 Christum,
1353 3101 1457 3144 etc.

616 3196 705 3234 νιιι
734 3197 855 3234 ΚΛῑ..
886 3196 1127 3236 JANUABII
1169 3190 1215 3233 ⁸.
1257 3210 1329 3225 -ν
1366 3197 1415 3235 IN
1456 3198 1540 3236 ωε
1579 3195 1803 3236 Νιιτλιιε
1841 3196 2047 3236 DOIINI.

544 3282 547 3291 '
617 3272 768 3341 (109)
806 3272 1071 3337 Concede,
1102 3287 1428 3340 quaesumus,
1467 3273 1804 3341 omnipotens
1856 3272 2013 3337 Deus,
2065 3284 2121 3328 ut

544 3379 643 3423 nos
690 3363 952 3433 Unigeniti
989 3363 1109 3418 Filii
1157 3366 1229 3417 tui
1286 3378 1421 3420 nova
1461 3380 1553 3433 per
1595 3379 1808 3419 carnem
1860 3364 2121 3420 Nativitas

546 3455 758 3519 liberet,
786 3470 918 3524 quos
946 3456 1044 3510 sub
1074 3457 1272 3525 peccati
1300 3457 1429 3527 jugo
1460 3467 1663 3514 vetusta
1682 3459 1920 3533 servitus
1952 3468 2117 3516 tenet.

548 3546 647 3610 Qui
685 3557 855 3600 tecum
881 3547 1025 3600 vivit.

626 3636 793 3703 Super
823 3636 1010 3689 oblata.
1056 3665 1121 3676 —
1153 3637 1361 3702 Oblata,
1413 3638 1657 3704 Domine,
1712 3655 1934 3695 munera
1987 3658 2123 3698 nova

556 3724 821 3792 Unigcniti
852 3726 925 3779 tui
952 3726 1235 3780 Nativitate
1277 3729 1567 3792 sanctifica,
1615 3744 1818 3799 nosque
1856 3747 1885 3785 a
1937 3747 2117 3800 pecca.

554 3822 729 3867 torum
785 3827 1082 3870 nostrorum
1134 3818 1189 3888 8
1244 3817 1463 3874 maculis
1511 3820 1761 3873 emunda.
1822 3821 1923 3875 Per
1975 3837 2122 3876 eum.

554 3906 699 3970 dem,
730 3915 837 3960 etc.

625 3994 897 4063 Ρνσρίαίὶο.
922 4026 992 4035 --
1015 3996 1151 4052 Vere
1179 3997 1395 4064 ilignum
1416 4007 1469 4052 et
1484 3998 1686 4067 justum
1708 4010 1815 4066 est,
1838 4016 2047 4070 acquum
2071 4011 2125 4056 et

552 4085 806 4153 salutare,
840 4102 938 4141 nos
971 4088 1060 4141 tibi
1090 4103 1300 4157 semper
1346 4099 1401 4143 et
1455 4090 1650 4159 ubique
1700 4094 1897 4162 gratias
1940 4108 2120 4162 agere,

554 4175 774 4236 Damine
795 4187 1000 4240 sancte,
1020 4176 1175 4231 Pater
1195 4180 1549 4246 omnipotens,
1580 4189 1783 4236 aeterne
1819 4182 2125 4252 Deuszquia

554 4280 648 4332 per
676 4266 930 4319 iuearnati
979 4266 1133 4321 Verbi
1164 4270 1472 4337 mysterium
1513 4286 1653 4324 nova
1694 4273 1887 4327 mentis
1932 4286 2125 4330 nostra:

552 4358 720 4410 oculis
755 4360 840 4411 lux
865 4366 966 4412 tute
990 4360 1246 4413 claritatis
1276 4360 1498 4415 infulsit.
1552 4364 1639 4428 Ut,
1690 4366 1814 4418 dum
1845 4367 2127 4421 visibiliter

2224 1830 2423 1875 tecum.

2292 1914 2433 1969 Alia.
2458 1914 2900 1979 —0mnipotens
2935 1911 3262 1979 sempiterno
3308 1909 3466 1975 Deus,
3511 1910 3603 1978 qui
3660 1907 3805 1960 hunc

2219 2004 2361 2059 diem
2392 2020 2488 2074 per
2516 2005 2933 2059 incarnationem
2964 2002 3121 2057 Verbi
3150 2003 3229 2057 tui
3270 2010 3325 2056 et
3368 2011 3577 2070 partum
3632 2000 3806 2053 beata:

2221 2099 2398 2153 Maria:
2437 2097 2657 2165 virginis
2692 2096 3040 2164 consecrasti,
3091 2097 3157 2149 da
3205 2096 3414 2164 populis
3442 2093 3545 2147 tuis
3597 2093 3651 2147 in
3704 2092 3808 2146 hac

2206 2188 2531 2242 celebritate
2559 2188 2888 2241 consortium
2921 2196 2998 2252 ut,
3021 2187 3109 2255 qui
3134 2194 3218 2239 tua
3246 2186 3412 2253 gratia
3438 2192 3561 2237 sunt
3587 2182 3807 2251 redem-g

2220 2279 2319 2347 pti,
2355 2287 2442 2332 tua
2474 2279 2583 2332 sint
2608 2277 2892 2346 adoptione
2927 2279 3122 2332 securi.
3157 2277 3260 2331 Per
3286 2274 3554 2330 eumdem.

2290 2369 2521 2422 Alia.—-
2552 2368 2972 2423 Fundamentum
3024 2369 3148 2423 fidei
3197 2378 3395 2423 nostrae
3436 2369 3595 2432 Deus,
3647 2364 3803 2438 (115)

2220 2460 2309 2529 qui
2352 2460 2403 2512 iii
2432 2460 2696 2513 mentibus
2724 2460 2941 2523 sanctis,
2970 2467 3220 2528 tanquam
3252 2461 3301 2511 in
3344 2457 3579 2513 excelsis
3608 2457 3811 2510 monti-

2222 2548 2341 2610 bus,
2364 2549 2676 2602 aeternitatis
2708 2558 2911 2618 portas,
2940 2550 3147 2618 justitia
3172 2550 3468 2614 muniente,
3496 2549 3805 2617 companis,

2202 2640 2458 2694 concede
2488 2638 2641 2695 nobis
2659 2640 2712 2693 in
2738 2649 2789 2695 te
2806 2642 3037 2709 gloriosv.
3059 2640 3301 2706 credere,
3327 2649 3583 2709 tuumque
3607 2638 3805 2692 Filium

2224 2730 2504 2783 Dominum
2570 2740 2811 2785 nostrum
2874 2732 2938 2785 ad
3001 2731 3440 2801 Rcdemptionem
3498 2732 3804 2784 animarum

2223 2819 2495 2875 hominem
2534 2819 2732 2875 factum
2790 2821 3198 2891 prmdicabilitcr
3248 2820 3511 2875 confiteri.
3565 2820 3671 2887 Qui
3729 2828 3809 2874 te~

2222 2924 2366 2975 cum,
2388 2919 2492 2964 etc.

2293 2998 2430 3050 Alia.
2453 3027 2523 3038 —
2551 2998 2788 3069 Largire,
2812 3015 3135 3071 quaesumus,
3167 3002 3409 3070 Domine,
3438 3001 3652 3056 famulis
3677 3002 3783 3057 tuis

2224 3086 2375 3157 (114)
2406 3088 2527 3144 fidei
2548 3098 2603 3145 et
2621 3092 2922 3146 securitatis
2948 3103 3310 3163 augmentum,
3357 3103 3415 3146 ut
3442 3093 3531 3163 qui
3560 3094 3629 3148 de
3661 3092 3808 3147 Nati~

2223 3179 2390 3236 vitate
2416 3180 2534 3236 Filii
2563 3182 2637 3235 toi
2670 3183 2876 3237 Domini
2916 3184 3084 3237 nostri
3122 3184 3436 3253 gloriantur,
3482 3190 3538 3239 et
3576 3183 3807 3237 adversa

2222 3271 2427 3334 mundi,
2463 3280 2516 3327 te
2552 3272 2899 3341 gubernante,
2932 3287 3035 3326 non
3077 3274 3330 3338 sentiant,
3362 3280 3418 3329 et
3442 3288 3562 3344 qua:
3596 3282 3811 3341 tempo-

2224 3362 2407 3417 raliter
2433 3363 2489 3431 9
2516 3362 2795 3419 celebrare
2819 3362 3147 3428 desiderant,
3203 3365 3320 3420 sine
3351 3365 3455 3418 fine
3482 3363 3812 3434 percipiant.

2203 3451 2351 3507 (Per.

2294 3544 2432 3600 Alia.
2456 3571 2523 3585 -——
2546 3543 2706 3612 Deus,
2734 3545 2821 3614 qui
2854 3560 2948 3614 per
2994 3546 3159 3599 beata:
3203 3544 3379 3600 Mariae
3423 3545 3651 3615 virginis
3683 3542 3818 3614 par-

2228 3639 2338 3689 tum
2370 3634 2485 3688 sine
2512 3634 2743 3688 humana
2768 3635 3195 3702 concupiscentia
3229 3645 3592 3703 procreatum,
3628 3637 3680 3690 in
3715 3636 3819 3690 Fi-

2227 3724 2284 3779 lii
2320 3726 2393 3779 tui
2422 3726 2659 3780 membra
2696 3727 2972 3781 venientes
3002 3726 3152 3795 (115)
3185 3728 3423 3795 paternis
3464 3726 3638 3781 fecisti
3672 3741 3821 3796 pra:-

2220 3816 2436 3885 judiciis
2464 3832 2568 3871 non
2599 3819 2789 3883 teneri,
2822 3830 3033 3887 praeSIa,
3060 3832 3388 3886 quaesumus,
3421 3829 3496 3884 ut,
3522 3818 3675 3888 (116)
3707 3823 3819 3873 hu-

2220 3912 2309 3981 jus
2344 3922 2607 3968 creatura:
2653 3913 2885 3967 novitate
2930 3922 3199 3981 suscepta,
3242 3914 3525 3969 vetustatis
3567 3916 3818 3985 antiqua:

2223 4005 2482 4074 contagiis
2511 4020 2789 4059 exuamur.
2820 4006 2923 4060 Per
2948 4004 3216 4059 eumdem.

2294 4096 2431 4150 Alia.
2460 4098 2701 4166 -(117)
2752 4097 2910 4164 Deus,
2940 4096 3030 4164 qui
3078 4095 3324 4149 humanm
3376 4096 3698 4150 substantiae
3740 4097 3822 4150 di-

2225 4187 2478 4253 gnitatem
2516 4194 2572 4238 et
2600 4184 2910 4238 mirabiliter
2937 4184 3240 4247 condidisti,
3277 4192 3331 4237 et
3374 4184 3679 4240 mirabilius
3722 4200 3819 4240 re-

2228 4276 2487 4338 formasti,
2519 4274 2584 4328 da
2620 4275 2791 4341 nobis,
2818 4290 3144 4344 quaesumus,
3186 4273 3306 4345 ejus
3343 4274 3649 4329 divinitatis
3688 4291 3823 4332 esse

2232 4376 2509 4421 consortes
2532 4364 2619 4435 qui
2660 4365 3002 4421 humanitatis
3032 4376 3229 4420 nostrae.
3271 4367 3387 4421 fieri
3430 4367 3685 4437 dignatus
3729 4378 3827 4423 est

553 4448 719 4511 Deum
776 4451 1180 4517 cognoscimus,
1237 4468 1331 4519 per
1382 4454 1518 4507 hunc
1574 4457 1723 4526 (110)
1781 4459 2121 4519 invisibilium

2234 4459 2516 4527 particeps,
2564 4457 2718 4521 .lesus
2767 4458 3010 4512 Christus
3054 4457 3220 4512 Filius
3273 4467 3423 4525 tuus,
3485 4436 3577 4529 qui
3631 4467 3823 4514 tecum

556 4554 739 4595 amore
780 4540 1064 4606 rapiantur.
1098 4541 1164 4595 Et
1184 4542 1303 4595 ideo
1332 4557 1448 4596 cum
1471 4546 1694 4613 angelis.

624 4627 700 4680 Te
729 4626 904 4695 igitur,
938 4628 1347 4686 clementissime
1375 4633 1551 4699 Pater,
1582 4644 1711 4701 etc.,
1737 4645 1791 4688 ut
1819 4636 1975 4707 supra
2001 4639 2048 4693 δ.

626 4718 946 4775 Benedictio.
976 4751 1047 4762 —
1077 4722 1357 4778 Benedicat
1385 4727 1532 4782 vobis
1572 4730 1911 4797 omnipotens
1961 4732 2120 4801 Deus,

557 4816 891 4882 vestramque
910 4815 977 4867 ad
1004 4828 1231 4882 superna
1254 4819 1451 4872 excitet
1477 4820 1844 4883 intentionem,
1873 4823 1962 4891 qui
1989 4823 2124 4877 hanc

553 4902 961 4957 sacratissimam
992 4903 1131 4958 diem
1160 4906 1439 4961 Nativitate
1478 4907 1593 4961 Filii
1620 4911 1701 4962 sui
1732 4909 1854 4964 fecit
1884 4924 2005 4964 esse
2032 4925 2123 4964 so-

555 4992 805 5047 lcinnem.
840 4998 1029 5050 Amen.
1059 4998 1122 5052 Et
1148 4998 1238 5068 qui
1260 5014 1378 5053 eum
1403 5000 1491 5068 qui
1523 4999 1678 5053 Panis
1706 5010 1786 5054 est
1810 5002 2120 5070 angelorum

558 5084 610 5135 iu
641 5086 863 5152 prasepi
895 5087 1147 5141 Ecclesia:
1176 5088 1349 5141 cibum
1378 5088 1500 5142 fecit
1520 5103 1638 5143 esse
1659 5089 1894 5143 fidelium
1922 5091 2124 5144 anima-

552 5170 705 5238 lium,
739 5175 852 5242 ipse
884 5192 975 5229 vos
1005 5186 1059 5230 et
1086 5178 1137 5230 iit
1170 5179 1415 5246 praesenti
1444 5179 1639 5233 saeculo
1664 5178 1943 5249 degustare
1966 5181 2122 5234 faciat

553 5274 873 5322 mternorum
914 5268 1248 5324 dulcedinem
1269 5269 1601 5341 gaudiorum,
1634 5280 1687 5326 ct
1726 5271 1776 5325 in
1800 5272 1972 5327 futuro
2003 5286 2123 5340 per-

622 5430 645 5456 ει
680 5422 732 5475 In
762 5422 986 5477 Kalend.
1018 5421 1200 5489 Rom.,
1230 5424 1369 5478 sicut
1390 5425 1440 5477 in
1471 5424 1569 5478 Ed.
1601 5423 1797 5478 Pamel.
1846 5433 1901 5477 et
1932 5423 2118 5492 pleris—

550 5508 653 5558 que
686 5493 832 5557 Mss.,
861 5494 1051 5563 legitur
1080 5492 1146 5545 ad
1168 5504 1398 5548 sanctum
1420 5493 1647 5559 Petrum,
1682 5496 1767 5549 ubi
1794 5499 1952 5549 statio
1982 5495 2116 5548 indt-

551 5572 717 5615 catur.

623 5629 647 5666 δ
680 5633 828 5702 Apud
860 5636 1152 5697 l’amettum
1187 5638 1301 5700 post
1342 5631 1707 5689 Praefationem
1739 5635 1903 5687 habes
1938 5673 1949 5687 .
1979 5634 2112 5702 infra

2227 4549 2374 4603 vivit.

2300 4638 2439 4690 Alia.
2468 4638 2904 4708 —0tnnipotens
2932 4634 3254 4706 sempiterne
3286 4636 3448 4702 Deus,
3478 4638 3569 4706 qui
3600 4638 3653 4692 in
3682 4637 3816 4693 Filii

2231 4729 2306 4783 tui
2335 4730 2543 4784 Domini
2572 4731 2739 4784 nostri
2790 4730 3069 4784 Nativitate
3102 4728 3334 4783 tribuisti
3368 4730 3531 4783 totius
3587 4730 3821 4799 religio-

2229 4818 2313 4873 nis
2364 4818 2572 4873 initium
2628 4819 3115 4887 perfectionemque
3169 4829 3445 4885 constare,
3504 4818 3573 4879 da
3627 4820 3820 4883 nobis,

2232 4923 2559 4977 quaesumus,
2602 4908 2656 4962 in
2704 4909 2820 4977 ejus
2850 4909 3089 4977 portione
3131 4910 3359 4976 censeri,
3402 4909 3456 4961 in
3504 4923 3612 4977 quo
3644 4908 3824 4962 totius

2233 5000 2422 5053 salutis
2455 5000 2698 5054 humana:
2737 5014 2944 5055 summa
2970 5000 3230 5056 consistit.
3260 4999 3361 5067 Qui
3392 5011 3571 5065 tecum,
3596 4998 3730 5065 vivit
3752 5010 3824 5059 et

2230 5101 2415 5161 regnat
2447 5092 2603 5146 Deus.

2301 5179 2438 5232 Alia.
2462 5208 2531 5219 —
2552 5180 2646 5245 Da,
2700 5194 3025 5247 quaesumus,
3068 5178 3316 5243 Deiuine,
3373 5182 3570 5248 populo
3603 5187 3696 5233 tuo
3727 5180 3820 5234 in-

2230 5268 2525 5324 violabilem
2551 5268 2672 5323 fidei
2700 5269 3028 5335 firmitatem,
3062 5271 3228 5339 utqui
3259 5269 3603 5339 Unigenitum
3628 5279 3831 5349 tuum,

2220 5428 2322 5493 act.
2345 5422 2782 5476 Cammunicanles
2800 5431 2844 5476 et
2863 5424 2995 5475 diem
3014 5424 3273 5476 sacrati».
3298 5422 3489 5478 σειρὸν.
3512 5440 3618 5493 quo
3643 5423 3704 5477 Β.
3730 5424 3787 5476 Μ
3800 5465 3819 5480 .

2220 5492 2397 5543 intem.
2428 5493 2688 5560 virginitas
2710 5493 2826 5561 (per
2856 5509 3091 5546 errorem
3125 5494 3403 5561 nativitas),
3430 5492 3562 5561 etc},
3584 5511 3708 5558 qua:
3737 5495 3824 5547 le-

2221 5570 2416 5627 guntur
2445 5556 2618 5615 in'Ed.
2652 5556 2818 5615 Vatic.
2845 5571 2897 5614 et
2920 5563 3246 5628 Gussanvil.,
3272 5556 3478 5619 necnon
3507 5556 3560 5620 in
3588 5556 3821 5620 Gemet.

2226 5630 2390 5686 Abest
2416 5645 2443 5683 a
2466 5630 2595 5687 Cod.
2619 5631 2749 5700 Reg.
2781 5633 2938 5687 Suec.
