  <div class='ocr_page' id='page_1' title='image "/cluster/home/n/w/nwhite01/storage/ocr_20150623/78/uva.x000827090/024.png"; bbox 0 0 4026 6312; ppageno 0'>
   <div class='ocr_carea' id='block_1_1' title="bbox 213 369 287 424">
    <p class='ocr_par' dir='ltr' id='par_1_1' title="bbox 213 369 287 424">
     <span class='ocr_line' id='line_1_1' title="bbox 213 369 287 424; baseline 0 0"><span class='ocrx_word' id='word_1_1' title='bbox 213 369 287 424; x_wconf 76' lang='lat'><strong>&#39;53</strong></span> 
     </span>
    </p>
   </div>
   <div class='ocr_carea' id='block_1_2' title="bbox 231 560 1833 635">
    <p class='ocr_par' dir='ltr' id='par_1_2' title="bbox 231 560 1833 635">
     <span class='ocr_line' id='line_1_2' title="bbox 231 560 1833 635; baseline -0.009 -8"><span class='ocrx_word' id='word_1_2' title='bbox 231 570 409 627; x_wconf 87' lang='lat' dir='ltr'><strong>nostri</strong></span> <span class='ocrx_word' id='word_1_3' title='bbox 436 565 680 635; x_wconf 88' lang='lat' dir='ltr'><strong>corporis</strong></span> <span class='ocrx_word' id='word_1_4' title='bbox 714 575 900 618; x_wconf 86' lang='lat' dir='ltr'><strong>natum</strong></span> <span class='ocrx_word' id='word_1_5' title='bbox 923 564 989 617; x_wconf 90' lang='lat' dir='ltr'><strong>de</strong></span> <span class='ocrx_word' id='word_1_6' title='bbox 1033 573 1204 616; x_wconf 93' lang='lat' dir='ltr'><strong>matre</strong></span> <span class='ocrx_word' id='word_1_7' title='bbox 1236 560 1446 631; x_wconf 78' lang='lat' dir='ltr'><strong>Virgine</strong></span> <span class='ocrx_word' id='word_1_8' title='bbox 1488 561 1833 627; x_wconf 88' lang='lat' dir='ltr'><strong>confitentur,</strong></span> 
     </span>
    </p>
   </div>
   <div class='ocr_carea' id='block_1_3' title="bbox 232 654 1837 728">
    <p class='ocr_par' dir='ltr' id='par_1_3' title="bbox 232 654 1837 728">
     <span class='ocr_line' id='line_1_3' title="bbox 232 654 1837 728; baseline -0.007 -9"><span class='ocrx_word' id='word_1_9' title='bbox 232 676 294 719; x_wconf 88' lang='lat' dir='ltr'><strong>ot</strong></span> <span class='ocrx_word' id='word_1_10' title='bbox 346 679 376 715; x_wconf 90' lang='lat' dir='ltr'><strong>a</strong></span> <span class='ocrx_word' id='word_1_11' title='bbox 422 658 779 728; x_wconf 66' lang='lat' dir='ltr'><strong>praesentibus</strong></span> <span class='ocrx_word' id='word_1_12' title='bbox 826 657 1122 710; x_wconf 78' lang='lat' dir='ltr'><strong>liberentur</strong></span> <span class='ocrx_word' id='word_1_13' title='bbox 1172 654 1411 708; x_wconf 80' lang='lat' dir='ltr'><strong>adversis</strong></span> <span class='ocrx_word' id='word_1_14' title='bbox 1466 663 1521 707; x_wconf 90' lang='lat' dir='ltr'><strong>et</strong></span> <span class='ocrx_word' id='word_1_15' title='bbox 1572 654 1837 707; x_wconf 82' lang='lat' dir='ltr'><strong>mansuris</strong></span> 
     </span>
    </p>
   </div>
   <div class='ocr_carea' id='block_1_4' title="bbox 238 748 1834 828">
    <p class='ocr_par' dir='ltr' id='par_1_4' title="bbox 238 748 1834 828">
     <span class='ocr_line' id='line_1_4' title="bbox 238 748 1834 828; baseline -0.006 -17"><span class='ocrx_word' id='word_1_16' title='bbox 238 756 451 828; x_wconf 78' lang='lat' dir='ltr'><strong>gaudiis</strong></span> <span class='ocrx_word' id='word_1_17' title='bbox 482 755 819 805; x_wconf 78' lang='lat' dir='ltr'><strong>inserantur.</strong></span> <span class='ocrx_word' id='word_1_18' title='bbox 857 751 956 804; x_wconf 82' lang='lat' dir='ltr'><strong>Per</strong></span> <span class='ocrx_word' id='word_1_19' title='bbox 986 749 1234 803; x_wconf 91' lang='lat' dir='ltr'><strong>eumdem</strong></span> <span class='ocrx_word' id='word_1_20' title='bbox 1270 748 1553 801; x_wconf 83' lang='lat' dir='ltr'><strong>Dominum</strong></span> <span class='ocrx_word' id='word_1_21' title='bbox 1594 756 1834 801; x_wconf 89' lang='lat' dir='ltr'><strong>nostrum</strong></span> 
     </span>
    </p>
   </div>
   <div class='ocr_carea' id='block_1_5' title="bbox 238 840 1507 907">
    <p class='ocr_par' dir='ltr' id='par_1_5' title="bbox 238 840 1507 907">
     <span class='ocr_line' id='line_1_5' title="bbox 238 840 1507 907; baseline -0.008 -6"><span class='ocrx_word' id='word_1_22' title='bbox 238 848 422 901; x_wconf 85' lang='lat' dir='ltr'><strong>Jesum</strong></span> <span class='ocrx_word' id='word_1_23' title='bbox 451 843 728 897; x_wconf 77' lang='lat' dir='ltr'><strong>Christum</strong></span> <span class='ocrx_word' id='word_1_24' title='bbox 765 841 959 894; x_wconf 83' lang='lat' dir='ltr'><strong>Filium</strong></span> <span class='ocrx_word' id='word_1_25' title='bbox 984 849 1155 905; x_wconf 90' lang='lat' dir='ltr'><strong>tuum,</strong></span> <span class='ocrx_word' id='word_1_26' title='bbox 1189 840 1276 907; x_wconf 93' lang='lat' dir='ltr'><strong>qui</strong></span> <span class='ocrx_word' id='word_1_27' title='bbox 1312 847 1507 892; x_wconf 83' lang='lat' dir='ltr'><strong>tecum.</strong></span> 
     </span>
    </p>
   </div>
   <div class='ocr_carea' id='block_1_6' title="bbox 276 938 1791 989">
    <p class='ocr_par' dir='ltr' id='par_1_6' title="bbox 276 938 1791 989">
     <span class='ocr_line' id='line_1_6' title="bbox 276 938 1791 989; baseline -0.002 0"><span class='ocrx_word' id='word_1_28' title='bbox 276 952 349 989; x_wconf 72' lang='grc' dir='ltr'>ΠΙ</span> <span class='ocrx_word' id='word_1_29' title='bbox 377 952 501 989; x_wconf 68' lang='grc' dir='ltr'><strong>ΚΑΙ...</strong></span> <span class='ocrx_word' id='word_1_30' title='bbox 532 948 805 989; x_wconf 64' lang='grc' dir='ltr'><strong>ιλςυλιιιι.</strong></span> <span class='ocrx_word' id='word_1_31' title='bbox 827 960 899 972; x_wconf 72' lang='grc' dir='ltr'><strong>ε·-</strong></span> <span class='ocrx_word' id='word_1_32' title='bbox 924 945 1203 984; x_wconf 69' lang='lat' dir='ltr'><strong>NATIVITAS</strong></span> <span class='ocrx_word' id='word_1_33' title='bbox 1244 943 1423 982; x_wconf 69' lang='lat' dir='ltr'><strong>SANCTI</strong></span> <span class='ocrx_word' id='word_1_34' title='bbox 1467 944 1722 984; x_wconf 67' lang='grc' dir='ltr'><strong>ετκιηιΑΜ</strong></span> <span class='ocrx_word' id='word_1_35' title='bbox 1744 938 1791 986; x_wconf 67' lang='grc' dir='ltr'><strong>δ.</strong></span> 
     </span>
    </p>
   </div>
   <div class='ocr_carea' id='block_1_7' title="bbox 311 1019 1835 1091">
    <p class='ocr_par' dir='ltr' id='par_1_7' title="bbox 311 1019 1835 1091">
     <span class='ocr_line' id='line_1_7' title="bbox 311 1019 1835 1091; baseline -0.003 -11"><span class='ocrx_word' id='word_1_36' title='bbox 311 1027 391 1080; x_wconf 87' lang='lat' dir='ltr'><strong>Da</strong></span> <span class='ocrx_word' id='word_1_37' title='bbox 420 1025 603 1089; x_wconf 82' lang='lat' dir='ltr'><strong>nobis,</strong></span> <span class='ocrx_word' id='word_1_38' title='bbox 634 1037 965 1091; x_wconf 62' lang='lat' dir='ltr'><strong>quaasumus,</strong></span> <span class='ocrx_word' id='word_1_39' title='bbox 1008 1020 1251 1083; x_wconf 86' lang='lat' dir='ltr'><strong>Domine,</strong></span> <span class='ocrx_word' id='word_1_40' title='bbox 1286 1019 1479 1073; x_wconf 89' lang='lat' dir='ltr'><strong>imitari</strong></span> <span class='ocrx_word' id='word_1_41' title='bbox 1522 1020 1661 1089; x_wconf 90' lang='lat' dir='ltr'><strong>quod</strong></span> <span class='ocrx_word' id='word_1_42' title='bbox 1701 1022 1835 1075; x_wconf 81' lang='lat' dir='ltr'><strong>coli-</strong></span> 
     </span>
    </p>
   </div>
   <div class='ocr_carea' id='block_1_8' title="bbox 234 1108 1837 1183">
    <p class='ocr_par' dir='ltr' id='par_1_8' title="bbox 234 1108 1837 1183">
     <span class='ocr_line' id='line_1_8' title="bbox 234 1108 1837 1183; baseline -0.005 -11"><span class='ocrx_word' id='word_1_43' title='bbox 234 1134 385 1183; x_wconf 90' lang='lat' dir='ltr'><strong>mus,</strong></span> <span class='ocrx_word' id='word_1_44' title='bbox 411 1126 477 1170; x_wconf 88' lang='lat' dir='ltr'><strong>ut</strong></span> <span class='ocrx_word' id='word_1_45' title='bbox 497 1116 767 1169; x_wconf 80' lang='lat' dir='ltr'><strong>discamus</strong></span> <span class='ocrx_word' id='word_1_46' title='bbox 797 1122 852 1166; x_wconf 90' lang='lat' dir='ltr'><strong>et</strong></span> <span class='ocrx_word' id='word_1_47' title='bbox 897 1111 1144 1165; x_wconf 89' lang='lat' dir='ltr'><strong>inimicos</strong></span> <span class='ocrx_word' id='word_1_48' title='bbox 1178 1108 1421 1180; x_wconf 82' lang='lat' dir='ltr'><strong>diligere,</strong></span> <span class='ocrx_word' id='word_1_49' title='bbox 1446 1110 1567 1178; x_wconf 90' lang='lat' dir='ltr'><strong>quia</strong></span> <span class='ocrx_word' id='word_1_50' title='bbox 1606 1111 1722 1177; x_wconf 91' lang='lat' dir='ltr'><strong>ejus</strong></span> <span class='ocrx_word' id='word_1_51' title='bbox 1753 1126 1837 1165; x_wconf 83' lang='lat' dir='ltr'><strong>na-</strong></span> 
     </span>
    </p>
   </div>
   <div class='ocr_carea' id='block_1_9' title="bbox 238 1201 1835 1272">
    <p class='ocr_par' dir='ltr' id='par_1_9' title="bbox 238 1201 1835 1272">
     <span class='ocr_line' id='line_1_9' title="bbox 238 1201 1835 1272; baseline -0.006 -9"><span class='ocrx_word' id='word_1_52' title='bbox 238 1209 424 1263; x_wconf 82' lang='lat' dir='ltr'><strong>talitia</strong></span> <span class='ocrx_word' id='word_1_53' title='bbox 455 1206 811 1267; x_wconf 76' lang='lat' dir='ltr'><strong>celebramus,</strong></span> <span class='ocrx_word' id='word_1_54' title='bbox 844 1203 934 1272; x_wconf 87' lang='lat' dir='ltr'><strong>qui</strong></span> <span class='ocrx_word' id='word_1_55' title='bbox 968 1201 1114 1255; x_wconf 88' lang='lat' dir='ltr'><strong>novit</strong></span> <span class='ocrx_word' id='word_1_56' title='bbox 1155 1201 1315 1254; x_wconf 88' lang='lat' dir='ltr'><strong>etiam</strong></span> <span class='ocrx_word' id='word_1_57' title='bbox 1360 1216 1455 1269; x_wconf 86' lang='lat' dir='ltr'><strong>pro</strong></span> <span class='ocrx_word' id='word_1_58' title='bbox 1484 1201 1835 1270; x_wconf 86' lang='lat' dir='ltr'><strong>persecutOri-</strong></span> 
     </span>
    </p>
   </div>
   <div class='ocr_carea' id='block_1_10' title="bbox 237 1296 771 1354">
    <p class='ocr_par' dir='ltr' id='par_1_10' title="bbox 237 1296 771 1354">
     <span class='ocr_line' id='line_1_10' title="bbox 237 1296 771 1354; baseline -0.015 1"><span class='ocrx_word' id='word_1_59' title='bbox 237 1299 355 1354; x_wconf 84' lang='lat' dir='ltr'><strong>bus</strong></span> <span class='ocrx_word' id='word_1_60' title='bbox 374 1313 592 1353; x_wconf 75' lang='lat' dir='ltr'><strong>exorare</strong></span> <span class='ocrx_word' id='word_1_61' title='bbox 615 1296 771 1349; x_wconf 87' lang='lat' dir='ltr'><strong>Dom.</strong></span> 
     </span>
    </p>
   </div>
   <div class='ocr_carea' id='block_1_11' title="bbox 320 1382 1832 1459">
    <p class='ocr_par' dir='ltr' id='par_1_11' title="bbox 320 1382 1832 1459">
     <span class='ocr_line' id='line_1_11' title="bbox 320 1382 1832 1459; baseline -0.005 -16"><span class='ocrx_word' id='word_1_62' title='bbox 320 1391 493 1459; x_wconf 68' lang='lat' dir='ltr'><strong>Super</strong></span> <span class='ocrx_word' id='word_1_63' title='bbox 552 1384 1101 1452; x_wconf 84' lang='lat' dir='ltr'><strong>oblata.—Suscipe,</strong></span> <span class='ocrx_word' id='word_1_64' title='bbox 1161 1382 1404 1446; x_wconf 78' lang='lat' dir='ltr'><strong>Domine,</strong></span> <span class='ocrx_word' id='word_1_65' title='bbox 1455 1397 1671 1436; x_wconf 89' lang='lat' dir='ltr'><strong>munera</strong></span> <span class='ocrx_word' id='word_1_66' title='bbox 1734 1395 1832 1451; x_wconf 91' lang='lat' dir='ltr'><strong>pro</strong></span> 
     </span>
    </p>
   </div>
   <div class='ocr_carea' id='block_1_12' title="bbox 243 1476 1836 1548">
    <p class='ocr_par' dir='ltr' id='par_1_12' title="bbox 243 1476 1836 1548">
     <span class='ocr_line' id='line_1_12' title="bbox 243 1476 1836 1548; baseline -0.003 -12"><span class='ocrx_word' id='word_1_67' title='bbox 243 1492 465 1536; x_wconf 85' lang='lat' dir='ltr'><strong>tuorum</strong></span> <span class='ocrx_word' id='word_1_68' title='bbox 512 1479 1028 1533; x_wconf 81' lang='lat' dir='ltr'><strong>commemoratione</strong></span> <span class='ocrx_word' id='word_1_69' title='bbox 1068 1486 1397 1542; x_wconf 88' lang='lat' dir='ltr'><strong>sanctorum,</strong></span> <span class='ocrx_word' id='word_1_70' title='bbox 1432 1476 1582 1548; x_wconf 81' lang='grc'>(119)</span> <span class='ocrx_word' id='word_1_71' title='bbox 1618 1485 1673 1529; x_wconf 89' lang='lat' dir='ltr'><strong>ut</strong></span> <span class='ocrx_word' id='word_1_72' title='bbox 1700 1478 1836 1531; x_wconf 84' lang='lat' dir='ltr'><strong>sicut</strong></span> 
     </span>
    </p>
   </div>
   <div class='ocr_carea' id='block_1_13' title="bbox 238 1566 1835 1639">
    <p class='ocr_par' dir='ltr' id='par_1_13' title="bbox 238 1566 1835 1639">
     <span class='ocr_line' id='line_1_13' title="bbox 238 1566 1835 1639; baseline -0.004 -12"><span class='ocrx_word' id='word_1_73' title='bbox 238 1574 367 1627; x_wconf 91' lang='lat' dir='ltr'><strong>illos</strong></span> <span class='ocrx_word' id='word_1_74' title='bbox 406 1572 590 1639; x_wconf 79' lang='lat' dir='ltr'><strong>paSsio</strong></span> <span class='ocrx_word' id='word_1_75' title='bbox 630 1570 915 1638; x_wconf 87' lang='lat' dir='ltr'><strong>gloriosos,</strong></span> <span class='ocrx_word' id='word_1_76' title='bbox 946 1569 1024 1621; x_wconf 90' lang='lat' dir='ltr'><strong>sic</strong></span> <span class='ocrx_word' id='word_1_77' title='bbox 1064 1581 1163 1619; x_wconf 90' lang='lat' dir='ltr'><strong>nos</strong></span> <span class='ocrx_word' id='word_1_78' title='bbox 1192 1566 1406 1620; x_wconf 85' lang='lat' dir='ltr'><strong>devotio</strong></span> <span class='ocrx_word' id='word_1_79' title='bbox 1448 1567 1635 1621; x_wconf 88' lang='lat' dir='ltr'><strong>reddat</strong></span> <span class='ocrx_word' id='word_1_80' title='bbox 1678 1568 1835 1622; x_wconf 82' lang='lat' dir='ltr'><strong>inno-</strong></span> 
     </span>
    </p>
   </div>
   <div class='ocr_carea' id='block_1_14' title="bbox 237 1657 912 1717">
    <p class='ocr_par' dir='ltr' id='par_1_14' title="bbox 237 1657 912 1717">
     <span class='ocr_line' id='line_1_14' title="bbox 237 1657 912 1717; baseline -0.004 -1"><span class='ocrx_word' id='word_1_81' title='bbox 237 1679 393 1717; x_wconf 81' lang='lat' dir='ltr'><strong>cuos.</strong></span> <span class='ocrx_word' id='word_1_82' title='bbox 423 1661 525 1714; x_wconf 81' lang='lat' dir='ltr'><strong>Per</strong></span> <span class='ocrx_word' id='word_1_83' title='bbox 549 1661 833 1714; x_wconf 89' lang='lat' dir='ltr'><strong>Dominum</strong></span> <span class='ocrx_word' id='word_1_84' title='bbox 862 1657 912 1713; x_wconf 71' lang='grc' dir='ltr'><strong>ι’.</strong></span> 
     </span>
    </p>
   </div>
   <div class='ocr_carea' id='block_1_15' title="bbox 314 1749 1831 1823">
    <p class='ocr_par' dir='ltr' id='par_1_15' title="bbox 314 1749 1831 1823">
     <span class='ocr_line' id='line_1_15' title="bbox 314 1749 1831 1823; baseline -0.001 -17"><span class='ocrx_word' id='word_1_85' title='bbox 314 1753 589 1823; x_wconf 71' lang='grc' dir='ltr'><strong>Ρηείαιὶο.</strong></span> <span class='ocrx_word' id='word_1_86' title='bbox 616 1780 689 1793; x_wconf 81' lang='lat'><strong>-—-</strong></span> <span class='ocrx_word' id='word_1_87' title='bbox 721 1750 858 1805; x_wconf 85' lang='lat' dir='ltr'><strong>Vere</strong></span> <span class='ocrx_word' id='word_1_88' title='bbox 886 1749 1101 1820; x_wconf 89' lang='lat' dir='ltr'><strong>dignum</strong></span> <span class='ocrx_word' id='word_1_89' title='bbox 1134 1760 1187 1804; x_wconf 90' lang='lat' dir='ltr'><strong>et</strong></span> <span class='ocrx_word' id='word_1_90' title='bbox 1211 1749 1413 1817; x_wconf 89' lang='lat' dir='ltr'><strong>justum</strong></span> <span class='ocrx_word' id='word_1_91' title='bbox 1466 1758 1567 1814; x_wconf 91' lang='lat' dir='ltr'><strong>est,</strong></span> <span class='ocrx_word' id='word_1_92' title='bbox 1618 1764 1831 1819; x_wconf 68' lang='lat' dir='ltr'><strong>{equum</strong></span> 
     </span>
    </p>
   </div>
   <div class='ocr_carea' id='block_1_16' title="bbox 1470 359 3513 439">
    <p class='ocr_par' dir='ltr' id='par_1_16' title="bbox 1470 359 3513 439">
     <span class='ocr_line' id='line_1_16' title="bbox 1470 359 3513 439; baseline 0.011 -25"><span class='ocrx_word' id='word_1_93' title='bbox 1470 359 1672 414; x_wconf 80' lang='lat' dir='ltr'><strong>LIBER</strong></span> <span class='ocrx_word' id='word_1_94' title='bbox 1710 361 2343 426; x_wconf 79' lang='lat' dir='ltr'><strong>SACllAMENTORUM.</strong></span> <span class='ocrx_word' id='word_1_95' title='bbox 3454 382 3513 439; x_wconf 77' lang='grc'>51</span> 
     </span>
    </p>
   </div>
   <div class='ocr_carea' id='block_1_17' title="bbox 221 471 1912 545">
    <p class='ocr_par' dir='ltr' id='par_1_17' title="bbox 221 471 1912 545">
     <span class='ocr_line' id='line_1_17' title="bbox 221 471 1912 545; baseline -0.007 -9"><span class='ocrx_word' id='word_1_96' title='bbox 221 484 276 536; x_wconf 87' lang='lat' dir='ltr'><strong>in</strong></span> <span class='ocrx_word' id='word_1_97' title='bbox 308 490 400 533; x_wconf 84' lang='lat' dir='ltr'><strong>tua</strong></span> <span class='ocrx_word' id='word_1_98' title='bbox 427 484 612 531; x_wconf 85' lang='lat' dir='ltr'><strong>tecum</strong></span> <span class='ocrx_word' id='word_1_99' title='bbox 662 475 842 545; x_wconf 80' lang='lat' dir='ltr'><strong>gloria</strong></span> <span class='ocrx_word' id='word_1_100' title='bbox 890 472 1298 542; x_wconf 89' lang='lat' dir='ltr'><strong>sempiternum,</strong></span> <span class='ocrx_word' id='word_1_101' title='bbox 1330 471 1379 543; x_wconf 94' lang='grc'><strong>(1</strong></span> <span class='ocrx_word' id='word_1_102' title='bbox 1400 471 1483 540; x_wconf 84' lang='lat' dir='ltr'><strong>lS)</strong></span> <span class='ocrx_word' id='word_1_103' title='bbox 1534 472 1584 524; x_wconf 92' lang='lat' dir='ltr'><strong>in</strong></span> <span class='ocrx_word' id='word_1_104' title='bbox 1615 473 1836 526; x_wconf 84' lang='lat' dir='ltr'><strong>veritate</strong></span> <span class='ocrx_word' id='word_1_105' title='bbox 1865 477 1912 533; x_wconf 82' lang='grc' dir='ltr'><strong>Α</strong></span> 
     </span>
    </p>
   </div>
   <div class='ocr_carea' id='block_1_18' title="bbox 2010 491 3447 545">
    <p class='ocr_par' dir='ltr' id='par_1_18' title="bbox 2010 491 3447 545">
     <span class='ocr_line' id='line_1_18' title="bbox 2010 491 3447 545; baseline 0.01 -17"><span class='ocrx_word' id='word_1_106' title='bbox 2010 491 2059 529; x_wconf 82' lang='lat' dir='ltr'><strong>vr</strong></span> <span class='ocrx_word' id='word_1_107' title='bbox 2102 495 2222 532; x_wconf 66' lang='grc' dir='ltr'><strong>πμ..</strong></span> <span class='ocrx_word' id='word_1_108' title='bbox 2260 495 2496 536; x_wconf 64' lang='lat' dir='ltr'><strong>unum“</strong></span> <span class='ocrx_word' id='word_1_109' title='bbox 2523 492 2568 537; x_wconf 75' lang='grc' dir='ltr'><strong>ε.</strong></span> <span class='ocrx_word' id='word_1_110' title='bbox 2598 500 2963 544; x_wconf 70' lang='grc' dir='ltr'><strong>-ΝΑΤΠΙΤΛΒ</strong></span> <span class='ocrx_word' id='word_1_111' title='bbox 3004 501 3193 545; x_wconf 62' lang='lat' dir='ltr'><strong>sunt</strong></span> <span class='ocrx_word' id='word_1_112' title='bbox 3235 502 3447 544; x_wconf 64' lang='lat' dir='ltr'><strong>mantus</strong></span> 
     </span>
    </p>
   </div>
   <div class='ocr_carea' id='block_1_19' title="bbox 2529 570 2926 613">
    <p class='ocr_par' dir='ltr' id='par_1_19' title="bbox 2529 570 2926 613">
     <span class='ocr_line' id='line_1_19' title="bbox 2529 570 2926 613; baseline 0.015 -6"><span class='ocrx_word' id='word_1_113' title='bbox 2529 570 2926 613; x_wconf 64' lang='lat' dir='ltr'><strong>EVANGELISTJ‘I.</strong></span> 
     </span>
    </p>
   </div>
   <div class='ocr_carea' id='block_1_20' title="bbox 2011 654 3516 743">
    <p class='ocr_par' dir='ltr' id='par_1_20' title="bbox 2011 654 3516 743">
     <span class='ocr_line' id='line_1_20' title="bbox 2011 654 3516 743; baseline 0.011 -30"><span class='ocrx_word' id='word_1_114' title='bbox 2011 660 2161 731; x_wconf 84' lang='grc'>(122)</span> <span class='ocrx_word' id='word_1_115' title='bbox 2195 664 2488 720; x_wconf 84' lang='lat' dir='ltr'><strong>Ecclesiam</strong></span> <span class='ocrx_word' id='word_1_116' title='bbox 2514 676 2677 736; x_wconf 92' lang='lat' dir='ltr'><strong>tuam,</strong></span> <span class='ocrx_word' id='word_1_117' title='bbox 2723 669 2965 736; x_wconf 88' lang='lat' dir='ltr'><strong>Domine,</strong></span> <span class='ocrx_word' id='word_1_118' title='bbox 2998 674 3260 743; x_wconf 89' lang='lat' dir='ltr'><strong>benignus</strong></span> <span class='ocrx_word' id='word_1_119' title='bbox 3284 654 3516 740; x_wconf 13' lang='lat' dir='ltr'><strong>illus‘tra,</strong></span> 
     </span>
    </p>
   </div>
   <div class='ocr_carea' id='block_1_21' title="bbox 1939 753 3515 832">
    <p class='ocr_par' dir='ltr' id='par_1_21' title="bbox 1939 753 3515 832">
     <span class='ocr_line' id='line_1_21' title="bbox 1939 753 3515 832; baseline 0.013 -30"><span class='ocrx_word' id='word_1_120' title='bbox 1939 758 2015 814; x_wconf 86' lang='lat' dir='ltr'><strong>ut,</strong></span> <span class='ocrx_word' id='word_1_121' title='bbox 2047 753 2186 805; x_wconf 84' lang='lat' dir='ltr'><strong>beati</strong></span> <span class='ocrx_word' id='word_1_122' title='bbox 2238 756 2465 811; x_wconf 82' lang='lat' dir='ltr'><strong>Joannis</strong></span> <span class='ocrx_word' id='word_1_123' title='bbox 2510 762 2853 828; x_wconf 76' lang='lat' dir='ltr'><strong>evangelich</strong></span> <span class='ocrx_word' id='word_1_124' title='bbox 2892 765 3187 820; x_wconf 89' lang='lat' dir='ltr'><strong>illuminata</strong></span> <span class='ocrx_word' id='word_1_125' title='bbox 3236 768 3515 832; x_wconf 79' lang='lat' dir='ltr'><strong>doctrinis,</strong></span> 
     </span>
    </p>
   </div>
   <div class='ocr_carea' id='block_1_22' title="bbox 1937 840 3000 916">
    <p class='ocr_par' dir='ltr' id='par_1_22' title="bbox 1937 840 3000 916">
     <span class='ocr_line' id='line_1_22' title="bbox 1937 840 3000 916; baseline 0.015 -25"><span class='ocrx_word' id='word_1_126' title='bbox 1937 841 2002 892; x_wconf 89' lang='lat' dir='ltr'><strong>ad</strong></span> <span class='ocrx_word' id='word_1_127' title='bbox 2034 840 2170 894; x_wconf 88' lang='lat' dir='ltr'><strong>dona</strong></span> <span class='ocrx_word' id='word_1_128' title='bbox 2202 844 2480 909; x_wconf 87' lang='lat' dir='ltr'><strong>perveniat</strong></span> <span class='ocrx_word' id='word_1_129' title='bbox 2501 851 2848 916; x_wconf 89' lang='lat' dir='ltr'><strong>sempiterna.</strong></span> <span class='ocrx_word' id='word_1_130' title='bbox 2880 853 3000 907; x_wconf 88' lang='lat' dir='ltr'><strong>Per.</strong></span> 
     </span>
    </p>
   </div>
   <div class='ocr_carea' id='block_1_23' title="bbox 2010 931 3513 1014">
    <p class='ocr_par' dir='ltr' id='par_1_23' title="bbox 2010 931 3513 1014">
     <span class='ocr_line' id='line_1_23' title="bbox 2010 931 3513 1014; baseline 0.011 -30"><span class='ocrx_word' id='word_1_131' title='bbox 2010 931 2181 1000; x_wconf 84' lang='lat' dir='ltr'><strong>Super</strong></span> <span class='ocrx_word' id='word_1_132' title='bbox 2210 933 2400 987; x_wconf 82' lang='lat' dir='ltr'><strong>oblata.</strong></span> <span class='ocrx_word' id='word_1_133' title='bbox 2423 965 2493 975; x_wconf 96' lang='lat'><strong><em>—</em></strong></span> <span class='ocrx_word' id='word_1_134' title='bbox 2521 937 2744 1007; x_wconf 91' lang='lat' dir='ltr'><strong>Suscipe</strong></span> <span class='ocrx_word' id='word_1_135' title='bbox 2767 958 3010 1009; x_wconf 90' lang='lat' dir='ltr'><strong>munera,</strong></span> <span class='ocrx_word' id='word_1_136' title='bbox 3041 945 3284 1009; x_wconf 89' lang='lat' dir='ltr'><strong>Domine,</strong></span> <span class='ocrx_word' id='word_1_137' title='bbox 3310 962 3427 1014; x_wconf 73' lang='lat' dir='ltr'><strong>quae</strong></span> <span class='ocrx_word' id='word_1_138' title='bbox 3461 948 3513 1000; x_wconf 91' lang='lat' dir='ltr'><strong>in</strong></span> 
     </span>
    </p>
   </div>
   <div class='ocr_carea' id='block_1_24' title="bbox 1937 1022 3518 1107">
    <p class='ocr_par' dir='ltr' id='par_1_24' title="bbox 1937 1022 3518 1107">
     <span class='ocr_line' id='line_1_24' title="bbox 1937 1022 3518 1107; baseline 0.014 -34"><span class='ocrx_word' id='word_1_139' title='bbox 1937 1022 2054 1088; x_wconf 84' lang='lat' dir='ltr'><strong>ejus</strong></span> <span class='ocrx_word' id='word_1_140' title='bbox 2080 1023 2173 1076; x_wconf 88' lang='lat' dir='ltr'><strong>tibi</strong></span> <span class='ocrx_word' id='word_1_141' title='bbox 2199 1024 2541 1082; x_wconf 86' lang='lat' dir='ltr'><strong>solemnitate</strong></span> <span class='ocrx_word' id='word_1_142' title='bbox 2570 1028 2875 1096; x_wconf 84' lang='lat' dir='ltr'><strong>deferimus,</strong></span> <span class='ocrx_word' id='word_1_143' title='bbox 2910 1036 3061 1103; x_wconf 89' lang='lat' dir='ltr'><strong>cujus</strong></span> <span class='ocrx_word' id='word_1_144' title='bbox 3085 1037 3234 1107; x_wconf 82' lang='grc'>(125)</span> <span class='ocrx_word' id='word_1_145' title='bbox 3264 1053 3360 1092; x_wconf 91' lang='lat' dir='ltr'><strong>nos</strong></span> <span class='ocrx_word' id='word_1_146' title='bbox 3388 1054 3518 1093; x_wconf 85' lang='lat' dir='ltr'><strong>con-</strong></span> 
     </span>
    </p>
   </div>
   <div class='ocr_carea' id='block_1_25' title="bbox 1937 1112 2891 1181">
    <p class='ocr_par' dir='ltr' id='par_1_25' title="bbox 1937 1112 2891 1181">
     <span class='ocr_line' id='line_1_25' title="bbox 1937 1112 2891 1181; baseline 0.012 -17"><span class='ocrx_word' id='word_1_147' title='bbox 1937 1112 2145 1167; x_wconf 79' lang='lat' dir='ltr'><strong>fidimus</strong></span> <span class='ocrx_word' id='word_1_148' title='bbox 2173 1118 2471 1181; x_wconf 87' lang='lat' dir='ltr'><strong>patrocinio</strong></span> <span class='ocrx_word' id='word_1_149' title='bbox 2497 1117 2734 1174; x_wconf 88' lang='lat' dir='ltr'><strong>liberari.</strong></span> <span class='ocrx_word' id='word_1_150' title='bbox 2770 1121 2891 1175; x_wconf 86' lang='lat' dir='ltr'><strong>Per.</strong></span> 
     </span>
    </p>
   </div>
   <div class='ocr_carea' id='block_1_26' title="bbox 2008 1205 3513 1289">
    <p class='ocr_par' dir='ltr' id='par_1_26' title="bbox 2008 1205 3513 1289">
     <span class='ocr_line' id='line_1_26' title="bbox 2008 1205 3513 1289; baseline 0.011 -31"><span class='ocrx_word' id='word_1_151' title='bbox 2008 1205 2279 1274; x_wconf 75' lang='lat' dir='ltr'><strong>Prwfatio.</strong></span> <span class='ocrx_word' id='word_1_152' title='bbox 2305 1238 2375 1250; x_wconf 86' lang='lat'><strong>-—-</strong></span> <span class='ocrx_word' id='word_1_153' title='bbox 2404 1208 2544 1265; x_wconf 89' lang='lat' dir='ltr'><strong>Vere</strong></span> <span class='ocrx_word' id='word_1_154' title='bbox 2585 1211 2803 1282; x_wconf 87' lang='lat' dir='ltr'><strong>dignum</strong></span> <span class='ocrx_word' id='word_1_155' title='bbox 2844 1224 2897 1268; x_wconf 91' lang='lat' dir='ltr'><strong>et</strong></span> <span class='ocrx_word' id='word_1_156' title='bbox 2933 1215 3135 1283; x_wconf 87' lang='lat' dir='ltr'><strong>justum</strong></span> <span class='ocrx_word' id='word_1_157' title='bbox 3168 1228 3269 1283; x_wconf 86' lang='lat' dir='ltr'><strong>est,</strong></span> <span class='ocrx_word' id='word_1_158' title='bbox 3303 1235 3513 1289; x_wconf 79' lang='lat' dir='ltr'><strong>:equum</strong></span> 
     </span>
    </p>
   </div>
   <div class='ocr_carea' id='block_1_27' title="bbox 1936 1298 3515 1379">
    <p class='ocr_par' dir='ltr' id='par_1_27' title="bbox 1936 1298 3515 1379">
     <span class='ocr_line' id='line_1_27' title="bbox 1936 1298 3515 1379; baseline 0.009 -29"><span class='ocrx_word' id='word_1_159' title='bbox 1936 1305 1990 1350; x_wconf 89' lang='lat' dir='ltr'><strong>et</strong></span> <span class='ocrx_word' id='word_1_160' title='bbox 2013 1298 2267 1363; x_wconf 89' lang='lat' dir='ltr'><strong>salutare,</strong></span> <span class='ocrx_word' id='word_1_161' title='bbox 2304 1315 2401 1353; x_wconf 92' lang='lat' dir='ltr'><strong>nos</strong></span> <span class='ocrx_word' id='word_1_162' title='bbox 2434 1301 2527 1354; x_wconf 88' lang='lat' dir='ltr'><strong>tibi</strong></span> <span class='ocrx_word' id='word_1_163' title='bbox 2561 1317 2777 1371; x_wconf 92' lang='lat' dir='ltr'><strong>semper</strong></span> <span class='ocrx_word' id='word_1_164' title='bbox 2805 1313 2859 1357; x_wconf 89' lang='lat' dir='ltr'><strong>et</strong></span> <span class='ocrx_word' id='word_1_165' title='bbox 2886 1305 3082 1374; x_wconf 85' lang='lat' dir='ltr'><strong>ubique</strong></span> <span class='ocrx_word' id='word_1_166' title='bbox 3104 1309 3301 1376; x_wconf 78' lang='lat' dir='ltr'><strong>gratias</strong></span> <span class='ocrx_word' id='word_1_167' title='bbox 3331 1323 3515 1379; x_wconf 84' lang='lat' dir='ltr'><strong>agerc,</strong></span> 
     </span>
    </p>
   </div>
   <div class='ocr_carea' id='block_1_28' title="bbox 1939 1385 3513 1465">
    <p class='ocr_par' dir='ltr' id='par_1_28' title="bbox 1939 1385 3513 1465">
     <span class='ocr_line' id='line_1_28' title="bbox 1939 1385 3513 1465; baseline 0.008 -27"><span class='ocrx_word' id='word_1_168' title='bbox 1939 1385 2160 1441; x_wconf 89' lang='lat' dir='ltr'><strong>Domine</strong></span> <span class='ocrx_word' id='word_1_169' title='bbox 2206 1397 2412 1455; x_wconf 83' lang='lat' dir='ltr'><strong>Sancte,</strong></span> <span class='ocrx_word' id='word_1_170' title='bbox 2473 1388 2632 1445; x_wconf 90' lang='lat' dir='ltr'><strong>Pater</strong></span> <span class='ocrx_word' id='word_1_171' title='bbox 2676 1393 3034 1461; x_wconf 88' lang='lat' dir='ltr'><strong>omnipotens,</strong></span> <span class='ocrx_word' id='word_1_172' title='bbox 3094 1408 3295 1451; x_wconf 80' lang='lat' dir='ltr'><strong>:eterne</strong></span> <span class='ocrx_word' id='word_1_173' title='bbox 3351 1398 3513 1465; x_wconf 87' lang='lat' dir='ltr'><strong>Deus,</strong></span> 
     </span>
    </p>
   </div>
   <div class='ocr_carea' id='block_1_29' title="bbox 1945 1475 3510 1551">
    <p class='ocr_par' dir='ltr' id='par_1_29' title="bbox 1945 1475 3510 1551">
     <span class='ocr_line' id='line_1_29' title="bbox 1945 1475 3510 1551; baseline 0.008 -23"><span class='ocrx_word' id='word_1_174' title='bbox 1945 1475 2084 1529; x_wconf 86' lang='lat' dir='ltr'><strong>beati</strong></span> <span class='ocrx_word' id='word_1_175' title='bbox 2126 1479 2351 1546; x_wconf 75' lang='lat' dir='ltr'><strong>apostoli</strong></span> <span class='ocrx_word' id='word_1_176' title='bbox 2395 1480 2469 1533; x_wconf 93' lang='lat' dir='ltr'><strong>tui</strong></span> <span class='ocrx_word' id='word_1_177' title='bbox 2509 1489 2563 1534; x_wconf 91' lang='lat' dir='ltr'><strong>et</strong></span> <span class='ocrx_word' id='word_1_178' title='bbox 2594 1484 2938 1551; x_wconf 73' lang='lat' dir='ltr'><strong>evangelista:</strong></span> <span class='ocrx_word' id='word_1_179' title='bbox 2963 1484 3179 1540; x_wconf 78' lang='lat' dir='ltr'><strong>Joannis</strong></span> <span class='ocrx_word' id='word_1_180' title='bbox 3208 1488 3510 1541; x_wconf 87' lang='lat' dir='ltr'><strong>veneranda</strong></span> 
     </span>
    </p>
   </div>
   <div class='ocr_carea' id='block_1_30' title="bbox 1945 1567 3517 1641">
    <p class='ocr_par' dir='ltr' id='par_1_30' title="bbox 1945 1567 3517 1641">
     <span class='ocr_line' id='line_1_30' title="bbox 1945 1567 3517 1641; baseline 0.009 -24"><span class='ocrx_word' id='word_1_181' title='bbox 1945 1567 2183 1619; x_wconf 88' lang='lat' dir='ltr'><strong>natalitia</strong></span> <span class='ocrx_word' id='word_1_182' title='bbox 2227 1578 2572 1624; x_wconf 90' lang='lat' dir='ltr'><strong>recensentes</strong></span> <span class='ocrx_word' id='word_1_183' title='bbox 2603 1588 2614 1622; x_wconf 95' lang='lat'>:</span> <span class='ocrx_word' id='word_1_184' title='bbox 2647 1573 2737 1641; x_wconf 88' lang='lat' dir='ltr'><strong>qtti</strong></span> <span class='ocrx_word' id='word_1_185' title='bbox 2771 1573 2979 1628; x_wconf 91' lang='lat' dir='ltr'><strong>Domini</strong></span> <span class='ocrx_word' id='word_1_186' title='bbox 3014 1577 3183 1629; x_wconf 89' lang='lat' dir='ltr'><strong>nostri</strong></span> <span class='ocrx_word' id='word_1_187' title='bbox 3211 1575 3335 1630; x_wconf 85' lang='lat' dir='ltr'><strong>Jesu</strong></span> <span class='ocrx_word' id='word_1_188' title='bbox 3363 1576 3517 1631; x_wconf 85' lang='lat' dir='ltr'><strong>Chri-</strong></span> 
     </span>
    </p>
   </div>
   <div class='ocr_carea' id='block_1_31' title="bbox 1939 1658 3517 1736">
    <p class='ocr_par' dir='ltr' id='par_1_31' title="bbox 1939 1658 3517 1736">
     <span class='ocr_line' id='line_1_31' title="bbox 1939 1658 3517 1736; baseline 0.007 -26"><span class='ocrx_word' id='word_1_189' title='bbox 1939 1659 2008 1710; x_wconf 91' lang='lat' dir='ltr'><strong>sti</strong></span> <span class='ocrx_word' id='word_1_190' title='bbox 2042 1658 2160 1711; x_wconf 64' lang='lat' dir='ltr'><strong>Ftlii</strong></span> <span class='ocrx_word' id='word_1_191' title='bbox 2194 1661 2266 1712; x_wconf 91' lang='lat' dir='ltr'><strong>tui</strong></span> <span class='ocrx_word' id='word_1_192' title='bbox 2299 1662 2575 1716; x_wconf 84' lang='lat' dir='ltr'><strong>vocatione</strong></span> <span class='ocrx_word' id='word_1_193' title='bbox 2610 1674 2856 1731; x_wconf 87' lang='lat' dir='ltr'><strong>suscepta</strong></span> <span class='ocrx_word' id='word_1_194' title='bbox 2887 1676 3157 1720; x_wconf 90' lang='lat' dir='ltr'><strong>terrenum</strong></span> <span class='ocrx_word' id='word_1_195' title='bbox 3191 1668 3393 1735; x_wconf 86' lang='lat' dir='ltr'><strong>respuit</strong></span> <span class='ocrx_word' id='word_1_196' title='bbox 3423 1684 3517 1736; x_wconf 85' lang='lat' dir='ltr'><strong>pa-</strong></span> 
     </span>
    </p>
   </div>
   <div class='ocr_carea' id='block_1_32' title="bbox 1936 1752 3516 1829">
    <p class='ocr_par' dir='ltr' id='par_1_32' title="bbox 1936 1752 3516 1829">
     <span class='ocr_line' id='line_1_32' title="bbox 1936 1752 3516 1829; baseline 0.009 -28"><span class='ocrx_word' id='word_1_197' title='bbox 1936 1757 2096 1814; x_wconf 89' lang='lat' dir='ltr'><strong>trem,</strong></span> <span class='ocrx_word' id='word_1_198' title='bbox 2127 1758 2183 1803; x_wconf 88' lang='lat' dir='ltr'><strong>ut</strong></span> <span class='ocrx_word' id='word_1_199' title='bbox 2213 1760 2391 1818; x_wconf 80' lang='lat' dir='ltr'><strong>passet</strong></span> <span class='ocrx_word' id='word_1_200' title='bbox 2415 1752 2656 1807; x_wconf 85' lang='lat' dir='ltr'><strong>invenire</strong></span> <span class='ocrx_word' id='word_1_201' title='bbox 2686 1756 2987 1821; x_wconf 74' lang='lat' dir='ltr'><strong>cmlestem,</strong></span> <span class='ocrx_word' id='word_1_202' title='bbox 3026 1758 3249 1826; x_wconf 87' lang='lat' dir='ltr'><strong>adeptus</strong></span> <span class='ocrx_word' id='word_1_203' title='bbox 3271 1760 3323 1812; x_wconf 89' lang='lat' dir='ltr'><strong>in</strong></span> <span class='ocrx_word' id='word_1_204' title='bbox 3351 1775 3516 1829; x_wconf 89' lang='lat' dir='ltr'><strong>regno</strong></span> 
     </span>
    </p>
   </div>
   <div class='ocr_carea' id='block_1_33' title="bbox 240 1835 3516 1915">
    <p class='ocr_par' dir='ltr' id='par_1_33' title="bbox 240 1835 3516 1915">
     <span class='ocr_line' id='line_1_33' title="bbox 240 1835 3516 1915; baseline 0.001 -15"><span class='ocrx_word' id='word_1_205' title='bbox 240 1855 294 1900; x_wconf 87' lang='lat' dir='ltr'><strong>et</strong></span> <span class='ocrx_word' id='word_1_206' title='bbox 318 1847 583 1907; x_wconf 80' lang='lat' dir='ltr'><strong>salutare,</strong></span> <span class='ocrx_word' id='word_1_207' title='bbox 616 1856 715 1897; x_wconf 88' lang='lat' dir='ltr'><strong>nos</strong></span> <span class='ocrx_word' id='word_1_208' title='bbox 741 1841 835 1895; x_wconf 89' lang='lat' dir='ltr'><strong>tibi</strong></span> <span class='ocrx_word' id='word_1_209' title='bbox 859 1856 1071 1908; x_wconf 64' lang='lat' dir='ltr'><strong>semper</strong></span> <span class='ocrx_word' id='word_1_210' title='bbox 1098 1850 1150 1893; x_wconf 89' lang='lat' dir='ltr'><strong>et</strong></span> <span class='ocrx_word' id='word_1_211' title='bbox 1195 1838 1393 1905; x_wconf 87' lang='lat' dir='ltr'><strong>ubique</strong></span> <span class='ocrx_word' id='word_1_212' title='bbox 1417 1841 1616 1906; x_wconf 83' lang='lat' dir='ltr'><strong>gratias</strong></span> <span class='ocrx_word' id='word_1_213' title='bbox 1646 1853 1828 1906; x_wconf 74' lang='lat' dir='ltr'><strong>agerc,</strong></span> <span class='ocrx_word' id='word_1_214' title='bbox 1869 1836 1909 1893; x_wconf 86' lang='grc' dir='ltr'><strong>Β</strong></span> <span class='ocrx_word' id='word_1_215' title='bbox 1937 1835 2196 1890; x_wconf 69' lang='lat' dir='ltr'><strong>caelorum</strong></span> <span class='ocrx_word' id='word_1_216' title='bbox 2224 1841 2405 1894; x_wconf 85' lang='lat' dir='ltr'><strong>sedem</strong></span> <span class='ocrx_word' id='word_1_217' title='bbox 2447 1843 2725 1909; x_wconf 88' lang='lat' dir='ltr'><strong>apostolici</strong></span> <span class='ocrx_word' id='word_1_218' title='bbox 2756 1845 3024 1913; x_wconf 90' lang='lat' dir='ltr'><strong>culminis,</strong></span> <span class='ocrx_word' id='word_1_219' title='bbox 3068 1849 3157 1915; x_wconf 90' lang='lat' dir='ltr'><strong>qui</strong></span> <span class='ocrx_word' id='word_1_220' title='bbox 3202 1857 3401 1903; x_wconf 90' lang='lat' dir='ltr'><strong>tantum</strong></span> <span class='ocrx_word' id='word_1_221' title='bbox 3432 1864 3516 1904; x_wconf 84' lang='lat' dir='ltr'><strong>re-</strong></span> 
     </span>
    </p>
   </div>
   <div class='ocr_carea' id='block_1_34' title="bbox 242 1929 1826 1998">
    <p class='ocr_par' dir='ltr' id='par_1_34' title="bbox 242 1929 1826 1998">
     <span class='ocr_line' id='line_1_34' title="bbox 242 1929 1826 1998; baseline -0.005 -8"><span class='ocrx_word' id='word_1_222' title='bbox 242 1936 471 1990; x_wconf 86' lang='lat' dir='ltr'><strong>Domine</strong></span> <span class='ocrx_word' id='word_1_223' title='bbox 524 1941 731 1998; x_wconf 81' lang='lat' dir='ltr'><strong>sancte,</strong></span> <span class='ocrx_word' id='word_1_224' title='bbox 779 1932 937 1987; x_wconf 83' lang='lat' dir='ltr'><strong>Pater</strong></span> <span class='ocrx_word' id='word_1_225' title='bbox 988 1930 1351 1997; x_wconf 88' lang='lat' dir='ltr'><strong>omnipotens,</strong></span> <span class='ocrx_word' id='word_1_226' title='bbox 1407 1938 1606 1982; x_wconf 63' lang='lat' dir='ltr'><strong>aeterne</strong></span> <span class='ocrx_word' id='word_1_227' title='bbox 1665 1929 1826 1997; x_wconf 89' lang='lat' dir='ltr'><strong>Deus,</strong></span> 
     </span>
    </p>
   </div>
   <div class='ocr_carea' id='block_1_35' title="bbox 241 2020 1833 2094">
    <p class='ocr_par' dir='ltr' id='par_1_35' title="bbox 241 2020 1833 2094">
     <span class='ocr_line' id='line_1_35' title="bbox 241 2020 1833 2094; baseline -0.004 -13"><span class='ocrx_word' id='word_1_228' title='bbox 241 2028 390 2081; x_wconf 78' lang='lat' dir='ltr'><strong>beati</strong></span> <span class='ocrx_word' id='word_1_229' title='bbox 416 2025 665 2094; x_wconf 85' lang='lat' dir='ltr'><strong>Stephani</strong></span> <span class='ocrx_word' id='word_1_230' title='bbox 695 2024 869 2077; x_wconf 66' lang='lat' dir='ltr'><strong>levita:</strong></span> <span class='ocrx_word' id='word_1_231' title='bbox 896 2022 1050 2075; x_wconf 89' lang='lat' dir='ltr'><strong>simul</strong></span> <span class='ocrx_word' id='word_1_232' title='bbox 1086 2031 1139 2075; x_wconf 89' lang='lat' dir='ltr'><strong>et</strong></span> <span class='ocrx_word' id='word_1_233' title='bbox 1188 2020 1439 2088; x_wconf 86' lang='lat' dir='ltr'><strong>martyris</strong></span> <span class='ocrx_word' id='word_1_234' title='bbox 1478 2020 1714 2073; x_wconf 84' lang='lat' dir='ltr'><strong>natalitia</strong></span> <span class='ocrx_word' id='word_1_235' title='bbox 1746 2035 1833 2075; x_wconf 83' lang='lat' dir='ltr'><strong>re-</strong></span> 
     </span>
    </p>
   </div>
   <div class='ocr_carea' id='block_1_36' title="bbox 242 2110 1834 2185">
    <p class='ocr_par' dir='ltr' id='par_1_36' title="bbox 242 2110 1834 2185">
     <span class='ocr_line' id='line_1_36' title="bbox 242 2110 1834 2185; baseline -0.004 -14"><span class='ocrx_word' id='word_1_236' title='bbox 242 2119 492 2171; x_wconf 81' lang='lat' dir='ltr'><strong>colentes</strong></span> <span class='ocrx_word' id='word_1_237' title='bbox 516 2133 530 2168; x_wconf 90' lang='lat'>:</span> <span class='ocrx_word' id='word_1_238' title='bbox 554 2114 636 2185; x_wconf 89' lang='lat' dir='ltr'><strong>qui</strong></span> <span class='ocrx_word' id='word_1_239' title='bbox 670 2113 815 2178; x_wconf 89' lang='lat' dir='ltr'><strong>fidei,</strong></span> <span class='ocrx_word' id='word_1_240' title='bbox 850 2113 940 2182; x_wconf 83' lang='lat' dir='ltr'><strong>qui</strong></span> <span class='ocrx_word' id='word_1_241' title='bbox 976 2125 1141 2166; x_wconf 72' lang='lat' dir='ltr'><strong>sacra:</strong></span> <span class='ocrx_word' id='word_1_242' title='bbox 1177 2110 1399 2177; x_wconf 69' lang='lat' dir='ltr'><strong>militiae,</strong></span> <span class='ocrx_word' id='word_1_243' title='bbox 1426 2111 1515 2180; x_wconf 90' lang='lat' dir='ltr'><strong>qui</strong></span> <span class='ocrx_word' id='word_1_244' title='bbox 1554 2111 1834 2180; x_wconf 88' lang='lat' dir='ltr'><strong>dispensa-</strong></span> 
     </span>
    </p>
   </div>
   <div class='ocr_carea' id='block_1_37' title="bbox 246 2203 1833 2275">
    <p class='ocr_par' dir='ltr' id='par_1_37' title="bbox 246 2203 1833 2275">
     <span class='ocr_line' id='line_1_37' title="bbox 246 2203 1833 2275; baseline -0.004 -13"><span class='ocrx_word' id='word_1_245' title='bbox 246 2209 415 2263; x_wconf 86' lang='lat' dir='ltr'><strong>tionis</strong></span> <span class='ocrx_word' id='word_1_246' title='bbox 440 2217 496 2262; x_wconf 86' lang='lat' dir='ltr'><strong>et</strong></span> <span class='ocrx_word' id='word_1_247' title='bbox 523 2207 783 2261; x_wconf 84' lang='lat' dir='ltr'><strong>castitatis</strong></span> <span class='ocrx_word' id='word_1_248' title='bbox 814 2204 1065 2275; x_wconf 62' lang='lat' dir='ltr'><strong>egregiae,</strong></span> <span class='ocrx_word' id='word_1_249' title='bbox 1092 2204 1182 2273; x_wconf 91' lang='lat' dir='ltr'><strong>qui</strong></span> <span class='ocrx_word' id='word_1_250' title='bbox 1230 2203 1628 2273; x_wconf 62' lang='lat' dir='ltr'><strong>praedicationis</strong></span> <span class='ocrx_word' id='word_1_251' title='bbox 1673 2205 1833 2257; x_wconf 83' lang='lat' dir='ltr'><strong>mira-</strong></span> 
     </span>
    </p>
   </div>
   <div class='ocr_carea' id='block_1_38' title="bbox 249 2293 1831 2370">
    <p class='ocr_par' dir='ltr' id='par_1_38' title="bbox 249 2293 1831 2370">
     <span class='ocr_line' id='line_1_38' title="bbox 249 2293 1831 2370; baseline -0.005 -16"><span class='ocrx_word' id='word_1_252' title='bbox 249 2302 484 2370; x_wconf 88' lang='lat' dir='ltr'><strong>bilisque</strong></span> <span class='ocrx_word' id='word_1_253' title='bbox 519 2298 855 2361; x_wconf 62' lang='lat' dir='ltr'><strong>constantiae,</strong></span> <span class='ocrx_word' id='word_1_254' title='bbox 895 2296 981 2364; x_wconf 89' lang='lat' dir='ltr'><strong>qui</strong></span> <span class='ocrx_word' id='word_1_255' title='bbox 1033 2293 1388 2349; x_wconf 83' lang='lat' dir='ltr'><strong>confessionis</strong></span> <span class='ocrx_word' id='word_1_256' title='bbox 1437 2309 1499 2348; x_wconf 90' lang='lat' dir='ltr'><strong>ac</strong></span> <span class='ocrx_word' id='word_1_257' title='bbox 1559 2293 1831 2362; x_wconf 71' lang='lat' dir='ltr'><strong>patientia:</strong></span> 
     </span>
    </p>
   </div>
   <div class='ocr_carea' id='block_1_39' title="bbox 248 2384 1830 2457">
    <p class='ocr_par' dir='ltr' id='par_1_39' title="bbox 248 2384 1830 2457">
     <span class='ocr_line' id='line_1_39' title="bbox 248 2384 1830 2457; baseline -0.005 -12"><span class='ocrx_word' id='word_1_258' title='bbox 248 2390 404 2445; x_wconf 88' lang='lat' dir='ltr'><strong>nobis</strong></span> <span class='ocrx_word' id='word_1_259' title='bbox 430 2389 677 2457; x_wconf 78' lang='lat' dir='ltr'><strong>exempla</strong></span> <span class='ocrx_word' id='word_1_260' title='bbox 705 2386 1007 2442; x_wconf 86' lang='lat' dir='ltr'><strong>veneranda</strong></span> <span class='ocrx_word' id='word_1_261' title='bbox 1037 2385 1332 2455; x_wconf 87' lang='lat' dir='ltr'><strong>proposuit.</strong></span> <span class='ocrx_word' id='word_1_262' title='bbox 1368 2384 1432 2438; x_wconf 87' lang='lat' dir='ltr'><strong>Et</strong></span> <span class='ocrx_word' id='word_1_263' title='bbox 1472 2384 1592 2439; x_wconf 90' lang='lat' dir='ltr'><strong>ideo</strong></span> <span class='ocrx_word' id='word_1_264' title='bbox 1623 2384 1830 2438; x_wconf 84' lang='lat' dir='ltr'><strong>Nativi-</strong></span> 
     </span>
    </p>
   </div>
   <div class='ocr_carea' id='block_1_40' title="bbox 245 2474 1833 2550">
    <p class='ocr_par' dir='ltr' id='par_1_40' title="bbox 245 2474 1833 2550">
     <span class='ocr_line' id='line_1_40' title="bbox 245 2474 1833 2550; baseline -0.003 -17"><span class='ocrx_word' id='word_1_265' title='bbox 245 2479 563 2550; x_wconf 16' lang='lat' dir='ltr'><strong>tatemﬁFilii</strong></span> <span class='ocrx_word' id='word_1_266' title='bbox 596 2480 669 2532; x_wconf 89' lang='lat' dir='ltr'><strong>tui</strong></span> <span class='ocrx_word' id='word_1_267' title='bbox 697 2479 889 2533; x_wconf 84' lang='lat' dir='ltr'><strong>merito</strong></span> <span class='ocrx_word' id='word_1_268' title='bbox 925 2490 1035 2545; x_wconf 73' lang='lat' dir='ltr'><strong>pra:</strong></span> <span class='ocrx_word' id='word_1_269' title='bbox 1081 2476 1289 2530; x_wconf 62' lang='lat' dir='ltr'><strong>caeteris</strong></span> <span class='ocrx_word' id='word_1_270' title='bbox 1320 2475 1583 2543; x_wconf 87' lang='lat' dir='ltr'><strong>passionis</strong></span> <span class='ocrx_word' id='word_1_271' title='bbox 1611 2489 1723 2529; x_wconf 87' lang='lat' dir='ltr'><strong>suae</strong></span> <span class='ocrx_word' id='word_1_272' title='bbox 1754 2474 1833 2529; x_wconf 84' lang='lat' dir='ltr'><strong>fe-</strong></span> 
     </span>
    </p>
   </div>
   <div class='ocr_carea' id='block_1_41' title="bbox 243 2563 1832 2638">
    <p class='ocr_par' dir='ltr' id='par_1_41' title="bbox 243 2563 1832 2638">
     <span class='ocr_line' id='line_1_41' title="bbox 243 2563 1832 2638; baseline -0.004 -13"><span class='ocrx_word' id='word_1_273' title='bbox 243 2572 485 2625; x_wconf 87' lang='lat' dir='ltr'><strong>stivitate</strong></span> <span class='ocrx_word' id='word_1_274' title='bbox 515 2567 879 2638; x_wconf 86' lang='lat' dir='ltr'><strong>prosequitur,</strong></span> <span class='ocrx_word' id='word_1_275' title='bbox 908 2565 1059 2634; x_wconf 86' lang='grc'>(120)</span> <span class='ocrx_word' id='word_1_276' title='bbox 1101 2565 1251 2633; x_wconf 89' lang='lat' dir='ltr'><strong>cujus</strong></span> <span class='ocrx_word' id='word_1_277' title='bbox 1280 2563 1461 2631; x_wconf 76' lang='lat' dir='ltr'><strong>gloria:</strong></span> <span class='ocrx_word' id='word_1_278' title='bbox 1488 2563 1832 2631; x_wconf 60' lang='lat' dir='ltr'><strong>sempiternae</strong></span> 
     </span>
    </p>
   </div>
   <div class='ocr_carea' id='block_1_42' title="bbox 245 2654 1832 2729">
    <p class='ocr_par' dir='ltr' id='par_1_42' title="bbox 245 2654 1832 2729">
     <span class='ocr_line' id='line_1_42' title="bbox 245 2654 1832 2729; baseline -0.004 -15"><span class='ocrx_word' id='word_1_279' title='bbox 245 2663 454 2728; x_wconf 86' lang='lat' dir='ltr'><strong>primus</strong></span> <span class='ocrx_word' id='word_1_280' title='bbox 496 2669 699 2729; x_wconf 79' lang='lat' dir='ltr'><strong>martyr</strong></span> <span class='ocrx_word' id='word_1_281' title='bbox 745 2656 999 2713; x_wconf 88' lang='lat' dir='ltr'><strong>occurrit.</strong></span> <span class='ocrx_word' id='word_1_282' title='bbox 1036 2654 1187 2726; x_wconf 87' lang='grc'>(121)</span> <span class='ocrx_word' id='word_1_283' title='bbox 1224 2655 1326 2710; x_wconf 85' lang='lat' dir='ltr'><strong>Per</strong></span> <span class='ocrx_word' id='word_1_284' title='bbox 1378 2669 1536 2725; x_wconf 91' lang='lat' dir='ltr'><strong>quem</strong></span> <span class='ocrx_word' id='word_1_285' title='bbox 1586 2654 1832 2724; x_wconf 78' lang='lat' dir='ltr'><strong>Majesta-</strong></span> 
     </span>
    </p>
   </div>
   <div class='ocr_carea' id='block_1_43' title="bbox 245 2750 523 2811">
    <p class='ocr_par' dir='ltr' id='par_1_43' title="bbox 245 2750 523 2811">
     <span class='ocr_line' id='line_1_43' title="bbox 245 2750 523 2811; baseline -0.011 -4"><span class='ocrx_word' id='word_1_286' title='bbox 245 2750 382 2811; x_wconf 81' lang='lat' dir='ltr'><strong>tém.</strong></span> <span class='ocrx_word' id='word_1_287' title='bbox 417 2761 523 2807; x_wconf 87' lang='lat' dir='ltr'><strong>etc.</strong></span> 
     </span>
    </p>
   </div>
   <div class='ocr_carea' id='block_1_44' title="bbox 324 2834 1831 2915">
    <p class='ocr_par' dir='ltr' id='par_1_44' title="bbox 324 2834 1831 2915">
     <span class='ocr_line' id='line_1_44' title="bbox 324 2834 1831 2915; baseline -0.005 -18"><span class='ocrx_word' id='word_1_288' title='bbox 324 2845 429 2915; x_wconf 80' lang='grc' dir='ltr'><strong>ιο</strong></span> <span class='ocrx_word' id='word_1_289' title='bbox 468 2841 787 2896; x_wconf 77' lang='lat' dir='ltr'><strong>Benedictio.</strong></span> <span class='ocrx_word' id='word_1_290' title='bbox 812 2868 884 2880; x_wconf 93' lang='lat'><strong>-</strong></span> <span class='ocrx_word' id='word_1_291' title='bbox 917 2840 1052 2893; x_wconf 87' lang='lat' dir='ltr'><strong>Dcus</strong></span> <span class='ocrx_word' id='word_1_292' title='bbox 1096 2836 1189 2908; x_wconf 87' lang='lat' dir='ltr'><strong>qui</strong></span> <span class='ocrx_word' id='word_1_293' title='bbox 1225 2836 1443 2891; x_wconf 90' lang='lat' dir='ltr'><strong>beatum</strong></span> <span class='ocrx_word' id='word_1_294' title='bbox 1501 2834 1831 2901; x_wconf 78' lang='lat' dir='ltr'><strong>Stephanum</strong></span> 
     </span>
    </p>
   </div>
   <div class='ocr_carea' id='block_1_45' title="bbox 248 2923 1832 3007">
    <p class='ocr_par' dir='ltr' id='par_1_45' title="bbox 248 2923 1832 3007">
     <span class='ocr_line' id='line_1_45' title="bbox 248 2923 1832 3007; baseline -0.007 -17"><span class='ocrx_word' id='word_1_295' title='bbox 248 2945 701 3007; x_wconf 87' lang='lat' dir='ltr'><strong>protomartyrern</strong></span> <span class='ocrx_word' id='word_1_296' title='bbox 749 2934 1048 2995; x_wconf 85' lang='lat' dir='ltr'><strong>coronavit,</strong></span> <span class='ocrx_word' id='word_1_297' title='bbox 1100 2936 1156 2983; x_wconf 90' lang='lat' dir='ltr'><strong>et</strong></span> <span class='ocrx_word' id='word_1_298' title='bbox 1194 2927 1537 2983; x_wconf 81' lang='lat' dir='ltr'><strong>confessione</strong></span> <span class='ocrx_word' id='word_1_299' title='bbox 1586 2923 1732 2991; x_wconf 84' lang='lat' dir='ltr'><strong>ﬁdei,</strong></span> <span class='ocrx_word' id='word_1_300' title='bbox 1776 2934 1832 2979; x_wconf 90' lang='lat' dir='ltr'><strong>et</strong></span> 
     </span>
    </p>
   </div>
   <div class='ocr_carea' id='block_1_46' title="bbox 244 3020 1833 3099">
    <p class='ocr_par' dir='ltr' id='par_1_46' title="bbox 244 3020 1833 3099">
     <span class='ocr_line' id='line_1_46' title="bbox 244 3020 1833 3099; baseline -0.006 -16"><span class='ocrx_word' id='word_1_301' title='bbox 244 3029 424 3099; x_wconf 75' lang='lat' dir='ltr'><strong>agone</strong></span> <span class='ocrx_word' id='word_1_302' title='bbox 452 3027 717 3098; x_wconf 81' lang='lat' dir='ltr'><strong>martyrii,</strong></span> <span class='ocrx_word' id='word_1_303' title='bbox 747 3035 954 3080; x_wconf 89' lang='lat' dir='ltr'><strong>mentes</strong></span> <span class='ocrx_word' id='word_1_304' title='bbox 975 3035 1181 3079; x_wconf 87' lang='lat' dir='ltr'><strong>vestras</strong></span> <span class='ocrx_word' id='word_1_305' title='bbox 1200 3020 1516 3085; x_wconf 90' lang='lat' dir='ltr'><strong>circumdet,</strong></span> <span class='ocrx_word' id='word_1_306' title='bbox 1545 3029 1600 3075; x_wconf 88' lang='lat' dir='ltr'><strong>et</strong></span> <span class='ocrx_word' id='word_1_307' title='bbox 1628 3021 1680 3073; x_wconf 93' lang='lat' dir='ltr'><strong>in</strong></span> <span class='ocrx_word' id='word_1_308' title='bbox 1702 3034 1833 3089; x_wconf 73' lang='lat' dir='ltr'><strong>prae-</strong></span> 
     </span>
    </p>
   </div>
   <div class='ocr_carea' id='block_1_47' title="bbox 250 3102 1831 3183">
    <p class='ocr_par' dir='ltr' id='par_1_47' title="bbox 250 3102 1831 3183">
     <span class='ocr_line' id='line_1_47' title="bbox 250 3102 1831 3183; baseline -0.006 -9"><span class='ocrx_word' id='word_1_309' title='bbox 250 3121 385 3175; x_wconf 86' lang='lat' dir='ltr'><strong>senti</strong></span> <span class='ocrx_word' id='word_1_310' title='bbox 414 3118 615 3173; x_wconf 69' lang='lat' dir='ltr'><strong>mulo</strong></span> <span class='ocrx_word' id='word_1_311' title='bbox 657 3131 856 3171; x_wconf 87' lang='lat' dir='ltr'><strong>corona</strong></span> <span class='ocrx_word' id='word_1_312' title='bbox 882 3102 1121 3183; x_wconf 61' lang='lat' dir='ltr'><strong>iustitiae,</strong></span> <span class='ocrx_word' id='word_1_313' title='bbox 1173 3122 1229 3167; x_wconf 90' lang='lat' dir='ltr'><strong>et</strong></span> <span class='ocrx_word' id='word_1_314' title='bbox 1275 3112 1329 3165; x_wconf 92' lang='lat' dir='ltr'><strong>in</strong></span> <span class='ocrx_word' id='word_1_315' title='bbox 1362 3112 1542 3165; x_wconf 89' lang='lat' dir='ltr'><strong>futuro</strong></span> <span class='ocrx_word' id='word_1_316' title='bbox 1576 3112 1831 3179; x_wconf 84' lang='lat' dir='ltr'><strong>perducat</strong></span> 
     </span>
    </p>
   </div>
   <div class='ocr_carea' id='block_1_48' title="bbox 1936 1928 3515 2008">
    <p class='ocr_par' dir='ltr' id='par_1_48' title="bbox 1936 1928 3515 2008">
     <span class='ocr_line' id='line_1_48' title="bbox 1936 1928 3515 2008; baseline 0.009 -29"><span class='ocrx_word' id='word_1_317' title='bbox 1936 1928 2005 1980; x_wconf 88' lang='lat' dir='ltr'><strong>tia</strong></span> <span class='ocrx_word' id='word_1_318' title='bbox 2041 1928 2191 1998; x_wconf 72' lang='grc'>(124)</span> <span class='ocrx_word' id='word_1_319' title='bbox 2222 1932 2456 1986; x_wconf 88' lang='lat' dir='ltr'><strong>carnalia</strong></span> <span class='ocrx_word' id='word_1_320' title='bbox 2484 1938 3191 2007; x_wconf 84' lang='lat' dir='ltr'><strong>contempseratgenitoris;</strong></span> <span class='ocrx_word' id='word_1_321' title='bbox 3222 1941 3417 2008; x_wconf 91' lang='lat' dir='ltr'><strong>quique</strong></span> <span class='ocrx_word' id='word_1_322' title='bbox 3446 1941 3515 1994; x_wconf 92' lang='lat' dir='ltr'><strong>ab</strong></span> 
     </span>
    </p>
   </div>
   <div class='ocr_carea' id='block_1_49' title="bbox 1940 2018 3509 2096">
    <p class='ocr_par' dir='ltr' id='par_1_49' title="bbox 1940 2018 3509 2096">
     <span class='ocr_line' id='line_1_49' title="bbox 1940 2018 3509 2096; baseline 0.008 -25"><span class='ocrx_word' id='word_1_323' title='bbox 1940 2018 2220 2087; x_wconf 88' lang='lat' dir='ltr'><strong>Unigenito</strong></span> <span class='ocrx_word' id='word_1_324' title='bbox 2268 2031 2357 2076; x_wconf 92' lang='lat' dir='ltr'><strong>tuo</strong></span> <span class='ocrx_word' id='word_1_325' title='bbox 2388 2023 2465 2078; x_wconf 90' lang='lat' dir='ltr'><strong>sic</strong></span> <span class='ocrx_word' id='word_1_326' title='bbox 2511 2024 2841 2081; x_wconf 90' lang='lat' dir='ltr'><strong>familiariter</strong></span> <span class='ocrx_word' id='word_1_327' title='bbox 2884 2036 2967 2082; x_wconf 89' lang='lat' dir='ltr'><strong>est</strong></span> <span class='ocrx_word' id='word_1_328' title='bbox 3010 2031 3257 2096; x_wconf 89' lang='lat' dir='ltr'><strong>dilectus,</strong></span> <span class='ocrx_word' id='word_1_329' title='bbox 3291 2042 3345 2085; x_wconf 91' lang='lat' dir='ltr'><strong>et</strong></span> <span class='ocrx_word' id='word_1_330' title='bbox 3394 2033 3509 2085; x_wconf 90' lang='lat' dir='ltr'><strong>im—</strong></span> 
     </span>
    </p>
   </div>
   <div class='ocr_carea' id='block_1_50' title="bbox 1935 2112 3508 2191">
    <p class='ocr_par' dir='ltr' id='par_1_50' title="bbox 1935 2112 3508 2191">
     <span class='ocr_line' id='line_1_50' title="bbox 1935 2112 3508 2191; baseline 0.006 -29"><span class='ocrx_word' id='word_1_331' title='bbox 1935 2124 2139 2165; x_wconf 78' lang='lat' dir='ltr'><strong>mensa:</strong></span> <span class='ocrx_word' id='word_1_332' title='bbox 2178 2112 2363 2180; x_wconf 64' lang='lat' dir='ltr'><strong>gratiae</strong></span> <span class='ocrx_word' id='word_1_333' title='bbox 2411 2115 2719 2169; x_wconf 90' lang='lat' dir='ltr'><strong>muneribus</strong></span> <span class='ocrx_word' id='word_1_334' title='bbox 2767 2118 3113 2185; x_wconf 89' lang='lat' dir='ltr'><strong>approbatus,</strong></span> <span class='ocrx_word' id='word_1_335' title='bbox 3147 2128 3205 2172; x_wconf 93' lang='lat' dir='ltr'><strong>ut</strong></span> <span class='ocrx_word' id='word_1_336' title='bbox 3252 2134 3373 2173; x_wconf 92' lang='lat' dir='ltr'><strong>eum</strong></span> <span class='ocrx_word' id='word_1_337' title='bbox 3411 2125 3508 2191; x_wconf 78' lang='grc' dir='ltr'><strong>ιι</strong></span> 
     </span>
    </p>
   </div>
   <div class='ocr_carea' id='block_1_51' title="bbox 1934 2201 3512 2278">
    <p class='ocr_par' dir='ltr' id='par_1_51' title="bbox 1934 2201 3512 2278">
     <span class='ocr_line' id='line_1_51' title="bbox 1934 2201 3512 2278; baseline 0.005 -23"><span class='ocrx_word' id='word_1_338' title='bbox 1934 2201 2075 2256; x_wconf 85' lang='lat' dir='ltr'><strong>idem</strong></span> <span class='ocrx_word' id='word_1_339' title='bbox 2105 2203 2362 2258; x_wconf 92' lang='lat' dir='ltr'><strong>Dominus</strong></span> <span class='ocrx_word' id='word_1_340' title='bbox 2395 2203 2447 2258; x_wconf 92' lang='lat' dir='ltr'><strong>in</strong></span> <span class='ocrx_word' id='word_1_341' title='bbox 2489 2220 2647 2260; x_wconf 91' lang='lat' dir='ltr'><strong>cruce</strong></span> <span class='ocrx_word' id='word_1_342' title='bbox 2665 2206 2774 2275; x_wconf 89' lang='lat' dir='ltr'><strong>jam</strong></span> <span class='ocrx_word' id='word_1_343' title='bbox 2816 2208 3040 2276; x_wconf 90' lang='lat' dir='ltr'><strong>positus,</strong></span> <span class='ocrx_word' id='word_1_344' title='bbox 3070 2208 3223 2278; x_wconf 79' lang='grc'>(125)</span> <span class='ocrx_word' id='word_1_345' title='bbox 3257 2210 3512 2263; x_wconf 85' lang='lat' dir='ltr'><strong>vicarium</strong></span> 
     </span>
    </p>
   </div>
   <div class='ocr_carea' id='block_1_52' title="bbox 1932 2294 3515 2366">
    <p class='ocr_par' dir='ltr' id='par_1_52' title="bbox 1932 2294 3515 2366">
     <span class='ocr_line' id='line_1_52' title="bbox 1932 2294 3515 2366; baseline 0.006 -21"><span class='ocrx_word' id='word_1_346' title='bbox 1932 2306 2045 2345; x_wconf 67' lang='lat' dir='ltr'><strong>sua:</strong></span> <span class='ocrx_word' id='word_1_347' title='bbox 2068 2294 2224 2346; x_wconf 89' lang='lat' dir='ltr'><strong>matri</strong></span> <span class='ocrx_word' id='word_1_348' title='bbox 2252 2294 2450 2362; x_wconf 79' lang='lat' dir='ltr'><strong>Virgini</strong></span> <span class='ocrx_word' id='word_1_349' title='bbox 2481 2295 2645 2349; x_wconf 76' lang='lat' dir='ltr'><strong>illium</strong></span> <span class='ocrx_word' id='word_1_350' title='bbox 2679 2298 3015 2366; x_wconf 89' lang='lat' dir='ltr'><strong>subrogaret,</strong></span> <span class='ocrx_word' id='word_1_351' title='bbox 3052 2306 3313 2366; x_wconf 90' lang='lat' dir='ltr'><strong>quatenus</strong></span> <span class='ocrx_word' id='word_1_352' title='bbox 3344 2299 3515 2354; x_wconf 75' lang='lat' dir='ltr'><strong>beata:</strong></span> 
     </span>
    </p>
   </div>
   <div class='ocr_carea' id='block_1_53' title="bbox 1933 2382 3514 2457">
    <p class='ocr_par' dir='ltr' id='par_1_53' title="bbox 1933 2382 3514 2457">
     <span class='ocr_line' id='line_1_53' title="bbox 1933 2382 3514 2457; baseline 0.003 -20"><span class='ocrx_word' id='word_1_353' title='bbox 1933 2382 2220 2438; x_wconf 86' lang='lat' dir='ltr'><strong>Genitricis</strong></span> <span class='ocrx_word' id='word_1_354' title='bbox 2286 2384 2575 2454; x_wconf 83' lang='lat' dir='ltr'><strong>integritati</strong></span> <span class='ocrx_word' id='word_1_355' title='bbox 2644 2387 2851 2454; x_wconf 88' lang='lat' dir='ltr'><strong>probati</strong></span> <span class='ocrx_word' id='word_1_356' title='bbox 2913 2388 3199 2457; x_wconf 86' lang='lat' dir='ltr'><strong>dilectique</strong></span> <span class='ocrx_word' id='word_1_357' title='bbox 3267 2388 3514 2457; x_wconf 89' lang='lat' dir='ltr'><strong>discipuli</strong></span> 
     </span>
    </p>
   </div>
   <div class='ocr_carea' id='block_1_54' title="bbox 1933 2474 3517 2547">
    <p class='ocr_par' dir='ltr' id='par_1_54' title="bbox 1933 2474 3517 2547">
     <span class='ocr_line' id='line_1_54' title="bbox 1933 2474 3517 2547; baseline 0.002 -20"><span class='ocrx_word' id='word_1_358' title='bbox 1933 2474 2209 2543; x_wconf 78' lang='lat' dir='ltr'><strong>virginitas</strong></span> <span class='ocrx_word' id='word_1_359' title='bbox 2249 2475 2564 2530; x_wconf 88' lang='lat' dir='ltr'><strong>deserviret.</strong></span> <span class='ocrx_word' id='word_1_360' title='bbox 2602 2476 2733 2530; x_wconf 79' lang='lat' dir='ltr'><strong>Nam</strong></span> <span class='ocrx_word' id='word_1_361' title='bbox 2774 2486 2829 2532; x_wconf 91' lang='lat' dir='ltr'><strong>et</strong></span> <span class='ocrx_word' id='word_1_362' title='bbox 2853 2476 2905 2530; x_wconf 94' lang='lat' dir='ltr'><strong>in</strong></span> <span class='ocrx_word' id='word_1_363' title='bbox 2948 2492 3119 2532; x_wconf 72' lang='lat' dir='ltr'><strong>ccena:</strong></span> <span class='ocrx_word' id='word_1_364' title='bbox 3150 2478 3390 2547; x_wconf 65' lang='lat' dir='ltr'><strong>mysticae</strong></span> <span class='ocrx_word' id='word_1_365' title='bbox 3436 2493 3517 2533; x_wconf 84' lang='lat' dir='ltr'><strong>sa-</strong></span> 
     </span>
    </p>
   </div>
   <div class='ocr_carea' id='block_1_55' title="bbox 1940 2567 3510 2635">
    <p class='ocr_par' dir='ltr' id='par_1_55' title="bbox 1940 2567 3510 2635">
     <span class='ocr_line' id='line_1_55' title="bbox 1940 2567 3510 2635; baseline 0.001 -17"><span class='ocrx_word' id='word_1_366' title='bbox 1940 2575 2226 2619; x_wconf 88' lang='lat' dir='ltr'><strong>crosancto</strong></span> <span class='ocrx_word' id='word_1_367' title='bbox 2269 2567 2515 2621; x_wconf 90' lang='lat' dir='ltr'><strong>convivio</strong></span> <span class='ocrx_word' id='word_1_368' title='bbox 2552 2581 2715 2635; x_wconf 84' lang='lat' dir='ltr'><strong>super</strong></span> <span class='ocrx_word' id='word_1_369' title='bbox 2756 2567 2932 2635; x_wconf 89' lang='lat' dir='ltr'><strong>ipsum</strong></span> <span class='ocrx_word' id='word_1_370' title='bbox 2959 2569 3083 2620; x_wconf 67' lang='lat' dir='ltr'><strong>vitae</strong></span> <span class='ocrx_word' id='word_1_371' title='bbox 3117 2567 3317 2621; x_wconf 79' lang='lat' dir='ltr'><strong>fontem</strong></span> <span class='ocrx_word' id='word_1_372' title='bbox 3348 2574 3510 2620; x_wconf 62' lang='lat' dir='ltr'><strong>tetero</strong></span> 
     </span>
    </p>
   </div>
   <div class='ocr_carea' id='block_1_56' title="bbox 1939 2653 3513 2733">
    <p class='ocr_par' dir='ltr' id='par_1_56' title="bbox 1939 2653 3513 2733">
     <span class='ocr_line' id='line_1_56' title="bbox 1939 2653 3513 2733; baseline 0.003 -29"><span class='ocrx_word' id='word_1_373' title='bbox 1939 2666 2093 2717; x_wconf 90' lang='lat' dir='ltr'><strong>num,</strong></span> <span class='ocrx_word' id='word_1_374' title='bbox 2121 2653 2327 2708; x_wconf 76' lang='lat' dir='ltr'><strong>scilicet</strong></span> <span class='ocrx_word' id='word_1_375' title='bbox 2359 2663 2546 2733; x_wconf 83' lang='lat' dir='ltr'><strong>pectus</strong></span> <span class='ocrx_word' id='word_1_376' title='bbox 2588 2654 2905 2708; x_wconf 88' lang='lat' dir='ltr'><strong>recubnerat</strong></span> <span class='ocrx_word' id='word_1_377' title='bbox 2947 2654 3258 2710; x_wconf 88' lang='lat' dir='ltr'><strong>Salvatoris.</strong></span> <span class='ocrx_word' id='word_1_378' title='bbox 3296 2655 3370 2708; x_wconf 91' lang='lat' dir='ltr'><strong>De</strong></span> <span class='ocrx_word' id='word_1_379' title='bbox 3406 2668 3513 2723; x_wconf 87' lang='lat' dir='ltr'><strong>quo</strong></span> 
     </span>
    </p>
   </div>
   <div class='ocr_carea' id='block_1_57' title="bbox 1939 2744 3520 2811">
    <p class='ocr_par' dir='ltr' id='par_1_57' title="bbox 1939 2744 3520 2811">
     <span class='ocr_line' id='line_1_57' title="bbox 1939 2744 3520 2811; baseline 0.002 -13"><span class='ocrx_word' id='word_1_380' title='bbox 1939 2744 2246 2811; x_wconf 89' lang='lat' dir='ltr'><strong>perenniter</strong></span> <span class='ocrx_word' id='word_1_381' title='bbox 2290 2748 2559 2799; x_wconf 88' lang='lat' dir='ltr'><strong>manantia</strong></span> <span class='ocrx_word' id='word_1_382' title='bbox 2604 2746 2843 2801; x_wconf 74' lang='lat' dir='ltr'><strong>cmlestis</strong></span> <span class='ocrx_word' id='word_1_383' title='bbox 2885 2746 3134 2800; x_wconf 88' lang='lat' dir='ltr'><strong>hauriens</strong></span> <span class='ocrx_word' id='word_1_384' title='bbox 3180 2747 3379 2801; x_wconf 81' lang='lat' dir='ltr'><strong>fluenta</strong></span> <span class='ocrx_word' id='word_1_385' title='bbox 3420 2748 3520 2801; x_wconf 81' lang='lat' dir='ltr'><strong>do—</strong></span> 
     </span>
    </p>
   </div>
   <div class='ocr_carea' id='block_1_58' title="bbox 1935 2834 3521 2907">
    <p class='ocr_par' dir='ltr' id='par_1_58' title="bbox 1935 2834 3521 2907">
     <span class='ocr_line' id='line_1_58' title="bbox 1935 2834 3521 2907; baseline 0.001 -18"><span class='ocrx_word' id='word_1_386' title='bbox 1935 2835 2147 2900; x_wconf 79' lang='lat' dir='ltr'><strong>ctrinze,</strong></span> <span class='ocrx_word' id='word_1_387' title='bbox 2179 2844 2285 2888; x_wconf 91' lang='lat' dir='ltr'><strong>tam</strong></span> <span class='ocrx_word' id='word_1_388' title='bbox 2309 2834 2589 2904; x_wconf 89' lang='lat' dir='ltr'><strong>profundis</strong></span> <span class='ocrx_word' id='word_1_389' title='bbox 2618 2851 2681 2892; x_wconf 83' lang='lat' dir='ltr'><strong>ac</strong></span> <span class='ocrx_word' id='word_1_390' title='bbox 2718 2838 2959 2907; x_wconf 76' lang='lat' dir='ltr'><strong>mysticis</strong></span> <span class='ocrx_word' id='word_1_391' title='bbox 2989 2837 3406 2891; x_wconf 87' lang='lat' dir='ltr'><strong>revelationibus</strong></span> <span class='ocrx_word' id='word_1_392' title='bbox 3434 2845 3521 2892; x_wconf 90' lang='lat' dir='ltr'><strong>est</strong></span> 
     </span>
    </p>
   </div>
   <div class='ocr_carea' id='block_1_59' title="bbox 1935 2914 3518 2994">
    <p class='ocr_par' dir='ltr' id='par_1_59' title="bbox 1935 2914 3518 2994">
     <span class='ocr_line' id='line_1_59' title="bbox 1935 2914 3518 2994; baseline -0.001 -15"><span class='ocrx_word' id='word_1_393' title='bbox 1935 2914 2188 2991; x_wconf 71' lang='lat' dir='ltr'><strong>imbutus,</strong></span> <span class='ocrx_word' id='word_1_394' title='bbox 2230 2935 2286 2978; x_wconf 90' lang='lat' dir='ltr'><strong>ut</strong></span> <span class='ocrx_word' id='word_1_395' title='bbox 2336 2939 2548 2979; x_wconf 86' lang='lat' dir='ltr'><strong>omnem</strong></span> <span class='ocrx_word' id='word_1_396' title='bbox 2597 2925 2997 2994; x_wconf 82' lang='lat' dir='ltr'><strong>transgrediens</strong></span> <span class='ocrx_word' id='word_1_397' title='bbox 3044 2935 3370 2991; x_wconf 83' lang='lat' dir='ltr'><strong>creaturam,</strong></span> <span class='ocrx_word' id='word_1_398' title='bbox 3422 2940 3518 2979; x_wconf 76' lang='lat' dir='ltr'><strong>ex-</strong></span> 
     </span>
    </p>
   </div>
   <div class='ocr_carea' id='block_1_60' title="bbox 1933 3014 3517 3086">
    <p class='ocr_par' dir='ltr' id='par_1_60' title="bbox 1933 3014 3517 3086">
     <span class='ocr_line' id='line_1_60' title="bbox 1933 3014 3517 3086; baseline -0.003 -15"><span class='ocrx_word' id='word_1_399' title='bbox 1933 3018 2076 3072; x_wconf 90' lang='lat' dir='ltr'><strong>celsa</strong></span> <span class='ocrx_word' id='word_1_400' title='bbox 2106 3025 2288 3071; x_wconf 90' lang='lat' dir='ltr'><strong>mente</strong></span> <span class='ocrx_word' id='word_1_401' title='bbox 2317 3016 2678 3086; x_wconf 86' lang='lat' dir='ltr'><strong>conspiceret,</strong></span> <span class='ocrx_word' id='word_1_402' title='bbox 2717 3024 2772 3070; x_wconf 86' lang='lat' dir='ltr'><strong>et</strong></span> <span class='ocrx_word' id='word_1_403' title='bbox 2797 3015 3105 3084; x_wconf 89' lang='lat' dir='ltr'><strong>evangelica</strong></span> <span class='ocrx_word' id='word_1_404' title='bbox 3134 3028 3266 3069; x_wconf 89' lang='lat' dir='ltr'><strong>voce</strong></span> <span class='ocrx_word' id='word_1_405' title='bbox 3307 3014 3517 3083; x_wconf 89' lang='lat' dir='ltr'><strong>profer-</strong></span> 
     </span>
    </p>
   </div>
   <div class='ocr_carea' id='block_1_61' title="bbox 1935 3106 3517 3176">
    <p class='ocr_par' dir='ltr' id='par_1_61' title="bbox 1935 3106 3517 3176">
     <span class='ocr_line' id='line_1_61' title="bbox 1935 3106 3517 3176; baseline 0 -16"><span class='ocrx_word' id='word_1_406' title='bbox 1935 3115 2020 3160; x_wconf 89' lang='lat' dir='ltr'><strong>ret</strong></span> <span class='ocrx_word' id='word_1_407' title='bbox 2060 3106 2278 3175; x_wconf 90' lang='lat' dir='ltr'><strong>quodin</strong></span> <span class='ocrx_word' id='word_1_408' title='bbox 2312 3107 2576 3176; x_wconf 89' lang='lat' dir='ltr'><strong>principio</strong></span> <span class='ocrx_word' id='word_1_409' title='bbox 2619 3116 2737 3161; x_wconf 91' lang='lat' dir='ltr'><strong>erat</strong></span> <span class='ocrx_word' id='word_1_410' title='bbox 2761 3106 3018 3175; x_wconf 89' lang='lat' dir='ltr'><strong>Verbum,</strong></span> <span class='ocrx_word' id='word_1_411' title='bbox 3047 3117 3101 3162; x_wconf 89' lang='lat' dir='ltr'><strong>et</strong></span> <span class='ocrx_word' id='word_1_412' title='bbox 3127 3106 3363 3161; x_wconf 88' lang='lat' dir='ltr'><strong>Verbum</strong></span> <span class='ocrx_word' id='word_1_413' title='bbox 3399 3116 3517 3162; x_wconf 88' lang='lat' dir='ltr'><strong>erat</strong></span> 
     </span>
    </p>
   </div>
   <div class='ocr_carea' id='block_1_62' title="bbox 257 3196 3516 3277">
    <p class='ocr_par' dir='ltr' id='par_1_62' title="bbox 257 3196 3516 3277">
     <span class='ocr_line' id='line_1_62' title="bbox 257 3196 3516 3277; baseline -0.004 -12"><span class='ocrx_word' id='word_1_414' title='bbox 257 3226 347 3266; x_wconf 81' lang='lat' dir='ltr'><strong>vos</strong></span> <span class='ocrx_word' id='word_1_415' title='bbox 371 3211 438 3264; x_wconf 84' lang='lat' dir='ltr'><strong>ad</strong></span> <span class='ocrx_word' id='word_1_416' title='bbox 468 3223 724 3265; x_wconf 85' lang='lat' dir='ltr'><strong>coronam</strong></span> <span class='ocrx_word' id='word_1_417' title='bbox 751 3208 957 3277; x_wconf 63' lang='lat' dir='ltr'><strong>gloriae.</strong></span> <span class='ocrx_word' id='word_1_418' title='bbox 982 3208 1175 3259; x_wconf 77' lang='lat' dir='ltr'><strong>Amen.</strong></span> <span class='ocrx_word' id='word_1_419' title='bbox 1206 3204 1353 3258; x_wconf 90' lang='lat' dir='ltr'><strong>Illius</strong></span> <span class='ocrx_word' id='word_1_420' title='bbox 1376 3202 1599 3257; x_wconf 91' lang='lat' dir='ltr'><strong>obtentu</strong></span> <span class='ocrx_word' id='word_1_421' title='bbox 1631 3200 1829 3256; x_wconf 89' lang='lat' dir='ltr'><strong>tribuat</strong></span> <span class='ocrx_word' id='word_1_422' title='bbox 1855 3196 1904 3260; x_wconf 84' lang='lat' dir='ltr'><strong><em>C</em></strong></span> <span class='ocrx_word' id='word_1_423' title='bbox 1934 3199 2071 3267; x_wconf 90' lang='lat' dir='ltr'><strong>apud</strong></span> <span class='ocrx_word' id='word_1_424' title='bbox 2104 3200 2285 3269; x_wconf 44' lang='lat' dir='ltr'><strong>Deum.</strong></span> <span class='ocrx_word' id='word_1_425' title='bbox 2331 3210 2386 3254; x_wconf 94' lang='lat' dir='ltr'><strong>et</strong></span> <span class='ocrx_word' id='word_1_426' title='bbox 2424 3200 2564 3254; x_wconf 88' lang='lat' dir='ltr'><strong>Deus</strong></span> <span class='ocrx_word' id='word_1_427' title='bbox 2592 3207 2709 3254; x_wconf 89' lang='lat' dir='ltr'><strong>erat</strong></span> <span class='ocrx_word' id='word_1_428' title='bbox 2740 3199 2996 3255; x_wconf 89' lang='lat' dir='ltr'><strong>Verbum.</strong></span> <span class='ocrx_word' id='word_1_429' title='bbox 3029 3199 3095 3253; x_wconf 89' lang='lat' dir='ltr'><strong>Et</strong></span> <span class='ocrx_word' id='word_1_430' title='bbox 3119 3197 3242 3253; x_wconf 93' lang='lat' dir='ltr'><strong>ideo</strong></span> <span class='ocrx_word' id='word_1_431' title='bbox 3275 3213 3394 3254; x_wconf 89' lang='lat' dir='ltr'><strong>cum</strong></span> <span class='ocrx_word' id='word_1_432' title='bbox 3425 3214 3516 3253; x_wconf 87' lang='lat' dir='ltr'><strong>an-</strong></span> 
     </span>
    </p>
   </div>
   <div class='ocr_carea' id='block_1_63' title="bbox 254 3293 1828 3367">
    <p class='ocr_par' dir='ltr' id='par_1_63' title="bbox 254 3293 1828 3367">
     <span class='ocr_line' id='line_1_63' title="bbox 254 3293 1828 3367; baseline -0.007 -10"><span class='ocrx_word' id='word_1_433' title='bbox 254 3303 401 3357; x_wconf 84' lang='lat' dir='ltr'><strong>vobis</strong></span> <span class='ocrx_word' id='word_1_434' title='bbox 430 3302 522 3355; x_wconf 90' lang='lat' dir='ltr'><strong>Dei</strong></span> <span class='ocrx_word' id='word_1_435' title='bbox 572 3309 630 3354; x_wconf 89' lang='lat' dir='ltr'><strong>et</strong></span> <span class='ocrx_word' id='word_1_436' title='bbox 667 3299 893 3367; x_wconf 76' lang='lat' dir='ltr'><strong>proximi</strong></span> <span class='ocrx_word' id='word_1_437' title='bbox 937 3296 1197 3351; x_wconf 87' lang='lat' dir='ltr'><strong>charitate</strong></span> <span class='ocrx_word' id='word_1_438' title='bbox 1248 3308 1461 3362; x_wconf 88' lang='lat' dir='ltr'><strong>semper</strong></span> <span class='ocrx_word' id='word_1_439' title='bbox 1509 3293 1828 3359; x_wconf 80' lang='lat' dir='ltr'><strong>exuberare,</strong></span> 
     </span>
    </p>
   </div>
   <div class='ocr_carea' id='block_1_64' title="bbox 242 3386 1831 3475">
    <p class='ocr_par' dir='ltr' id='par_1_64' title="bbox 242 3386 1831 3475">
     <span class='ocr_line' id='line_1_64' title="bbox 242 3386 1831 3475; baseline -0.005 -28"><span class='ocrx_word' id='word_1_440' title='bbox 242 3396 337 3475; x_wconf 60' lang='lat' dir='ltr'><strong>qui</strong></span> <span class='ocrx_word' id='word_1_441' title='bbox 383 3395 525 3449; x_wconf 85' lang='lat' dir='ltr'><strong>hanc</strong></span> <span class='ocrx_word' id='word_1_442' title='bbox 572 3391 783 3446; x_wconf 81' lang='lat' dir='ltr'><strong>studuit</strong></span> <span class='ocrx_word' id='word_1_443' title='bbox 822 3390 981 3444; x_wconf 90' lang='lat' dir='ltr'><strong>etiam</strong></span> <span class='ocrx_word' id='word_1_444' title='bbox 1028 3388 1170 3442; x_wconf 84' lang='lat' dir='ltr'><strong>inter</strong></span> <span class='ocrx_word' id='word_1_445' title='bbox 1214 3387 1559 3455; x_wconf 86' lang='lat' dir='ltr'><strong>lapidantium</strong></span> <span class='ocrx_word' id='word_1_446' title='bbox 1600 3386 1831 3455; x_wconf 89' lang='lat' dir='ltr'><strong>impetus</strong></span> 
     </span>
    </p>
   </div>
   <div class='ocr_carea' id='block_1_65' title="bbox 251 3477 1831 3549">
    <p class='ocr_par' dir='ltr' id='par_1_65' title="bbox 251 3477 1831 3549">
     <span class='ocr_line' id='line_1_65' title="bbox 251 3477 1831 3549; baseline -0.006 -8"><span class='ocrx_word' id='word_1_447' title='bbox 251 3488 513 3541; x_wconf 80' lang='lat' dir='ltr'><strong>obtinere.</strong></span> <span class='ocrx_word' id='word_1_448' title='bbox 544 3488 738 3538; x_wconf 82' lang='lat' dir='ltr'><strong>Amen.</strong></span> <span class='ocrx_word' id='word_1_449' title='bbox 770 3482 886 3548; x_wconf 87' lang='lat' dir='ltr'><strong>Quo</strong></span> <span class='ocrx_word' id='word_1_450' title='bbox 926 3480 1042 3549; x_wconf 87' lang='lat' dir='ltr'><strong>ejus</strong></span> <span class='ocrx_word' id='word_1_451' title='bbox 1087 3478 1334 3548; x_wconf 80' lang='lat' dir='ltr'><strong>exemplo</strong></span> <span class='ocrx_word' id='word_1_452' title='bbox 1377 3477 1636 3541; x_wconf 84' lang='lat' dir='ltr'><strong>roborati,</strong></span> <span class='ocrx_word' id='word_1_453' title='bbox 1681 3486 1734 3531; x_wconf 91' lang='lat' dir='ltr'><strong>et</strong></span> <span class='ocrx_word' id='word_1_454' title='bbox 1762 3479 1831 3531; x_wconf 87' lang='lat' dir='ltr'><strong>in-</strong></span> 
     </span>
    </p>
   </div>
   <div class='ocr_carea' id='block_1_66' title="bbox 257 3567 1829 3641">
    <p class='ocr_par' dir='ltr' id='par_1_66' title="bbox 257 3567 1829 3641">
     <span class='ocr_line' id='line_1_66' title="bbox 257 3567 1829 3641; baseline -0.009 -7"><span class='ocrx_word' id='word_1_455' title='bbox 257 3576 585 3634; x_wconf 80' lang='lat' dir='ltr'><strong>tercessione</strong></span> <span class='ocrx_word' id='word_1_456' title='bbox 630 3573 843 3638; x_wconf 87' lang='lat' dir='ltr'><strong>muniti,</strong></span> <span class='ocrx_word' id='word_1_457' title='bbox 874 3573 941 3625; x_wconf 89' lang='lat' dir='ltr'><strong>ab</strong></span> <span class='ocrx_word' id='word_1_458' title='bbox 984 3586 1049 3626; x_wconf 88' lang='lat' dir='ltr'><strong>co</strong></span> <span class='ocrx_word' id='word_1_459' title='bbox 1089 3586 1249 3641; x_wconf 90' lang='lat' dir='ltr'><strong>quem</strong></span> <span class='ocrx_word' id='word_1_460' title='bbox 1289 3570 1375 3623; x_wconf 87' lang='lat' dir='ltr'><strong>ille</strong></span> <span class='ocrx_word' id='word_1_461' title='bbox 1420 3583 1449 3621; x_wconf 88' lang='lat' dir='ltr'><strong>a</strong></span> <span class='ocrx_word' id='word_1_462' title='bbox 1489 3568 1690 3622; x_wconf 83' lang='lat' dir='ltr'><strong>dextris</strong></span> <span class='ocrx_word' id='word_1_463' title='bbox 1735 3567 1829 3621; x_wconf 82' lang='lat' dir='ltr'><strong>Dei</strong></span> 
     </span>
    </p>
   </div>
   <div class='ocr_carea' id='block_1_67' title="bbox 249 3662 1827 3733">
    <p class='ocr_par' dir='ltr' id='par_1_67' title="bbox 249 3662 1827 3733">
     <span class='ocr_line' id='line_1_67' title="bbox 249 3662 1827 3733; baseline -0.004 -10"><span class='ocrx_word' id='word_1_464' title='bbox 249 3670 383 3724; x_wconf 85' lang='lat' dir='ltr'><strong>vidit</strong></span> <span class='ocrx_word' id='word_1_465' title='bbox 422 3678 689 3733; x_wconf 80' lang='lat' dir='ltr'><strong>stantem,</strong></span> <span class='ocrx_word' id='word_1_466' title='bbox 744 3665 1055 3721; x_wconf 88' lang='lat' dir='ltr'><strong>mereamini</strong></span> <span class='ocrx_word' id='word_1_467' title='bbox 1101 3664 1373 3721; x_wconf 88' lang='lat' dir='ltr'><strong>benedici.</strong></span> <span class='ocrx_word' id='word_1_468' title='bbox 1429 3663 1624 3719; x_wconf 83' lang='lat' dir='ltr'><strong>Amen.</strong></span> <span class='ocrx_word' id='word_1_469' title='bbox 1677 3662 1827 3730; x_wconf 86' lang='lat' dir='ltr'><strong>Quod</strong></span> 
     </span>
    </p>
   </div>
   <div class='ocr_carea' id='block_1_68' title="bbox 248 3760 1075 3833">
    <p class='ocr_par' dir='ltr' id='par_1_68' title="bbox 248 3760 1075 3833">
     <span class='ocr_line' id='line_1_68' title="bbox 248 3760 1075 3833; baseline -0.008 -15"><span class='ocrx_word' id='word_1_470' title='bbox 248 3765 365 3833; x_wconf 85' lang='lat' dir='ltr'><strong>ipse</strong></span> <span class='ocrx_word' id='word_1_471' title='bbox 395 3770 652 3833; x_wconf 64' lang='lat' dir='ltr'><strong>prestare</strong></span> <span class='ocrx_word' id='word_1_472' title='bbox 678 3760 944 3829; x_wconf 84' lang='lat' dir='ltr'><strong>dignetur,</strong></span> <span class='ocrx_word' id='word_1_473' title='bbox 971 3768 1075 3812; x_wconf 90' lang='lat' dir='ltr'><strong>etc.</strong></span> 
     </span>
    </p>
   </div>
   <div class='ocr_carea' id='block_1_69' title="bbox 318 3845 1827 3920">
    <p class='ocr_par' dir='ltr' id='par_1_69' title="bbox 318 3845 1827 3920">
     <span class='ocr_line' id='line_1_69' title="bbox 318 3845 1827 3920; baseline -0.007 -9"><span class='ocrx_word' id='word_1_474' title='bbox 318 3858 403 3911; x_wconf 76' lang='lat' dir='ltr'><strong>Ad</strong></span> <span class='ocrx_word' id='word_1_475' title='bbox 450 3854 844 3920; x_wconf 79' lang='lat' dir='ltr'><strong>Complendum.</strong></span> <span class='ocrx_word' id='word_1_476' title='bbox 878 3849 1312 3905; x_wconf 82' lang='lat' dir='ltr'><strong>—Auxilientur</strong></span> <span class='ocrx_word' id='word_1_477' title='bbox 1360 3848 1535 3909; x_wconf 88' lang='lat' dir='ltr'><strong>nobis,</strong></span> <span class='ocrx_word' id='word_1_478' title='bbox 1582 3845 1827 3910; x_wconf 89' lang='lat' dir='ltr'><strong>Domine,</strong></span> 
     </span>
    </p>
   </div>
   <div class='ocr_carea' id='block_1_70' title="bbox 252 3937 1830 4019">
    <p class='ocr_par' dir='ltr' id='par_1_70' title="bbox 252 3937 1830 4019">
     <span class='ocr_line' id='line_1_70' title="bbox 252 3937 1830 4019; baseline -0.008 -15"><span class='ocrx_word' id='word_1_479' title='bbox 252 3958 464 4019; x_wconf 85' lang='lat' dir='ltr'><strong>sumpta</strong></span> <span class='ocrx_word' id='word_1_480' title='bbox 506 3947 785 4018; x_wconf 70' lang='lat' dir='ltr'><strong>mysteria,</strong></span> <span class='ocrx_word' id='word_1_481' title='bbox 840 3953 894 4000; x_wconf 91' lang='lat' dir='ltr'><strong>et</strong></span> <span class='ocrx_word' id='word_1_482' title='bbox 938 3941 1303 3998; x_wconf 85' lang='lat' dir='ltr'><strong>intercedente</strong></span> <span class='ocrx_word' id='word_1_483' title='bbox 1350 3940 1505 3994; x_wconf 89' lang='lat' dir='ltr'><strong>beato</strong></span> <span class='ocrx_word' id='word_1_484' title='bbox 1555 3937 1830 4006; x_wconf 80' lang='lat' dir='ltr'><strong>Stephano</strong></span> 
     </span>
    </p>
   </div>
   <div class='ocr_carea' id='block_1_71' title="bbox 257 4029 1824 4111">
    <p class='ocr_par' dir='ltr' id='par_1_71' title="bbox 257 4029 1824 4111">
     <span class='ocr_line' id='line_1_71' title="bbox 257 4029 1824 4111; baseline -0.01 -14"><span class='ocrx_word' id='word_1_485' title='bbox 257 4051 493 4111; x_wconf 80' lang='lat' dir='ltr'><strong>martyre</strong></span> <span class='ocrx_word' id='word_1_486' title='bbox 511 4052 623 4104; x_wconf 89' lang='lat' dir='ltr'><strong>tuo,</strong></span> <span class='ocrx_word' id='word_1_487' title='bbox 644 4038 967 4106; x_wconf 79' lang='lat' dir='ltr'><strong>sempiterna</strong></span> <span class='ocrx_word' id='word_1_488' title='bbox 990 4032 1318 4105; x_wconf 83' lang='lat' dir='ltr'><strong>protectione</strong></span> <span class='ocrx_word' id='word_1_489' title='bbox 1339 4030 1673 4084; x_wconf 87' lang='lat' dir='ltr'><strong>confirment.</strong></span> <span class='ocrx_word' id='word_1_490' title='bbox 1703 4029 1824 4083; x_wconf 82' lang='lat' dir='ltr'><strong>Per.</strong></span> 
     </span>
    </p>
   </div>
   <div class='ocr_carea' id='block_1_72' title="bbox 236 4121 1827 4199">
    <p class='ocr_par' dir='ltr' id='par_1_72' title="bbox 236 4121 1827 4199">
     <span class='ocr_line' id='line_1_72' title="bbox 236 4121 1827 4199; baseline -0.008 -14"><span class='ocrx_word' id='word_1_491' title='bbox 236 4198 239 4199; x_wconf 17' lang='grc' dir='ltr'><em>ν</em></span> <span class='ocrx_word' id='word_1_492' title='bbox 316 4133 455 4185; x_wconf 77' lang='lat' dir='ltr'><strong>Alia.</strong></span> <span class='ocrx_word' id='word_1_493' title='bbox 481 4129 925 4197; x_wconf 89' lang='lat' dir='ltr'><strong>—0mnipotens</strong></span> <span class='ocrx_word' id='word_1_494' title='bbox 959 4126 1284 4193; x_wconf 80' lang='lat' dir='ltr'><strong>sempiterno</strong></span> <span class='ocrx_word' id='word_1_495' title='bbox 1309 4122 1466 4185; x_wconf 88' lang='lat' dir='ltr'><strong>Deus,</strong></span> <span class='ocrx_word' id='word_1_496' title='bbox 1500 4122 1589 4188; x_wconf 91' lang='lat' dir='ltr'><strong>qui</strong></span> <span class='ocrx_word' id='word_1_497' title='bbox 1642 4121 1827 4188; x_wconf 85' lang='lat' dir='ltr'><strong>primi-</strong></span> 
     </span>
    </p>
   </div>
   <div class='ocr_carea' id='block_1_73' title="bbox 250 4210 1829 4291">
    <p class='ocr_par' dir='ltr' id='par_1_73' title="bbox 250 4210 1829 4291">
     <span class='ocr_line' id='line_1_73' title="bbox 250 4210 1829 4291; baseline -0.008 -15"><span class='ocrx_word' id='word_1_498' title='bbox 250 4225 349 4277; x_wconf 85' lang='lat' dir='ltr'><strong>tias</strong></span> <span class='ocrx_word' id='word_1_499' title='bbox 399 4229 719 4291; x_wconf 76' lang='lat' dir='ltr'><strong>martyrum,</strong></span> <span class='ocrx_word' id='word_1_500' title='bbox 763 4220 814 4271; x_wconf 91' lang='lat' dir='ltr'><strong>in</strong></span> <span class='ocrx_word' id='word_1_501' title='bbox 845 4217 987 4271; x_wconf 84' lang='lat' dir='ltr'><strong>beati</strong></span> <span class='ocrx_word' id='word_1_502' title='bbox 1033 4215 1214 4270; x_wconf 78' lang='lat' dir='ltr'><strong>levita:</strong></span> <span class='ocrx_word' id='word_1_503' title='bbox 1261 4211 1516 4281; x_wconf 89' lang='lat' dir='ltr'><strong>Stephani</strong></span> <span class='ocrx_word' id='word_1_504' title='bbox 1568 4210 1829 4280; x_wconf 81' lang='lat' dir='ltr'><strong>sanguine</strong></span> 
     </span>
    </p>
   </div>
   <div class='ocr_carea' id='block_1_74' title="bbox 242 4303 1827 4379">
    <p class='ocr_par' dir='ltr' id='par_1_74' title="bbox 242 4303 1827 4379">
     <span class='ocr_line' id='line_1_74' title="bbox 242 4303 1827 4379; baseline -0.01 -10"><span class='ocrx_word' id='word_1_505' title='bbox 242 4313 521 4377; x_wconf 82' lang='lat' dir='ltr'><strong>dedicasti,</strong></span> <span class='ocrx_word' id='word_1_506' title='bbox 566 4309 762 4374; x_wconf 86' lang='lat' dir='ltr'><strong>tribue,</strong></span> <span class='ocrx_word' id='word_1_507' title='bbox 798 4322 1126 4379; x_wconf 66' lang='lat' dir='ltr'><strong>quaesumus,</strong></span> <span class='ocrx_word' id='word_1_508' title='bbox 1159 4315 1216 4359; x_wconf 93' lang='lat' dir='ltr'><strong>ut</strong></span> <span class='ocrx_word' id='word_1_509' title='bbox 1249 4319 1343 4375; x_wconf 89' lang='lat' dir='ltr'><strong>pro</strong></span> <span class='ocrx_word' id='word_1_510' title='bbox 1375 4303 1529 4357; x_wconf 91' lang='lat' dir='ltr'><strong>nobis</strong></span> <span class='ocrx_word' id='word_1_511' title='bbox 1570 4303 1827 4357; x_wconf 65' lang='lat' dir='ltr'><strong>interceso</strong></span> 
     </span>
    </p>
   </div>
   <div class='ocr_carea' id='block_1_75' title="bbox 242 4396 1827 4472">
    <p class='ocr_par' dir='ltr' id='par_1_75' title="bbox 242 4396 1827 4472">
     <span class='ocr_line' id='line_1_75' title="bbox 242 4396 1827 4472; baseline -0.007 -13"><span class='ocrx_word' id='word_1_512' title='bbox 242 4420 337 4459; x_wconf 83' lang='lat' dir='ltr'><strong>sor</strong></span> <span class='ocrx_word' id='word_1_513' title='bbox 356 4406 570 4469; x_wconf 66' lang='lat' dir='ltr'><strong>eximat,</strong></span> <span class='ocrx_word' id='word_1_514' title='bbox 594 4400 686 4472; x_wconf 85' lang='lat' dir='ltr'><strong>qui</strong></span> <span class='ocrx_word' id='word_1_515' title='bbox 710 4416 807 4470; x_wconf 91' lang='lat' dir='ltr'><strong>pro</strong></span> <span class='ocrx_word' id='word_1_516' title='bbox 835 4400 943 4455; x_wconf 89' lang='lat' dir='ltr'><strong>suis</strong></span> <span class='ocrx_word' id='word_1_517' title='bbox 974 4398 1136 4454; x_wconf 88' lang='lat' dir='ltr'><strong>etiam</strong></span> <span class='ocrx_word' id='word_1_518' title='bbox 1169 4396 1606 4467; x_wconf 86' lang='lat' dir='ltr'><strong>persecutoribus</strong></span> <span class='ocrx_word' id='word_1_519' title='bbox 1634 4408 1827 4449; x_wconf 75' lang='lat' dir='ltr'><strong>exora-</strong></span> 
     </span>
    </p>
   </div>
   <div class='ocr_carea' id='block_1_76' title="bbox 241 4496 1823 4629">
    <p class='ocr_par' dir='ltr' id='par_1_76' title="bbox 241 4496 1823 4629">
     <span class='ocr_line' id='line_1_76' title="bbox 241 4496 1823 4629; baseline -0.004 -9"><span class='ocrx_word' id='word_1_520' title='bbox 241 4496 549 4620; x_wconf 46' lang='grc' dir='ltr'><strong>νηξυξῖΐζ-</strong></span> <span class='ocrx_word' id='word_1_521' title='bbox 573 4564 741 4629; x_wconf 86' lang='lat' dir='ltr'><strong>Deus,</strong></span> <span class='ocrx_word' id='word_1_522' title='bbox 775 4562 864 4629; x_wconf 89' lang='lat' dir='ltr'><strong>qui</strong></span> <span class='ocrx_word' id='word_1_523' title='bbox 898 4575 997 4616; x_wconf 88' lang='lat' dir='ltr'><strong>nos</strong></span> <span class='ocrx_word' id='word_1_524' title='bbox 1028 4559 1293 4629; x_wconf 89' lang='lat' dir='ltr'><strong>Unigeniti</strong></span> <span class='ocrx_word' id='word_1_525' title='bbox 1326 4559 1397 4612; x_wconf 94' lang='lat' dir='ltr'><strong>tui</strong></span> <span class='ocrx_word' id='word_1_526' title='bbox 1428 4559 1724 4613; x_wconf 88' lang='lat' dir='ltr'><strong>clementer</strong></span> <span class='ocrx_word' id='word_1_527' title='bbox 1755 4559 1823 4614; x_wconf 91' lang='lat' dir='ltr'><strong>in-</strong></span> 
     </span>
    </p>
   </div>
   <div class='ocr_carea' id='block_1_77' title="bbox 238 4651 1820 4721">
    <p class='ocr_par' dir='ltr' id='par_1_77' title="bbox 238 4651 1820 4721">
     <span class='ocr_line' id='line_1_77' title="bbox 238 4651 1820 4721; baseline -0.007 -6"><span class='ocrx_word' id='word_1_528' title='bbox 238 4660 551 4715; x_wconf 81' lang='lat' dir='ltr'><strong>carnatione</strong></span> <span class='ocrx_word' id='word_1_529' title='bbox 604 4654 902 4719; x_wconf 82' lang='lat' dir='ltr'><strong>redemisti,</strong></span> <span class='ocrx_word' id='word_1_530' title='bbox 940 4652 1005 4707; x_wconf 88' lang='lat' dir='ltr'><strong>da</strong></span> <span class='ocrx_word' id='word_1_531' title='bbox 1056 4651 1209 4706; x_wconf 85' lang='lat' dir='ltr'><strong>nobis</strong></span> <span class='ocrx_word' id='word_1_532' title='bbox 1255 4651 1551 4721; x_wconf 87' lang='lat' dir='ltr'><strong>patrocinia</strong></span> <span class='ocrx_word' id='word_1_533' title='bbox 1608 4660 1820 4704; x_wconf 89' lang='lat' dir='ltr'><strong>tuorum</strong></span> 
     </span>
    </p>
   </div>
   <div class='ocr_carea' id='block_1_78' title="bbox 236 4741 1821 4813">
    <p class='ocr_par' dir='ltr' id='par_1_78' title="bbox 236 4741 1821 4813">
     <span class='ocr_line' id='line_1_78' title="bbox 236 4741 1821 4813; baseline -0.004 -9"><span class='ocrx_word' id='word_1_534' title='bbox 236 4750 543 4804; x_wconf 84' lang='lat' dir='ltr'><strong>continuata</strong></span> <span class='ocrx_word' id='word_1_535' title='bbox 571 4756 904 4808; x_wconf 86' lang='lat' dir='ltr'><strong>sanctorum,</strong></span> <span class='ocrx_word' id='word_1_536' title='bbox 934 4744 1127 4813; x_wconf 89' lang='lat' dir='ltr'><strong>quibus</strong></span> <span class='ocrx_word' id='word_1_537' title='bbox 1148 4756 1342 4811; x_wconf 85' lang='lat' dir='ltr'><strong>capere</strong></span> <span class='ocrx_word' id='word_1_538' title='bbox 1372 4741 1645 4796; x_wconf 86' lang='lat' dir='ltr'><strong>valeamus</strong></span> <span class='ocrx_word' id='word_1_539' title='bbox 1676 4742 1821 4797; x_wconf 88' lang='lat' dir='ltr'><strong>salu-</strong></span> 
     </span>
    </p>
   </div>
   <div class='ocr_carea' id='block_1_79' title="bbox 236 4832 1422 4909">
    <p class='ocr_par' dir='ltr' id='par_1_79' title="bbox 236 4832 1422 4909">
     <span class='ocr_line' id='line_1_79' title="bbox 236 4832 1422 4909; baseline -0.008 -14"><span class='ocrx_word' id='word_1_540' title='bbox 236 4841 361 4895; x_wconf 83' lang='lat' dir='ltr'><strong>taris</strong></span> <span class='ocrx_word' id='word_1_541' title='bbox 390 4839 632 4909; x_wconf 85' lang='lat' dir='ltr'><strong>mysterii</strong></span> <span class='ocrx_word' id='word_1_542' title='bbox 665 4837 986 4905; x_wconf 87' lang='lat' dir='ltr'><strong>portionem.</strong></span> <span class='ocrx_word' id='word_1_543' title='bbox 1025 4834 1127 4888; x_wconf 87' lang='lat' dir='ltr'><strong>Per</strong></span> <span class='ocrx_word' id='word_1_544' title='bbox 1154 4832 1422 4887; x_wconf 87' lang='lat' dir='ltr'><strong>eumdem.</strong></span> 
     </span>
    </p>
   </div>
   <div class='ocr_carea' id='block_1_80' title="bbox 301 4924 1817 4997">
    <p class='ocr_par' dir='ltr' id='par_1_80' title="bbox 301 4924 1817 4997">
     <span class='ocr_line' id='line_1_80' title="bbox 301 4924 1817 4997; baseline -0.004 -12"><span class='ocrx_word' id='word_1_545' title='bbox 301 4933 439 4985; x_wconf 82' lang='lat' dir='ltr'><strong>Alia.</strong></span> <span class='ocrx_word' id='word_1_546' title='bbox 472 4960 545 4971; x_wconf 91' lang='lat'><strong><em>——</em></strong></span> <span class='ocrx_word' id='word_1_547' title='bbox 578 4931 794 4984; x_wconf 81' lang='lat' dir='ltr'><strong>Gratias</strong></span> <span class='ocrx_word' id='word_1_548' title='bbox 850 4928 1055 4997; x_wconf 87' lang='lat' dir='ltr'><strong>agimus</strong></span> <span class='ocrx_word' id='word_1_549' title='bbox 1086 4966 1101 4991; x_wconf 93' lang='lat'><strong>,</strong></span> <span class='ocrx_word' id='word_1_550' title='bbox 1153 4927 1393 4991; x_wconf 81' lang='lat' dir='ltr'><strong>Domine,</strong></span> <span class='ocrx_word' id='word_1_551' title='bbox 1449 4924 1817 4994; x_wconf 84' lang='lat' dir='ltr'><strong>multiplicatis</strong></span> 
     </span>
    </p>
   </div>
   <div class='ocr_carea' id='block_1_81' title="bbox 231 5014 1813 5084">
    <p class='ocr_par' dir='ltr' id='par_1_81' title="bbox 231 5014 1813 5084">
     <span class='ocr_line' id='line_1_81' title="bbox 231 5014 1813 5084; baseline -0.006 -8"><span class='ocrx_word' id='word_1_552' title='bbox 231 5021 371 5076; x_wconf 86' lang='lat' dir='ltr'><strong>circa</strong></span> <span class='ocrx_word' id='word_1_553' title='bbox 400 5035 497 5074; x_wconf 90' lang='lat' dir='ltr'><strong>nos</strong></span> <span class='ocrx_word' id='word_1_554' title='bbox 540 5018 977 5073; x_wconf 85' lang='lat' dir='ltr'><strong>miserationibus</strong></span> <span class='ocrx_word' id='word_1_555' title='bbox 1021 5018 1146 5082; x_wconf 90' lang='lat' dir='ltr'><strong>tuis,</strong></span> <span class='ocrx_word' id='word_1_556' title='bbox 1187 5016 1358 5084; x_wconf 88' lang='lat' dir='ltr'><strong>quiet</strong></span> <span class='ocrx_word' id='word_1_557' title='bbox 1392 5014 1507 5067; x_wconf 82' lang='lat' dir='ltr'><strong>Filii</strong></span> <span class='ocrx_word' id='word_1_558' title='bbox 1545 5014 1616 5069; x_wconf 93' lang='lat' dir='ltr'><strong>tui</strong></span> <span class='ocrx_word' id='word_1_559' title='bbox 1668 5014 1813 5070; x_wconf 77' lang='lat' dir='ltr'><strong>Nati-</strong></span> 
     </span>
    </p>
   </div>
   <div class='ocr_carea' id='block_1_82' title="bbox 230 5106 1814 5177">
    <p class='ocr_par' dir='ltr' id='par_1_82' title="bbox 230 5106 1814 5177">
     <span class='ocr_line' id='line_1_82' title="bbox 230 5106 1814 5177; baseline -0.004 -11"><span class='ocrx_word' id='word_1_560' title='bbox 230 5116 391 5167; x_wconf 79' lang='lat' dir='ltr'><strong>vitate</strong></span> <span class='ocrx_word' id='word_1_561' title='bbox 418 5126 520 5167; x_wconf 85' lang='lat' dir='ltr'><strong>nos</strong></span> <span class='ocrx_word' id='word_1_562' title='bbox 547 5110 749 5175; x_wconf 88' lang='lat' dir='ltr'><strong>salvas,</strong></span> <span class='ocrx_word' id='word_1_563' title='bbox 777 5119 832 5165; x_wconf 85' lang='lat' dir='ltr'><strong>et</strong></span> <span class='ocrx_word' id='word_1_564' title='bbox 854 5108 995 5163; x_wconf 86' lang='lat' dir='ltr'><strong>beati</strong></span> <span class='ocrx_word' id='word_1_565' title='bbox 1034 5107 1283 5177; x_wconf 80' lang='lat' dir='ltr'><strong>martyris</strong></span> <span class='ocrx_word' id='word_1_566' title='bbox 1327 5106 1586 5175; x_wconf 86' lang='lat' dir='ltr'><strong>Stephani</strong></span> <span class='ocrx_word' id='word_1_567' title='bbox 1620 5106 1814 5175; x_wconf 83' lang='lat' dir='ltr'><strong>depre-</strong></span> 
     </span>
    </p>
   </div>
   <div class='ocr_carea' id='block_1_83' title="bbox 225 5199 1191 5258">
    <p class='ocr_par' dir='ltr' id='par_1_83' title="bbox 225 5199 1191 5258">
     <span class='ocr_line' id='line_1_83' title="bbox 225 5199 1191 5258; baseline -0.007 0"><span class='ocrx_word' id='word_1_568' title='bbox 225 5204 433 5258; x_wconf 79' lang='lat' dir='ltr'><strong>catione</strong></span> <span class='ocrx_word' id='word_1_569' title='bbox 463 5211 757 5258; x_wconf 89' lang='lat' dir='ltr'><strong>sustentas.</strong></span> <span class='ocrx_word' id='word_1_570' title='bbox 791 5200 891 5254; x_wconf 82' lang='lat' dir='ltr'><strong>Per</strong></span> <span class='ocrx_word' id='word_1_571' title='bbox 918 5199 1191 5254; x_wconf 85' lang='lat' dir='ltr'><strong>eumdem.</strong></span> 
     </span>
    </p>
   </div>
   <div class='ocr_carea' id='block_1_84' title="bbox 222 5354 1811 5431">
    <p class='ocr_par' dir='ltr' id='par_1_84' title="bbox 222 5354 1811 5431">
     <span class='ocr_line' id='line_1_84' title="bbox 222 5354 1811 5431; baseline -0.005 -14"><span class='ocrx_word' id='word_1_572' title='bbox 222 5424 247 5431; x_wconf 21' lang='grc' dir='ltr'><em>νγ</em></span> <span class='ocrx_word' id='word_1_573' title='bbox 294 5373 316 5399; x_wconf 81' lang='grc'><strong><em>⁸</em></strong></span> <span class='ocrx_word' id='word_1_574' title='bbox 344 5362 499 5431; x_wconf 81' lang='lat' dir='ltr'><strong>Apud</strong></span> <span class='ocrx_word' id='word_1_575' title='bbox 537 5358 1152 5431; x_wconf 26' lang='lat' dir='ltr'><strong>Pameliumamnrtyris,</strong></span> <span class='ocrx_word' id='word_1_576' title='bbox 1187 5367 1245 5431; x_wconf 77' lang='lat' dir='ltr'><strong>ut</strong></span> <span class='ocrx_word' id='word_1_577' title='bbox 1268 5356 1320 5410; x_wconf 86' lang='lat' dir='ltr'><strong>in</strong></span> <span class='ocrx_word' id='word_1_578' title='bbox 1346 5354 1516 5409; x_wconf 84' lang='lat' dir='ltr'><strong>Editis</strong></span> <span class='ocrx_word' id='word_1_579' title='bbox 1546 5354 1721 5431; x_wconf 70' lang='lat' dir='ltr'><strong>V_ati_c.</strong></span> <span class='ocrx_word' id='word_1_580' title='bbox 1756 5364 1811 5431; x_wconf 73' lang='lat' dir='ltr'><strong>et</strong></span> 
     </span>
    </p>
   </div>
   <div class='ocr_carea' id='block_1_85' title="bbox 219 5424 1805 5495">
    <p class='ocr_par' dir='ltr' id='par_1_85' title="bbox 219 5424 1805 5495">
     <span class='ocr_line' id='line_1_85' title="bbox 219 5424 1805 5495; baseline -0.003 -10"><span class='ocrx_word' id='word_1_581' title='bbox 219 5424 523 5487; x_wconf 80' lang='lat' dir='ltr'><strong>Gussanvil.</strong></span> <span class='ocrx_word' id='word_1_582' title='bbox 560 5434 734 5486; x_wconf 82' lang='lat' dir='ltr'><strong>Abest</strong></span> <span class='ocrx_word' id='word_1_583' title='bbox 776 5445 803 5481; x_wconf 91' lang='lat' dir='ltr'><strong>a</strong></span> <span class='ocrx_word' id='word_1_584' title='bbox 846 5429 981 5482; x_wconf 87' lang='lat' dir='ltr'><strong>Cod.</strong></span> <span class='ocrx_word' id='word_1_585' title='bbox 1020 5427 1154 5495; x_wconf 81' lang='lat' dir='ltr'><strong>Reg.</strong></span> <span class='ocrx_word' id='word_1_586' title='bbox 1202 5430 1359 5483; x_wconf 88' lang='lat' dir='ltr'><strong>Suec.</strong></span> <span class='ocrx_word' id='word_1_587' title='bbox 1410 5434 1461 5479; x_wconf 90' lang='lat' dir='ltr'><strong>et</strong></span> <span class='ocrx_word' id='word_1_588' title='bbox 1504 5440 1534 5479; x_wconf 92' lang='lat' dir='ltr'><strong>a</strong></span> <span class='ocrx_word' id='word_1_589' title='bbox 1579 5424 1805 5480; x_wconf 84' lang='lat' dir='ltr'><strong>Kalend.</strong></span> 
     </span>
    </p>
   </div>
   <div class='ocr_carea' id='block_1_86' title="bbox 220 5495 1810 5566">
    <p class='ocr_par' dir='ltr' id='par_1_86' title="bbox 220 5495 1810 5566">
     <span class='ocr_line' id='line_1_86' title="bbox 220 5495 1810 5566; baseline -0.004 -11"><span class='ocrx_word' id='word_1_590' title='bbox 220 5504 396 5564; x_wconf 78' lang='lat' dir='ltr'><strong>Rom.,</strong></span> <span class='ocrx_word' id='word_1_591' title='bbox 431 5504 519 5558; x_wconf 86' lang='lat' dir='ltr'><strong>ubi</strong></span> <span class='ocrx_word' id='word_1_592' title='bbox 549 5501 700 5556; x_wconf 84' lang='lat' dir='ltr'><strong>nulla</strong></span> <span class='ocrx_word' id='word_1_593' title='bbox 730 5499 888 5553; x_wconf 86' lang='lat' dir='ltr'><strong>statio</strong></span> <span class='ocrx_word' id='word_1_594' title='bbox 915 5498 1233 5566; x_wconf 85' lang='lat' dir='ltr'><strong>assignatur,</strong></span> <span class='ocrx_word' id='word_1_595' title='bbox 1266 5496 1361 5550; x_wconf 91' lang='lat' dir='ltr'><strong>sed</strong></span> <span class='ocrx_word' id='word_1_596' title='bbox 1393 5511 1486 5563; x_wconf 88' lang='lat' dir='ltr'><strong>pro</strong></span> <span class='ocrx_word' id='word_1_597' title='bbox 1519 5495 1810 5564; x_wconf 78' lang='lat' dir='ltr'><strong>Evangelia</strong></span> 
     </span>
    </p>
   </div>
   <div class='ocr_carea' id='block_1_87' title="bbox 216 5566 1804 5634">
    <p class='ocr_par' dir='ltr' id='par_1_87' title="bbox 216 5566 1804 5634">
     <span class='ocr_line' id='line_1_87' title="bbox 216 5566 1804 5634; baseline -0.005 -9"><span class='ocrx_word' id='word_1_598' title='bbox 216 5572 475 5626; x_wconf 87' lang='lat' dir='ltr'><strong>indicatur</strong></span> <span class='ocrx_word' id='word_1_599' title='bbox 513 5591 526 5625; x_wconf 90' lang='lat'><strong>:</strong></span> <span class='ocrx_word' id='word_1_600' title='bbox 582 5571 797 5624; x_wconf 83' lang='lat' dir='ltr'><strong>Dicebat</strong></span> <span class='ocrx_word' id='word_1_601' title='bbox 832 5567 980 5621; x_wconf 84' lang='lat' dir='ltr'><strong>Jcsus</strong></span> <span class='ocrx_word' id='word_1_602' title='bbox 1032 5567 1191 5621; x_wconf 82' lang='lat' dir='ltr'><strong>turbis</strong></span> <span class='ocrx_word' id='word_1_603' title='bbox 1237 5566 1568 5628; x_wconf 73' lang='lat' dir='ltr'><strong>Judmorum,</strong></span> <span class='ocrx_word' id='word_1_604' title='bbox 1617 5580 1804 5634; x_wconf 78' lang='lat' dir='ltr'><strong>usque,</strong></span> 
     </span>
    </p>
   </div>
   <div class='ocr_carea' id='block_1_88' title="bbox 216 5635 1619 5711">
    <p class='ocr_par' dir='ltr' id='par_1_88' title="bbox 216 5635 1619 5711">
     <span class='ocr_line' id='line_1_88' title="bbox 216 5635 1619 5711; baseline -0.005 -17"><span class='ocrx_word' id='word_1_605' title='bbox 216 5644 503 5696; x_wconf 78' lang='lat' dir='ltr'><strong>benedictus</strong></span> <span class='ocrx_word' id='word_1_606' title='bbox 525 5644 616 5711; x_wconf 80' lang='lat' dir='ltr'><strong>qui</strong></span> <span class='ocrx_word' id='word_1_607' title='bbox 648 5641 783 5711; x_wconf 60' lang='lat' dir='ltr'><strong>venit</strong></span> <span class='ocrx_word' id='word_1_608' title='bbox 804 5640 860 5711; x_wconf 85' lang='lat' dir='ltr'><strong>in</strong></span> <span class='ocrx_word' id='word_1_609' title='bbox 893 5653 1031 5692; x_wconf 87' lang='lat' dir='ltr'><strong>nam.</strong></span> <span class='ocrx_word' id='word_1_610' title='bbox 1065 5635 1433 5711; x_wconf 35' lang='lat' dir='ltr'><strong>Dom._Matth‘.</strong></span> <span class='ocrx_word' id='word_1_611' title='bbox 1470 5651 1619 5689; x_wconf 68' lang='grc' dir='ltr'>χχιιι.</span> 
     </span>
    </p>
   </div>
   <div class='ocr_carea' id='block_1_89' title="bbox 283 5705 1803 5773">
    <p class='ocr_par' dir='ltr' id='par_1_89' title="bbox 283 5705 1803 5773">
     <span class='ocr_line' id='line_1_89' title="bbox 283 5705 1803 5773; baseline -0.006 -6"><span class='ocrx_word' id='word_1_612' title='bbox 283 5712 309 5750; x_wconf 72' lang='grc' dir='ltr'><strong>ιι</strong></span> <span class='ocrx_word' id='word_1_613' title='bbox 336 5716 461 5769; x_wconf 81' lang='lat' dir='ltr'><strong>Post</strong></span> <span class='ocrx_word' id='word_1_614' title='bbox 494 5705 639 5766; x_wconf 76' lang='lat' dir='ltr'><strong>haec</strong></span> <span class='ocrx_word' id='word_1_615' title='bbox 665 5708 999 5770; x_wconf 89' lang='lat' dir='ltr'><strong>Orationem,</strong></span> <span class='ocrx_word' id='word_1_616' title='bbox 1042 5710 1183 5773; x_wconf 89' lang='lat' dir='ltr'><strong>apud</strong></span> <span class='ocrx_word' id='word_1_617' title='bbox 1226 5706 1515 5761; x_wconf 79' lang='lat' dir='ltr'><strong>Pamelium</strong></span> <span class='ocrx_word' id='word_1_618' title='bbox 1559 5705 1803 5773; x_wconf 83' lang='lat' dir='ltr'><strong>sequitur</strong></span> 
     </span>
    </p>
   </div>
   <div class='ocr_carea' id='block_1_90' title="bbox 219 5774 1800 5855">
    <p class='ocr_par' dir='ltr' id='par_1_90' title="bbox 219 5774 1800 5855">
     <span class='ocr_line' id='line_1_90' title="bbox 219 5774 1800 5855; baseline -0.004 -20"><span class='ocrx_word' id='word_1_619' title='bbox 219 5783 393 5838; x_wconf 81' lang='lat' dir='ltr'><strong>Oratio</strong></span> <span class='ocrx_word' id='word_1_620' title='bbox 419 5802 433 5837; x_wconf 88' lang='lat'><strong>:</strong></span> <span class='ocrx_word' id='word_1_621' title='bbox 458 5793 617 5855; x_wconf 84' lang='lat' dir='ltr'><strong>grata</strong></span> <span class='ocrx_word' id='word_1_622' title='bbox 643 5782 734 5835; x_wconf 79' lang='lat' dir='ltr'><strong>tibi</strong></span> <span class='ocrx_word' id='word_1_623' title='bbox 762 5780 883 5845; x_wconf 76' lang='lat' dir='ltr'><strong>sint,</strong></span> <span class='ocrx_word' id='word_1_624' title='bbox 914 5787 1046 5843; x_wconf 86' lang='lat' dir='ltr'><strong>etc.,</strong></span> <span class='ocrx_word' id='word_1_625' title='bbox 1076 5792 1195 5845; x_wconf 80' lang='lat' dir='ltr'><strong>quae</strong></span> <span class='ocrx_word' id='word_1_626' title='bbox 1222 5777 1557 5835; x_wconf 82' lang='lat' dir='ltr'><strong>desideratur</strong></span> <span class='ocrx_word' id='word_1_627' title='bbox 1582 5777 1639 5832; x_wconf 90' lang='lat' dir='ltr'><strong>in</strong></span> <span class='ocrx_word' id='word_1_628' title='bbox 1666 5774 1800 5829; x_wconf 90' lang='lat' dir='ltr'><strong>Cod.</strong></span> 
     </span>
    </p>
   </div>
   <div class='ocr_carea' id='block_1_91' title="bbox 1064 5872 1101 5893">
    <p class='ocr_par' dir='ltr' id='par_1_91' title="bbox 1064 5872 1101 5893">
     <span class='ocr_line' id='line_1_91' title="bbox 1064 5872 1101 5893; baseline 0 0"><span class='ocrx_word' id='word_1_629' title='bbox 1064 5872 1101 5893; x_wconf 54' lang='grc' dir='ltr'>λ</span> 
     </span>
    </p>
   </div>
   <div class='ocr_carea' id='block_1_92' title="bbox 1931 3293 2080 3360">
    <p class='ocr_par' dir='ltr' id='par_1_92' title="bbox 1931 3293 2080 3360">
     <span class='ocr_line' id='line_1_92' title="bbox 1931 3293 2080 3360; baseline -0.007 -14"><span class='ocrx_word' id='word_1_630' title='bbox 1931 3293 2080 3360; x_wconf 82' lang='lat' dir='ltr'><strong>gelis.</strong></span> 
     </span>
    </p>
   </div>
   <div class='ocr_carea' id='block_1_93' title="bbox 2002 3405 3514 3477">
    <p class='ocr_par' dir='ltr' id='par_1_93' title="bbox 2002 3405 3514 3477">
     <span class='ocr_line' id='line_1_93' title="bbox 2002 3405 3514 3477; baseline 0.001 -18"><span class='ocrx_word' id='word_1_631' title='bbox 2002 3405 2322 3461; x_wconf 78' lang='lat' dir='ltr'><strong>Benedictio.</strong></span> <span class='ocrx_word' id='word_1_632' title='bbox 2344 3436 2413 3447; x_wconf 86' lang='lat'><strong>--—</strong></span> <span class='ocrx_word' id='word_1_633' title='bbox 2434 3406 2783 3476; x_wconf 90' lang='lat' dir='ltr'><strong>Omnipotens</strong></span> <span class='ocrx_word' id='word_1_634' title='bbox 2810 3408 2951 3463; x_wconf 91' lang='lat' dir='ltr'><strong>Deus</strong></span> <span class='ocrx_word' id='word_1_635' title='bbox 2976 3408 3222 3477; x_wconf 89' lang='lat' dir='ltr'><strong>dignetur</strong></span> <span class='ocrx_word' id='word_1_636' title='bbox 3248 3407 3396 3463; x_wconf 81' lang='lat' dir='ltr'><strong>vobis</strong></span> <span class='ocrx_word' id='word_1_637' title='bbox 3420 3422 3514 3477; x_wconf 85' lang='lat' dir='ltr'><strong>per</strong></span> 
     </span>
    </p>
   </div>
   <div class='ocr_carea' id='block_1_94' title="bbox 1937 3495 3512 3567">
    <p class='ocr_par' dir='ltr' id='par_1_94' title="bbox 1937 3495 3512 3567">
     <span class='ocr_line' id='line_1_94' title="bbox 1937 3495 3512 3567; baseline 0.001 -18"><span class='ocrx_word' id='word_1_638' title='bbox 1937 3495 2376 3553; x_wconf 78' lang='lat' dir='ltr'><strong>intercessionem</strong></span> <span class='ocrx_word' id='word_1_639' title='bbox 2410 3498 2546 3552; x_wconf 88' lang='lat' dir='ltr'><strong>beati</strong></span> <span class='ocrx_word' id='word_1_640' title='bbox 2585 3498 2803 3552; x_wconf 83' lang='lat' dir='ltr'><strong>Joannis</strong></span> <span class='ocrx_word' id='word_1_641' title='bbox 2829 3498 3058 3567; x_wconf 89' lang='lat' dir='ltr'><strong>apostoli</strong></span> <span class='ocrx_word' id='word_1_642' title='bbox 3087 3507 3143 3551; x_wconf 88' lang='lat' dir='ltr'><strong>et</strong></span> <span class='ocrx_word' id='word_1_643' title='bbox 3172 3498 3512 3565; x_wconf 68' lang='lat' dir='ltr'><strong>evangelistae</strong></span> 
     </span>
    </p>
   </div>
   <div class='ocr_carea' id='block_1_95' title="bbox 1934 3587 3513 3661">
    <p class='ocr_par' dir='ltr' id='par_1_95' title="bbox 1934 3587 3513 3661">
     <span class='ocr_line' id='line_1_95' title="bbox 1934 3587 3513 3661; baseline 0.001 -18"><span class='ocrx_word' id='word_1_644' title='bbox 1934 3587 2275 3656; x_wconf 89' lang='lat' dir='ltr'><strong>benedicere,</strong></span> <span class='ocrx_word' id='word_1_645' title='bbox 2305 3591 2393 3659; x_wconf 91' lang='lat' dir='ltr'><strong>qui</strong></span> <span class='ocrx_word' id='word_1_646' title='bbox 2426 3605 2519 3661; x_wconf 89' lang='lat' dir='ltr'><strong>per</strong></span> <span class='ocrx_word' id='word_1_647' title='bbox 2549 3605 2668 3644; x_wconf 93' lang='lat' dir='ltr'><strong>eum</strong></span> <span class='ocrx_word' id='word_1_648' title='bbox 2696 3606 2887 3645; x_wconf 86' lang='lat' dir='ltr'><strong>arcana</strong></span> <span class='ocrx_word' id='word_1_649' title='bbox 2916 3590 3062 3645; x_wconf 86' lang='lat' dir='ltr'><strong>verbi</strong></span> <span class='ocrx_word' id='word_1_650' title='bbox 3093 3591 3172 3644; x_wconf 91' lang='lat' dir='ltr'><strong>sui</strong></span> <span class='ocrx_word' id='word_1_651' title='bbox 3206 3590 3373 3645; x_wconf 88' lang='lat' dir='ltr'><strong>voluit</strong></span> <span class='ocrx_word' id='word_1_652' title='bbox 3411 3591 3513 3644; x_wconf 85' lang='lat' dir='ltr'><strong>Ec-</strong></span> 
     </span>
    </p>
   </div>
   <div class='ocr_carea' id='block_1_96' title="bbox 1933 3680 3513 3750">
    <p class='ocr_par' dir='ltr' id='par_1_96' title="bbox 1933 3680 3513 3750">
     <span class='ocr_line' id='line_1_96' title="bbox 1933 3680 3513 3750; baseline 0.004 -19"><span class='ocrx_word' id='word_1_653' title='bbox 1933 3680 2111 3733; x_wconf 75' lang='lat' dir='ltr'><strong>clesia:</strong></span> <span class='ocrx_word' id='word_1_654' title='bbox 2156 3680 2415 3735; x_wconf 78' lang='lat' dir='ltr'><strong>revelare.</strong></span> <span class='ocrx_word' id='word_1_655' title='bbox 2452 3684 2642 3735; x_wconf 82' lang='lat' dir='ltr'><strong>Amen.</strong></span> <span class='ocrx_word' id='word_1_656' title='bbox 2672 3680 2944 3735; x_wconf 87' lang='lat' dir='ltr'><strong>Concedat</strong></span> <span class='ocrx_word' id='word_1_657' title='bbox 2983 3680 3131 3735; x_wconf 84' lang='lat' dir='ltr'><strong>vobis</strong></span> <span class='ocrx_word' id='word_1_658' title='bbox 3161 3691 3217 3735; x_wconf 86' lang='lat' dir='ltr'><strong>ut</strong></span> <span class='ocrx_word' id='word_1_659' title='bbox 3246 3682 3387 3750; x_wconf 85' lang='lat' dir='ltr'><strong>quod</strong></span> <span class='ocrx_word' id='word_1_660' title='bbox 3429 3684 3513 3737; x_wconf 85' lang='lat' dir='ltr'><strong>ille</strong></span> 
     </span>
    </p>
   </div>
   <div class='ocr_carea' id='block_1_97' title="bbox 1932 3768 3509 3838">
    <p class='ocr_par' dir='ltr' id='par_1_97' title="bbox 1932 3768 3509 3838">
     <span class='ocr_line' id='line_1_97' title="bbox 1932 3768 3509 3838; baseline 0.002 -14"><span class='ocrx_word' id='word_1_661' title='bbox 1932 3768 2167 3838; x_wconf 90' lang='lat' dir='ltr'><strong>Spiritus</strong></span> <span class='ocrx_word' id='word_1_662' title='bbox 2196 3771 2365 3825; x_wconf 90' lang='lat' dir='ltr'><strong>sancti</strong></span> <span class='ocrx_word' id='word_1_663' title='bbox 2396 3785 2616 3825; x_wconf 90' lang='lat' dir='ltr'><strong>munere</strong></span> <span class='ocrx_word' id='word_1_664' title='bbox 2645 3769 2854 3825; x_wconf 78' lang='lat' dir='ltr'><strong>afﬂatus</strong></span> <span class='ocrx_word' id='word_1_665' title='bbox 2892 3774 3084 3826; x_wconf 87' lang='lat' dir='ltr'><strong>vestris</strong></span> <span class='ocrx_word' id='word_1_666' title='bbox 3123 3772 3339 3827; x_wconf 92' lang='lat' dir='ltr'><strong>auribus</strong></span> <span class='ocrx_word' id='word_1_667' title='bbox 3369 3774 3509 3827; x_wconf 83' lang='lat' dir='ltr'><strong>infu-</strong></span> 
     </span>
    </p>
   </div>
   <div class='ocr_carea' id='block_1_98' title="bbox 1932 3862 3507 3933">
    <p class='ocr_par' dir='ltr' id='par_1_98' title="bbox 1932 3862 3507 3933">
     <span class='ocr_line' id='line_1_98' title="bbox 1932 3862 3507 3933; baseline 0.001 -16"><span class='ocrx_word' id='word_1_668' title='bbox 1932 3862 2032 3928; x_wconf 88' lang='lat' dir='ltr'><strong>dit,</strong></span> <span class='ocrx_word' id='word_1_669' title='bbox 2077 3863 2313 3931; x_wconf 86' lang='lat' dir='ltr'><strong>ejusdem</strong></span> <span class='ocrx_word' id='word_1_670' title='bbox 2345 3863 2578 3931; x_wconf 88' lang='lat' dir='ltr'><strong>Spiritus</strong></span> <span class='ocrx_word' id='word_1_671' title='bbox 2623 3863 2765 3917; x_wconf 91' lang='lat' dir='ltr'><strong>dono</strong></span> <span class='ocrx_word' id='word_1_672' title='bbox 2810 3879 3002 3933; x_wconf 89' lang='lat' dir='ltr'><strong>capere</strong></span> <span class='ocrx_word' id='word_1_673' title='bbox 3035 3875 3213 3920; x_wconf 88' lang='lat' dir='ltr'><strong>mente</strong></span> <span class='ocrx_word' id='word_1_674' title='bbox 3258 3866 3507 3919; x_wconf 79' lang='lat' dir='ltr'><strong>valeatis.</strong></span> 
     </span>
    </p>
   </div>
   <div class='ocr_carea' id='block_1_99' title="bbox 1931 3952 3511 4022">
    <p class='ocr_par' dir='ltr' id='par_1_99' title="bbox 1931 3952 3511 4022">
     <span class='ocr_line' id='line_1_99' title="bbox 1931 3952 3511 4022; baseline 0.001 -15"><span class='ocrx_word' id='word_1_675' title='bbox 1931 3952 2124 4007; x_wconf 76' lang='lat' dir='ltr'><strong>Anien.</strong></span> <span class='ocrx_word' id='word_1_676' title='bbox 2156 3953 2272 4020; x_wconf 85' lang='lat' dir='ltr'><strong>Quo</strong></span> <span class='ocrx_word' id='word_1_677' title='bbox 2312 3953 2427 4022; x_wconf 85' lang='lat' dir='ltr'><strong>ejus</strong></span> <span class='ocrx_word' id='word_1_678' title='bbox 2452 3953 2773 4008; x_wconf 89' lang='lat' dir='ltr'><strong>documento</strong></span> <span class='ocrx_word' id='word_1_679' title='bbox 2803 3953 2871 4008; x_wconf 88' lang='lat' dir='ltr'><strong>de</strong></span> <span class='ocrx_word' id='word_1_680' title='bbox 2900 3954 3178 4008; x_wconf 86' lang='lat' dir='ltr'><strong>divinitate</strong></span> <span class='ocrx_word' id='word_1_681' title='bbox 3205 3954 3371 4008; x_wconf 91' lang='lat' dir='ltr'><strong>nostri</strong></span> <span class='ocrx_word' id='word_1_682' title='bbox 3402 3953 3511 4008; x_wconf 83' lang='lat' dir='ltr'><strong>Re-</strong></span> 
     </span>
    </p>
   </div>
   <div class='ocr_carea' id='block_1_100' title="bbox 1934 4043 3511 4113">
    <p class='ocr_par' dir='ltr' id='par_1_100' title="bbox 1934 4043 3511 4113">
     <span class='ocr_line' id='line_1_100' title="bbox 1934 4043 3511 4113; baseline 0.001 -16"><span class='ocrx_word' id='word_1_683' title='bbox 1934 4043 2232 4112; x_wconf 88' lang='lat' dir='ltr'><strong>demptoris</strong></span> <span class='ocrx_word' id='word_1_684' title='bbox 2273 4044 2471 4107; x_wconf 89' lang='lat' dir='ltr'><strong>cdocti,</strong></span> <span class='ocrx_word' id='word_1_685' title='bbox 2500 4053 2552 4097; x_wconf 89' lang='lat' dir='ltr'><strong>et</strong></span> <span class='ocrx_word' id='word_1_686' title='bbox 2582 4044 2810 4097; x_wconf 87' lang='lat' dir='ltr'><strong>amando</strong></span> <span class='ocrx_word' id='word_1_687' title='bbox 2836 4044 2976 4113; x_wconf 91' lang='lat' dir='ltr'><strong>quod</strong></span> <span class='ocrx_word' id='word_1_688' title='bbox 3008 4044 3246 4109; x_wconf 85' lang='lat' dir='ltr'><strong>tradidit,</strong></span> <span class='ocrx_word' id='word_1_689' title='bbox 3278 4054 3330 4099; x_wconf 94' lang='lat' dir='ltr'><strong>et</strong></span> <span class='ocrx_word' id='word_1_690' title='bbox 3356 4058 3511 4099; x_wconf 82' lang='lat' dir='ltr'><strong>exse-</strong></span> 
     </span>
    </p>
   </div>
   <div class='ocr_carea' id='block_1_101' title="bbox 1932 4131 3509 4202">
    <p class='ocr_par' dir='ltr' id='par_1_101' title="bbox 1932 4131 3509 4202">
     <span class='ocr_line' id='line_1_101' title="bbox 1932 4131 3509 4202; baseline 0.001 -19"><span class='ocrx_word' id='word_1_691' title='bbox 1932 4134 2145 4202; x_wconf 88' lang='lat' dir='ltr'><strong>quendo</strong></span> <span class='ocrx_word' id='word_1_692' title='bbox 2171 4134 2311 4202; x_wconf 88' lang='lat' dir='ltr'><strong>quod</strong></span> <span class='ocrx_word' id='word_1_693' title='bbox 2338 4131 2519 4202; x_wconf 89' lang='lat' dir='ltr'><strong>jussit,</strong></span> <span class='ocrx_word' id='word_1_694' title='bbox 2549 4133 2614 4186; x_wconf 90' lang='lat' dir='ltr'><strong>ad</strong></span> <span class='ocrx_word' id='word_1_695' title='bbox 2665 4133 2804 4187; x_wconf 89' lang='lat' dir='ltr'><strong>dona</strong></span> <span class='ocrx_word' id='word_1_696' title='bbox 2848 4135 3127 4200; x_wconf 90' lang='lat' dir='ltr'><strong>pervenire</strong></span> <span class='ocrx_word' id='word_1_697' title='bbox 3170 4134 3509 4201; x_wconf 83' lang='lat' dir='ltr'><strong>mereamini,</strong></span> 
     </span>
    </p>
   </div>
   <div class='ocr_carea' id='block_1_102' title="bbox 1931 4225 3509 4296">
    <p class='ocr_par' dir='ltr' id='par_1_102' title="bbox 1931 4225 3509 4296">
     <span class='ocr_line' id='line_1_102' title="bbox 1931 4225 3509 4296; baseline -0.001 -17"><span class='ocrx_word' id='word_1_698' title='bbox 1931 4243 2047 4296; x_wconf 68' lang='lat' dir='ltr'><strong>quae</strong></span> <span class='ocrx_word' id='word_1_699' title='bbox 2081 4229 2220 4281; x_wconf 86' lang='lat' dir='ltr'><strong>idem</strong></span> <span class='ocrx_word' id='word_1_700' title='bbox 2251 4228 2404 4280; x_wconf 88' lang='lat' dir='ltr'><strong>Jesus</strong></span> <span class='ocrx_word' id='word_1_701' title='bbox 2430 4225 2678 4279; x_wconf 89' lang='lat' dir='ltr'><strong>Christus</strong></span> <span class='ocrx_word' id='word_1_702' title='bbox 2729 4225 2981 4277; x_wconf 86' lang='lat' dir='ltr'><strong>Dominus</strong></span> <span class='ocrx_word' id='word_1_703' title='bbox 3021 4234 3203 4278; x_wconf 87' lang='lat' dir='ltr'><strong>noster</strong></span> <span class='ocrx_word' id='word_1_704' title='bbox 3246 4225 3509 4292; x_wconf 81' lang='lat' dir='ltr'><strong>repromi-</strong></span> 
     </span>
    </p>
   </div>
   <div class='ocr_carea' id='block_1_103' title="bbox 1930 4316 2919 4387">
    <p class='ocr_par' dir='ltr' id='par_1_103' title="bbox 1930 4316 2919 4387">
     <span class='ocr_line' id='line_1_103' title="bbox 1930 4316 2919 4387; baseline -0.006 -14"><span class='ocrx_word' id='word_1_705' title='bbox 1930 4322 2018 4374; x_wconf 88' lang='lat' dir='ltr'><strong>sit.</strong></span> <span class='ocrx_word' id='word_1_706' title='bbox 2043 4319 2192 4385; x_wconf 84' lang='lat' dir='ltr'><strong>Quod</strong></span> <span class='ocrx_word' id='word_1_707' title='bbox 2221 4321 2335 4387; x_wconf 92' lang='lat' dir='ltr'><strong>ipse</strong></span> <span class='ocrx_word' id='word_1_708' title='bbox 2366 4326 2622 4386; x_wconf 74' lang='lat' dir='ltr'><strong>praestare</strong></span> <span class='ocrx_word' id='word_1_709' title='bbox 2650 4316 2919 4383; x_wconf 83' lang='lat' dir='ltr'><strong>dignetur.</strong></span> 
     </span>
    </p>
   </div>
   <div class='ocr_carea' id='block_1_104' title="bbox 2002 4426 3503 4499">
    <p class='ocr_par' dir='ltr' id='par_1_104' title="bbox 2002 4426 3503 4499">
     <span class='ocr_line' id='line_1_104' title="bbox 2002 4426 3503 4499; baseline -0.003 -13"><span class='ocrx_word' id='word_1_710' title='bbox 2002 4434 2083 4486; x_wconf 83' lang='lat' dir='ltr'><strong>Ad</strong></span> <span class='ocrx_word' id='word_1_711' title='bbox 2114 4431 2503 4499; x_wconf 83' lang='lat' dir='ltr'><strong>Compleudum.</strong></span> <span class='ocrx_word' id='word_1_712' title='bbox 2533 4458 2604 4470; x_wconf 93' lang='lat'><strong>—</strong></span> <span class='ocrx_word' id='word_1_713' title='bbox 2628 4426 2833 4483; x_wconf 83' lang='lat' dir='ltr'><strong>Refecti</strong></span> <span class='ocrx_word' id='word_1_714' title='bbox 2862 4426 2982 4481; x_wconf 89' lang='lat' dir='ltr'><strong>cibo</strong></span> <span class='ocrx_word' id='word_1_715' title='bbox 3010 4435 3244 4496; x_wconf 91' lang='lat' dir='ltr'><strong>potuque</strong></span> <span class='ocrx_word' id='word_1_716' title='bbox 3272 4427 3503 4491; x_wconf 62' lang='lat' dir='ltr'><strong>calesti,</strong></span> 
     </span>
    </p>
   </div>
   <div class='ocr_carea' id='block_1_105' title="bbox 1936 4518 3508 4591">
    <p class='ocr_par' dir='ltr' id='par_1_105' title="bbox 1936 4518 3508 4591">
     <span class='ocr_line' id='line_1_105' title="bbox 1936 4518 3508 4591; baseline -0.003 -15"><span class='ocrx_word' id='word_1_717' title='bbox 1936 4522 2077 4579; x_wconf 86' lang='lat' dir='ltr'><strong>Deus</strong></span> <span class='ocrx_word' id='word_1_718' title='bbox 2107 4534 2313 4590; x_wconf 88' lang='lat' dir='ltr'><strong>noster,</strong></span> <span class='ocrx_word' id='word_1_719' title='bbox 2354 4530 2407 4577; x_wconf 87' lang='lat' dir='ltr'><strong>te</strong></span> <span class='ocrx_word' id='word_1_720' title='bbox 2435 4521 2705 4591; x_wconf 87' lang='lat' dir='ltr'><strong>supplices</strong></span> <span class='ocrx_word' id='word_1_721' title='bbox 2750 4519 3123 4587; x_wconf 85' lang='lat' dir='ltr'><strong>deprecamur,</strong></span> <span class='ocrx_word' id='word_1_722' title='bbox 3165 4527 3222 4572; x_wconf 92' lang='lat' dir='ltr'><strong>ut</strong></span> <span class='ocrx_word' id='word_1_723' title='bbox 3251 4520 3303 4573; x_wconf 93' lang='lat' dir='ltr'><strong>in</strong></span> <span class='ocrx_word' id='word_1_724' title='bbox 3351 4518 3508 4589; x_wconf 84' lang='lat' dir='ltr'><strong>cujus</strong></span> 
     </span>
    </p>
   </div>
   <div class='ocr_carea' id='block_1_106' title="bbox 1925 4614 3500 4685">
    <p class='ocr_par' dir='ltr' id='par_1_106' title="bbox 1925 4614 3500 4685">
     <span class='ocr_line' id='line_1_106' title="bbox 1925 4614 3500 4685; baseline -0.006 -8"><span class='ocrx_word' id='word_1_725' title='bbox 1925 4622 2041 4676; x_wconf 73' lang='lat' dir='ltr'><strong>hzec</strong></span> <span class='ocrx_word' id='word_1_726' title='bbox 2067 4618 2575 4676; x_wconf 86' lang='lat' dir='ltr'><strong>commemoratione</strong></span> <span class='ocrx_word' id='word_1_727' title='bbox 2624 4614 2980 4685; x_wconf 89' lang='lat' dir='ltr'><strong>percepimus,</strong></span> <span class='ocrx_word' id='word_1_728' title='bbox 3026 4614 3142 4683; x_wconf 88' lang='lat' dir='ltr'><strong>ejus</strong></span> <span class='ocrx_word' id='word_1_729' title='bbox 3194 4615 3500 4669; x_wconf 87' lang='lat' dir='ltr'><strong>muniamnr</strong></span> 
     </span>
    </p>
   </div>
   <div class='ocr_carea' id='block_1_107' title="bbox 1922 4713 2426 4787">
    <p class='ocr_par' dir='ltr' id='par_1_107' title="bbox 1922 4713 2426 4787">
     <span class='ocr_line' id='line_1_107' title="bbox 1922 4713 2426 4787; baseline -0.016 -14"><span class='ocrx_word' id='word_1_730' title='bbox 1922 4726 1978 4773; x_wconf 87' lang='lat' dir='ltr'><strong>et</strong></span> <span class='ocrx_word' id='word_1_731' title='bbox 2003 4714 2269 4787; x_wconf 86' lang='lat' dir='ltr'><strong>precibus.</strong></span> <span class='ocrx_word' id='word_1_732' title='bbox 2302 4713 2426 4767; x_wconf 81' lang='lat' dir='ltr'><strong>Per.</strong></span> 
     </span>
    </p>
   </div>
   <div class='ocr_carea' id='block_1_108' title="bbox 1993 4819 3503 4898">
    <p class='ocr_par' dir='ltr' id='par_1_108' title="bbox 1993 4819 3503 4898">
     <span class='ocr_line' id='line_1_108' title="bbox 1993 4819 3503 4898; baseline -0.005 -17"><span class='ocrx_word' id='word_1_733' title='bbox 1993 4827 2144 4898; x_wconf 86' lang='grc'>(126)</span> <span class='ocrx_word' id='word_1_734' title='bbox 2176 4826 2255 4879; x_wconf 84' lang='lat' dir='ltr'><strong>Ad</strong></span> <span class='ocrx_word' id='word_1_735' title='bbox 2296 4823 2560 4894; x_wconf 68' lang='grc' dir='ltr'><strong>νέφει-οι.</strong></span> <span class='ocrx_word' id='word_1_736' title='bbox 2582 4824 2820 4878; x_wconf 82' lang='lat' dir='ltr'><strong>-—Bcati</strong></span> <span class='ocrx_word' id='word_1_737' title='bbox 2870 4820 3092 4878; x_wconf 88' lang='lat' dir='ltr'><strong>Joannis</strong></span> <span class='ocrx_word' id='word_1_738' title='bbox 3137 4819 3503 4889; x_wconf 68' lang='lat' dir='ltr'><strong>evangelistze,</strong></span> 
     </span>
    </p>
   </div>
   <div class='ocr_carea' id='block_1_109' title="bbox 1921 4914 3497 4991">
    <p class='ocr_par' dir='ltr' id='par_1_109' title="bbox 1921 4914 3497 4991">
     <span class='ocr_line' id='line_1_109' title="bbox 1921 4914 3497 4991; baseline -0.006 -18"><span class='ocrx_word' id='word_1_739' title='bbox 1921 4932 2251 4989; x_wconf 68' lang='lat' dir='ltr'><strong>qumsumus,</strong></span> <span class='ocrx_word' id='word_1_740' title='bbox 2287 4918 2530 4981; x_wconf 89' lang='lat' dir='ltr'><strong>Domine,</strong></span> <span class='ocrx_word' id='word_1_741' title='bbox 2574 4915 2965 4985; x_wconf 88' lang='lat' dir='ltr'><strong>supplicatione</strong></span> <span class='ocrx_word' id='word_1_742' title='bbox 3009 4914 3271 4983; x_wconf 88' lang='lat' dir='ltr'><strong>placatus,</strong></span> <span class='ocrx_word' id='word_1_743' title='bbox 3314 4919 3370 4964; x_wconf 93' lang='lat' dir='ltr'><strong>et</strong></span> <span class='ocrx_word' id='word_1_744' title='bbox 3406 4926 3497 4991; x_wconf 35' lang='lat' dir='ltr'><strong>ves</strong></span> 
     </span>
    </p>
   </div>
   <div class='ocr_carea' id='block_1_110' title="bbox 1921 5001 3500 5072">
    <p class='ocr_par' dir='ltr' id='par_1_110' title="bbox 1921 5001 3500 5072">
     <span class='ocr_line' id='line_1_110' title="bbox 1921 5001 3500 5072; baseline -0.006 -7"><span class='ocrx_word' id='word_1_745' title='bbox 1921 5013 2065 5066; x_wconf 91' lang='lat' dir='ltr'><strong>niam</strong></span> <span class='ocrx_word' id='word_1_746' title='bbox 2118 5007 2270 5064; x_wconf 89' lang='lat' dir='ltr'><strong>nobis</strong></span> <span class='ocrx_word' id='word_1_747' title='bbox 2302 5009 2494 5071; x_wconf 69' lang='lat' dir='ltr'><strong>tribue,</strong></span> <span class='ocrx_word' id='word_1_748' title='bbox 2527 5018 2581 5062; x_wconf 91' lang='lat' dir='ltr'><strong>et</strong></span> <span class='ocrx_word' id='word_1_749' title='bbox 2608 5007 2846 5062; x_wconf 86' lang='lat' dir='ltr'><strong>remedia</strong></span> <span class='ocrx_word' id='word_1_750' title='bbox 2888 5004 3213 5072; x_wconf 89' lang='lat' dir='ltr'><strong>sempiterna</strong></span> <span class='ocrx_word' id='word_1_751' title='bbox 3244 5001 3500 5055; x_wconf 73' lang='lat' dir='ltr'><strong>concede.</strong></span> 
     </span>
    </p>
   </div>
   <div class='ocr_carea' id='block_1_111' title="bbox 1920 5103 2619 5160">
    <p class='ocr_par' dir='ltr' id='par_1_111' title="bbox 1920 5103 2619 5160">
     <span class='ocr_line' id='line_1_111' title="bbox 1920 5103 2619 5160; baseline -0.003 -2"><span class='ocrx_word' id='word_1_752' title='bbox 1920 5105 2022 5160; x_wconf 84' lang='lat' dir='ltr'><strong>Per</strong></span> <span class='ocrx_word' id='word_1_753' title='bbox 2048 5103 2327 5159; x_wconf 87' lang='lat' dir='ltr'><strong>Dominum</strong></span> <span class='ocrx_word' id='word_1_754' title='bbox 2357 5110 2619 5156; x_wconf 86' lang='lat' dir='ltr'><strong>nostrum.</strong></span> 
     </span>
    </p>
   </div>
   <div class='ocr_carea' id='block_1_112' title="bbox 1992 5182 3497 5267">
    <p class='ocr_par' dir='ltr' id='par_1_112' title="bbox 1992 5182 3497 5267">
     <span class='ocr_line' id='line_1_112' title="bbox 1992 5182 3497 5267; baseline -0.009 -17"><span class='ocrx_word' id='word_1_755' title='bbox 1992 5195 2145 5267; x_wconf 81' lang='grc'>(127)</span> <span class='ocrx_word' id='word_1_756' title='bbox 2176 5194 2313 5248; x_wconf 83' lang='lat' dir='ltr'><strong>Alia.</strong></span> <span class='ocrx_word' id='word_1_757' title='bbox 2339 5223 2407 5233; x_wconf 94' lang='lat'>—</span> <span class='ocrx_word' id='word_1_758' title='bbox 2440 5194 2585 5247; x_wconf 81' lang='lat' dir='ltr'><strong>Beati</strong></span> <span class='ocrx_word' id='word_1_759' title='bbox 2610 5189 2955 5260; x_wconf 62' lang='lat' dir='ltr'><strong>evangelista</strong></span> <span class='ocrx_word' id='word_1_760' title='bbox 2974 5187 3215 5249; x_wconf 86' lang='lat' dir='ltr'><strong>Joannis,</strong></span> <span class='ocrx_word' id='word_1_761' title='bbox 3252 5182 3497 5249; x_wconf 83' lang='lat' dir='ltr'><strong>Domine,</strong></span> 
     </span>
    </p>
   </div>
   <div class='ocr_carea' id='block_1_113' title="bbox 1924 5308 3489 5422">
    <p class='ocr_par' dir='ltr' id='par_1_113' title="bbox 1924 5308 3489 5422">
     <span class='ocr_line' id='line_1_113' title="bbox 1924 5308 3489 5422; baseline -0.004 -17"><span class='ocrx_word' id='word_1_762' title='bbox 1924 5353 2055 5422; x_wconf 78' lang='lat' dir='ltr'><strong>Reg.</strong></span> <span class='ocrx_word' id='word_1_763' title='bbox 2085 5352 2244 5422; x_wconf 87' lang='lat' dir='ltr'><strong>Suec.</strong></span> <span class='ocrx_word' id='word_1_764' title='bbox 2278 5360 2334 5406; x_wconf 89' lang='lat' dir='ltr'><strong>et</strong></span> <span class='ocrx_word' id='word_1_765' title='bbox 2356 5352 2505 5422; x_wconf 85' lang='lat' dir='ltr'><strong>abest</strong></span> <span class='ocrx_word' id='word_1_766' title='bbox 2536 5351 2602 5404; x_wconf 91' lang='lat' dir='ltr'><strong>ab</strong></span> <span class='ocrx_word' id='word_1_767' title='bbox 2633 5308 2773 5404; x_wconf 83' lang='lat' dir='ltr'><strong>Edit.</strong></span> <span class='ocrx_word' id='word_1_768' title='bbox 2808 5349 3005 5422; x_wconf 30' lang='lat' dir='ltr'><strong>VaAtic.,</strong></span> <span class='ocrx_word' id='word_1_769' title='bbox 3031 5345 3357 5422; x_wconf 81' lang='lat' dir='ltr'><strong>Gussanvil._,</strong></span> <span class='ocrx_word' id='word_1_770' title='bbox 3383 5354 3489 5422; x_wconf 55' lang='lat' dir='ltr'><strong>et&quot;.</strong></span> 
     </span>
    </p>
   </div>
   <div class='ocr_carea' id='block_1_114' title="bbox 1991 5416 3492 5476">
    <p class='ocr_par' dir='ltr' id='par_1_114' title="bbox 1991 5416 3492 5476">
     <span class='ocr_line' id='line_1_114' title="bbox 1991 5416 3492 5476; baseline -0.004 -3"><span class='ocrx_word' id='word_1_771' title='bbox 1991 5416 2097 5473; x_wconf 64' lang='lat' dir='ltr'><strong>e&#39;ln</strong></span> <span class='ocrx_word' id='word_1_772' title='bbox 2155 5421 2382 5476; x_wconf 77' lang='lat' dir='ltr'><strong>Kalend.</strong></span> <span class='ocrx_word' id='word_1_773' title='bbox 2448 5421 2604 5474; x_wconf 82' lang='lat' dir='ltr'><strong>Rom.</strong></span> <span class='ocrx_word' id='word_1_774' title='bbox 2668 5421 2812 5473; x_wconf 82' lang='lat' dir='ltr'><strong>nulla</strong></span> <span class='ocrx_word' id='word_1_775' title='bbox 2868 5419 2926 5472; x_wconf 87' lang='lat' dir='ltr'><strong>fit</strong></span> <span class='ocrx_word' id='word_1_776' title='bbox 2979 5416 3179 5471; x_wconf 89' lang='lat' dir='ltr'><strong>mentio</strong></span> <span class='ocrx_word' id='word_1_777' title='bbox 3227 5416 3492 5468; x_wconf 81' lang='lat' dir='ltr'><strong>stationis.</strong></span> 
     </span>
    </p>
   </div>
   <div class='ocr_carea' id='block_1_115' title="bbox 1916 5485 3489 5560">
    <p class='ocr_par' dir='ltr' id='par_1_115' title="bbox 1916 5485 3489 5560">
     <span class='ocr_line' id='line_1_115' title="bbox 1916 5485 3489 5560; baseline -0.008 -14"><span class='ocrx_word' id='word_1_778' title='bbox 1916 5491 2270 5560; x_wconf 84' lang='lat' dir='ltr'><strong>Evangelinm</strong></span> <span class='ocrx_word' id='word_1_779' title='bbox 2303 5492 2440 5546; x_wconf 89' lang='lat' dir='ltr'><strong>idem</strong></span> <span class='ocrx_word' id='word_1_780' title='bbox 2474 5499 2705 5560; x_wconf 82' lang='lat' dir='ltr'><strong>notatur,</strong></span> <span class='ocrx_word' id='word_1_781' title='bbox 2737 5489 2874 5559; x_wconf 90' lang='lat' dir='ltr'><strong>quod</strong></span> <span class='ocrx_word' id='word_1_782' title='bbox 2907 5490 2957 5540; x_wconf 92' lang='lat' dir='ltr'><strong>in</strong></span> <span class='ocrx_word' id='word_1_783' title='bbox 2998 5485 3489 5560; x_wconf 71' lang='lat' dir='ltr'><strong>hodiernislilissa-</strong></span> 
     </span>
    </p>
   </div>
   <div class='ocr_carea' id='block_1_116' title="bbox 1912 5557 3494 5629">
    <p class='ocr_par' dir='ltr' id='par_1_116' title="bbox 1912 5557 3494 5629">
     <span class='ocr_line' id='line_1_116' title="bbox 1912 5557 3494 5629; baseline -0.006 -14"><span class='ocrx_word' id='word_1_784' title='bbox 1912 5563 2051 5615; x_wconf 90' lang='lat' dir='ltr'><strong>lihus</strong></span> <span class='ocrx_word' id='word_1_785' title='bbox 2077 5557 2325 5629; x_wconf 83' lang='lat' dir='ltr'><strong>legimus.</strong></span> <span class='ocrx_word' id='word_1_786' title='bbox 2359 5564 2412 5615; x_wconf 91' lang='lat' dir='ltr'><strong>ln</strong></span> <span class='ocrx_word' id='word_1_787' title='bbox 2456 5559 2589 5615; x_wconf 87' lang='lat' dir='ltr'><strong>Cod.</strong></span> <span class='ocrx_word' id='word_1_788' title='bbox 2624 5557 2825 5615; x_wconf 81' lang='lat' dir='ltr'><strong>Pamel.</strong></span> <span class='ocrx_word' id='word_1_789' title='bbox 2861 5559 2978 5610; x_wconf 68' lang='lat' dir='ltr'><strong>alia:</strong></span> <span class='ocrx_word' id='word_1_790' title='bbox 3016 5572 3236 5629; x_wconf 84' lang='lat' dir='ltr'><strong>prorsus</strong></span> <span class='ocrx_word' id='word_1_791' title='bbox 3279 5557 3494 5629; x_wconf 51' lang='lat' dir='ltr'><strong>Oratios</strong></span> 
     </span>
    </p>
   </div>
   <div class='ocr_carea' id='block_1_117' title="bbox 1910 5633 2621 5701">
    <p class='ocr_par' dir='ltr' id='par_1_117' title="bbox 1910 5633 2621 5701">
     <span class='ocr_line' id='line_1_117' title="bbox 1910 5633 2621 5701; baseline -0.001 -17"><span class='ocrx_word' id='word_1_792' title='bbox 1910 5647 2006 5685; x_wconf 88' lang='lat' dir='ltr'><strong>nes</strong></span> <span class='ocrx_word' id='word_1_793' title='bbox 2038 5635 2395 5701; x_wconf 88' lang='lat' dir='ltr'><strong>assignantur.</strong></span> <span class='ocrx_word' id='word_1_794' title='bbox 2432 5633 2486 5686; x_wconf 90' lang='lat' dir='ltr'><strong>In</strong></span> <span class='ocrx_word' id='word_1_795' title='bbox 2519 5645 2621 5683; x_wconf 88' lang='lat' dir='ltr'><strong>una</strong></span> 
     </span>
    </p>
   </div>
   <div class='ocr_carea' id='block_1_118' title="bbox 1908 5696 3484 5770">
    <p class='ocr_par' dir='ltr' id='par_1_118' title="bbox 1908 5696 3484 5770">
     <span class='ocr_line' id='line_1_118' title="bbox 1908 5696 3484 5770; baseline -0.006 -17"><span class='ocrx_word' id='word_1_796' title='bbox 1908 5704 2104 5754; x_wconf 86' lang='lat' dir='ltr'><strong>dream.</strong></span> <span class='ocrx_word' id='word_1_797' title='bbox 2134 5696 2350 5770; x_wconf 59' lang='lat' dir='ltr'><strong>Eliquas</strong></span> <span class='ocrx_word' id='word_1_798' title='bbox 2378 5717 2444 5755; x_wconf 71' lang='lat' dir='ltr'><strong>es</strong></span> <span class='ocrx_word' id='word_1_799' title='bbox 2480 5701 2585 5754; x_wconf 91' lang='lat' dir='ltr'><strong>illis</strong></span> <span class='ocrx_word' id='word_1_800' title='bbox 2618 5696 2777 5753; x_wconf 83' lang='lat' dir='ltr'><strong>habet</strong></span> <span class='ocrx_word' id='word_1_801' title='bbox 2801 5698 2981 5770; x_wconf 79' lang='lat' dir='ltr'><strong>Codex</strong></span> <span class='ocrx_word' id='word_1_802' title='bbox 3016 5698 3142 5767; x_wconf 78' lang='lat' dir='ltr'><strong>lieg.</strong></span> <span class='ocrx_word' id='word_1_803' title='bbox 3174 5696 3358 5759; x_wconf 64' lang='lat' dir='ltr'><strong>Suec,</strong></span> <span class='ocrx_word' id='word_1_804' title='bbox 3392 5696 3484 5745; x_wconf 82' lang='lat' dir='ltr'><strong>sed</strong></span> 
     </span>
    </p>
   </div>
   <div class='ocr_carea' id='block_1_119' title="bbox 1905 5769 3020 5840">
    <p class='ocr_par' dir='ltr' id='par_1_119' title="bbox 1905 5769 3020 5840">
     <span class='ocr_line' id='line_1_119' title="bbox 1905 5769 3020 5840; baseline -0.009 -12"><span class='ocrx_word' id='word_1_805' title='bbox 1905 5787 2012 5828; x_wconf 88' lang='lat' dir='ltr'><strong>non</strong></span> <span class='ocrx_word' id='word_1_806' title='bbox 2043 5769 2262 5840; x_wconf 75' lang='lat' dir='ltr'><strong>omnes;</strong></span> <span class='ocrx_word' id='word_1_807' title='bbox 2296 5774 2402 5827; x_wconf 88' lang='lat' dir='ltr'><strong>imo</strong></span> <span class='ocrx_word' id='word_1_808' title='bbox 2433 5782 2539 5826; x_wconf 87' lang='lat' dir='ltr'><strong>tres</strong></span> <span class='ocrx_word' id='word_1_809' title='bbox 2570 5772 2777 5840; x_wconf 86' lang='lat' dir='ltr'><strong>priores</strong></span> <span class='ocrx_word' id='word_1_810' title='bbox 2807 5769 3020 5823; x_wconf 82' lang='lat' dir='ltr'><strong>desunt.</strong></span> 
     </span>
    </p>
   </div>
   <div class='ocr_carea' id='block_1_120' title="bbox 2654 5626 3491 5698">
    <p class='ocr_par' dir='ltr' id='par_1_120' title="bbox 2654 5626 3491 5698">
     <span class='ocr_line' id='line_1_120' title="bbox 2654 5626 3491 5698; baseline -0.01 -16"><span class='ocrx_word' id='word_1_811' title='bbox 2654 5628 2999 5698; x_wconf 65' lang='lat' dir='ltr'><strong>pralmittitur</strong></span> <span class='ocrx_word' id='word_1_812' title='bbox 3024 5627 3090 5678; x_wconf 86' lang='lat' dir='ltr'><strong>ad</strong></span> <span class='ocrx_word' id='word_1_813' title='bbox 3119 5633 3351 5698; x_wconf 74' lang='lat' dir='ltr'><strong>sanctum</strong></span> <span class='ocrx_word' id='word_1_814' title='bbox 3383 5626 3491 5698; x_wconf 61' lang='grc' dir='ltr'><strong>Αητ</strong></span> 
     </span>
    </p>
   </div>
  </div>
