4026 6296
527 305 601 363 85
1706 290 1948 350 SANC'I‘I
1984 289 2313 348 GREGURII
2352 288 2568 348 MAGNI
3730 284 3804 342 36

529 418 778 490 precibus
815 415 1149 486 adjuvemur,
1179 421 1239 467 ut
1262 409 1401 481 quod
1432 405 1756 479 possibilitas
1787 415 1967 460 nostra
1997 420 2103 459 non
2132 405 2182 465 Δ
2209 403 2378 473 geniti
2433 399 2734 457 veneranda
2792 397 3014 454 infantia
3086 399 3366 455 infantium
3429 400 3799 456 innocentium

530 509 736 564 obtinet
766 507 883 576 ejus
922 504 1074 560 nobis
1104 500 1484 559 intercessione
1511 498 1760 552 donetur.
1803 495 1925 550 Per.

599 600 755 674 (128)
803 599 943 652 Alia.
976 595 1174 658 —-Sit,
1236 592 1484 657 Domine,
1537 602 1862 658 quaesumus,
1921 586 2109 641 beatus

527 691 762 746 Joannes
805 686 1128 755 evangelista
1177 691 1376 737 nostra:
1427 679 1728 748 fragilitatis
1776 677 2010 748 adjutor,
2051 687 2110 731 ut

530 793 631 850 pro
661 778 813 833 nobis
851 776 944 830 tibi
983 772 1283 842 supplicans
1315 770 1585 840 copiosius
1612 770 1879 824 audiatur.
1912 768 2032 822 Per.

602 871 738 925 Atia.
760 897 832 910 --
855 867 996 921 Deus
1032 864 1120 933 qui
1154 877 1248 932 per
1285 876 1347 918 os
1385 861 1524 918 beati
1564 861 1792 932 apostoli
1840 861 1917 916 tui
1947 859 2111 917 Joan-

530 961 615 1016 nis
648 957 804 1013 Verbi
833 955 906 1010 tui
935 954 1088 1009 nobis
1115 967 1308 1008 arcana
1349 953 1621 1017 reserasti,
1644 960 1868 1021 'praasta,
1900 967 2112 1021 quazsu-

531 1062 676 1114 mus,
704 1053 763 1099 ut
799 1044 938 1114 quod
963 1043 1057 1099 ille
1084 1041 1282 1097 nostris
1308 1042 1528 1096 auribus
1555 1041 1885 1096 excellenter
1915 1039 2110 1096 infudit

530 1133 896 1205 intelligentia:
922 1134 1275 1203 competentis
1304 1131 1606 1186 eruditione
1643 1131 1939 1200 capiamus.
1982 1131 2107 1188 Per.

599 1227 742 1285 Alia.
767 1257 841 1271 ——
863 1225 1214 1295 Omnipotens
1261 1221 1586 1291 sempiterne
1616 1221 1778 1286 Deus,
1817 1220 1908 1290 qui
1951 1220 2110 1288 bujus

530 1318 639 1375 diei
666 1319 1027 1375 venerandam
1058 1322 1407 1384 sanctamque
1439 1312 1679 1366 laetitiam
1707 1311 1848 1367 beati
1878 1311 2106 1382 apostoli

532 1412 612 1467 tui
658 1409 882 1466 Joannis
926 1416 982 1466 et
1033 1406 1382 1479 evangelista:
1428 1403 1718 1459 festivitate
1758 1403 2010 1470 tribuisti,
2039 1403 2107 1458 da

529 1501 786 1558 Ecclesia:
815 1509 938 1565 tuas,
970 1513 1296 1571 quaesumus,
1327 1507 1379 1553 et
1412 1509 1593 1550 amare
1616 1494 1757 1564 quod
1780 1495 2026 1561 credidit,
2052 1502 2110 1551 et

530 1591 823 1662 praedicare
841 1591 981 1661 quod
1011 1589 1216 1645 docuit.
1250 1591 1369 1646 Per.

599 1684 735 1738 Alia.
757 1713 830 1724 —
857 1683 1012 1739 Adsit
1056 1681 1311 1738 Ecclesia;
1337 1691 1461 1750 tuae,
1497 1681 1744 1749 Domine,
1775 1694 2104 1750 quaesumus,

2212 505 2455 549 catervas
2484 494 2714 548 Herodis
2752 490 2950 547 funesti
2991 495 3215 561 peremit
3243 493 3471 555 sarvitia,
3505 510 3618 549 sua:
3646 497 3803 548 vobis

2215 586 2604 642 benedictionis
2635 585 2834 640 tribuat
2861 587 2998 639 dona
3033 585 3356 654 gratissima.
3388 589 3583 641 Amen.
3619 587 3681 641 Et
3705 587 3804 656 qni

2212 681 2294 736 eis
2314 678 2584 734 concessit
2613 686 2671 731 ut
2711 677 2927 732 unicum
2973 676 3166 732 Filium
3193 678 3333 746 ejus,
3367 677 3651 731 Dominum
3697 695 3800 732 no-

2212 782 2404 837 strum,
2436 785 2540 826 non
2585 770 2872 840 loquendo,
2923 770 3018 824 sed
3061 768 3339 823 moriendo
3378 768 3801 831 confiterentur,

2212 862 2471 919 concedat
2495 861 2646 916 vobis
2685 869 2743 915 ut
2786 859 2944 915 fidem
2978 874 3181 924 veram,
3216 874 3374 929 quam
3407 858 3586 929 lingua
3617 871 3798 912 vestra

2211 957 2427 1024 fatetur,
2468 955 2634 1010 etiam
2679 965 2859 1008 mores
2888 950 3042 1022 probi
3088 959 3146 1005 et
3193 951 3297 1004 vita
3338 949 3678 1019 inculpabilis
3717 949 3803 1002 fa-

2212 1056 2445 1104 teantur.
2475 1048 2668 1102 Amen.
2693 1043 2902 1112 Quique
2930 1057 3024 1098 eos
3052 1042 3378 1112 primitivum
3411 1041 3639 1096 fructutn
3670 1055 3801 1094 san-

2200 1145 2313 1195 cla
2360 1151 2471 1192 sua:
2509 1136 2746 1205 suscepit
2793 1133 3070 1199 Ecclesiae,
3121 1149 3242 1187 cum
3301 1133 3479 1187 fructu
3530 1133 3797 1187 bonorum

2209 1242 2434 1297 Operam
2482 1242 2580 1282 vos
2610 1226 2769 1281 faciat
2799 1225 3081 1295 pervenire
3108 1225 3174 1278 ad
3231 1223 3422 1294 gaudia
3453 1235 3671 1278 aeternas
3701 1240 3799 1294 pa-

2211 1319 2349 1372 triae.
2408 1318 2604 1372 Amen.
2645 1314 2802 1382 Quod
2849 1314 2965 1385 ipse
3007 1322 3266 1386 praestare
3315 1313 3588 1382 dignetur,
3637 1311 3797 1382 cujus

2209 1424 2458 1479 regnum.

2280 1501 2361 1552 Ad
2403 1499 2798 1570 Comploratum.
2822 1497 3063 1570 -(152)
3097 1497 3308 1570 Votiva,
3358 1497 3605 1562 Domine,
3650 1497 3793 1553 dona

2208 1591 2568 1662 percepimus,
2600 1607 2719 1661 qua:
2755 1598 3067 1646 sanctorum
3099 1590 3255 1644 nobis
3285 1589 3554 1658 precibus,
3578 1599 3633 1644 et
3654 1605 3794 1659 pne-

2207 1685 2396 1750 sentis,
2441 1697 2771 1754 quaesumus,
2817 1681 2944 1736 vitae
2992 1681 3192 1752 pariter
3242 1689 3300 1736 et
3348 1690 3564 1751 aeternae
3614 1679 3793 1735 tribue

539 1775 856 1853 beatnsjlg
886 1774 1207 1844 evangelista
1245 1773 1500 1840 Joannes,
1532 1782 1591 1828 ut
1635 1772 1789 1842 cujus
1818 1780 2108 1841 perpetuus
2138 1768 2186 1829 Β
2210 1774 2459 1830 conferre
2498 1772 2819 1828 subsidium.
2848 1770 2972 1827 Per.
3074 1824 3086 1840 _

532 1866 723 1921 doctor
750 1866 954 1933 existit,
985 1880 1200 1937 semper
1226 1878 1350 1922 esse
1379 1880 1484 1920 non
1527 1865 1736 1920 desinat
1762 1863 2102 1934 suffragator.

530 1957 631 2014 Per
660 1958 964 2014 Dominum.

599 2047 736 2102 Atia.
765 2077 834 2086 —
855 2046 1078 2110 Praesta,
1111 2059 1442 2116 qumsumus,
1479 2043 1820 2112 omnipotens
1849 2042 2014 2112 Deus,
2047 2051 2108 2100 ut

531 2137 905 2193 excellentiam
947 2137 1104 2192 Verbi
1153 2137 1268 2200 tui,
1318 2150 1478 2205 quam
1534 2135 1722 2191 beatus
1775 2134 2106 2206 evangelista

529 2227 766 2283 Joannes
792 2227 1044 2290 asseruit,
1090 2236 1144 2280 ct
1172 2226 1555 2282 convenienter
1604 2225 1907 2295 intelligere
1933 2224 2112 2281 valea-

529 2332 672 2384 mus,
699 2326 753 2372 et
781 2316 1045 2372 veraciter
1075 2316 1329 2384 profiteri.
1361 2314 1462 2370 Per
1487 2315 1758 2372 eumdem.

672 2423 705 2461 ν
733 2421 962 2460 κλιεκι).
995 2420 1263 2459 «ΙΔΝυΑΒΙΙο
1293 2412 1317 2439 ⁸
1350 2419 1571 2460 Νλτλιιε
1607 2419 1965 2461 INNOCENTUI.

606 2495 772 2561 Dens,
805 2496 957 2562 cujus
989 2493 1251 2548 hodierna
1297 2493 1384 2549 die
1427 2496 1754 2564 prteconium
1797 2495 2110 2549 innocentes

531 2594 800 2655 martyres
827 2598 932 2639 non
955 2584 1240 2653 loquendo,
1271 2583 1366 2639 sed
1404 2583 1680 2639 moriendo
1704 2582 1933 2638 confessi
1961 2592 2107 2650 sunt,

530 2675 716 2730 omnia
764 2673 816 2728 in
856 2673 1010 2728 nobis
1053 2673 1302 2728 vitiorum
1358 2673 1494 2727 mala
1543 2673 1820 2738 ntortifica,
1855 2682 1912 2726 ut
1949 2673 2109 2728 fidem

533 2772 702 2831 tuam,
734 2779 891 2835 quam
933 2763 1111 2834 lingua
1143 2770 1328 2817 nostra
1373 2762 1626 2832 loquitur,
1659 2763 1818 2818 etiam
1873 2760 2111 2817 moribus

538 2856 645 2910 vita
677 2855 926 2909 fateatur.
948 2854 1073 2909 Per.
1583 2919 1600 2933 θ

606 2945 777 3015 Super
824 2945 1015 3000 oblata.
1037 2973 1107 2985 -
1126 2944 1352 3010 Adesto,
1384 2944 1634 3013 Domine,
1682 2944 1994 2999 muneribus
2025 2941 2112 2998 ln-

533 3046 818 3096 nocentum
842 3036 1130 3092 festivitate
1151 3035 1450 3103 sacrandis,
1469 3046 1522 3092 et
1540 3045 1752 3106 praesta,
1776 3050 2102 3105 quaesumus,

537 3136 596 3181 ut
621 3139 809 3181 eorum
837 3125 1198 3180 sinceritatem
1227 3124 1494 3193 possimus
1525 3123 1743 3190 imitari,
1765 3136 1991 3195 quorum
2016 3124 2110 3179 tibi
2139 3107 2190 3172 ο

539 3217 770 3273 dicatam
797 3229 1115 3271 veneramur
1144 3214 1443 3270 infantiam.
1473 3214 1594 3271 Per.

610 3304 880 3375 Prwfatio.
901 3331 973 3345 —
1000 3303 1138 3358 Vere
1163 3303 1381 3373 dignum
1429 3312 1483 3359 et
1507 3303 1706 3374 justum
1751 3314 1854 3371 est,
1899 3319 2108 3376 mqqum

536 3403 593 3450 et
613 3394 869 3460 salutare,
898 3407 995 3448 nos
1021 3393 1117 3448 tibi
1140 3407 1354 3461 semper
1391 3400 1443 3447 et
1473 3394 1667 3464 ubique
1703 3395 1901 3464 gratias
1928 3410 2118 3468 agere,

539 3485 764 3539 Domine
815 3491 1023 3552 sancte,
1072 3483 1233 3538 Pater
1269 3483 1631 3553 omnipotens,
1680 3494 1884 3541 aeterne
1932 3486 2111 3542 Deus:

541 3578 692 3649 (l29)
721 3589 774 3633 et
799 3578 850 3633 in
872 3577 1122 3648 pretiosis
1142 3577 1411 3633 mortibus
1436 3578 1799 3648 parvulorum,
1820 3594 1954 3648 quos
1990 3595 2114 3650 pro-

540 3679 658 3738 pter
700 3668 868 3723 nostri
913 3667 1284 3736 Redemptoris
1333 3666 1609 3732 infantiam
1658 3667 1868 3723 bestiali
1911 3669 2115 3724 saevitia

543 3757 783 3812 Herodes
826 3756 1067 3811 funestus
1120 3756 1336 3821 occidit,
1381 3756 1644 3813 immensa
1682 3756 1982 3812 clementia:
2012 3767 2117 3811 tua:

540 3847 690 3902 dm
724 3845 1035 3913 praedicare,
1083 3845 1135 3901 in
1161 3846 1353 3914 quibus
1399 3844 1564 3914 fulget
1600 3846 1714 3901 sola
1743 3847 1909 3917 magis
1947 3848 2117 3917 gratia

543 3945 705 4009 quam
750 3941 1016 4001 voluntas,
1049 3937 1208 4008 (I50)
1246 3946 1303 3992 ct
1347 3938 1492 3991 clara
1535 3945 1619 3994 est
1647 3938 1796 4008 prius
1843 3939 2117 4012 confessio

543 4037 712 4099 qnam’
737 4029 966 4099 loquela,
1002 4027 1154 4100 (151)
1177 4038 1307 4091 ante
1333 4030 1512 4098 passio
1533 4045 1693 4100 quam
1731 4021 1970 4101 "terebra
2001 4033 2118 4088 ido-

541 4139 638 4178 nea
667 4123 921 4192 passioni.
959 4123 1206 4178 Existunt
1244 4133 1407 4190 testes
1437 4123 1656 4193 Christi,
1698 4125 1788 4195 qui
1838 4125 1956 4196 ejus
1984 4142 2119 4184 non-

538 4210 666 4266 dum
699 4213 902 4266 fuerant
933 4213 1224 4282 agnitores.
1255 4212 1301 4268 0
1330 4213 1536 4268 infinita
1565 4213 1893 4286 benignitas!
1929 4232 1962 4271 ο
1985 4218 2120 4273 inef-

541 4301 714 4355 fabilis
750 4301 1138 4365 misericordia,
1167 4317 1285 4371 qum
1317 4317 1418 4372 pro
1446 4316 1547 4356 suo
1590 4304 1809 4361 nomine
1837 4305 2117 4362 trucidatis

541 4392 790 4447 meritum
847 4391 1026 4458 gloria:
1082 4391 1260 4460 perire
1309 4407 1415 4445 non
1468 4393 1686 4459 patitur,
1737 4394 1833 4450 sed
1900 4397 2116 4466 proprio

540 4493 735 4534 cruore
756 4477 988 4547 perfusis
1017 4488 1069 4532 et
1097 4480 1241 4532 salus
1280 4481 1699 4550 regenerationis
1727 4483 2028 4551 adhibetur,
2058 4497 2112 4542 et
2142 4467 2198 4528 Ῑ)

542 4569 835 4637 imputatur
858 4581 1054 4621 corona
1081 4568 1344 4638 martyrii.
1376 4569 1439 4623 Et
1461 4569 1582 4624 ideo
1606 4585 1727 4628 cum
1751 4575 1975 4644 angelis,
2001 4585 2107 4632 etc.

549 4732 559 4745 .
611 4657 924 4714 Benedictio.
951 4659 1392 4729 --0mnipotens
1436 4661 1599 4729 Deus,
1650 4678 1749 4732 pro
1786 4667 1938 4737 cujus
1990 4668 2112 4726 Uni-

615 4797 640 4824 ι
665 4789 818 4858 Apud
863 4787 1067 4862 Pamel.
1102 4789 1257 4862 Ναί..
1307 4803 1596 4848 sanctorum
1624 4795 1896 4855 Innocent.
1946 4802 2114 4862 Abest

545 4871 854 4932 sanctorum,
879 4875 906 4912 a
934 4858 1079 4932 Cod.
1097 4861 1224 4929 Reg.
1255 4862 1441 4926 Snec.,
1463 4878 1491 4915 a
1519 4863 1744 4922 Kalend.
1777 4867 1931 4925 Rom.
1963 4858 2017 4927 ct
2041 4858 2112 4932 ab

551 4929 691 5000 Etlit.
736 4929 900 4983 Vatic.
942 4941 996 4985 et
1043 4931 1341 5000 Gussanvil.
1393 4932 1448 4987 In
1498 4936 1686 4990 eodem
1732 4939 1931 4996 l’amel.
1972 4929 2107 5000 Cod:

550 4999 748 5070 legitur
781 5000 848 5052 ad
877 5013 1104 5054 sanctam
1142 4999 1383 5057 Paulum.
1437 5003 1641 5059 Siletnr
1667 5008 1734 5062 de
1785 5011 2016 5067 statione
2061 4999 2113 5070 in

551 5067 774 5147 l‘alend.
827 5069 1004 5132 Rom.,
1056 5072 1142 5147 ubi
1175 5072 1684 5147 Evangeliuurident
1731 5082 1873 5147 qttod
1921 5082 1974 5135 in
2021 5067 2116 5141 ho:

552 5138 734 5220 dierna
765 5150 1066 5220 sanctorum
1100 5138 1466 5220 Innocentium
1514 5145 1672 5200 Missa
1715 5138 2050 5220 designatur.

553 5206 664 5332 ne:
684 5207 1003 5332 llsfltéévratio
1023 5220 1080 5266 et
1104 5213 1308 5279 ultima,
1337 5215 1548 5286 adjuva,
1580 5227 1708 5285 etc.,
1739 5206 1889 5276 deest
1909 5222 1962 5276 in
1986 5206 2120 5279 cod.

597 5291 684 5344 eg.
713 5291 871 5332 enec.

629 5347 1520 5446 maestas.1929-32992
1544 5365 1720 5446 se!“
1751 5359 1804 5446 in
1827 5359 1959 5446 95x!-
1985 5363 2120 5446 Res-

745 5417 797 5501 In
825 5415 1816 5501 neutroi'legitur-quod-llic:de_sancto
1843 5415 2121 5501 ruigénii’é

557 5485 793 5571 ῗί¹²¹⁵⁹ν¹¹¹¹
819 5489 1067 5571 ’-Ψ-³³⁸³
1094 5485 1147 5543 ῖ¹⁸
1175 5485 1580 5571 ³¹ίίέὶ⁷ιιιμιῑα
1611 5496 1664 5550 In
1694 5485 1915 5571 kalend.
1941 5485 2120 5571 nati";

555 5555 644 5608 ubi
672 5570 820 5638 papae
848 5557 1242 5638 titulussancto
1272 5555 1531 5638 Silvestro
1560 5581 1664 5620 non
1711 5555 1867 5638 datur
1892 5613 1907 5634 ,
1947 5555 2124 5628 nulla:

551 5639 656 5706 que
682 5623 930 5706 linusancti
963 5627 1217 5706 Fulgentii
1244 5635 1536 5706 _r_nem_oria_,_
1559 5623 1915 5701 prtescribitur
1940 5623 2113 5697 nisi]-

551 5694 657 5765 εει.
691 5693 833 5750 Dixit
862 5696 1012 5752 Iesus
1036 5693 1295 5770 discipulis
1317 5703 1461 5758 suis:
1500 5693 1742 5776 Vi'gilate,
1773 5693 2116 5784 usqueaupir

2285 1865 2386 1936 13
2409 1861 2661 1918 Alia—1'
2680 1863 2842 1928 Deus,
2859 1863 2950 1932 qui
2973 1861 3101 1917 licet
3124 1862 3202 1917 sis
3231 1874 3454 1931 magnus
3475 1862 3526 1916 in
3558 1862 3789 1931 magnis,

2208 1954 2474 2009 mirabilia
2498 1965 2677 2009 tamen
2697 1953 2980 2024 gloriosius
3002 1954 3308 2024 operarisin
3330 1954 3586 2019 minimis,
3605 1955 3671 2008 da
3691 1972 3789 2008 no-

2208 2043 2292 2099 bis
2315 2084 2331 2110 ,
2362 2059 2669 2113 quaesumus
2692 2083 2708 2110 ,
2741 2043 2798 2099 in
2826 2058 3012 2098 eorum
3041 2043 3352 2100 celebritate
3380 2043 3614 2114 gaudere
3641 2087 3658 2113 ,
3699 2045 3790 2114 qui

2210 2134 2348 2190 Filio
2401 2145 2495 2189 tuo
2539 2136 2763 2189 Domino
2806 2144 2993 2190 nostro
3038 2136 3401 2190 testimonium
3449 2133 3797 2206 prabuerunt

2209 2226 2369 2283 etiam
2401 2242 2506 2281 non
2536 2227 2836 2296 loquentes.
2869 2226 2972 2282 Per
3000 2226 3270 2294 eumdem,
3301 2236 3407 2282 etc.

2282 2316 2420 2371 Alia.
2451 2343 2526 2357 -
2549 2315 2657 2385 Ipsi
2681 2316 2854 2383 nobis,
2879 2315 3128 2385 Domine,
3154 2330 3458 2385 quaesumus
3477 2357 3494 2382 ,
3523 2316 3796 2386 postulent

2212 2409 2473 2465 mentium
2507 2408 2790 2480 puritatem
2817 2451 2833 2477 ,
2865 2423 3095 2478 quorum
3124 2409 3483 2465 innocentiam
3510 2408 3669 2464 bodie
3697 2425 3792 2464 so-

2211 2501 2461 2560 lemniter
2488 2501 2846 2558 celebramus.
2873 2501 2998 2559 Per.
3596 2506 3613 2518 ‘

2284 2595 2421 2650 Alia.
2452 2623 2520 2636 —
2542 2593 2750 2663 Adjuva
2779 2607 2908 2660 nos,
2944 2592 3200 2662 Domine,
3230 2608 3535 2662 qumsumus
3559 2635 3573 2656 ,
3603 2607 3796 2648 eorum

2212 2684 2590 2754 deprecatione
2635 2692 2945 2738 sanctorum
2969 2723 2987 2749 ,
3036 2685 3129 2752 qui
3156 2684 3349 2738 Filium
3384 2694 3527 2738 tuum
3561 2685 3796 2737 humana

2213 2771 2440 2830 necdum
2469 2786 2601 2828 voce
2629 2771 2947 2841 profitentes
2975 2771 3183 2826 caelesti
3223 2781 3346 2826 sunt
3375 2787 3474 2842 pro
3500 2772 3616 2842 ejus
3641 2771 3764 2825 Nati
3782 2803 3799 2814 ο

2211 2866 2377 2919 vitate
2402 2863 2573 2935 gloria
2599 2862 2861 2919 coronati.
2892 2862 2994 2918 Per
3021 2861 3292 2917 eumdem.

2212 2969 2354 3010 PBID.
2388 2967 2660 3008 KALENDAS
2688 2965 2953 3006 JANUARII.
2999 2966 3280 3006 NATIVITAS
3305 2966 3494 3006 SLNCTI
3529 2966 3801 3008 SILVESTII

2895 3031 2918 3059 ε
2949 3035 3117 3074 PAPE.

2383 3114 2532 3186 (153)
2562 3111 2759 3166 Eodem
2789 3112 2872 3166 die
2897 3113 3061 3166 sancti
3087 3111 3356 3182 Fulgentii
3379 3113 3623 3184 episcopi.

2294 3207 2368 3262 Da
2389 3246 2404 3272 ,
2435 3219 2773 3275 quaesumus,
2800 3205 3135 3272 omnipotens
3165 3204 3337 3270 Deus,
3378 3215 3436 3260 nt
3461 3206 3597 3264 beati
3627 3206 3801 3262 Silreo

2215 3298 2312 3354 stri
2339 3296 2666 3352 confessoris
2699 3294 2799 3362 tui,
2844 3303 3007 3363 atque
3053 3295 3316 3363 pontificis
3359 3297 3656 3350 venerantis
3697 3313 3798 3351 so—

2216 3390 2466 3446 lemnitas
2490 3429 2506 3455 ,
2535 3397 2592 3444 et
2619 3388 2960 3443 devotionem
2995 3389 3147 3442 nobis
3174 3396 3365 3459 augeat
3389 3429 3406 3456 ,
3448 3397 3503 3444 et
3544 3391 3802 3446 salutem.

2215 3481 2342 3542 Per.

2289 3575 2460 3643 Super
2480 3573 2672 3628 oblata.
2689 3602 2757 3617 --
2778 3571 3095 3626 Sanctorum
3115 3577 3326 3625 tuorum
3351 3571 3523 3638 nobis,
3545 3572 3803 3643 Domine,

2217 3665 2304 3736 pia
2331 3680 2436 3722 non
2469 3665 2610 3718 desit
2636 3663 2830 3729 oratio,
2859 3677 2977 3732 qua:
3002 3671 3056 3716 et
3079 3676 3298 3716 munera
3321 3674 3500 3718 nostra
3524 3665 3805 3732 conciliet,

2218 3767 2271 3813 et
2304 3767 2447 3810 tuam
2479 3754 2633 3811 nobis
2658 3751 3041 3822 indulgentiam
3071 3767 3284 3822 semper
3311 3753 3569 3810 obtineat.
3602 3754 3725 3809 Per.

2290 3845 2371 3899 Ad
2405 3844 2796 3916 Complcndum.
2818 3872 2890 3886 —
2913 3841 3249 3909 Quaesumus,
3273 3844 3607 3911 omnipotens
3630 3844 3808 3911 Deus,

2219 3943 2279 3990 ut
2310 3933 2583 3989 hodierna:
2611 3947 2801 3993 munus
2835 3931 3188 3988 solemnitatis
3227 3941 3496 4001 acceptum
3517 3973 3533 3999 ,
3559 3935 3807 3990 interce-

2219 4026 2381 4082 dente
2405 4025 2563 4080 beato
2590 4022 2858 4079 Silvestre
2886 4021 3197 4079 confessore
3229 4033 3320 4079 tuo
3346 4065 3361 4089 ,
3395 4036 3448 4080 et
3482 4025 3806 4094 corporibus

2219 4119 2419 4175 nostris
2445 4119 2674 4174 salutem
2705 4124 2922 4185 praestet
2945 4124 3000 4170 et
3028 4117 3316 4171 mentibus.
3360 4114 3463 4172 Per
3489 4117 3805 4174 Dominum.

2293 4213 2429 4266 Alea.
2457 4240 2530 4254 -—
2553 4209 2775 4275 Adesto,
2803 4209 3048 4275 Domine,
3075 4210 3550 4279 supplicationibus
3575 4216 3806 4282 nostris,

2221 4321 2322 4361 nec
2363 4318 2458 4360 eos
2506 4301 2633 4357 ullis
2679 4303 2872 4356 mentis
2909 4310 2967 4356 et
3002 4303 3244 4369 corporis
3273 4302 3491 4372 patiaris
3517 4305 3813 4374 subiacere

2229 4396 2520 4468 periculis,
2565 4407 2701 4464 quos
2747 4391 2885 4447 beati
2931 4392 3174 4448 Stlvestri
3202 4391 3470 4461 pontificis
3512 4393 3588 4448 tui
3626 4394 3809 4451 munit

2219 4490 2450 4562 gloriosa
2477 4484 2765 4541 confessio.
2802 4483 2922 4539 Per.

2280 4592 2535 4634 summa
2563 4589 2830 4629 JANUARII.
2864 4572 3013 4642 (151)
3039 4602 3109 4612 —
3138 4589 3188 4628 ιι(
3220 4589 3442 4630 ocuvts
3472 4591 3650 4632 nonis:
3679 4576 3726 4631 ἀ.

2291 4671 2458 4736 Deus,
2485 4667 2576 4738 qui
2606 4665 2794 4720 salutis
2824 4672 3060 4731 aeternae,
3093 4663 3263 4719 beatae
3290 4665 3471 4720 Μαι-επ
3498 4666 3813 4738 virginitate

2220 4805 2394 4865 omnia
2419 4804 2552 4858 bona
2578 4815 2672 4855 sua
2701 4799 2967 4855 constituet
2990 4814 3129 4865 eum,
3156 4799 3274 4853 sine
3303 4799 3408 4854 ulla
3438 4800 3684 4858 statione.

2293 4875 2320 4914 d
2352 4877 2503 4931 Licet
2531 4873 2630 4925 hoc
2675 4872 2866 4926 festum
2896 4885 2926 4922 a
2954 4869 3374 4923 Circumcisione
3414 4886 3605 4926 nomen
3652 4873 3804 4934 baud

2221 4946 2448 5015 accipiat
2478 4945 2529 4997 in
2560 4941 2844 5015 littlemlar.
2875 4941 3054 5015 Rom.,
3083 4941 3167 5015 cui
3195 4941 3537 5015 consentiunt
3559 4943 3676 4998 libri
3698 4945 3810 5001 Sa-

2221 5009 2614 5072 cran'tentorutn
2645 5011 2871 5083 Codices
2899 5011 3012 5063 sive
3032 5009 3181 5083 editi"
3200 5010 3315 5083 sive
3345 5026 3518 5083 manu
3551 5019 3753 5083 erarati
3787 5060 3804 5083 ,

2223 5089 2521 5154 assignatur
2579 5092 2756 5137 tamen
2813 5078 3157 5154 Evangelium
3189 5080 3280 5154 _de
3333 5078 3805 5148 Circntncisione,

2227 5148 2495 5227 postquam
2521 5150 2862 5227 consummati
2881 5156 3031 5227 sunt,
3053 5148 3202 5227 quod
3239 5154 3582 5227 protrahitur,
3632 5168 3811 5227 usque

2225 5218 2274 5280 et
2296 5218 2511 5294 gloriam
2534 5222 2691 5291 plebis
2713 5231 2814 5294 tite
2838 5218 3025 5294 Israel,
3051 5218 3204 5272 Nulla
3230 5221 3474 5294 stationis
3497 5221 3555 5294 f_it
3575 5218 3808 5294 mentio.

2225 5289 2486 5350 lnEditis
2516 5289 2693 5346 tamen
2724 5289 3067 5362 Parnelianis,
3096 5289 3466 5362 consentiente
3491 5291 3632 5362 Cod.
3663 5292 3810 5362 Reg.

2224 5365 2406 5428 Suec.,
2431 5363 2623 5430 legitur
2642 5361 2710 5413 ad
2730 5371 2963 5414 sanctum
2987 5358 3207 5430 Uarium
3228 5359 3296 5412 ad
3319 5358 3592 5430 Martyres.
3615 5360 3672 5416 In
3699 5358 3809 5418 hoc

2225 5434 2359 5488 Cod.
2407 5429 2779 5486 desiderantur
2828 5440 3056 5498 quatuor
3098 5429 3380 5483 Orationes
3419 5429 3618 5484 ultima:
3660 5435 3807 5497 apud

2223 5502 2518 5573 Parnelium
2547 5501 2753 5573 uncinis
2783 5501 2803 5573 [
2851 5497 2856 5498 “
2917 5497 2936 5568 ]
2967 5500 3219 5573 inclusas;
3261 5498 3508 5573 Praefatio
3545 5511 3596 5573 et
3635 5501 3811 5558 Bene.

2223 5572 2386 5628 dictio
2414 5586 2534 5642 qua:
2557 5572 2643 5642 hic
2671 5569 2954 5642 habentur,
2988 5570 3076 5623 ubi
3094 5569 3536 5642 _Circn_tncisionis
3563 5570 3622 5623 fit
3653 5587 3813 5625 men-

2224 5645 2320 5710 tio,
2345 5645 2398 5697 in
2429 5637 2630 5696 f’amel.
2661 5653 2714 5694 et
2738 5641 2868 5709 Reg.
2896 5641 3056 5710 Suec.
3081 5637 3369 5694 Codicibus
3394 5655 3498 5694 non
3528 5641 3805 5708 leguntur.

2221 5714 2278 5768 ln
2304 5708 2586 5774 Kalendar.
2621 5711 2775 5766 Rom.
2810 5708 2997 5768 eodem
3048 5710 3137 5766 die
3179 5719 3395 5766 notatur
3422 5710 3589 5766 natale
3615 5720 3812 5765 sancta.-
