4026 6306
241 334 309 389 31
1483 327 1683 384 LIBER
1725 325 2362 388 SACRAMENTORUM.
3475 339 3540 396 ιε

250 451 474 512 fecunda
499 491 514 517 ,
537 448 789 504 humano
818 445 1001 520 generi
1029 445 1246 517 prtemia
1279 443 1571 513 praestitisti
1598 485 1614 509 ,
1641 445 1845 507 tribue,
1877 445 1926 503 Α
2025 441 2296 511 Ρητίαιὶο.
2321 472 2395 484 -
2425 444 2559 502 Vere
2588 446 2806 517 dignum
2846 456 2899 505 et
2938 449 3138 518 justum
3169 462 3290 519 est,
3323 469 3534 526 :equum

253 558 594 618 quasumus,
626 548 686 594 ut
713 540 891 608 ipsam
931 553 1029 606 pro
1072 537 1226 591 nobis
1276 534 1612 590 intercedere
1649 535 1855 589 sentia-

258 657 388 696 mus
407 680 424 705 ,
455 652 545 708 per
577 648 738 703 quam
790 630 1088 686 meruimus
1119 637 1393 682 auctorem
1421 626 1542 680 vitae
1582 627 1857 695 suscipere

268 733 548 786 Dominum
580 735 830 780 nostrum
859 723 1044 778 .Iesum
1069 721 1340 775 Christum
1369 719 1559 775 Filium
1591 726 1760 772 tuum.

340 823 473 875 Alio.
502 847 573 858 —-
597 817 762 880 Deus,
791 815 881 884 qui
908 813 1061 866 nobis
1083 812 1191 866 nati
1217 809 1508 866 Salvatoris
1535 809 1680 864 diem
1712 806 1856 862 cele-

266 917 419 968 brare
452 909 560 981 ιι
583 905 844 964 concedis
866 915 1114 960 octavum
1141 945 1156 967 ,
1202 903 1284 956 fac
1311 942 1326 965 ,
1369 913 1677 971 quaesumus
1702 938 1719 964 ,
1751 911 1852 953 nos

259 1003 381 1071 ejus
408 1008 664 1070 perpetua
707 995 990 1050 divinitate
1020 993 1218 1048 muniri
1241 990 1394 1060 cujus
1421 1004 1608 1045 sumus
1649 987 1850 1043 carnali

259 1092 598 1149 commercio
624 1088 877 1158 reparati.
907 1085 1006 1152 Qui
1037 1097 1210 1139 tecum
1240 1083 1390 1147 vivit,
1422 1090 1528 1135 etc.

346 1185 518 1250 Super
539 1182 726 1234 oblata.
749 1207 822 1218 -—
849 1177 1046 1231 Przesta
1072 1215 1086 1237 ,
1114 1185 1426 1242 quaesumus
1452 1210 1467 1236 ,
1498 1168 1721 1224 Domine
1745 1209 1761 1232 ,
1793 1175 1852 1222 ut

265 1294 376 1348 per
405 1279 513 1330 haec
540 1286 761 1329 munera
788 1313 804 1338 ,
850 1284 972 1340 qua:
1019 1265 1230 1322 Domini
1271 1263 1443 1319 nostri
1488 1262 1612 1318 Jesu
1654 1261 1848 1316 Christi

262 1381 483 1423 arcanae
503 1361 810 1418 Nativitatis
829 1358 1089 1430 mysterio
1107 1355 1364 1426 gerimus,
1392 1355 1684 1423 purificata
1707 1365 1850 1406 meu-

260 1461 334 1514 tis
360 1455 770 1524 intelligentiam
801 1464 1216 1520 consequamur.
1250 1445 1351 1500 Per
1379 1443 1649 1499 eumdem.

338 1549 613 1619 Praefatio.
645 1575 716 1585 ——
739 1545 879 1597 Vere
920 1541 1136 1610 dignum
1165 1551 1219 1595 et
1244 1537 1450 1608 justum
1481 1545 1565 1591 est
1588 1577 1604 1601 ,
1636 1549 1848 1604 aequum

264 1655 322 1700 et
342 1645 578 1698 salutare
602 1681 617 1705 ,
643 1653 742 1692 nos
775 1635 866 1690 tibi
897 1648 1108 1702 semper
1135 1641 1190 1686 et
1217 1631 1412 1700 ubique
1437 1630 1636 1698 gratias
1665 1643 1846 1698 agere,

267 1734 498 1790 Domine
528 1739 735 1792 sancte,
769 1731 924 1785 Pater
952 1723 1315 1792 omnipotens,
1339 1731 1539 1774 teterne
1567 1719 1726 1785 Deus,
1752 1735 1850 1788 per

263 1826 538 1882 Christum
571 1821 856 1877 Dominum
887 1827 1128 1873 nostrum
1164 1833 1176 1867 :
1218 1814 1372 1883 cujus
1406 1812 1564 1866 hodie
1606 1813 1849 1867 Circum-

267 1915 493 1972 cisionis
531 1914 672 1968 diem
699 1955 714 1978 ,
762 1919 818 1966 et
857 1910 1160 1964 Nativitatis
1190 1917 1432 1960 octavmn
1473 1906 1806 1962 celebrantes
1830 1945 1846 1971 ,

264 2017 393 2070 tua,
423 2006 643 2059 Domine
664 2045 679 2067 ,
717 1999 983 2056 mirabilia
1015 2013 1350 2054 veneramur.
1391 1998 1523 2062 Quia
1549 2036 1564 2061 ,
1606 2012 1726 2066 (pne
1758 2013 1851 2064 pe-

267 2099 439 2168 perit,
471 2106 526 2150 et
552 2102 715 2150 mater
737 2103 794 2147 et
822 2092 975 2160 virgo
999 2097 1126 2155 est;
1164 2090 1255 2159 qui
1295 2098 1451 2144 natus
1479 2093 1563 2142 est
1589 2099 1642 2143 et
1675 2086 1850 2142 infans

265 2200 326 2245 et
359 2188 498 2242 Deus
528 2195 628 2240 est.
663 2184 730 2238 Et
759 2183 882 2237 ideo
907 2197 1028 2236 cum
1060 2181 1284 2250 angelis,
1310 2189 1416 2235 etc.

344 2277 654 2332 Benedictio.
683 2304 751 2315 ——
774 2273 1122 2342 Omnipotens
1152 2271 1325 2336 Deus,
1356 2270 1508 2339 cujus
1536 2269 1848 2339 Unigenitus

268 2368 525 2422 hodierna
573 2366 662 2419 die
687 2405 703 2430 ,
751 2379 819 2418 ne
857 2363 1026 2431 legem
1065 2362 1335 2426 solveret,
1362 2377 1518 2431 quam
1551 2361 1849 2428 adimplere

266 2467 492 2515 venerat
515 2501 531 2526 ,
565 2455 904 2524 corporalem
935 2453 1170 2522 suscepit
1194 2452 1658 2506 circumcisioncm
1689 2495 1703 2518 ,
1737 2451 1850 2520 spi-

267 2547 409 2604 ritali
438 2544 854 2600 circumcisioiie
885 2551 1094 2597 mentes
1133 2550 1340 2597 vestras
1390 2541 1459 2596 ab
1496 2541 1742 2595 omnibus
1770 2543 1847 2594 vi-

259 2642 466 2695 tiorum
496 2638 781 2692 incentivis
807 2644 1098 2706 expurget,
1125 2645 1179 2691 et
1209 2651 1357 2689 suam
1391 2635 1441 2689 in
1479 2649 1574 2688 vos
1606 2634 1849 2689 infundat

265 2729 723 2784 benedictionem.
778 2728 968 2780 Amen.
1021 2725 1086 2780 Et
1127 2726 1216 2795 qui
1271 2726 1441 2794 legem
1485 2740 1578 2794 per
1626 2727 1847 2795 Moysen

266 2824 458 2888 dedit,
499 2833 557 2876 ut
598 2838 695 2892 per
731 2822 1075 2877 Ilediatorem
1115 2831 1356 2876 nostrum
1407 2821 1842 2876 benedictionem

267 2916 449 2980 daret,
471 2923 628 2969 exuat
649 2929 746 2967 vos
771 2913 1180 2968 rnortif‘tcatione
1200 2911 1445 2965 vitiorutn
1470 2921 1523 2965 et
1547 2913 1706 2965 faciat
1729 2925 1848 2978 per-

265 3020 518 3061 severare
548 3006 601 3058 in
632 3005 866 3058 novitate
897 3003 1174 3057 virtutmn.
1201 3002 1393 3056 Amen.
1427 3002 1545 3068 Quo
1568 3001 1646 3056 sic
1672 3003 1727 3055 in
1755 3016 1846 3054 se-

266 3096 404 3150 narii
435 3094 644 3149 numeri
676 3093 1004 3162 perfectione
1035 3091 1086 3146 in
1111 3093 1210 3146 hoc
1239 3091 1438 3145 sarcqu
1471 3091 1681 3156 vivatis,
1711 3099 1766 3143 et
1790 3090 1844 3143 in

1960 541 2015 586 et
2037 533 2300 599 salutare,
2333 549 2429 589 nos
2460 536 2552 590 tibi
2585 553 2798 607 semper
2823 548 2876 594 et
2900 540 3095 609 ubique
3123 545 3316 611 gratias
3346 537 3504 615 agere
3524 589 3538 610 ,

1959 621 2189 678 Domine
2233 634 2458 692 sancte,
2510 625 2670 682 Pater
2713 630 3092 697 omnipotens,
3133 644 3332 688 aeterne
3360 635 3537 689 Deus:

1957 709 2058 775 Qui
2090 722 2311 780 peccato
2338 715 2496 780 primi
2531 717 2771 782 parentis
2802 716 3071 772 hominem
3116 736 3145 772 a
3188 721 3375 776 salutis
3419 726 3538 777 lini-

1956 803 2056 858 bus
2086 805 2421 859 exsulantem
2448 850 2463 873 ,
2510 807 2724 876 pietatis
2773 809 3100 881 indulgentia
3131 812 3196 867 ad
3224 814 3432 868 veniam
3463 816 3536 868 vi-

1957 903 2173 962 tamque
2202 897 2486 964 revocasti,
2519 899 2780 954 mittendo
2805 901 2957 956 nobis
2981 904 3310 972 unigenitum
3345 906 3533 960 Filium

1957 993 2104 1039 tuum
2139 986 2429 1041 Dominum
2460 996 2517 1042 et
2552 991 2886 1046 Salvatorcm
2919 1003 3191 1062 nostrum;
3242 1012 3336 1066 per
3374 1012 3533 1066 quem

1953 1077 2288 1146 Majestatem
2319 1087 2462 1134 tuam
2480 1121 2496 1145 ,
2528 1089 2635 1136 etc.

2024 1168 2345 1225 Benedictio.
2371 1199 2442 1209 —
2475 1171 2613 1225 Deus
2639 1211 2654 1236 ,
2683 1172 2774 1242 qui
2802 1172 3142 1241 Unigenitum
3166 1192 3316 1231 suum
3349 1179 3534 1247 misit,

1953 1271 2012 1316 ut
2043 1263 2298 1317 mundum
2328 1262 2562 1318 salvaret
2587 1304 2603 1329 ,
2643 1264 2882 1333 ejusdem
2909 1267 3097 1320 salutis
3127 1283 3220 1320 vos
3246 1271 3533 1339 participes

1952 1352 2185 1419 efficiat,
2226 1363 2281 1409 et
2310 1354 2362 1408 in
2387 1369 2448 1410 ea
2477 1356 2896 1422 perseverahiles
2924 1355 3129 1410 reddat.
3164 1361 3352 1414 Amen.
3395 1359 3530 1413 Iram

1950 1460 2070 1515 qua
2098 1460 2258 1516 super
2282 1447 2524 1502 infideles
2551 1456 2730 1500 manet
2759 1463 2788 1500 a
2813 1446 2960 1501 vobis
2996 1458 3268 1511 amoveat,
3297 1459 3350 1502 et
3376 1450 3443 1502 ab
3466 1465 3530 1504 ea

1951 1551 2049 1591 vos
2081 1537 2130 1590 in
2165 1548 2483 1607 perpetuum
2526 1538 2726 1593 liberos
2773 1536 2991 1594 effit-iat.
3038 1542 3229 1593 Amen.
3277 1543 3529 1608 Spiritum

1952 1625 2071 1680 Filii
2097 1627 2177 1682 sui
2209 1629 2361 1683 vobis
2389 1629 2685 1696 attribuat,
2736 1628 2960 1698 ejusque
3005 1629 3158 1683 donis
3200 1645 3292 1685 vos
3330 1630 3529 1686 all‘atitn

1951 1716 2250 1771 exuberare
2277 1719 2557 1773 concedat.
2591 1723 2784 1776 Arnen.
2813 1721 2966 1787 Quod
3009 1721 3121 1791 ipse
3165 1732 3418 1792 praestare
3451 1725 3533 1780 di-

1879 1819 1926 1880 B
1950 1818 2142 1874 gnetur
2170 1807 2325 1876 cujus
2352 1824 2595 1879 regnum.

2022 1895 2104 1949 Ad
2132 1896 2526 1968 Complendum.
2553 1931 2623 1943 ——-
2651 1899 2754 1956 Per
2780 1902 2957 1972 hujus,
2988 1903 3228 1969 Domine,
3259 1906 3530 1976 operatio-

1949 2000 2071 2042 nem
2103 1991 2362 2060 tnysterii,
2395 2002 2450 2046 et
2483 1992 2603 2046 vitia
2632 2002 2814 2048 nostra
2846 2007 3159 2064 purgentur,
3191 2007 3244 2051 et
3264 1997 3406 2067 justa
3436 1997 3531 2053 de-

1950 2077 2149 2133 sideria
2177 2082 2568 2150 compleantur.
2600 2083 2699 2138 Per
2735 2084 3047 2152 Dominum,
3073 2095 3182 2142 etc.

2021 2169 2195 2236 Super
2219 2171 2495 2239 papulum.
2516 2200 2587 2212 —
2616 2171 2911 2241 Propitiare
2936 2215 2951 2240 ,
2999 2177 3308 2231 misericors
3351 2176 3486 2231 Deus
3511 2219 3527 2243 ,

1946 2260 2429 2328 supplicationibus
2453 2263 2653 2316 nostris
2677 2305 2691 2326 ,
2735 2274 2787 2318 et
2814 2265 3069 2334 populum
3113 2274 3258 2320 tuum
3292 2268 3529 2337 pervigili

1951 2351 2289 2418 protectione
2336 2352 2590 2418 custodi,
2648 2362 2706 2407 ut
2751 2355 2842 2422 qui
2890 2354 3229 2425 Unigenitum
3279 2365 3424 2412 tuum
3477 2359 3530 2412 in

1948 2452 2111 2493 carne
2152 2441 2322 2495 nostri
2357 2444 2601 2511 corporis
2633 2443 2914 2497 Dominum
2948 2454 3130 2500 natum
3164 2461 3285 2501 esse
3312 2448 3529 2514 fatetur,

1950 2529 2094 2584 nulla
2129 2531 2299 2596 possit
2323 2531 2522 2587 diaboli
2557 2533 2787 2588 falsitate
2814 2537 3105 2603 corrumpi.
3137 2535 3237 2589 Per
3258 2538 3529 2591 eumdem.

2003 2636 2152 2675 NONIS
2179 2637 2516 2680 JANDAltlt.—
2547 2623 2695 2695 (159)
2729 2640 2779 2678 tu
2809 2640 3004 2680 νιαιιιδι
3036 2623 3063 2661 δ
3092 2642 3466 2683 τιιεοιδιιιιιηιιε.

2020 2714 2104 2765 Ad
2144 2713 2480 2785 γαμέται-
2495 2715 2671 2769 Corda
2696 2726 2899 2782 nostra,
2923 2732 3252 2786 qumsumus,
3279 2718 3530 2784 Domine,

1951 2814 2194 2860 ventura:
2236 2806 2538 2860 festivitatis
2583 2806 2832 2875 splendor
2872 2807 3146 2873 illustret,
3196 2823 3302 2878 quo
3349 2810 3534 2864 mttudi

1950 2895 2108 2965 hujus
2134 2894 2367 2949 tenebris
2412 2909 2600 2950 carere
2633 2897 2936 2962 valeamus,
2967 2907 3019 2950 et
3053 2899 3434 2966 perveniamus
3465 2900 3532 2955 ad

1949 2987 2174 3056 patriam
2207 2986 2463 3039 claritatis
2490 2995 2728 3040 aeternze.
2763 2985 2884 3039 Per.

2021 3077 2195 3144 Super
2216 3076 2407 3132 oblata.
2430 3105 2503 3116 -
2535 3076 2733 3130 Tribue
2757 3116 2772 3141 ,
2804 3091 3111 3146 qum-sumus
3135 3116 3151 3141 ,
3185 3077 3442 3144 Domine,
3475 3089 3533 3134 ut

266 3186 572 3256 ερριεηπίο
601 3186 742 3239 huc,
769 3183 1046 3238 beatorum
1075 3181 1356 3251 spirituum
1386 3182 1598 3250 agmina
1632 3180 1844 3250 requie-
1875 3174 1922 3236 α
1952 3166 2306 3236 praesentibus
2331 3166 2407 3220 illi
2446 3167 2786 3220 immolemus
2827 3167 3103 3221 sacrificiis
3128 3207 3144 3232 ,
3177 3179 3228 3221 et
3261 3183 3532 3225 sumamus

268 3276 452 3332 scatis.
484 3275 636 3346 (l55)
669 3275 942 3342 Quatenus
970 3274 1023 3328 in
1050 3280 1236 3326 octavo
1267 3271 1662 3325 resurrectione
1688 3285 1847 3324 reno-

267 3367 404 3430 vati,
429 3367 630 3436 jubilaei
664 3366 978 3419 remissione
1007 3362 1156 3417 dilati
1181 3401 1196 3425 ,
1231 3359 1384 3434 (156)
1414 3360 1481 3414 ad
1512 3360 1700 3430 gaudia
1729 3361 1847 3415 sine

271 3462 378 3515 line
407 3474 663 3514 mansura
688 3455 1030 3527 perveniatis.
1062 3454 1257 3509 Amen.
1283 3452 1434 3520 Quod
1457 3452 1570 3521 ipse
1590 3461 1848 3522 prmstare

267 3551 538 3623 dignetur,
566 3550 720 3619 cujus
751 3563 990 3617 regnum.

342 3645 423 3698 Ad
454 3642 829 3711 complendum.
856 3669 924 3678 —
953 3637 1183 3704 Prmsta,
1215 3650 1520 3706 quavsumus
1539 3677 1556 3704 ,
1591 3634 1846 3702 Domine,

267 3747 330 3790 ut
355 3735 497 3806 quod
519 3733 810 3790 Salvatoris
839 3731 1003 3785 nostri
1049 3733 1240 3785 iterata
1279 3729 1626 3786 solemnitate
1665 3742 1849 3797 perce-

268 3828 451 3896 pimus
473 3865 488 3887 .
529 3831 801 3894 perpetua:
829 3821 982 3876 nobis
1004 3820 1388 3890 redemptionis
1410 3821 1652 3875 conferat
1677 3818 1850 3876 medi-

263 3916 464 3969 cinam.
498 3913 599 3967 Per
627 3911 897 3967 eumdem.

341 4007 511 4074 Super
534 4005 802 4075 populum.
833 4032 904 4044 —
925 4001 1278 4071 Omnipotens
1305 4001 1634 4072 sempiterne
1663 4001 1805 4056 Deus
1827 4042 1845 4069 ,

265 4101 361 4170 qui
388 4100 445 4154 in
472 4097 745 4166 unigenito
777 4105 868 4151 tuo
897 4109 1088 4150 novam
1117 4095 1427 4148 Creaturam
1469 4108 1568 4148 nos
1603 4093 1696 4148 tibi
1725 4108 1850 4148 esse

265 4193 472 4262 fecisti,
504 4193 712 4249 custodi
739 4207 900 4262 opera
926 4188 1313 4244 misericordia:
1340 4199 1466 4256 tuac,
1494 4196 1549 4242 et
1575 4187 1644 4241 ab
1672 4187 1849 4240 omnl-

265 4285 370 4338 bus
396 4298 496 4337 nos
520 4283 743 4336 maculis
772 4279 1051 4334 vetustatis
1074 4276 1303 4345 emunda
1327 4316 1343 4340 ,
1382 4286 1438 4329 ut
1471 4292 1567 4344 per
1592 4276 1848 4330 auxilium

266 4375 458 4446 gratim
479 4383 582 4428 tua:
609 4375 663 4428 in
694 4371 846 4442 (I37)
879 4370 1017 4424 illius
1054 4370 1387 4423 inveniamur
1419 4369 1588 4422 forma
1610 4407 1630 4436 ,
1658 4365 1711 4422 in
1742 4382 1850 4438 quo

271 4476 447 4521 tecum
475 4472 556 4519 est
585 4474 766 4518 nostra
793 4460 1108 4516 substantia.
1134 4459 1236 4526 Qui
1259 4469 1433 4514 tecum
1457 4459 1605 4512 vivit.

468 4556 624 4627 (158)
649 4563 673 4589 ⁸
704 4568 951 4609 οοιιιιιιολ
989 4567 1118 4607 ros'r
1157 4567 1403 4606 NATALEI
1443 4566 1646 4606 DOIINI.

339 4647 696 4717 Omnipotens
720 4646 1046 4714 sempiterne
1073 4643 1234 4708 Deus,
1257 4643 1429 4712 dirige
1458 4651 1607 4698 actus
1635 4651 1849 4698 nostros

267 4743 322 4797 in
349 4739 686 4810 beueplacito
717 4747 832 4801 tuo,
857 4738 990 4792 utin
1023 4736 1237 4791 nomine
1260 4735 1441 4791 dilecti
1474 4734 1597 4790 Filii
1627 4737 1702 4790 tui
1733 4750 1849 4792 me-

266 4844 484 4886 reamur
511 4828 670 4883 bonis
690 4826 943 4898 operibus
968 4826 1258 4881 abundare.
1299 4826 1400 4894 Qui
1432 4833 1633 4881 tecum.

337 4921 516 4990 Super
544 4919 739 4973 oblata.
766 4946 838 4958 —
862 4916 1133 4982 Concede,
1165 4931 1492 4986 quaesumus,
1518 4915 1764 4982 Domine,
1791 4923 1850 4970 ιιι

265 5012 437 5068 oculis
467 5021 576 5065 tute
609 5009 711 5079 15
735 5007 1026 5079 Majestatis
1046 5021 1240 5061 munus
1261 5007 1519 5073 oblatum,
1545 5015 1600 5062 et
1621 5008 1844 5076 gratiam

265 5104 422 5159 nobis
444 5101 754 5159 devotionis
778 5100 1054 5163 obtineat,
1087 5109 1145 5154 et
1171 5099 1421 5156 effectum
1452 5098 1626 5154 beatae
1652 5113 1849 5169 peren-

266 5195 447 5251 nitatir
478 5195 742 5264 acquirat.
772 5192 875 5248 Per
906 5193 1191 5249 Dominum
1221 5201 1484 5248 nostrum.

263 5333 494 5398 llaric;
526 5331 668 5404 quod
711 5330 1200 5404 optime_convenit
1235 5344 1356 5404 cum
1399 5327 1570 5404 sanc_ti
1598 5325 1839 5404 Gregorii

259 5399 693 5472 Antiphonario,
738 5399 794 5454 ut
836 5415 865 5472 a_
910 5399 1147 5472 Pamelio
1172 5401 1472 5472 exhibetur.
1503 5399 1745 5472 [latone
1772 5399 1842 5452 de

259 5468 418 5530 causa
451 5478 618 5529 etiam
664 5487 807 5526 nunc
840 5469 962 5524 festi
994 5469 1432 5526 Circumcisionis
1457 5468 1692 5523 officium
1728 5481 1843 5523 ma-

261 5559 362 5614 gna
389 5554 639 5614 exparte
667 5543 734 5614 ad
761 5541 1120 5614 beatissimam
1153 5541 1420 5614 Virginem
1451 5539 1698 5614 pertinet.

335 5626 355 5649 ει
376 5608 546 5680 llujus
569 5611 860 5667 Dominicae
878 5609 1003 5664 nihil
1024 5620 1198 5680 exstat
1220 5608 1270 5664 in
1299 5610 1498 5664 Pamel.
1522 5619 1608 5663 aut
1634 5610 1685 5662 in
1711 5608 1842 5677 Reg.

263 5686 418 5740 Suec.
453 5679 769 5746 (iudicibus,
802 5692 989 5746 praeter
1008 5679 1338 5748 Orationem,
1367 5681 1706 5746 omnipotens,
1736 5689 1842 5731 etc.

266 5759 318 5812 In
347 5755 481 5811 Cod.
514 5752 733 5810 Gcmet.
775 5751 956 5809 Oratio
985 5760 1068 5808 est
1093 5792 1108 5823 ,
1145 5752 1281 5809 Deus
1319 5753 1404 5824 qui
1442 5753 1540 5808 sal.
1574 5760 1659 5808 εει.
1694 5750 1848 5805 beata:

1951 3272 2070 3326 quae
2101 3266 2341 3311 ventura:
2366 3255 2720 3311 solenmitatis
2744 3258 2826 3326 pia
2861 3273 3081 3311 ntnnera
3107 3262 3529 3329 praeloquuntur.

1951 3347 2074 3412 Per,
2103 3359 2210 3404 etc.

2023 3437 2294 3508 Pravfatio.
2325 3469 2395 3480 --
2424 3439 2562 3495 Vere
2593 3440 2807 3510 dignum
2838 3450 2890 3496 ct
2923 3443 3126 3512 justum
3165 3456 3246 3500 est
3271 3488 3286 3512 ,
3317 3463 3526 3516 :equum

1950 3539 2006 3585 et
2033 3532 2288 3598 salutare,
2319 3545 2419 3587 nos
2448 3532 2540 3587 tibi
2569 3547 2783 3602 semper
2811 3545 2863 3587 et
2892 3536 3084 3605 ubique
3113 3539 3309 3605 gratias
3347 3555 3528 3611 agere,

1951 3619 2179 3675 Domine
2205 3631 2411 3686 sancte,
2447 3622 2606 3676 Pater
2633 3622 2990 3692 omnipotens,
3018 3639 3218 3682 aeterne
3251 3629 3391 3685 Deus
3423 3647 3436 3683 :
3474 3644 3531 3688 et

1957 3717 2011 3765 te
2037 3710 2256 3766 laudare
2280 3710 2579 3766 mirabilem
2610 3711 2891 3767 Dominum
2922 3714 2974 3768 in
3003 3716 3248 3772 omnibus
3277 3719 3531 3787 operibus

1955 3803 2086 3868 tuis,
2109 3804 2302 3871 quibus
2332 3803 2691 3859 sacratissima
2716 3805 2865 3875 regni
2887 3807 2957 3859 tui
2982 3810 3231 3878 mysteria
3259 3811 3525 3867 revelasti.

1951 3895 2103 3951 lianc
2131 3897 2330 3952 etenim
2361 3896 2701 3953 festivitatem
2742 3898 3025 3954 dominica:
3064 3903 3412 3968 apparitionis
3441 3906 3528 3958 in-

1950 3984 2058 4042 dex
2101 3987 2253 4042 stella
2287 3986 2562 4057 przecessit
2585 4029 2601 4052 ,
2643 4003 2765 4057 qua:
2803 3997 2982 4043 natum
3015 3989 3067 4044 in
3101 4000 3239 4045 terra
3269 3994 3391 4048 coeli
3426 3993 3532 4048 Do-

1952 4077 2153 4132 miuum
2194 4081 2364 4148 magis
2401 4079 2738 4148 stupentibus
2767 4082 3054 4135 nuntiaret.
3090 4081 3156 4137 Ut
3184 4086 3533 4139 manifestan-

1949 4163 2052 4221 dus
2077 4167 2280 4222 mundo
2313 4169 2456 4222 Dens
2481 4177 2537 4222 et
2566 4169 2774 4222 caelesti
2803 4168 3208 4223 denuntiaretur
3239 4171 3452 4235 indicio,
3479 4186 3534 4226 et

1963 4258 2329 4326 temporaliter
2358 4269 2669 4327 procreatus
2709 4259 2981 4328 signorum
3021 4260 3393 4330 temporalium
3433 4264 3534 4318 mi-

1950 4347 2177 4404 nisterio
2207 4349 2548 4418 panderetur.
2584 4349 2650 4404 Et
2677 4349 2820 4414 ideo,
2851 4361 2955 4405 etc.

2027 4462 2130 4533 16
2148 4462 2228 4515 Ad
2251 4461 2984 4532 Complendum.—lllumina,
3007 4477 3333 4533 qumsumus,
3360 4465 3534 4520 D0mi-

1876 4539 1932 4602 D
1957 4568 2047 4622 ne,
2075 4553 2328 4623 populum
2354 4562 2531 4618 tuum,
2554 4562 2608 4607 et
2628 4551 2917 4620 splendore
2943 4555 3129 4623 gratia:
3167 4561 3269 4607 tua:
3297 4569 3390 4608 cor
3418 4555 3535 4624 ejus

1955 4659 2168 4714 semper
2194 4647 2428 4699 accende
2452 4686 2466 4710 ,
2500 4657 2551 4698 ut
2580 4685 2596 4708 ,
2624 4643 2914 4699 Sarvatoris
2944 4645 3126 4699 mundi
3160 4647 3317 4701 stella
3362 4646 3534 4702 famu-

1956 4738 2100 4793 lante
2124 4777 2141 4804 ,
2179 4737 2516 4791 manifestata
2561 4736 2819 4791 Nativitas
2851 4738 3120 4792 mentibus
3147 4753 3332 4793 eorum
3360 4754 3414 4794 et
3443 4757 3532 4797 re—

1953 4827 2180 4894 veletur,
2215 4841 2427 4897 semper
2455 4836 2510 4881 ct
2534 4835 2763 4882 crescat.
2796 4825 2900 4882 Per
2927 4830 3200 4884 eumdem.

1989 4931 2081 4972 vtu
2110 4930 2228 4970 IDUS
2252 4930 2513 4970 unum".
2545 4944 2614 4954 —
2641 4914 2790 4985 (MO)
2824 4930 2876 4970 IN
2909 4929 2928 4955 ε
2965 4932 3244 4971 ειιιιιιιλδιι
3277 4933 3482 4976 unum.

2028 5005 2189 5069 Deus,
2219 5005 2309 5075 qui
2342 5004 2600 5058 hodierna
2624 5003 2710 5058 die
2741 5003 3084 5072 Unigenitum
3115 5013 3261 5060 tuum
3288 5009 3536 5078 gentibus

1952 5096 2102 5168 (Nl)
2135 5096 2288 5151 stella
2317 5095 2456 5150 duce
2485 5095 2734 5149 revelasti
2755 5132 2773 5160 ,
2810 5095 3044 5150 concede
3073 5097 3332 5166 propitius
3361 5107 3418 5151 ut
3443 5101 3534 5168 qui

1947 5189 2061 5259 jam
2091 5197 2143 5242 te
2169 5200 2234 5243 ex
2264 5185 2369 5240 fide
2389 5182 2758 5255 cognovimus,
2783 5197 2955 5255 usque
2974 5187 3040 5241 ad
3069 5187 3532 5257 contemplandum

1947 5324 2132 5380 Norica
2158 5325 2286 5392 virg.
2321 5326 2362 5394 Ι.

2021 5395 2049 5434 δ
2075 5395 2167 5449 Sic
2197 5395 2492 5465 appellatur
2518 5392 2825 5465 Epiphaniae
2853 5391 3044 5449 festum
3066 5409 3095 5448 ει
3118 5400 3305 5465 sancto
3326 5394 3528 5465 Grego-

1949 5466 2050 5531 rio,
2077 5461 2314 5518 hom.’58
2340 5463 2392 5516 in
2418 5464 2614 5532 Evitug.
2637 5482 2648 5515 :
2683 5462 2848 5522 Veni;
2877 5472 2930 5516 ut
2955 5466 3072 5527 quia
3100 5464 3336 5518 Natalem
3357 5461 3526 5520 donti-

1950 5537 2118 5616 t‘ticum
2147 5533 2254 5587 sine
2281 5544 2328 5587 le
2357 5535 2491 5603 feci,
2533 5545 2760 5586 sanctam
2794 5533 3176 5602 'f'lteopltaniam
3215 5539 3332 5606 jam
3363 5547 3526 5591 tecum

1951 5607 2190 5730 faceml'i'aoc
2218 5673 2307 5729 die
2334 5674 2388 5729 in
2423 5674 2519 5730 Ed.
2556 5673 2757 5728 Pamel.
2789 5670 2946 5727 statio
2976 5673 3153 5742 ﬁgitur
3192 5678 3260 5728 ad
3298 5686 3529 5730 sanctum

1955 5744 2197 5815 Petrum;
2243 5745 2386 5817 quod
2436 5743 2636 5816 optime
2677 5745 2966 5815 re-pondet
3005 5745 3159 5802 titulo
3188 5747 3334 5803 hom.
3372 5748 3436 5803 to
3477 5749 3530 5801 iu
