4026 6304
477 328 548 384 59
1691 315 1934 372 SANC'I‘I
1974 311 2304 368 GREGORII
2344 311 2557 369 MAGNI
3668 315 3738 368 ιο

479 438 712 506 speciem
767 445 868 490 tuae
917 434 1251 490 celsitudinis
1303 434 1678 496 perducamur.
1750 429 1848 480 Per
1903 441 2054 479 eum-
2086 433 2135 488 Α

482 529 604 586 dem
625 571 641 586 .
677 539 782 585 etc.

559 571 641 596 η.,
678 571 782 585 ..-.

559 621 727 691 Super
752 619 941 672 oblata.
971 645 1039 656 —
1071 611 1324 667 Ecclesiae
1359 618 1493 672 tuae,
1524 619 1848 676 quaesumus,
1881 605 2062 658 Domi-

491 727 579 777 ne,
612 712 750 765 dona
781 707 1041 776 propitius
1071 705 1278 756 intuere
1301 740 1316 765 ,
1349 699 1540 767 quibus
1571 712 1674 751 non
1701 698 1811 762 jam
1840 710 2060 758 aurum,

491 799 619 855 thus
651 806 705 852 et
730 795 945 865 myrrha
978 790 1275 859 profertur,
1307 788 1400 843 sed
1430 801 1563 858 quos
1589 787 1790 841 eisdem
1832 785 2064 840 muneri-

491 889 590 942 bus
611 887 930 948 declaratur,
959 879 1267 934 immolatur
1287 887 1342 932 et
1362 877 1610 941 sumitur,
1637 875 1795 930 Jesus
1821 874 2064 929 Christus

490 977 748 1031 Dominus
781 979 986 1025 noster.

559 1064 828 1134 Prtefatio.
860 1087 931 1102 --
959 1060 1099 1114 Vere
1129 1059 1349 1130 dignum
1378 1069 1431 1113 et
1467 1059 1666 1126 justum
1700 1067 1821 1122 est,
1855 1069 2062 1124 aequum

490 1164 545 1208 et
573 1154 824 1219 salutare,
861 1167 958 1208 nos
990 1151 1082 1205 tibi
1103 1164 1316 1218 semper
1344 1158 1398 1203 et
1427 1150 1620 1218 ubique
1647 1148 1840 1217 gratias
1864 1161 2020 1214 agere
2047 1161 2062 1199 :

493 1242 716 1296 Domine
759 1253 942 1297 sancte
967 1279 984 1307 ,
1017 1241 1173 1294 Pater
1214 1240 1548 1307 omnipotens
1573 1274 1589 1302 ,
1639 1248 1839 1291 aeterne
1882 1237 2018 1290 Deus
2050 1252 2065 1288 :

493 1338 616 1404 quia
645 1350 764 1389 cum
796 1333 1108 1403 Unigenitus
1141 1343 1261 1387 tuus
1293 1333 1344 1385 in
1373 1331 1666 1385 substantia
1697 1339 1892 1384 nostra:
1924 1343 2067 1381 mor-

494 1425 712 1479 talitatis
738 1423 1018 1493 apparuit,
1045 1422 1195 1493 (142)
1227 1422 1280 1474 in
1311 1435 1500 1474 novam
1532 1435 1627 1473 nos
1657 1416 2068 1472 immortalitatis

493 1535 606 1575 sua:
632 1521 802 1575 lucem
831 1519 1115 1588 reparavit.
1149 1519 1213 1572 Et
1243 1517 1363 1570 ideo
1391 1530 1510 1569 cum
1539 1513 1764 1582 angelis,
1797 1524 1899 1568 etc.

570 1612 647 1666 Te
675 1612 857 1680 igitur,
887 1608 1304 1664 clementissime
1335 1607 1508 1671 Pater,
1542 1617 1646 1660 etc.

566 1703 881 1757 Benedictio.
913 1730 984 1742 —
1014 1701 1153 1755 Deus
1177 1739 1192 1763 ,
1226 1700 1402 1752 lumen
1433 1713 1612 1752 verum
1642 1738 1655 1760 ,
1699 1696 1786 1764 qui
1817 1694 2067 1762 Unigcni-

2476 438 2500 463 ⁸³
2544 442 2785 482 θοὶἨΝΙΟΛ
2820 445 2832 481 l
2862 443 2987 483 POST
3019 445 3410 483 τιΙΕΟΙῚῙΛΜΑὶΙ.

2239 519 2368 571 Vota
2393 559 2408 583 ,
2457 532 2760 584 qutesumus
2787 562 2799 581 ,
2851 518 3072 574 Domine
3095 560 3109 583 ,
3161 520 3502 588 supplicantis
3537 521 3737 588 populi,

2163 605 2373 660 cmlesti
2416 607 2610 673 pietate
2657 614 2978 673 prosequere
3003 647 3021 672 ,
3055 616 3111 659 ut
3139 615 3195 660 et
3221 623 3338 674 qua:
3365 607 3567 676 agenda
3596 619 3742 672 sunt,

2164 695 2412 757 videant;
2462 704 2517 749 ct
2535 693 2601 748 ad
2631 695 2897 762 implenda
2925 709 3042 762 qua:
3063 693 3288 748 viderint
3306 736 3320 760 ,
3347 695 3742 750 convalescant.

2167 787 2287 840 I‘cr.

2239 877 2406 946 Super
2435 876 2627 930 oblata.
2652 907 2722 918 —
2742 876 2985 929 Oblatum
3017 876 3132 940 tibi,
3158 877 3400 942 Domine,
3423 879 3746 934 sacrilicium

2165 967 2398 1022 viviiicet
2427 982 2520 1020 nos
2549 981 2763 1034 semper
2795 977 2849 1022 et
2878 967 3098 1020 muniat.
3145 967 3265 1022 Per.

2238 1057 2509 1126 Pra'fatt'e.
2543 1086 2613 1098 -—
2640 1057 2776 1112 Vere
2817 1056 3030 1125 dignum
3079 1068 3131 1110 et
3158 1058 3356 1124 justum
3387 1068 3492 1125 est,
3528 1074 3743 1128 aequum

2171 1154 2225 1200 et
2252 1147 2512 1212 salutare,
2549 1160 2646 1198 nos
2672 1147 2766 1198 tibi
2795 1160 3006 1213 semper
3039 1154 3093 1199 et
3119 1147 3310 1214 ubique
3331 1149 3529 1216 gratias
3560 1162 3739 1216 agere,

2169 1235 2398 1290 Domine
2441 1243 2624 1289 sancte
2651 1279 2665 1303 ,
2717 1234 2872 1289 Pater
2919 1236 3254 1304 omnipotens
3280 1280 3293 1303 ,
3342 1248 3538 1292 aeterne
3567 1239 3743 1294 Deus:

2171 1328 2305 1393 Quia
2335 1342 2454 1382 cum
2487 1326 2796 1395 Unigenitus
2823 1337 2942 1380 tuus
2979 1328 3028 1380 in
3057 1327 3353 1382 substantia
3381 1340 3575 1385 nostrae
3603 1348 3744 1386 mor-

2175 1417 2389 1470 talitatis
2421 1417 2702 1484 apparuit,
2755 1417 2805 1470 in
2847 1431 3036 1470 novam
3071 1432 3167 1472 nos
3195 1419 3608 1477 immortalitatis
3631 1439 3744 1478 suae

2168 1505 2342 1560 lucem
2372 1505 2652 1574 reparavit.
2698 1505 2762 1560 Et
2790 1506 2908 1560 ideo
2933 1522 3050 1561 cum
3079 1508 3298 1576 angelis.

2240 1596 2552 1649 Benedictio.
2577 1622 2645 1635 -ο
2668 1597 2838 1661 Deus,
2875 1598 2963 1666 qui
2995 1597 3110 1652 Filii
3142 1599 3220 1653 sui
3254 1602 3592 1669 temporalem
3617 1619 3744 1671 puc-

2171 1687 2348 1740 ritiam
2377 1687 2641 1742 fecitesse
2670 1688 3004 1753 mirabilem,
3038 1690 3220 1756 spiritu
3252 1691 3546 1758 prudentiae
3580 1695 3743 1748 corda

497 1807 606 1851 tum
642 1811 794 1850 suum
827 1797 1082 1851 hodierna
1113 1794 1197 1849 die
1235 1793 1392 1848 stella
1435 1793 1572 1846 duce
1616 1789 1859 1860 gentibus
1899 1788 2068 1842 voluit
2098 1799 2143 1858 Β
2172 1790 2345 1834 Vestra
2393 1781 2661 1835 illustrare
2705 1795 2768 1834 ac
2794 1779 2985 1835 docere
3014 1781 3281 1851 dignetur.
3321 1785 3508 1839 Amen.
3539 1785 3744 1854 Quinue

497 1886 752 1948 revelare,
768 1899 862 1939 sua
883 1898 978 1938 vos
1000 1883 1248 1953 dignetur
1268 1882 1640 1937 benedictione
1659 1881 1848 1934 ditare.
1874 1881 2063 1933 Amen.

498 1975 616 2042 Quo
660 1977 907 2044 exemplo
943 1974 1092 2046 (145)
1136 1989 1410 2042 magorum
1443 1973 1663 2043 mystica
1697 1972 1918 2026 Domino
1943 1970 2070 2024 Jestt

496 2065 713 2120 Christo
758 2081 979 2120 munera
1030 2065 1316 2119 offerentes
1341 2103 1356 2128 ,
1395 2072 1577 2132 spreto
1615 2062 1835 2129 antiquo
1873 2061 2026 2114 hoste
2050 2099 2068 2126 ,

499 2156 799 2224 spretisque
828 2154 1088 2224 contagiis
1118 2154 1360 2207 vitiorum
1390 2193 1405 2218 ,
1444 2155 1513 2207 ad
1552 2161 1803 2206 aeternam
1847 2153 2069 2220 patriam

499 2245 673 2298 redire
721 2245 937 2299 valeatis
988 2259 1082 2314 per
1134 2244 1269 2296 viam
1311 2242 1586 2296 virtutum.
1634 2245 1823 2296 Amen.
1869 2241 2074 2309 Detque

502 2335 653 2390 vobis
683 2349 864 2390 veram
890 2337 1147 2390 mentium
1180 2334 1542 2389 innocentiam
1571 2332 1660 2401 qui
1691 2345 1851 2400 super
1879 2329 2074 2396 Uttigc-

505 2426 676 2480 nilum
717 2441 868 2479 suum
917 2426 1169 2494 Spiritum
1215 2435 1454 2480 sanctum
1501 2424 1871 2479 demonstrare
1910 2421 2076 2476 voluit

502 2532 599 2585 per
637 2517 938 2571 columbam
964 2558 979 2582 ,
1011 2532 1179 2585 eaque
1211 2518 1405 2572 virtute
1446 2525 1655 2570 mentes
1691 2523 1881 2569 vestra:
1917 2528 2077 2568 exer-

506 2615 730 2660 ceantur
757 2607 824 2660 ad
859 2606 1198 2673 intelligenda
1228 2607 1426 2660 divina:
1459 2606 1587 2674 legis
1629 2619 1820 2658 arcana
1843 2644 1858 2670 ,
1892 2619 1992 2673 qua
2024 2605 2075 2658 in

504 2694 646 2748 Cana
674 2696 888 2750 Galileze
917 2695 1131 2765 lympha
1165 2706 1247 2749 est
1276 2697 1327 2749 in
1357 2696 1537 2748 vinum
1568 2707 1848 2748 conversa.
1883 2694 2074 2750 Amen.

505 2787 658 2851 Quod
690 2787 805 2854 ipse
833 2795 1086 2854 prazstare
1109 2787 1374 2855 dignetur.

573 2876 653 2928 Ad
684 2874 1077 2943 Complendum.
1103 2903 1172 2914 —-
1201 2873 1398 2928 Prtesta
1422 2915 1436 2940 ,
1461 2887 1768 2941 qumsumus
1786 2913 1800 2937 ,
1832 2874 2080 2942 omnipo-

508 2973 626 3018 tens
655 2964 823 3029 Deus,
856 2971 914 3016 ut
939 2978 1056 3032 qua:
1083 2964 1307 3016 solemni
1338 2963 1669 3016 celebramus
1695 2963 1870 3018 olﬁcio
1890 3003 1905 3030 ,
1935 2964 2080 3033 puri-

509 3056 680 3108 iicatae
705 3052 902 3108 mentis
928 3053 1273 3122 intelligentia
1296 3036 1702 3120 consequamur.
1731 3053 1850 3107 Per.

579 3145 710 3197 Alia:
741 3143 1033 3197 Orationes.
1068 3174 1133 3183 ——
1163 3144 1512 3211 Omnipotens
1537 3144 1862 3212 sempiterne
1895 3142 2035 3196 Dens
2060 3181 2076 3208 ,
2105 3146 2151 3208 C

516 3235 750 3291 iidelium
781 3235 1044 3304 splendor.
1059 3235 1376 3301 animarum,
1408 3237 1494 3304 qui
1528 3236 1662 3289 hanc
1687 3235 2080 3290 solemnitatem

511 3323 793 3378 electionis
821 3325 1057 3393 gentium
1093 3322 1238 3393 (144)
1272 3322 1516 3390 primitiis
1543 3323 1894 3387 consecrasti,
1923 3323 2084 3388 imple

513 3415 768 3468 mundum
799 3414 962 3483 gloria
992 3421 1080 3467 tua
1103 3452 1118 3478 ,
1147 3422 1202 3466 et
1231 3412 1457 3466 subditis
1485 3412 1584 3467 tibi
1614 3412 1824 3481 pOpulis
1864 3427 1958 3479 per
1999 3411 2082 3465 lu-

512 3505 668 3559 minis
694 3504 766 3557 tui
796 3516 993 3572 appare
1014 3502 1338 3556 claritatem.
1373 3501 1496 3556 Per.

583 3595 680 3664 17
711 3593 844 3645 Alia.
871 3621 941 3632 —
963 3593 1100 3646 Deus
1123 3634 1136 3658 ,
1171 3591 1498 3645 illuminator
1545 3593 1779 3645 omnium
1817 3589 2082 3659 gentium,

512 3686 578 3739 da
608 3685 816 3754 populis
864 3684 966 3738 tuis
1015 3693 1267 3753 perpetua
1309 3699 1438 3752 pace
1479 3684 1736 3752 gaudere,
1768 3694 1818 3737 et
1849 3683 1980 3736 illud
2010 3684 2088 3735 lu-

516 3795 636 3833 men
661 3778 998 3847 splendidum
1021 3777 1237 3831 infunde
1258 3777 1504 3831 cordibus
1528 3776 1741 3842 nostris,
1767 3776 1901 3844 quod
1932 3776 2088 3828 trium

513 3885 788 3941 magorum
818 3869 1082 3923 mentibus
1112 3868 1380 3936 aspirasti.
1422 3869 1543 3922 Per.

581 3962 723 4014 Alta.
745 3991 818 4002 -
843 3960 917 4013 Da
945 3960 1120 4024 nobis,
1151 3973 1472 4026 quaesumus,
1507 3956 1746 4020 Domine,
1776 3956 1932 4024 digne
1953 3955 2092 4010 cele-

511 4053 668 4108 brare
701 4052 1044 4122 mysterium,
1076 4052 1214 4120 quod
1248 4052 1300 4106 in
1329 4051 1496 4104 nostri
1534 4050 1830 4104 Salvatoris
1869 4048 2091 4102 infantia

511 4146 785 4199 miraculis
817 4144 1222 4199 coruscantibus
1267 4144 1600 4208 declaratur,
1642 4152 1696 4196 et
1725 4142 2090 4210 corporalibus

512 4235 856 4289 incrementis
911 4234 1186 4289 manifesta
1251 4234 1564 4304 designatur
1615 4232 1933 4287 humanitas.
1991 4231 2094 4286 Per

512 4325 783 4378 eumdem.

582 4415 1016 4479 Alia.--'-Pr:csta,
1033 4427 1358 4480 quaesumus,
1373 4415 1709 4482 omnipotens
1726 4413 1886 4474 Dens,
1902 4420 1959 4464 ut
1975 4411 2092 4465 Salo

2174 1870 2318 1924 illum
2366 1871 2669 1938 parentibus
2719 1871 3080 1939 temporaliter
3120 1873 3274 1925 subdi
3302 1873 3486 1940 voluit,
3517 1875 3627 1942 ipse
3649 1891 3742 1932 vos

2175 1964 2490 2018 humilitatis
2520 1973 2573 2018 et
2598 1965 2806 2032 pietatis
2831 1967 3136 2020 muneribus
3161 1968 3441 2023 miseratus
3470 1968 3738 2026 informet.

2172 2054 2363 2110 Amen.
2409 2053 2472 2106 Et
2503 2053 2653 2123 (145)
2682 2056 2771 2124 qui
2804 2071 2922 2110 eum
2949 2057 3205 2125 sapientia
3229 2100 3244 2124 ,
3275 2065 3465 2120 :etate.
3496 2071 3550 2116 et
3576 2065 3744 2132 gratia

2174 2142 2438 2211 proiicere
2494 2144 2713 2208 tribuit,
2763 2146 3078 2213 spiritalium
3124 2150 3272 2204 vobis
3311 2155 3635 2219 proiectuum
3666 2157 3746 2209 in-

2172 2245 2447 2290 crementa
2496 2237 2753 2306 pr0pitius
2801 2237 3074 2307 largiatur.
3138 2241 3288 2308 Quod
3335 2244 3449 2312 ipSe
3496 2256 3746 2312 prmstarc

2173 2326 2437 2395 dignetur.

2245 2417 2325 2469 Ad
2350 2417 2726 2484 complendum.
2749 2449 2819 2459 —
2841 2420 3118 2488 Supplices
3169 2431 3218 2477 te
3266 2437 3511 2493 rogamus
3536 2468 3550 2491 ,
3579 2430 3751 2481 omni-

2178 2515 2368 2575 potens
2416 2507 2556 2561 Deus
2579 2547 2593 2571 ,
2647 2517 2704 2562 ut
2733 2524 2866 2577 quos
2899 2509 3002 2564 tuis
3031 2511 3207 2566 reﬁcis
3235 2517 3603 2578 sacramentis,
3657 2513 3754 2570 tibi

2185 2597 2344 2650 etiam
2372 2596 2572 2665 placitis
2608 2599 2845 2654 moribus
2878 2599 3154 2668 dignanter
3181 2601 3448 2658 deservire
3467 2606 3755 2665 concedas.

2177 2682 2281 2738 Per
2303 2684 2600 2739 Dominum.

2261 2774 2431 2843 Super
2459 2776 2725 2845 pOpulum.
2749 2808 2818 2816 —
2843 2776 3131 2845 Conserva,
3159 2790 3481 2849 qumSumus,
3510 2783 3756 2850 Domine,

2181 2863 2436 2917 familiam
2469 2872 2635 2931 tuam,
2667 2870 2769 2937 18
2802 2878 2850 2922 et
2881 2870 3308 2926 benedictionum
3338 2883 3543 2928 tuarutn
3578 2875 3754 2943 propis

2183 2954 2288 3009 tius
2315 2956 2558 3011 ubertate
2588 2959 2805 3026 pnriﬁca
2833 2999 2847 3023 ,
2898 2972 2951 3016 et
2971 2962 3353 3020 eruditionibus
3401 2966 3502 3019 tuis
3549 2980 3762 3034 semper

2185 3047 2570 3117 multiplicetur
2595 3059 2648 3104 et
2673 3050 2848 3106 donis.
2892 3052 3012 3107 Per.

2498 3142 2647 3213 (146)
2683 3159 2732 3197 IN
2756 3143 2782 3181 δ
2808 3159 3029 3199 OCTAVIS
3069 3160 3436 3201 rneormnm.

2263 3231 2402 3286 Deus
2431 3232 2581 3302 cujus
2611 3234 2921 3304 Unigenitus
2949 3238 3000 3289 in
3032 3236 3325 3291 substantia
3358 3247 3552 3292 nostrze
3582 3238 3763 3301 carnis

2191 3323 2476 3389 apparuit,
2504 3334 2692 3391 praesta
2719 3365 2733 3387 ,
2765 3340 3096 3395 quazsumus,
3131 3337 3185 3380 ut
3216 3340 3310 3396 per
3334 3343 3476 3393 eum,
3506 3344 3662 3405 quem
3691 3329 3770 3384 si-

2191 3413 2370 3466 milem
2419 3413 2571 3468 nobis
2618 3414 2747 3467 loris
2791 3417 3132 3482 agnovimus,
3177 3418 3320 3473 intus
3351 3418 3623 3475 reformari
3654 3437 3769 3477 mc-

2187 3519 2419 3559 reamur.
2460 3504 2562 3570 Qui
2593 3516 2765 3558 tecum
2794 3505 2944 3570 vivit,
2979 3516 3082 3561 etc.

2264 3593 2433 3660 Super
2460 3593 2647 3646 oblata.
2670 3594 2963 3648 —Hostias
2996 3596 3107 3660 tibi,
3132 3596 3372 3662 Domine,
3422 3614 3517 3668 pro
3546 3602 3653 3654 nati
3687 3603 3766 3654 tui

2192 3683 2315 3738 Filii
2363 3683 2693 3751 apparitione
2743 3685 3066 3751 deferimus,
3110 3689 3417 3757 suppliciter
3459 3703 3764 3761 exorantes,

2193 3783 2247 3827 ut
2275 3774 2410 3827 sicut
2439 3775 2552 3843 ipse
2575 3784 2878 3829 nostrorum
2907 3786 3093 3831 auctor
3117 3789 3197 3832 est
3227 3795 3520 3847 munerum,
3556 3783 3622 3834 ita
3655 3783 3771 3849 ipse

2193 3866 2264 3917 sit
2311 3866 2615 3918 misericors
2659 3875 2706 3918 et
2751 3876 3033 3934 susceptor
3063 3867 3218 3921 Jesus
3245 3869 3484 3924 Christus
3513 3872 3773 3927 Dominus

2200 3967 2404 4021 neSter,
2433 3957 2519 4024 qui
2551 3968 2723 4012 tecum
2757 3959 2883 4012 vivit
2913 3967 2966 4013 et
2991 3970 3172 4028 regnat
3201 3961 3358 4014 Deus.

2268 4049 2346 4099 Ad
2370 4046 2761 4116 Complendum.
2804 4078 2874 4086 —
2913 4050 3128 4104 leesti
3176 4051 3408 4117 lumine,
3442 4066 3770 4121 quxesumus,

2197 4136 2419 4192 Domine
2448 4181 2461 4203 ,
2495 4153 2708 4206 semper
2753 4147 2807 4192 et
2840 4139 3033 4208 ubique
3073 4156 3168 4194 nos
3198 4144 3452 4210 prteveni,
3481 4152 3537 4195 ut
3566 4152 3774 4212 mystc-

2194 4231 2353 4296 rium,
2387 4231 2537 4296 cujus
2566 4245 2661 4282 nos
2691 4229 2970 4300 participes
2996 4246 3113 4285 esse
3141 4232 3374 4298 voluisti,
3404 4243 3454 4286 et
3485 4248 3621 4302 puro
3645 4249 3765 4288 cer-

2203 4335 2393 4374 namus
2425 4320 2645 4384 intuitu,
2676 4329 2729 4374 et
2751 4321 2909 4390 digno
2940 4323 3290 4391 percipiantus
3319 4322 3528 4377 eiiectu.
3572 4321 3693 4376 I’er.

2196 4427 2284 4465 ιιι
2331 4427 2454 4466 1m.
2507 4428 2790 4465 FEBRUARII
2843 4412 2993 4484 (M7)
3025 4412 3241 4467 Mnus
3268 4429 3450 4468 SANCTI
3484 4430 3683 4468 FELICIS
3718 4425 3770 4470 σ.

508 4503 704 4556 vatoris
727 4502 929 4565 mundi,
952 4503 1102 4554 stella
1133 4502 1286 4568 duce,
1313 4503 1592 4555 manifesta
1619 4503 1876 4555 Nativitas
1895 4501 2087 4552 menti-
2117 4508 2168 4566 ι)
2264 4502 2533 4566 Concede,
2568 4517 2889 4569 quaesumus,
2924 4505 3259 4570 omnipotens
3287 4502 3446 4569 Deus,
3477 4511 3533 4556 ut
3556 4503 3620 4556 ad
3653 4519 3774 4557 tne—

510 4590 607 4642 bns
635 4589 830 4642 nostris
853 4589 1114 4642 reveletur
1135 4604 1347 4655 semper
1370 4601 1420 4644 et
1440 4601 1666 4644 crescat.
1695 4591 1791 4643 l’er
1820 4591 2085 4643 eumdem.

581 4677 720 4730 Alia.
743 4707 811 4715 —
836 4676 1074 4730 lllnmina
1097 4718 1113 4744 ,
1147 4695 1451 4746 quaesumus
1476 4721 1490 4743 ,
1541 4679 1762 4733 Domine
1786 4719 1799 4743 ,
1832 4679 2081 4747 pOpulum

512 4775 658 4822 tuum
685 4806 700 4831 ,
749 4775 802 4820 et
839 4766 1120 4834 splendore
1144 4770 1328 4836 gratia:
1363 4778 1462 4821 tuae
1490 4784 1582 4822 cor
1609 4769 1723 4838 ejus
1756 4784 1965 4836 semper
1996 4783 2087 4821 ac-

511 4856 681 4910 cende
702 4897 716 4922 ,
750 4865 806 4909 ut
834 4856 1164 4911 Salvatorem
1198 4874 1349 4912 suum
1385 4869 1438 4914 et
1460 4860 1785 4914 incessanter
1818 4870 2091 4928 agnoscat,

511 4954 565 4999 et
594 4947 853 5000 veraciter
883 4945 1269 5016 apprehendat.
1310 4949 1412 5004 Per
1442 4950 1720 5005 Dominum
1753 4962 2012 5005 nos:rum.

512 5120 715 5192 Evang.
745 5116 1093 5192 :_(_Ium_natus
1114 5131 1240 5173 esset
1270 5121 1419 5177 Jesus
1446 5125 1496 5175 in
1523 5124 1851 5192 Bethlehem;
1883 5132 1969 5185 ubi
2002 5132 2081 5186 le-

511 5191 649 5258 gitur
697 5188 879 5240 habita
923 5189 972 5242 in
1022 5191 1175 5244 basil.
1226 5195 1396 5248 sancti
1446 5194 1611 5248 Petri.
1663 5199 1714 5248 in
1763 5188 2084 5254 Kalenlario

512 5262 669 5336 llom.
703 5259 961 5336 omittitur
1006 5261 1190 5325 statio;
1223 5265 1642 5336 _assignaturque
1673 5277 1873 5320 tantum
1911 5272 2084 5323 Evan-

512 5327 703 5395 gelium
733 5326 855 5379 Cum
884 5336 1031 5381 natus
1059 5341 1183 5382 esset
1208 5326 1378 5397 lesus',
1406 5344 1511 5388 etc.
1549 5326 1602 5388 I'n
1631 5339 1819 5390 eodem
1851 5339 2077 5394 Kalend.

516 5406 636 5474 post
663 5397 850 5474 festum
877 5398 1236 5474 Tbeophania:
1268 5413 1373 5474 tres
1402 5405 1514 5458 dies
1547 5405 1662 5458 festi
1692 5409 2034 5463 celebrantur
2063 5427 2078 5474 ;

512 5477 566 5590 ﬁt
615 5467 884 5589 inlprimo
932 5468 1122 5537 legitur
1169 5473 1327 5527 statio
1370 5475 1436 5528 ad
1478 5485 1716 5529 sanctqu
1764 5479 1975 5532 Petrum
2017 5467 2084 5533 ad

564 5552 753 5590 mcua.

564 5552 753 5590 menta.

582 5616 605 5640 ιι
651 5608 807 5660 \‘acat
836 5607 947 5685 lucc
976 5608 1250 5685 Dominica
1275 5610 1323 5685 in
1346 5611 1483 5685 Δ(ζοιι.
1519 5615 1715 5685 l‘amel.
1749 5617 1802 5669 ln
1831 5617 2083 5685 315.80g.

529 5672 682 5731 Suec.
733 5681 914 5732 omnia
963 5681 1154 5733 desunt
1204 5681 1270 5734 ab
1309 5681 1481 5737 idibus
1521 5683 1753 5741 Januzrii
1780 5733 1791 5754 ,
1822 5703 1989 5756 usque
2021 5672 2086 5742 5a

2195 4591 2383 4645 liorem
2424 4592 2587 4644 vitam
2620 4602 2922 4643 sanctorum
2959 4602 3165 4645 tuorum
3214 4593 3451 4660 exempla
3503 4609 3597 4646 nos
3647 4608 3774 4660 pro-

2193 4692 2424 4746 vocent,
2473 4691 2732 4751 qualenus
2779 4697 3000 4751 quorum
3050 4685 3308 4737 solemnia
3353 4684 3578 4751 agimus,
3609 4684 3772 4737 etiam

2193 4781 2340 4827 actus
2376 4773 2667 4826 imitemur.
2709 4772 2829 4826 Per.

2266 4861 2437 4932 Super
2484 4862 2762 4915 oblata.—-
2791 4861 2996 4914 llostias
3030 4861 3164 4925 tibi,
3196 4862 3415 4914 Domine
3439 4903 3453 4930 ,
3499 4877 3595 4930 pro
3624 4877 3773 4914 com-

2195 4953 2584 5006 memoratione
2620 4951 2790 5004 sancti
2819 4951 3008 5006 Felicis
3048 4949 3204 5020 (148)
3243 4954 3558 5006 coniessoris
3588 4952 3775 5006 olleri-

2190 5146 2277 5184 XIX
2309 5129 2534 5182 Kalentl.
2573 5130 2728 5184 Febr.

2260 5199 2285 5236 ιι
2333 5205 2432 5253 l’ro
2474 5214 2658 5253 octava
2707 5200 2899 5268 Epiph.
2950 5201 3078 5254 nihil
3128 5199 3425 5268 assignatur
3461 5198 3511 5251 in
3539 5198 3772 5253 Kalend.

2189 5270 2346 5322 Rom.

2261 5350 2282 5376 ο
2331 5340 2381 5390 In
2415 5338 2640 5391 Kalend.
2673 5340 2824 5391 lion).
2881 5349 2932 5392 ct
2981 5339 3028 5392 in
3062 5340 3190 5394 Cod.
3235 5338 3368 5407 Reg.
3399 5336 3556 5392 Suec.
3611 5355 3772 5406 quem

2189 5411 2428 5476 sequitur
2455 5409 2540 5461 hic
2575 5410 2774 5462 Parnel.
2819 5410 3028 5462 additur
3060 5412 3108 5461 in
3160 5409 3352 5461 Pincis.
3391 5408 3618 5461 Consule
3647 5409 3773 5462 Bol-

2189 5479 2430 5541 landum,
2465 5488 2591 5530 tom.
2623 5481 2959 5532 [sanctorum
2984 5479 3243 5542 Januarii;
3275 5477 3766 5541 etTillemontmm,

2195 5558 2321 5602 tom.
2362 5549 2421 5600 ιν
2471 5550 2753 5601 Comment
2803 5550 3007 5602 Eccles.
3055 5550 3219 5616 llujus
3267 5551 3433 5601 sancti
3462 5547 3776 5601 solemnitas

2193 5617 2732 5690 notatyrgl’tglanlin
2764 5618 2984 5690 Kalend.
3017 5619 3174 5673 Rom.
3199 5628 3254 5674 et
3281 5618 3418 5690 apud
3451 5618 3685 5682 l’amel.,
3720 5628 3779 5671 at

2194 5689 2279 5743 die
2309 5687 2371 5744 l5
2400 5687 2454 5740 in
2485 5687 2614 5741 Coti.
2651 5687 2777 5758 lleg.
2812 5689 2967 5743 Suec.
