4026 6298
230 375 286 419 41
1420 375 1615 431 LIBER
1656 377 2276 435 SACRAMENTOKUM.
3398 409 3462 458 ﬂ

228 497 343 536 mus
365 520 382 546 ,
426 481 741 546 suppliciter
787 484 1133 548 deprccamcs
1160 525 1171 547 ,
1208 493 1261 537 ut
1292 495 1427 538 SlCUl
1459 486 1533 539 illi
1566 486 1791 542 tribuisti
1823 493 1871 549 Α
1901 489 2103 544 meritis
2129 491 2467 559 adjuvemur,
2503 496 2650 564 cujus
2678 500 2923 565 passione
2949 500 3205 557 I‘JBIEBHH‘.
3240 506 3334 562 Per
3360 512 3459 566 Do-

231 585 399 626 sacrae
428 570 543 623 fidei
570 570 891 634 largitatem,
925 572 1000 624 sic
1032 574 1184 628 nobis
1208 574 1582 643 indulgentiam
1609 577 1797 644 largia-

234 662 308 716 ris
338 670 390 716 et
415 674 603 729 pacem.
647 659 766 712 Per.

310 754 560 820 Prafatio.
605 781 675 792 —
710 752 853 808 Vere
880 754 1092 824 dignum
1132 764 1185 810 et
1218 755 1421 827 justum
1451 766 1554 828 est,
1586 774 1794 829 acquum

235 855 289 897 et
314 844 528 896 salutare
550 881 567 906 ,
598 856 696 896 nos
728 844 819 897 tibi
853 858 1065 912 semper
1092 853 1144 899 et
1173 845 1362 914 ubique
1392 848 1586 916 gratias
1614 864 1792 918 agerc,

236 934 437 988 Domine
464 944 650 990 sancte
676 976 688 997 ,
721 935 880 990 Pater
907 938 1267 1005 omnipotens,
1310 950 1508 995 mterne
1539 941 1713 997 Deus:
1743 955 1795 997 et

230 1022 607 1078 confessionem
641 1026 812 1080 sancti
836 1026 1027 1081 Felicis
1056 1029 1453 1085 memorabilem
1484 1047 1589 1086 non
1615 1042 1795 1089 tacete

228 1115 313 1180 qui
338 1113 484 1181 (149)
513 1128 603 1167 nec
630 1114 899 1170 haereticis
929 1118 1292 1185 pravitatibus,
1320 1136 1415 1175 nec
1439 1123 1617 1176 smculi
1642 1124 1791 1177 blatt-

226 1206 470 1260 dimentis
513 1219 539 1257 a
575 1207 656 1259 sui
718 1216 891 1261 status
944 1210 1258 1266 rectitudine
1304 1216 1469 1280 potuit
1502 1214 1789 1283 immutari,

226 1296 321 1349 sed
349 1296 477 1349 inter
516 1306 745 1365 utraque
786 1298 1094 1353 discrimina
1139 1304 1376 1358 veritatis
1413 1317 1667 1372 assertor,
1702 1307 1793 1359 fir-

228 1384 449 1438 mitatem
476 1392 585 1438 tuae
615 1385 741 1440 Iidei
766 1402 873 1441 non
898 1390 1127 1457 reliquit.
1171 1389 1293 1446 Per.

287 1474 363 1525 Ad
392 1473 783 1542 Compiendum.
829 1508 877 1518 —
900 1480 1237 1547 Qumsumus,
1273 1484 1513 1554 Domine,
1547 1488 1790 1542 salutari-

223 1563 318 1618 bus
342 1565 519 1634 repleti
570 1568 847 1637 mysteriis
872 1610 887 1633 ,
919 1580 975 1623 ut
1002 1571 1152 1639 cujus
1177 1574 1433 1629 solemnia
1471 1578 1621 1647 (150)
1651 1580 1789 1633 cele-

226 1657 451 1724 bramus,
480 1658 604 1725 ejus
636 1660 964 1715 orationibus
989 1663 1321 1731 adjuvemur.
1355 1666 1457 1721 Per
1486 1669 1783 1733 Dominum.

521 1754 548 1782 ⁸
579 1763 834 1803 DOIIINICA
863 1765 895 1803 II
926 1765 1052 1805 POST
1076 1768 1467 1810 ΤΠΕΟΡΗΛΝΙΑΙΙ.

1901 579 2098 633 mlnum
2126 590 2385 648 nostrum,
2415 595 2517 640 etc.

1971 669 2137 740 Super
2163 674 2349 727 oblata.
2374 705 2439 718 ν·-
2463 676 2706 749 Suscipe,
2732 696 3051 752 quaasumus,
3082 685 3320 755 Domine,
3348 706 3462 744 tnu—

1899 774 2025 815 nera
2068 764 2345 831 dignanter
2387 768 2581 836 oblata,
2610 783 2684 838 ct,
2713 773 2849 827 beati
2874 775 3104 831 Marcelli
3131 780 3461 849 suifraganti-

1898 849 1997 904 bus
2046 853 2249 908 meritis
2278 896 2291 917 ,
2347 856 2410 908 ad
2455 872 2656 914 nostrae
2702 863 2884 918 salutis
2908 865 3156 921 auxilium
3184 871 3462 937 provenire

1896 941 2150 994 concede.
2193 943 2312 996 Per.

1969 1027 2241 1099 Prmfatio.
2278 1062 2346 1070 —
2376 1032 2512 1089 Vere
2557 1036 2773 1103 dignum
2823 1050 2876 1095 et
2897 1044 3091 1110 justum
3119 1056 3222 1113 est,
3250 1062 3457 1118 aequum

1894 1127 1947 1172 et
1970 1119 2199 1175 salutare
2226 1162 2240 1186 ,
2281 1137 2378 1175 nos
2405 1124 2496 1178 tibi
2532 1140 2742 1203 semper
2769 1138 2823 1183 et
2847 1131 3038 1200 ubique
3060 1137 3253 1203 gratias
3279 1154 3457 1207 agerc,

1896 1206 2123 1264 Domine
2148 1220 2349 1277 sancte,
2377 1212 2534 1268 Pater
2558 1217 2912 1285 omnipotens,
2941 1234 3140 1277 aeterne
3170 1206 3344 1281 Deus:
3373 1230 3460 1296 qui

1892 1298 2210 1366 glorificaris
2236 1302 2287 1356 in
2320 1314 2530 1357 tuorum
2557 1305 2893 1362 confessione
2919 1320 3244 1379 sanctorum,
3276 1325 3328 1368 et
3355 1318 3464 1386 20

1893 1402 1999 1467 non
2036 1388 2207 1443 solum
2248 1392 2728 1448 excellentioribus
2755 1398 2988 1463 praemiis
3022 1410 3311 1470 martyrum
3338 1414 3463 1458 tuo-

1893 1459 2011 1530 rum
2053 1480 2239 1533 merita
2282 1481 2513 1549 gloriosa
2557 1487 2929 1555 prosequeris,
2977 1489 3069 1542 sed
3111 1490 3272 1544 etiam
3313 1506 3460 1547 sacra

1892 1568 2145 1636 mysteria
2179 1573 2607 1640 competentibus
2641 1576 2870 1632 servitiis
2900 1591 3291 1649 exsequentes,
3336 1598 3461 1652 gau-

1886 1660 2037 1716 dium
2066 1662 2273 1718 Domini
2299 1666 2381 1720 sui
2407 1667 2597 1722 tribuis
2625 1669 2879 1739 benignus
2906 1672 3122 1729 intrare.
3172 1676 3272 1731 Per
3299 1675 3459 1731 Cltriv

1884 1759 2028 1806 stum
2060 1753 2361 1809 Dominum.

288 1835 631 1904 omnipotens
659 1842 981 1909 sempiterna
1014 1844 1149 1898 Deus
1174 1884 1188 1909 ,
1235 1850 1324 1916 qui
1356 1851 1594 1904 οωιεςιίει
1623 1852 1781 1906 simul
1817 1847 1858 1905 Β
1957 1842 2036 1894 Ar!
2058 1840 3459 1916 Complendum.—Satiasti,Domine,familiamtuant

221 1933 275 1976 et
302 1933 499 1978 terrena
537 1928 840 1991 moderaris
859 1972 875 1996 ,
918 1931 1331 2001 supplicationes
1361 1937 1538 2005 populi
1569 1939 1641 1992 tui
1670 1939 1780 1995 cle-

222 2021 420 2068 menter
444 2015 631 2069 esaudi
659 2060 675 2084 ,
706 2028 760 2072 et
790 2034 971 2087 pacem
1000 2030 1143 2077 tuam
1174 2025 1371 2078 nostris
1393 2026 1625 2082 concede
1650 2035 1782 2082 tem-

220 2102 448 2167 poribus.
484 2103 604 2158 Per.

284 2190 411 2244 Alia.
432 2221 498 2230 —
517 2194 755 2260 Adesto,
786 2211 1089 2265 quresumus
1105 2242 1119 2264 ,
1153 2201 1371 2255 Domine
1388 2242 1409 2270 ,
1436 2204 1773 2273 supplicatio-

220 2280 366 2333 nibus
391 2285 582 2337 nostris
609 2328 626 2352 ,
677 2294 732 2339 et
758 2286 810 2339 In
848 2298 931 2340 tua
960 2289 1321 2346 misericordia
1343 2294 1689 2363 confidentes,
1714 2296 1780 2349 ab

219 2373 347 2427 omni
375 2388 469 2427 nos
488 2375 817 2431 adversitate
846 2382 1070 2433 custodi.
1113 2382 1233 2437 Per.

283 2464 442 2531 Super
464 2465 661 2519 oblata.
685 2467 829 2523 -υι
858 2469 948 2523 tibi
976 2480 1120 2540 grata
1143 2473 1264 2541 sint,
1300 2476 1534 2544 Domine,
1559 2491 1777 2533 munera

220 2557 379 2623 populi
422 2558 493 2609 tui
546 2559 902 2626 supplicantis
924 2601 938 2625 ,
970 2562 1037 2617 ab
1082 2565 1224 2619 omni
1250 2606 1265 2630 ,
1292 2581 1627 2636 quaesumus,
1657 2585 1777 2625 eunt

218 2645 516 2713 eontagione
545 2650 918 2716 perversitatis
946 2655 1192 2709 emunda.
1235 2657 1356 2712 Per.

281 2732 542 2804 Prw/iano.
579 2766 654 2776 —
696 2738 830 2794 Vere
862 2741 1081 2809 dignum
1110 2754 1163 2799 et
1200 2746 1399 2814 justum
1426 2756 1538 2815 est,
1569 2764 1776 2821 acquum

216 2842 264 2884 ct
290 2831 538 2899 salutare,
564 2848 666 2889 nos
696 2834 790 2889 tibi
841 2850 1051 2905 semper
1074 2848 1129 2893 et
1161 2839 1350 2910 ubique
1378 2842 1572 2911 gratias
1600 2860 1776 2913 agere,

218 2919 427 2978 Domine
467 2934 700 2991 sancte,
758 2926 914 2982 Pater
941 2930 1306 2999 onmipotens,
1354 2942 1553 2989 aeterne
1600 2938 1774 2992 Deus:

218 3023 513 3083 semperque
570 3017 798 3072 virtutes
847 3028 901 3071 ct
932 3020 1113 3074 laudes
1142 3030 1261 3076 tuas
1298 3021 1449 3078 labiis
1477 3026 1779 3081 exsultatio-

222 3102 296 3155 uis
319 3104 495 3170 effari,
546 3106 643 3175 qui
674 3108 830 3161 nobis
862 3109 929 3162 ad
960 3109 1272 3165 relevandos
1303 3112 1457 3167 istius
1486 3114 1605 3168 vitae
1634 3115 1779 3169 labo-

1887 1938 2196 1992 muneribus
2221 1941 2414 2005 sacris;
2445 1954 2656 2011 semper
2680 1942 2818 2013 ejus,
2846 1961 3167 2014 quaesumus,
3199 1948 3459 2005 interven-

1884 2027 2030 2082 tione
2055 2042 2150 2083 nos
2177 2029 2374 2095 refove,
2404 2031 2555 2100 cujus
2584 2034 2840 2089 solemnia
2867 2038 3222 2093 celebramus.
3265 2040 3382 2095 Per.

1990 2134 2055 2171 XV
2086 2135 2206 2173 KAL.
2249 2137 2630 2176 rrsnuautn—
2651 2140 2873 2180 NATALIS
2910 2142 3128 2184 SANCTE
3155 2145 3353 2187 PRISCE

2553 2208 2797 2248 VlRGlNIS.

1962 2276 2070 2342 Da,
2101 2292 2435 2347 qumsumus,
2488 2281 2823 2352 omnipotens
2865 2284 3005 2342 Deus
3031 2329 3045 2354 ,
3084 2300 3140 2344 ut
3175 2294 3265 2360 qui
3290 2294 3457 2349 beatae

1884 2366 2082 2423 Prisca:
2130 2372 2376 2441 martyris
2420 2382 2521 2426 tua:
2550 2374 2780 2429 natalitia
2807 2378 3062 2448 colimus,
3089 2391 3143 2436 ct
3166 2399 3341 2441 annua
3371 2402 3454 2441 so-

1882 2458 2157 2514 lemnitate
2185 2461 2452 2528 laetemur,
2502 2471 2557 2518 et
2586 2473 2743 2520 tanta:
2769 2465 2893 2522 ﬁdei
2917 2470 3257 2537 proﬁciamus
3278 2489 3455 2531 excut-

1883 2546 1990 2615 plo.
2033 2548 2149 2602 Per.

1954 2638 2120 2709 Super
2151 2639 2639 2709 oblata.—lloStia,
2670 2643 2911 2714 Domine,
2942 2664 3268 2720 quaesumus,
3297 2670 3451 2723 quam

1882 2739 2187 2785 sanctorum
2237 2741 2447 2787 tuorum
2490 2733 2725 2789 natalitia
2777 2749 3116 2797 recensentes
3163 2744 3454 2816 oderimus,

1879 2829 1936 2875 et
1966 2822 2176 2876 vincula
2220 2833 2415 2879 nostra:
2463 2826 2737 2893 pravitatis
2782 2830 3062 2900 absolvat,
3091 2845 3145 2890 et
3172 2844 3273 2891 tua:
3302 2841 3453 2896 nobis

1883 2909 2264 2967 misericordia:
2291 2914 2428 2968 dona
2457 2916 2725 2972 conciliet.
2768 2919 2889 2973 Per.

1954 3000 2033 3052 Ad
2058 3000 2443 3070 Complendum.
2467 3034 2537 3044 —
2558 3006 2903 3074 Qumsumus,
2937 3010 3178 3079 Domine,
3211 3016 3449 3073 salutari-

1882 3091 1980 3146 bus
2010 3094 2201 3163 repleti
2232 3097 2519 3166 mysteriis,
2555 3108 2611 3153 ut
2630 3100 2782 3170 cujus
2812 3103 3069 3158 solemnia
3092 3108 3449 3181 celebramus,

218 3204 296 3243 res
341 3191 546 3247 diversa
607 3194 870 3250 donorum
904 3206 1115 3252 tuorum
1164 3200 1349 3255 solatia
1374 3242 1387 3265 ,
1422 3210 1476 3256 et
1499 3218 1776 3259 munerum
1804 3203 1853 3267 C
1883 3184 1998 3253 ei“
2026 3187 2352 3242 "monibus
2378 3189 2708 3259 adjuvemm'
2753 3194 2866 3247 Ρθτ·

223 3283 505 3338 salutarium
557 3288 753 3355 gaudia
802 3292 1107 3362 contulisti,
1132 3294 1391 3349 mittendo
1419 3296 1568 3351 nobis
1592 3298 1774 3355 Iesum

221 3370 463 3427 Christum
493 3375 688 3431 Filium
719 3387 864 3432 tuum
882 3380 1163 3436 Dominum
1180 3394 1440 3439 nostrum.
1468 3387 1567 3441 Per
1594 3403 1773 3456 quem.

280 3460 582 3519 Benedictio.
629 3496 701 3507 —
742 3467 882 3523 Deus
930 3471 1019 3538 qui
1082 3488 1175 3527 sua
1233 3475 1456 3529 mirabili
1514 3487 1775 3544 potestate

215 3565 384 3619 aquam
410 3558 567 3611 vertit
598 3558 651 3611 in
682 3560 890 3626 vinum,
924 3577 1020 3616 vos
1049 3578 1077 3615 a
1108 3576 1368 3620 vetustate
1393 3568 1689 3625 subtractus
1720 3570 1773 3625 in

214 3640 369 3696 beata:
394 3646 512 3698 vita:
546 3648 841 3702 transferat
871 3652 1179 3705 novitatem.
1204 3653 1394 3709 Amen.
1438 3657 1502 3710 Et
1525 3658 1617 3726 qui
1643 3674 1773 3728 nup-

216 3732 295 3785 tiis
340 3732 598 3792 interesse
650 3738 817 3793 voluit
842 3781 856 3803 ,
890 3752 948 3793 ut
976 3756 1157 3796 carum
1189 3759 1281 3797 sua
1317 3748 1596 3812 przcsentia
1618 3762 1770 3802 com-

220 3823 448 3887 probaret
486 3826 712 3894 bonum,
744 3831 859 3896 ipse
887 3832 1037 3886 vobis
1072 3834 1333 3889 castitatis
1380 3846 1436 3890 et
1471 3836 1773 3892 sobrietatis

219 3922 469 3981 perpetua
498 3917 743 3972 conferat
766 3919 985 3976 donum.
1016 3926 1205 3976 Amen.
1246 3924 1363 3993 Ipse
1394 3926 1546 3981 vobs
1571 3938 1773 3982 sancta-

213 4015 318 4055 rum
353 4001 757 4076 intelligentiam
802 4011 1193 4079 Scripturarum
1238 4015 1432 4069 tribuat
1455 4017 1766 4085 spiritalem,

208 4090 289 4156 qui
316 4105 475 4161 aquas
508 4094 561 4147 in
590 4097 717 4150 vina
740 4101 994 4155 vertendo
1014 4102 1113 4157 lue
1139 4104 1310 4170 ipsum
1341 4105 1504 4159 voluit
1528 4105 1770 4175 designa-

208 4197 279 4236 rc.
306 4185 496 4241 Anien.
528 4189 681 4253 Quod
713 4192 827 4259 ipse
859 4206 1109 4261 praestare
1140 4195 1400 4263 dignetur,
1427 4196 1595 4265 cujus.

272 4274 345 4325 Ad
364 4273 766 4344 Comploratum.
798 4309 865 4319 —
899 4281 1169 4349 Augeatur
1210 4283 1261 4337 in
1295 4285 1478 4348 nobis,
1518 4283 1763 4351 Domine,

205 4374 301 4428 qua
318 4377 520 4430 sumus,
556 4377 658 4420 tua:
688 4370 896 4424 virtutis
924 4374 1193 4439 operatio,
1233 4384 1290 4428 ut
1316 4374 1509 4427 divinis
1537 4375 1763 4444 vcgetati

206 4457 570 4524 sacramentis,
616 4457 683 4511 ad
728 4474 911 4514 eorum
952 4462 1212 4530 promissa
1241 4464 1495 4533 capienda
1525 4472 1613 4518 tuo
1642 4482 1757 4519 mu-

205 4553 324 4594 nere
348 4556 735 4613 prwparemur.
777 4546 900 4603 Per.

269 4635 429 4704 Super
456 4642 729 4707 populum.
752 4670 823 4681 —
841 4643 1135 4710 Auxiliare,
1162 4644 1400 4709 Domine,
1434 4646 1623 4715 populo
1651 4654 1765 4712 tuo,

205 4731 257 4773 ut
283 4738 441 4781 sacrae
468 4730 772 4785 devotionis
820 4734 1099 4799 proficiens
1150 4734 1530 4802 incrementis,
1581 4748 1637 4790 et
1677 4746 1766 4791 tuo

201 4827 400 4883 semper
423 4835 648 4874 munere
671 4823 1021 4889 gubernetur,
1053 4834 1105 4878 et
1128 4826 1193 4879 ad
1215 4825 1592 4896 redemptionis
1617 4838 1768 4881 aucr-

204 4918 280 4959 ηεξ
305 4908 581 4978 pertineat,
616 4922 669 4967 te
697 4917 941 4982 ducente,
968 4920 1327 4973 consortium.
1355 4919 1477 4975 Per.
1708 4924 1715 4931 ’

234 5022 332 5062 xvtt
355 5025 475 5083 up.
500 5030 823 5071 resumam
841 5047 907 5059 ——
946 5032 1169 5072 manus
1195 5017 1222 5055 δ
1250 5034 1434 5075 ελκετι
1462 5036 1729 5076 nuncnum

894 5104 1065 5142 ΡΔΡΕ.

264 5167 450 5227 Preces
477 5177 651 5245 populi
683 5176 754 5230 tui
787 5216 802 5242 ,
831 5193 1167 5246 quatsumus,
1198 5181 1449 5248 Domine,
1477 5182 1763 5238 clementer

195 5260 396 5324 exaudi,
425 5274 477 5317 ut
500 5264 646 5319 beati
675 5265 905 5321 marcelli
934 5268 1180 5337 martyris
1211 5270 1284 5324 tui
1310 5280 1466 5340 atque
1493 5272 1761 5339 pontificis

259 5428 279 5491 ἦ
317 5421 580 5476 Omittitur
606 5423 659 5476 in
690 5422 753 5476 C.
780 5422 979 5477 Pamel.
1012 5436 1065 5477 et
1094 5424 1224 5491 Reg.
1253 5424 1433 5488 Suec.,
1469 5441 1676 5481 necnon
1701 5427 1755 5480 in

196 5484 409 5564 galend.
458 5491 633 5564 Burin,
693 5492 845 5556 cuius
899 5494 1016 5548 loco
1066 5484 1297 5550 occurrit
1330 5511 1343 5547 :
1380 5484 1499 5549 Fer.
1548 5511 1597 5549 tv
1645 5505 1759 5564 post

195 5554 526 5627 ΤΙιεορΙιαηία.

258 5628 280 5663 ξ’
318 5632 466 5692 Apud
496 5631 704 5685 l’amei.
734 5639 948 5686 notatur
971 5633 1057 5687 die
1091 5631 1154 5685 l8
1176 5633 1418 5699 Januar.;
1454 5643 1507 5688 at
1534 5634 1587 5688 in
1618 5632 1750 5688 Cod.

196 5695 313 5765 Ilvg.
351 5700 503 5754 Suec.
555 5701 644 5753 die
702 5701 765 5754 l6
813 5702 1052 5766 ejusdem
1103 5708 1341 5770 mensis,
1387 5695 1754 5760 consentiente

412 5818 674 5876 ΡΑτιιυι.
723 5816 1067 5883 LXXVIII.

1882 3292 1976 3330 χιιι
2009 3293 2560 3334 κΑι.ιτεΒιιυΑῐιιι.-ε
2588 3299 2809 3339 manus
2830 3299 3012 3341 SANCTI
3046 3287 3192 3358 (151)
3225 3308 3449 3349 rauttxt.

1951 3366 2322 3423 Infirmitatem
2365 3380 2598 3425 nostram
2643 3375 2880 3442 respice,
2925 3378 3263 3447 omnipotens
3292 3384 3449 3445 Deus,

1875 3463 1929 3508 et
1955 3454 2103 3523 (15⁸2)
2126 3470 2259 3525 quos
2286 3459 2489 3525 pondus
2532 3461 2761 3530 propria:
2812 3465 3038 3520 actionis
3063 3480 3280 3535 gravat,
3311 3473 3448 3525 beati

1878 3544 2094 3600 Fabiani
2141 3548 2391 3616 martyris
2417 3549 2488 3603 ttti
2518 3559 2677 3620 atque
2708 3553 2968 3622 pontificis
2998 3556 3307 3614 intercessio
3337 3564 3449 3631 glo-

1876 3635 2014 3689 riosa
2045 3651 2140 3689 nos
2167 3647 2427 3707 protegat.
2470 3639 2590 3694 Per.

1945 3727 2119 3797 Super
2162 3729 2352 3783 oblata.
2392 3760 2462 3771 ——
2500 3732 2710 3788 Hostias
2738 3735 2829 3789 tibi
2856 3778 2869 3799 ,
2900 3737 3152 3808 Domine,
3180 3744 3324 3799 beati
3352 3746 3445 3801 Fa-

1873 3820 2016 3875 biani
2046 3822 2295 3893 martyris
2351 3822 2425 3877 tui
2466 3822 2667 3879 dicatas
2705 3826 2904 3880 meritis
2933 3828 3189 3900 benignus
3211 3849 3445 3901 assume,

1871 3922 1922 3965 et
1950 3911 2016 3964 ad
2046 3922 2357 3981 perpetuum
2406 3913 2560 3969 nobis
2599 3915 2772 3972 tribue
2808 3921 3090 3987 provenire
3126 3923 3444 3981 subsidium.

1872 4001 1973 4056 Per
2000 4002 2299 4057 Dominum.

1945 4091 2025 4143 Ad
2054 4092 2441 4162 Complendttm.
2462 4124 2527 4132 —
2549 4095 2753 4151 Refecti
2786 4098 3187 4166 participatione
3211 4106 3442 4158 muneris

1868 4181 2029 4246 sacri,
2063 4195 2367 4249 quaesumus
2388 4224 2403 4249 ,
2445 4182 2668 4237 Domine
2698 4186 2836 4239 Deus
2862 4196 3065 4253 noster,
3098 4199 3153 4243 ut
3178 4192 3328 4260 cujus
3351 4208 3440 4248 exs

1867 4272 2141 4340 sequimur
2160 4271 2380 4337 cultum,
2411 4274 2702 4329 sentiamus
2728 4275 2992 4331 eIi‘ectum.
3035 4278 3138 4334 ?er

1903 4376 2078 4418 EODEI
2103 4376 2211 4416 ωε.
2234 4390 2304 4401 -·
2324 4376 2550 4417 NATALIS
2581 4377 2767 4420 SANCTI
2792 4369 3093 4424 SEBASTIANI
3123 4386 3383 4429 IIARTYRIS

1940 4456 2079 4512 Deus
2105 4452 2197 4525 qui
2234 4453 2442 4509 beatum
2467 4454 2835 4513 Sebastianum
2858 4471 3144 4531 martyrem
3167 4472 3313 4518 tuum
3338 4467 3440 4520 vir-

1792 4559 1843 4620 ι)
1866 4553 1982 4600 tute
2005 4545 2321 4601 constantia:
2366 4546 2418 4599 in
2464 4548 2710 4615 passione
2737 4548 3026 4618 roborasti,
3052 4567 3119 4608 ex
3143 4553 3258 4619 ejus
3288 4557 3439 4611 nobis

1870 4635 2165 4691 imitatione
2192 4637 2368 4692 tribue
2394 4652 2489 4705 pro
2515 4653 2702 4694 amore
2738 4649 2828 4694 tuo
2858 4656 3108 4712 prospera
3136 4646 3316 4700 mundi
3343 4647 3432 4702 de-

1869 4731 2093 4798 spicere,
2126 4738 2181 4783 et
2208 4729 2346 4783 nulla
2370 4729 2487 4798 ejus
2517 4730 2738 4785 adversa
2765 4731 3068 4789 formidare.
3112 4735 3214 4791 Per

1938 4818 2107 4887 Super
2135 4817 2324 4873 oblata.
2352 4847 2417 4858 ν-
2441 4818 2671 4889 Accepta
2698 4820 2769 4875 sit
2790 4820 2846 4876 in
2872 4832 3159 4893 conspectu
3187 4833 3299 4892 tuo,
3330 4825 3435 4880 Do-

1867 4910 2031 4977 mine,
2057 4918 2238 4964 nostra
2266 4909 2502 4977 devotio,
2527 4921 2583 4967 et
2609 4911 2724 4981 ejus
2752 4914 2905 4968 nobis
2933 4914 3025 4968 fiat
3049 4914 3436 4984 supplicatione

1867 4998 2145 5064 salutaris,
2179 5014 2276 5067 pro
2304 5003 2453 5066 cujus
2481 5000 2822 5056 solemnitate
2843 5001 3100 5055 defertur.
3133 5002 3254 5058 Per.

1937 5093 2040 5161 21
2078 5089 2349 5160 Prwfatio.
2395 5117 2461 5129 -—
2509 5092 2644 5147 Vere
2687 5091 2900 5161 dignum
2950 5100 3002 5145 et
3052 5091 3252 5160 justum
3309 5104 3424 5159 est,

1864 5194 2070 5248 aequum
2095 5190 2147 5234 et
2170 5182 2420 5245 salutare,
2456 5196 2552 5235 nos
2582 5181 2672 5234 tibi
2699 5193 2909 5248 semper
2939 5188 2994 5235 et
3020 5184 3213 5252 ubique
3236 5183 3432 5253 gratias

1861 5286 2039 5339 agerc,
2090 5270 2311 5325 Domine
2352 5280 2554 5335 sancte,
2604 5269 2761 5323 Pater
2804 5271 3169 5341 omnipotens,
3232 5282 3429 5328 (sterne

1858 5427 1972 5479 Kal.
2004 5427 2153 5479 Rom.

1934 5508 1954 5534 c
1998 5495 2054 5547 ln
2082 5495 2305 5549 Kalend.
2358 5495 2509 5548 Itom.
2565 5495 2760 5553 festum
2812 5500 2979 5553 sancti
3021 5500 3320 5557 Sebastiani
3344 5516 3424 5558 est

1857 5575 1979 5619 ante
2009 5565 2202 5619 festum
2247 5566 2417 5618 sancti
2466 5565 2715 5633 Fabiani;
2761 5583 2917 5623 secus
2965 5570 3016 5622 in
3062 5568 3197 5623 Cod.
3225 5573 3399 5626 Pamel

1857 5649 1920 5689 ac
1948 5634 2074 5703 lteg.
2122 5635 2279 5707 Suec.
2316 5646 2371 5689 et
2411 5636 2462 5688 in
2508 5636 2676 5690 Vatie.
2725 5638 2824 5691 Ed.
2868 5646 3026 5707 atque
3060 5640 3197 5699 aliis.
3240 5644 3418 5696 Postea

1858 5713 2080 5776 utraque
2110 5705 2419 5762 solemnitas
2450 5709 2500 5761 in
2531 5722 2689 5762 unam
2713 5709 2927 5764 coaluit.

2923 5824 2961 5879 2
