4026 6304
544 338 610 392 ιδ
1732 326 1971 384 SANCTI
2011 324 2331 382 GRECORII
2370 327 2581 384 MAthl

3722 326 3802 383 η

543 450 1003 523 Deus:quonlam
1048 447 1297 516 martyris
1339 443 1476 499 beati
1522 440 1817 495 Sebastiani
1851 456 1948 510 pro
1977 454 2107 494 con-
2143 448 2186 506 Α
2216 438 2476 508 gloriosus
2528 440 2684 495 levita
2727 440 3055 507 Vincentius,
3107 450 3163 497 et
3210 438 3362 496 miles
3412 439 3657 507 invictus,
3708 457 3799 497 ra-

544 546 775 599 fcssione
838 535 1070 594 nominis
1138 535 1213 588 tui
1268 529 1594 585 venerabilis
1653 531 1869 597 sanguis
1915 527 2113 583 effusus

544 632 703 686 simul
729 641 783 686 et
808 638 891 683 tua
922 624 1186 680 mirabilia
1219 621 1544 682 manifestat,
1577 632 1683 686 quo
1709 618 1918 687 perficis
1948 618 1999 672 in
2032 619 2114 673 in-

545 726 790 778 firmitate
836 720 1105 783 virtutem,
1148 722 1203 768 et
1230 712 1427 766 nostris
1451 709 1642 765 studiis
1672 710 1766 764 dat
1794 710 2111 780 profectum,

542 825 596 867 et
619 811 844 867 infirmis
869 808 1007 876 apud
1038 816 1090 860 te
1123 811 1340 872 prastat
1363 800 1645 856 auxilium.
1698 801 1801 856 Per
1841 800 2113 858 Christum

544 903 822 957 Dominum
860 906 1125 951 nostrum.

609 989 691 1041 Ad
714 983 1103 1051 Comptendum.
1126 1012 1198 1028 υ-
1220 982 1386 1037 Sacro
1421 993 1643 1035 munere
1679 979 1876 1049 satiati,
1909 979 2116 1048 suppli-

539 1090 630 1131 ces
663 1084 735 1141 te,
766 1074 1011 1137 Domine,
1037 1073 1405 1141 deprecamur,
1450 1078 1505 1123 ut
1542 1068 1683 1138 quod
1723 1069 1915 1123 debita:
1944 1068 2117 1123 servi-

537 1163 665 1218 tutis
710 1161 1047 1218 celebramus
1099 1159 1301 1225 officio,
1355 1157 1723 1213 intercedente
1774 1158 1928 1211 beato
1955 1157 2121 1212 Seba-

544 1255 722 1308 stiano
772 1260 1007 1321 martyre
1039 1261 1152 1316 tuo,
1194 1250 1501 1303 salvationis
1531 1257 1633 1301 tute
1662 1249 1955 1302 sentiamus
1986 1260 2118 1317 aug-

540 1354 798 1400 mentum.
827 1342 929 1397 Per
957 1341 1236 1395 Dominum
1268 1350 1533 1395 nostrum.

630 1448 706 1488 xu
757 1448 881 1488 ιω..
937 1447 1235 1485 reunmnn.
1265 1460 1334 1471 -—
1360 1446 1581 1486 mnus
1619 1444 1830 1486 ssucrn
1868 1426 2024 1500 (155)

1188 1509 1211 1533 ⁸
1237 1515 1479 1555 Αϐκετιε.

612 1573 965 1641 Omnipotens
995 1569 1316 1637 sempiterne
1356 1570 1517 1633 Deus,
1557 1568 1647 1637 qui
1694 1569 1904 1622 infirma
1933 1566 2116 1620 mundi

536 1664 725 1734 eligis,
759 1672 817 1717 ut
844 1661 1001 1715 fortia
1048 1672 1268 1727 quaeque
1297 1658 1613 1723 confundas,
1660 1656 1895 1711 concede
1928 1670 2114 1725 propi-

548 1755 653 1809 tius
687 1764 741 1808 ut
789 1753 880 1823 qui
922 1751 1092 1805 beata:
1137 1750 1356 1817 Agnetis
1406 1749 1655 1817 martyris
1707 1758 1810 1800 tua:
1855 1746 2114 1801 solemnia

546 1845 795 1911 colimus,
825 1842 941 1912 ejus
973 1839 1112 1910 apud
1145 1850 1195 1894 te
1226 1838 1514 1909 patrocinia
1545 1838 1858 1892 sentiamus.
1888 1838 2012 1891 Per.

620 1934 789 2003 Super
826 1931 1019 1985 oblata.
1051 1957 1121 1969 —
1152 1928 1381 1993 Hostius,
1426 1928 1667 1993 Domine,
1699 1941 1832 1995 quas
1861 1926 1951 1979 tibi
1985 1923 2120 1978 offe-

552 2024 756 2089 rimus,
812 2020 1073 2092 propitius
1121 2018 1354 2087 suscipe,
1410 2030 1485 2082 et,
1543 2015 1909 2072 intercedente
1967 2015 2120 2069 beata

547 2120 753 2184 Agnete
780 2123 1014 2181 martyre
1050 2117 1159 2171 tua,
1192 2107 1398 2162 vincula
1427 2118 1769 2176 peccatorum
1815 2112 2118 2160 nostrorum

547 2201 788 2257 absolve.
822 2199 922 2254 Per
951 2197 1254 2251 Dominum.

607 2289 893 2361 Praefatio.
922 2317 993 2329 —
1016 2286 1152 2342 Vere
1196 2285 1412 2355 dignum
1454 2292 1510 2339 et
1544 2284 1744 2353 jusmm
1773 2292 1878 2352 est,
1910 2297 2122 2353 aequum

548 2394 603 2439 et
624 2382 881 2448 salutare,
914 2393 1014 2435 nos
1041 2377 1137 2432 tibi
1168 2390 1381 2445 semper
1408 2385 1463 2430 et
1493 2375 1685 2445 ubique
1715 2376 1912 2444 gratias
1940 2387 2122 2444 agere,

551 2472 776 2529 Domine
803 2479 1010 2534 sancte,
1044 2467 1205 2522 Pater
1232 2466 1596 2534 omnipotens,
1636 2476 1836 2520 aeterne
1870 2466 2043 2519 Deus:
2068 2471 2125 2518 et

555 2562 706 2634 (156)
774 2560 917 2616 diem
969 2558 1143 2613 beata:
1189 2556 1409 2626 Agnetis
1460 2556 1720 2626 martyrio
1760 2563 2125 2610 consecratam

554 2652 868 2708 solemniter
913 2660 1196 2705 recensere
1222 2684 1238 2711 ,
1284 2660 1433 2714 quae,
1480 2654 1709 2699 terrenae
1754 2646 2127 2713 generositatis

558 2744 949 2799 oblectamenta
978 2737 1301 2809 despiciens,
1345 2736 1619 2791 caelestem
1670 2736 1862 2791 meruit
1898 2736 2127 2805 dignita-

555 2852 702 2905 tem;
753 2834 1023 2893 societatis
1059 2831 1312 2887 humanae
1355 2836 1477 2881 vota
1519 2833 1888 2893 contemnens,
1943 2825 2129 2880 aeterni

560 2930 720 2999 [tegis
767 2935 850 2981 est
892 2925 1093 2980 sociata
1135 2920 1444 2984 consortio;
1486 2925 1542 2972 et
1572 2917 1854 2984 pretiosam
1881 2923 2128 2981 mortem,

563 3033 724 3076 sexus
772 3015 1055 3085 fragilitate
1112 3010 1353 3076 calcata,
1406 3022 1502 3076 pro
1548 3005 1747 3061 Christi
1796 3005 2131 3061 confessione

562 3106 858 3177 suscipiens
891 3101 1039 3174 (155)
1073 3100 1228 3156 simul
1275 3109 1358 3155 est
1406 3097 1547 3152 facta
1593 3096 1881 3152 conformis
1912 3105 1966 3151 et
1995 3113 2134 3154 sem-

566 3196 886 3271 piternitstis
928 3194 1047 3263 ejus
1090 3200 1143 3248 et
1189 3191 1392 3261 gloriae.
1448 3187 1555 3244 Per
1595 3203 1751 3258 quem
1799 3188 2134 3259 Majestatem
2162 3179 2208 3241 C

567 3302 1144 3449 ma:fCompleudum.
1174 3371 1292 3413 -δ
1325 3371 1630 3436 Sumemes,
1679 3370 1921 3435 Domine,
1949 3370 2141 3439 gaudia

579 3473 901 3543 sempiterna
933 3470 998 3522 de
1039 3466 1438 3536 participatione
1481 3462 1802 3518 sacramenti
1841 3461 2141 3516 festivitatis

575 3573 771 3619 sancta:
798 3557 1047 3630 martyris
1068 3556 1308 3627 Agnetis,
1348 3554 1663 3624 suppliciter
1688 3553 2059 3624 deprecamur,
2086 3560 2143 3606 ut

573 3673 692 3725 qua:
730 3654 915 3709 sedula
957 3650 1237 3713 servitute,
1268 3648 1500 3701 donante
1545 3657 1618 3713 te,
1659 3644 1920 3713 gerimus,
1964 3645 2143 3712 dignis

571 3747 818 3803 sensibus
848 3752 935 3797 tuo
962 3755 1182 3796 munere
1213 3739 1507 3807 capiamus.
1547 3738 1670 3793 Per.

652 3852 705 3892 ιι
742 3851 865 3890 ΚΑΙ..
900 3845 1203 3887 FEBRUARII.
1229 3858 1299 3869 —
1319 3842 1540 3882 manus
1577 3842 1762 3883 SANCTI
1791 3842 2059 3883 VINCENTII

1217 3914 1497 3953 IARTYRIS.

640 3994 862 4060 Adesto,
891 4003 1220 4063 quaesumus,
1253 3987 1497 4055 Domine,
1530 3985 2005 4057 supplicationibus
2046 4001 2143 4041 no-

566 4087 715 4151 stris,
740 4094 796 4139 ut
819 4084 909 4152 qui
935 4096 999 4137 ex
1029 4076 1306 4148 iniquitate
1350 4086 1528 4131 nostra
1578 4091 1698 4131 reos
1745 4090 1841 4131 nos
1873 4090 1993 4130 esse
2021 4090 2145 4147 cog-

572 4176 875 4240 noscimus,
907 4170 1048 4227 beati
1080 4167 1343 4225 Vincentii
1373 4167 1623 4238 martyris
1659 4167 1732 4221 tui
1767 4164 2147 4221 intercessione

567 4267 886 4323 liberemur.
920 4263 1039 4317 Per.

638 4359 746 4428 22
795 4355 964 4423 Super
1006 4353 1195 4405 oblata.
1248 4348 1599 4411 Hodiernum,
1646 4346 1892 4411 Domine,
1941 4345 2148 4400 sacriﬁ-

564 4451 709 4505 cium
759 4446 1001 4499 laztantes
1040 4442 1334 4507 offerimus,
1364 4454 1469 4508 quo
1519 4438 1659 4492 beati
1688 4438 1959 4493 Vineentii
1987 4439 2147 4495 caele-

564 4552 704 4596 stem
745 4535 1022 4591 victoriam
1067 4541 1430 4594 recensentes,
1462 4538 1517 4583 et
1543 4538 1629 4584 tua
1656 4530 1919 4599 magnalia
1952 4530 2142 4609 praedi-
2170 4547 2220 4608 ι)

564 4645 770 4697 camus,
802 4636 857 4683 et
894 4640 991 4681 nos
1032 4623 1325 4693 acquisisse
1379 4620 1669 4692 gaudemus
1722 4620 1972 4689 suffragia
2031 4621 2142 4689 glo-

568 4724 734 4779 riosa.
760 4720 884 4775 Per.

641 4812 916 4882 Praefatio.
938 4839 1008 4849 —
1033 4807 1170 4862 Vere
1200 4803 1415 4874 dignum
1459 4810 1512 4856 et
1540 4801 1738 4869 justum
1782 4807 1885 4864 est,
1933 4814 2142 4867 tequum

566 4914 623 4959 et
652 4905 904 4967 salutare,
938 4914 1035 4955 nos
1065 4898 1161 4953 tibi
1188 4910 1401 4963 semper
1428 4901 1484 4947 et
1511 4892 1704 4960 ubique
1733 4890 1931 4960 gratias
1959 4906 2139 4959 agere,

563 4997 791 5054 Domine
840 5002 1044 5056 sancte,
1099 4990 1257 5044 Pater
1305 4985 1673 5054 omnipotens,
1726 4992 1928 5036 aeterne
1980 4982 2138 5045 Deus,

564 5105 659 5160 per
678 5088 948 5143 Christum
985 5082 1265 5140 Dominum
1294 5085 1537 5134 nostrum
1566 5092 1580 5129 :
1614 5088 1711 5144 pro
1740 5071 1891 5142 cujus
1921 5073 2135 5128 nomine

635 5230 659 5257 ⁸
693 5219 746 5272 lu
775 5216 907 5271 Cod.
957 5213 1088 5284 Reg.
1137 5213 1320 5279 Suec.,
1368 5218 1571 5284 sancite
1597 5208 1775 5284 Agnis.
1824 5204 1879 5284 In
1910 5203 2134 5284 Kalend.

562 5292 742 5355 noun,
766 5296 955 5341 sancta:
993 5277 1151 5355 Agna:
1183 5284 1244 5335 de
1272 5277 1527 5355 passione.
1558 5277 2138 5355 LegituretianrAgnw

559 5344 940 5429 iii'pot'ioribtts
982 5344 1111 5409 M58.
1144 5344 1344 5429 ‘hom'il.
1389 5353 1438 5403 in
1481 5351 1703 5417 Evang.,
1738 5345 1824 5399 ubi
1857 5344 2133 5398 undecima

559 5422 739 5487 est'dc
771 5433 871 5482 hac
900 5434 1081 5480 sancta
1110 5422 1239 5489 virg.
1270 5430 1327 5495 et
1354 5430 1509 5495 mart.
1904 5484 1915 5495 .

630 5483 657 5537 ι’
695 5500 843 5554 lianc
890 5483 1215 5549 Orationem'
1235 5492 1352 5544 alim
1397 5491 1516 5542 dna:
1559 5494 1853 5554 sequuntur
1902 5484 1954 5554 in
1999 5483 2133 5536 Cod.

561 5553 767 5627 Patnel.
802 5568 939 5622 Tres
966 5563 1157 5617 absunt
1183 5576 1209 5613 a
1239 5560 1376 5631 Cod.
1404 5559 1534 5627 Reg.
1570 5560 1727 5631 Suec.
1763 5553 1911 5631 Apud
1948 5554 2136 5607 Panic-

557 5626 685 5697 lium
731 5635 937 5693 uncinis
967 5632 1306 5687 clauduntun.
1342 5629 1475 5684 Fere
1501 5626 1675 5697 omnia
1711 5638 1829 5697 quas
1865 5626 2003 5697 intra
2040 5638 2137 5673 nn-

558 5691 713 5767 ciiios
738 5691 1004 5777 “leguntur
1043 5702 1116 5757 ibi
1161 5717 1264 5756 non
1310 5708 1519 5754 exstant
1550 5697 1599 5751 in
1626 5694 1761 5749 Cod.
1796 5691 1926 5762 Reg.
1971 5692 2130 5748 Suec.

2219 528 2325 583 bidi
2371 531 2537 586 hostis
2578 532 2842 586 insaniam
2886 531 3162 589 interritus
3206 532 3358 598 adiit,
3402 532 3675 597 modestus
3704 548 3798 589 su-

2217 619 2422 684 stinuit,
2470 633 2692 674 securus
2732 620 2921 686 irrisit,
2969 622 3148 676 sciens
3199 631 3413 690 paratus
3453 636 3572 676 esse
3612 632 3669 677 ut
3706 639 3796 678 re-

2217 706 2451 774 sisteret,
2486 709 2733 763 nesciens
2761 710 2934 765 elatus
2975 726 3096 766 esse
3137 711 3285 782 (156)
3331 720 3387 765 ut
3438 712 3699 776 vinceret,
3733 715 3794 767 in

2221 809 2463 865 utroque,
2517 798 2725 854 Domini
2765 814 2826 855 ac
2857 799 3095 871 Magistri
3140 802 3219 855 sui
3265 802 3485 870 vestigia
3537 817 3797 872 sequens,

2220 888 2308 955 qui
2341 889 2649 944 humilitatis
2698 892 3082 957 custodiendae,
3129 902 3183 946 et
3227 892 3292 946 de
3340 891 3580 947 hostibus
3611 894 3801 948 trimu-

2221 978 2453 1045 pliandi,
2506 982 2621 1035 suis
2672 981 2944 1050 sequenda
2996 981 3243 1050 exempla
3301 982 3637 1037 monstravit.
3696 983 3801 1038 Per

2219 1083 2398 1137 quem.

2294 1162 2375 1215 Ad
2405 1161 2793 1229 Complendum.
2820 1164 3246 1229 —Quaasumus,
3273 1175 3610 1234 omnipotens
3633 1165 3800 1228 Deus.

2223 1254 2400 1321 utqui
2439 1254 2682 1307 cmlestia
2732 1256 2987 1309 alimenta
3032 1255 3387 1325 percepimus,
3436 1259 3804 1313 intercedente

2231 1347 2383 1410 beato
2418 1343 2698 1398 Vincentio
2731 1356 2965 1415 martyre
3005 1355 3114 1409 tuo,
3146 1361 3241 1415 per
3266 1347 3378 1401 haec
3407 1357 3591 1402 contra
3620 1351 3802 1403 omnia

2222 1432 2446 1487 adversa
2477 1434 2793 1489 muniamnr.
2832 1436 2950 1489 Per.

2295 1540 2383 1578 νιιι
2413 1541 2533 1578 ΚΑΙ..
2568 1541 2867 1580 FEBRUABH.
2894 1537 3003 1565 -θ
3029 1542 3314 1582 εοκνεκειο
3342 1542 3527 1583 εΑΝετι
3549 1545 3725 1584 PAULI.

2304 1612 2454 1680 (157)
2506 1612 2644 1667 Deus
2690 1615 2777 1683 qui
2819 1616 3125 1670 universum
3168 1618 3421 1682 mundum
3470 1619 3607 1672 beati
3654 1619 3804 1674 Pauli

2228 1700 2453 1765 apostoli
2488 1702 2560 1754 tui
2596 1702 2972 1770 praedicatione
3002 1704 3250 1767 docuisti,
3284 1706 3353 1759 da
3390 1707 3564 1769 nobis,
3593 1722 3808 1775 quaesu-

2154 1809 2199 1868 Β
2230 1804 2369 1854 mus,
2422 1799 2475 1842 ut
2517 1791 2605 1859 qui
2648 1791 2764 1859 ejus
2796 1792 2953 1846 hodie
2984 1794 3399 1849 Couversiouem
3429 1795 3675 1861 colimus,
3711 1812 3809 1864 per

2233 1878 2350 1948 ejus
2377 1881 2441 1932 ad
2477 1889 2527 1934 te
2556 1882 2804 1950 exempla
2831 1882 3157 1951 gradiamur.
3186 1884 3303 1939 Per.

2295 1970 2461 2041 Super
2483 1973 2670 2025 oblata.
2696 2002 2768 2013 —
2796 1974 3035 2042 Apostoli
3071 1976 3145 2029 tui
3178 1976 3321 2030 Pauli
3367 1977 3639 2045 precibus,
3692 1978 3803 2033 Do-

2225 2061 2390 2128 mine,
2446 2062 2610 2130 plebis
2656 2072 2759 2116 tua:
2810 2064 2948 2117 dona
2989 2066 3297 2129 sanctifica,
3339 2077 3396 2119 ut
3440 2082 3558 2135 quae
3590 2069 3681 2122 tibi
3712 2078 3806 2123 tuo

2225 2160 2372 2222 grata
2415 2148 2539 2208 sunt
2566 2154 2827 2220 instituto,
2858 2155 3090 2225 gratiora
3122 2157 3248 2209 fiant
3277 2158 3572 2225 patrocinio
3596 2160 3805 2228 suppli-

2229 2245 2422 2299 cantis.
2457 2246 2558 2300 Per
2586 2246 2888 2300 Dominum.

2306 2332 2582 2401 Prwfatio.
2606 2364 2676 2375 —
2706 2334 2841 2390 Vere
2880 2335 3097 2405 dignum
3139 2344 3194 2390 et
3226 2336 3427 2405 justum
3458 2347 3561 2403 est,
3591 2352 3808 2408 aequum

2230 2428 2285 2475 et
2324 2423 2577 2492 salutare,
2610 2439 2706 2479 nos
2736 2425 2826 2493 tibi
2856 2440 3066 2495 semper
3093 2434 3149 2480 et
3176 2427 3369 2497 ubique
3394 2430 3591 2495 gratias
3614 2444 3801 2498 agere,

2234 2511 2460 2568 Domine
2484 2523 2689 2582 sancte,
2730 2513 2887 2570 Pater
2917 2516 3276 2584 omnipotens,
3307 2526 3505 2572 teterne
3548 2518 3685 2573 Deus
3710 2537 3725 2572 :
3751 2530 3813 2573 et

2234 2604 2560 2672 Majestatem
2612 2615 2754 2658 tuam
2799 2605 3109 2674 suppliciter
3138 2620 3384 2671 exorare,
3422 2616 3478 2660 ut
3516 2606 3812 2661 Ecclesiam

2233 2702 2397 2758 tuam,
2431 2692 2567 2747 beati
2598 2692 2750 2747 Pauli
2775 2696 3003 2762 apostoli
3036 2697 3108 2749 tui
3142 2696 3513 2764 pradicationc
3535 2699 3811 2764 eductam,

2233 2780 2380 2834 nulla
2428 2782 2573 2836 sinas
2614 2780 2821 2836 fallacia
2865 2784 3096 2849 violari;
3144 2794 3198 2839 et
3245 2784 3385 2838 sicut
3428 2785 3559 2838 nihil
3601 2786 3655 2838 in
3686 2801 3816 2841 vera

2232 2869 2488 2937 religione
2544 2886 2765 2925 manere
2811 2872 3123 2941 dinoscitur,
3178 2873 3329 2944 (l58)
3382 2876 3523 2941 quod
3554 2892 3659 2931 non
3696 2878 3819 2946 ejus

2233 2959 2494 3014 condierit
2541 2959 2837 3029 disciplina,
2874 2963 2943 3017 ita
2971 2965 3036 3017 ad
3067 2966 3363 3033 peragenda
3394 2982 3455 3021 ea
3485 2983 3603 3036 qua:
3633 2967 3820 3022 docuit

2236 3050 2354 3118 ejus
2381 3052 2603 3105 obtentu
2637 3054 2881 3108 fidelibus
2914 3055 3175 3110 tribuatur
3204 3056 3463 3126 efficacia,
3515 3059 3822 3128 sentiatque

2245 3143 2574 3198 credentium
2622 3148 2860 3211 gentium
2912 3147 3196 3201 multitudo
3248 3162 3371 3203 eum
3418 3164 3514 3217 pro
3561 3163 3621 3203 se
3675 3150 3821 3218 apud

2243 3244 2292 3287 te
2337 3237 2744 3288 intercessorem
2796 3250 2955 3303 quem
2996 3236 3193 3291 habere
3236 3238 3485 3306 cognovit
3508 3239 3821 3307 Magistrum

2240 3334 2398 3391 atque
2426 3323 2719 3378 doctorem.
2746 3323 2848 3379 Per
2875 3324 3139 3379 Christum
3176 3327 3452 3381 Dominum
3482 3337 3746 3381 nostrum.

2312 3412 2621 3468 Benedictio.
2650 3415 2886 3469 —Dcus
2936 3417 3023 3485 qui
3062 3417 3226 3483 gratia
3274 3431 3364 3470 sua
3424 3420 3634 3472 beatum
3682 3417 3825 3471 Pau-

2242 3501 2348 3555 lum
2379 3519 2445 3557 ex
2474 3514 2827 3573 persecutore
2857 3506 2977 3559 fecit
3000 3508 3321 3574 apostolum,
3353 3507 3465 3574 ipse
3492 3487 3640 3560 vobis
3670 3521 3826 3559 com-

2247 3600 2546 3666 punctionis
2596 3600 2806 3669 piaeque
2851 3600 3217 3654 conversionis
3276 3600 3518 3668 spiritum
3571 3600 3827 3667 dignetur

2246 3688 2543 3756 impertire.
2573 3692 2765 3743 Amen.
2798 3689 3001 3759 Quique
3047 3690 3094 3743 ei
3144 3699 3474 3743 secretorum
3519 3690 3828 3743 caelestium

2244 3779 2495 3849 mySteiia
2536 3779 2779 3847 dignatus
2816 3788 2900 3834 est
2930 3778 3195 3844 revelare,
3244 3779 3357 3845 ipse
3394 3778 3549 3832 vobis
3578 3779 3830 3846 Scriptu-

2248 3882 2426 3922 rarum
2465 3881 2677 3921 suarum
2723 3869 2900 3922 abdita
2946 3868 3193 3936 dignetur
3237 3869 3463 3937 aperire.
3512 3871 3704 3923 Amen.
3762 3870 3828 3923 lit

2246 3958 2336 4026 qui
2383 3956 2430 4011 ei
2482 3959 2933 4025 perseverantiam
2983 3957 3143 4023 fidei,
3195 3958 3300 4028 23
3357 3959 3833 4025 constantiamque

2248 4050 2299 4103 in
2350 4049 2817 4117 persecutionibus
2854 4048 3204 4103 inflexibilem
3249 4050 3379 4103 dare
3422 4049 3667 4118 dignatus
3714 4060 3832 4113 est,

2246 4138 2448 4195 eisdem
2495 4150 2726 4195 vestram
2769 4139 3133 4195 infirmitatem
3172 4141 3326 4193 donis
3371 4140 3626 4194 roborare
3662 4149 3834 4207 atque

2246 4231 2459 4286 munire
2513 4231 2781 4301 dignetur.
2825 4232 3015 4286 Amen.
3063 4230 3216 4297 Quod
3262 4228 3377 4298 ipse
3428 4238 3680 4298 prrcstare
3728 4229 3825 4282 di-

2248 4331 2456 4396 gnetur.

2320 4415 2400 4470 Ad
2421 4412 2811 4483 Complendum.
2843 4442 2913 4453 —
2938 4412 3223 4469 Sanctifica
3255 4424 3372 4478 nos,
3405 4411 3649 4477 Domine,
3676 4425 3835 4479 qure-

2251 4518 2456 4569 sumus,
2487 4502 2702 4556 salutari
2736 4503 3021 4574 mysterio;
3054 4511 3105 4555 et
3133 4516 3229 4570 pro
3260 4502 3412 4554 nobis
3441 4500 3556 4569 ejus
3589 4515 3695 4553 non
3724 4500 3835 4557 de-

2250 4600 2317 4652 sit
2363 4598 2559 4667 oratio,
2599 4596 2751 4665 cujus
2791 4612 2887 4651 nos
2925 4596 3133 4651 donasti
3181 4596 3475 4665 patrocinio
3512 4594 3835 4664 gubernari.

2247 4689 2348 4743 Per
2379 4689 2684 4743 Dominum.

2349 4802 2498 4875 (159)
2531 4816 2707 4857 sonent
2735 4816 2842 4856 ms.
2868 4829 2935 4840 ——
2954 4814 3173 4853 N.\TALIS
3202 4799 3226 4835 ά
3258 4814 3436 4853 stxcrt
3469 4812 3715 4852 PtttuEC‘l‘l

2888 4886 3164 4922 IlAltTYBlS.

2323 4980 2566 5048 Martyris
2594 4982 2669 5034 tui
2698 4980 2923 5049 Projccti
2958 4996 3074 5044 nos,
3104 4995 3426 5047 quzesnmus,
3466 4979 3709 5041 Domine,
3746 4980 3839 5032 in-

2250 5073 2509 5127 terveutio
2554 5072 2788 5142 gloriosa
2817 5071 3179 5135 commendet,
3216 5080 3271 5122 ut
3299 5070 3439 5138 quod
3470 5069 3667 5123 nostris
3693 5072 3840 5123 acti-

2322 5218 2342 5244 ο
2372 5207 2600 5261 Kalend.
2652 5207 2809 5260 Rom.
2848 5213 2900 5277 et
2926 5205 3059 5277 Cod.
3092 5206 3222 5277 Reg.
3253 5208 3409 5261 Suec.
3446 5207 3636 5261 festum
3682 5210 3838 5263 istud

2246 5280 2511 5331 nesciunt.
2558 5278 2682 5345 Ejus
2720 5275 2963 5330 meminit
3010 5277 3138 5330 Cod.
3179 5275 3416 5344 'Pamel.,
3466 5280 3557 5329 sed
3583 5279 3836 5333 adhibita

2246 5348 2559 5400 uncinorum
2593 5356 2736 5399 nota.
2786 5349 2920 5399 Ante
2955 5345 3125 5412 ipsum
3159 5347 3209 5398 in
3241 5347 3265 5399 1
3306 5348 3567 5401 Theoder.
3604 5348 3832 5415 p0nitnr

2244 5416 2436 5469 festum
2486 5425 2794 5469 sanctorum
2842 5415 3230 5486 Emerentianze
3268 5425 3320 5470 et
3366 5416 3578 5470 Macarii
3623 5429 3839 5486 many-

2247 5502 2383 5538 rmn.
2430 5486 2483 5539 In
2540 5485 2747 5540 Gemet.
2798 5485 2957 5538 nulla:
3006 5486 3092 5538 hic
3136 5489 3474 5553 assignantur
3514 5485 3838 5543 sanctorum

2248 5557 2469 5609 feSlH‘ilu
2481 5566 2579 5609 tes.

2318 5624 2342 5660 ά
2401 5626 2492 5679 Vel
2550 5626 2792 5695 Prejecti,
2838 5634 2891 5677 ut
2925 5624 3180 5695 exhibent
3234 5628 3439 5681 Tlteod.
3482 5630 3613 5683 Mss.
3659 5627 3843 5691 Hujus

2243 5700 2486 5752 'nartvris
2516 5712 2618 5751 non
2646 5694 2954 5751 meminere
3000 5694 3285 5753 Kalendar.
3342 5700 3495 5754 lium.
3552 5709 3643 5753 aut
3690 5698 3837 5755 Cod.
