4026 6300
197 366 264 424 ιδ
1415 372 1611 430 LIBER
1650 372 1870 428 SACliA
1880 376 2274 435 MENTORUM.
3403 391 3468 443 ιο

206 484 311 538 bus
347 497 461 535 non
504 495 820 550 meremur,
853 483 967 551 ejus
993 483 1240 554 precibus
1266 495 1668 551 consequamur.
1700 483 1800 537 Per
1829 490 1873 544 Α
1902 500 1953 538 tv
1980 501 2143 543 anius
2200 504 2496 546 FEBRUARII.
2528 520 2589 531 —
2620 490 2767 563 (163)
2820 510 3144 551 mmmam,
3186 494 3211 530 υ
3256 510 3467 552 ἣκετε

214 571 529 629 Dominum.

298 662 468 731 Super
488 662 680 715 oblata.
701 660 1039 735 --.Suscipe,
1066 660 1309 726 Domine,
1331 659 1586 730 propitius
1608 661 1804 715 oratio.

226 768 351 808 nem
397 760 631 805 nostram
663 766 789 805 cum
830 751 1187 806 oblationibus
1223 749 1515 804 hostiarum
1545 763 1804 819 superim-

230 844 435 913 positis,
479 850 536 896 et
575 841 833 909 martyris
882 842 957 894 tui
1007 840 1236 909 Proiecti
1276 838 1649 908 deprecatione
1696 839 1804 907 pie-

228 935 322 987 tati
349 941 453 985 tute
474 931 677 999 perfice
699 930 966 1000 benignus
987 938 1251 999 acceptas,
1269 938 1321 983 et
1348 930 1489 983 illam
1513 944 1629 998 qua:
1659 930 1711 981 in
1740 943 1805 983 eo

186 1070 193 1105 ὅ
226 1018 468 1093 flagravit
490 1021 684 1078 fortem
704 1021 1049 1095 dilectioncy)
1074 1024 1124 1076 in
1150 1022 1301 1077 nobis
1323 1022 1500 1090 aspira
1522 1022 1800 1093 benignus.

224 1114 354 1171 Per.

305 1205 571 1273 Prtrfstio.
610 1226 682 1246 -ι-
711 1203 850 1259 Vere
894 1203 1109 1272 dignum
1139 1208 1193 1257 et
1223 1202 1422 1271 justum
1453 1209 1565 1266 est,
1594 1216 1802 1271 azquum

130 1316 135 1323 ν
222 1303 288 1350 et
320 1297 570 1360 salutare,
604 1309 703 1350 nos
732 1294 828 1348 tibi
856 1305 1068 1362 semper
1092 1300 1148 1346 et
1176 1292 1372 1359 ubique
1397 1293 1594 1360 gratias
1617 1305 1800 1360 agere,

224 1387 457 1441 Domine
506 1394 726 1449 sancte,
773 1384 931 1437 Pater
977 1384 1329 1449 omnipotens,
1387 1390 1585 1436 aeterne
1615 1382 1791 1436 Deus:

218 1484 279 1527 et
311 1485 457 1527 tuam
487 1471 908 1526 misericordiam
938 1470 1212 1538 deprecari
1236 1479 1289 1523 ut
1317 1469 1583 1523 mentibus
1608 1470 1803 1523 nostris

222 1566 364 1619 beati
408 1563 659 1632 martyris
697 1561 771 1616 tui
814 1560 1037 1628 Projecti
1082 1558 1229 1628 (160)
1282 1558 1505 1625 repetita
1550 1558 1804 1612 solemni-

221 1664 334 1709 tate
390 1652 645 1720 spiritalis
701 1651 898 1705 laatitia:
945 1650 1141 1703 tribuas
1205 1649 1401 1717 iugiter
1464 1648 1799 1701 suavitatem.

220 1744 375 1813 (161)
420 1741 800 1809 Concedasque
849 1739 1019 1802 nobis,
1076 1747 1151 1801 ut,
1193 1736 1494 1791 venerando
1545 1738 1803 1804 passionis

220 1840 343 1904 ejus
368 1834 716 1903 triumphum,
744 1833 961 1887 obtentu
984 1833 1145 1897 illius,
1167 1839 1223 1886 et
1259 1840 1592 1899 peccatorum
1619 1831 1805 1885 remis-

222 1931 461 1991 sionem,
487 1936 539 1981 et
559 1935 865 1980 sanctorum
892 1938 1189 1978 mereamur
1209 1921 1430 1990 adipisci
1453 1921 1798 1975 consortium.

222 2018 332 2073 Per
360 2016 627 2071 Christum
658 2014 961 2069 Dominum.

292 2110 379 2161 Ad
424 2107 807 2177 Complendum.
846 2132 915 2145 -—-
957 2104 1163 2170 Votiva,
1214 2103 1457 2168 Domine,
1514 2117 1606 2170 pro
1668 2103 1802 2156 bcati

216 2197 481 2255 martvris
530 2197 604 2250 tui
654 2196 885 2263 Projecu
941 2196 1185 2263 passione
1237 2192 1375 2247 dona
1426 2192 1800 2261 percepimus:

228 2303 542 2357 quaesumus
565 2327 581 2353 ,
626 2297 682 2341 ut
727 2286 843 2355 cjus
873 2285 1140 2354 precibus,
1172 2294 1223 2337 ct
1254 2282 1532 2352 prmsentis
1556 2281 1677 2334 vita:
1703 2296 1802 2336 no-

224 2381 309 2433 bis
355 2379 559 2449 pariter
593 2385 650 2433 et
691 2386 905 2432 mternze
943 2377 1142 2431 tribuas
1179 2375 1419 2429 conferre
1461 2371 1792 2441 praesidium.

222 2473 344 2526 Per.

326 2578 356 2617 ν
382 2578 512 2619 ω.
544 2575 850 2616 ΙἚΒΒΠᾹΒΗ.
873 2588 942 2599 -
970 2572 1191 2612 NATALIS
1219 2571 1434 2611 SANCTE
1457 2566 1694 2610 AGNETIS.

222 2676 251 2695 κο
699 2650 777 2705 De
804 2659 830 2685 ³
862 2650 914 2703 Ν
920 2650 1144 2702 ativitate
1166 2647 1337 2718 (16:2).

288 2747 452 2810 Deus,
486 2744 576 2815 qui
606 2759 705 2799 nos
734 2757 909 2796 annua
951 2743 1116 2795 beatae
1158 2740 1377 2808 Agnetis
1412 2739 1665 2808 martyris
1699 2747 1800 2790 tua:

218 2835 569 2890 solemnitate
612 2833 874 2897 laetiﬁcas,
905 2831 992 2897 da,
1020 2842 1345 2898 quaesumus,
1377 2836 1616 2897 utquam
1645 2840 1803 2881 vene-

226 2940 409 2979 ramur
432 2924 634 2987 ofﬁcio,
684 2922 845 2978 etiam
898 2921 998 2989 piae
1050 2916 1471 2973 conversationis
1517 2930 1802 2986 sequamur

219 3014 485 3084 exemplo.
515 3014 640 3068 Per.

297 3105 467 3173 Super
481 3102 827 3158 oblata.——Su
837 3117 929 3171 per
948 3101 1065 3166 bas,
1089 3112 1413 3169 qumsumus,
1437 3097 1680 3163 Domine,
1701 3096 1798 3149 lto-

2458 576 2632 616 IIARIB
2670 579 2912 619 VIRGINIS.

1977 647 2128 725 (164)
2158 648 2239 702 Ad
2268 649 2563 704 Collectam.
2595 682 2663 692 —
2684 654 2838 723 (165)
2867 663 2891 692 ε
2912 654 3094 718 Erudi‘,
3142 670 3464 724 qumsumus,

1914 734 2157 802 Domine,
2182 740 2390 806 plebem
2422 750 2586 808 tuam,
2610 751 2666 797 et
2686 758 2804 811 qua:
2821 744 3147 799 extrinsecus
3172 759 3343 799 annua
3365 754 3400 798 tt
3416 745 3463 798 i-

1906 825 2023 879 bnis
2051 827 2335 882 devotione
2364 831 2625 897 venerari,
2668 833 2885 887 interius
2915 834 3125 901 assequi
3155 833 3336 902 gratia
3362 843 3465 889 tua:

1906 915 2021 968 luce
2041 916 2294 971 concede.
2320 917 2441 971 Per.

1975 1005 2054 1057 Ad
2084 1005 2140 1058 Η
2145 1007 2318 1059 issam.
2343 1035 2413 1046 —-
2438 1006 2787 1074 Omnipotens
2812 1011 3137 1078 sempiterna
3163 1010 3323 1075 Deus,
3354 1013 3461 1067 Ma-

1897 1095 2147 1164 jestatem
2188 1105 2333 1152 tuam
2376 1098 2640 1167 supplices
2668 1113 2975 1164 exoramus,
3008 1110 3065 1156 ut
3099 1102 3236 1157 sicut
3264 1103 3459 1171 Unigeo

1903 1187 2046 1240 nitus
2085 1187 2249 1241 Filius
2286 1197 2405 1252 tuus
2444 1186 2699 1241 hodierna
2745 1189 2830 1243 die
2875 1204 2994 1243 cum
3041 1199 3237 1245 nostra:
3286 1193 3462 1246 carnis

1902 1276 2193 1330 substantia
2225 1277 2278 1330 in
2324 1278 2518 1345 templo
2547 1286 2629 1331 est
2659 1286 3031 1346 prmsentatus,
3072 1280 3143 1333 ita
3184 1295 3281 1335 nos
3305 1279 3465 1336 facias

1905 1366 2193 1433 pztriticatis
2241 1367 2333 1421 tibi
2378 1368 2644 1423 mentibus
2690 1370 3021 1437 praesentari.
3070 1370 3170 1424 Per
3217 1374 3461 1426 eumdem

1906 1455 2205 1511 Dominum.

1974 1548 2145 1615 Super
2201 1548 2391 1602 oblata.
2436 1578 2504 1588 —
2543 1549 2771 1615 Exaudi,
2826 1549 3068 1613 Domtne,
3125 1565 3309 1618 preces
3367 1566 3467 1604 no-

1902 1646 2074 1700 stras;
2108 1648 2183 1703 et,
2217 1644 2271 1689 ut
2296 1636 2450 1705 digna
2481 1637 2589 1691 sint
2611 1652 2825 1691 munera
2865 1654 2982 1705 qua:
3024 1639 3192 1693 oculis
3222 1648 3323 1692 tua:
3357 1640 3464 1692 Ma-

1902 1722 2105 1790 iestatis
2135 1722 2430 1788 offerimus,
2472 1724 2767 1779 subsidium
2797 1726 2949 1780 nobis
2981 1736 3082 1780 tua:
3114 1726 3328 1796 pietatis
3360 1728 3460 1781 iut-

1843 1833 1878 1887 μ
1910 1811 2100 1876 pende.
2135 1812 2255 1867 Per.

1978 1898 2243 1969 Praefatio.
2277 1932 2346 1944 —
2374 1903 2508 1958 Vere
2555 1904 2769 1975 dignum
2810 1913 2865 1958 et
2901 1904 3103 1973 justum
3130 1917 3231 1971 est,
3262 1921 3468 1975 mquam

1906 1999 1957 2042 et
1984 1990 2235 2057 salutare,
2270 2007 2366 2046 nos
2399 1994 2489 2048 tibi
2522 2009 2734 2063 semper
2761 2005 2813 2050 et
2845 1997 3037 2065 ubique
3059 1997 3258 2066 gratias
3287 2013 3464 2067 agere,

1909 2079 2129 2136 Domine
2167 2095 2374 2148 sancte,
2430 2084 2586 2139 Pater
2632 2086 2989 2155 omnipotens,
3040 2100 3238 2141 aeterne
3290 2087 3468 2142 Deus:

1904 2171 2026 2237 quia
2068 2185 2164 2240 per
2213 2174 2468 2228 incantati
2519 2174 2678 2229 Verbi
2735 2176 3043 2244 mysterium
3097 2192 3232 2230 nova
3278 2178 3469 2231 mentis

1906 2269 2103 2315 nostra;
2148 2263 2317 2316 oculis
2361 2265 2448 2317 lux
2502 2274 2606 2318 ture
2654 2266 2910 2321 claritatis
2960 2266 3173 2333 effulsit,
3236 2277 3292 2320 ut
3341 2269 3465 2322 dum

1906 2347 2181 2404 visibiliter
2220 2351 2383 2405 Deum
2412 2353 2801 2421 cognoscimus,
2836 2369 2929 2423 per
2956 2354 3097 2408 hunc
3124 2355 3463 2410 invisibilium

1852 2512 1859 2518 .
1905 2451 2089 2497 amore
2130 2440 2416 2510 rapiamur.
2461 2441 2531 2495 Et
2576 2442 2697 2497 ideo
2727 2456 2848 2496 cum
2896 2445 3098 2509 angelis
3142 2456 3195 2497 ct
3244 2444 3468 2498 archan-

1976 2623 2757 2693 Benedictio.—Omnlpotens
2810 2624 2945 2678 Deus
2991 2624 3080 2692 qui
3136 2623 3468 2693 Unigcuttum

1905 2730 2059 2769 suum
2094 2714 2349 2769 hodierna
2384 2714 2470 2767 die
2498 2715 2548 2766 in
2581 2724 2846 2779 assumpta
2884 2727 3042 2767 carne
3073 2715 3122 2766 in
3156 2715 3349 2781 templo
3379 2731 3468 2766 vo-

1908 2806 2003 2860 luit
2032 2804 2359 2873 prtesentari,
2393 2802 2773 2857 benedictionis
2800 2817 2910 2856 sua:
2940 2816 3034 2856 vos
3063 2817 3282 2856 munere
3312 2803 3469 2857 fultos

1904 2896 2059 2950 bonis
2101 2894 2351 2962 operibus
2396 2893 2552 2945 faciat
2592 2890 2858 2945 exornari.
2904 2892 3094 2945 Amen.
3123 2890 3188 2944 Et
3212 2900 3297 2958 qut
3327 2908 3468 2954 cum,

1906 2995 1961 3039 nt
1991 2987 2159 3053 legem
2182 2982 2513 3047 adimpleret,
2541 2980 2687 3050 (166)
2721 2981 3017 3033 ministrum
3044 2979 3213 3033 voluit
3238 2978 3374 3033 effici
3396 2980 3469 3033 lc-

1903 3078 2004 3145 gis,
2030 3077 2135 3146 25
2159 3084 2361 3129 mentes
2377 3082 2583 3127 vestras
2603 3072 2831 3125 instruat
2850 3070 2980 3139 legis
3009 3085 3120 3123 sua:
3148 3069 3471 3139 spiritalibus

226 3199 355 3250 st'tas
376 3160 705 3249 'henedietio
746 3160 962 3262 copiosa
1003 3160 1310 3252 descendat,
1341 3160 1457 3255 quae
1487 3194 1540 3240 ct
1565 3160 1799 3241 sanctifi-

1903 3167 2254 3223 documentis.
2286 3168 2474 3221 Amen.
2503 3165 2618 3232 Quo
2647 3164 2696 3217 ei
2729 3171 2783 3216 et
2813 3176 2906 3231 pro
2938 3162 3229 3215 turturibus
3258 3160 3473 3214 castita-

224 3287 487 3341 cationem
525 3285 683 3339 nobis
713 3284 1001 3338 clementer
1026 3287 1296 3350 operetur,
1327 3286 1381 3333 et
1405 3278 1471 3333 de
1502 3286 1792 3347 martyrum

227 3393 323 3433 nos
346 3377 693 3432 solemnitate
722 3376 971 3429 laetificat.
1004 3373 1126 3428 Per.

297 3466 401 3537 24,
415 3464 692 3534 Praefatio.
707 3463 916 3518 —Vcre
932 3462 1144 3531 dignum
1164 3471 1209 3514 et
1231 3460 1433 3529 justum
1456 3466 1558 3526 est,
1580 3473 1792 3527 aequum

223 3570 279 3613 et
303 3559 556 3622 salutare,
588 3571 688 3611 nos
718 3556 811 3609 tibi
841 3569 1053 3622 semper
1078 3562 1131 3606 et
1167 3552 1359 3620 ubique
1389 3550 1587 3619 gratias
1614 3563 1788 3618 agere,

223 3647 451 3703 Domine
499 3656 708 3712 sancte,
758 3643 935 3699 Pater'
963 3644 1323 3711 omnipotens,
1370 3651 1569 3695 atterne
1617 3641 1792 3707 Deus,

222 3741 388 3795 beatae
427 3739 649 3809 Agnetis
682 3736 922 3791 natalitia
965 3734 1320 3805 geminantes.
1352 3733 1490 3788 Vere
1518 3731 1659 3787 enim
1694 3734 1791 3785 ltu-

222 3834 311 3901 jus
334 3831 675 3886 honorandus
699 3838 782 3883 est
801 3828 937 3891 dies,
969 3840 1087 3895 quae
1116 3825 1192 3879 sic
1213 3833 1423 3878 terrena
1450 3824 1794 3892 generatione

227 3923 510 3990 processit,
539 3931 593 3975 ut
612 3920 679 3975 ad
700 3918 990 3974 divinitatis
1014 3915 1336 3971 consortium
1361 3915 1677 3983 perveniret.
1692 3913 1794 3977 Per

223 4012 515 4066 Christum.

295 4103 372 4154 Ad
417 4099 816 4169 Comptendum.
852 4095 1301 4164 —Sumpsimus,
1350 4094 1600 4157 Domine,
1648 4092 1793 4147 cele-

223 4192 431 4247 hritatts
452 4206 644 4246 annuae
663 4190 839 4244 votiva
860 4195 1212 4251 sacramenta;
1237 4194 1448 4255 praesta,
1467 4197 1792 4252 quaesumus,

222 4291 285 4338 ut
306 4294 359 4337 et
412 4282 726 4351 temporalis
780 4280 932 4335 nobis
979 4288 1101 4333 vita:
1146 4276 1377 4332 remedia
1426 4274 1698 4345 praebeant
1741 4283 1796 4329 et

224 4383 462 4431 aeternae.
492 4372 614 4426 Per.

300 4464 464 4533 Super
485 4464 754 4533 paputum.
778 4491 836 4501 -
854 4461 1052 4516 Adesto
1075 4459 1250 4523 nobis,
1271 4456 1606 4525 omnipotens
1628 4455 1789 4523 Deus,

225 4532 397 4609 beatae
439 4532 663 4622 Agnetis
709 4552 842 4608 festa
887 4550 1282 4619 repetentibus,
1314 4561 1493 4615 quam,
1525 4545 1797 4600 hodierna:
1825 4532 1877 4593 Ῑ)

225 4645 533 4700 festivitatis
554 4642 815 4713 prolatam
846 4648 1057 4707 exortu,
1086 4637 1345 4695 ineffabili
1376 4651 1594 4692 munere
1620 4637 1799 4693 suble-

223 4733 377 4789 vasti.
408 4733 533 4787 Per.

226 4869 430 4923 Pamel.
474 4874 533 4922 et
565 4866 698 4935 Reg.
730 4864 891 4920 Suec.
928 4863 984 4917 In
1018 4862 1157 4917 Edit.
1190 4860 1360 4915 Vatic.
1395 4867 1449 4913 et
1469 4857 1536 4913 al.
1570 4858 1709 4914 illius
1739 4858 1800 4914 fit

225 4941 447 4994 mentio.
842 4945 848 4951 ’

302 5017 325 5042 ι
362 5010 435 5061 Ita
466 5006 517 5059 in
549 5003 772 5059 Kalend.
806 5002 958 5056 lium.
995 5002 1107 5056 lloc
1133 5002 1322 5055 festum
1351 4998 1403 5052 in
1427 4996 1561 5053 Cod.
1592 4997 1794 5054 Pamel.

224 5086 438 5131 notatur
466 5075 558 5129 die
586 5075 653 5125 27
687 5072 946 5136 Januarii,
975 5081 1031 5126 et
1055 5071 1142 5126 die
1164 5068 1257 5136 28,
1289 5078 1396 5123 tum
1420 5068 1473 5121 in
1495 5067 1626 5122 Cod.
1660 5068 1792 5138 Reg.

221 5146 408 5211 Suec.,
440 5155 550 5199 tum
578 5144 632 5197 in
662 5142 885 5211 Kalend.
912 5142 1068 5211 Rom.

294 5215 322 5253 δ
350 5205 405 5269 In
434 5213 647 5270 duobus
675 5210 966 5275 Tlteoder.,
1013 5208 1288 5279 Ypapanti,
1318 5205 1471 5279 ηειρὰ
1490 5206 1567 5279 _in
1615 5205 1796 5279 multis

219 5285 340 5340 aliis
368 5282 656 5340 Codicibus
697 5281 908 5348 legitur.
956 5274 1134 5332 Abest
1167 5291 1207 5348 ag
1235 5274 1457 5348 Kalend.
1489 5275 1669 5348 Rom.,
1702 5274 1792 5328 ubi

218 5364 425 5410 tantum
454 5354 685 5408 habetur
709 5368 724 5406 :
751 5344 886 5402 Hie?
914 5346 1236 5420 (Februarii)
1266 5344 1792 5420 secundumfaucam.

220 5424 510 5491 Postquam
571 5420 727 5490 itnpl.
781 5433 864 5484 c.,
919 5414 1119 5486 usque,
1182 5415 1405 5486 gloriam
1461 5414 1629 5481 plebis
1693 5423 1798 5468 tute

220 5494 402 5616 [ﬂre]:
437 5562 583 5616 Edit.
625 5559 799 5614 Vatic.
845 5566 900 5614 et
937 5554 1239 5612 Gussanvil.
1276 5557 1390 5609 haec
1417 5553 1598 5607 Oratio
1625 5551 1800 5605 adhuc

220 5634 452 5701 pertinet
482 5633 551 5686 ad
582 5630 820 5686 cilicium
845 5639 1044 5685 sancta:
1072 5626 1323 5696 Agnetis;
1346 5622 1485 5695 quod
1510 5623 1629 5678 aliis
1659 5622 1791 5675 Cod.

1906 3258 1972 3312 tis
1994 3274 2087 3313 seu
2110 3257 2387 3312 cltaritatis
2415 3268 2633 3309 munera
2654 3252 2848 3308 offerre
2878 3252 3116 3316 valeatis,
3159 3260 3213 3306 et
3239 3266 3335 3321 pro
3357 3253 3470 3321 pul-

1902 3350 1975 3403 lis
2026 3346 2389 3402 columbarum
2444 3342 2671 3410 Spiritus
2720 3342 2888 3397 sancti
2935 3341 3089 3396 donis
3140 3342 3465 3400 exuberctis.

1898 3443 2093 3496 Amen.
2127 3438 2275 3504 Quod
2302 3437 2435 3506 ipse.

1967 3532 2047 3586 Ad
2075 3529 2537 3601 Comptendum.—
2559 3528 2893 3594 Qua‘sutnus,
2922 3525 3145 3580 Domine
3175 3525 3313 3579 Deus
3340 3540 3466 3579 nos-

1898 3634 2002 3689 ter,
2046 3633 2102 3677 ut
2144 3628 2481 3677 sacrosancta
2510 3619 2780 3687 mysteria,
2823 3633 2941 3687 que
2972 3632 3068 3685 pro
3105 3615 3453 3685 reprrationis

1896 3725 2095 3770 nostrae
2116 3712 2411 3768 munimine
2436 3710 2724 3772 contulisti,
2753 3707 3111 3763 intercedente
3141 3708 3288 3759 beata
3315 3718 3458 3759 sem-

1897 3822 1990 3877 per
2017 3806 2217 3879 virgine
2242 3804 2426 3869 Maria,
2456 3809 2513 3855 et
2554 3812 2786 3869 prteseus
2818 3797 2966 3852 nobis
3019 3796 3306 3851 remedium
3345 3809 3466 3850 esse

1895 3898 2059 3953 facias
2087 3906 2140 3951 et
2180 3895 2436 3949 futurum.
2467 3894 2587 3947 l’er.

1966 3986 2385 4043 Alia.-Perflce
2413 3984 2466 4038 in
2502 3983 2655 4037 nobis
2674 4025 2689 4046 ,
2719 3994 3043 4049 quaesumus.
3070 3979 3314 4045 Domine,
3342 3991 3466 4047 gra-

1896 4078 2020 4132 tiam
2086 4085 2251 4141 tuam,
2319 4074 2413 4143 qui
2480 4072 2610 4140 justi
2684 4068 2949 4125 Simeouis
3020 4077 3466 4137 exspectationem

1895 4168 2148 4237 implesti,
2181 4176 2237 4220 ut
2278 4165 2415 4219 sicut
2452 4163 2543 4217 ille
2593 4172 2815 4216 mortem
2848 4176 2952 4213 non
2996 4159 3124 4212 vidit
3167 4161 3469 4228 priusquam

1894 4260 2164 4315 Christum
2220 4255 2498 4310 Dominum
2559 4252 2738 4305 videre
2803 4259 3120 4315 mereretur,
3171 4259 3241 4303 tta
3286 4258 3341 4305 et
3379 4264 3474 4304 nos
3529 4301 3531 4303 ,

1896 4353 2059 4407 vitam
2088 4347 2423 4403 obtineamus
2444 4352 2722 4399 aeternam.
2756 4342 2874 4397 Per.

1968 4473 2118 4516 N0le
2155 4469 2437 4513 εεηιιυλκιι
2486 4482 2556 4493 -
2609 4466 2831 4506 ΝΑτΑιιε
2871 4448 2895 4487 d
2935 4463 3144 4505 εΑΝοτε
3183 4463 3404 4504 ΔΕΔΤΙΙΕ

2550 4536 2827 4578 κλκτγιιιε.

1978 4640 2121 4695 Deus
2174 4636 2265 4707 qui
2316 4635 2451 4690 inter
2499 4641 2692 4688 eaztera
2734 4628 2983 4699 potentia:
3051 4636 3153 4682 tua:
3197 4628 3468 4692 miracula,

1906 4732 2064 4787 etiam
2106 4729 2159 4783 in
2198 4741 2329 4783 sexu
2374 4723 2541 4793 fragili
2586 4721 2859 4778 victoriam
2900 4719 3136 4790 martyrii
3158 4721 3436 4801 {contulisti
3461 4762 3474 4781 ,

1908 4876 2014 4932 tam
2046 4862 2214 4917 Editis
2240 4876 2398 4932 quam
2442 4875 2601 4932 manu
2640 4858 2872 4932 exaratis
2911 4854 3233 4932 contrarium
3271 4861 3373 4932 est.
3418 4855 3473 4907 ln

1903 4931 2040 4987 Clid.
2075 4923 2275 4987 Pamel'.
2323 4930 2614 5000 praefigitur
2638 4945 2652 4984 :
2679 4928 2846 5000 oratio
2873 4925 2942 4977 ad
2967 4923 3241 5000 collectam
3269 4925 3338 5000 ad
3359 4940 3476 5000 £a_n-

1905 5012 2041 5055 clum
2077 4992 2381 5054 Adrianuin.
2427 4992 2503 5053 Et
2523 5006 2644 5067 post
2671 4997 2979 5067 Orationem
3002 4992 3194 5056 legitur
3218 5008 3232 5044 :
3255 4992 3324 5067 _ad
3352 4993 3473 5067 niis-

1903 5088 2012 5124 sam
2032 5071 2100 5124 ad
2128 5078 2359 5123 sanctam
2390 5059 2539 5139 Μρνξ
2561 5066 2834 5139 Μαίονερι.
2878 5060 3019 5139 Ideni
3049 5062 3305 5139 exstat_in
3334 5059 3471 5139 duo-

1905 5140 2001 5194 bus
2030 5139 2233 5193 Tlteod.
2263 5147 2318 5192 et
2349 5139 2401 5192 in
2428 5135 2561 5191 Cod.
2596 5128 2726 5202 Rég.
2757 5132 2940 5202 Suec.,
2968 5129 3069 5202 nisi
3100 5129 3242 5202 quod
3271 5130 3320 5181 in
3345 5128 3469 5202 ist_o,

1904 5224 2001 5276 pro
2030 5208 2098 5261 ad
2128 5210 2353 5274 ntissam,
2404 5207 2567 5259 habes
2602 5197 2783 5276 Missa.
2815 5200 2870 5252 In
2903 5198 3079 5250 multis
3106 5197 3351 5276 God.,_ut
3378 5197 3473 5276 ob-

1900 5265 2078 5333 aervat
2116 5265 2351 5338 Pamel.,'
2372 5282 2453 5327 est
2485 5270 2787 5325 Benedictio
2814 5280 3112 5322 cereorum.
3165 5268 3219 5319 In
3264 5265 3470 5338 Themi.

1902 5355 2156 5401 notantur
2216 5334 2395 5397 multa:
2466 5339 2824 5407 Antipltonaz,
2898 5337 3193 5405 praesertim
3266 5334 3477 5388 Adortus

1904 5417 2076 5538 [Mittin
2098 5481 2275 5536 officio
2309 5490 2504 5533 sanctae
2536 5477 2755 5546 Agathze
2777 5476 2999 5533 multum
3028 5475 3297 5547 discrepat
3328 5473 3470 5529 Edit.

1910 5554 2109 5610 Pamcl.
2147 5567 2177 5606 a
2197 5550 2331 5607 Cod.
2361 5550 2488 5617 Reg.
2521 5547 2679 5605 Suec.
