4026 6298
566 338 631 393 ΓΙ
1727 326 1965 383 SANCTI
2006 324 2130 380 διιε

2244 322 2331 378 Rll
2372 320 2583 376 MAGNI

3732 319 3823 373 ιφ

554 453 787 509 concede
838 451 1091 523 prOpitins
1142 460 1197 503 ut
1250 448 1397 516 cujus
1447 444 1679 496 natalitia
1733 442 1984 506 colimus,
2028 453 2121 507 per
2152 442 2198 497 Α
2300 436 2377 488 Ad
2420 430 3046 503 Complendum.—Quos
3096 430 3273 485 tantis.
3320 429 3534 483 Domine
3611 430 3820 499 largiris

549 543 665 613 ejus
694 543 759 596 ad
790 554 839 596 te
869 542 1103 606 exempla
1133 538 1453 607 gradiamur.
1490 533 1586 584 Per
1622 532 1922 584 Dominum.

620 634 789 699 Super
836 626 1385 692 ouum—Suscipe,
1441 620 1691 683 nomine,
1736 633 1953 672 munera
2003 630 2121 684 qua:

550 726 601 777 in
633 724 796 776 beata:
833 720 1053 788 Agathre
1106 716 1351 783 martyris
1397 722 1498 765 tua:
1546 709 1885 763 solemnitate
1917 706 2112 760 deferi-

552 832 694 881 mus,
744 813 893 880 cujus
942 824 1038 862 nos
1083 802 1398 857 ronﬁdimus
1428 800 1721 869 patrocinio
1752 796 1985 851 liberari.
2019 793 2127 848 Per

549 908 826 963 Dominum
859 906 1120 952 nostrum.

618 991 887 1057 Pra'fatio.
913 984 1142 1038 —\'ere
1185 982 1401 1050 dignum
1450 987 1505 1033 ct
1542 986 1741 1047 justum
1781 984 1880 1038 est,
1914 987 2124 1041 aequum

546 1098 599 1144 et
628 1086 880 1140 salutare.
914 1096 1009 1135 nos
1043 1078 1138 1133 tibi
1171 1090 1384 1141 semper
1414 1081 1467 1126 et
1494 1072 1685 1139 ubique
1715 1068 1912 1136 gratias
1945 1080 2124 1132 agere,

550 1174 773 1232 Domine
803 1180 1008 1237 sancte,
1036 1170 1192 1223 Pater
1222 1165 1582 1233 omnipotens,
1613 1172 1811 1212 :eterne
1843 1158 2001 1220 Deus,
2034 1168 2122 1221 per

546 1266 813 1323 Christum
864 1262 1141 1318 Dominum
1192 1265 1428 1311 nostrum
1465 1274 1479 1309 :
1515 1268 1607 1318 pro
1681 1249 1834 1317 cujus
1914 1246 2130 1299 nomine

547 1359 689 1429 (167
718 1361 735 1425 )
766 1368 1043 1425 poenarum
1089 1350 1381 1417 mortisque
1425 1350 1786 1409 contemptum
1820 1341 1871 1392 in
1904 1348 2127 1406 utroque

550 1462 683 1504 sexu
731 1445 965 1499 ﬁdelium
1014 1440 1220 1495 cunctis
1267 1436 1510 1491 mtatiltus
1558 1432 1859 1495 contulisti,
1892 1438 1951 1481 ut
1992 1429 2129 1481 inter

554 1535 787 1589 felicium
838 1539 1128 1598 martyrum
1178 1526 1379 1595 palmas
1408 1523 1550 1593 (168
1580 1522 1597 1588 )
1628 1519 1870 1589 Agathen
1914 1531 2124 1586 quoque

557 1623 919 1680 beatissimam
949 1618 1211 1685 virginem
1261 1612 1466 1668 victrici
1514 1611 1765 1679 patientia
1822 1620 2127 1661 coronares.

548 1720 675 1783 Quae
705 1731 803 1771 nec
841 1715 996 1768 minis
1041 1718 1246 1774 territa,
1296 1721 1394 1762 nec
1443 1704 1718 1773 suppliciis
1757 1709 2030 1770 superata,
2062 1700 2130 1753 de

2239 528 2309 578 uti
2347 526 2633 594 mysteriis,
2667 538 2969 592 quzesumus
2997 532 3053 575 ut
3082 522 3358 577 effectibus
3387 537 3482 576 nos
3512 538 3692 576 eorum
3721 539 3819 579 vc-

2238 617 2429 668 rnciter
2460 626 2641 682 aptare
2667 615 2920 683 digneris.
2954 615 3071 668 Per.

2305 707 2473 772 Super
2516 705 2879 775 populum.——
2910 704 3077 770 Ad~it,
3162 703 3414 765 Domine,
3482 715 3821 770 quaesumus,

2231 797 2537 864 prupitiatio
2585 806 2671 850 tua
2709 799 2902 866 populo
2932 799 3273 866 supplicanti,
3305 808 3359 850 ut
3400 797 3539 866 quod
3573 805 3622 850 te
3652 797 3821 863 inspi-

2224 900 2379 944 rante
2415 889 2640 943 ﬁdeliter
2666 891 2895 958 expetit,
2927 898 3011 943 tua
3042 890 3202 944 celeri
3254 888 3495 958 largitate
3540 887 3820 956 percipiat.

2234 978 2335 1032 Per
2364 979 2641 1032 Dominum
2669 989 2930 1033 nostrum.

2566 1086 2817 1124 DOIINICA
2859 1085 2907 1122 IV
2950 1085 3075 1123 POST
3100 1084 3495 1123 τΠΕΟΡιΙᾹΝΙΛΜ.

2312 1157 2454 1210 Deus
2505 1156 2593 1224 qui
2625 1172 2721 1211 nos
2767 1158 2818 1211 iu
2868 1160 3029 1211 tantis
3076 1158 3323 1226 periculis
3362 1159 3677 1213 conStitutos
3720 1172 3820 1227 pro

2229 1247 2454 1301 humana
2481 1249 2584 1301 seis
2614 1248 2894 1317 fragilitate
2916 1266 3018 1302 non
3050 1264 3204 1318 posse
3232 1249 3541 1316 subsistere,
3572 1250 3639 1303 da
3664 1250 3819 1303 nubis

2228 1339 2449 1392 salutem
2502 1338 2691 1391 mentis
2716 1347 2771 1393 et
2796 1340 3063 1408 corporis,
3099 1347 3156 1393 ut
3185 1355 3244 1393 ea
3272 1354 3391 1408 quze
3437 1355 3532 1407 pro
3578 1340 3815 1408 peccatis

2230 1428 2426 1482 nostris
2458 1429 2704 1496 patimur,
2738 1439 2790 1483 te
2816 1430 3117 1497 adjuvante,
3146 1430 3434 1483 vincamus.
3469 1430 3591 1483 Per.

2302 1517 2465 1577 Super
2494 1518 2689 1572 oblata.
2710 1546 2781 1557 --
2802 1518 3066 1583 Concede,
3101 1533 3429 1583 quaesumus,
3476 1519 3817 1585 omnipotens

2234 1609 2394 1675 Deus,
2428 1618 2483 1661 ut
2513 1608 2667 1673 hujus
2699 1609 2873 1662 sacr'ﬁ
2910 1610 2944 1661 ii
2989 1624 3178 1662 munus
3207 1611 3437 1662 oblatum
3476 1609 3813 1678 fragilitatem

2233 1707 2470 1750 nostram
2520 1697 2587 1752 ab
2627 1699 2771 1751 omni
2837 1699 2976 1751 malo
3020 1708 3203 1766 pu-get
3241 1712 3453 1767 semper
3488 1709 3544 1753 et
3586 1700 3814 1753 muniat.

557 1806 752 1862 diaboli
799 1804 1001 1859 saevitia
1053 1798 1428 1868 triumphavit,
1477 1796 1598 1864 quia
1652 1794 1706 1847 in
1757 1801 1859 1846 tuae
1904 1791 2126 1845 Deitatis
2160 1783 2203 1841 Β
2232 1787 2352 1841 Per.

551 1894 886 1949 confessione
917 1888 1230 1959 permansit.
1265 1887 1330 1941 Et
1356 1885 1501 1940 ideo:

622 1974 701 2037 Ad
742 1975 1406 2051 Complendum.—Beatai
1439 1972 1656 2043 Agathaa
1697 1970 1944 2039 martyris
1995 1977 2128 2036 tuae,

550 2074 793 2138 Domine,
841 2071 1090 2141 precibus
1135 2066 1485 2130 conﬁdentes,
1536 2076 1840 2133 quaesumus
1885 2061 2128 2114 clemen-

548 2166 674 2218 tlant
707 2173 871 2226 tuam,
900 2168 955 2211 ut
982 2175 1074 2226 per
1104 2172 1163 2211 ea
1197 2172 1316 2225 quae
1347 2154 1667 2221 sumpsimus
1709 2161 1905 2205 mterna
1949 2164 2127 2203 reme-

547 2252 633 2306 dia
662 2251 948 2320 capiamus.
983 2248 1104 2303 Per.

616 2339 1243 2407 A‘lia.-—-lmlnlgentiam
1296 2336 1469 2402 nobis,
1523 2334 1765 2394 Domine,
1802 2332 1955 2386 beata
1992 2332 2128 2397 Aga-

550 2434 641 2488 the
682 2441 880 2500 martyr
910 2430 1179 2498 imploret,
1224 2442 1341 2495 quae
1392 2426 1487 2478 tibi
1538 2421 2131 2492 grata(lﬁ))semper

549 2522 749 2578 exstitit
780 2529 833 2574 ct
859 2520 1050 2573 merito
1077 2517 1353 2581 castitatis,
1383 2524 1434 2568 et
1465 2523 1567 2567 tua:
1600 2512 1927 2582 professione
1956 2511 2125 2563 virtu-

552 2618 640 2669 tis.
670 2613 770 2667 Per
808 2612 1085 2665 Dominum
1121 2617 1380 2661 nostrum.

844 2711 867 2738 α
911 2716 1159 2757 noumzcs
1192 2715 1246 2753 ιιι
1286 2712 1411 2752 ros'r
1453 2710 1846 2749 THEOPHANIAM.

618 2794 965 2862 Omnipotens
1018 2792 1339 2859 sempiterno
1377 2787 1536 2851 Deus,
1581 2786 1942 2839 infirmitatem
1999 2796 2128 2836 nos-

558 2894 692 2939 tram
732 2884 841 2954 26
879 2881 1134 2951 propitius
1178 2881 1405 2945 restdce,
1450 2885 1607 2944 atque
1648 2875 1713 2928 ad
1744 2873 2124 2944 protegendum

551 2991 648 3031 nos
674 2975 942 3030 dexteram
976 2983 1081 3025 tuae
1110 2970 1397 3037 Maiestatis
1427 2965 1673 3021 extende.
1710 2965 1825 3020 Per.

622 3066 790 3137 Super
815 3063 1005 3119 oblata.
1027 3086 1095 3102 -ι
1129 3059 1275 3131 (ΠΟ)
1306 3059 1437 3127 llmc
1469 3058 1671 3123 llostia,
1710 3057 1953 3123 Domine,
1977 3071 2123 3125 quaa-

2207 2601 2281 2685 ⁸ἱιι
2311 2602 2481 2671 fragili
2510 2618 2668 2657 carne
2697 2602 2982 2666 devicerat,
3018 2604 3038 2672 (
3064 2603 3165 2657 172
3189 2602 3208 2671 )
3249 2614 3563 2657 conservata
3585 2605 3788 2671 justitia

2311 1875 2577 1945 Prwfatio.
2608 1904 2671 1919 -—
2703 1877 2837 1931 \‘ere
2861 1877 3075 1945 dignum
3105 1887 3155 1931 et
3177 1877 3378 1945 justum
3400 1890 3499 1944 εει,
3524 1892 3735 1946 aequum
3763 1887 3819 1933 et

2236 1968 2488 2033 salutare,
2506 1970 2605 2037 27
2627 1982 2722 2021 nos
2752 1968 2842 2021 tibi
2870 1983 3079 2037 semper
3107 1979 3159 2023 et
3189 1964 3383 2038 ubique
3409 1969 3604 2036 gratias
3632 1984 3815 2039 agere,

2235 2056 2460 2110 Domine
2512 2065 2717 2122 sancte,
2779 2057 2935 2110 Pater
2982 2059 3338 2126 omnipotens,
3394 2069 3597 2112 mterne
3651 2058 3813 2121 Deus,

2233 2148 2319 2216 qui
2350 2161 2517 2216 genus
2548 2148 2832 2201 humanum
2867 2163 2959 2216 pro
2985 2149 3413 2213 prmvaricatione
3440 2164 3534 2201 sua
3567 2149 3618 2202 in
3648 2148 3815 2218 ipsius

2234 2237 2453 2305 originis
2483 2238 2656 2291 radice
2682 2238 2986 2291 damnatum
3019 2237 3184 2308 (171)
3218 2252 3310 2307 per
3338 2238 3517 2293 liorem
3542 2239 3816 2308 virginalis

2237 2328 2373 2380 uteri
2419 2326 2641 2381 reddere
2671 2328 2915 2395 dignatus
2944 2343 3001 2381 es
3034 2328 3364 2393 absolutum,
3412 2338 3467 2381 ut
3521 2330 3814 2392 hominem,

2229 2430 2385 2485 quem
2432 2431 2529 2485 per
2568 2416 2899 2485 Unigenitnm
2954 2432 3253 2481 creaveras,
3302 2433 3393 2486 per
3426 2418 3614 2471 Filium
3664 2428 3811 2473 tuum

2231 2509 2394 2563 Deum
2428 2519 2485 2565 et
2514 2510 2781 2563 hominem
2822 2524 3121 2575 recreares;
3154 2519 3207 2563 et
3244 2509 3503 2577 diab-dus,
3534 2510 3622 2580 qui
3648 2512 3815 2565 Adam

2311 2647 2481 2671 πο...
2512 2647 2668 2657 --.ην
2699 2647 2982 2666 _-..--._-,
3019 2647 3038 2672 ι
3068 2647 3165 2657 -.-
3189 2647 3206 2671 ,
3252 2647 3430 2657 ----.,-.
3458 2647 3563 2656 .-.η
3585 2647 3788 2671 ,πυ-...η

2227 2706 2257 2743 a
2284 2693 2390 2746 Deo
2419 2708 2579 2747 carne
2600 2694 2649 2746 vi
2675 2703 2900 2748 iceretur
2920 2706 3209 2763 assumpta.
3242 2693 3341 2747 Per
3370 2708 3526 2762 quem
3557 2695 3603 2748 Μ
3626 2647 3834 2763 ejesta?

2230 2792 2332 2835 lem
2363 2791 2526 2838 tuam.
3202 2836 3205 2837 ,

2299 2872 3079 2928 Benedictio.——-Tentationum
3127 2875 3361 2928 omnium
3394 2890 3423 2927 a
3454 2858 3609 2930 vobis
3639 2874 3819 2928 Domi-

2231 2976 2330 3014 nus
2359 2964 2583 3029 pericula
2618 2974 2909 3025 removeat.
2950 2973 3002 3017 et
3049 2963 3503 3032 perturbationum
3546 2965 3816 3031 procellas

2230 3054 2511 3106 miseratus
2545 3052 2815 3107 excludat.
2863 3055 3049 3107 Amen.
3089 3054 3385 3107 Tcntatoris
3416 3053 3622 3108 fraudes
3662 3063 3817 3124 atque

553 3173 755 3225 sumus,
786 3155 1038 3211 emundet
1069 3160 1250 3209 nostra
1282 3150 1494 3218 delicta,
1542 3158 1595 3205 et
1621 3148 1934 3205 sacriﬁcium
1979 3148 2122 3202 eele-
2154 3142 2199 3202 C
2230 3144 2504 3198 molimina
2555 3144 2842 3208 dissolvat,
2873 3156 2926 3199 ct
2969 3160 3065 3199 vos
3104 3148 3355 3200 adversus
3384 3161 3503 3200 eum
3533 3160 3719 3202 erutos
3747 3158 3822 3200 at-

554 3246 813 3303 brandum
840 3243 1173 3301 subditorum
1208 3242 1300 3297 tibi
1330 3254 1553 3309 corpora
1585 3248 1896 3308 mentesque
1923 3238 2123 3292 sancti-

557 3338 698 3393 ﬁcet.
732 3336 834 3391 Per
863 3334 1143 3389 Dominum
1171 3340 1431 3386 nostrum.

625 3424 1117 3497 Pramum—Vere
1138 3422 1354 3490 dignum
1394 3431 1448 3475 et
1471 3420 1672 3489 justum
1703 3427 1805 3485 est,
1833 3432 2043 3488 acquum
2074 3430 2127 3472 et

554 3518 807 3581 salutare,
855 3530 955 3570 nos
998 3514 1089 3568 tibi
1134 3526 1347 3580 semper
1376 3520 1432 3567 et
1478 3511 1672 3580 ubique
1710 3513 1908 3579 gratias
1947 3526 2125 3580 agere,

556 3609 778 3663 Domine
806 3616 1008 3671 sancte,
1040 3606 1197 3661 Pater
1235 3604 1590 3672 omnipotens,
1625 3612 1826 3658 aeterne
1857 3604 1998 3658 Deus
2029 3621 2043 3659 :
2077 3615 2132 3658 et

558 3707 613 3753 te
640 3699 782 3752 omni
814 3706 1055 3767 tempore
1081 3696 1385 3751 collaudare
1405 3706 1457 3750 et
1489 3695 1823 3759 benedicere,
1846 3696 1967 3763 quia
1996 3697 2047 3749 in
2080 3706 2130 3750 te

559 3787 802 3851 vivimus,
838 3796 891 3842 et
946 3800 1243 3850 movemur,
1272 3794 1326 3839 et
1351 3799 1552 3839 sumus.
1592 3784 1653 3838 Et
1693 3787 1892 3837 nullum
1925 3795 2131 3852 tempus

560 3880 864 3947 nullumque
906 3886 1233 3931 momentum
1279 3882 1363 3929 est
1387 3875 1525 3942 quod
1556 3888 1584 3926 a
1618 3872 1889 3928 beneﬁciis
1920 3876 2127 3943 pietatis

562 3981 663 4024 tua:
704 3985 925 4024 vacuum
970 3968 1343 4038 transigamus.
1384 3965 1554 4022 Variis
1582 3967 1782 4021 etenim
1815 3967 2131 4022 solemnita-

563 4072 671 4116 tum
735 4062 930 4128 causis,
987 4060 1295 4115 salutarium
1346 4060 1499 4114 nobis
1550 4072 1772 4127 operum
1819 4066 2027 4114 tuorum
2078 4069 2143 4147 et.

563 4168 840 4208 munerum
872 4151 1123 4207 memoria
1152 4152 1428 4222 praesentis
1457 4151 1581 4204 vitae
1611 4161 1848 4218 tempora
1879 4160 2127 4206 exornat.

564 4244 713 4299 Unde
740 4256 790 4298 ct
836 4259 932 4298 nos
970 4244 1052 4299 vel
1085 4243 1371 4297 innovante
1413 4242 1595 4296 l-etitia
1651 4242 1901 4310 prwteriti
1932 4243 2130 4313 gaudii,

565 4336 648 4388 vel
680 4334 1033 4402 permanentis
1062 4332 1188 4387 boni
1210 4341 1417 4399 tempus
1442 4340 1811 4401 agnoscentes,
1841 4332 2132 4388 indefessas

566 4423 821 4491 Majestati
868 4434 970 4475 tua:
999 4432 1178 4490 grates
1206 4422 1549 4476 exsolvimus.
1581 4423 1681 4478 Per
1705 4424 1972 4480 Christum
2024 4426 2127 4480 Do-

566 4516 765 4567 minum
796 4521 1050 4565 nostrum.

637 4600 1408 4669 Bcnedictio.——Otnnipotens
1464 4601 1603 4656 Deus
1657 4615 1751 4655 vos
1799 4602 1865 4655 ab
1906 4605 2139 4658 omnium

568 4704 903 4765 peccatorum
946 4692 1167 4749 maculis
1209 4692 1479 4757 emundet,
1522 4693 1612 4762 qui
1642 4692 1909 4761 leprosum
1944 4696 2143 4765 suppli-

566 4803 683 4842 cem
750 4795 889 4841 tactu
935 4784 1150 4853 proprio
1176 4782 1420 4853 dignatus
1461 4795 1543 4839 est
1590 4786 1895 4841 emundare.
1948 4788 2138 4844 Amen.

564 4878 769 4947 Quique
798 4875 1122 4931 centurionis
1158 4888 1369 4929 servum
1411 4888 1514 4928 non
1561 4883 1870 4943 aspernatus
1907 4886 1990 4931 est
2019 4878 2141 4931 visi-

564 4980 698 5033 tare,
747 4970 860 5037 ipse
904 4966 1145 5021 cordium
1191 4972 1487 5019 vestrorum
1541 4963 1824 5033 hOSpitium
1899 4965 2142 5034 dignetur

567 5057 980 5113 misericorditer
1022 5055 1265 5110 introire.
1299 5054 1488 5107 Amen.
1522 5052 1714 5120 Sicque
1741 5069 1836 5108 vos
1868 5055 1984 5109 ﬁdei
2033 5072 2144 5111 sua:

562 5146 896 5216 plenitudine
922 5145 1188 5207 informet,
1222 5151 1279 5197 ut
1308 5157 1426 5197 cum
1452 5142 1645 5197 sanctis
1676 5143 1785 5197 suis
1812 5145 1861 5197 in
1888 5146 2143 5201 caelorum

567 5253 750 5308 regno
776 5238 1091 5294 accumbere
1120 5236 1397 5292 concedat.
1446 5236 1638 5290 Amen.
1669 5236 1816 5301 Quod
1846 5237 1957 5307 ipse
1979 5255 2145 5307 pt‘ws-

569 5338 701 5384 tare.

641 5490 666 5518 α
700 5481 754 5535 In
784 5480 915 5535 Cod.
942 5480 1075 5547 Reg.
1108 5477 1268 5533 Suec.
1300 5490 1353 5533 et
1384 5482 1436 5533 in
1464 5481 1603 5534 Edit.
1639 5481 1839 5534 Pamel.
1871 5483 2140 5534 omittitur

570 5554 681 5608 hsce
717 5553 867 5604 Dom.
900 5563 1018 5601 cum
1049 5550 1256 5601 caneris
1288 5560 1403 5619 post
1433 5551 1779 5619 Epiphaniam
1808 5591 1821 5613 ,
1852 5551 1989 5619 quod
2022 5565 2138 5601 tnu-

570 5621 825 5677 tilationis
886 5628 1251 5685 argumentum
1300 5618 1541 5673 videtur.
1575 5622 1628 5672 In
1674 5618 1894 5671 Kalend.
1954 5620 2136 5681 Βοιιι.,

568 5696 713 5751 nulla
760 5690 1151 5743 Dontintcarum
1176 5688 1310 5742 facta
1348 5690 1647 5756 mentione,
1675 5690 2009 5756 assignantur
2039 5690 2131 5743 de-

2229 3251 2330 3305 que
2370 3236 2706 3290 invincihiles
2735 3235 2908 3290 faciat.
2939 3235 3125 3290 Amen.
3174 3238 3450 3290 Coutntua:
3490 3250 3634 3305 paets
3663 3238 3813 3291 vobis

2238 3342 2449 3381 munera
2506 3327 2733 3391 tribuat,
2784 3335 2839 3381 et
2884 3342 2978 3381 vos
3029 3328 3081 3380 in
3126 3341 3278 3395 portu
3338 3326 3730 3394 tranquillitatis
3758 3341 3817 3380 ac

2229 3416 2525 3472 securitatis
2578 3418 2891 3485 prapitiatus
2935 3419 3240 3471 constituat.
3292 3420 3480 3472 Amen.
3512 3417 3665 3484 Quod
3698 3416 3811 3486 ipse

2234 3515 2485 3576 prmstare
2506 3507 2776 3575 dignetur.

2301 3600 2379 3651 Ad
2403 3597 3099 3667 Complendum.—-lllunera
3130 3610 3214 3653 tua
3247 3615 3363 3666 nos,
3396 3600 3555 3665 Deus,
3580 3616 3609 3654 a
3638 3601 3819 3654 tit-lec-

2233 3690 2522 3744 tationibus
2563 3690 2787 3744 terrenis
2831 3691 3136 3758 eXpediant,
3171 3700 3225 3745 et
3256 3690 3564 3745 cmlestihus
3602 3705 3814 3760 semper

2248 3778 2508 3831 instruant
2534 3780 2818 3831 alimentis.
2868 3778 2985 3832 Per.

2544 3904 2793 3943 DOIIIVICA
2834 3904 2863 3942 ν
2914 3905 3038 3943 POST
3090 3903 3484 3944 THEOPIIANIAII.

2307 3977 2579 4032 Familiam
2633 3990 2803 4043 tuam,
2864 3994 3200 4046 qumsumus,
3252 3980 3492 4042 Domine,
3555 3980 3812 4033 continua

2234 4079 2429 4136 pietate
2474 4069 2708 4135 custodi,
2742 4079 2797 4122 ut
2824 4082 2943 4138 quae
2980 4069 3032 4123 in
3060 4071 3169 4125 sola
3207 4084 3301 4137 spe
3342 4070 3526 4137 gratia:
3574 4069 3811 4124 caelestis

2235 4158 2497 4227 innititur,
2532 4168 2617 4213 tua
2642 4172 2854 4228 semper
2881 4161 3206 4228 protectione
3236 4160 3521 4214 muniatur.
3570 4158 3677 4213 Per
3709 4160 3813 4212 Do-

2236 4249 2456 4305 minum.

2305 4339 2475 4408 Super
2501 4339 2777 4393 ob!ata.--
2796 4339 3003 4394 Hostias
3039 4340 3165 4404 tibi,
3213 4339 3455 4404 Domine,
3497 4336 3812 4406 placationis

2237 4426 2537 4494 offerimus,
2572 4437 2708 4483 utet
2749 4429 2939 4487 delicta
2991 4438 3171 4483 nostra
3217 4429 3496 4483 miseratus
3541 4425 3810 4487 absolvas,

2167 4500 2210 4558 ί)
2240 4528 2292 4572 et
2322 4517 2561 4572 nutantia
2586 4519 2746 4573 corda
2779 4528 2833 4573 tu
2858 4518 3079 4588 dirigas.
3115 4518 3237 4571 Per.

2312 4606 2577 4674 Prwfatio.
2604 4636 2669 4649 -—
2694 4607 2831 4662 Vere
2859 4607 3074 4677 dignum
3097 4606 3368 4675 etjustum
3397 4614 3497 4667 est,
3517 4619 3728 4673 aequum
3759 4611 3810 4657 et

2240 4701 2491 4760 salutare,
2540 4712 2635 4750 nos
2668 4697 2758 4750 tibi
2799 4712 3010 4765 semper
3055 4707 3110 4752 et
3154 4698 3347 4767 ubique
3392 4696 3589 4765 gratias
3634 4709 3817 4765 agere,

2240 4789 2458 4843 Domine
2486 4800 2689 4855 sancte,
2723 4790 2875 4844 Pater
2912 4790 3267 4858 omnipotens,
3312 4798 3512 4844 aeterne
3558 4788 3739 4841 Deus:
3768 4795 3818 4839 et

2241 4879 2330 4933 tibi
2373 4879 2505 4932 hanc
2551 4879 2927 4933 immolationis
2969 4879 3193 4932 hostiam
3239 4877 3450 4945 offerre,
3483 4875 3668 4947 (175)
3708 4888 3820 4944 qua:

2248 4974 2328 5021 est
2343 4966 2614 5020 salutifera
2636 4976 2688 5020 et
2710 4966 2969 5021 ineffabile
2990 4968 3180 5021 divinae
3199 4967 3383 5035 gratia:
3404 4973 3818 5025 sacramentum,

2249 5075 2364 5129 qua:
2391 5058 2608 5114 offertur
2632 5074 2661 5112 a
2689 5058 2995 5128 plurimis,(
3025 5056 3125 5111 174
3155 5059 3171 5124 )
3201 5068 3255 5112 et
3281 5073 3442 5110 unttm
3474 5056 3672 5110 Christi
3703 5068 3819 5107 eor-

2253 5164 2352 5219 pus
2391 5150 2561 5203 sancti
2592 5148 2820 5216 Spiritus
2851 5148 3113 5201 inlusione
3144 5146 3439 5213 perﬁcitur;
3471 5144 3661 5213 singuli
3690 5142 3818 5197 acci-

2254 5238 2403 5307 piunt
2432 5235 2699 5290 Christum
2733 5236 3037 5301 Dotninum,
3080 5244 3135 5290 et
3160 5235 3327 5305 (175)
3356 5235 3406 5288 in
3437 5234 3657 5303 singulis
3706 5246 3815 5301 por-

2256 5328 2484 5381 tionibus
2513 5334 2653 5379 totus
2683 5336 2793 5391 est;
2828 5340 2926 5381 nec
2955 5325 3138 5396 (176)
3163 5340 3254 5394 per
3282 5325 3517 5395 singulos
3548 5323 3815 5381 minuitur,

2247 5495 2361 5532 cem
2423 5479 2779 5534 hebdomadze
2844 5488 2967 5550 post
3018 5480 3362 5545 Tlteophania
3418 5495 3539 5533 cum
3605 5478 3820 5547 singulis

2247 5550 2586 5617 Evangeliis;
2623 5559 2677 5603 et
2713 5551 3008 5603 intra.illas
3047 5550 3407 5603 hebdomadas
3453 5551 3633 5603 multa:
3683 5560 3821 5615 sa’pe

2243 5620 2388 5672 feria:
2431 5631 2676 5688 tanquam
2720 5621 2989 5673 solemnes
3027 5628 3307 5683 notantur,
3338 5630 3391 5672 ut
3422 5622 3521 5674 fer.
3553 5621 3604 5681 4,
3632 5620 3730 5670 fer.
3768 5620 3811 5683 ti,

2240 5688 2552 5756 Sabbatum,
2578 5688 2627 5743 in
2648 5691 2838 5759 quibus
2869 5691 3030 5743 etiam
3057 5689 3361 5742 indicuntur
3393 5691 3697 5757 Evangelia.
